3910 6212
485 252 623 308 i275

1672 248 1858 305 MAR"
1899 245 2233 305 VICTORINI
2274 246 2430 303 AFRI

3564 249 3695 301 l‘i'lﬁ

484 374 811 421 enumerare,
847 359 911 411 de
940 360 1127 427 quibus
1168 373 1325 427 supra
1356 359 1508 423 dixit,
1540 358 1676 429 quod
1715 356 1860 412 dedit
1902 358 2035 411 Dens
2062 364 2108 421 Α
2138 370 2247 412 mas
2268 356 2331 410 ad
2361 356 2514 413 ﬁdem
2536 358 2848 415 conﬁrment
2873 379 2884 412 :
2907 362 3247 417 hocestenim
3265 374 3459 421 corpus
3479 358 3692 414 Christi.

484 450 621 505 dona
650 448 963 509 hominibus,
996 458 1053 502 ut
1090 462 1273 503 omnes
1313 448 1543 502 habeant
1578 449 1713 501 dona
1756 446 1869 511 Dei,
1901 446 2037 515 quod

484 556 643 611 supra
671 540 955 604 tractabat;
988 548 1040 595 et
1063 540 1235 593 nullns
1260 540 1408 594 alteri
1440 539 1687 594 intideat.
1710 540 1839 591 Sunt
1865 548 2037 593 autem

487 630 620 685 dona
650 628 782 693 hate,
812 628 1057 698 apostoli,
1084 626 1372 696 prolilteue,
1397 626 1750 697 evangelista;
1779 636 2037 697 pastores,

488 718 753 790 magistri,
790 718 1047 781 ministri;
1079 730 1210 787 quos
1246 731 1431 770 omnes
1460 724 1751 774 enumerat.
1785 713 1840 768 ln
1873 715 2042 784 primo

491 818 664 864 tamen
713 807 979 874 apostolos
1028 806 1221 874 posuit,
1268 804 1460 864 deinde
1506 806 1807 876 prophetas.
1856 804 2040 861 Mirum

488 907 661 952 autem
691 896 895 952 videtur
930 893 1067 965 quod
1096 910 1215 948 cum
1246 895 1443 949 dictum
1484 896 1553 949 sit
1593 907 1757 961 usque
1796 892 1859 948 ad
1889 890 2043 948 Chri-

491 997 631 1042 stum
661 988 941 1055 prephetas
966 998 1103 1048 esse,
1138 987 1247 1053 ipse
1271 982 1515 1038 Christus
1554 982 1754 1038 scilicet
1782 982 1964 1036 iecerit
1991 990 2045 1036 et

491 1078 793 1149 prophetas.
826 1077 947 1130 Post
976 1074 1243 1144 apostolus
1281 1078 1454 1143 posuit
1492 1073 1773 1143 prophetas
1806 1082 1858 1127 et
1886 1087 2046 1127 evan-

490 1168 725 1238 gelistas.
778 1165 911 1234 Quid
962 1164 1117 1235 igitur
1168 1163 1549 1233 intelligimus?
1606 1163 1890 1236 prophetas
1940 1180 2044 1217 non

492 1259 630 1313 solos
660 1257 776 1310 illos
804 1257 927 1323 dici,
958 1255 1046 1324 qui
1086 1254 1273 1323 spiritu
1318 1254 1407 1307 Dei
1452 1264 1689 1321 accepto,
1733 1253 1799 1306 de
1839 1251 2047 1312 Christo

491 1349 741 1403 dixerunt
768 1356 819 1407 et
848 1346 914 1399 de
945 1346 1057 1415 ejus
1085 1344 1332 1411 adventu,
1365 1343 1431 1396 de
1460 1344 1647 1413 quibus
1679 1352 1821 1397 recte
1849 1341 2046 1398 dictum

491 1455 645 1507 usque
670 1439 737 1491 ad
750 1435 999 1489 Christum
1015 1435 1269 1503 prapheta:
1282 1450 1301 1486 .'
1314 1434 1433 1503 quia
1447 1448 1563 1487 cum
1578 1433 1715 1489 venit
1730 1433 1836 1499 ille,
1852 1433 1918 1486 de
1945 1447 2049 1505 quo

492 1530 760 1599 propheta:
786 1536 954 1587 erant.
982 1527 1095 1582 sine
1124 1526 1282 1578 dubio
1302 1524 1409 1593 jam
1439 1538 1599 1593 quare
1627 1523 1893 1593 prophetae
1921 1524 2046 1585 sint,

492 1632 647 1672 causa
676 1617 813 1673 nulla
860 1624 961 1669 est.
992 1615 1133 1683 Quos
1163 1614 1319 1682 igitur
1361 1613 1639 1683 prophetas
1671 1611 2049 1681 intelligimus?

2213 446 2372 500 Vens.
2427 448 2510 501 13.
2557 477 2627 488 —
2668 447 2837 507 Donec
2889 467 3211 506 occurramus
3255 466 3423 504 omnes
3453 449 3506 507 in
3533 450 3695 501 unito-

2140 545 2233 589 tem
2262 536 2379 601 ﬁdei
2400 576 2415 602 ,
2445 546 2491 589 et
2517 539 2815 607 agnitionem
2836 540 3039 607 Christi,
3072 543 3125 598 in
3145 542 3302 597 virum
3326 540 3615 607 perfectum,
3641 540 3699 589 in

2140 642 2419 681 mensuram
2467 628 2627 681 celatis
2652 629 2970 696 plenitudinis
2995 630 3197 683 Christi.
3224 630 3387 687 Plena
3419 629 3694 699 mysteria,

2140 716 2278 787 quod
2302 715 2494 771 factum
2522 719 2622 787 sit,
2650 726 2703 771 et
2732 728 2944 787 pr0pter
2970 719 3092 784 quid
3121 720 3312 774 factum
3342 719 3453 786 sit,
3480 724 3535 773 et
3571 717 3698 787 quid

2141 805 2369 862 futurum
2398 807 2465 861 sit
2488 806 2589 879 (t),
2616 809 2877 877 exposuit.
2912 809 3045 876 Quid
3074 809 3262 863 factum
3285 810 3397 874 sit,
3429 807 3569 878 quod
3611 808 3703 861 de-

2142 898 2349 953 acendit
2371 907 2424 954 et
2452 900 2686 953 ascendit
2712 899 2954 954 Christus
2972 940 2987 965 ,
3018 908 3073 953 et
3091 900 3227 967 quod
3258 900 3373 969 ipse
3398 898 3548 954 dedit
3573 912 3704 968 apo-

2143 988 2305 1045 stolos
2326 999 2374 1043 et
2391 992 2673 1059 prophetas
2688 998 2741 1043 et
2760 1000 2998 1045 caeteros.
3018 989 3211 1044 Deinde
3222 990 3463 1058 adjunsit
3481 998 3704 1059 propter

2144 1094 2300 1151 quam
2328 1093 2539 1133 causam
2558 1080 2621 1137 ad
2638 1083 3111 1137 consummationem
3130 1121 3144 1145 ,
3173 1080 3363 1148 inquit,
3384 1089 3698 1138 sanctorum.

2146 1167 2279 1235 Quid
2306 1168 2389 1223 illa
2412 1168 2801 1226 consummatio
2837 1168 2956 1223 es”
3012 1168 3149 1237 quod
3192 1168 3449 1238 subjecit,
3494 1176 3553 1222 nt
3593 1182 3707 1234 per-

2147 1256 2297 1311 fectis
2322 1258 2517 1314 sanctis
2544 1257 2787 1313 omnibus
2811 1258 2860 1312 in
2891 1257 3139 1311 unitatem
3169 1255 3315 1322 ﬁdei,
3351 1266 3405 1310 et
3432 1244 3534 1312 una
3575 1254 3707 1310 ﬁdes

2148 1346 2286 1415 apud
2309 1360 2495 1401 omnes
2518 1348 2615 1412 sit,
2644 1355 2699 1400 et
2728 1348 2777 1400 in
2809 1347 3123 1415 agnitionem
3171 1346 3400 1411 Christi,
3429 1355 3488 1399 nt
3516 1360 3707 1399 omnes

2148 1452 2492 1506 agnoscamus
2541 1438 2945 1493 Christumzibi
2994 1438 3130 1492 enim
3176 1437 3348 1491 omnis
3402 1446 3488 1491 est
3536 1438 3704 1491 salus.

2152 1528 2348 1583 Deinde
2374 1528 2509 1597 quod
2542 1526 2771 1582 futurum
2798 1527 2893 1595 sit,
2919 1536 2975 1581 ut
3001 1541 3340 1581 occurramus
3389 1538 3443 1578 et
3478 1542 3707 1587 concur-

2150 1634 2327 1674 ramus
2352 1620 2401 1673 in
2430 1621 2597 1673 virum
2630 1618 2915 1687 perfectum
2946 1636 2959 1672 :
2991 1618 3215 1686 perfecta
3246 1619 3388 1672 enim
3412 1617 3590 1671 anima
3614 1634 3710 1687 per

490 1723 622 1779 quos
646 1708 836 1762 Christi
870 1707 1009 1760 dono
1039 1706 1315 1776 pr0phetas
1345 1717 1463 1759 esse
1491 1703 1653 1768 dicit;
1686 1701 1801 1756 illos
1830 1702 2048 1765 scilicet,
2082 1723 2129 1781 Β
2158 1709 2311 1763 tidem
2342 1718 2396 1762 et
2422 1725 2511 1777 per
2536 1709 2800 1762 Christum
2830 1709 3113 1778 cognitum,
3148 1708 3230 1761 vir
3256 1706 3522 1776 perfectus
3541 1707 3709 1761 efﬁci-

491 1799 578 1869 qui
605 1800 669 1853 de
696 1798 802 1851 Deo
824 1805 1065 1862 tractant,
1085 1806 1137 1851 et
1156 1796 1350 1866 Spiritu
1368 1794 1503 1864 pleni
1530 1793 1760 1847 divinam
1780 1802 2049 1861 exponunt

492 1888 844 1958 disciplinam.
921 1888 1029 1939 lloc
1090 1888 1246 1940 etiam
1295 1888 1346 1939 in
1390 1884 1746 1953 superioribus
1800 1883 2047 1936 diximus.

568 1980 724 2034 Vsus.
756 1978 841 2030 η.
869 2008 934 2018 -
967 1978 1105 2030 Alios
1160 1993 1274 2030 vero
1321 1976 1665 2046 evangelista,
1714 1975 1840 2027 alios
1885 1986 2050 2027 autem

492 2079 713 2138 pastores
765 2079 809 2120 et
858 2069 1120 2137 magistros
1165 2067 1266 2137 (l),
1309 2068 1375 2119 ad
1420 2066 1888 2120 consummationem
1929 2079 2047 2115 sau-

492 2173 685 2213 ctorum
738 2161 790 2213 in
844 2176 967 2228 Opus
1018 2160 1299 2224 ministerii,
1348 2159 1399 2211 in
1426 2157 1807 2225 tediﬁcationem
1828 2155 2050 2227 corporis

492 2250 690 2303 Christi.
717 2248 983 2321 L0quendi
1011 2248 1077 2302 de
1099 2249 1210 2317 lege
1234 2248 1411 2316 gratia:
1440 2262 1632 2316 genera
1654 2248 1883 2318 quinque
1904 2255 2045 2309 sunt;

492 2338 632 2408 loqui
664 2337 874 2407 linguis,
909 2338 1049 2407 loqui
1079 2338 1420 2400 rcvelatione,
1454 2337 1591 2406 loqui
1622 2338 1862 2401 scientia,
1898 2336 2041 2404 loqui

492 2430 788 2501 prophetia,
830 2430 972 2501 loqui
1014 2430 1272 2483 doctrina.
1309 2429 1431 2482 Hmc
1470 2431 1625 2498 plene
1654 2429 1717 2480 ad
1747 2428 2048 2481 Corinthios

491 2524 544 2578 in
576 2523 761 2591 prima.
795 2521 985 2578 Verum
1016 2528 1208 2590 praeter
1237 2520 1369 2581 hare,
1403 2520 1541 2572 aliud
1567 2527 1649 2572 est
1672 2518 2047 2587 evangelistam

492 2630 629 2681 esse,
654 2616 704 2668 id
725 2627 803 2669 est
826 2630 943 2685 qua:
967 2612 1206 2673 Christus
1226 2613 1405 2667 fecerit
1424 2627 1659 2676 narrare,
1680 2620 1733 2665 et
1753 2614 1819 2667 de
1836 2612 2048 2668 Christo

490 2708 800 2762 annuntiarc
828 2706 1001 2773 ipsum
1024 2703 1303 2761 colendum
1326 2718 1478 2768 esse;
1504 2704 1603 2756 hoc
1623 2712 1705 2755 est
1724 2704 1863 2755 enim
1889 2717 2046 2756 evan-

490 2800 727 2865 gelistam
766 2812 903 2851 esse.
938 2796 1076 2865 Ergo
1107 2796 1227 2849 fecit
1253 2793 1491 2848 Christus
1518 2794 1659 2847 dono
1687 2809 1782 2847 suo
1820 2809 2044 2864 evange.

489 2888 637 2943 lislas
671 2907 681 2941 :
717 2888 839 2941 fecit
876 2889 1032 2941 etiam
1073 2899 1124 2940 et
1159 2894 1397 2956 pastores
1424 2896 1475 2938 et
1502 2885 1800 2953 magistros,
1828 2888 1913 2957 qui
1959 2899 2044 2938 re-

488 2988 617 3046 gtmt
656 2976 903 3031 Ecclesia:
941 2978 1207 3046 populum.
1242 2976 1339 3043 Qui
1379 2975 1765 3040 administrant,
1805 2985 2044 3044 pastores

2154 1811 2233 1853 tur
2259 1800 2358 1869 (Ξ).
2392 1800 2479 1853 Sic
2504 1808 2557 1851 et
2588 1797 2841 1867 propheta
2870 1798 3030 1853 David
3060 1798 3126 1851 de
3150 1799 3334 1851 eadem
3366 1798 3542 1851 anima
3588 1812 3707 1865 per-

2149 1890 2279 1944 fecta
2304 1888 2355 1942 in
2386 1891 2552 1957 primo
2574 1889 2773 1957 psalmo
2803 1887 2975 1957 posuit
3002 1907 3014 1939 ;
3039 1886 3207 1940 beatus
3233 1889 3309 1940 vir
3335 1889 3420 1955 qui
3443 1904 3542 1939 non
3585 1886 3708 1939 abiit

2146 1982 2198 2033 in
2228 1982 2433 2034 consilio
2461 1981 2741 2049 impiorum.
2774 1979 2838 2033 Et
2866 1978 3073 2032 beatum
3104 2019 3119 2040 ,
3152 1978 3359 2046 inquit,
3416 1987 3471 2031 et
3532 1978 3702 2030 virum

2148 2071 2440 2124 nominavit
2464 2088 2476 2123 :
2509 2078 2565 2123 et
2594 2069 2703 2121 hare
2732 2077 2812 2122 est
2834 2081 3077 2121 mensura
3099 2066 3266 2119 aetatis
3289 2076 3339 2119 et
3362 2066 3705 2136 plenitudinis

2146 2160 2377 2225 Christi;
2409 2159 2643 2214 collectis
2687 2158 2929 2211 omnibus
2970 2155 3251 2221 membris,
3299 2166 3352 2209 et
3388 2158 3503 2211 viro
3551 2158 3703 2226 pleno

2147 2249 2389 2314 reddito,
2474 2249 2524 2302 in
2592 2247 2811 2317 singulis
2874 2246 3046 2301 omnis
3117 2245 3391 2315 plenitudo
3460 2247 3700 2301 redditur

2146 2335 2361 2392 Christi.

2217 2426 2381 2481 Vnus.
2430 2427 2514 2481 Η.
2563 2455 2632 2467 -—
2660 2425 2726 2480 Ut
2751 2426 2883 2479 ultra
2926 2426 3004 2497 (ὅ)
3035 2441 3132 2478 non
3157 2427 3313 2479 simus
3348 2426 3549 2494 parvuli
3570 2426 3700 2493 ﬂuc-

2149 2529 2361 2572 tuantes.
2389 2517 2517 2571 Cum
2540 2519 2679 2572 enim
2703 2532 2804 2570 non
2844 2531 3025 2569 sumus
3068 2515 3318 2585 perfecti,
3364 2517 3567 2584 parvuli
3616 2532 3703 2567 sn—

2149 2625 2301 2662 mus:
2346 2618 2401 2662 et
2438 2623 2558 2661 cum
2603 2606 2807 2677 parvuli
2832 2605 3487 2670 eramus,ﬁnetuahamus
3530 2624 3542 2656 :
3583 2620 3701 2658 cum

2146 2707 2319 2751 autem
2345 2698 2446 2751 ﬁde
2475 2696 2866 2759 conlirmamur,
2922 2708 3025 2746 non
3072 2694 3407 2747 ﬁuctuamus.
3444 2693 3579 2746 Cum
3615 2706 3705 2746 co-

2145 2786 2448 2855 gnoscimus
2469 2785 2730 2837 Christum
2767 2824 2779 2845 ,
2805 2783 2898 2835 viri
2921 2782 3199 2836 efﬁcimur.
3225 2780 3291 2834 Et
3310 2785 3427 2853 jam
3455 2798 3556 2834 non
3585 2798 3704 2850 par-

2146 2876 2683 2943 vulicircumferamur
2734 2874 2869 2926 omni
2922 2883 3064 2925 tento
3104 2874 3374 2938 doctrinae,
3407 2874 3459 2925 in
3486 2875 3706 2942 nequitia

2148 2966 2431 3027 hominum,
2464 2967 2514 3016 in
2541 2966 2727 3017 astutia
2746 3004 2760 3029 ,
2787 2964 2853 3014 ad
2878 2965 3144 3017 remedium
3193 2962 3269 3033 (4)
3320 2965 3532 3017 erroris.
3574 2963 3704 3016 Cum

489 3068 622 3121 dixit
650 3086 661 3120 :
695 3071 971 3138 magistros
995 3083 1141 3132 vero,
1163 3066 1251 3137 qni
1277 3068 1486 3121 docent.
1511 3065 1623 3119 Non
1645 3068 1783 3120 enim
1810 3076 2047 3136 pastores
2075 3076 2119 3138 ρ
2151 3057 2289 3110 ﬁlim
2316 3055 2527 3125 Ροτίθοίί
2559 3069 2659 3107 ηοη
2682 3068 2863 3107 sumus
2883 3093 2896 3117 ν
2933 3062 2987 3107 et
3012 3054 3062 3107 in
3086 3052 3185 3106 “de
3209 3054 3435 3105 labimur
3456 3061 3511 3105 el
3545 3053 3708 3106 V3031-

492 3164 575 3215 ltic
602 3178 630 3218 a
660 3163 939 3231 pascendo,
965 3178 1131 3231 neque
1150 3164 1211 3215 ad
1228 3162 1372 3217 cibos
1389 3160 1739 3224 referendum,
1756 3163 1845 3213 sed
1863 3161 1928 3213 ad
1952 3177 2046 3229 gu-

490 3253 841 3316 bernandum,
875 3264 928 3305 ut
959 3263 1199 3321 pastores
1225 3254 1487 3321 appellant
1514 3253 1821 3320 episcopos;
1850 3262 1905 3306 et
1934 3254 2045 3321 ipse

489 3342 734 3397 Christus
774 3355 970 3412 pastor,
1011 3344 1149 3412 quod
1190 3357 1321 3396 oves
1367 3345 1637 3399 :estimataa
1676 3353 1799 3400 Sunt
1836 3345 2043 3399 anitum.

490 3433 761 3502 Magistros
805 3448 949 3496 vero,
1000 3444 1056 3487 ut
1096 3434 1322 3486 diximus
1362 3432 1698 3504 (quamquam
1742 3433 1898 3487 etiam
1949 3434 2043 3501 ipsi

492 3532 748 3592 pastores,
784 3523 1015 3591 magistri
1048 3522 1253 3591 pecoris
1282 3523 1544 3584 dicantur,
1576 3522 1722 3591 quasi
1752 3521 2043 3592 prarpositi)

491 3619 664 3665 tamen
697 3612 937 3664 doctores
965 3611 1313 3680 intelligamus
1343 3613 1619 3680 magistros
1644 3612 1831 3665 dictus.

562 3702 683 3755 ilice
704 3714 876 3755 tamen
904 3704 1079 3755 omnia
1110 3703 1271 3765 dixit,
1300 3702 1418 3755 ideo
1445 3704 1585 3755 dono
1618 3702 1705 3753 Dei
1758 3702 2045 3759 constituta

491 3793 939 3844 utconsununatio
976 3793 1382 3852 sitsanctorum,
1405 3791 1451 3844 id
1483 3800 1564 3844 est
1589 3790 1863 3860 perfectio.
1884 3790 2044 3845 Sanc-

492 3892 573 3937 tos
602 3898 741 3951 smpe
770 3883 893 3951 quid
916 3884 1172 3952 signiﬁcet
1192 3924 1205 3945 ,
1231 3885 1383 3937 ducni
1402 3925 1414 3948 ,
1450 3884 1499 3936 id
1526 3893 1609 3937 est
1634 3883 1721 3951 qui
1777 3882 1931 3936 ﬁdem
1958 3897 2018 3934 ac

491 3975 729 4043 ceperint
753 3982 804 4027 et
843 3974 1155 4028 sanctiﬁcati
1208 3974 1394 4041 Spiritu
1425 3975 1548 4027 sint.
1580 3972 1640 4027 Hi
1670 3988 1794 4042 ergo
1824 3984 1877 4025 ut
1918 3987 2045 4026 con-

490 4070 839 4126 summentur,
874 4062 922 4115 id
945 4074 1024 4116 est
1052 4063 1405 4131 perﬁciantur,
1434 4062 1571 4116 dono
1588 4062 1785 4118 Christi
1809 4064 2043 4119 instituta

490 4160 613 4204 sunt
642 4149 941 4218 ltujusmodi
990 4162 1043 4204 et
1094 4153 1339 4221 mysteria
1389 4162 1441 4205 ct
1488 4153 1813 4217 ministeria,
1855 4154 2043 4221 quibus

490 4240 742 4309 perfectio
768 4251 817 4294 et
846 4243 1229 4297 consummatio
1251 4246 1483 4298 omnium
1533 4253 1855 4297 sanctorum.
1914 4243 2041 4296 Nam

490 4332 609 4400 quia
660 4332 880 4399 apostoli
930 4343 1149 4400 possunt
1170 4349 1325 4403 agere
1374 4344 1428 4389 et
1474 4334 1666 4389 docere
1708 4346 1760 4389 et
1788 4336 2043 4406 evangeli-

2151 3148 2318 3201 lamus
2344 3155 2396 3200 et
2426 3146 2587 3199 multa
2635 3159 2729 3198 nos
2760 3145 3243 3212 perturbant;cmn
3291 3157 3385 3209 per
3433 3140 3708 3194 doctrinas

2146 3238 2398 3305 plurimas
2427 3237 2811 3294 discurrentes,
2844 3240 3000 3285 vento
3031 3230 3352 3299 intelligendi
3385 3230 3535 3282 vario
3587 3232 3702 3297 agi-

2148 3339 2339 3381 tanmr.
2370 3327 2495 3391 Qua:
2526 3325 2761 3378 doctrina
2780 3364 2795 3389 ,
2848 3323 3077 3391 nequitia
3106 3329 3188 3374 est
3218 3321 3491 3375 hominum
3519 3330 3572 3374 et
3595 3322 3705 3374 eal-

2148 3416 2322 3470 liditas
2344 3426 2392 3469 et
2421 3414 2607 3467 astutia
2633 3455 2647 3478 ,
2678 3415 2894 3480 etquasi
2922 3412 3157 3480 quaedam
3188 3411 3423 3464 remedia
3454 3411 3657 3463 erroris
3691 3429 3703 3462 :

2147 3517 2205 3561 ut
2228 3507 2365 3575 quod
2393 3506 2589 3573 sentis,
2616 3508 2760 3573 quasi
2790 3504 3138 3573 quorumdam
3180 3502 3499 3570 sapientium
3544 3516 3704 3556 sensu

2145 3614 2199 3658 et
2224 3602 2559 3671 intelligentia
2584 3601 2781 3654 sentire
2806 3597 3021 3661 credas;
3072 3607 3123 3648 et
3168 3594 3237 3647 sit
3295 3594 3495 3647 erroris
3514 3594 3705 3647 tuire-

2146 3699 2375 3753 medium
2408 3696 2704 3751 intellectus
2741 3693 2967 3745 alienus.
2996 3691 3121 3756 Qua:
3161 3691 3337 3744 omnia
3390 3690 3705 3744 dimittenda

2144 3798 2302 3853 sunt,
2360 3796 2413 3841 ut
2459 3786 2541 3844 his
2578 3785 2779 3840 duabus
2824 3784 2977 3838 rebus
3006 3782 3185 3835 reiecti
3226 3781 3422 3844 simus,
3447 3788 3501 3833 et
3536 3780 3706 3833 virum

2144 3882 2525 3951 complcamus,
2560 3882 2659 3933 tide
2678 3879 2879 3932 scilicet
2905 3886 2957 3929 et
2998 3875 3262 3944 agnitione
3288 3870 3513 3925 Christi.
3543 3872 3669 3925 Deni
3689 3901 3709 3910 -

2143 3991 2246 4045 que
2268 3976 2378 4027 haec
2406 3972 2565 4025 veluti
2615 3970 2719 4022 duo
2766 3966 2966 4020 scilicet
2992 3964 3120 4017 ﬁdes
3171 3962 3403 4026 Christi,
3452 3960 3502 4012 id
3530 3969 3612 4013 est
3651 3960 3705 4012 in

2142 4066 2523 4130 Cltristum,et
2546 4062 2742 4130 agnitio
2764 4058 2997 4121 Christi,
3048 4058 3259 4111 beatum
3316 4052 3561 4107 faciunt:
3614 4052 3705 4121 qui

2141 4158 2222 4211 vir
2244 4157 2425 4209 beatus
2455 4168 2559 4207 non
2589 4152 2833 4213 ﬂuctuat,
2862 4164 2965 4202 non
2991 4146 3364 4201 circumfertur
3416 4143 3656 4198 doctrina
3684 4186 3700 4208 ,

2142 4247 2191 4301 in
2221 4243 2448 4313 nequitia
2478 4240 2767 4294 hominum.
2794 4239 2919 4291 Haec
2944 4238 3014 4290 ita
3035 4237 3205 4304 tetigit
3230 4234 3419 4289 beatus
3444 4234 3701 4302 propheta

2142 4338 2304 4392 David
2328 4337 2379 4389 in
2402 4333 2587 4389 eodem
2612 4333 2780 4401 primo
2809 4330 3010 4399 psalmo
3036 4343 3048 4378 :
3096 4342 3213 4379 nam
3236 4326 3409 4378 beatus
3429 4365 3443 4389 ,
3495 4326 3659 4392 inquit
3688 4365 3703 4387 ,

491 4436 611 4475 zare
632 4463 645 4485 ,
676 4430 1037 4476 verumtamen
1079 4432 1297 4492 possunt
1338 4436 1391 4478 et
1434 4424 1522 4477 alii
1571 4424 1683 4478 hmo
1732 4423 1932 4490 facere,
1984 4433 2037 4479 et
2061 4424 2113 4483 D
2136 4432 2209 4484 vir
2231 4443 2410 4498 :quem
2441 4439 2535 4477 nos
2563 4414 2782 4479 dicimus
2806 4422 2917 4475 ﬁeri
2946 4419 3045 4472 ﬁde
3073 4426 3124 4471 et
3150 4415 3349 4471 Christi
3371 4407 3703 4485 cognitione;

490 4514 711 4580 apostoli
738 4524 910 4568 tamen
939 4529 1040 4567 ttOu
1068 4526 1223 4577 sunt;
1275 4531 1401 4585 ergo
1428 4525 1723 4584 separatum
1767 4526 1847 4571 est
1899 4518 2037 4587 quod

490 4606 711 4683 apostoli
742 4606 827 4660 alii
852 4618 1007 4673 sunt,
1053 4610 1139 4663 alii
1171 4612 1474 4681 prophetas,
1530 4612 1617 4667 alii
1672 4612 2037 4679 evangelista,

490 4696 577 4749 alii
608 4697 796 4763 duces,
828 4710 986 4770 atque
1010 4700 1275 4755 doctores.
1308 4701 1499 4756 Verum
1531 4702 1614 4757 his
1650 4704 1897 4759 omnibus
1923 4718 2041 4772 per-

490 4786 646 4841 fectio
675 4788 1242 4861 ﬁtconsutnmatinqne
1268 4804 1612 4858 sanctorum,
1654 4809 1747 4863 per
1804 4810 1866 4850 ea
1924 4812 2039 4865 qua:

490 4878 589 4947 ipsi
619 4891 811 4949 agunt,
842 4893 895 4936 et
922 4898 1015 4952 per
1030 4899 1089 4938 ea
1106 4900 1223 4954 quas
1245 4885 1329 4939 alii
1348 4896 1525 4954 agunt.
1547 4887 1675 4941 Nam
1708 4890 2034 4959 mysterium,

492 4960 544 5025 id
569 4980 648 5023 est
674 4972 809 5039 quod
834 4988 929 5027 nos
962 4973 1213 5035 facimus;
1262 4976 1540 5030 :edilleatio
1572 4986 1745 5032 autem
1795 4982 2037 5050 corporis

490 5058 720 5128 Christi,
751 5063 814 5115 id-
846 5071 929 5117 est
971 5063 1111 5131 quod
1156 5066 1296 5119 circa
1324 5066 1458 5120 alios
1481 5066 1720 5122 facimus.
1768 5069 1904 5138 Ergo
1951 5070 2038 5123 illa

489 5157 663 5209 omnia
690 5156 890 5211 duabus
917 5157 983 5211 de
1011 5160 1186 5213 causis
1215 5168 1267 5212 et
1287 5160 1491 5214 duobus
1533 5160 1810 5215 eﬁ‘ectibus
1854 5161 1929 5233 (Ξ)
1961 5162 2039 5217 in—

489 5248 667 5302 stituta
694 5259 817 5302 sunt
843 5264 936 5317 per
955 5248 1151 5303 donum
1179 5250 1395 5317 Christi,
1427 5260 1483 5305 ut
1512 5252 1727 5320 prmsiut
1756 5255 2039 5323 mysteriis,

488 5346 547 5391 ut
568 5339 661 5407 ipsi
690 5349 842 5407 agant
866 5381 878 5403 ,
912 5349 968 5392 nt
991 5338 1216 5394 ministri
1240 5341 1376 5405 sint,
1401 5342 1542 5410 quod
1572 5357 1728 5411 supra
1754 5360 1768 5407 ;
1797 5352 1871 5395 ret
1916 5344 2044 5397 mdi-

487 5426 645 5483 ﬁcent
664 5444 855 5497 corpus
879 5426 1093 5495 Christi,
1126 5430 1176 5484 id
1192 5441 1275 5485 est
1303 5431 1609 5495 Ecclesiam,
1637 5441 1689 5485 et
1719 5446 1901 5487 omnes
1926 5434 2043 5486 auio

559 5541 639 5681 (ιζ
664 5540 815 5609 Vulg.
845 5543 907 5595 Et
932 5541 1178 5595 doctores.

559 5611 614 5679 (2
658 5611 825 5666 Codd.
857 5622 903 5665 et
930 5611 1031 5665 duo
1056 5611 1178 5676 eﬂ'ec

558 5611 637 5679 (2)
658 5611 825 5666 Codd.
857 5622 903 5665 et
930 5611 1031 5665 duo
1056 5611 1274 5676 eﬂ'ecttts.

2138 4521 2224 4590 qui
2242 4520 2407 4573 nescit
2440 4517 2725 4579 doctrinas,
2758 4510 3216 4579 nescitnequitiam
3237 4517 3291 4562 et
3310 4522 3523 4561 errores
3544 4522 3708 4575 :quos

2139 4626 2347 4665 errores
2372 4609 2742 4676 doctrinasque
2761 4607 2836 4659 sic
2856 4610 3129 4657 enumerat
3152 4600 3316 4654 David
3338 4599 3567 4653 dicendo
3588 4618 3599 4651 :
3621 4600 3709 4668 qui

2140 4717 2240 4753 non
2261 4699 2380 4751 abiit
2397 4700 2449 4751 in
2464 4695 2977 4765 consilioimpiorum,
3000 4702 3045 4744 et
3072 4692 3124 4743 in
3148 4692 3228 4743 tria
3244 4701 3565 4761 peccatorum
3605 4706 3705 4742 non

2139 4790 2303 4854 stetit,
2327 4798 2371 4841 et
2390 4789 2443 4842 in
2468 4786 2704 4841 cathedra
2746 4781 3038 4855 pestilentia
3066 4797 3165 4834 non
3194 4782 3339 4833 sedit.
3368 4779 3425 4833 In
3454 4776 3706 4833 cathedra

2143 4879 2455 4949 pestilentia:
2483 4876 2667 4930 sedere
2686 4915 2700 4939 ,
2730 4881 2811 4928 est
2839 4873 3033 4926 docere
3054 4870 3329 4924 hmreticas
3356 4868 3701 4936 disciplinas:

2146 4970 2289 5025 abire
2317 4969 2367 5022 in
2397 4966 2672 5023 consilium
2693 4964 2970 5033 impiorum
2995 4968 3125 5027 ,est
3161 4960 3212 5013 in
3259 4959 3500 5027 nequitia
3531 4959 3707 5012 homi-

2218 5120 2591 5189 (l)Codd.est.

2216 5193 2293 5260 (2)
2320 5190 2486 5245 Codd.
2512 5189 2768 5260 efficiatur.

2218 5259 2296 5329 (5)
2324 5260 2477 5327 Vulg.
2510 5270 2564 5311 ut
2593 5259 2713 5329 iam.

2221 5320 2301 5402 '(s)
2319 5320 2575 5402 Notabilis
2608 5324 2856 5402 Victorini
2877 5322 3071 5402 lectio;
3097 5334 3258 5402 quum
3280 5320 3525 5402 ingrch
3552 5320 3624 5402 sit
3647 5323 3709 5401 ,ἓν

2113 5405 2117 5410 ’
2148 5389 2409 5460 τῆἓιιὶϐεἱσ
2440 5397 2519 5451 vel
2552 5398 2753 5460 nuntiat;
2786 5396 2835 5447 in
2869 5392 3079 5458 vulgato
3117 5389 3300 5460 autem
3332 5389 3497 5460 latino
3519 5390 3587 5441 ad
3601 5391 3712 5460 cir-

2150 5453 2537 5525 cumventwnem
2560 5482 2578 5527 ;
2606 5453 2750 5533 (ιιιόᾶ
2778 5453 3083 5533 vocabulum
3106 5459 3216 5533 jam
3234 5460 3311 5512 sic
3338 5458 3710 5533 explicandum

2153 5540 2363 5594 videtur
2374 5554 2439 5592 ex
2457 5528 2705 5589 Victorini
2719 5532 3021 5600 magisterio
3036 5568 3051 5592 ,
3070 5541 3126 5583 ιιι
3138 5528 3711 5594 οὗτεαηικηιὲοεποήε,

2159 5610 2229 5665 sit
2276 5606 2547 5661 remedium
2574 5604 2810 5657 aduersu
2831 5613 3067 5653 errorem.
