3910 6212
228 285 370 343 12Ἱῖ

1139 283 1202 340 ΙΝ
1243 280 1626 338 EPISTULA)!
1667 278 1754 336 Al)
1793 274 2121 337 EPHESIOS
2158 276 2356 335 LIBER
2394 279 2458 335 ll.

3325 278 3461 334 1278

225 420 358 462 num
389 404 628 460 versari:
663 413 802 462 stare
832 405 883 457 in
913 404 994 458 via
1029 412 1397 473 peccatorum,
1433 399 1584 459 estin
1605 395 1792 453 astutia
1821 395 1868 454 Δ
1897 393 2113 448 mundo.
2156 395 2392 463 Namque
2439 395 2482 460 si
2524 395 2751 451 mundus
2798 394 3028 448 tenebrm
3077 401 3228 458 sunt,
3293 403 3340 444 et
3395 395 3460 446 de

224 500 433 553 versari
460 497 523 550 ad
556 498 848 552 remedium
894 497 1112 554 erroris.

299 588 465 644 Vsus.
502 588 591 653 l5,
622 586 1066 644 iii—Veritatem
1091 593 1257 639 autem
1287 582 1523 655 facientes
1543 581 1596 633 in
1626 579 1795 638 chori-

227 689 365 745 tate,
420 695 694 749 augeamus
742 676 818 749 (l)
871 678 924 733 in
971 677 1142 746 ipsum
1191 676 1391 737 omnia,
1419 674 1603 742 quiest
1644 679 1796 743 caput

227 769 488 824 Christus.
547 767 857 826 Exhortatio
914 777 1024 829 cst,
1082 764 1203 835 quia
1259 763 1373 818 vult
1426 760 1687 832 Ephesios
1743 764 1792 815 in

225 856 492 914 charitate
519 869 638 909 esse
659 896 672 922 ,
704 862 756 909 et
787 852 964 913 omnia
995 852 1283 909 secundum
1314 851 1592 906 veritatem
1613 862 1792 918 agere,

224 957 284 1004 et
329 947 497 1017 magis
528 946 799 1001 cumulare
841 960 962 1016 qua:
1007 951 1186 1014 agunt.
1245 942 1354 1000 Hoc
1382 949 1465 998 est
1509 952 1794 1010 augeamus

221 1039 406 1093 omnia
434 1079 449 1103 ,
473 1036 563 1092 sed
593 1050 881 1104 augeamus
911 1035 1086 1090 omnia
1119 1035 1168 1086 in
1205 1032 1376 1103 ipsum
1405 1030 1705 1094 Christum,
1738 1039 1794 1082 ut

225 1127 362 1187 nihil
426 1136 577 1183 extra
633 1136 836 1195 agatur,
884 1124 984 1178 nisi
1035 1122 1103 1177 de
1161 1120 1518 1177 conﬁrmanda
1582 1119 1687 1175 ﬁde
1738 1119 1790 1173 in

223 1217 496 1275 Christum
545 1218 666 1286 :qui
709 1213 952 1269 Christus
1007 1223 1126 1279 est,
1175 1213 1382 1283 inquit,
1433 1221 1610 1284 caput.
1660 1209 1790 1264 Cum

221 1307 370 1363 enim
400 1322 466 1361 ex
492 1307 666 1375 capite
695 1306 875 1362 omnia
901 1304 1135 1363 membra
1188 1312 1476 1373 regantur;
1521 1312 1576 1359 et
1620 1303 1791 1357 onmis

221 1397 470 1454 Ecclesia
499 1411 529 1454 a
550 1394 764 1450 Christo
790 1395 1009 1464 regitur;
1036 1394 1084 1450 id
1106 1403 1188 1448 est
1211 1393 1385 1447 omnis
1409 1392 1582 1446 anima
1609 1402 1790 1446 sancta

219 1497 278 1544 et
334 1486 528 1541 ﬁdelis.
581 1486 719 1554 Ergo
768 1495 926 1555 caput
977 1493 1058 1539 est
1112 1482 1376 1546 Christus,
1421 1499 1599 1553 ecquo
1634 1492 1790 1536 totum

218 1593 410 1646 corpus
481 1586 794 1645 compactum
869 1584 916 1632 et
981 1589 1260 1628 connexum
1295 1589 1384 1642 per
1431 1589 1625 1633 omnem
1663 1575 1790 1644 jun-

217 1678 420 1725 cturam
489 1665 1003 1730 subministratioais,
1072 1666 1126 1718 in
1176 1680 1413 1720 mensura
1462 1649 1790 1734 uniuscujus-

1897 483 2094 538 mundo
2136 484 2389 555 quidquid
2441 485 2768 556 intelligitur.
2825 485 3060 555 Denique
3119 483 3457 550 subjnnctnm

1895 577 2100 635 alienati
2123 594 2154 629 a
2182 577 2281 629 vita
2306 574 2398 632 Dei
2416 591 2534 648 qum
2561 577 2665 633 vita
2691 586 2770 633 est
2801 576 3111 632 Christianis
3139 591 3258 635 cum
3292 575 3454 629 Deum

1895 677 1944 722 et
1973 665 2150 719 colunt
2195 673 2248 719 et
2287 665 2601 733 intelligunt.
2639 666 2747 718 lloe
2766 664 2893 719 dicit
2916 682 2946 716 a
2966 665 3064 729 vita
3090 663 3182 717 Dei
3207 679 3321 737 qua:
3348 664 3453 717 lleo

1894 757 2116 813 debetur
2134 770 2162 809 a
2188 755 2358 809 nobis.
2388 755 2454 809 Et
2481 753 2745 825 subiungit
2779 763 2993 824 propter
3019 754 3416 823 intelligentiam
3440 771 3452 808 :

1895 846 2017 900 hinc
2059 846 2196 900 enim
2253 845 2409 898 alieni
2463 859 2492 898 a
2545 845 2648 896 vita
2706 842 2797 899 Dei
2846 858 3060 908 sumus,
3115 859 3234 899 cum
3290 844 3452 906 Deum

1893 938 2192 1008 ignoramus
2246 953 2260 989 :
2307 950 2425 990 cum
2475 945 2647 988 autem
2694 934 3089 1004 cognoscimus,
3136 934 3292 987 vitam
3361 933 3451 986 Dei

1892 1028 2128 1098 agimus,
2163 1035 2217 1080 et
2236 1025 2392 1079 vitam
2415 1039 2445 1079 a
2475 1025 2580 1078 Deo
2628 1039 2899 1078 meremur
2937 1024 3102 1088 illam,
3153 1037 3270 1091 quze
3326 1036 3450 1074 vere

1893 1116 1986 1171 Dei
2062 1115 2166 1170 vita
2241 1123 2360 1181 est,
2414 1130 2569 1183 quam
2645 1113 2798 1168 nobis
2868 1113 3112 1168 Christus
3191 1111 3450 1181 pollicitus

1891 1221 1991 1262 est.
2063 1207 2186 1261 Haec
2247 1216 2454 1272 autem,
2513 1207 2710 1276 inquit,
2764 1205 2816 1259 in
2883 1205 3010 1278 ipsis
3065 1218 3156 1272 per
3180 1204 3448 1266 ctecitatent

1892 1299 2058 1352 cordis
2084 1312 2258 1351 eorum
2289 1311 2447 1352 :cnm
2469 1312 2652 1351 eorum
2684 1313 2776 1350 cor
2804 1306 3058 1350 caecatum
3090 1304 3172 1349 est
3199 1295 3445 1356 tenebris,

1890 1390 2086 1461 cogitat
2113 1400 2165 1444 et
2185 1397 2423 1443 versatur
2449 1391 2500 1442 in
2529 1389 2795 1450 tenebris,
2845 1397 2899 1442 et
2946 1388 3101 1442 istam
3129 1385 3447 1443 mundanatn

1890 1480 2200 1550 sapientiam
2215 1494 2331 1550 qua:
2351 1478 2682 1541 tenebrarum
2706 1478 2964 1552 sapientia
2977 1485 3077 1543 est,
3093 1478 3317 1541 aestimat
3332 1493 3450 1532 esse

1891 1571 2225 1643 sapientiam.

1965 1662 2121 1715 Vsus.
2154 1660 2238 1715 19.
2271 1689 2340 1700 —
2371 1660 2605 1730 Denique
2650 1660 2948 1731 hnjusmodi
2982 1661 3305 1716 intellectum
3334 1675 3452 1729 qua:

218 1776 320 1829 que
341 1760 502 1830 partis
521 1798 537 1826 ,
566 1760 926 1815 incrementum
971 1756 1195 1828 corporis
1217 1754 1294 1826 (2)
1322 1756 1372 1811 in
1399 1756 1785 1823 aedificationem
1813 1755 1860 1814 B
1887 1767 1970 1807 res
1991 1761 2368 1820 consequatur,
2390 1751 2622 1805 ostendit
2647 1769 2660 1803 :
2697 1750 2796 1818 Qui
2823 1753 3138 1819 desperantes
3165 1751 3452 1821 semetipsos

217 1851 304 1904 sui
329 1851 380 1902 in
408 1849 723 1902 charitate...
757 1847 997 1903 Diximus
1048 1845 1188 1918 quod
1228 1853 1386 1914 caput
1426 1853 1527 1912 est,
1574 1859 1638 1898 ex
1682 1859 1786 1915 quo

221 1953 524 1997 connexum
554 1946 637 1993 est
657 1952 816 1991 omne
843 1951 1039 2008 corpus
1088 1945 1142 1990 et
1181 1946 1532 2005 compactum.
1577 1936 1714 2005 Ergo
1741 1935 1787 1989 si

220 2029 468 2087 Christus
496 2039 652 2098 caput
679 2036 822 2083 estet
841 2026 1225 2101 principiumet
1245 2025 1363 2079 fons
1389 2035 1440 2079 et
1457 2024 1594 2079 unde
1608 2026 1785 2080 omnia

219 2131 480 2192 reguntur
507 2122 742 2180 membra
761 2161 779 2187 ,
805 2134 923 2192 qua:
941 2129 1063 2173 sunt
1084 2119 1134 2175 in
1165 2131 1389 2188 corpore
1439 2131 1530 2186 per
1573 2131 1786 2170 omnem

216 2211 560 2282 juncturam;
613 2219 767 2264 acute
817 2208 906 2267 hic
951 2207 1347 2276 accipiendum,
1406 2218 1464 2263 ut
1522 2206 1786 2279 quomodo

218 2301 462 2362 membra
491 2299 696 2372 singula
721 2299 964 2368 iunctura
991 2298 1309 2357 cohaerentia
1335 2297 1560 2350 diversis
1595 2299 1646 2350 in
1694 2299 1788 2349 ad-

220 2393 701 2450 ministrationibus
732 2391 891 2447 totius
919 2389 1160 2457 corporis
1184 2401 1489 2444 mensuram
1529 2384 1728 2447 faciunt
1765 2402 1779 2451 ;

217 2483 300 2537 sic
330 2493 382 2537 et
408 2481 462 2540 in
487 2481 722 2538 Ecclesia
743 2519 756 2542 ,
784 2478 987 2547 singula
1016 2493 1240 2551 qumque
1277 2480 1512 2531 membra
1545 2477 1785 2529 ministe-

219 2573 424 2630 riorum
466 2573 606 2629 circa
631 2571 1103 2628 sanctiﬁcationem
1123 2569 1381 2640 mysterii,
1400 2568 1606 2622 etcirca
1629 2568 1786 2622 ﬁdem

218 2665 448 2728 Christi.
467 2664 746 2734 iuncturas
773 2672 1028 2733 prmstant
1048 2704 1061 2728 ,
1091 2672 1142 2715 et
1172 2675 1367 2731 corpus
1408 2675 1559 2717 suum
1583 2658 1635 2713 in
1662 2658 1789 2712 cha-

218 2755 378 2811 ritate
406 2753 952 2825 constringuntatque
978 2751 1243 2804 mdilicant
1275 2767 1287 2802 :
1333 2751 1406 2804 ita
1449 2759 1503 2803 et
1550 2749 1785 2803 membra

218 2854 403 2902 nostra
421 2886 434 2908 ,
462 2844 629 2900 veluti
659 2844 972 2900 naturaliter
1000 2859 1156 2905 nexa,
1176 2853 1334 2914 atque
1356 2858 1536 2896 amore
1556 2845 1787 2912 genuino

217 2937 320 2996 sibi
352 2935 670 2994 eoltmrentia
691 2975 708 3003 ,
735 2935 1120 2991 incrementum
1152 2935 1360 3003 corpori
1388 2943 1640 3003 priestant
1678 2935 1788 2988 suis

220 3026 461 3101 partibus
493 3042 506 3078 :
533 3027 610 3082 sic
630 3036 682 3078 et
711 3026 885 3082 omnia
913 3025 1234 3093 ministeria,
1267 3040 1383 3092 quae
1413 3035 1536 3076 sunt
1584 3025 1637 3076 in
1683 3024 1783 3077 Ec-

1889 1842 2204 1900 tradiderunt
2228 1839 2574 1906 impudicitiae,
2606 1841 2657 1893 in
2687 1842 3030 1908 operationem
3051 1842 3210 1894 omnis
3235 1843 3453 1894 immun-

1889 1930 2026 1984 ditiaa
2053 1940 2097 1982 ct
2123 1930 2348 1986 avaritia
2372 1929 2470 2000 (i).
2497 1929 2569 1983 De
2595 1930 2837 1998 gentibus
2867 1930 3116 1998 loquitur,
3143 1930 3330 1998 quibus
3356 1946 3451 1983 cm-

1889 2029 2060 2075 catum
2084 2035 2177 2074 cor
2197 2029 2277 2074 est
2303 2061 2316 2085 ,
2342 2030 2394 2074 et
2425 2021 2553 2074 nihil
2580 2031 2830 2090 sperant,
2862 2022 2912 2074 id
2936 2030 3018 2076 est
3045 2022 3292 2076 mortales
3314 2038 3370 2075 se
3400 2033 3453 2077 et

1888 2110 2123 2163 fatentur
2149 2118 2204 2168 et
2232 2111 2493 2182 probant;
2523 2125 2696 2180 neque
2717 2110 2782 2163 de
2811 2111 3108 2168 mternitate
3139 2127 3228 2170 sua
3254 2112 3449 2176 aliquid

1887 2200 2113 2254 credunt
2161 2217 2174 2252 :
2222 2214 2283 2253 ac
2336 2208 2615 2273 propterea
2661 2200 2821 2253 vitam
2853 2199 3055 2264 mundi,
3088 2200 3237 2267 quasi
3265 2201 3448 2257 ealrni

1888 2290 2163 2355 volentes,
2214 2299 2269 2344 et
2310 2291 2548 2357 rapiunt,
2598 2300 2652 2344 et
2699 2290 2973 2344 libidinose
3015 2291 3229 2355 vivunt,
3257 2300 3448 2345 etcum

1889 2380 2210 2449 impudicitia
2242 2389 2551 2434 exercentes
2577 2420 2591 2444 ,
2623 2391 2676 2433 ut
2697 2380 2950 2444 credunt,
3000 2380 3320 2448 voluptatem
3368 2381 3445 2453 (2)

1889 2470 2114 2524 habendi
2140 2470 2347 2537 cupidi,
2380 2480 2433 2523 et
2460 2472 2512 2522 in
2543 2485 2638 2523 usu
2665 2470 2872 2524 vivendi
2900 2470 3043 2524 ducti
3064 2471 3308 2524 tnnnibus
3334 2480 3450 2525 tur.

1890 2559 2118 2630 pissimis
2141 2560 2518 2628 voluptatibus.

1961 2651 2119 2705 Vsus.
2153 2651 2240 2716 20,
2271 2651 2358 2705 21.
2392 2681 2461 2692 -
2497 2651 2597 2704 Vos
2626 2662 2790 2705 autem
2815 2668 2912 2705 non
2930 2653 3001 2705 ita
3029 2651 3276 2707 didicistis
3305 2652 3451 2707 Clari-

1887 2753 2050 2807 stum;
2084 2745 2128 2796 si
2172 2753 2334 2796 tamen
2360 2744 2572 2797 audistis
2618 2745 2764 2797 illum
2793 2755 2836 2797 et
2869 2745 2922 2796 in
2945 2744 3317 2798 illocredidistis
3347 2746 3444 2816 (5).

1889 2833 2083 2888 Contra
2143 2834 2405 2903 Ephesios
2461 2835 2618 2888 docet
2658 2851 2761 2887 non
2811 2836 2880 2887 ita
2914 2835 3090 2888 vivere
3121 2845 3176 2888 ut
3219 2848 3403 2905 gentes
3442 2855 3454 2890 :

1888 2925 2080 2998 quippe
2129 2927 2215 2994 qui
2247 2925 2522 2978 didicerint
2577 2923 2889 2979 Christum:
2934 2926 3053 2996 quia
3101 2923 3344 2978 Christus
3392 2937 3445 2980 ut

1888 3017 2213 3071 immortales
2267 3032 2362 3070 nos
2389 3016 2615 3082 laceret,
2663 3020 2769 3087 egit
2798 3018 3127 3087 mysterium,
3163 3029 3353 3086 prmsto
3392 3019 3443 3072 iu

217 3115 401 3178 clesia,
433 3128 630 3184 corpus
651 3122 731 3167 est
760 3113 839 3183 (5)
868 3111 1096 3173 ChriSti,
1140 3112 1181 3166 si
1207 3128 1264 3165 se
1291 3113 1515 3169 invicem
1543 3115 1593 3165 in
1615 3113 1785 3167 chari-
1814 3123 1857 3184 ί]
1889 3123 2051 3162 carne
2082 3110 2205 3172 luit,
2258 3109 2413 3162 docui
2445 3118 2500 3161 ιιι
2543 3123 2981 3177 cognosceremus
3017 3118 3241 3179 patrem,
3290 3124 3344 3165 et
3395 3113 3446 3166 in

221 3213 328 3264 tate
364 3204 584 3279 diligant
611 3204 894 3257 servientia
917 3203 1095 3273 capiti,
1131 3202 1182 3254 id
1201 3209 1284 3254 est
1310 3201 1540 3255 Christo.

297 3296 458 3352 Vsus.
493 3295 578 3360 17,
598 3292 996 3364 i8.—Hocergo
1018 3291 1130 3345 dico
1143 3301 1188 3345 et
1216 3293 1452 3358 testiﬁcor
1473 3295 1522 3345 in
1548 3291 1786 3357 Domino,

221 3395 278 3445 ut
307 3402 406 3439 non
428 3385 648 3453 amplius
669 3382 962 3447 ambuletis,
990 3382 1116 3435 sicut
1137 3391 1180 3434 et
1205 3392 1372 3450 gentes
1402 3380 1659 3434 ambulant
1681 3381 1784 3451 (4).

223 3475 392 3533 Sicuti
415 3489 626 3543 semper
655 3471 809 3526 docui
833 3513 847 3537 ,
890 3471 1189 3526 exhortatio
1215 3471 1410 3538 duplex
1440 3481 1522 3524 est
1548 3488 1559 3523 :
1587 3480 1641 3524 et
1662 3471 1787 3538 quid

220 3580 326 3618 non
359 3563 687 3628 faciendum,
713 3576 870 3638 supra
905 3561 1069 3626 dixit;
1109 3560 1234 3629 quid
1262 3561 1592 3626 iaciendum,
1649 3575 1789 3616 nunc

221 3655 511 3722 subiungit.
534 3652 669 3728 Quid
692 3667 797 3706 non
821 3650 1158 3715 faciendum;
1206 3667 1271 3704 ne
1292 3691 1308 3716 ,
1351 3651 1555 3725 inquit,
1605 3651 1788 3704 ambu-

223 3747 341 3802 letis
364 3755 420 3798 ut
449 3755 655 3814 gentes.
687 3743 800 3798 Hoc
821 3783 835 3808 ,
870 3743 1071 3812 inquit,
1092 3741 1212 3794 dico
1258 3751 1310 3796 et
1363 3741 1464 3795 hoc
1492 3751 1676 3800 testor.
1734 3751 1789 3796 et

222 3845 391 3890 testor
420 3837 473 3888 in
507 3835 750 3900 Domino,
783 3834 834 3886 id
867 3843 948 3886 est
971 3832 1198 3886 adhibeo
1226 3830 1580 3886 testimonium
1605 3831 1786 3886 Domi-

222 3925 318 3995 ni,
366 3924 509 3993 quod
567 3938 778 3984 moneo.
835 3923 931 3977 llic
977 3932 1031 3975 et
1054 3932 1225 3975 terror
1265 3931 1388 3975 est:
1431 3922 1786 3977 exhortationi

221 4016 362 4067 enim
393 4013 587 4066 mixtus
618 4020 807 4076 terror,
838 4012 1234 4083 persuasionem
1259 4009 1464 4065 facilem
1489 4011 1628 4064 facit.
1652 4009 1786 4065 Cum

221 4117 399 4159 autem
456 4102 623 4171 dixit,
677 4108 736 4155 ut
787 4115 895 4155 non
941 4101 1168 4154 amplius
1212 4102 1529 4164 ambuletis,
1558 4101 1788 4156 ostendit

222 4196 344 4249 illos
372 4195 462 4247 diu
492 4193 820 4258 ambulasse,
851 4200 904 4245 et
929 4190 999 4245 ita
1027 4201 1081 4244 ut
1100 4200 1286 4260 gentes
1306 4191 1519 4244 vixisse.
1553 4191 1666 4258 Quo
1695 4206 1790 4242 au-

224 4294 331 4338 tem
384 4285 542 4336 modo
590 4291 647 4336 ut
695 4289 919 4351 gentes,
974 4281 1086 4350 ipse
1134 4281 1423 4348 supponit:
1482 4281 1534 4332 in
1572 4281 1789 4333 vanitate

224 4374 404 4428 mentis
432 4388 540 4426 sua:
571 4373 682 4441 (5);
713 4372 964 4425 obscurati
991 4369 1244 4423 intellectu
1272 4369 1369 4440 (6),
1395 4370 1600 4422 alienati
1626 4387 1658 4423 a
1686 4373 1788 4423 vita

1889 3201 2058 3267 ipsum
2119 3199 2274 3253 [idem
2327 3200 2682 3264 haberemus,
2731 3212 2783 3255 et
2837 3211 2918 3255 est
2971 3203 3241 3256 mternitas
3294 3204 3444 3258 nobis

1887 3292 2185 3344 viventibus
2214 3293 2499 3345 secundum
2532 3292 2644 3360 ejus
2674 3293 2939 3347 mandata.
3000 3293 3102 3347 Vos
3151 3295 3308 3363 igitur
3339 3312 3441 3348 non

1888 3383 1960 3434 ita
1981 3381 2274 3445 didicistis,
2298 3393 2354 3434 ut
2375 3393 2593 3448 gentes:
2629 3382 2821 3451 quippe
2874 3384 2992 3460 quia
3039 3397 3132 3436 vos
3176 3384 3442 3437 Christum

1887 3469 2106 3523 audistis
2127 3470 2190 3540 (si
2217 3479 2382 3522 tamen
2401 3473 2611 3524 audistis
2641 3469 2806 3539 tllum)
2838 3471 2888 3524 id
2920 3482 3001 3525 est
3030 3473 3366 3526 intellexistis
3395 3483 3447 3526 et

1887 3558 2203 3612 credidistis.
2233 3559 2342 3612 Hoc
2370 3570 2451 3613 est
2479 3561 2621 3614 enim
2649 3561 2789 3630 quod
2815 3560 3072 3628 adjunxit,
3105 3564 3192 3630 qui
3214 3563 3265 3615 in
3295 3563 3442 3617 illum

1887 3649 2184 3703 credidistis
2238 3668 2251 3703 :
2301 3649 2454 3718 quia,
2506 3659 2562 3704 ut
2602 3653 2830 3704 diximus
2860 3661 2913 3705 et
2961 3651 3185 3706 dicimus
3214 3668 3443 3722 semper,

1884 3741 2105 3796 credere
2132 3743 2181 3794 in
2212 3740 2477 3794 Christum
2503 3782 2517 3805 ,
2542 3743 2936 3796 immortalitem
2960 3744 3211 3812 consequi
3241 3753 3322 3796 est
3345 3784 3360 3808 ,
3393 3754 3446 3799 et

1885 3831 2047 3884 vitam
2073 3839 2327 3884 mternam
2354 3832 2581 3896 mereri;
2608 3834 2721 3901 ipse
2747 3833 2887 3886 enim
2911 3843 2993 3887 eSt
3011 3833 3113 3885 vita
3137 3873 3154 3896 ,
3179 3834 3290 3901 ipse
3309 3834 3395 3887 lux
3425 3875 3439 3899 ,

1886 3920 1999 3988 ipse
2028 3920 2326 3986 teternitas,
2378 3922 2490 3988 ipse
2535 3925 2624 3990 qui
2674 3932 2898 3975 mortem
2949 3922 3181 3976 vincitet
3205 3924 3361 3987 vicit,
3394 3932 3448 3976 et

1886 4008 2040 4062 nobis
2066 4010 2220 4074 vicit,
2249 4024 2343 4078 per
2372 4014 2682 4080 mysterium
2711 4015 2851 4080 quod
2882 4012 3140 4078 implevit.

1959 4097 2115 4152 Vsus.
2146 4099 2234 4154 22.
2264 4128 2335 4138 -—-
2356 4099 2518 4154 Sicuti
2539 4111 2611 4154 est
2637 4105 2816 4154 veritas
2843 4103 2896 4154 in
2915 4099 3074 4167 Iesu;
3102 4103 3337 4171 deponite
3361 4119 3449 4165 vos

1884 4191 2157 4242 secundum
2177 4191 2395 4258 priorem
2411 4194 2833 4245 conversationem
2850 4193 2923 4262 (4)
2939 4203 3146 4246 veterem
3167 4194 3414 4245 hominem
3431 4236 3446 4259 ,

1884 4279 1971 4347 qui
2031 4280 2370 4350 corrumpitur
2429 4285 2702 4334 secundum
2754 4283 3001 4335 desideria
3049 4285 3233 4336 erroris
3312 4289 3448 4336 Ante

1883 4366 2078 4421 Christi
2099 4369 2379 4422 adventum
2402 4385 2553 4424 error
2581 4372 2754 4425 omnis
2783 4381 2836 4425 et
2866 4386 2997 4424 vana
3024 4373 3281 4440 sapientia
3301 4370 3398 4425 fuit
3428 4413 3444 4437 ,

226 4464 342 4527 Dei,
361 4475 566 4534 propter
580 4462 916 4533 ignorantiam
935 4475 1047 4530 qua:
1061 4471 1132 4513 est
1160 4462 1210 4512 in
1226 4460 1374 4530 ipsis,
1403 4477 1489 4530 per
1515 4461 1786 4515 caecitatem
1812 4469 1861 4527 ῐ)
1888 4459 2148 4513 mundana
2175 4460 2315 4527 haec,
2348 4472 2548 4515 acterna
2578 4464 2840 4516 azstimare
2868 4478 2882 4526 ;
2915 4462 3200 4516 secundum
3229 4477 3444 4517 carnem

224 4556 390 4609 cordis
450 4570 641 4608 eorum.
706 4553 981 4621 Expressit
1027 4566 1142 4621 quia
1197 4554 1267 4605 sit
1315 4553 1697 4621 vitagentium;
1731 4561 1788 4606 ut

225 4649 347 4710 vani
403 4649 528 4709 sint,
568 4645 761 4714 inquit,
817 4655 869 4698 et
925 4653 1102 4696 mente
1145 4659 1250 4697 non
1281 4645 1509 4712 sapiant,
1539 4655 1591 4698 et
1633 4645 1787 4698 intel-

226 4738 426 4792 lectum
454 4751 605 4789 suum
643 4735 926 4788 obscurent
946 4731 1024 4803 (7)
1059 4750 1071 4784 :
1102 4732 1234 4800 quod
1282 4743 1351 4786 est
1393 4734 1663 4786 intellectu
1691 4747 1786 4787 suo

224 4828 293 4883 de
366 4827 472 4881 Deo
535 4825 662 4879 nihil
713 4824 947 4894 cogitare
983 4863 999 4888 ,
1044 4836 1203 4876 sensu
1254 4821 1374 4876 duci
1425 4831 1480 4877 et
1529 4823 1686 4879 rebus
1731 4824 1782 4877 in

294 4953 372 5022 (1)
396 4952 574 5021 Vulg.,
597 4950 887 5022 Crescamus
913 4951 966 5002 in
993 4948 1084 5002 illo
1106 4949 1382 5022 peremnia
1398 4991 1413 5015 ,
1445 4957 1548 5004 etc.

295 5020 374 5105 (2⁷)
440 5020 617 5104 Vulg”
670 5021 957 5105 Secundum
1015 5020 1352 5086 operationem
1397 5024 1450 5100 in
1500 5034 1781 5105 prensurum

223 5089 866 5162 uniuscujusquemembri,
898 5098 1219 5158 augmentum
1243 5092 1467 5158 corporis
1494 5089 1638 5158 facit,
1676 5097 1778 5142 etc.

294 5163 374 5236 (3)
405 5160 476 5236 Ita
505 5160 658 5236 cod_d_.
691 5174 784 5227 pro
807 5169 940 5236 sunt.

294 5224 374 5304 (ιι)
421 5230 555 5286 Sunt
593 5224 955 5298 hic’qumdam
985 5225 1248 5281 variantes
1271 5225 1323 5280 in
1352 5224 1507 5296 Vulg.
1533 5228 1681 5297 quasi
1709 5227 1781 5284 ibi

227 5305 368 5359 vide.

320 5369 375 5436 5)
406 5367 582 5435 Vulg.,
614 5364 682 5436 In
706 5369 924 5423 vanitate
951 5381 1122 5422 sensus
1140 5366 1241 5419 sui.

320 5375 375 5436 5)
408 5375 582 5435 Vulg.,
614 5375 682 5420 In
706 5375 924 5423 vanitate
951 5381 1122 5422 sensus
1140 5375 1241 5419 sui.

296 5375 564 5511 (ἐϋ-κως.
600 5451 615 5488 :
644 5435 877 5511 Tenebris
931 5435 1778 5511 obseuralunnhabentesintellec-

239 5503 370 5566 tum.
392 5503 812 5580 Insequentibus
831 5523 926 5575 pro
945 5515 997 5565 in
1021 5503 1162 5576 ipsis,
1196 5503 1354 5564 habet
1377 5509 1432 5562 in
1460 5509 1582 5577 illis,
1617 5523 1670 5569 et
1691 5529 1787 5580 pro

228 5593 400 5636 eorum
414 5617 430 5642 ,
460 5576 648 5645 legitur
664 5576 902 5645 ipsorum.

299 5646 378 5718 (7)
398 5645 562 5703 Codd.
593 5648 875 5704 commit.

1888 4555 2100 4619 vivere;
2135 4555 2272 4609 hunc
2292 4557 2471 4610 mundi
2492 4571 2668 4626 regem
2689 4597 2703 4622 ,
2727 4557 2890 4611 Deum
2911 4560 3150 4613 credere.
3173 4561 3266 4614 llic
3295 4569 3448 4613 vetus

1887 4646 2046 4700 homo
2075 4656 2173 4702 est.
2206 4649 2385 4714 llunc,
2412 4649 2611 4719 inquit,
2642 4651 2892 4720 deponite
2912 4691 2926 4714 ,
2957 4653 3094 4706 sicut
3126 4663 3208 4707 est
3251 4653 3446 4707 veritas

1886 4743 1938 4796 in
1969 4743 2122 4805 Jesu;
2155 4744 2405 4812 quoniam
2428 4745 2478 4797 in
2509 4745 2628 4797 aliis
2648 4746 2843 4798 veritas
2866 4760 2966 4798 non
2999 4757 3097 4799 est.
3125 4746 3178 4799 In
3200 4745 3325 4800 Jesu
3345 4763 3441 4799 auo

1889 4843 1991 4888 tem
2013 4836 2240 4888 veritas:
2272 4849 2389 4904 qua:
2415 4834 2573 4889 les-us
2601 4835 2780 4889 docuit
2802 4877 2816 4898 ,
2847 4849 2908 4890 ea
2932 4850 3053 4889 vera
3097 4845 3253 4888 sunt:
3272 4845 3326 4890 et
3359 4836 3443 4890 hic

1886 4941 2054 4981 novus
2083 4927 2262 4983 homo.
2282 4927 2574 4981 secundum
2595 4943 2750 4996 quem
2785 4929 2963 4982 vivere
2983 4929 3257 4984 debemus.
3283 4928 3444 4982 Vetus

1884 5034 2011 5089 ergo
2039 5019 2128 5072 ille
2153 5019 2253 5088 (5),
2275 5029 2328 5073 et
2357 5020 2502 5087 prior
2529 5019 2866 5072 conversatio
2883 5017 3215 5087 deponatur:
3246 5021 3441 5073 etenim

1883 5090 2318 5177 illecorrumpitur
2338 5109 2610 5162 secundum
2629 5108 2878 5161 desideria
2900 5110 3103 5162 erroris.
3119 5108 3284 5163 T0tus
3301 5110 3441 5164 enim

1882 5201 1947 5255 ad
1995 5213 2186 5266 corpus
2235 5213 2524 5253 conversus
2575 5211 2831 5266 corporea
2861 5199 3156 5257 aestimabat
3182 5201 3355 5252 omnia
3387 5207 3444 5253 et

1956 5315 2038 5386 (ξ)
2062 5313 2207 5386 Ῡυιετ
2220 5354 2234 5378 ,
2255 5307 2318 5364 In
2337 5311 2626 5386 avaritiam.

1961 5329 2038 5386 [1)
2067 5329 2152 5366 νιν
2193 5351 2234 5378 .,
2255 5329 2318 5364 ιιι
2345 5329 2626 5375 avaritiam.

1961 5376 2036 5464 (ἓ)
2066 5329 2232 5464 Emitt-
2264 5382 2535 5464 ιερίίθριριε·
2610 5449 2623 5464 .
2692 5450 2722 5464 ,.
2764 5463 2767 5464 ,
2805 5449 2836 5464 _.

1962 5449 2038 5524 (ὃ)
2066 5453 2241 5524 Vulg;
2265 5451 2329 5524 ιςι
2357 5449 2409 5502 in
2431 5451 2538 5518 ipso
2561 5449 2722 5502 edocti
2745 5449 2881 5501 estis.

1963 5518 2044 5592 (4)
2069 5518 2245 5591 Vulg.:
2273 5521 2537 5589 Deponere
2585 5534 2669 5571 vos
2707 5519 2979 5574 secundum
3029 5518 3294 5589 pristinam
3313 5533 3438 5571 con-

1891 5595 2232 5651 versationem.

1966 5665 2044 5736 (5)
2071 5661 2236 5718 Homo
2262 5662 2480 5719 scilicet.
