3910 6212
491 266 625 320 1279

1696 266 1881 321 MAR"
1928 265 2260 320 VICTORINI
2304 265 2460 321 AFBI

3582 265 3708 320 1980

489 384 739 437 carnalia.
776 382 906 438 llinc
950 398 1157 438 errores
1183 396 1236 439 et
1263 387 1409 453 quasi
1440 385 1694 454 sapientia
1740 386 1998 439 mundana
2024 428 2037 450 ,
2065 390 2113 448 Α
2141 399 2237 439 nos
2267 400 2463 455 corpus
2488 401 2699 451 sumus;
2728 397 2782 441 et
2804 388 3042 457 corporis
3064 385 3259 456 singuli
3287 381 3557 443 membra;
3590 396 3707 451 ergo

489 485 608 526 cum
636 472 810 526 omnia
842 489 960 542 qua:
992 474 1042 525 in
1076 474 1271 528 mundo
1302 484 1423 527 sunt
1444 516 1458 537 ,
1491 488 1592 527 non
1613 476 1897 528 secundum
1933 476 2040 544 spi-

489 564 645 619 ritum
674 564 801 619 ﬂant
832 583 844 618 :
877 575 999 620 ante
1020 564 1213 619 Christi
1240 576 1413 620 tamen
1441 567 1719 620 adventum
1743 584 1755 629 ;
1783 582 1921 621 nunc
1949 583 2042 619 au-

490 662 594 709 tem
618 667 795 725 postea
824 672 977 726 quam
998 672 1093 711 nos
1113 656 1292 710 docuit
1322 656 1407 710 illa
1434 664 1651 724 acterna,
1680 658 1910 726 sapimus
1926 672 2043 725 qua:

488 749 740 815 Spiritalia
758 760 899 803 sunt.
915 748 1008 803 llic
1030 760 1128 814 est,
1150 749 1341 816 utdixi,
1362 748 1519 803 homo
1537 766 1721 815 novus,
1748 751 1835 819 qui
1866 752 1942 804 sic
1968 752 2043 804 vi-

491 843 565 895 vit
594 852 647 897 et
665 842 739 895 sic
757 844 913 912 sapit.

559 929 719 985 Vsus.
753 930 823 984 23
846 972 858 995 ,
888 930 978 985 Ἡ.
1005 961 1073 971 --
1104 930 1429 987 Renovamini
1472 943 1634 985 autem
1660 933 1840 1000 spiritu
1866 936 2043 985 mentis

488 1030 691 1083 vestra,
742 1030 789 1074 et
842 1021 1029 1075 induite
1076 1038 1254 1075 novum
1312 1023 1588 1088 hominem,
1638 1026 1722 1091 qui
1773 1030 2042 1079 secundum

487 1114 715 1181 spiritum
742 1114 820 1182 (1)
846 1124 1040 1166 creatus
1082 1124 1152 1166 est
1194 1115 1244 1165 in
1270 1114 1469 1183 jnstitia
1514 1123 1558 1166 et
1613 1117 1872 1168 sanctitate
1916 1118 2042 1169 veri-

490 1205 667 1258 tatis...
704 1203 769 1257 Ut
796 1205 923 1268 dixi,
957 1218 1124 1257 novus
1154 1202 1313 1257 homo
1339 1213 1453 1269 est,
1481 1205 1569 1271 qui
1613 1205 1901 1259 secundum
1932 1207 2041 1273 spi-

487 1294 646 1347 ritum
668 1294 822 1361 sapit.
840 1294 947 1346 lloe
966 1293 1039 1345 ait
1056 1314 1066 1344 :
1083 1294 1389 1347 renovamini
1409 1294 1589 1361 spiritu
1607 1294 1782 1346 mentis
1804 1305 2039 1348 vestra...

486 1384 559 1438 lta
590 1386 765 1438 anima
798 1384 1002 1449 melior,
1031 1401 1154 1452 pura
1180 1427 1192 1447 ,
1225 1386 1457 1453 integra;
1517 1400 1665 1439 mens
1696 1399 1821 1437 vero
1861 1385 2046 1437 fortior

485 1475 701 1543 spiritus
753 1486 832 1529 est
881 1474 983 1544 (2).
1042 1474 1373 1528 Renovamini
1414 1490 1570 1543 ergo,
1614 1476 1810 1543 inquit,
1864 1476 2045 1539 spiritu

485 1567 664 1621 mentis
691 1576 901 1631 vestrte;
931 1575 975 1619 et
1017 1567 1211 1619 induite
1230 1583 1407 1620 novum
1439 1569 1715 1633 hominem,
1746 1577 1802 1620 ut
1823 1570 1931 1635 jam
1962 1582 2045 1621 se-

485 1654 715 1709 cundum
754 1656 924 1724 ipsum
974 1657 1196 1719 vivatis;
1256 1659 1345 1727 qui
1392 1658 1641 1726 spiritalis
1679 1668 1929 1723 est,cum
1980 1674 2043 1712 ex

2143 475 2275 529 alter
2300 476 2516 530 alterius
2543 477 2775 531 membra
2804 492 3004 532 sumus.

2215 566 2463 620 Vens.26.
2475 566 2827 621 -Irascimini
2840 579 3001 621 autem
3017 570 3033 635 (
3046 570 3068 621 1
3080 568 3172 636 ),et
3187 566 3342 620 nolite
3355 580 3574 634 peccare.
3584 562 3711 617 Sub-

2139 656 2305 725 jungit
2324 659 2517 711 munita
2536 674 2649 725 qua:
2671 659 2831 711 multa
2846 669 2986 721 sunt;
3006 674 3222 712 sumens
3238 656 3507 721 tatnen,ad
3527 670 3706 709 exem-

2146 748 2285 815 plum
2301 746 2543 818 (2),quod
2561 750 2780 817 positum
2798 762 2877 805 est
2892 752 2941 803 in
2958 754 3155 818 psalmo
3167 758 3597 817 quarto,sumens
3613 748 3711 799 ini-

2145 838 2270 890 tium
2291 849 2685 906 prazceptorum.
2714 839 2903 893 Verum
2926 839 3036 893 hmc
3053 839 3254 900 dividit,
3277 851 3328 891 ut
3357 838 3577 905 primum
3595 849 3710 889 mo-

2146 942 2263 981 neat
2276 929 2527 983 Ecclesia:
2543 930 2803 984 hominem
2822 932 2873 984 id
2894 940 2975 985 est
2991 930 3359 991 christianum,
3375 946 3491 998 qua:
3508 927 3709 998 agenda

2144 1028 2193 1071 et
2210 1034 2323 1086 qua!
2338 1034 2437 1071 nou
2455 1020 2653 1089 agenda
2680 1020 2900 1074 :dcinde
2917 1031 3147 1083 moneat,
3167 1034 3285 1088 qua:
3301 1020 3430 1072 viris
3443 1018 3645 1087 agenda
3659 1026 3714 1071 et

2146 1109 2393 1162 uxoribus
2423 1110 2673 1171 invicem;
2706 1109 2896 1163 deinde
2923 1126 3038 1177 qua:
3066 1111 3303 1178 patribus
3329 1120 3383 1161 et
3421 1110 3540 1161 ﬁliis
3565 1108 3706 1161 invi-

2144 1216 2257 1255 cem
2282 1217 2296 1265 ;
2326 1201 2517 1255 deinde
2544 1218 2659 1271 qua:
2688 1203 2855 1254 servis
2881 1212 2933 1255 et
2960 1201 3187 1255 dominis
3216 1218 3228 1253 :
3253 1211 3477 1270 postque
3508 1202 3709 1253 exhor-

2147 1294 2273 1346 tatio
2302 1302 2411 1357 est,
2441 1309 2557 1362 qua:
2596 1292 2833 1347 facienda
2868 1295 3185 1361 generaliter
3215 1293 3479 1346 Omnibus.
3514 1291 3706 1345 Verum

2147 1393 2199 1434 ut
2220 1398 2277 1435 se
2297 1382 2426 1435 ordo
2454 1383 2768 1446 contexerit,
2804 1384 2870 1434 ita
2894 1394 2946 1435 et
2972 1396 3068 1435 nos
3092 1382 3221 1434 locis
3246 1382 3491 1449 singulis,
3522 1390 3574 1433 et
3595 1394 3709 1433 mo-

2146 1476 2251 1527 nita
2282 1472 2726 1537 enumerabimus,
2759 1483 2811 1527 et
2837 1473 3069 1525 rationes
3099 1472 3325 1540 singulis
3358 1471 3597 1539 proprias
3624 1472 3706 1523 in-

2149 1565 2487 1633 tellectustpte
2527 1565 2824 1619 reddemus.
2870 1569 2945 1618 Ac
2985 1567 3155 1632 primo
3184 1563 3548 1617 ecclesiastico
3588 1563 3702 1615 viro

2147 1655 2433 1709 christiano
2454 1656 2543 1709 dat
2566 1659 2760 1709 monita
2784 1656 2917 1721 haec,
2947 1672 3012 1709 ne
3040 1656 3299 1708 irascatur
3325 1672 3338 1717 ;
3363 1664 3456 1707 aut
3479 1655 3523 1706 si
3549 1655 3711 1709 iratus

484 1744 671 1813 spiritu
691 1746 825 1813 sapit
846 1762 860 1808 ;
884 1746 971 1814 qui
1026 1747 1139 1815 ipse
1168 1747 1255 1801 ille
1286 1746 1442 1801 homo
1471 1748 1721 1815 spiritalis
1755 1749 2042 1801 secundum
2076 1752 2118 1809 Β
2149 1748 2408 1812 fuerit,ne
2425 1757 2604 1817 peccet
2626 1762 2716 1816 per
2738 1750 2885 1801 iram.
2916 1748 3112 1802 Deinde
3138 1762 3203 1800 ne
3224 1748 3314 1800 diu
3346 1749 3477 1800 iram
3506 1756 3702 1811 tenent,

485 1835 647 1890 Deum
669 1848 878 1891 creatus
904 1846 1017 1900 est,
1050 1838 1098 1891 id
1130 1848 1211 1891 est
1235 1839 1379 1907 juxta
1411 1840 1574 1892 Deum
1602 1858 1613 1892 :
1639 1840 1902 1907 quomodo
1929 1841 2041 1895 dic-

485 1938 592 1982 tum
624 1938 735 1993 est,
766 1926 1020 1981 faciamus
1057 1928 1324 1983 hominem
1353 1930 1416 1982 ad
1449 1931 1726 2000 imaginem
1774 1939 1826 1983 et
1858 1932 2046 1984 simili-

488 2018 719 2073 tudinem
753 2029 1010 2073 nostram.
1039 2019 1152 2073 Non
1178 2034 1351 2075 autem
1383 2022 1581 2074 vultum
1615 2022 1750 2074 Deus
1774 2020 1932 2075 habet
1954 2031 2044 2075 aut

489 2110 672 2165 faciem
697 2112 795 2181 (3):
832 2111 924 2167 sed
951 2112 1394 2181 quemadmodum
1432 2114 1565 2166 Deus
1593 2113 1808 2181 spiritus
1830 2123 1945 2177 est,
1972 2113 2039 2165 ita

488 2212 540 2256 et
566 2217 663 2255 nos
687 2201 975 2255 secundum
1011 2202 1171 2255 Deum
1193 2204 1355 2255 creati
1386 2219 1565 2255 sumus
1588 2244 1600 2266 ,
1658 2214 1709 2255 ut
1752 2202 2041 2256 secundum

489 2293 729 2359 spiritum
771 2292 1066 2361 sapiamus;
1095 2293 1145 2345 id
1184 2303 1264 2346 est
1299 2292 1429 2345 nihil
1471 2292 1771 2355 carnaliter,
1820 2294 1948 2347 nihil
1989 2295 2038 2346 itt

490 2385 709 2439 mundo.
742 2385 975 2454 Denique
996 2385 1119 2453 quid
1147 2395 1228 2439 est
1254 2388 1539 2439 secundum
1576 2387 1775 2440 Domini
1807 2397 2038 2441 creatum

487 2493 606 2532 esse
636 2479 899 2531 hominem
924 2518 939 2543 ,
968 2478 1080 2547 ipse
1107 2479 1237 2531 dixit
1259 2480 1309 2532 in
1330 2481 1590 2534 sanctitate
1616 2490 1659 2532 et
1673 2482 1873 2547 justitia
1894 2490 1937 2532 et
1963 2498 2043 2533 ve-

485 2571 633 2622 ritate
664 2584 681 2621 :
709 2567 757 2620 id
787 2578 865 2622 est
892 2609 905 2631 ,
938 2569 1079 2623 utsit
1105 2572 1311 2635 justus,
1347 2579 1402 2622 ut
1419 2568 1484 2623 sit
1503 2580 1743 2636 sanctus,
1776 2570 1843 2623 sit
1874 2579 1926 2622 et
1957 2586 2044 2623 ve-

484 2678 610 2718 rus:
660 2663 855 2719 etenim
905 2665 991 2732 qui
1038 2664 1358 2717 mundanum
1402 2665 1481 2734 (4)
1523 2666 1692 2731 sapit,
1753 2665 2040 2719 secnudum

485 2768 694 2808 carnem
710 2756 976 2824 sapitzqui
1006 2755 1293 2809 secundum
1320 2773 1531 2811 carnem
1554 2759 1708 2824 sapit,
1733 2774 1909 2811 verum
1939 2774 2041 2811 non

484 2846 621 2912 sapit
668 2861 834 2915 neque
876 2848 1092 2911 justum,
1150 2863 1318 2915 neque
1344 2859 1598 2901 sanctum.
1634 2848 1769 2917 Ergo
1798 2850 2041 2917 quoniam

485 2936 699 3002 Spiritus
753 2938 1078 3002 sanctiﬁcm,
1120 2939 1332 3006 Spiritus
1390 2941 1612 2993 vivilicat
1663 2950 1715 2993 ct
1755 2941 2041 3005 justilicat,

486 3027 698 3095 spiritus
720 3031 805 3097 qui
831 3044 953 3084 vere
977 3043 1079 3093 est,
1099 3041 1149 3083 et
1172 3045 1379 3099 semper
1401 3042 1502 3092 est,
1521 3042 1572 3084 et
1591 3032 1753 3097 magis
1774 3032 1915 3084 solus
1941 3041 2039 3096 est,

2146 1842 2237 1897 sed
2261 1844 2396 1895 intra
2420 1842 2557 1894 diem
2592 1842 2722 1895 iram
2752 1856 2898 1895 suam
2932 1840 3092 1893 ﬁniat.
3135 1841 3334 1893 Deinde
3366 1855 3541 1909 neque
3568 1840 3704 1892 furto

2150 1933 2289 1985 vivat
2309 1942 2362 1985 et
2392 1933 2539 1986 furtis
2569 1946 2783 2001 operam
2807 1933 2915 1997 det,
2943 1932 3035 1986 sed
3065 1932 3226 2000 magis
3253 1932 3498 1985 manibus
3525 1945 3709 1999 opere-

2144 2032 2227 2075 tur
2255 2024 2319 2075 ad
2352 2024 2564 2087 victum,
2592 2032 2646 2075 et
2670 2023 2791 2076 inde
2813 2024 2968 2076 etiam
3006 2022 3123 2075 aliis
3160 2024 3212 2074 in
3240 2023 3561 2076 necessitate
3584 2035 3702 2074 suc-

2142 2124 2335 2165 currat.
2371 2114 2568 2166 Deinde
2592 2128 2655 2165 ne
2685 2112 2852 2166 mal0s
2891 2127 3167 2167 sermones
3198 2114 3409 2181 aliquos
3438 2112 3698 2181 proferat,

2142 2204 2232 2257 sed
2257 2204 2421 2273 magis
2440 2204 2637 2268 bonos;
2660 2213 2712 2256 et
2743 2203 2967 2257 :ediﬁcet
2986 2203 3234 2265 alterum,
3268 2214 3323 2256 et
3352 2219 3460 2256 non
3485 2204 3704 2256 alterum

2142 2294 2416 2347 contristet
2441 2312 2452 2345 :
2478 2304 2533 2347 ut
2564 2295 2702 2348 nulla
2733 2296 2781 2347 iu
2814 2296 2991 2347 animo
3020 2293 3321 2347 amaritudo
3351 2296 3421 2349 sit
3451 2312 3463 2345 :
3489 2304 3546 2347 ut
3571 2294 3705 2349 nulla

2144 2385 2214 2438 ira
2235 2427 2248 2449 ,
2279 2385 2419 2438 nulla
2459 2385 2745 2452 indignatio
2767 2426 2779 2445 ,
2825 2386 2999 2439 nullus
3023 2388 3250 2449 clamor,
3284 2388 3427 2439 nulla
3464 2388 3703 2455 blasphe‘

2143 2476 2242 2529 mia
2262 2494 2273 2528 :
2292 2485 2347 2528 ut
2368 2490 2425 2529 se
2452 2476 2674 2528 invicem
2697 2476 2921 2543 benigne
2945 2486 3150 2536 ament;
3178 2476 3286 2528 sint
3309 2476 3704 2539 misericordes;

2146 2575 2351 2633 peccata
2383 2566 2483 2617 sibi
2527 2565 2754 2617 invicem
2786 2565 3019 2629 donent,
3044 2565 3197 2617 sicuti
3242 2566 3380 2617 Deus
3411 2566 3463 2617 in
3504 2566 3705 2618 Christo

2143 2655 2355 2709 donavit
2381 2654 2528 2707 nobis
2562 2662 2806 2721 peccata;
2839 2665 2896 2705 ut
2922 2653 3141 2722 diligant
3168 2668 3259 2716 se;
3291 2662 3348 2705 ut
3376 2654 3551 2721 pudici
3574 2654 3703 2716 sint;

2144 2754 2202 2798 ut
2237 2745 2303 2797 ab
2332 2746 2577 2797 omnibus
2604 2744 2779 2796 tnuudi
2800 2785 2812 2807 ,
2843 2753 2895 2797 et
2922 2743 2987 2795 ab
3016 2744 3262 2806 avaritia,
3304 2753 3361 2797 et
3406 2760 3435 2796 a
3486 2756 3704 2813 turpitu-

2146 2836 2267 2889 dine
2294 2876 2307 2897 ,
2340 2850 2368 2887 a
2403 2836 2723 2903 turpiquuio
2750 2874 2762 2897 ,
2788 2849 2815 2885 a
2843 2835 3159 2887 scurrilitate
3185 2834 3343 2887 alieni
3372 2836 3474 2887 sint
3504 2852 3518 2897 ;
3547 2836 3705 2899 magis

2144 2926 2339 2994 gratias
2387 2934 2541 2993 agant
2567 2940 2579 2974 :
2604 2923 2796 2976 etenim
2832 2923 2963 2976 tales
2994 2938 3169 2977 mores
3190 2965 3203 2986 ,
3229 2924 3280 2976 id
3306 2936 3388 2977 est
3416 2924 3468 2977 iu
3496 2926 3631 2978 vitiis
3657 2933 3707 2977 et

2150 3019 2379 3087 peccatis
2410 3016 2585 3085 positi,
2615 3030 2832 3083 regnum
2863 3014 3058 3068 Christi
3090 3030 3193 3069 non
3224 3016 3515 3074 habebunt,
3544 3030 3706 3084 neque

484 3117 600 3187 ipse
633 3129 714 3173 est
738 3122 947 3174 veritas.
968 3120 1090 3173 Hzec
1111 3121 1263 3188 igitur
1283 3124 1454 3175 omnia
1468 3122 1543 3175 sic
1564 3123 1930 3190 intelligentes,
1948 3137 2038 3175 no-

2146 3109 2503 3163 haereditatetn
2546 3109 2597 3161 in
2644 3121 2803 3175 regno
2830 3107 3043 3161 Christi.
3092 3108 3290 3160 Deinde
3338 3118 3608 3162 monetne
3643 3109 3705 3161 ab

486 3225 607 3263 vum
645 3211 911 3267 hominem
952 3212 1205 3277 induunt,
1249 3216 1489 3267 renovati
1528 3214 1577 3267 itt
1620 3216 1805 3285 spiritu
1851 3218 2039 3270 mentis

484 3315 614 3354 sum.

558 3388 719 3445 Vens.
747 3393 834 3448 25.
863 3423 930 3432 —
972 3392 1185 3463 Propter
1208 3395 1341 3462 quod
1362 3396 1660 3464 deponentes
1700 3398 2034 3464 mendacium,

485 3486 744 3555 loquimini
766 3487 1020 3539 veritatem
1046 3488 1381 3552 unusquisque
1401 3504 1513 3538 cum
1537 3490 1763 3557 proximo
1785 3507 1894 3553 suo,
1920 3508 2039 3557 quo-

486 3575 619 3626 niam
635 3591 807 3627 sumus
823 3576 949 3627 alter
970 3575 1273 3646 alterius
1297 3576 1533 3629 membra.
1551 3578 1824 3631 Concludit
1846 3580 2037 3632 exhor-

486 3665 735 3718 tationem
770 3665 834 3718 ad
864 3666 1037 3719 omnia
1071 3668 1359 3734 superiora,
1396 3668 1588 3733 quibus
1616 3676 1668 3720 et
1696 3668 1893 3721 divisas
1921 3684 2040 3737 gra-

486 3756 585 3809 tias
630 3756 888 3818 docebat,
920 3767 971 3810 et
1013 3772 1223 3810 onmem
1272 3757 1536 3811 hominem
1580 3760 1801 3813 tolerare
1846 3760 2037 3814 debere

484 3847 705 3900 alterum
739 3850 960 3911 Socium,
988 3858 1040 3902 et
1065 3852 1350 3916 patientem
1375 3864 1491 3901 esse
1512 3865 1629 3901 cum
1652 3850 1792 3902 omni
1827 3866 2038 3917 magna-

483 3938 808 3999 nimitate,et
839 3938 1150 3992 sulTereutcs
1173 3938 1389 3992 invicem
1418 3939 1466 3991 iu
1498 3940 1772 3994 charitate.
1792 3941 1928 4008 Ergo
1954 3941 2035 3993 hic

482 4026 841 4088 mendacium,
880 4028 1076 4096 inquit,
1104 4028 1349 4097 deponite
1375 4048 1385 4083 :
1416 4044 1569 4084 nemo
1596 4032 1815 4084 alterum
1846 4030 1989 4083 fallat
2020 4050 2032 4083 :

482 4118 739 4185 loquimini
760 4119 1011 4170 veritatem
1035 4136 1053 4182 ;
1080 4129 1133 4171 et
1159 4121 1513 4189 unusquisque
1531 4137 1649 4176 cum
1674 4124 1918 4189 proximo
1940 4138 2035 4175 suo

480 4208 618 4275 quod
648 4224 828 4262 verum
861 4218 939 4262 est
967 4218 1104 4277 agat,
1134 4210 1303 4273 faciat,
1331 4211 1603 4279 loquatur:
1629 4210 1758 4264 nihil
1785 4228 1875 4279 per
1898 4212 2037 4264 frau-

478 4296 597 4349 dem
627 4339 639 4361 ,
670 4298 796 4352 nihil
843 4314 936 4367 per
963 4300 1243 4352 fallaciam.
1276 4301 1337 4354 Et
1376 4301 1463 4369 qui
1491 4300 1623 4355 dixit
1650 4317 1768 4355 cum
1797 4304 2034 4371 proximo

478 4403 594 4452 suo,
623 4388 858 4456 adjunxit
879 4389 1124 4455 quoniam
1156 4404 1337 4443 sumus
1365 4391 1497 4444 alter
1524 4393 1741 4444 alterius
1773 4393 2026 4445 membra.

2141 3200 2258 3253 aliis
2291 3216 2382 3267 per
2403 3214 2676 3253 sermones
2700 3202 3038 3261 seducantur,
3065 3200 3199 3251 idest
3221 3200 3300 3252 vel
3324 3200 3392 3252 ab
3422 3200 3701 3263 haereticis,

2144 3291 2221 3343 vel
2269 3289 2335 3342 ab
2390 3289 2733 3357 irreligiosis,
2787 3288 2867 3340 vel
2914 3289 2978 3341 ab
3017 3288 3097 3340 his
3123 3302 3255 3355 quos
3302 3287 3437 3340 ﬁlios
3483 3289 3706 3356 appellat

2140 3378 2445 3433 tetttationis
2472 3389 2522 3431 et
2552 3377 2888 3440 diffidentiae;
2919 3392 3049 3447 quos
3081 3388 3243 3431 terret
3270 3418 3284 3438 ,
3329 3379 3471 3446 quod
3511 3380 3561 3432 in
3593 3380 3703 3432 illos

2144 3476 2360 3523 ventura
2406 3470 2472 3520 sit
2511 3469 2586 3520 ira
2619 3468 2729 3521 Dei.
2771 3468 2970 3521 Deinde
3001 3484 3065 3521 ne
3094 3471 3553 3522 counmtnicetnus
3580 3484 3700 3535 ope-

2140 3560 2284 3612 ribus
2326 3558 2476 3611 malis
2519 3558 2855 3611 iufructuosis
2883 3577 2894 3610 :
2921 3560 3189 3628 magi~que
3221 3560 3342 3612 illos
3381 3561 3661 3629 objurgent

2138 3652 2223 3718 qui
2259 3661 2474 3717 peccant
2501 3662 2551 3704 et
2584 3652 2734 3703 malis
2773 3652 3004 3703 moribus
3035 3652 3250 3715 vivunt,
3284 3661 3336 3704 et
3364 3654 3702 3707 manifestent

2139 3755 2319 3793 eorum
2346 3751 2586 3807 peccata;
2619 3751 2670 3793 et
2698 3741 2879 3792 vivant
2909 3749 2965 3792 ut
2996 3741 3260 3808 sapientes
3292 3758 3395 3794 nott
3428 3752 3485 3794 ut
3514 3744 3705 3809 impru-

2138 3834 2344 3896 dentes,
2397 3834 2516 3884 viuo
2564 3834 2881 3897 abstineant,
2932 3834 3093 3885 mullo
3124 3834 3290 3901 magis
3338 3834 3622 3903 loquantur
3654 3835 3702 3887 in

2138 3925 2355 3992 spiritu,
2398 3926 2447 3975 in
2494 3924 2727 3990 psalmis.
2764 3926 2812 3976 in
2846 3923 3053 3992 hymnis
3081 3925 3324 3988 canticis,
3356 3935 3410 3977 et
3452 3925 3617 3994 magis
3649 3926 3699 3977 in

2136 4014 2294 4066 Corde
2324 4013 2419 4066 ista
2452 4013 2575 4064 ﬁant
2602 4032 2611 4063 :
2640 4014 2859 4065 Domino
2890 4014 3081 4081 gratias
3108 4024 3302 4080 agant,
3332 4024 3384 4066 et
3415 4024 3567 4079 agant
3602 4029 3695 4081 pro

2137 4103 2381 4155 omnibus
2406 4103 2454 4153 itt
2480 4102 2692 4155 nomine
2717 4102 2806 4154 Dei
2824 4111 2875 4153 et
2908 4103 3110 4154 Domini
3134 4104 3296 4155 nostri
3323 4104 3450 4157 Jesu
3471 4104 3699 4158 Christi:

2136 4192 2356 4260 subjecti
2387 4193 2483 4244 sibi
2503 4193 2607 4245 sint
2636 4192 2854 4245 invicem
2888 4192 2939 4245 in
2970 4193 3156 4246 timore
3183 4192 3401 4246 Christi.
3442 4196 3565 4248 Ilaec
3586 4205 3705 4248 sunt

2136 4284 2307 4337 omnia
2340 4293 2595 4351 prmcepta
2627 4284 2985 4336 ecclesiastico
3002 4284 3111 4335 viro
3129 4283 3266 4336 data.
3289 4284 3415 4338 Post
3438 4285 3705 4353 subjuugit

2134 4390 2251 4443 qua:
2270 4376 2374 4428 sint
2390 4374 2714 4428 observanda
2732 4375 3113 4435 mulieribus,id
3133 4388 3209 4428 eSt
3226 4376 3346 4429 viris
3360 4387 3409 4429 et
3429 4378 3701 4430 uxoribus.

478 4477 565 4531 Sic
615 4488 667 4533 οι
708 4496 863 4547 supra
918 4496 1081 4534 unum
1112 4496 1339 4550 corpus,
1391 4492 1443 4536 οι
1494 4500 1625 4537 unus
1676 4485 1923 4553 ερίτίιηε,
1981 4498 2033 4538 οι
2061 4464 2108 4522 D
2204 4465 2351 4517 Nunc
2381 4464 2443 4515 ad
2476 4466 2678 4532 singula
2708 4474 3055 4517 revertamur.
3092 4463 3379 4517 Irascimini
3417 4479 3587 4518 autem
3614 4507 3627 4525 .
3658 4476 3703 4519 et

477 4566 599 4620 item
649 4568 865 4636 reliqua.
900 4570 1132 4623 Ecclesia
1162 4573 1299 4624 enim
1331 4587 1449 4625 cum
1500 4589 1659 4625 unum
1701 4566 1888 4642 corpus
1923 4576 1989 4628 sit
2015 4616 2028 4638 ,

475 4667 528 4711 et
567 4674 749 4713 omnes
797 4662 846 4713 in
882 4661 1115 4715 Ecclesia
1156 4680 1315 4717 unum
1357 4680 1549 4732 corpus
1578 4664 1805 4726 faciant.
1841 4667 2028 4735 singuli

476 4761 653 4816 partes
682 4762 803 4804 sunt
832 4752 1103 4807 Ecclesize.
1126 4752 1263 4822 Ergo
1292 4756 1511 4809 alterius
1534 4757 1821 4809 membrum
1852 4767 1951 4818 est,
1979 4769 2030 4809 et

474 4841 551 4892 sic
579 4854 734 4893 unum
763 4857 953 4911 corpus
974 4843 1197 4898 efﬁcitur
1220 4846 1318 4912 (6),
1349 4855 1403 4899 ut
1433 4851 1543 4915 ipse
1570 4848 1713 4909 dicit,
1744 4848 2024 4901 Ecclesia:-

472 4930 623 4997 cujus
647 4933 910 4995 Ecclesize,
935 4934 983 4987 id
1004 4946 1079 4989 est
1104 4938 1337 4990 omnium
1357 4939 1646 4991 animarum
1672 4939 1821 4991 ﬁdem
1846 4939 2033 4991 haben-

475 5021 601 5074 tium
621 5022 671 5075 itt
692 5022 881 5089 Deum,
899 5024 1071 5094 hujus,
1094 5028 1328 5095 inquam,
1353 5037 1506 5096 caput
1524 5028 1874 5082 estChristus.
1894 5030 2030 5100 Ergo

543 5139 621 5278 Ei;
656 5140 828 5211 Vulg.,
862 5142 958 5207 Qui
984 5145 1257 5197 secundum
1286 5145 1465 5197 Deunt.

566 5210 595 5261 ἐ
674 5210 787 5264 Jattt
857 5225 1002 5265 retro
1064 5214 1303 5267 distinxit
1367 5216 1459 5268 Vic

566 5210 619 5271 ἑ)
674 5210 787 5264 Jam
857 5225 1002 5265 retro
1064 5214 1303 5267 distinxit
1367 5216 1665 5268 Victorinus
1715 5218 1940 5270 animam
1995 5234 2025 5271 a

472 5280 657 5351 spiritu
680 5323 693 5342 ,
723 5282 1011 5336 secundum
1035 5297 1183 5335 suam
1210 5285 1488 5351 quamdam
1514 5285 1877 5339 subtilitatem.

543 5348 620 5417 (ὅ)
648 5351 793 5402 llune
817 5352 987 5404 locum
1016 5368 1167 5405 suum
1191 5348 1937 5410 commemoravitVtctorinus
1972 5359 2023 5412 in

472 5431 665 5489 comm.
686 5421 759 5489 ad
783 5420 971 5489 Philip.

566 5488 624 5555 4)
655 5488 825 5542 Malim
858 5486 1118 5543 mundum.

544 5486 623 5689 35)
653 5556 827 5625 Vulg.,
856 5575 950 5627 pro
980 5562 1107 5611 alter

570 5628 621 5689 ti)
656 5626 822 5680 Codd.
851 5629 1107 5689 dicimur.

569 5556 623 5623 5)
653 5556 827 5627 Vjulgq
856 5575 950 5627 pro
980 5562 1107 5611 alter
1134 5561 1339 5616 alterius
1370 5562 1526 5619 habet
1550 5564 1773 5620 invicem.

570 5628 621 5691 ti)
656 5626 822 5680 Codd.
851 5626 1107 5695 cficintnr.

2139 4558 2293 4609 nolite
2323 4572 2543 4623 peccare.
2594 4556 2647 4608 Si
2682 4556 2817 4609 Deus
2855 4555 3115 4620 irascitur,
3164 4558 3317 4611 sicuti
3348 4558 3551 4610 dictum
3581 4558 3697 4624 (3);

2139 4646 2400 4699 I‘BVPidllll‘
2430 4644 2565 4698 enim
2600 4646 2673 4697 ira
2708 4646 2793 4697 Dei
2820 4688 2833 4707 ,
2868 4646 2941 4698 ira
2972 4647 3037 4698 de
3067 4648 3205 4700 cmlo
3233 4688 3245 4709 ,
3277 4650 3327 4699 in
3359 4664 3574 4700 omnem
3606 4652 3702 4700 im-

2139 4736 2403 4803 pietatem.
2441 4735 2505 4787 Et
2532 4736 2653 4789 item
2688 4737 2736 4787 in
2769 4735 2945 4787 multis
2976 4737 3124 4788 locis.
3158 4735 3322 4790 Reete
3351 4753 3482 4804 ergo
3515 4748 3567 4790 et
3599 4739 3699 4789 lto-

2138 4824 2261 4877 mini
2290 4825 2443 4877 datur
2474 4826 2545 4877 ira
2582 4824 2681 4891 (4),
2712 4826 2759 4877 id
2784 4835 2859 4877 cst
2892 4834 2945 4877 ttt
2977 4827 3229 4878 irascatur
3261 4844 3273 4878 :
3305 4827 3396 4879 sed
3430 4836 3610 4894 peccat
3643 4828 3692 4879 in

2138 4913 2233 4976 ira,
2260 4914 2347 4981 qui
2399 4928 2501 4965 non
2549 4922 2605 4965 ut
2633 4914 2898 4981 corrigat,
2938 4914 3217 4976 irascitur;
3249 4914 3342 4966 sed
3391 4924 3447 4965 ut
3495 4915 3694 4980 puniat.

2134 5003 2271 5070 Ergo
2296 5004 2589 5068 irascimini,
2616 5014 2661 5055 et
2687 5004 2839 5055 nolite
2870 5020 3104 5070 peccare;
3144 5004 3221 5055 sol
3262 5021 3361 5056 non
3385 5006 3580 5057 occidat
3604 5022 3696 5056 suo

2134 5110 2221 5160 per
2266 5094 2579 5146 iracundiam
2626 5104 2852 5147 vestram.
2896 5094 2963 5147 Et
3004 5099 3217 5147 modum
3264 5096 3374 5159 irte,
3408 5106 3462 5149 et
3491 5108 3695 5163 tempus

2131 5183 2381 5248 ostendit,
2413 5186 2548 5238 intra
2577 5184 2717 5238 diem
2748 5195 3057 5253 conceptam
3102 5187 3231 5238 iram
3257 5186 3452 5240 debere
3481 5188 3690 5255 deponi.

2202 5360 2281 5424 (l)
2310 5359 2463 5422 Vulg.
2497 5375 2601 5413 non
2633 5359 2789 5411 habet
2818 5368 3001 5412 autent.

2202 5361 2248 5424 (l
2310 5360 2463 5422 Vulg.
2497 5375 2601 5413 non
2633 5360 2789 5411 habet
2818 5377 2833 5410 ι

2200 5430 2254 5497 (2
2304 5430 2469 5482 Codd.
2504 5430 2563 5481 ab
2590 5445 2725 5481 exem
2766 5430 2833 5482 lo.

2200 5360 2281 5568 (δέ
2311 5499 2386 5551 Ad
2421 5499 2596 5561 Rom.,
2625 5514 2661 5561 ι,
2695 5447 2778 5553 lg.

2225 5499 2279 5561 5)
2311 5499 2386 5551 Ad
2421 5499 2596 5561 Rom.,
2625 5514 2661 5561 ι,
2695 5499 2778 5553 18.

2225 5504 2279 5568 5)
2311 5504 2386 5551 Ad
2421 5504 2596 5561 Rom.,
2625 5514 2661 5561 ι,
2695 5504 2778 5553 18.

2200 5504 2279 5639 i4)
2313 5568 2527 5639 Legesis
2552 5568 2863 5638 opusculum
2888 5568 3149 5624 Lactantii
3179 5569 3247 5627 de
3276 5570 3351 5625 ira
3384 5571 3494 5634 Dei,
3519 5579 3555 5624 t.
3579 5584 3644 5622 vn
3671 5610 3690 5636 ,

2132 5648 2327 5693 nostrae
2356 5638 2621 5691 editionis.
