3910 6212
221 293 364 348 1¹ἰ81

222 501 497 560 przecepta
539 505 652 543 sua.
707 489 911 544 Etenim
965 491 1006 542 si
1051 490 1222 541 omnis
1268 489 1380 541 dies
1421 488 1578 542 habet
1619 502 1797 540 curam

225 596 384 636 suam
413 593 467 637 et
496 583 766 645 malitiam,
788 581 980 634 sufﬁcit
1011 582 1144 643 sibi;
1171 581 1239 633 de
1269 581 1536 648 prteterito
1564 580 1649 633 die
1674 577 1800 636 nihil

229 673 356 727 addi
385 674 544 726 debet
581 672 645 725 ad
673 673 896 724 alterum
929 669 1006 740 (1)
1036 671 1194 723 diem.
1233 672 1388 738 Ergo.

307 763 466 817 Vens.
484 762 549 815 9.7
560 760 770 814 .—Non
785 761 975 814 occidat
989 778 1144 829 supra
1156 761 1470 813 iracundiam
1484 768 1688 811 vestram
1702 760 1798 822 sol,

230 870 391 924 neque
410 853 574 906 locum
593 851 718 904 detis
744 850 942 903 diabolo
963 851 1066 920 ('2),
1092 851 1134 903 si
1165 850 1308 904 enim
1343 850 1594 902 manserit
1626 849 1722 908 ira,
1749 851 1798 900 in

231 943 382 998 venit
412 943 830 997 illeoccasionem
861 950 916 993 nt
939 957 1035 993 nos
1058 944 1106 993 in
1127 950 1336 1008 peceata
1361 941 1536 1004 ducat,
1561 949 1612 993 et
1635 939 1796 992 facia-

231 1048 354 1088 mus
375 1031 571 1101 aliquid
594 1046 696 1085 non
716 1029 1043 1092 faciendum;
1069 1029 1206 1096 quod
1226 1029 1508 1083 estdiaboli
1530 1030 1801 1082 voluntate

233 1139 478 1196 peccare.
525 1122 599 1176 Ita
643 1122 939 1177 ostenditur
980 1138 1044 1176 ex
1094 1123 1192 1176 hoc
1233 1130 1498 1190 princepto
1539 1121 1590 1174 in
1621 1130 1797 1175 nostra

233 1227 495 1288 potestate
521 1231 659 1281 esse,
679 1225 732 1269 ct
761 1217 934 1282 irasci,
955 1226 1008 1270 et
1038 1231 1140 1270 non
1169 1216 1362 1280 irasci;
1387 1225 1440 1269 et
1459 1215 1671 1270 diabolo
1695 1215 1799 1268 ira-

233 1307 484 1364 cundiam
527 1306 842 1371 immittere,
869 1305 961 1360 sed
993 1307 1324 1360 occasionem
1361 1307 1555 1360 habere
1595 1318 1650 1360 ut
1680 1320 1798 1359 cum

234 1415 334 1455 nos
365 1399 642 1453 irascimur
669 1399 864 1467 aliquid
897 1412 994 1451 nos
1025 1398 1177 1451 faciat
1208 1397 1308 1465 (5).
1341 1397 1449 1450 Hoc
1477 1397 1529 1450 in
1557 1397 1802 1450 omnibus

233 1491 511 1544 aﬂ'cctibus
532 1491 718 1544 animru
740 1488 1100 1558 cogitandum,
1119 1498 1172 1541 et
1199 1490 1252 1542 in
1277 1489 1420 1541 omni
1443 1496 1560 1542 actu
1582 1487 1797 1553 diaboli,

235 1583 362 1636 nihil
395 1583 538 1636 illum
573 1596 725 1652 posse
752 1582 891 1635 circa
924 1595 1052 1644 nos,
1087 1581 1186 1635 nisi
1217 1596 1336 1635 cum
1381 1582 1476 1649 ipsi
1507 1596 1600 1649 per
1629 1595 1723 1633 nos
1748 1589 1802 1633 et

233 1674 566 1729 occasionem
585 1673 788 1726 damus.
807 1670 875 1724 Ita
901 1680 954 1725 et
975 1671 1173 1724 domini
1193 1686 1374 1726 sumus
1399 1678 1595 1726 nostrae
1613 1670 1798 1724 volun-

1181 286 1245 342 IN
1287 284 1663 341 EPISTOLAM
1712 285 1801 339 AD
1843 283 2171 340 El’liblleS
2210 284 2410 340 LIBER
2450 285 2516 340 Π.

220 400 347 456 Hoc
391 401 662 455 imitantur
712 397 861 452 multi
907 405 1266 468 prmeeptum,
1317 407 1371 451 et
1417 406 1615 465 ponunt
1662 395 1875 454 interA

3336 279 3473 335 i282

1976 398 2135 452 Vsus.
2166 397 2326 452 50.—
2356 397 2421 450 Et
2452 397 2602 448 nolite
2632 397 2927 449 contristare
2956 395 3211 465 Spiritum
3245 408 3473 450 sanctum

1907 491 1998 543 Dei
2024 507 2041 544 :
2071 492 2149 544 vel
2184 500 2436 552 vestrum,
2469 488 2556 557 qui
2586 499 2666 542 est
2693 489 2741 540 in
2776 488 2944 551 vobis,
2977 488 3056 540 vel
3084 489 3171 557 qni
3205 497 3286 541 est
3316 488 3367 541 in
3400 487 3475 542 al-

1905 592 2046 645 tero;
2080 583 2163 651 qui
2194 591 2334 635 conti
2355 579 2600 633 istabitur
2622 582 2758 632 malo
2782 594 3030 634 sermone
3054 588 3250 632 Vestro.
3279 578 3471 645 Nolite,

1904 675 2089 741 inquit,
2112 675 2405 726 contristare
2424 672 2671 738 Spiritum
2691 682 2918 724 sanctum
2942 669 3037 723 Dei
3057 711 3071 735 ,
3095 671 3146 722 in
3175 686 3271 739 quo
3290 669 3474 739 signati

1904 768 2050 819 estis:
2073 765 2122 819 iu
2150 781 2253 834 quo
2281 764 2468 832 spiritu
2488 777 2582 816 vos
2606 763 2784 832 utique
2811 761 3108 831 consignali
3139 763 3267 815 estis
3295 763 3472 830 signa-

1905 857 2048 908 tione
2077 871 2170 925 per
2200 854 2452 926 Spiritum
2484 863 2723 906 sanctum
2754 862 2840 907 :ct
2869 857 3038 920 ipsum
3078 852 3241 905 nolite
3279 852 3475 905 contri-

1905 959 2064 1010 Stare,
2091 949 2168 999 vel
2196 949 2245 998 in
2277 947 2445 1008 vobis,
2471 960 2588 997 enin
2619 947 2812 998 malum
2841 958 3146 998 sermonem
3176 943 3371 1008 dicitis,
3391 942 3474 996 vel

1904 1037 1957 1090 in
1992 1037 2346 1091 audientibus.
2380 1035 2528 1088 Indie
2560 1037 2636 1102 (Ι)
2678 1035 3054 1102 redemptionis.
3086 1032 3230 1088 Ordo
3257 1051 3268 1083 :
3293 1033 3474 1088 consi-

1902 1129 2045 1196 gnati
2075 1128 2203 1180 estis
2234 1128 2283 1179 in
2311 1124 2396 1179 die
2432 1124 2812 1192 redemptionis
2839 1141 2851 1176 :
2877 1139 2970 1193 per
3002 1125 3171 1192 ipsum
3209 1124 3348 1178 enim
3392 1139 3474 1178 re-

1903 1196 2138 1285 demptio
2167 1226 2336 1274 vestra
2367 1219 2581 1270 factaest
2603 1234 2616 1278 ;
2641 1231 2760 1284 qua:
2791 1216 3088 1284 redemptio
3109 1223 3310 1270 certum
3333 1214 3471 1270 diem

1904 1307 2085 1371 habet,
2109 1308 2311 1361 scilicet
2337 1305 2650 1376 Deijudicii.
2675 1306 2872 1373 Signati
2893 1307 3034 1360 enim
3064 1321 3249 1360 sumus
3279 1307 3329 1360 in
3354 1307 3472 1377 Spi-

1903 1399 2004 1451 ritu
2028 1407 2232 1462 sancto,
2257 1399 2308 1451 in
2337 1397 2424 1451 die
2451 1411 2557 1467 quo
2588 1395 2901 1450 redimimur
2929 1413 2988 1451 ac
3020 1398 3328 1452 liberamur.

1974 1491 2139 1549 Vens,
2173 1491 2333 1544 3i.—-
2355 1488 2532 1543 Omnis
2553 1490 2687 1542 enim
2713 1490 3000 1543 amaritudo
3025 1500 3071 1543 et
3094 1491 3373 1560 indignatio
3394 1492 3474 1561 (2)

1903 1591 1946 1633 et
1969 1582 2160 1634 clamor
2185 1593 2230 1633 et
2257 1580 2566 1649 blasphemia
2586 1581 3040 1650 anferatnravobis
3066 1598 3182 1633 cum
3211 1582 3348 1634 omni
3369 1599 3474 1634 ma-

1904 1675 2031 1726 litia.
2051 1672 2316 1726 Conclusit
2336 1672 2568 1726 breviter
2587 1673 3297 1741 quinque:amaritudinem,
3319 1673 3466 1738 iram,

239 1764 394 1828 tatis,
423 1772 478 1817 et
501 1763 681 1816 merita
704 1760 770 1815 de
798 1761 949 1815 bonis
981 1760 1114 1815 bona
1144 1760 1420 1826 habemus,
1449 1771 1500 1816 et
1526 1777 1706 1830 ptenas
1733 1762 1799 1815 de
1828 1761 1875 1819 B
1902 1763 2335 1831 indignationem,
2367 1763 2677 1828 clamorem,
2711 1763 3116 1831 blaSphemiam.
3143 1765 3470 1834 Quamquam

235 1855 389 1909 malis-
417 1854 641 1918 actibus,
661 1853 779 1921 quia
811 1863 991 1907 nostro
1019 1853 1149 1908 vitio
1168 1854 1221 1906 fit
1239 1853 1448 1908 diabolo
1463 1854 1670 1907 occasio
1699 1853 1797 1922 (Α).

303 1946 466 2000 Vens.
499 1945 807 2009 28z—Qui
835 1945 1095 2012 furabatur
1139 1947 1240 2012 iam
1284 1961 1383 1998 non
1427 1947 1639 2014 furatur.
1691 1943 1799 1996 Non

235 2036 457 2092 omnino
501 2049 720 2102 peccare
743 2076 756 2099 ,
789 2046 1060 2103 peccatum
1092 2044 1174 2089 est
1207 2033 1288 2105 (5)
1310 2075 1322 2096 ,
1352 2035 1445 2089 sed
1491 2035 1542 2088 in
1587 2044 1803 2103 peccato

235 2143 578 2200 perseverare
611 2145 623 2179 :
654 2126 809 2180 datur
853 2127 992 2180 enim
1041 2125 1366 2194 paenitentiae
1413 2126 1559 2180 locus
1586 2167 1600 2189 ,
1648 2125 1803 2180 datur

236 2217 577 2273 correctioni.
625 2215 765 2284 Ergo
807 2216 893 2284 qui
939 2214 1226 2276 iurabatur,
1272 2215 1378 2283 jam
1426 2230 1527 2268 noti
1576 2215 1798 2270 foretur.

236 2309 352 2364 Non
379 2319 552 2363 autem
585 2309 682 2363 hoc
710 2308 775 2361 ad
810 2310 907 2362 hoc
934 2309 1104 2362 solum
1137 2317 1408 2376 peceatum
1440 2308 1679 2376 accipere
1708 2308 1803 2362 de-

236 2400 424 2455 bemus
445 2441 461 2464 ,
494 2398 586 2452 sed
616 2398 680 2452 ad
707 2399 920 2460 omnia;
953 2408 1010 2451 ut
1050 2400 1135 2467 qui
1177 2400 1229 2452 in
1261 2413 1591 2468 quocumque
1617 2413 1801 2467 pecca-

236 2491 348 2556 bat,
366 2489 475 2558 jam
507 2503 611 2543 non
635 2497 838 2556 peccet.
869 2488 1038 2544 Omne
1059 2490 1199 2543 enim
1231 2499 1500 2557 peccatum
1526 2505 1645 2543 cum
1668 2503 1804 2543 com-

237 2583 464 2636 mittitur
503 2582 740 2645 occulte,
789 2580 981 2636 furtum
1027 2591 1107 2635 est
1148 2599 1160 2634 :
1203 2581 1294 2635 sed
1334 2597 1453 2634 cum
1491 2582 1629 2635 sciat
1669 2581 1804 2635 Dens

236 2688 398 2728 omne
423 2673 562 2742 quod
607 2672 845 2740 geritur,
882 2687 984 2724 non
1031 2683 1114 2725 est
1143 2671 1499 2740 peccandum,
1544 2682 1599 2724 ut
1643 2670 1803 2724 furari

237 2779 338 2818 nos
357 2763 632 2817 credamus
657 2771 870 2828 peccata
892 2772 1072 2816 nostra
1101 2778 1114 2824 ;
1139 2763 1331 2830 quippe
1352 2777 1472 2816 cum
1495 2763 1671 2815 omnia
1695 2777 1805 2814 ma-

238 2853 428 2909 nifesta
456 2853 600 2906 sint:
633 2851 798 2921 Magis
828 2865 992 2905 autem
1037 2852 1224 2905 laboret
1264 2852 1515 2919 cperando
1555 2854 1802 2904 manibus.

238 2945 366 3000 suis.
399 2944 474 2997 Ex
517 2943 616 2997 hoc
663 2942 884 3010 intelligi
934 2942 1076 3004 licet,
1118 2957 1242 2996 vere
1283 2943 1346 2996 de
1391 2941 1613 3010 simplici
1650 2956 1805 3008 supra

240 3034 470 3097 dixisse,
502 3043 562 3087 ut
590 3048 746 3086 nemo
771 3034 879 3101 jam
909 3034 1130 3100 fttrelur,
1155 3035 1363 3102 quando
1391 3033 1628 3102 adiunxit
1652 3035 1807 3103 magis

1903 1864 1956 1908 et
1985 1854 2317 1921 subjunxerit
2345 1869 2512 1925 genus
2537 1870 2650 1906 cum
2679 1855 2815 1907 onini
2842 1854 3058 1909 malitia.
3091 1855 3298 1911 Etenim
3329 1874 3475 1913 ama-

1904 1947 2077 2000 ritudo
2104 1954 2184 2000 cst
2214 1948 2341 2000 etin
2366 1945 2672 2009 invidendo,
2700 1947 2818 2000 etin
2851 1947 2987 2000 male
3027 1947 3309 2016 loquendo,
3339 1958 3391 2004 et
3421 1950 3472 2005 iu

1904 2039 2110 2090 ca-teris
2135 2037 2448 2090 actionibus.
2486 2037 2546 2089 Et
2579 2037 2703 2091 item
2733 2036 2832 2102 ira,
2863 2039 3025 2090 animi
3053 2049 3229 2093 motus
3249 2051 3328 2095 est
3351 2057 3472 2096 cum

1905 2129 2192 2183 ulciscendi
2219 2129 2434 2182 libidine
2455 2138 2612 2198 atque
2638 2129 2906 2197 puniendi.
2938 2130 3231 2196 Indignatio
3260 2141 3342 2187 est
3364 2148 3476 2188 mo-

1907 2230 1988 2273 tns
2017 2222 2177 2274 animi
2225 2224 2434 2276 fervens
2477 2230 2528 2274 et
2560 2222 2729 2275 elatus
2768 2223 2903 2276 ultra
2951 2223 3220 2277 meritum.
3265 2224 3476 2280 Clamor

1905 2321 2078 2364 autem
2103 2352 2115 2373 ,
2150 2326 2251 2365 vox
2283 2311 2460 2380 aliquo
2495 2311 2673 2366 furore
2711 2313 2935 2380 prolata.
2966 2313 3297 2383 Blasphemia
3319 2356 3333 2381 ,
3361 2316 3473 2384 jam

1907 2403 2068 2457 Deum
2100 2403 2298 2457 latdens
2325 2412 2407 2458 est
2436 2402 2489 2456 in
2520 2403 2684 2457 Deum
2717 2404 2907 2457 emissa
2937 2404 3020 2457 vel
3066 2419 3166 2459 vox
3197 2406 3279 2460 vel
3310 2409 3476 2461 scele-

1906 2505 2019 2549 rata
2041 2494 2308 2563 cogitatio.
2335 2495 2480 2560 Hcce,
2505 2497 2694 2563 inquit,
2717 2498 2892 2550 omnia
2914 2496 3221 2553 auferantur
3245 2516 3274 2554 a
3296 2501 3470 2556 vobis:

1908 2603 2003 2655 pro
2031 2603 2094 2641 eo
2121 2588 2259 2656 quod
2290 2597 2405 2652 est,
2435 2604 2463 2640 a
2497 2589 2644 2642 vobis
2673 2591 2879 2644 auferte
2910 2607 2922 2641 :
2955 2589 3048 2645 sed
3079 2591 3150 2644 ita
3181 2602 3260 2646 est
3285 2603 3338 2647 et
3363 2594 3474 2660 ipse

1907 2693 2113 2744 sensus,
2146 2677 2417 2731 auferatur
2443 2695 2473 2732 a
2504 2679 2654 2732 vobis
2680 2696 2693 2733 :
2723 2679 2861 2748 quod
2893 2697 3016 2734 vere
3043 2681 3174 2735 dixit
3198 2700 3310 2736 cum
3337 2686 3474 2739 omni

1907 2769 2099 2821 malitia
2133 2770 2287 2837 :qnia
2320 2769 2430 2823 fieri
2463 2779 2653 2837 potest,
2689 2772 2826 2838 quod
2859 2773 3099 2841 quaedam
3129 2775 3245 2830 sine
3275 2779 3474 2832 malitia

1909 2860 2052 2924 fiant,
2087 2868 2142 2911 ut
2171 2861 2472 2926 ignorantes
2504 2862 2552 2913 in
2587 2861 2912 2930 blaSphemia
2943 2865 3140 2929 simus,
3173 2867 3476 2936 ignorantes

1907 2952 2224 3012 clamemus,
2256 2952 2592 3021 indignemur
2616 2955 2732 3007 sine
2763 2955 2980 3009 malitia.
3012 2957 3135 3012 Hmc
3162 2960 3338 3013 omnia
3366 2977 3475 3015 au-

1911 3041 2147 3095 ferantur
2170 3058 2281 3095 cum
2312 3045 2446 3095 omni
2474 3045 2686 3097 malitia.
2722 3046 2808 3101 Sic
2832 3047 3007 3112 enim,
3037 3057 3095 3101 ut
3124 3063 3282 3119 supra
3312 3052 3475 3108 loculi

239 3136 406 3178 autem
431 3124 623 3178 laboret
651 3125 903 3193 operando
945 3125 1174 3178 manibus
1216 3129 1340 3179 suis.
1369 3127 1467 3190 Qui
1499 3127 1638 3180 enim
1667 3127 1809 3179 labo-
1833 3121 1879 3182 C
1910 3147 2093 3188 sumus
2118 3174 2132 3198 ,
2160 3134 2464 3198 irascimini,
2504 3136 2590 3188 sed
2628 3137 2781 3190 nolite
2807 3153 3031 3206 peccare.

242 3226 328 3273 rat
354 3216 623 3286 operando
653 3217 894 3270 manibus
919 3259 934 3279 ,
967 3218 1120 3270 habet
1151 3217 1287 3271 unde
1319 3217 1459 3270 vivat
1500 3235 1512 3268 :
1549 3231 1652 3270 non
1683 3233 1808 3286 ergo

241 3308 466 3364 furctur.
493 3308 985 3362 Animadvertamus
1016 3318 1267 3377 prmterea
1295 3310 1414 3378 quia
1446 3309 1667 3378 simplex
1700 3310 1808 3362 dic-

241 3408 356 3455 tum
384 3407 484 3464 e5t,
516 3411 636 3450 cum
669 3397 911 3451 manibus
943 3399 1210 3467 operantis
1243 3398 1574 3462 laboramus;
1609 3398 1809 3467 reliqua

243 3505 312 3544 ex
339 3499 454 3542 arte
479 3528 493 3551 ,
523 3503 586 3541 ex
620 3487 830 3556 ingenio
856 3527 870 3551 ,
906 3489 982 3540 vel
1015 3487 1254 3542 oratione
1275 3526 1291 3552 ,
1319 3489 1400 3542 vel
1437 3488 1674 3556 quolibet
1703 3489 1806 3542 alio

243 3577 424 3632 modo.
460 3575 557 3632 Ubi
589 3592 692 3629 non
719 3590 878 3644 Opera
907 3584 986 3629 est
1018 3591 1286 3642 manuum,
1322 3577 1486 3646 magis
1515 3576 1650 3630 furta
1680 3578 1804 3639 sint,

246 3682 402 3736 quam
430 3667 603 3720 victus
634 3666 814 3720 labore
835 3665 1118 3735 quaesitus;
1138 3666 1277 3735 quod
1301 3667 1494 3721 bonum
1517 3678 1617 3732 eSt,
1638 3677 1693 3720 ut
1715 3666 1809 3720 ha-

246 3760 369 3814 beat
390 3759 780 3813 communicare
812 3759 1181 3812 necessitatem
1208 3757 1453 3822 habenti;
1477 3769 1530 3812 ut
1550 3774 1612 3813 ex
1637 3759 1809 3827 operi-

247 3848 349 3903 bus
367 3863 460 3917 per
489 3861 673 3900 manus
700 3861 823 3900 snas
846 3855 1200 3915 consequatur
1228 3845 1367 3915 quod
1394 3848 1505 3916 ipse
1523 3847 1731 3911 habeat,
1757 3858 1808 3902 et

247 3939 604 3994 communicet
621 3938 667 3992 ei
689 3938 778 4007 qui
802 3937 991 3992 habeat
1015 3938 1413 4001 necessitatem;
1440 3949 1597 4008 atque
1618 3940 1682 3993 de
1700 3942 1809 3994 suis

249 4030 499 4098 operibus
523 4028 659 4095 quod
687 4028 951 4082 commodi
982 4039 1300 4082 consecutus
1332 4028 1510 4091 fuerit,
1535 4031 1805 4099 largiatur.

319 4117 484 4172 Vens.
519 4117 610 4171 29.
641 4146 709 4158 ——
736 4118 910 4170 Omnis
937 4134 1095 4171 sermo
1126 4119 1288 4171 molas
1327 4120 1388 4172 dc
1417 4136 1501 4173 ore
1525 4131 1684 4174 vestro
1711 4139 1809 4176 non

249 4208 507 4281 procedat.
541 4206 606 4260 Et
635 4208 733 4260 hoc
763 4217 1080 4276 praeceptum
1107 4207 1174 4262 de
1201 4223 1265 4262 eo
1289 4220 1400 4275 est,
1431 4212 1569 4279 quod
1601 4228 1703 4266 non
1732 4213 1810 4265 fa-

249 4299 496 4354 ciendum
525 4308 625 4352 est.
660 4297 834 4351 Munni
859 4307 1056 4363 autem,
1088 4299 1193 4353 duo
1217 4315 1334 4354 esse
1363 4317 1553 4370 genera
1580 4319 1814 4372 przecep-

251 4396 424 4445 torum
443 4389 566 4456 quid
585 4388 876 4442 faciendum
899 4407 910 4440 :
931 4405 1104 4453 nemo,
1132 4390 1320 4458 inquit,
1344 4392 1574 4459 proferat
1595 4394 1808 4449 verbum

214 4543 219 4546 ί
250 4491 314 4534 ex
345 4477 564 4532 malitia.
600 4475 730 4531 Hinc
755 4477 896 4531 enim
929 4492 1174 4547 magnum
1195 4490 1499 4546 peceatum;
1532 4481 1812 4537 sicutidic-
1841 4483 1891 4543 D
1919 4515 2013 4553 ηοε

250 4577 362 4624 tum
385 4569 488 4634 (ti),
516 4581 616 4622 non
643 4568 780 4636 quod
812 4568 861 4620 in
888 4583 948 4621 os
973 4569 1161 4628 intrat.
1190 4570 1285 4624 sed
1308 4571 1444 4638 quod
1471 4571 1538 4625 de
1564 4589 1658 4628 ore
1682 4575 1809 4639 exit,

248 4658 535 4726 plurimum
576 4665 749 4711 nocet.
791 4657 896 4711 Sed
936 4658 979 4710 si
1010 4660 1119 4726 quis
1147 4659 1303 4713 bonus
1326 4661 1392 4711 ad
1429 4661 1811 4729 aediﬁcationem

252 4748 392 4818 fidei,
425 4756 480 4800 ut
504 4747 586 4800 det
607 4749 820 4818 gratiam
851 4747 1184 4803 audientibus.
1219 4749 1284 4805 Ut
1313 4767 1488 4806 sermo
1516 4762 1689 4818 exeat,
1721 4757 1811 4825 qui

252 4848 334 4894 est
363 4838 550 4892 bonus.
581 4837 678 4904 Qui
720 4846 800 4892 est
832 4847 1008 4891 autem
1037 4838 1205 4895 bonus
1243 4843 1462 4895 sermo?
1488 4842 1552 4896 ad
1579 4844 1810 4899 aedifica-

251 4931 449 4984 tionem
479 4929 618 4983 fidei.
649 4929 797 4983 Tunc
825 4929 964 4983 enim
991 4930 1220 4985 audienti
1249 4933 1465 5002 gratiam
1492 4933 1658 5001 dabit,
1689 4951 1809 4991 cum

255 5023 306 5079 id
337 5023 476 5094 quod
502 5021 762 5093 loquitur,
793 5022 1019 5078 :edificat
1045 5023 1221 5078 fidem.

326 5189 406 5328 ξιξ
433 5188 600 5245 Codd.
631 5199 890 5245 teternum.

351 5264 384 5314 2
441 5261 614 5328 \’ulg..
645 5258 818 5314 Nolite
841 5261 888 5312 lo

351 5258 406 5330 2)
441 5261 614 5330 ναις..
645 5258 818 5314 Nolite
841 5261 1004 5314 locant
1030 5260 1150 5316 dare
1175 5263 1394 5319 diabolo.

328 5331 408 5469 $3)
439 5329 512 5384 Ita
527 5329 736 5412 _leg.itur.
755 5331 804 5383 in
831 5331 984 5410 codd.

355 5396 413 5464 4)
437 5400 658 5468 Insignis
681 5399 930 5469 Victorini
959 5399 984 5454 d

355 5396 413 5464 4)
437 5396 658 5468 Insignis
681 5398 930 5452 Victorini
959 5399 1198 5457 doctrina
1225 5403 1292 5458 de
1318 5405 1544 5459 humana
1569 5405 1816 5461 libertate

258 5469 311 5525 in
339 5468 532 5522 diaboli
564 5468 957 5523 tentationibus.

329 5538 406 5609 (5)
438 5538 574 5592 [dest
591 5547 858 5615 peccatum
881 5539 997 5615 sine
1015 5542 1190 5615 venia,
1215 5551 1486 5614 peccatum
1503 5543 1645 5615 quod
1666 5559 1815 5602 reum

260 5607 573 5681 perpetuum
601 5608 873 5681 constituit
897 5607 1185 5666 hominem.

331 5676 408 5748 (6)
432 5675 640 5744 κείω..
673 5690 762 5742 xv,
797 5678 878 5731 Η.

1982 3225 2142 3279 Vens.
2166 3225 2503 3279 52.——Estote
2528 3237 2692 3280 autem
2716 3229 2923 3281 invicem
2954 3230 3171 3301 benigni.
3196 3233 3284 3288 illa
3315 3249 3476 3304 supe-

1908 3316 2070 3377 riora,
2094 3327 2144 3369 ut
2174 3317 2304 3380 dixi,
2324 3331 2427 3371 non
2455 3317 2726 3385 facienda;
2752 3319 2866 3373 inec
2894 3337 3012 3389 qua:
3033 3322 3270 3380 facienda
3291 3337 3375 3380 :ut
3397 3329 3475 3381 in-

1908 3409 2074 3462 vicem
2107 3408 2312 3477 benigni
2337 3410 2481 3472 sitis;
2513 3424 2614 3463 ιιοη
2643 3425 2775 3465 unus
2805 3412 2856 3465 in
2886 3413 3132 3479 alterum,
3157 3416 3250 3469 sed
3279 3418 3472 3487 singuli

1911 3504 1959 3552 in
1974 3501 2228 3570 singulos,
2247 3501 2314 3554 ita
2328 3515 2514 3556 omnes
2527 3502 2580 3556 in
2598 3517 2802 3558 omnes.
2815 3505 2877 3557 Et
2894 3508 3261 3573 misericordes,
3276 3510 3473 3565 donan-

1912 3601 1982 3644 tes
2017 3593 2148 3645 vobis
2178 3592 2408 3645 invicem.
2442 3593 2504 3646 Et
2539 3595 2588 3646 in
2621 3596 2982 3663 superioribus
3016 3599 3234 3653 invicem
3268 3602 3470 3670 posuit,

1910 3690 2061 3735 estote
2088 3684 2294 3736 invicem
2311 3684 2525 3752 benigni.
2552 3685 2690 3738 Dixit
2707 3687 2864 3741 etiam
2882 3687 3141 3745 donantes
3161 3693 3308 3748 vobis
3330 3694 3473 3747 invi-

1910 3788 2056 3834 cem;
2081 3774 2216 3828 unde
2242 3783 2294 3828 et
2324 3775 2694 3829 misericordes
2717 3776 2940 3832 invicem
2966 3781 3148 3836 audire
3174 3781 3429 3839 debemus
3455 3803 3469 3851 ;

1912 3861 2169 3918 donantes
2198 3876 2374 3919 autem
2397 3867 2598 3921 scilicet
2627 3880 2860 3936 peccata.
2888 3871 3125 3940 Denique
3152 3875 3217 3927 de
3244 3877 3474 3941 peccatis

1913 3952 2012 4006 hoc
2057 3954 2252 4008 dictum
2302 3971 2420 4011 esse
2458 3972 2522 4012 ex
2564 3973 2629 4012 eo
2657 3960 2919 4024 declarat,
2951 3965 3090 4032 quod
3133 3966 3471 4035 subjunctum

1911 4054 1992 4099 est
2019 4047 2146 4099 sicut
2174 4059 2220 4101 et
2253 4047 2384 4103 Deus
2409 4051 2458 4102 in
2487 4049 2687 4104 Christo
2713 4054 2915 4107 donavit
2937 4057 3072 4108 vobis
3089 4073 3110 4119 ;
3138 4059 3316 4128 utique
3347 4079 3470 4131 pec-

1913 4144 2060 4188 cata:
2091 4137 2140 4188 in
2169 4137 2381 4192 Christo
2406 4151 2579 4194 autem
2601 4182 2615 4205 ,
2649 4151 2704 4195 ut
2733 4144 3035 4214 frequenter
3061 4148 3287 4205 diximus
3307 4194 3320 4217 ,
3353 4157 3474 4223 quia

1915 4244 2008 4297 pro
2035 4229 2188 4284 nobis
2215 4231 2460 4286 Christus
2491 4244 2728 4288 mortuus
2754 4246 2836 4290 est
2863 4257 2874 4290 :
2903 4252 3031 4306 ergo
3061 4240 3112 4293 in
3142 4241 3352 4297 Christo
3380 4246 3474 4301 do-

1915 4327 2033 4372 nata
2075 4329 2197 4374 sunt
2241 4331 2453 4389 peccata
2500 4325 2670 4379 nobis.
2703 4326 3009 4396 Mysterium
3039 4332 3177 4386 enim
3208 4334 3334 4390 illud
3360 4376 3375 4401 ,
3419 4347 3475 4394 ut

1914 4409 2218 4478 frequenter
2260 4413 2508 4479 diximus,
2558 4430 2653 4483 pro
2684 4419 2913 4484 peccatis
2955 4430 3152 4477 nostris
3194 4433 3273 4479 est
3307 4444 3320 4477 :
3351 4429 3473 4496 quia

2052 4508 2263 4569 peccata
2291 4502 2503 4557 vincere
2533 4520 2636 4558 non
2679 4515 2981 4575 poteramus
3000 4552 3014 4576 ,
3045 4513 3192 4567 venit
3223 4514 3475 4573 Dominus

1914 4603 2128 4656 noster,
2155 4593 2241 4662 qui
2267 4604 2538 4662 peccatum
2569 4595 2842 4663 vinceret,
2873 4608 2926 4653 et
2952 4601 3028 4654 sic
3054 4613 3266 4670 peccata
3298 4619 3474 4663 nostra

1915 4680 2067 4734 nobis
2094 4681 2333 4747 donaret,
2363 4699 2484 4738 cum
2515 4685 2567 4738 in
2594 4685 2766 4755 ipsum
2797 4689 3075 4747 credentes
3103 4708 3131 4746 a
3161 4699 3389 4763 peccatis
3417 4698 3480 4751 li-

1911 4771 2176 4828 beramur.

1983 4861 2110 4917 th.
2133 4863 2268 4916 V.—
2280 4864 2442 4920 Vitas.
2470 4866 2770 4924 L—Estote
2785 4888 2902 4943 ergo
2923 4875 3197 4932 imitatores
3219 4878 3329 4943 Dei,
3348 4880 3480 4936 sicut

1922 4954 2016 5022 [itii
2044 4953 2136 5008 Dei
2159 4955 2456 5010 cliarissimi.
2489 4959 2546 5013 In
2578 4960 2680 5016 hoc
2704 4963 2884 5033 utique
2910 4966 3197 5024 imitatores
3223 4970 3335 5037 Dei,
3359 4988 3479 5028 cum

1922 5058 1974 5102 et
2004 5061 2097 5101 vos
2128 5059 2338 5116 peccata
2366 5061 2542 5105 veSIra
2569 5053 2792 5108 invicem
2822 5057 2976 5112 vobis
3004 5059 3234 5124 donatis,
3265 5072 3321 5115 ut
3343 5063 3482 5120 Deus

1921 5136 2133 5191 donavit
2169 5139 2220 5192 in
2246 5136 2460 5195 Christo
2489 5142 2642 5197 nobis
2675 5153 2853 5200 nostra
2895 5157 3126 5216 peccata.
3156 5148 3328 5208 Vivite
3354 5170 3484 5226 ergo

1923 5229 2212 5284 imitatores
2235 5230 2348 5294 Dei,
2371 5241 2424 5286 et
2449 5233 2525 5286 sic
2555 5233 2732 5298 vivite,
2758 5245 2811 5289 ut
2834 5235 2924 5289 filii
2957 5238 3044 5293 Dei
3074 5248 3126 5294 et
3156 5240 3246 5296 filii
3276 5245 3482 5300 charis-

1919 5319 2060 5373 simi.
2086 5319 2292 5374 Etenim
2322 5321 2586 5391 siquidem
2613 5338 2709 5390 pro
2733 5325 2878 5378 vobis
2901 5325 3009 5381 filio
3037 5344 3135 5384 suo
3163 5348 3266 5387 non
3295 5350 3485 5404 peper-

1921 5409 2030 5476 cit,
2061 5418 2113 5464 et
2152 5425 2248 5480 pro
2293 5413 2521 5480 peccatis
2553 5414 2744 5469 vestris
2783 5430 2904 5471 eum
2949 5432 3164 5488 peccato
3206 5424 3387 5492 dedit,
3427 5438 3485 5482 ut

1925 5509 2196 5569 peccatum
2247 5502 2522 5568 vinceret;
2577 5503 2730 5558 sicuti
2773 5511 3082 5576 mysterium
3153 5515 3480 5585 intelligitur.

1993 5612 2070 5688 (ξ)
2099 5611 2278 5688 Χυζε..
2307 5613 2360 5666 in
2386 5614 2537 5688 diem.

1994 5682 2070 5752 (2)
2099 5682 2280 5754 Vulg.,
2309 5691 2355 5737 et
2383 5684 2478 5738 ira.
