3910 6212
486 298 622 355 1285

1709 294 1897 351 MAR“
1940 293 2280 350 VlC’l‘UlllNi
2318 294 2483 352 ΔΕΜ

3613 304 3738 362 ιω

558 413 718 469 Vens.
749 411 953 467 2.-—-Et
978 412 1229 467 ambulate
1253 413 1306 465 in
1335 411 1620 466 dilectione.
1651 408 1893 479 Magnum
1924 423 2061 478 praz-
2086 412 2138 469 Α
2164 405 2373 475 debeat,
2405 408 2455 462 id
2473 416 2557 464 est
2581 410 2720 465 istud
2747 410 2938 481 gratias
2964 430 3178 484 agamus
3200 432 3219 469 :
3247 430 3357 471 non
3374 415 3595 473 dubium
3621 421 3738 489 quin

483 514 695 571 ceptum
720 512 773 558 et
802 503 983 571 utique
1012 499 1369 565 retinendum,
1394 501 1571 555 omnia
1600 499 1739 554 enim
1761 497 2056 563 concludit;

483 603 536 647 et
563 593 759 648 sufﬁcit
786 593 1040 658 charitas,
1072 594 1123 648 iu
1148 609 1248 665 qua
1275 594 1359 648 lex
1388 603 1495 648 tota
1526 602 1634 656 est;
1667 602 1721 647 et
1749 600 1912 646 totum
1942 606 2060 661 my-

2163 496 2302 561 Deo;
2327 512 2643 568 quamquam
2665 510 2718 554 et
2744 500 3080 569 hominibus;
3109 512 3164 559 et
3187 505 3309 561 ideo
3329 521 3467 576 pure
3489 510 3735 577 positum.

2235 587 2393 643 Vens.
2426 588 2479 643 5.
2524 620 2595 631 -
2624 590 2735 646 Hoc
2759 595 2889 647 enim
2911 596 3088 650 scitote
3111 596 3190 668 (Ι)
3218 598 3358 667 quod
3386 602 3551 655 omnis
3570 602 3736 672 impa-

482 685 703 738 stcrium
747 684 1182 749 christiauitatis,
1212 684 1430 739 dilectio
1459 694 1513 737 et
1549 681 1802 736 Charitas.
1838 681 1981 736 Sicut
2011 688 2060 734 et
2161 675 2303 731 dictu
2341 687 2428 731 aut
2454 680 2741 735 immundus
2768 695 2854 735 aut
2883 700 3066 739 avarus
3092 688 3226 756 quod
3252 698 3326 742 est
3352 690 3609 745 idolorum
3637 710 3741 747 ser-

483 772 713 827 Cltristus
747 774 924 827 dilexit
948 790 1032 827 vos
1070 772 1174 845 (1).
1208 771 1319 827 Hoc
1361 782 1445 827 est
1482 766 1623 839 quod
1660 785 1818 838 supra
1857 769 2056 823 dictum

480 867 753 920 imitatores
778 864 875 919 Dei
903 875 958 919 ut
981 875 1035 920 et
1064 880 1156 918 vos
1184 864 1409 918 invicem
1439 862 1667 933 diligatis
1697 878 1821 923 vos,
1854 860 1982 913 sicut
2006 867 2055 912 et

480 957 705 1012 Christus
731 957 908 1012 dilexit
936 974 1038 1011 vos.
1065 956 1201 1024 Quid
1234 965 1315 1010 est
1344 964 1520 1009 autem
1553 954 1731 1007 dilexit
1766 964 1812 1006 et
1847 951 2056 1004 tradidit

480 1048 797 1118 semetipsum
826 1063 917 1117 pro
946 1044 1123 1100 vobis?
1146 1046 1338 1100 Eadem
1367 1045 1679 1109 substantia,
1709 1059 1871 1097 unum
1901 1041 1978 1112 (2)
2004 1048 2056 1095 et

479 1140 769 1191 voluntate.
811 1138 876 1192 Et
926 1139 1050 1192 item
1082 1151 1180 1206 ego
1222 1146 1275 1189 et
1314 1146 1464 1205 pater
1513 1149 1672 1188 unum
1705 1147 1888 1187 sumus
1960 1128 2055 1185 Hic

477 1226 690 1283 tradidit
726 1227 1068 1297 semetipsum
1101 1242 1196 1296 pro
1228 1226 1408 1290 vobis;
1442 1223 1493 1279 id
1525 1232 1607 1279 est
1637 1238 1733 1294 pro
1762 1223 1865 1276 alio
1888 1263 1901 1288 ,
1943 1220 2053 1275 tilio

476 1333 575 1371 suo
603 1332 706 1371 non
750 1318 1015 1387 pepercit;
1065 1325 1124 1370 ut
1163 1315 1263 1369 hoc
1295 1314 1452 1369 modo
1482 1315 1641 1369 etiam
1687 1328 1782 1367 nos
1823 1309 2051 1365 invicem

479 1423 573 1476 pro
596 1408 743 1462 vobis
774 1418 953 1461 nostra
972 1406 1192 1469 demus;
1216 1412 1271 1459 et
1299 1419 1463 1474 usque
1484 1405 1549 1459 ad
1580 1402 1700 1469 hoc,
1726 1402 1778 1456 id
1795 1411 1873 1456 est
1897 1401 2050 1469 juxta

480 1500 780 1567 passionem
813 1514 909 1569 pro
939 1498 1139 1561 altero,
1169 1496 1393 1551 invicem
1432 1496 1731 1565 diligamus.
1772 1492 1835 1545 Et
1872 1501 2051 1545 semet-

2159 767 2307 833 vitus,
2339 784 2438 822 non
2465 771 2612 825 habet
2640 773 2981 829 [nereditatem
3011 778 3061 831 in
3108 796 3263 849 regno
3292 781 3487 836 Christi
3526 795 3573 838 et
3616 784 3734 841 Dei.

2158 856 2287 912 Cum
2312 861 2407 915 tria
2430 865 2731 931 supradicta
2753 868 3039 936 posuisset,
3065 871 3161 924 tria
3186 873 3575 943 subjunxisset,
3599 894 3737 947 pra-

2156 959 2363 1019 ceptum
2399 955 2497 1007 hoc
2526 955 2596 1008 ita
2645 958 2983 1028 constringit,
3018 969 3073 1013 ut
3101 961 3294 1019 doceat
3323 965 3428 1018 tria
3458 968 3733 1033 superiora

2155 1043 2459 1110 gravissima
2487 1059 2627 1101 esse.
2657 1048 2862 1117 Quippe
2888 1057 2943 1103 et
2969 1065 3086 1105 cum
3117 1053 3185 1106 ita
3213 1055 3282 1108 sit
3307 1054 3538 1121 locutus,
3566 1059 3732 1115 utilia

2157 1131 2250 1186 tria
2273 1148 2372 1187 nec
2388 1135 2726 1191 nominentur
2748 1137 2887 1194 inter
2908 1150 3140 1196 sanctos.
3163 1142 3305 1215 Ergo
3326 1148 3528 1216 gravia.
3558 1150 3729 1216 Quam

2154 1221 2229 1293 (Ξ)
2254 1225 2471 1292 gravia?
2493 1228 2703 1292 scitote,
2728 1228 2914 1298 inquit,
2942 1231 3083 1300 quod
3109 1231 3245 1297 haec,
3273 1250 3467 1304 nempe
3491 1239 3725 1307 impudi-

2152 1316 2296 1381 citia,
2330 1318 2681 1386 inmunditia,
2724 1323 2968 1388 avaritia,
2998 1338 3103 1379 non
3136 1325 3332 1381 habent
3356 1327 3727 1386 [nereditatem

2153 1406 2202 1458 in
2253 1422 2415 1475 regno
2464 1408 2663 1465 Christi
2692 1418 2746 1465 et
2785 1412 2901 1467 Dei.
2933 1414 3224 1470 Avaritiam
3278 1428 3456 1474 autem
3504 1421 3726 1476 idolola-

2152 1499 2302 1551 triam
2330 1500 2482 1564 dixit,
2525 1502 2637 1558 sive
2674 1504 2795 1573 quia
2826 1507 2913 1575 qui
2958 1522 3148 1564 avarus
3196 1519 3299 1574 est,
3331 1515 3501 1567 servit
3539 1515 3719 1581 idolis;

476 1591 641 1661 ipsum
687 1592 895 1645 tradidit
926 1608 1017 1659 pro
1042 1591 1177 1645 vobis
1206 1590 1505 1643 oblationem
1530 1597 1577 1641 et
1606 1587 1823 1640 hostiam
1861 1584 1970 1639 Deo
1995 1586 2049 1637 in
2147 1589 2371 1645 credens
2400 1592 2498 1647 sibi
2528 1593 2595 1648 ab
2618 1596 2748 1663 ipsis
2779 1601 3017 1666 praestari
3046 1617 3163 1672 quae
3190 1604 3243 1657 in
3274 1606 3474 1661 mundo
3500 1616 3647 1674 sunt,
3672 1611 3722 1664 in

477 1684 631 1736 odore
659 1683 945 1752 ﬂagrantia:
978 1681 1076 1751 (3).
1127 1680 1330 1736 Obtulit
1370 1695 1429 1734 se
1472 1680 1613 1743 Deo,
1647 1686 1722 1769 ut;
1749 1676 2047 1769 spiritus‘et
2146 1697 2251 1751 quo
2298 1682 2377 1753 (5)
2426 1699 2619 1741 avarus
2658 1696 2759 1742 est.
2795 1689 2997 1745 Etenim
3046 1694 3208 1761 Deus,
3242 1711 3362 1751 cum
3396 1707 3460 1754 ea
3507 1710 3725 1769 prmtet

475 1771 644 1825 hostia
670 1788 761 1842 per
783 1774 882 1827 hoc
912 1772 1222 1842 mysterium
1251 1769 1438 1824 tierent
1459 1769 1656 1822 omnia.
1687 1767 1780 1821 llic
1800 1779 1878 1820 est
1902 1767 2044 1819 enim
2075 1773 2121 1832 B
2146 1786 2263 1840 quze
2282 1772 2333 1826 in
2358 1773 2533 1827 futuro
2556 1783 2703 1842 sunt;
2728 1778 2815 1847 qui
2836 1794 3025 1835 avarus
3046 1790 3146 1848 est,
3175 1787 3356 1856 utique
3382 1788 3450 1842 de
3470 1767 3720 1858 prxunti

473 1860 606 1914 odor
635 1860 785 1915 bona:
834 1858 1152 1929 ﬂagrantitc;
1201 1859 1353 1929 cujus
1397 1856 1744 1913 substantiam
1784 1854 2038 1923 spiritus,

473 1951 691 2006 odorem
720 1946 871 2006 home
902 1950 1193 2022 ilagrantim
1221 1965 1339 2005 esse
1364 1950 1497 2003 dixit
1521 1966 1533 2001 :
1557 1948 1624 2003 de
1655 1964 1754 2017 qua
1784 1961 1841 2001 re
1866 1956 1946 2001 est
1975 1947 2041 2000 li-

474 2043 570 2098 bcr
591 2054 769 2098 certus
801 2044 899 2098 hoc
938 2058 1210 2112 exponens
1238 2043 1361 2113 quid
1406 2043 1621 2111 spiritus
1658 2048 1757 2104 sit,
1788 2048 1843 2093 et
1882 2054 2038 2108 quam

472 2134 872 2203 intelligentiam
904 2134 1118 2199 habeat,
1153 2146 1206 2188 ut
1232 2134 1524 2189 substantia
1551 2130 1666 2202 ejus
1696 2130 1857 2201 possit
1888 2129 2043 2183 intel-

472 2223 563 2293 ligi
595 2224 697 2294 (ι).

542 2316 703 2372 Vens.
734 2318 787 2372 5.
810 2346 880 2357 --
906 2316 1231 2387 lntpudicitia
1255 2316 1334 2389 (5)
1356 2329 1521 2371 autem
1562 2325 1607 2369 et
1636 2317 1795 2369 omnis
1820 2316 2040 2368 immun-

470 2409 596 2461 ditia
616 2418 662 2463 et
681 2408 895 2463 avaritia
916 2426 1005 2464 nec
1026 2410 1309 2463 nominetur
1332 2410 1460 2463 inter
1484 2424 1567 2462 vos
1587 2408 1715 2461 sicut
1735 2408 1871 2461 decet
1893 2423 2041 2459 sanc-

468 2514 565 2557 tos.
599 2503 722 2558 Haec
750 2519 960 2574 quoque
1004 2513 1263 2572 prmcepta
1292 2514 1412 2557 sunt
1440 2503 1505 2557 de
1528 2501 1610 2556 his
1635 2517 1751 2571 quae
1780 2516 1885 2554 non
1913 2509 2037 2554 sunt

465 2594 726 2660 facienda,
756 2603 813 2649 ut
838 2594 976 2649 absit
1004 2594 1351 2665 impudicitia,
1384 2592 1741 2657 immunditia,
1772 2592 1991 2645 avaritia
2017 2606 2032 2655 ;

464 2702 584 2757 qua:
623 2686 720 2740 tria
769 2687 820 2740 in
849 2694 1055 2740 tantum
1103 2684 1430 2740 excludenda
1468 2684 1535 2738 ab
1570 2683 1759 2737 animis
1798 2691 1943 2747 sunt,
1977 2692 2037 2736 ut

465 2791 565 2830 nec
585 2775 897 2829 vocabulum
928 2783 1019 2828 aut
1046 2774 1368 2828 mentionem
1400 2774 1537 2827 inter
1562 2787 1619 2826 se
1643 2771 1891 2835 habeant,
1924 2786 2034 2824 ma-

463 2867 605 2921 xime
632 2866 720 2937 qui
747 2867 915 2921 sancti
942 2874 1083 2920 sunt.
1111 2864 1316 2920 Etenim
1340 2865 1439 2919 ista
1467 2872 1521 2917 et
1547 2863 1818 2917 nominare
1846 2877 2033 2931 pecca-

462 2964 575 3011 tum
619 2962 739 3021 est;
783 2961 983 3025 quanto
1027 2957 1193 3026 magis
1219 2956 1303 3009 vel
1354 2954 1551 3009 habere
1578 2961 1662 3009 vel
1706 2953 2030 3007 admittere?

467 3046 578 3102 lloc
603 3047 742 3101 enim
771 3055 1076 3101 sanctorum
1105 3046 1269 3115 exigit
1298 3059 1490 3100 nomen
1520 3053 1576 3099 et
1617 3059 1766 3098 mens
1794 3054 1849 3098 et
1901 3058 2030 3098 con-

2147 1858 2250 1912 vita
2288 1875 2479 1918 avarus
2508 1874 2618 1930 est;
2652 1875 2705 1922 ct
2734 1882 3007 1939 prapterea
3054 1875 3219 1929 servit
3263 1877 3440 1931 idolis.
3480 1879 3562 1933 An
3601 1882 3720 1937 ideo

2144 1951 2360 2019 dictum,
2381 1955 2523 2024 quod
2540 1959 2758 2012 avaritia
2788 1960 3051 2017 idolorum
3070 1973 3152 2018 est
3168 1967 3436 2022 servitus?
3454 1970 3577 2039 quia
3598 1987 3716 2028 cum

2143 2055 2277 2096 unus
2312 2045 2382 2098 sit
2426 2046 2587 2112 Deus,
2633 2051 2865 2105 avaritia:
2911 2066 2991 2108 est
3038 2055 3231 2111 multos
3266 2057 3467 2126 colere,
3499 2070 3555 2115 ct
3582 2064 3713 2120 alios

2140 2131 2384 2200 adorare,
2414 2147 2467 2190 et
2500 2137 2617 2193 aliis
2646 2141 2849 2195 servire
2879 2144 3029 2199 velle.
3065 2144 3160 2201 Hic
3190 2148 3352 2217 igitur
3396 2165 3502 2206 non
3556 2152 3714 2209 habet

2140 2222 2501 2282 hereditatem
2532 2229 2584 2283 in
2614 2246 2777 2301 regno
2810 2230 3007 2288 Christi
3041 2245 3095 2291 et
3125 2234 3239 2293 Dei.
3272 2241 3522 2297 Christus
3570 2247 3709 2300 enim

2139 2328 2357 2383 regnum
2386 2315 2547 2372 habet
2576 2319 2627 2372 in
2649 2322 2833 2377 cmlis:
2864 2334 2917 2377 et
2937 2324 3022 2393 qui
3040 2329 3279 2396 sequitur
3295 2328 3599 2397 Chrismm,
3620 2333 3707 2388 ha-

2140 2401 2282 2457 bebit
2311 2405 2671 2463 haereditatem
2700 2410 2751 2464 in
2784 2426 2945 2481 regno
2973 2414 3189 2471 Christi.
3210 2417 3456 2487 Regnum
3487 2422 3704 2488 Christi,

2139 2492 2230 2547 Dei
2262 2511 2482 2565 regnum
2514 2509 2617 2553 est.
2646 2500 2754 2556 Nec
2785 2504 2833 2555 in
2866 2503 2960 2559 Dei
2990 2520 3116 2576 ergo
3151 2524 3316 2578 regno
3354 2513 3515 2569 habet
3542 2514 3706 2572 here-

2136 2583 2378 2653 ditatem,
2410 2590 2497 2659 qui
2530 2590 2686 2645 idolis
2716 2595 2899 2648 servit.

2204 2675 2367 2733 Vens.
2391 2679 2442 2734 6.
2481 2710 2549 2720 —
2570 2680 2735 2738 Nemo
2760 2701 2845 2738 vos
2873 2685 3078 2740 seducat
3107 2689 3249 2743 vanis
3267 2694 3586 2749 sermonibus
3605 2696 3697 2766 (ι).

2136 2768 2354 2838 Pr0pter
2373 2771 2481 2825 hac
2499 2775 2631 2828 enim
2652 2778 2781 2830 venit
2808 2777 2886 2830 ira
2914 2775 3012 2831 Dei
3039 2779 3089 2831 in
3109 2781 3243 2847 ﬁlios
3273 2784 3601 2853 difﬁdentia.
3635 2790 3699 2842 Et

2133 2860 2233 2917 hoc
2259 2878 2468 2933 quoque
2497 2865 2634 2921 inter
2664 2876 2917 2937 prince.th
2946 2883 3047 2937 est,
3068 2871 3136 2929 de
3165 2875 3358 2943 quibus
3380 2877 3490 2932 dixi
3521 2880 3687 2945 vobis,

2132 2964 2248 3017 quin
2276 2968 2377 3006 non
2408 2953 2513 3007 sint
2540 2955 2799 3010 facienda.
2829 2958 2978 3014 Multi
2996 2962 3138 3017 enim
3157 2965 3499 3022 sermonibus
3523 2971 3632 3023 suis
3648 2978 3701 3026 et

2131 3044 2308 3097 mundi
2327 3046 2599 3100 utilitatem
2620 3048 2925 3115 suadent,et
2946 3053 3203 3110 idolorum
3223 3058 3519 3124 culturam,
3538 3062 3590 3116 id
3619 3075 3697 3118 est

462 3136 782 3201 scientia,ut
806 3144 861 3191 et
889 3136 1063 3206 lingua
1092 3151 1221 3205 pura
1249 3137 1334 3191 sit.
1364 3134 1494 3190 Nam
1510 3137 1552 3189 si
1577 3136 1812 3190 moribus
1839 3135 1931 3204 qui
1953 3135 2029 3205 (6)
2059 3128 2102 3190 C
2133 3132 2361 3191 habendi
2392 3139 2751 3207 cupiditatem.
2782 3142 2975 3199 Verum
3008 3144 3059 3200 hi
3092 3148 3209 3203 vani
3244 3165 3525 3208 sermones
3552 3164 3693 3209 sunt.

462 3242 623 3298 purus
652 3229 891 3283 nominat
918 3228 1068 3293 vitia,
1100 3230 1257 3284 habet
1297 3237 1474 3284 tamen
1504 3239 1797 3299 peccatum,
1827 3243 1945 3283 cum
1977 3231 2029 3283 in

455 3334 521 3374 eo
541 3321 681 3390 quod
704 3321 954 3390 loquitur,
978 3321 1211 3375 ostendat
1228 3320 1338 3391 ipsa
1357 3319 1479 3374 vitia
1503 3334 1561 3375 se
1584 3334 1762 3374 nosse.

531 3410 695 3467 Vens.
722 3410 942 3466 L—Aut
965 3412 1242 3481 turpitudo,
1259 3424 1345 3467 aut
1366 3413 1753 3482 stultiloquium,
1776 3424 1860 3466 aut
1883 3430 2025 3467 scur-

457 3498 643 3556 rilltas.
676 3500 958 3572 Subjnngit
989 3503 1147 3557 etiam
1193 3502 1292 3557 alia
1331 3503 1455 3569 tria,
1478 3518 1595 3574 qua:
1616 3518 1643 3557 a
1666 3504 2026 3571 superioribus

456 3592 670 3648 distant.
688 3593 923 3665 Namque
944 3594 1263 3664 impudicitia
1288 3594 1442 3666 longe
1464 3595 1604 3650 aliud
1615 3612 1772 3666 quam
1797 3596 2025 3650 immun-

454 3681 607 3738 ditia.
635 3682 731 3739 Ubi
750 3684 915 3753 pudor
932 3685 1127 3749 nullus,
1147 3694 1228 3740 est
1251 3687 1609 3755 impudicitia;
1640 3704 1741 3741 non
1770 3690 2021 3743 continuo

450 3774 753 3841 turpitudo:
772 3774 1039 3844 turpitudo
1060 3776 1201 3830 enim
1219 3788 1301 3831 est
1320 3776 1521 3831 facinus
1542 3788 1697 3847 atque
1717 3792 2016 3850 peccatum;

452 3864 775 3933 impudicitia
820 3880 971 3931 vero,
1014 3881 1134 3920 cum
1180 3867 1346 3935 pudor
1373 3868 1539 3924 deest.
1572 3869 1699 3923 item
1737 3870 2020 3925 immundi-

452 3954 545 4019 tia,
576 3971 692 4024 qua:
719 3965 894 4025 potest
924 3971 1042 4012 esse
1070 3965 1125 4012 et
1151 3958 1203 4011 in
1228 3972 1375 4024 voce,
1410 3967 1464 4013 et
1491 3958 1541 4013 in
1584 3959 1710 4025 vita,
1742 3970 1794 4015 et
1823 3962 1871 4015 in
1905 3978 2018 4017 mo-

448 4044 614 4101 ribus.
642 4044 757 4100 Jam
780 4062 905 4102 vero
929 4048 1147 4103 avaritia
1177 4049 1437 4118 cupiditas
1456 4056 1534 4104 est
1561 4051 1803 4105 habendi.
1838 4051 2014 4120 Longe

446 4136 605 4206 igitur
634 4137 821 4191 distant
852 4137 966 4193 hare
1012 4138 1135 4205 tria,
1188 4155 1308 4209 quae
1357 4152 1670 4209 sequuntur,
1721 4144 2011 4213 turpitudo,

441 4226 849 4296 stultiloquium,
881 4230 1041 4283 etiam
1084 4244 1217 4285 vane
1245 4230 1407 4301 loqui.
1458 4232 1602 4287 Licet
1633 4248 1754 4288 cum
1786 4249 1890 4289 non
1918 4235 2014 4289 ob—

2131 3227 2280 3295 Quod
2326 3237 2501 3285 autem
2547 3231 2677 3287 dixit
2722 3245 2925 3304 propter
2968 3237 3073 3291 haec
3129 3240 3261 3294 enim
3301 3244 3436 3297 uenit
3475 3245 3553 3297 ira
3603 3244 3699 3301 Dei

2130 3331 2344 3389 propter
2372 3322 2499 3379 illud
2525 3326 2730 3381 scilicet
2755 3325 2897 3397 quod
2925 3329 3225 3400 hujusmodi
3254 3332 3503 3391 homines
3534 3337 3585 3392 in
3613 3353 3693 3394 re-

2125 3427 2227 3481 gno
2251 3412 2443 3469 Christi
2474 3424 2527 3470 et
2558 3416 2648 3471 Dei
2679 3414 3044 3476 hiereditatem
3074 3439 3179 3478 non
3208 3425 3428 3481 habent.
3472 3428 3691 3500 Propter

2124 3501 2261 3567 hinc,
2292 3504 2478 3574 inquit,
2510 3504 2703 3561 habent
2730 3508 2889 3563 etiam
2922 3526 3154 3580 poenam,
3186 3524 3244 3568 ut
3271 3526 3325 3570 et
3354 3516 3515 3572 bonis
3543 3529 3691 3574 teter-

2124 3610 2206 3648 na:
2233 3596 2353 3649 vita:
2371 3606 2607 3661 careant,
2639 3606 2693 3654 et
2724 3601 2774 3653 in
2804 3600 2947 3668 ipsos
2967 3603 3042 3657 ira
3070 3605 3266 3659 veniat.
3300 3606 3447 3674 Quos
3475 3608 3595 3664 illos
3613 3609 3689 3681 (ὃ)

2121 3685 2260 3741 ﬁlios
2298 3687 2435 3741 dixit
2479 3688 2827 3746 difﬁdentiae?
2852 3693 2999 3749 Multi
3034 3695 3175 3750 enim
3214 3712 3409 3752 vanum
3449 3710 3688 3770 putantes

2120 3792 2240 3833 esse
2268 3779 2371 3848 (6),
2393 3782 2532 3851 quod
2566 3784 2941 3853 promittuntur
2960 3804 3120 3860 regna
3143 3791 3194 3846 in
3222 3793 3383 3858 caelo;
3407 3805 3466 3848 ut
3491 3796 3686 3863 dicant,

2117 3870 2235 3940 quis
2267 3870 2539 3927 hominum
2569 3876 2807 3931 ascendit
2849 3878 2901 3932 in
2929 3880 3166 3935 caelum?
3196 3882 3452 3940 Difﬂdunt
3480 3902 3607 3959 ergo
3637 3896 3688 3945 et

2117 3973 2221 4011 non
2251 3960 2491 4015 credunt.
2524 3962 2665 4033 Ergo
2692 3965 2743 4019 in
2778 3965 2915 4021 ﬁlios
2940 3967 3248 4025 difﬁdentia:
3276 3974 3429 4028 venit
3454 3976 3535 4030 ira
3574 3978 3663 4033 Dei

2117 4048 2410 4106 Difﬂdentia
2455 4062 2629 4109 autem
2659 4064 2741 4109 est
2786 4056 2874 4111 ille
2900 4056 3162 4125 diabolus,
3207 4064 3293 4117 cui
3340 4067 3585 4122 serviunt
3612 4068 3684 4124 illi

2112 4140 2199 4208 qui
2243 4139 2504 4209 difﬁdunt,
2537 4152 2590 4198 et
2619 4144 2815 4203 idcirco
2845 4144 2936 4202 ﬁlii
2965 4152 3080 4215 ejus
3108 4159 3252 4207 sunt.

2180 4228 2344 4286 Vens.
2362 4234 2413 4298 7,
2443 4232 2499 4301 8,
2521 4234 2823 4292 9.—Nolite
2851 4252 2978 4309 ergo
3004 4238 3140 4295 efﬁci
3164 4243 3450 4314 participes
3476 4260 3681 4301 eorum.

441 4318 528 4381 sit,
561 4318 826 4387 loqueris;
874 4329 1050 4376 tamen
1093 4322 1139 4376 si
1183 4324 1399 4377 stultum
1447 4325 1537 4389 sit,
1572 4340 1671 4380 nec
1700 4327 1872 4395 sapiat
1910 4343 2012 4383 neo
2107 4317 2237 4377 Cum
2263 4327 2579 4393 generaliter
2601 4338 3047 4395 εαρηιτθοῑπθῐ.
3072 4333 3209 4388 redit
3231 4336 3298 4389 ad
3332 4348 3682 4405 praeceptum,

436 4409 629 4478 prosit,
658 4409 858 4464 sanctis
886 4409 1114 4467 alienum
1142 4420 1243 4467 est.
1273 4413 1451 4483 Itaque
1492 4414 1787 4471 scurrilitas
1821 4414 2003 4485 jocosa
2031 4490 2049 4493 _
2108 4421 2164 4468 et
2186 4414 2251 4469 ad
2272 4413 2549 4485 Ephesios,
2578 4425 2636 4471 nt
2660 4419 2802 4473 omni
2831 4436 3029 4490 genere
3065 4423 3130 4479 ab
3172 4423 3477 4493 hujusmodi
3512 4427 3684 4483 homi‘

432 4499 627 4565 oratio,
655 4510 709 4555 et
750 4501 976 4556 alterum
1008 4501 1207 4557 laedens
1240 4503 1343 4573 juci
1389 4520 1570 4571 causa,
1614 4522 1677 4560 ac
1725 4516 2002 4579 propterea
2028 4490 2078 4550 Ῑ)
2105 4504 2544 4561 nibusalienisint
2558 4524 2726 4578 neque
2742 4511 3191 4580 participentcum
3211 4490 3315 4568 bis.
3348 4514 3525 4570 Eratis
3551 4519 3681 4572 enim

433 4590 837 4646 contumeliosa.
871 4592 997 4658 Quae
1024 4591 1092 4645 ad
1129 4607 1235 4646 rem
1258 4608 1358 4647 non
1383 4596 1614 4662 pertinet.
1657 4596 1838 4651 Potest
1864 4600 2002 4654 enim

2141 4597 2374 4666 liquanda
2398 4598 2624 4665 tenebrae,
2648 4616 2778 4654 nunc
2796 4612 2963 4656 autem
2988 4605 3079 4657 tua;
3097 4605 3150 4658 in
3179 4603 3423 4659 Domino.
3451 4607 3597 4678 Ergo
3624 4616 3680 4664 ut

432 4688 487 4733 et
510 4680 804 4735 scurrilitas
826 4682 1205 4752 increpationis
1228 4684 1348 4753 puni
1372 4684 1531 4739 modo
1556 4701 1622 4740 ex
1649 4685 2000 4759 stultiIOquio.
2104 4690 2245 4742 omni
2274 4705 2466 4759 genere
2494 4705 2553 4746 se
2571 4706 2822 4761 separent
2846 4710 2875 4749 a
2901 4695 3023 4751 [iliis
3044 4693 3376 4761 diffidentiae,
3400 4696 3532 4752 dicit
3550 4698 3677 4768 quid

432 4771 539 4827 Sed
584 4774 627 4827 si
658 4773 722 4825 ad
753 4790 863 4828 rem
895 4776 1216 4845 pertineant,
1257 4775 1584 4833 admittenda
1613 4789 1735 4834 sunt
1763 4781 1880 4835 ista.
1909 4784 2003 4837 Illa
2104 4779 2298 4836 fuerint
2338 4794 2492 4837 antea
2521 4800 2639 4840 cum
2669 4786 2939 4855 gentiliter
2980 4787 3236 4842 viverent.
3285 4786 3546 4853 Tenebrae,
3595 4790 3676 4845 in—

430 4872 647 4933 pccoata
676 4874 800 4920 sunt
840 4865 886 4920 si
928 4864 1077 4932 fiant,
1108 4882 1226 4922 cum
1262 4867 1327 4922 ad
1368 4883 1480 4924 rem
1526 4886 1630 4924 non
1675 4873 1993 4940 pertineant.

426 4956 560 5012 Nam
588 4956 631 5010 si
671 4957 755 5011 vel
783 4969 1034 5012 moneant
1062 4958 1142 5013 vel
1168 4959 1456 5029 corrigant.
1484 4960 1549 5016 ad
1575 4976 1687 5017 rem
1716 4977 1836 5017 cum
1876 4979 1998 5033 per-

424 5047 616 5116 tinent,
660 5047 971 5119 complenda
999 5056 1142 5104 sunt.
1182 5051 1288 5106 Sed
1315 5052 1477 5122 magis
1516 5054 1800 5123 gratiarum
1840 5056 1993 5110 actio.

422 5138 587 5195 Dictis
614 5155 735 5211 quas
760 5154 881 5196 esse
905 5136 1157 5205 debeant,
1188 5140 1475 5211 subjungit,
1506 5140 1634 5212 quid
1668 5143 1838 5215 magis
1877 5160 1997 5202 esse

491 5276 573 5482 (ίξ
602 5276 784 5347 Vulg.,
811 5294 903 5333 nos
925 5321 940 5345 ,
968 5281 1132 5335 nobis.

516 5349 551 5401 2
599 5346 793 5416 Codd.,
823 5358 1008 5403 utrum.

514 5419 547 5473 3
596 5417 778 5482 Vulg,
808 5421 1091 5475 suauitatis.

516 5346 573 5416 2)
599 5346 765 5404 Codd.
778 5390 793 5416 ,
823 5358 1008 5403 utrum.

514 5417 570 5487 3)
596 5417 748 5487 Vulg.
762 5459 778 5485 ,
808 5421 1091 5475 suauitatis.

490 5486 569 5559 (4)
598 5486 851 5562 Notemus
875 5503 1009 5559 opus
1038 5504 1066 5562 ξι
1090 5488 1369 5562 Victorino,
1388 5489 1508 5562 heic
1523 5489 1876 5562 nominatum,
1903 5494 1985 5550 vel

418 5558 570 5630 suum
602 5558 947 5630 velalienum
979 5599 995 5621 ,
1023 5558 1091 5613 de
1118 5560 1408 5616 substantia
1434 5560 1675 5630 spiritus.

488 5626 566 5696 (5)
611 5627 762 5696 Vulg.
788 5629 1079 5696 fornicatio.

487 5695 568 5769 (6)
603 5696 679 5752 Ita
703 5695 860 5753 codd.
888 5713 1007 5753 cum
1032 5700 1183 5755 tmesi
1214 5715 1308 5767 pro
1331 5702 1481 5769 siqui,
1509 5700 1591 5757 vel
1617 5701 1792 5771 siquis.

2096 4871 2228 4941 quit,
2276 4875 2447 4930 eratis.
2477 4874 2575 4940 Qui
2625 4884 2797 4930 autem
2827 4878 3069 4948 sequitur
3106 4876 3401 4943 Christum,
3433 4878 3525 4933 lux
3553 4887 3670 4934 est:

2097 4966 2267 5021 lucem
2296 4968 2437 5021 enim
2465 4968 2654 5037 accipit
2680 4970 2999 5040 quicumque
3034 4972 3084 5024 in
3114 4964 3330 5025 Christo
3366 4968 3669 5041 baptizatus

2097 5061 2274 5116 fuerit.
2308 5059 2454 5116 Sicut
2480 5062 2575 5129 ﬁlii
2598 5065 2724 5119 lucis
2745 5063 2996 5119 ambulate
3010 5063 3109 5135 (7).
3134 5061 3273 5134 Ergo
3297 5065 3549 5134 quoniam
3578 5065 3671 5119 lux

2165 5215 2265 5299 (1)Δ
2286 5215 2439 5299 Vulg.
2472 5216 2640 5286 addit,
2666 5218 3022 5290 intelligent“,
3051 5228 3105 5275 et
3134 5233 3233 5290 pro
3256 5218 3543 5289 impudicus
3568 5217 3664 5275 ha-

2097 5285 2204 5349 bet,
2227 5285 2535 5357 fornicator.
2627 5285 2631 5286 ⁷
2831 5285 2851 5290 ⁷
3007 5285 3012 5287 ⁷
3134 5285 3150 5290 ⁷
3328 5285 3339 5289 ’

2162 5354 2246 5494 (2)
2283 5354 2451 5411 Codd.
2482 5356 2617 5441 quod
2638 5372 2733 5427 pro
2752 5374 2923 5427 quam.

2187 5428 2219 5480 5
2278 5423 2443 5482 Codd.
2468 5442 2578 5494 qua
2596 5427 2879 5483 immundos
2904 5428 2959 5482 in
2976 5444 3090 5494 qua
3116 5445 3331 5494 annus,
3357 5435 3442 5484 etc

2187 5442 2239 5494 ο)
2278 5442 2443 5482 uouu.
2468 5442 2578 5494 qua
2596 5442 2879 5510 immundos
2904 5442 2959 5482 tu
3116 5445 3331 5494 annus,
3357 5442 3461 5484 etc.

2184 5497 2242 5627 ἒ)
2640 5498 2872 5555 manibus
2899 5513 2983 5553 ver
3016 5514 3079 5554 ts.

2185 5564 2241 5627 5)
2279 5564 2352 5619 Ita
2382 5564 2539 5621 codd.

2182 5634 2237 5773 il
2271 5634 2440 5773 ξειιξ·
2467 5652 2539 5773 Si:

2154 5704 2234 5775 ('l)
2271 5704 2423 5775 Vulg.
2467 5720 2562 5775 pro
2585 5706 2711 5760 sicut
2740 5705 2895 5763 habet
2917 5718 2991 5760 ut.
