3910 6212
169 300 315 363 1Ξ85

1123 299 1185 355 ΙΝ
1224 295 1600 355 EPISTULAM
1634 293 1725 352 AD
1751 291 2073 353 EPHESIOS
2108 296 2306 353 LIBER
2342 297 2406 354 II.

3267 300 3399 354 i286

170 424 293 475 estis
320 431 365 475 et
388 419 743 490 Domino(non
771 418 910 471 enim
942 417 1029 471 ius
1061 413 1313 479 estis,sed
1340 415 1390 465 in
1414 410 1627 465 Domino
1658 411 1747 464 tua:
1774 412 1821 469 Λ
1849 412 1976 475 lctis,
2010 427 2107 463 non
2125 419 2178 464 ut
2197 412 2509 479 insipientes,
2529 411 2617 465 sed
2637 421 2692 463 ut
2711 412 2977 481 sapientes.
3005 410 3118 467 Uno
3139 422 3405 483 praecepto

173 514 321 578 estis)
347 527 361 574 ;
396 512 483 564 lilii
512 525 637 579 ergo
664 520 717 563 et
744 522 835 562 vos
865 506 996 560 lucis
1027 520 1143 560 cum
1174 506 1323 567 estis,
1355 503 1424 555 ita
1454 502 1634 563 vivite,
1675 500 1747 554 si-

176 610 274 656 cut
305 601 479 654 vivere
506 598 699 652 debent
725 596 814 667 qui
867 595 956 649 lilii
1003 604 1124 649 sunt
1177 593 1325 648 lucis.
1383 590 1518 658 Quid
1572 601 1744 642 autem

178 699 267 746 est
296 691 475 745 vivere
511 688 655 758 quasi
688 687 849 741 illium
905 685 1059 749 lucis,
1115 685 1228 750 ipse
1282 681 1550 753 Supponit,
1611 678 1748 731 Nam

181 786 382 852 fructus
427 782 548 833 lucis
579 782 630 833 in
670 780 804 832 omni
853 779 1070 831 bonitate
1122 787 1168 830 et
1208 778 1408 846 justitia
1456 785 1500 827 et
1547 774 1751 827 veritate

182 882 277 925 est.
315 872 421 926 iloc
441 880 520 925 est
543 872 705 934 enim,
737 880 789 925 et
819 868 987 923 lucem
1019 882 1158 930 esse,
1181 873 1235 920 et
1260 867 1423 919 illium
1454 862 1585 918 incls
1608 877 1746 925 esse,

183 962 425 1016 bonitate
455 971 725 1029 prmStare,
758 967 1012 1027 praestare
1038 957 1262 1026 justitia,
1311 964 1565 1026 prmstare
1592 957 1747 1008 etiam

183 1053 429 1106 veritate.
465 1050 585 1104 llzee
611 1050 710 1103 tria
755 1048 864 1118 ipsa
898 1056 1020 1101 sunt
1058 1048 1144 1100 lux
1178 1064 1190 1099 :
1241 1060 1359 1099 nam
1409 1053 1588 1099 contra
1629 1050 1753 1098 sunt

187 1144 423 1197 teuehrze
454 1142 676 1206 malitia,
716 1140 987 1208 injustitia,
1017 1138 1215 1193 falsitas
1248 1155 1259 1190 τ
1292 1152 1411 1207 quae
1437 1137 1614 1191 omnia
1642 1134 1752 1188 dia-

187 1231 317 1285 bolo
346 1228 664 1283 conveniunt
703 1246 715 1281 :
766 1239 819 1283 at
847 1243 972 1282 vero
1001 1227 1115 1281 haec
1160 1226 1292 1281 lucis
1326 1235 1468 1290 sunt,
1500 1225 1618 1293 quia
1663 1224 1750 1278 lux

185 1332 269 1375 est
310 1320 572 1375 Christus.
606 1319 747 1390 Ergo
794 1328 846 1373 et
881 1318 1088 1373 bonitas
1119 1326 1168 1372 et
1214 1317 1413 1385 iustitia
1450 1322 1504 1370 et
1530 1314 1747 1369 veritas.

194 1409 290 1463 His
321 1424 448 1479 ergo
478 1408 709 1462 moribus
737 1408 913 1462 vivite.

264 1498 424 1552 Vens.
450 1498 532 1560 l0.
566 1498 652 1552 il.
679 1527 749 1539 —
766 1495 986 1551 Probate
1006 1506 1172 1550 autem
1192 1498 1310 1567 quid
1326 1497 1388 1549 sit
1408 1496 1539 1566 quod
1560 1495 1754 1564 placeat

195 1590 307 1643 Deo
348 1590 449 1660 (Ι),
480 1598 524 1643 et
569 1590 720 1644 nolite
758 1590 1123 1644 communicare
1166 1588 1396 1657 aperibus
1430 1586 1755 1657 infructuosis

188 1684 523 1734 tenebrarum.
558 1679 675 1733 Dixi
716 1680 854 1749 quod
884 1695 978 1749 per
1003 1680 1186 1734 eadem
1232 1688 1491 1748 prtecepta
1531 1693 1589 1732 se
1630 1691 1757 1731 con-

1848 511 2128 569 utrumque
2157 500 2444 561 conclusit;
2493 515 2717 553 monens
2741 499 3184 567 quemadmodum
3221 501 3406 555 ambu-

1851 591 1957 645 lent
1992 612 2001 643 :
2035 607 2160 657 non,
2196 599 2247 644 ut
2274 591 2604 658 insipientes,
2632 591 2723 645 sed
2753 601 2808 645 ut
2828 592 3122 661 sapientes;
3146 593 3404 662 sapientia

1848 682 2051 734 scilicet
2096 680 2182 732 illa
2223 696 2339 749 quae
2382 679 2447 733 de
2489 678 2597 734 Deo
2637 690 2737 748 est,
2783 693 2887 735 non
2927 682 3110 749 inquit,
3160 681 3244 734 illa
3288 697 3405 750 quae

1850 769 2027 823 mundi
2084 778 2181 823 est.
2234 769 2550 823 Redimmtes
2600 780 2819 838 tempus,
2861 771 3095 841 quoniam
3148 772 3253 824 dies
3288 771 3405 824 ntali

1849 870 1979 911 sunt.
2035 858 2231 912 Omnes
2269 859 2373 921 isti,
2432 858 2518 927 qui
2571 858 2621 911 in
2664 857 2861 913 mundo
2908 858 3021 914 dies
3076 864 3233 925 sunt,
3282 858 3406 913 mall

1850 956 1972 999 sum
2016 947 2178 999 :mali
2225 947 2363 999 enim
2391 988 2405 1012 ,
2446 946 2584 1015 quod
2634 946 2685 999 in
2743 946 2869 1015 ipsis
2921 956 3022 1013 est,
3080 948 3229 1003 nobis
3274 963 3400 1018 ope-

1851 1044 2066 1090 rantur:
2091 1046 2144 1091 et
2172 1052 2327 1090 omne
2349 1036 2489 1105 quod
2513 1036 2704 1090 bonum
2734 1046 2834 1101 est,
2858 1038 2925 1093 de
2944 1037 3120 1092 futuro
3140 1047 3240 1093 est.
3274 1039 3405 1107 Hoc,

1854 1127 2041 1196 inquit,
2071 1137 2279 1195 tempus
2305 1128 2656 1193 redimamus;
2688 1127 2737 1181 id
2768 1138 2849 1183 est
2878 1140 3057 1184 nostra
3079 1132 3294 1197 virtute,
3320 1146 3410 1201 pa-

1855 1217 2056 1277 tientia,
2105 1217 2377 1283 obsequio,
2413 1225 2620 1285 tempus
2650 1226 2883 1271 nostrum
2908 1218 3162 1275 faciamus
3189 1236 3325 1287 esse,
3358 1231 3412 1276 et

1852 1308 1997 1361 velut
2020 1322 2255 1363 emamus
2287 1309 2411 1361 illud
2442 1307 2711 1363 laboribus
2739 1318 2894 1377 atque
2925 1310 3175 1381 patientia
3208 1322 3407 1367 nostra.

1854 1396 2084 1467 Tempus
2108 1397 2226 1463 hoc,
2251 1398 2389 1467 quod
2416 1396 2671 1451 adversus
2692 1413 2787 1452 nos
2804 1409 2905 1464 est,
2931 1410 3165 1455 nostrum
3190 1404 3277 1456 sit.
3304 1402 3412 1459 lloc

1855 1499 1936 1542 est
1968 1488 2283 1543 redimentes
2314 1498 2540 1557 tempus.

1928 1578 2085 1632 Vens.
2117 1578 2179 1632 l7
2227 1576 2449 1631 —Ideo
2501 1579 2653 1633 nolite
2701 1580 2837 1649 efﬁci
2900 1580 2977 1651 (2)
3037 1582 3408 1649 imprudentes,

1856 1671 1942 1723 sed
1981 1671 2325 1739 lntelligentes.
2370 1669 2567 1725 Eadem
2605 1686 2787 1725 rursus
2828 1671 3185 1728 admonitione
3234 1690 3416 1729 mone-

189 1770 371 1833 vertit,
417 1785 532 1839 qua:
562 1770 851 1840 sequenda,
899 1778 951 1823 ct
982 1786 1096 1838 qua:
1127 1785 1230 1822 non
1262 1768 1566 1838 sequenda;
1608 1774 1666 1821 ut
1705 1768 1753 1819 in
1785 1769 1833 1827 B
1861 1779 1976 1817 mur
2046 1762 2112 1816 ad
2177 1762 2573 1831 intelligentiam
2639 1762 2818 1817 mundi
2866 1774 2919 1818 et
2970 1763 3304 1819 mundanam.
3361 1767 3413 1820 lu

192 1860 433 1915 bonitate
461 1860 666 1913 vivatur
708 1869 762 1914 et
791 1860 843 1912 in
869 1859 1069 1926 iustitia
1096 1868 1150 1912 et
1179 1859 1227 1911 in
1275 1859 1511 1913 veritate.
1545 1857 1670 1910 item
1701 1865 1755 1909 et

194 1954 325 2011 hoc;
360 1967 443 2016 ea,
474 1952 660 2021 inquit,
691 1952 909 2021 probate
950 1966 1067 2021 quae
1118 1952 1223 2005 Deo
1268 1951 1523 2019 placeant.
1559 1949 1755 2003 Deinde

200 2043 624 2112 subjunsigquze
650 2058 751 2097 non
775 2042 1041 2112 sequenda
1070 2060 1082 2095 :
1118 2042 1309 2107 Nolite,
1331 2042 1517 2109 inquit,
1537 2056 1757 2094 commu-

197 2137 369 2188 nicare
406 2134 633 2202 operibus
680 2134 1004 2203 infructuosis
1049 2134 1392 2197 tenebrarum;
1446 2149 1563 2202 qua:
1636 2141 1759 2185 sunt

206 2227 453 2291 avaritia,
485 2225 831 2295 impudicitia,
860 2234 911 2280 et
939 2234 1128 2280 caetera
1159 2222 1477 2293 hujnsmodi,
1512 2232 1562 2276 et
1594 2223 1760 2276 idolo—

195 2317 348 2370 latria
381 2333 394 2368 :
426 2333 542 2386 qua:
568 2332 723 2385 opera
758 2317 956 2371 fructus
985 2332 1085 2370 non
1117 2326 1405 2370 revocant:
1459 2316 1587 2369 nihil
1617 2316 1757 2369 enim

197 2408 562 2477 consequitur,
592 2408 676 2475 qui
709 2406 823 2460 haec
863 2407 1089 2475 appetit;
1122 2416 1174 2460 et
1200 2406 1395 2460 idcirco
1427 2405 1627 2458 fructus
1656 2421 1758 2459 non

199 2498 422 2561 lnhcnt;
468 2506 521 2552 et
548 2495 665 2551 ideo
696 2496 925 2550 tenebrae
950 2505 1108 2559 sunt;
1142 2495 1259 2565 quia
1290 2494 1420 2547 nihil
1448 2494 1601 2560 lucis,
1632 2494 1761 2549 nihil

200 2587 422 2651 fructus,
453 2587 751 2640 ostendunt.
787 2584 953 2655 Magis
996 2596 1161 2639 autem
1186 2595 1235 2639 et
1261 2585 1523 2656 objurgate
1556 2584 1660 2655 (2).
1693 2584 1764 2640 Ut

200 2696 307 2734 non
340 2676 510 2732 solum
533 2688 629 2731 nos
649 2691 677 2729 a
710 2678 860 2731 malis
884 2677 1118 2731 moribus
1142 2691 1470 2745 separemus,
1494 2691 1591 2729 nec
1619 2690 1764 2729 com-

201 2771 532 2823 mnniccmus
577 2765 823 2835 operibus
866 2768 1202 2821 tenebrarum
1249 2766 1622 2830 infructuosls;
1670 2764 1762 2819 sed

201 2861 363 2916 etiam
404 2864 456 2914 et
495 2859 827 2928 obiurgemus
854 2869 907 2913 et
946 2874 1252 2913 accusemus
1278 2858 1491 2913 easdem
1534 2872 1720 2928 operas
1746 2899 1760 2923 ,

203 2949 307 3003 hnc
335 2959 416 3003 est
440 2964 531 3002 eos
562 2948 800 3003 homines
828 2948 916 3015 qui
956 2948 1025 3001 ita
1060 2949 1256 3000 vivunt.

275 3038 416 3091 Vitas
459 3037 541 3090 1‘2.
573 3036 708 3090 Nam
731 3053 843 3107 quae
870 3038 921 3090 in
948 3036 1142 3089 occulto
1167 3038 1291 3103 fiunt
1318 3038 1377 3089 cb
1397 3038 1492 3104 Itis,
1524 3046 1668 3107 turpe
1695 3048 1767 3090 est

1862 1868 1966 1922 quo
2018 1866 2227 1906 eramus
2283 1850 2362 1921 (ὅ)
2416 1851 2801 1921 imprudentes;
2858 1853 2949 1907 sed
2989 1856 3154 1908 simus
3196 1855 3293 1925 (ι),
3340 1857 3418 1910 in-

1855 1943 2008 2010 quit,
2052 1941 2423 2009 iutelligentes.
2476 1941 2612 2007 Quid
2669 1951 2842 1995 autem
2897 1944 2965 1996 sit
3017 1944 3411 2014 intelligentiam

1857 2041 1995 2095 esse,
2039 2031 2115 2084 sic
2158 2029 2429 2098 subjunxit
2471 2045 2623 2101 aqua
2676 2032 2739 2085 sit
2794 2033 3020 2085 voluntas
3064 2029 3269 2086 Domini
3316 2034 3413 2106 (5).

1860 2121 1925 2176 Ut
1977 2121 2076 2175 hoc
2124 2121 2477 2190 intelligamus
2527 2120 2650 2189 quid
2709 2121 2962 2178 Dominus
3007 2122 3248 2190 voluerit,
3296 2124 3421 2194 quid

1860 2214 2013 2276 velit;
2044 2213 2094 2267 id
2116 2224 2321 2267 estnos
2362 2228 2480 2267 cum
2532 2214 2828 2283 integritate
2882 2224 2934 2266 et
2971 2214 3169 2282 justitia
3221 2225 3273 2270 et
3322 2215 3423 2270 lide

1857 2304 2062 2368 vivere,
2078 2304 2197 2358 etin
2214 2317 2277 2358 eo
2298 2318 2444 2372 Spem
2460 2305 2766 2359 collocatam
2789 2306 3002 2368 habere,
3025 2307 3257 2377 nihilque
3282 2307 3424 2361 aliud

1863 2393 1962 2447 nisi
1982 2394 2047 2447 de
2061 2394 2168 2447 Deo
2180 2395 2429 2464 cogitare.
2455 2394 2594 2459 Ilico,
2615 2394 2804 2463 inquit,
2834 2397 3074 2450 voluntas
3095 2404 3176 2451 est
3200 2398 3423 2453 Domini.

1932 2482 2093 2537 Vens.
2126 2485 2211 2537 18.
2258 2514 2327 2523 -
2354 2483 2421 2536 Et
2445 2484 2595 2537 nolite
2624 2485 2860 2538 inebriari
2887 2488 3018 2549 vino,
3050 2488 3101 2539 in
3127 2504 3224 2555 quo
3247 2500 3317 2542 est
3349 2490 3428 2542 lu-

1862 2575 2030 2627 xuria.
2074 2574 2142 2627 Et
2179 2574 2279 2627 hoc
2320 2575 2494 2628 estde
2522 2590 2623 2627 non
2663 2573 2937 2639 faciendis,
2970 2586 3025 2631 ut
3055 2579 3276 2646 plurimo
3308 2581 3429 2633 Vino

1865 2673 2091 2727 utamur,
2124 2664 2263 2733 quod
2287 2665 2408 2719 inde
2434 2665 2597 2718 multa
2619 2665 2765 2721 vitia.
2796 2664 2994 2721 Deinde
3012 2667 3282 2738 suhjttngit
3305 2670 3428 2737 quid

1866 2753 2125 2821 agendum
2160 2770 2171 2805 :
2204 2753 2307 2807 Sed
2328 2754 2608 2822 implemini
2639 2754 2840 2824 spiritu,
2871 2756 3121 2825 loquentes
3142 2758 3277 2810 vobis
3299 2759 3427 2813 intri-

1867 2858 1973 2896 cem
2002 2843 2099 2913 (6).
2134 2843 2371 2912 Magnum
2401 2844 2501 2897 hoc
2529 2854 2851 2914 prmceptum
2878 2863 2891 2898 :
2921 2847 3112 2901 etenim
3143 2849 3229 2902 illa
3256 2850 3429 2903 omnia

1869 2936 1921 2987 in
1955 2943 2133 2988 nostra
2162 2943 2285 2987 sunt
2310 2933 2575 2988 voluntate
2596 2943 2649 2988 et
2677 2936 2727 2988 in
2756 2945 2936 2991 nostro
2964 2935 3167 3003 labore,
3191 2953 3295 2992 non
3322 2939 3429 2993 ine-

1868 3024 2028 3078 briari
2054 3026 2199 3089 vino,
2221 3038 2324 3079 non
2341 3024 2616 3080 ambulare
2640 3025 2977 3095 insipienter,
3005 3035 3110 3081 tum
3138 3042 3253 3097 qua:
3274 3041 3429 3099 supra

206 3128 647 3199 etiamdicere(5).
676 3129 1126 3196 Propemauil’este
1144 3127 1275 3181 dixit
1299 3130 1493 3197 quzeab
1524 3130 1765 3196 hisliuut,

1875 3118 2015 3172 dicta
2041 3126 2179 3173 sunt.
2217 3118 2326 3172 Hoc
2356 3134 2482 3173 vero
2514 3130 2577 3174 ex
2601 3120 2690 3174 Dei
2713 3121 2979 3176 voluntate
3010 3130 3208 3176 tantum
3238 3123 3432 3178 intelli-

208 3220 420 3290 quando
458 3220 686 3274 ostendit
715 3229 867 3285 turpe
892 3235 1010 3275 esse
1063 3220 1146 3273 illa
1193 3220 1386 3274 dicere.
1438 3221 1574 3290 Ergo
1605 3221 1768 3274 nolite

206 3313 519 3383 participare
542 3328 556 3364 :
579 3326 703 3380 ergo
729 3311 886 3378 magis
916 3309 1193 3381 objurgate.

280 3402 440 3456 Vnus.
476 3399 559 3455 15.
584 3430 652 3440 -—
685 3400 867 3454 Omnia
906 3411 1069 3453 autem
1117 3416 1227 3469 qua:
1257 3400 1586 3471 objurgantur
1616 3402 1716 3471 (4),
1739 3418 1771 3454 a

207 3493 398 3545 lumine
442 3490 839 3558 manifestantur.
890 3490 1018 3556 Quia
1074 3501 1389 3559 prmceptum
1428 3492 1572 3545 dedit
1624 3501 1677 3545 ut
1717 3501 1772 3545 et

211 3582 492 3650 objurgent
539 3581 673 3633 male
724 3578 993 3642 facientes,
1017 3580 1205 3648 adjecit
1227 3592 1475 3650 quantum
1496 3582 1563 3635 sit
1582 3594 1772 3635 munus

211 3672 506 3740 nhjurgatio
534 3669 813 3739 :quoniam
856 3680 1067 3740 peccata
1120 3671 1205 3724 illa
1263 3672 1312 3724 in
1357 3674 1594 3740 occulto,
1625 3672 1773 3743 quasi

211 3766 411 3818 lumine
475 3762 869 3817 manifeStantur
920 3778 1038 3818 cum
1089 3763 1449 3833 objurgantur.
1519 3764 1568 3818 Is
1633 3765 1772 3818 enim

212 3855 301 3925 qui
349 3855 582 3924 objurgat
614 3894 627 3918 ,
679 3853 906 3907 ostendit
956 3864 1205 3923 quantum
1265 3856 1457 3909 malum
1520 3856 1588 3910 sit
1649 3856 1775 3911 illud

214 3946 351 4014 quod
402 3945 642 4015 objurgat
684 3962 696 3998 :
747 3955 798 3999 et
845 3945 966 3999 dum
1020 3944 1269 4012 ostendit,
1317 3946 1468 4015 quasi
1516 3947 1780 4001 illuminat

215 4036 408 4088 malum
435 4052 447 4087 :
482 4036 619 4104 quod
647 4050 767 4089 cum
797 4035 1118 4089 intellexerit
1150 4036 1238 4089 ille
1268 4038 1353 4103 qui
1384 4036 1635 4103 admittit,
1667 4038 1777 4091 dis-

215 4127 350 4179 cutit
379 4124 622 4177 tenebras
658 4134 709 4177 et
738 4125 802 4177 ad
833 4125 1007 4178 iumen
1034 4123 1253 4179 accedit.
1291 4124 1452 4178 Omne
1477 4127 1607 4178 enim
1645 4128 1780 4195 quod

216 4216 589 4283 manifestatur,
613 4213 779 4267 lumen
813 4223 903 4267 est.
928 4214 1169 4269 Ostendit
1196 4216 1331 4282 ipse,
1361 4215 1501 4284 quod
1532 4217 1780 4285 exposui-

218 4319 357 4359 mus.
402 4302 727 4358 lntellectum
755 4304 891 4358 enim
916 4304 1281 4373 quodcumque
1307 4313 1407 4367 est,
1450 4313 1503 4360 et
1536 4305 1783 4360 manifes-

221 4404 381 4462 tatur,
406 4404 458 4450 et
486 4395 571 4449 lux
593 4402 694 4459 est,
717 4402 768 4447 et
790 4394 1013 4459 videtur,
1040 4404 1091 4448 et
1116 4403 1351 4463 apertum
1371 4404 1468 4448 est.

1869 3222 2106 3281 geretur,
2147 3212 2243 3267 nisi
2287 3212 2371 3265 hic
2410 3212 2722 3267 admoneret
2764 3228 2958 3268 nostra:
3003 3214 3286 3269 voluntatis
3317 3232 3436 3271 esse

1872 3303 2079 3370 impleri
2114 3302 2331 3371 Spiritu.
2364 3304 2451 3357 Sic
2475 3303 2614 3356 enim
2646 3303 2712 3357 ab
2741 3303 2986 3358 omnibus
3019 3305 3155 3359 vitiis
3182 3308 3436 3374 peccatis-

1872 3409 1974 3462 qne
2012 3408 2294 3461 purgamus
2319 3393 2568 3458 animam,
2603 3395 2647 3447 si
2680 3393 2866 3463 spiritu
2895 3394 3227 3464 impleamur,
3256 3406 3311 3449 ut
3340 3412 3437 3450 nos

1876 3484 2028 3538 nobis
2068 3485 2317 3551 Spiritum
2358 3483 2630 3548 faciamus,
2662 3492 2716 3539 et
2756 3484 3068 3552 impleantur
3105 3486 3292 3555 spiritu
3330 3486 3427 3556 (7).

1951 3574 2107 3627 Vens.
2135 3572 2219 3638 19,
2237 3571 2683 3642 20.—-Loquentes
2710 3574 2844 3626 vobis
2868 3574 3073 3627 invicem
3094 3576 3145 3627 in
3171 3575 3377 3644 psalmis
3394 3585 3439 3627 et

1877 3666 2079 3735 hymnis
2102 3675 2145 3719 et
2163 3665 2367 3718 canticis
2386 3664 2712 3733 spiritalibus.
2733 3663 2798 3719 Ut
2818 3664 2914 3718 sibi
2929 3665 3148 3719 invicem
3165 3666 3441 3734 loquantur

1882 3757 2012 3811 nihil
2038 3755 2176 3808 aliud
2205 3770 2359 3823 quam
2391 3756 2641 3823 psalmos,
2672 3769 2829 3824 quam
2859 3754 3102 3825 hymnos,
3135 3769 3289 3823 quam
3318 3768 3440 3808 can-

1881 3850 1983 3902 tica
2011 3847 2109 3916 (8).
2142 3847 2267 3914 Qua:
2296 3846 2365 3901 sit
2388 3846 2605 3899 istorum
2637 3844 2957 3910 differentia,
2985 3855 3131 3899 certo
3160 3844 3276 3899 loco
3302 3844 3441 3898 dices

1882 3953 1997 3991 mus
2043 3956 2054 3989 :
2103 3939 2275 3990 omnia
2320 3947 2493 3989 tamen
2542 3936 2631 3990 Dei
2668 3934 2820 3990 laude
2855 3942 3064 3998 sonant,
3094 3944 3148 3989 et
3184 3935 3235 3988 in
3275 3933 3441 3989 Deum

1882 4044 2029 4097 spem
2061 4028 2257 4081 homini
2288 4024 2578 4081 habendam
2602 4040 2721 4081 esse
2751 4030 3110 4089 pronuntiant.
3144 4024 3267 4079 Haec
3296 4026 3435 4079 enim

1883 4133 2028 4187 vere,
2057 4121 2099 4174 si
2144 4120 2213 4173 ita
2246 4119 2371 4183 sint,
2408 4116 2661 4188 spiritalia
2700 4127 2875 4172 erunt.
2915 4117 3036 4172 Haec
3076 4118 3230 4187 igitur
3266 4124 3445 4169 cante—

1886 4228 2024 4278 mus,
2053 4220 2108 4267 et
2124 4213 2465 4266 cantemusin
2491 4209 2769 4272 cordibus;
2799 4220 2854 4263 ut
2875 4210 2987 4278 ipse
3013 4206 3297 4278 subiungit,
3319 4221 3445 4261 can-

1887 4310 2058 4355 tantes
2097 4310 2151 4355 et
2198 4302 2499 4371 psallentes.
2527 4328 2598 4339 ——
2650 4298 2849 4353 Gratias
2892 4309 3089 4370 agentes
3134 4315 3328 4367 semper
3356 4315 3446 4361 pro

1890 4391 2139 4454 omnibus,
2178 4392 2231 4443 in
2275 4391 2475 4445 nomine
2506 4389 2707 4445 Domini
2752 4392 2908 4445 nostri
2952 4390 3075 4445 Iesu
3104 4389 3309 4456 Christi,
3348 4405 3440 4461 pa-

289 4484 853 4553 Vens.M.—Propter
882 4484 1012 4554 quod
1039 4485 1158 4537 dicit
1188 4500 1201 4536 :
1227 4499 1382 4553 surge
1408 4502 1433 4537 a
1466 4488 1707 4549 mortuis,
1736 4496 1781 4539 et
1808 4483 1861 4544 D
1887 4482 1953 4534 tri
2000 4492 2043 4533 et
2083 4481 2185 4535 Deo
2226 4479 2323 4550 (9)⁶
2369 4479 2653 4535 Cantantes
2706 4480 2860 4552 (10).
2912 4497 3029 4551 qua:
3092 4494 3221 4535 voce
3276 4480 3449 4549 profe-

218 4576 473 4646 ccntinges
485 4573 735 4628 Christum
753 4576 830 4644 (5)
842 4574 1012 4629 .Dedit
1027 4574 1324 4643 exemplum
1340 4575 1782 4645 quemadmodum

220 4665 312 4734 qui
334 4663 701 4735 obiurgatoria
721 4665 946 4731 peceatis
960 4664 1088 4730 suis,
1106 4664 1281 4733 lumen
1295 4666 1512 4733 accipiat
1528 4666 1787 4721 etintelli-

220 4765 311 4827 gat
338 4770 396 4809 se
432 4770 651 4824 peccare
680 4771 695 4805 :
724 4763 776 4808 et
805 4769 922 4807 cum
954 4753 1200 4824 intelligit
1229 4769 1287 4808 se
1319 4768 1557 4824 peccare,
1588 4756 1787 4811 illumi-

224 4854 399 4910 natur,
421 4844 469 4897 id
489 4854 604 4897 esta
619 4844 836 4897 mortuis
850 4845 1103 4913 resurgit;
1122 4844 1169 4896 id
1188 4850 1269 4899 est
1285 4845 1526 4899 tenebras
1550 4844 1783 4911 dimittit,

225 4946 280 4991 ct
298 4935 555 5003 contingit
581 4933 872 4999 Christum;
905 4932 956 4987 id
987 4939 1067 4987 est
1091 4933 1269 4987 lumen
1289 4935 1496 5003 accipit,
1521 4945 1575 4990 et
1604 4936 1789 5004 incipit

223 5029 331 5097 jam
363 5036 416 5080 et
442 5034 651 5094 peccata
683 5025 865 5087 vitare,
888 5032 942 5078 et
969 5038 1119 5095 spem
1153 5025 1347 5081 habere
1370 5036 1581 5080 aeterna:
1607 5030 1747 5082 vitae.

302 5115 461 5169 Vens.
488 5115 575 5180 15,
596 5113 756 5168 16.--
769 5112 1157 5186 νίάειευλετρσ
1167 5116 1412 5184 quomodo
1432 5126 1577 5171 caute
1603 5117 1749 5172 ambu
1763 5147 1785 5158 -

302 5267 379 5405 (i)
416 5266 571 5335 Vulg.
598 5285 610 5319 :
648 5265 922 5321 Probantes
942 5266 1063 5333 quid
1087 5268 1148 5320 sit
1171 5267 1532 5337 beneplacitum
1558 5267 1689 5325 Deo.

327 5336 383 5405 2)
426 5334 575 5405 Vulg.
602 5354 613 5388 :
648 5337 810 5405 Magis
830 5344 992 5405 autem
1014 5336 1314 5405 redarguite.

327 5336 383 5421 ἓ)
424 5334 575 5421 Xalt-
602 5354 613 5388 =
640 5337 992 5421 βαθίεφιεξη
1014 5334 1314 5421 redarguit!!-
1348 5415 1360 5421 _
1392 5406 1436 5421 ..
1476 5409 1488 5421 .
1555 5406 1566 5420 .

309 5404 383 5485 (5)
424 5404 605 5485 Vulg:
636 5404 758 5471 Qud
783 5404 915 5456 enim
938 5404 991 5456 in
1012 5404 1202 5461 occulto
1231 5406 1360 5476 ﬁunt
1384 5406 1447 5461 ab
1472 5406 1614 5477 ipsis,
1639 5417 1784 5477 turpe

239 5480 309 5525 est
328 5484 374 5526 et
402 5474 581 5527 dicere.

310 5541 389 5615 (ti)
427 5541 577 5615 _V_u_|g.
613 5543 975 5615 :_.~irguuntur.

250 5610 400 5694 ⁸..(5).
427 5610 606 5694 Vulg}
632 5610 814 5694 §urge,
844 5616 927 5684 qui
954 5616 1141 5669 dormis
1164 5625 1207 5669 et
1223 5632 1407 5686 exurge
1424 5626 1455 5671 α
1486 5618 1715 5683 mortuis,
1739 5627 1785 5672 et

244 5678 546 5737 illunrinabit
562 5691 609 5736 te
638 5678 882 5738 Christus.

1889 4584 2111 4624 runtur:
2142 4571 2447 4639 psallentes,
2468 4570 2519 4624 id
2556 4578 2637 4625 est
2679 4576 3035 4640 percutientes
3077 4580 3129 4626 et
3172 4583 3447 4625 moventes

1892 4663 1970 4716 vel
2016 4662 2270 4716 citharam
2316 4662 2399 4716 vel
2426 4669 2619 4716 caetera
2656 4676 2852 4732 organa
2890 4679 2903 4715 :
2956 4676 3070 4732 qua:
3108 4670 3161 4717 et
3196 4660 3450 4731 prOpheta

1894 4752 2054 4807 David
2084 4754 2249 4820 ponit,
2277 4754 2327 4807 in
2358 4752 2572 4807 chordis
2591 4762 2643 4808 et
2681 4754 2732 4807 in
2756 4752 3033 4824 cymbalis.
3066 4752 3171 4808 Sed
3204 4751 3338 4818 haec,
3371 4753 3451 4809 in-

1888 4844 2023 4910 quit,
2068 4843 2120 4896 in
2151 4842 2399 4898 cordibus
2429 4843 2618 4898 vestris
2644 4853 2862 4914 agentes
2898 4844 3113 4914 gratias,
3155 4853 3208 4900 et
3235 4859 3451 4914 semper

1894 4994 2044 5119 va”)
2070 4994 2237 5119 (ἔξω.
2263 4996 2392 5049 side.
2423 4994 2616 5050 Confer
2642 4994 2820 5067 Vulg.,
2850 5011 2968 5067 quae
2994 4996 3223 5052 admittit
3246 4996 3449 5069 aliquas

1962 5081 2071 5118 l‘liln
2161 5105 2173 5117 .

1962 5081 2173 5118 nantes.

1961 5134 2037 5205 (2)
2082 5134 2268 5205 Vulg.:
2304 5130 2582 5205 Propterea
2605 5132 2759 5189 nolite
2785 5135 2917 5204 ﬁeri.

1990 5204 2043 5258 5)
2070 5204 2239 5258 Codd.
2274 5204 2479 5257 erimus.

1990 5272 2042 5326 Δ)
2070 5272 2237 5325 Codd.
2255 5290 2448 5326 sumus.

1986 5340 2043 5409 5)
2074 5340 2222 5409 Vulg.
2248 5358 2264 5394 :
2296 5342 2409 5395 Dei.

1988 5412 2039 5488 si)
2075 5409 2222 5488 Vulg.
2252 5412 2421 5488 addit,
2446 5412 2941 5488 _Sancto,_loquentes
2965 5415 3346 5488 nobismetipsis.

1988 5480 2044 5555 :l)
2077 5480 2243 5555 Codd.
2273 5481 2325 5533 in
2344 5482 2556 5555 spiritu;
2584 5480 2681 5536 sed
2707 5485 2863 5551 paulo
2886 5496 3014 5543 ante
3040 5480 3241 5555 spiritu:

1985 5548 2041 5605 8)
2070 5548 2234 5603 Codd.
2268 5548 2513 5605 canticos.

1986 5615 2233 5689 9)_V_ulg.
2266 5636 2278 5670 :
2305 5617 2412 5672 Deo
2438 5630 2485 5672 et
2513 5623 2665 5689 patri.

1966 5684 2079 5755 (i0)
2108 5684 2245 5743 Ante
2263 5684 2523 5745 cantantes
2542 5699 2624 5747 est
2646 5690 2700 5747 in
2725 5689 2881 5749 codd.
2915 5702 2969 5749 ut
2989 5692 3093 5751 hac
3123 5696 3312 5751 omnia.

1959 5207 1983 5548 ἓ
