3910 6212
512 298 647 354 Ιῖ87

1734 301 1919 355 MARII
1964 299 2303 358 VICTORINI
2332 301 2487 357 AFlil

3630 308 3750 365 {288

503 421 745 482 agentes,
775 422 826 466 et
866 420 1083 482 agentes
1113 426 1209 479 pro
1246 413 1529 467 omnibus:
1566 428 1669 467 non
1696 416 1834 468 enim
1865 425 2063 468 tantum
2095 418 2147 474 Α
2172 423 2223 468 et
2247 415 2361 468 sine
2388 413 2587 467 macula
2618 424 2671 468 et
2694 413 2811 468 sine
2836 429 2962 482 ruga
2994 432 3006 469 :
3033 414 3148 470 hmc
3168 416 3311 470 enim
3337 416 3567 471 afferunt
3592 417 3751 473 delor-

503 516 602 571 pro
634 503 803 563 nobis,
835 504 925 557 sed
956 503 1113 557 etiam
1148 519 1242 571 pro
1282 504 1419 568 aliis,
1452 521 1583 573 quos
1627 514 1899 559 correctos
1929 506 2073 560 vide-

504 605 643 645 mus.
674 592 738 644 Et
770 608 983 663 agamus
1009 595 1205 663 gratias
1244 594 1363 647 cui?
1396 593 1549 647 Patri.
1570 606 1614 647 et
1644 594 1772 658 Deo,
1807 596 1898 649 sed
1932 597 2075 651 Patri

505 692 561 738 et
590 683 697 737 Deo
723 684 774 736 in
802 685 1015 739 nomine
1042 684 1249 738 Domini
1273 700 1489 753 agamus
1517 688 1732 755 gratias.
1762 686 1908 740 Tunc
1932 689 2071 741 enim

504 773 700 842 gratias
731 783 874 828 recte
905 774 1129 842 agimus,
1173 776 1215 827 si
1253 793 1355 828 non
1393 785 1576 829 nostro
1616 777 1851 843 nomine,
1887 777 1978 831 sed
2022 779 2073 831 in

506 866 718 918 nomine
766 864 959 918 Christi
1015 866 1121 919 Dco
1178 865 1373 934 gratias
1427 868 1649 933 agimus.
1710 867 1935 921 Necesse
1995 878 2072 922 est

507 958 670 1021 enim,
708 966 759 1009 et
792 956 856 1011 de
888 956 990 1010 hoc
1017 958 1131 1023 ipso
1147 956 1289 1026 quod
1324 972 1419 1011 nos
1445 958 1651 1011 liberati
1685 975 1886 1023 sumus,
1928 970 1982 1014 et
2010 960 2076 1015 de

508 1064 572 1104 co
599 1048 736 1119 quod
756 1049 1009 1117 Spiritum
1031 1048 1334 1118 recipimus,
1364 1064 1580 1117 agamus
1594 1052 1789 1119 gratias
1812 1052 1917 1104 Deo
1942 1068 1954 1102 :
1982 1051 2073 1105 sed

513 1151 635 1197 tunc
668 1152 831 1206 recte,
869 1142 914 1195 si
946 1143 995 1195 in
1030 1142 1242 1195 nomine
1268 1141 1465 1195 Christi
1494 1142 1699 1209 agimus
1731 1142 1836 1195 Deo
1861 1142 2075 1210 gratias.

578 1234 740 1289 Vnus.
770 1235 859 1288 21.
896 1265 966 1274 -
995 1235 1222 1303 Subjccti
1251 1234 1458 1287 invicem
1485 1236 1534 1286 iu
1564 1236 1741 1286 timore
1762 1233 1967 1287 Christi.
1995 1233 2078 1287 ln-

508 1329 702 1390 vicem,
734 1326 783 1379 id
808 1333 887 1378 cst
913 1326 1047 1378 alter
1077 1340 1171 1392 pro
1198 1324 1397 1377 altero:
1432 1340 1483 1375 tu
1515 1324 1689 1375 timore
1715 1321 1901 1376 Christi
1932 1324 1981 1376 in
2012 1337 2077 1378 eo

506 1420 647 1489 quod
694 1419 939 1472 timemus
978 1416 1285 1469 Christum:
1331 1423 1386 1469 ut
1416 1415 1621 1469 dictum
1667 1416 1826 1469 timor
1868 1415 2074 1469 Domini

510 1511 715 1567 initium
759 1523 953 1563 sensus
983 1509 1085 1579 (l).

575 1601 734 1656 Vens.
754 1601 845 1665 ‘22,
872 1601 962 1663 23,
990 1598 1075 1652 24.
1095 1628 1165 1639 —-
1187 1599 1423 1654 Mulieres
1461 1600 1576 1654 viris
1604 1601 1706 1654 suis
1742 1600 1954 1653 subdita:
1975 1598 2075 1651 sint

512 1694 639 1747 sicut
657 1692 888 1746 Domino.
916 1691 1085 1747 Etiam
1107 1701 1367 1761 praecepta
1388 1692 1579 1745 dantur
1605 1692 1930 1750 mulieribds.
1946 1688 2071 1759 quid

2178 509 2411 560 mitatcm
2444 515 2497 560 et
2524 508 2778 560 maculam
2807 514 2861 560 ct
2884 522 3097 572 rugam;
3120 508 3315 575 quibu:
3335 523 3458 562 cum
3482 518 3623 563 caret
3639 527 3748 563 cur-

2175 613 2293 667 pus,
2326 598 2483 665 viget,
2514 597 2687 663 ﬂoret,
2715 598 2963 651 deetirum
2988 608 3090 651 est.
3123 600 3229 653 Sed
3260 608 3456 667 praster
3486 602 3596 654 hare
3620 601 3750 669 adje-

2174 689 2349 742 citaut
2376 690 2567 757 aliquid
2593 690 2861 760 ejusmodi,
2891 690 2940 743 id
2958 691 3094 744 estsi
3122 691 3246 759 quid
3275 693 3379 746 tale
3409 693 3569 746 etiam
3597 707 3673 747 est
3700 706 3749 748 ut

2176 797 2365 836 nomen
2391 783 2609 845 haheat;
2641 783 2727 835 sed
2744 794 2795 835 ut
2816 786 3071 837 sitsancta
3092 786 3501 839 etimmaculata.
3536 786 3751 856 Hocegit

2176 876 2414 928 Christus
2441 883 2498 927 ut
2542 877 2611 929 sit
2639 875 2873 930 Ecclesia
2910 888 2963 930 et
2988 885 3170 931 sancta
3211 889 3265 931 et
3294 880 3647 932 immaculata.
3682 880 3745 933 [ta

2176 976 2355 1019 sancta
2386 967 2434 1019 in
2462 965 2614 1029 eo,id
2650 966 2884 1035 estquod
2915 967 3123 1020 lavacro
3154 982 3305 1035 aqua:
3338 977 3393 1021 et
3416 970 3576 1023 verbo
3606 987 3747 1024 mun-

2177 1058 2728 1121 daturzimmaculata,
2752 1058 2891 1126 quod
2919 1059 3034 1112 sine
3061 1062 3264 1113 macula
3293 1069 3374 1114 cst
3402 1071 3455 1114 et
3470 1062 3584 1115 sine
3606 1078 3742 1132 ruga.

2248 1150 2407 1205 Vens.
2459 1150 2548 1204 28.
2595 1180 2662 1191 —
2712 1149 2795 1203 Ita
2836 1162 2883 1205 et
2940 1152 3033 1203 viri
3081 1152 3255 1206 debent
3305 1155 3517 1223 diligere
3573 1172 3745 1209 uxores

2175 1258 2292 1295 suas
2320 1244 2445 1295 sicut
2468 1258 2613 1294 suum
2640 1258 2822 1312 corpus
2853 1242 2949 1313 (Ι).
2975 1242 3127 1297 Paria
3160 1255 3422 1313 prarcepta
3452 1248 3609 1300 etiam
3642 1250 3746 1303 viro

2175 1335 2387 1397 dantur,
2410 1343 2467 1388 ut
2486 1350 2685 1389 uxores
2711 1349 2832 1388 suas
2861 1333 3116 1403 diligant;
3143 1346 3195 1388 ut
3225 1353 3390 1397 suum,
3424 1337 3611 1407 inquit,
3642 1357 3747 1392 cor-

2176 1443 2290 1496 pus.
2324 1427 2409 1481 Sic
2439 1426 2577 1480 enim
2611 1435 2663 1477 et
2692 1424 2905 1478 historia
2939 1428 3297 1494 generationis
3324 1429 3589 1494 ostendit,
3614 1430 3745 1497 quod

2175 1519 2242 1574 de
2268 1520 2362 1572 viri
2389 1526 2534 1572 costa
2558 1516 2768 1573 ﬂemina
2801 1517 3003 1571 eliccta.
3038 1519 3175 1588 Ergo
3203 1519 3279 1573 sic
3305 1536 3523 1574 uxorem
3553 1521 3745 1591 diligat,

2174 1614 2320 1681 quasi
2348 1629 2492 1667 suum
2521 1628 2719 1679 corpus.
2758 1610 2855 1677 Qui
2879 1627 3085 1665 uxorem
3107 1629 3249 1665 suam
3281 1613 3481 1682 diligit,
3513 1630 3567 1666 se
3592 1614 3748 1679 ipsum

2175 1704 2357 1774 diligit.
2380 1704 2578 1757 Eadem
2606 1704 2825 1773 repetit:
2850 1704 2893 1756 si
2916 1704 3055 1757 enim
3082 1720 3144 1758 ex
3170 1719 3394 1773 corpore
3423 1712 3604 1759 nostro
3625 1721 3750 1758 uxor

506 1782 1034 1852 easoporteatlacere
1052 1792 1103 1835 et
1120 1783 1407 1852 quomodo.
1426 1782 1553 1835 Nam
1575 1780 1701 1849 quid
1720 1798 1811 1837 cas
1834 1790 2061 1847 Oporteat

2178 1808 2260 1851 est
2279 1840 2292 1861 ,
2320 1798 2403 1866 qui
2432 1812 2635 1849 uxorem
2674 1813 2815 1849 suam
2851 1796 3016 1862 diligit
3044 1838 3055 1857 ,
3087 1812 3140 1849 se
3167 1797 3333 1863 ipsum
3372 1797 3562 1867 diligit.
3598 1796 3661 1850 Et
3683 1799 3751 1852 sic

504 1876 695 1937 facere,
714 1874 846 1927 dixit
869 1874 987 1927 viris
1003 1874 1107 1927 suis
1128 1874 1338 1927 subdita:
1352 1873 1469 1927 sint.
1486 1872 1799 1940 Quomodo?
1821 1874 1948 1926 sicut
1971 1872 2077 1926 Do-

506 1967 659 2032 mino,
678 1968 759 2020 vel
776 1966 909 2019 sicut
925 1965 1161 2019 Christo:
1184 1973 1239 2017 ut
1262 1966 1325 2018 ita
1348 1965 1453 2019 sint
1476 1966 1577 2017 illis
1595 1964 1710 2027 viri,
1728 1965 1873 2033 quasi
1893 1980 2073 2017 earum

502 2056 765 2113 dominus.
793 2058 1007 2127 Denque
1034 2058 1104 2111 ita
1124 2072 1240 2111 esse
1260 2098 1272 2121 ,
1304 2058 1578 2110 irationem
1608 2056 1795 2110 reddit.
1826 2056 2075 2118 Quoniam

501 2148 1115 2218 vircaputestuxorisﬁ),
1138 2152 1267 2200 sicut
1293 2158 1337 2199 et
1367 2148 1591 2201 Christus
1621 2158 1771 2214 caput
1803 2158 1872 2200 est
1901 2147 2076 2199 Eccle-

498 2240 587 2295 sia:
615 2255 633 2292 :
659 2240 765 2307 ipse
788 2240 1006 2292 salvator
1036 2241 1259 2303 corporis
1293 2239 1389 2309 (ὅ).
1445 2240 1531 2292 Sic
1583 2238 1740 2291 etiam
1791 2238 1871 2290 vir
1918 2247 2076 2306 caput

500 2339 582 2385 est
630 2331 827 2385 uxoris.
869 2330 934 2383 Et
984 2340 1037 2383 ut
1089 2330 1314 2383 Ecclesia
1363 2330 1561 2383 subdita
1601 2340 1671 2383 est
1711 2329 1911 2383 Christo
1968 2329 2065 2399 (τί),

497 2420 570 2472 ita
598 2430 642 2472 et
663 2420 897 2474 mulieres
924 2420 1137 2475 subditae
1162 2422 1215 2473 iu
1241 2419 1491 2483 omnibus,
1523 2419 1776 2473 modestae
1802 2436 1864 2474 ac
1892 2421 2073 2473 mode-

504 2516 631 2563 rata:
672 2510 724 2561 in
756 2512 1016 2563 omnibus.

570 2601 729 2655 Vens.
756 2602 847 2668 9.5,
874 2604 1040 2657 26.--
1057 2602 1179 2669 Viri,
1204 2604 1395 2674 diligite
1421 2620 1601 2657 uxores
1633 2615 1837 2667 vestras,
1864 2606 1989 2658 sicut
2026 2612 2071 2657 et

502 2688 724 2747 Christus
738 2696 909 2748 dilexit
925 2694 1221 2761 Ecclesium,
1243 2706 1290 2749 et
1302 2698 1616 2763 semetipsum
1632 2699 1837 2750 tradidit
1850 2715 1940 2763 pro
1954 2698 2067 2762 illa,

499 2797 553 2840 ut
567 2804 675 2841 eam
693 2789 1024 2856 sanctiﬁcaret
1042 2789 1289 2843 mundatis
1301 2791 1351 2842 iu
1368 2791 1566 2843 lavacro
1581 2806 1720 2855 aqua‘
1736 2792 1787 2842 in
1806 2790 1949 2843 verba
1962 2790 2039 2858 (5)
2050 2828 2065 2843 .

498 2876 725 2933 Transiit
754 2879 816 2931 ad
845 2881 1015 2947 viros,
1049 2890 1105 2934 ut
1132 2879 1243 2951 pari
1265 2881 1420 2936 modo
1441 2882 1749 2951 praeciperet
1790 2882 1915 2935 viris
1942 2880 2066 2950 quid

509 2972 766 3042 agendum
783 2988 901 3027 cum
917 2974 1186 3029 uxoribus.
1208 2974 1625 3042 Diligite,inquit,
1640 2989 1829 3029 uxores
1844 2986 2062 3028 vestras.

496 3060 686 3116 Reddit
732 3063 988 3116 rationem
1030 3062 1096 3116 de
1121 3061 1309 3116 eodem
1340 3063 1616 3131 exemplo;
1669 3064 1824 3127 sicut,
1872 3066 2060 3133 inquit,

495 3151 735 3208 Christus
754 3154 941 3209 dilexit
966 3154 1504 3209 Ecclesiam.Etenim
1530 3163 1685 3222 caput
1712 3165 1795 3209 est
1823 3156 2060 3210 mulieris

493 3245 595 3309 vir,
628 3253 682 3297 et
702 3256 856 3313 caput
887 3255 966 3299 est
993 3245 1245 3298 Ecclesia;
1269 3245 1510 3299 Christus
1536 3263 1547 3298 :
1577 3254 1629 3299 et
1656 3247 1793 3300 sicut
1818 3245 2060 3301 Christus

501 3336 715 3390 tradidit
736 3337 1075 3405 semetipsum
1096 3351 1189 3405 pro
1205 3336 1433 3390 Ecclesia
1462 3346 1516 3389 ut
1543 3351 1658 3391 eam
1686 3336 2056 3400 sanctiﬁcaret.

494 3427 573 3481 sic
598 3436 651 3480 et
672 3427 759 3481 hic
780 3428 858 3480 vir
882 3442 976 3495 pro
999 3426 1083 3479 illa
1108 3426 1279 3479 omnia
1308 3428 1570 3496 patienter
1596 3428 1858 3481 sustinere
1880 3427 2056 3491 debet,

493 3527 552 3571 ut
580 3534 696 3573 eam
726 3518 1037 3573 sanctiﬁcat.
1061 3518 1373 3574 Perseverat
1395 3529 1567 3574 tamen
1587 3520 1708 3587 quid
1734 3520 2054 3586 prmstiterit,

490 3609 735 3664 Christus
783 3610 1090 3674 oste'rlere,
1140 3610 1279 3680 quod
1310 3611 1651 3680 semetipsum
1705 3611 1948 3675 tradidit,
2001 3620 2057 3664 ut

490 3702 771 3757 mundaret
816 3702 868 3756 in
910 3702 1121 3756 lavacro
1159 3718 1307 3771 aqua:
1346 3714 1398 3755 et
1444 3703 1493 3755 in
1538 3704 1697 3757 verbo
1743 3704 2052 3757 Ecclesiam.

490 3790 683 3863 Utique
703 3790 1022 3861 accipiamus
1045 3793 1354 3857 Ecclesiam,
1379 3807 1589 3846 omnem
1609 3792 1840 3859 fidelem,
1869 3804 1920 3847 et
1942 3811 2055 3848 om-

490 3900 610 3939 nem
636 3887 723 3955 qui
750 3884 1013 3953 baptisma
1039 3883 1244 3953 accepit
1272 3901 1283 3934 :
1324 3884 1377 3937 in
1408 3883 1510 3939 ﬁde
1535 3885 1824 3938 assmnitur
1854 3887 2055 3941 scilicet

488 3984 543 4029 et
569 3976 781 4030 lavacro
808 3990 956 4045 aqua:
991 3985 1044 4029 et
1071 3975 1405 4029 invocatione
1430 3976 1600 4029 verbi.
1633 3975 1757 4030 Haec
1784 3978 1848 4030 ad
1883 3979 2050 4034 virum

488 4066 627 4121 circa
660 4080 875 4120 uxorem
904 4066 1345 4136 quemadmodum
1385 4069 1677 4123 revocanda
1708 4070 1832 4136 sint,
1867 4087 2051 4141 parum

488 4157 688 4213 clarum
719 4166 801 4212 est
828 4173 843 4211 :
887 4159 1055 4227 potuit
1086 4166 1261 4211 tamen
1294 4157 1460 4212 videri
1495 4160 1544 4213 id
1572 4162 1710 4227 quod
1756 4161 1819 4214 ad
1866 4165 2054 4219 simili-

489 4248 722 4303 tudinem
772 4247 930 4303 dabat
977 4248 1027 4301 in
1072 4258 1221 4317 parte
1264 4249 1537 4317 superiore
1589 4253 1896 4318 convenire,
1954 4254 2052 4309 hac

488 4352 638 4412 parte
684 4343 821 4397 circa
862 4344 1098 4413 mystcrii
1146 4344 1501 4397 narrationem
1541 4358 1661 4398 esse
1706 4347 2048 4416 completum.

488 4434 862 4490 Verumtamen
890 4435 1047 4489 etiam
1088 4436 1188 4489 hoc
1213 4450 1423 4504 quoque
1450 4437 1493 4489 si
1520 4452 1828 4493 revocemus
1854 4438 1919 4493 ad
1952 4440 2047 4493 viri

2180 1901 2359 1959 postea
2383 1890 2654 1957 suhjungit
2672 1889 2969 1957 exemplum
2999 1906 3009 1941 :
3032 1899 3079 1940 et
3100 1898 3247 1940 erunt
3268 1889 3370 1941 duo
3388 1889 3439 1940 in
3462 1905 3615 1941 carne
3635 1905 3747 1940 uita.

2250 1983 2409 2038 Vsus.
2446 1983 2537 2036 ἓξ).
2570 2012 2640 2022 -—
2691 1980 2853 2033 Nemo
2905 1980 3034 2032 enim
3085 1996 3303 2048 unquam
3366 1997 3508 2033 suam
3559 1996 3752 2032 carnem

2176 2078 2278 2130 odit
2306 2076 2403 2143 (‘2),
2434 2076 2521 2128 sed
2550 2074 2703 2126 nutrit
2732 2085 2775 2125 et
2806 2072 2934 2140 fouet
2964 2072 3124 2125 illaut.
3150 2072 3442 2124 Confirmat
3467 2114 3480 2136 ,
3506 2070 3646 2138 quod
3675 2088 3750 2123 se-

2175 2169 2402 2222 cundum
2446 2174 2683 2219 naturam
2718 2173 2799 2218 est
2837 2164 2921 2216 hic
2953 2177 3133 2225 amor,
3168 2171 3225 2214 ut
3263 2177 3482 2215 carnem
3524 2169 3744 2215 nostram

2174 2260 2471 2329 diligamus.
2504 2259 2557 2312 Si
2587 2268 2761 2311 autem
2794 2271 2917 2309 caro
2949 2263 3129 2309 nostra
3158 2254 3372 2309 lix-mina
3401 2263 3502 2315 est,
3521 2255 3742 2320 etprima

2174 2350 2386 2405 {Gemina
2415 2348 2482 2402 de
2500 2362 2660 2401 carne
2704 2348 2833 2412 viri,
2862 2356 2914 2401 et
2957 2347 3033 2399 sic
3065 2345 3275 2401 lamina
3316 2357 3375 2398 ut
3408 2346 3594 2397 eadem
3624 2357 3744 2395 uxor

2174 2441 2340 2510 ipsius
2369 2438 2545 2503 fuerit,
2571 2454 2690 2491 cum
2717 2452 2871 2491 nemo
2896 2452 3043 2490 suam
3068 2452 3280 2491 carnem
3308 2438 3504 2503 oderit,
3530 2434 3621 2488 sed
3645 2450 3743 2486 ma-

2171 2534 2249 2602 gis
2281 2531 2478 2585 nutriat
2506 2540 2557 2583 ct
2588 2528 2796 2589 foveat;
2824 2528 2983 2582 debet
3012 2542 3137 2596 ergo
3164 2535 3217 2581 et
3245 2543 3469 2581 uxorem
3508 2528 3587 2579 sic
3626 2525 3738 2577 dili-

2168 2642 2321 2697 gere,
2346 2634 2402 2677 ut
2429 2637 2577 2676 suam
2600 2636 2835 2687 carnem,
2864 2622 2992 2672 sicut
3022 2629 3067 2673 et
3097 2615 3324 2671 Christus
3347 2615 3652 2669 Ecclesium.
3683 2614 3741 2668 Et

2169 2719 2308 2771 circa
2336 2717 2504 2768 virum
2531 2714 2713 2769 eadem
2744 2721 3002 2780 prmcepta
3034 2719 3176 2776 sunt,
3200 2723 3319 2779 qum
3341 2710 3485 2763 circa
3508 2723 3735 2762 uxorem'

2169 2810 2258 2863 Sic
2284 2808 2421 2861 enim
2453 2807 2572 2858 data
2601 2804 2786 2872 religio
2812 2813 2892 2856 est
2919 2813 3077 2871 atque
3106 2801 3353 2866 formido,
3388 2810 3446 2853 ut
3476 2815 3609 2853 uxor
3639 2800 3740 2851 viro

2168 2902 2362 2953 serviat
2401 2898 2647 2966 quoniam
2691 2894 2767 2947 vir
2808 2892 2987 2947 uxoris
3034 2900 3189 2960 caput
3229 2898 3313 2944 est
3338 2930 3352 2954 ,
3393 2900 3452 2943 ut
3497 2889 3738 2944 Ecclesia:

2165 2990 2408 3043 Christus
2441 3006 2453 3041 :
2486 2990 2554 3041 ita
2586 3001 2725 3041 nunc
2754 2996 2805 3041 et
2834 2985 2949 3038 viro
2975 2983 3077 3037 hoc
3113 2992 3435 3052 prmceptum
3477 2982 3660 3045 datur,
3684 2987 3739 3034 ut

2165 3096 2383 3136 uxorem
2411 3094 2557 3133 suam
2586 3078 2785 3148 diligat,
2816 3074 3261 3146 quemadmodum
3285 3073 3531 3127 Christus
3553 3072 3735 3127 Eccle-

2164 3187 2315 3227 suam.

2237 3251 2395 3305 Vens.
2443 3251 2533 3305 50.
2580 3278 2650 3289 —
2705 3247 2953 3315 Quoniam
3018 3244 3241 3299 membra
3285 3260 3462 3298 sumus
3518 3240 3733 3312 corporis

2161 3350 2289 3419 ejus.
2319 3346 2381 3398 lit
2414 3358 2571 3413 supra
2612 3345 2680 3395 ita
2709 3341 2905 3395 dictum
2934 3338 3170 3393 Ecclesia
3197 3350 3385 3391 omnes
3419 3344 3544 3389 sunt
3571 3333 3731 3387 sancti

2162 3441 2364 3501 ﬁdeles,
2393 3454 2510 3507 qua:
2536 3436 2771 3490 membra
2800 3441 2921 3488 sunt
2943 3432 3157 3496 Christi,
3191 3442 3244 3485 et
3276 3430 3333 3483 ﬁt
3360 3444 3523 3482 unum
3546 3438 3729 3496 corpus

2158 3532 2355 3588 Christi
2400 3530 2669 3593 Ecclesia,
2703 3529 2786 3581 cui
2839 3535 2995 3593 caput
3047 3534 3128 3579 est
3170 3523 3432 3578 Christus.
3469 3521 3549 3575 De
3586 3534 3728 3572 carne

2156 3623 2335 3693 ipsius,
2368 3631 2409 3675 et
2434 3624 2492 3674 (ἐξ
2518 3622 2710 3674 ossibus
2735 3620 2867 3687 ejus.
2903 3616 3130 3671 Membra
3162 3630 3363 3676 sumus,
3400 3612 3585 3681 inquit.
3614 3626 3722 3664 om-

2157 3733 2254 3772 nes
2291 3717 2356 3769 de
2395 3715 2557 3782 ipsius
2595 3728 2754 3767 carne
2788 3710 2934 3766 etde
2962 3710 3077 3778 cjus
3115 3709 3344 3761 ossibus.
3379 3706 3496 3759 Non
3537 3707 3605 3758 ita
3646 3704 3722 3757 hic

2156 3808 2521 3879 accipiendum
2562 3814 2808 3874 tanquam
2846 3804 2998 3873 hujus
3035 3802 3242 3867 carnis,
3276 3814 3433 3870 quam
3480 3798 3648 3852 induit
3676 3808 3721 3849 ct

2157 3899 2206 3951 in
2232 3912 2335 3966 qua
2362 3897 2624 3966 apparuit,
2653 3908 2749 3947 nos
2779 3900 2979 3962 partem
3012 3890 3300 3945 habeamus
3321 3888 3421 3958 ('5),
3446 3897 3497 3941 et
3523 3887 3589 3941 de
3614 3888 3721 3952 ejus

2154 3992 2363 4047 ossibus
2383 4032 2396 4055 ,
2422 4005 2538 4060 qua:
2584 4000 2703 4041 ossa
2733 3985 2944 4040 luerunt
2974 3985 3148 4038 carnis
3175 3981 3321 4050 ejus,
3356 3982 3409 4034 in
3439 3996 3544 4048 qua
3572 3978 3721 4033 Chri-

2153 4080 2547 4151 stusapparuit:
2567 4078 2657 4132 sed
2673 4075 2990 4146 accipiamus
3011 4075 3257 4127 deitatem
3280 4080 3440 4125 totam
3464 4070 3716 4138 ejusdem,

2152 4188 2269 4243 qua:
2296 4184 2374 4226 est
2406 4170 2458 4223 in
2496 4168 2711 4238 spiritu,
2744 4166 2832 4221 ubi
2876 4168 2927 4219 in
2958 4164 3204 4218 omnibus
3245 4176 3404 4230 supra
3448 4161 3641 4214 ccelum
3671 4168 3720 4212 et

2153 4267 2203 4318 in
2226 4264 2530 4321 ctelestibus
2558 4263 2842 4331 potentiam
2869 4257 3079 4312 deitatis
3107 4270 3216 4309 sure
3242 4254 3421 4317 habet,
3446 4255 3590 4331 circa
3618 4253 3720 4318 spi-

2151 4355 2485 4419 ritum,circa
2510 4329 2759 4416 mentem,
2782 4364 2935 4419 quam
2956 4355 3069 4402 νοῦν
3092 4344 3259 4400 Graeci
3278 4342 3483 4405 dicunt,
3507 4329 3559 4395 et
3580 4342 3718 4394 circa

2152 4448 2400 4501 animam.
2433 4445 2527 4499 Hic
2550 4444 2705 4512 igitur
2726 4440 2971 4511 quoniam
2997 4448 3049 4493 et
3078 4451 3171 4490 uos
3204 4438 3315 4489 hrcc
3340 4433 3529 4487 eadem
3561 4431 3719 4486 habe-

485 4525 812 4596 patientiam,
839 4534 897 4579 ut
932 4539 989 4579 se
1019 4524 1191 4579 tradat
1228 4540 1323 4595 pro
1362 4526 1603 4593 muliere,
1647 4538 1699 4583 et
1729 4529 1902 4583 omnia
1930 4530 2044 4598 ejus
2074 4504 2123 4562 D
2149 4553 2288 4603 mus,
2307 4535 2663 4603 accipiendum
2682 4534 2748 4587 ita
2772 4529 3028 4601 est,quutl
3048 4527 3279 4582 membra
3302 4539 3484 4578 sumus
3503 4521 3716 4583 Christi,

483 4617 612 4673 ferat
638 4617 971 4687 patiaturque
995 4618 1153 4671 etiam
1186 4617 1460 4687 passiones
1492 4619 1746 4685 tolerans,
1777 4622 1862 4675 illa
1891 4638 2045 4677 mnu-

480 4706 689 4761 dabitur
701 4707 909 4762 lavacro
923 4716 976 4761 et
992 4706 1175 4772 verbo;
1198 4706 1248 4760 id
1261 4716 1346 4762 est
1368 4706 1584 4762 habebit
1604 4724 1631 4762 a
1642 4711 1743 4777 pud
1767 4712 2041 4768 Dominum

480 4798 927 4871 purificationem;
950 4813 1068 4852 cum
1099 4796 1238 4851 illam
1269 4812 1452 4867 puram
1487 4798 1681 4863 reddit,
1713 4811 1765 4855 et
1793 4804 2039 4869 patientia

478 4891 721 4948 idoneam
752 4890 872 4944 facit
898 4899 953 4942 ut
976 4889 1186 4943 lavacro
1211 4896 1266 4943 ct
1292 4889 1455 4943 verbo
1484 4889 1861 4947 sanctificatum

548 4983 708 5038 Vens.
734 4981 823 5035 27.
852 5009 921 5021 —
948 4979 1014 5035 Ut
1039 4980 1277 5050 praeberet
1322 4981 1428 5052 ipse
1451 4982 1547 5035 sibi
1572 4984 1839 5053 gloriosam
1870 4986 2041 5043 Eccle-

475 5076 621 5131 sium.
660 5073 762 5129 Pro
782 5071 1016 5128 Ecclesia
1034 5114 1049 5137 ,
1075 5070 1275 5141 inquit,
1302 5086 1360 5126 se
1381 5073 1527 5127 dedit
1552 5074 1792 5132 Christus
1812 5118 1828 5145 ,
1850 5087 1907 5133 ut
1932 5080 2043 5147 glo-

474 5170 669 5227 riosam
699 5166 799 5223 sibi
828 5164 1337 5221 faceretEcclesiam
1386 5181 1563 5231 suam;
1616 5170 1775 5224 etiam
1832 5187 2037 5241 puram,

573 5304 625 5378 l)
644 5304 838 5378 Psalm.
852 5318 944 5364 cx.
963 5301 1045 5378 lt).
1061 5303 1369 5378 Prosensus,
1386 5301 1540 5373 Vulg.
1569 5302 1726 5361 habet
1749 5311 2024 5378 sapientia).

572 5376 630 5461 ?)
658 5375 812 5461 ἕως·
837 5372 1117 5461 artiﬁce:

649 5438 809 5526 ξηρᾷ.
842 5443 1007 5526 addit,
1038 5446 1169 5526 ejus.

568 5518 619 5585 4)
649 5512 804 5589 Vulg.
833 5530 848 5567 :
1029 5512 1155 5589 sicut
1168 5512 1410 5589 Ecclesia
1453 5519 1673 5587 subjecta
1698 5527 1769 5573 est
1809 5520 2023 5589 Christo,

475 5584 611 5643 itaet
630 5586 866 5640 mulieres
887 5584 1005 5637 uiris
1029 5585 1135 5638 suis
1162 5585 1215 5637 in
1238 5586 1480 5644 omnibus.

547 5656 628 5735 (5)
669 5656 823 5735 Deest
840 5656 953 5708 vita
970 5653 1108 5735 apud
1130 5653 1453 5735 Victorinum
1476 5656 1595 5715 heic
1613 5673 1661 5715 et
1686 5657 1822 5715 infra
1840 5663 2025 5720 confer

476 5723 618 5799 vul‘g.’
644 5734 858 5797 propter
891 5723 1153 5780 variantes
1190 5723 1461 5781 Victorini.

2150 4631 2202 4685 id
2230 4640 2310 4683 est
2344 4630 2395 4683 in
2429 4628 2717 4681 substantia
2758 4623 3009 4694 spiritali;
3041 4629 3095 4675 et
3120 4619 3184 4671 de
3205 4632 3365 4672 carne
3392 4616 3531 4683 ejus,
3561 4614 3610 4667 id
3639 4621 3718 4667 est

2146 4721 2213 4777 de
2240 4721 2444 4785 anima;
2472 4727 2525 4773 et
2548 4718 2614 4773 de
2634 4717 2861 4779 ossibus,
2891 4714 2941 4769 id
2965 4722 3044 4768 est
3070 4711 3188 4766 dico
3208 4709 3345 4781 quod
3373 4716 3498 4770 νοῦς
3527 4707 3718 4761 dicitur

2145 4832 2337 4886 grwce.
2365 4813 2551 4870 Omnia
2592 4811 2730 4866 enim
2766 4811 2865 4863 ista
2895 4809 3091 4863 virtute
3127 4806 3219 4861 Dei
3256 4806 3308 4858 in
3352 4800 3716 4871 superioribus

2145 4907 2359 4976 spiritus
2388 4914 2539 4965 sunt;
2571 4903 2705 4958 sicut
2730 4909 2782 4956 et
2808 4900 2945 4953 idem
2971 4898 3161 4952 Paulus
3181 4896 3307 4948 dicit
3333 4894 3384 4947 in
3407 4891 3628 4961 cpistola
3651 4888 3713 4943 ad

2146 4996 2643 5053 Thessalonicenses
2679 4992 2845 5061 prima
2888 4989 2965 5062 (4)
3008 4988 3166 5057 :ipse
3206 4985 3346 5041 enim
3390 4984 3529 5038 Deus
3574 4979 3711 5050 pacis

2146 5089 2438 5146 sanctiﬁcet
2463 5102 2556 5140 vos
2580 5100 2672 5156 per
2696 5083 2904 5149 omnia;
2931 5089 2987 5136 ut
3013 5081 3096 5151 (5)
3128 5081 3333 5148 integer
3358 5077 3574 5147 spiritus
3597 5087 3710 5128 ves.

2148 5193 2229 5239 ter
2257 5193 2310 5237 et
2336 5180 2511 5235 anima
2537 5188 2593 5234 et
2613 5192 2805 5246 corpus
2832 5183 3092 5231 servetur.

2204 5275 2370 5331 Vens.
2392 5271 2483 5327 51.
2523 5298 2595 5311 -
2616 5267 2835 5338 Propter
2854 5268 2948 5319 hoc
2968 5264 3218 5333 relinquet
3240 5262 3321 5335 (6)
3347 5263 3494 5317 homo
3520 5268 3703 5333 patrem

2203 5385 2281 5456 (1)
2309 5385 2465 5453 Vulg.
2488 5401 2501 5437 :
2521 5382 2587 5456 Ut
2614 5398 2822 5451 corpora
2846 5397 2961 5435 sua.

2195 5455 2275 5528 (2)
2301 5457 2448 5528 Vulg.
2476 5473 2489 5510 :
2524 5455 2652 5509 Odia
2681 5456 2870 5509 habuit.

2204 5467 2253 5528 (2
2307 5467 2448 5525 Vulg.
2476 5473 2489 5510 :
2524 5467 2652 5509 Udto
2681 5467 2706 5508 η

2204 5467 2281 5597 (ὅ)
2308 5527 2477 5582 Codd.
2510 5528 2706 5581 habere.

2204 5599 2280 5667 (4)
2308 5598 2437 5667 Cap.
2473 5612 2536 5662 v,
2567 5598 2655 5652 25.

2198 5668 2279 5731 (5)
2304 5668 2470 5723 Codd.
2502 5677 2569 5721 et.

2197 5736 2276 5808 (6)
2298 5736 2465 5795 Codd.
2494 5739 2751 5808 relinquit.
