3910 6212
141 296 280 351 i289

1056 290 1119 345 IN
1158 289 1533 346 EPISTULAM
1574 288 1662 342 AD
1701 286 2023 343 EPHESIOS
2063 286 2261 340 LIBER
2294 287 2351 340 ΙΙ.

3230 293 3375 352 1290

139 416 190 461 ει
213 417 440 467 matrem,
465 414 511 457 et
535 402 806 456 adliwrebit
827 403 969 454 uxori
990 417 1115 465 suis,
1138 416 1181 453 et
1200 413 1340 454 erunt
1365 402 1465 453 duo
1492 402 1540 453 in
1563 415 1711 452 carne
1737 410 1780 466 Α
1812 399 1933 450 dum
1961 399 2191 467 alligent,
2218 400 2384 465 plenis
2406 401 2691 454 rationibus
2705 402 2943 465 exposui,
2966 404 3171 467 tradidi,
3194 406 3369 474 docui,

141 513 269 550 una.
296 495 402 549 Hoc
429 508 727 562 exeiiipuui
755 493 819 545 de
844 491 1034 545 Genesi
1060 501 1159 554 est,
1188 505 1291 559 quo
1317 491 1563 557 probatur
1588 498 1707 541 tan-

148 595 259 639 tam
302 598 419 639 esse
458 582 651 637 debere
688 582 1025 646 charitateiu,
1056 582 1138 634 vel
1174 594 1295 634 esse
1338 580 1599 633 hominem
1640 578 1709 630 ita

143 676 362 730 charaiu
396 674 671 727 habentem
697 672 773 742 (I)
805 685 1017 725 uxorein
1042 677 1173 723 utet
1199 678 1394 737 patrem
1416 679 1469 723 et
1492 678 1710 722 matrem

147 764 503 834 derelinquat,
521 774 573 817 et
596 761 794 815 hicn-at
814 760 985 823 uxori,
1011 768 1061 812 et
1091 760 1195 812 sint
1221 759 1320 811 duo
1342 760 1393 810 in
1424 774 1520 810 una
1544 772 1706 809 carne.

146 851 328 907 Multis
354 850 521 905 modis
541 850 695 903 docet
721 848 1054 915 c0njunctitiii
1086 847 1253 898 virum
1278 847 1458 908 uxori;
1487 854 1540 897 et
1569 844 1715 912 ponit

148 943 224 997 ita
254 956 373 996 esse
398 940 613 1004 debere,
637 951 692 991 ut
717 945 773 992 et
794 939 871 989 vir
898 951 1113 991 uxorem
1143 936 1381 1004 diligeret
1413 935 1489 1004 (2)
1511 944 1562 988 et
1587 949 1715 987 uxor

152 1034 350 1086 virum.
386 1030 494 1085 Hoc
530 1031 597 1083 ita
618 1069 634 1093 ,
666 1038 721 1082 ut
749 1044 831 1084 res
858 1038 935 1081 est
964 1026 1272 1095 simpliciter
1291 1068 1305 1090 ,
1335 1028 1410 1078 sic
1437 1034 1492 1079 et
1514 1042 1540 1077 a
1567 1026 1716 1078 nobis

154 1124 357 1178 dictum
389 1133 441 1177 et
470 1140 495 1173 a
531 1122 689 1174 l’attlii
717 1139 729 1175 :
754 1129 1062 1174 verumtami
1084 1136 1114 1170 ll
1145 1121 1194 1170 iit
1226 1133 1329 1183 quo
1360 1118 1436 1187 (ὅ)
1468 1118 1717 1183 subjunc-

156 1224 268 1267 tuui
301 1224 402 1277 est,
432 1211 662 1267 ostendit
685 1212 841 1265 altius
866 1222 1043 1279 patere
1068 1212 1219 1262 istam
1249 1208 1560 1261 sententiam
1592 1225 1603 1259 :
1628 1208 1721 1260 ad-

150 1304 320 1373 jttiigit
347 1304 510 1368 enim,

227 1393 372 1446 Vsus
476 1390 564 1446 32.
661 1418 731 1429 —
785 1388 1079 1458 Mysteriuui
1164 1390 1244 1457 (4)
1324 1389 1417 1442 hoc
1486 1405 1721 1458 magnum

158 1496 232 1539 est
270 1502 289 1538 :
320 1501 407 1555 ego
449 1494 615 1535 autem
649 1481 761 1534 dico
800 1482 851 1534 in
890 1478 1088 1534 Christo
1125 1490 1169 1532 et
1202 1482 1254 1533 in
1298 1480 1541 1533 Ecclesia.
1574 1480 1718 1533 Ultra

159 1592 318 1646 quam
368 1574 674 1642 simplicitas
734 1573 842 1638 ipsa
891 1573 1152 1625 indicabat
1206 1572 1314 1641 (5),
1360 1586 1476 1625 csse
1528 1571 1722 1641 aliquid

160 1668 359 1723 Paulus
388 1666 644 1726 Ostendit,
676 1663 883 1730 quando
918 1665 989 1716 ait
1032 1664 1322 1732 mysterium
1365 1664 1456 1715 hoc
1492 1679 1723 1732 magnum

1814 489 1916 542 illic
1931 490 2029 556 (1),
2046 491 2326 542 ostendens
2344 504 2504 559 usque
2525 491 2586 541 ad
2612 491 2802 545 ctelitin
2820 492 2894 560 ('2)
2915 494 3197 559 nequitiam
3221 498 3375 563 spiri-

1814 578 1969 629 talem
1996 579 2271 631 mundana:
2285 588 2529 645 potentia:
2552 582 2776 633 maxime
2789 582 3015 648 operari.
3036 598 3152 636 cum
3167 587 3372 641 miseris

1811 669 2000 723 animis
2021 670 2158 739 quod
2180 672 2460 738 ﬁantquasi
2479 672 2716 739 quzcdaui
2750 674 2959 726 nomina
2981 676 3366 745 pollici-tuum.

1886 759 2043 812 Vsus.
2074 760 2157 811 H.
2180 788 2249 799 —
2281 759 2491 830 Propter
2537 760 2629 812 hoc
2671 763 2879 832 accipite
2928 778 3065 815 arma
3110 764 3231 829 [idet
3261 765 3365 836 (4),

1814 858 1867 901 ut
1894 850 2097 919 possitis
2137 850 2364 901 resistere
2394 849 2444 900 in
2471 848 2553 899 die
2582 850 2733 901 malo.
2795 850 2882 902 llis
2932 852 3175 905 omnibus
3219 870 3374 922 supra

1815 942 1966 993 dictis
2009 956 2127 993 cuin
2170 940 2326 994 insint
2374 955 2576 1009 magute
2618 940 2971 1003 difﬁcultates,
3023 950 3077 995 et
3126 942 3377 998 advorsus

1817 1042 2050 1085 ret-tores
2081 1032 2231 1098 hujus
2259 1032 2434 1084 iiiiindi
2466 1042 2516 1084 et
2568 1031 2876 1084 etn~braruiii
2905 1031 3083 1084 harum
3103 1048 3116 1095 ;
3140 1044 3212 1095 et,
3237 1036 3373 1100 quod

1819 1130 1899 1174 est
1928 1126 2114 1187 majus,
2138 1121 2419 1173 adversum
2446 1120 2694 1185 spiritalia
2724 1121 2965 1187 nequitiae
2993 1122 3041 1172 iu
3068 1121 3248 1185 caelis;
3276 1125 3375 1185 his,

1822 1211 2049 1278 inquiin.
2074 1214 2315 1263 omnibus
2343 1213 2592 1263 resistere
2618 1214 2860 1277 quoniam
2889 1226 3088 1279 magna:
3116 1220 3195 1263 est
3221 1210 3381 1264 virtu-

1822 1302 1910 1364 tis,
1935 1301 2319 1365 subjiciendum
2343 1300 2456 1359 luit,
2480 1316 2584 1368 quo
2603 1300 2651 1352 id
2673 1301 2784 1353 ﬁeri
2805 1312 3012 1367 posset:
3042 1302 3270 1369 accipite.
3304 1304 3382 1353 iii-

1821 1394 1952 1460 quit.
1975 1406 2116 1443 arma
2136 1391 2275 1459 ﬁdei.
2303 1392 2425 1444 Sola
2453 1393 2590 1444 enim
2615 1390 2743 1443 ﬁdes
2770 1390 2819 1441 in
2841 1390 3051 1444 Christo
3074 1393 3239 1443 munit
3264 1407 3379 1456 uos,

1824 1483 1895 1535 uti
1940 1496 2041 1534 nou
2073 1483 2241 1535 valeat
2269 1484 2406 1535 circa
2450 1494 2543 1533 nos
2587 1482 2801 1533 istarum
2846 1492 3159 1548 potesnituui
3204 1482 3382 1534 mundi

1825 1577 1927 1629 ulla
1960 1577 2195 1629 tentatio.
2245 1576 2317 1629 lia
2366 1574 2492 1627 illud
2524 1576 2662 1641 quod
2692 1572 2903 1627 difﬁcile
2946 1574 3217 1626 videbatur
3255 1576 3388 1627 resi-

1827 1676 1985 1730 stere,
2017 1668 2163 1720 tacile
2192 1665 2381 1718 factum
2410 1674 2519 1728 est,
2550 1668 2590 1718 si
2623 1672 2674 1716 in
2702 1672 2959 1733 potestate
2984 1674 3063 1716 est
3090 1663 3227 1715 unde
3258 1663 3387 1716 resi-

165 1767 260 1822 est,
289 1765 343 1809 et
369 1765 541 1810 bimen
577 1770 673 1807 non
704 1754 942 1821 apparuit
968 1755 1088 1819 quid
1118 1753 1336 1821 inteliigi
1378 1754 1532 1807 vellet
1562 1769 1575 1804 :
1607 1762 1723 1806 tan—
1758 1765 1801 1821 Β
1830 1766 2029 1809 stamus
2052 1774 2063 1807 :
2084 1766 2160 1809 est
2186 1766 2360 1808 autem
2390 1758 2437 1807 iu
2469 1764 2754 1820 potestate;
2779 1756 2968 1819 quippe
2991 1752 3143 1804 ﬁdi-iii
3166 1752 3216 1804 in
3239 1751 3393 1804 Chri-

167 1844 441 1900 lutnmodo
471 1843 624 1897 altam
663 1842 1145 1911 iiilerpretatioiiem
1176 1844 1285 1911 ipa!
1308 1844 1550 1909 subjecit,
1574 1852 1627 1895 tit
1656 1844 1733 1896 vir

170 1946 223 1988 et
272 1949 435 1998 uiior,
486 1933 567 1987 hic
606 1931 686 2002 (6)
721 1934 1007 1995 accipiatur
1042 1933 1244 1985 inti-riui
1284 1929 1524 1985 Christus
1553 1941 1606 1985 et
1638 1933 1733 1987 Ec-

177 2025 359 2077 clesia.
392 2023 495 2079 Sed
531 2028 773 2090 quoniam
803 2037 1043 2090 maguum
1076 2026 1377 2091 mysterium
1407 2022 1556 2081 dixit,
1582 2023 1736 2075 altius

174 2113 587 2179 intelligendum.
617 2112 749 2176 Quid
781 2112 933 2179 igitur
959 2124 1054 2163 nos
1078 2111 1437 2179 suspicamur?
1461 2111 1570 2179 Ego
1599 2111 1733 2163 aibi-

177 2214 289 2259 tror
328 2204 493 2267 accipi
541 2203 714 2266 istud,
756 2212 812 2254 ut
848 2203 926 2253 vir
960 2211 1011 2253 et
1053 2216 1192 2253 uxor
1230 2201 1331 2253 sint
1370 2202 1469 2253 sibi
1517 2205 1734 2254 uiviCetu

175 2295 342 2364 junCIi
382 2294 596 2363 spiritus
635 2304 686 2345 et
711 2295 903 2346 auiina.
936 2290 1042 2345 lloc
1068 2292 1207 2345 enim
1236 2292 1399 2344 Adam
1431 2298 1484 2343 et
1511 2289 1651 2349 Eva;
1684 2300 1739 2342 ut

178 2388 394 2453 spiritus
424 2384 487 2437 sit
516 2383 757 2438 Christus
777 2424 789 2437 .
823 2382 1055 2435 Ecclesia
1088 2383 1157 2434 sit
1180 2383 1373 2434 anima.
1403 2382 1505 2434 Sed
1535 2384 1633 2434 hoc
1662 2383 1739 2432 iii-

181 2482 501 2542 terpretatus
520 2482 602 2527 est
630 2472 819 2525 Paulus
843 2470 911 2524 de
932 2470 1165 2524 Ecclesia
1193 2480 1247 2524 et
1271 2470 1337 2524 de
1358 2470 1568 2524 Chrism
1590 2471 1742 2525 intel-

180 2563 269 2631 ligi
295 2562 488 2615 debere
508 2600 521 2621 .
545 2561 827 2614 dummodo
854 2560 902 2612 id
933 2575 1098 2625 ipsum
1129 2562 1343 2626 spiritus
1372 2561 1440 2613 sit
1470 2570 1524 2613 et
1547 2561 1737 2612 anima.

183 2654 288 2709 Sed
316 2652 413 2705 hoc
439 2650 639 2705 facilius
668 2661 719 2705 et
746 2650 881 2719 quod
908 2650 971 2702 ad
1001 2650 1245 2717 populum
1269 2650 1403 2703 bene
1426 2652 1741 2717 perveniret.

186 2744 318 2815 Ego,
348 2743 532 2812 inquit.
560 2744 669 2795 dico
693 2743 741 2793 iit
769 2741 968 2794 Christo
998 2751 1041 2792 et
1068 2742 1122 2792 in
1154 2739 1376 2793 Ecclesia
1395 2756 1413 2792 :
1442 2756 1544 2794 non
1570 2753 1743 2793 autem

184 2834 337 2898 dixit,
362 2833 603 2886 th‘isllh‘
630 2843 684 2885 et
715 2831 945 2884 Ecclesia
965 2870 980 2894 ,
1008 2832 1094 2882 sed
1121 2830 1171 2881 in
1198 2827 1398 2883 Christo
1417 2840 1462 2881 et
1483 2846 1535 2881 tu
1567 2828 1744 2882 Eccle-

186 2925 281 2978 sia.
308 2924 430 2976 Nam
454 2932 507 2975 et
525 2921 762 2975 Christus
785 2921 835 2972 in
861 2919 1109 2973 membris
1129 2919 1237 2971 suis
1263 2919 1546 2972 laci'lesiain
1571 2920 1743 2980 habet,

191 3024 245 3065 ct
286 3011 517 3066 Eetrlesia
562 3012 610 3062 in
654 3010 763 3064 suis
814 3010 1063 3062 membris
1101 3018 1257 3074 caput
1285 3008 1439 3059 habet
1461 3005 1742 3059 Christum.

189 3101 330 3170 Ergo
348 3100 396 3154 in
415 3100 624 3154 Christo
641 3099 897 3162 Ecclesia;
915 3101 963 3151 in
979 3100 1208 3166 qualibet
1225 3114 1321 3149 uua
1340 3113 1493 3150 carne
1506 3098 1607 3149 duit
1621 3098 1742 3150 sint.

260 3190 418 3244 Vatis.
456 3190 543 3244 55.
575 3216 641 3227 -—-
686 3187 1030 3239 Verumtamen
1060 3198 1102 3239 et
1153 3203 1234 3238 vos
1277 3187 1460 3253 singuli
1488 3189 1749 3255 unusquis-

191 3298 286 3351 que
309 3294 512 3333 uxorem
538 3294 681 3329 suam
706 3279 879 3345 diligat
907 3288 957 3329 ut
982 3293 1032 3328 se
1050 3275 1149 3343 (7).
1170 3275 1639 3343 Licetgetieraliter
1664 3291 1751 3328 su-

196 3389 288 3441 pra
313 3388 433 3426 V'l'ls
456 3382 710 3440 praecepta
733 3370 936 3424 dederit
963 3370 1027 3423 de
1056 3373 1302 3423 uxoribus
1328 3411 1340 3430 ,
1370 3382 1417 3423 et
1448 3372 1751 3424 ntulicnbus

194 3463 260 3516 de
284 3462 437 3526 viris;
458 3476 591 3513 nunc
613 3461 909 3529 specialiter
928 3462 991 3511 ad
1012 3458 1267 3524 Ephesios
1287 3461 1467 3512 eadem
1494 3468 1750 3527 pra-ecpta

194 3551 449 3605 convertit
472 3561 521 3603 et
542 3566 647 3612 vos,
676 3550 858 3617 inquit.
888 3550 992 3601 Iloc
1015 3549 1133 3603 ideo
1156 3552 1275 3618 quia
1305 3565 1396 3616 per
1421 3550 1634 3618 ﬁguram
1664 3565 1753 3602 ex-

201 3652 447 3711 posuerat
464 3640 658 3691 dictum
673 3636 791 3692 esse
808 3642 1112 3708 mysterium
1136 3654 1399 3707 maguum,
1420 3641 1555 3707 quod
1577 3640 1625 3691 in
1651 3655 1751 3693 una

197 3745 359 3785 carne
388 3730 544 3782 ambo
572 3738 748 3782 essent
774 3740 820 3780 et
848 3744 981 3781 uxor
1006 3739 1057 3781 ct
1083 3729 1178 3781 vir.
1210 3728 1273 3781 Et
1297 3731 1392 3782 hoc
1415 3730 1635 3798 intelligi
1659 3746 1750 3783 vo-

200 3818 295 3871 luit
314 3819 379 3872 de
406 3817 635 3870 Ecclesia
656 3828 706 3869 et
733 3818 797 3870 de
820 3816 1049 3870 Christo.
1071 3817 1191 3870 Ideo
1211 3818 1406 3871 addidit
1423 3830 1755 3872 vei-uiritanieu

201 3918 278 3973 ut,
297 3910 417 3964 licet
439 3909 561 3963 illud
581 3911 629 3961 in
648 3909 885 3972 veritate,
905 3913 1002 3961 hoc
1024 3908 1237 3976 intelligi
1261 3909 1754 3964 viilueritChristum

202 4012 254 4056 et
278 4001 580 4063 Ecclesiam,
596 4011 649 4052 nt
672 4001 721 4052 in
742 4015 843 4052 uno
862 4000 967 4052 sint
989 4015 1210 4065 Corpore
1231 4015 1244 4060 ;
1266 4009 1459 4062 tamen,
1475 4010 1527 4053 et
1544 4016 1635 4052 νινε
1659 4001 1757 4053 hoc

201 4092 372 4159 ipsum
395 4092 673 4143 observate
698 4102 747 4142 et
767 4090 1060 4151 imitamini,
1086 4099 1141 4140 ut
1162 4090 1516 4156 unusquisque
1542 4104 1754 4141 uxorein

205 4195 350 4234 suam
374 4179 571 4248 diligat.
598 4178 661 4231 Et
685 4181 805 4231 item
832 4178 1090 4244 sitbjuugit
1117 4178 1180 4229 «ιιι
1202 4178 1451 4231 uxoribus
1474 4178 1652 4229 mulier
1675 4176 1755 4247 (8)

204 4282 370 4324 autem
401 4281 450 4321 ut
481 4270 643 4321 timeat
678 4274 857 4319 uirum.
891 4268 983 4320 llic
1015 4275 1068 4320 et
1095 4281 1241 4320 amor
1268 4278 1349 4321 est
1378 4268 1427 4320 in
1454 4268 1639 4320 timore
1662 4307 1677 4329 ,
1706 4277 1758 4320 et

206 4368 443 4414 servatus
468 4358 684 4412 allectus
708 4368 789 4411 est
815 4372 933 4411 cum
966 4358 1187 4422 honore,
1209 4369 1264 4410 ut
1293 4359 1386 4411 viri
1418 4373 1613 4412 uxores
1642 4358 1758 4411 dili-

210 4459 354 4519 gant,
385 4450 629 4502 mulieres
660 4464 796 4499 viros
827 4452 1062 4500 timeant.

279 4538 428 4593 CAP.
463 4538 543 4592 Ἢ.
568 4568 635 4576 -
656 4538 780 4591 lteiu
807 4540 991 4593 transit
1017 4538 1080 4591 ad
1112 4554 1359 4605 personas
1385 4541 1512 4594 alias
1534 4540 1758 4592 ﬁliorum

212 4640 266 4685 et
295 4642 588 4695 parentum.
624 4630 808 4681 Postea
838 4630 1172 4695 :ttijllllt‘llll'll‘
1213 4646 1574 4684 servorum...
1608 4630 1679 4697 (9)
1710 4639 1761 4684 et

212 4719 313 4773 doli
335 4727 425 4771 attt
448 4726 693 4786 quantuni
718 4726 967 4782 pra-stent
986 4720 1422 4786 quetiiadiitodum
1447 4730 1618 4771 tatueit
1648 4734 1759 4770 ina-

213 4814 293 4877 gis
322 4807 591 4876 implicent
619 4812 849 4858 antmum
882 4822 1033 4873 quam
1063 4808 1327 4859 resitlwnt
1358 4819 1411 4861 et
1439 4808 1573 4861 intra
1605 4824 1761 4860 mua-

400 4918 647 4991 {latemus
676 4919 1038 4972 ltelletiismum
1068 4921 1133 4973 ab
1161 4917 1284 4975 εἶναι
1313 4920 1518 4991 ἔχοντα.

317 4920 338 4971 1
400 4919 646 4971 Nntemus
676 4919 782 4971 hell

286 4919 369 5057 (2)
398 4986 562 5057 Codd.
596 4988 782 5039 liberet.

290 5054 371 5126 (3)
400 5054 471 5126 lia
496 5070 587 5122 pro
615 5058 663 5106 in
690 5073 746 5109 eo
774 5058 921 5125 quod.

294 5124 374 5195 (4)
405 5124 556 5195 νινε.
598 5140 713 5195 Virro
786 5124 1070 5195 iiiysterium
1100 5168 1115 5189 .
1174 5129 1328 5183 habet
1382 5139 1766 5182 sacramentum.

318 5194 371 5263 5)
393 5194 556 5263 codd.
588 5194 846 5247 indicabit.

319 5263 372 5328 6)
406 5262 571 5314 led.
606 5263 698 5315 hoc
727 5280 819 5328 pro
847 5266 948 5318 hic.

292 5274 352 5333 (ti
406 5274 571 5314 Uitta.
606 5274 698 5315 hoc
727 5280 819 5328 pro
847 5274 948 5318 hic.

403 5331 549 5407 Xivlg.
582 5329 798 5407 I_I_:rorem
821 5350 962 5386 suam
988 5336 1111 5389 sicut
1130 5339 1346 5404 seipsum
1372 5336 1566 5407 diligat.

296 5397 374 5468 (8)
403 5397 552 5465 Vulg.
590 5398 747 5453 Uxor.

301 5468 380 5535 (9)
400 5468 507 5545 lloc
528 5471 578 5520 iii
599 5472 722 5545 loco
746 5473 985 5545 lacunam,
1006 5487 1157 5545 esse.
1175 5475 1347 5545 nullus
1369 5474 1550 5545 dubito
1565 5488 1784 5545 ;quam-

230 5552 389 5611 quam
428 5537 482 5611 in
517 5537 696 5611 codice
734 5541 929 5594 nullum
959 5544 1015 5594 lit
1059 5543 1303 5596 iudicium
1329 5561 1343 5606 ;
1374 5544 1422 5595 id
1453 5544 1592 5611 quod
1620 5537 1788 5595 etiam

238 5605 361 5661 alibi
392 5605 801 5663 observavimus.

716 5699 983 5758 PATROL.
1021 5700 1182 5760 VIII.

1832 1860 1968 1899 etum
2015 1846 2240 1908 habere,
2270 1857 2321 1899 et
2361 1845 2565 1912 plcnain
2592 1844 2745 1897 ﬁdem
2777 1843 3001 1905 habere,
3036 1841 3207 1894 nullus
3244 1841 3390 1893 labor

1834 1949 1946 2002 est,
1980 1938 2118 1991 nulla
2148 1946 2230 1989 ετι
2258 1936 2537 1989 difﬁcultas
2558 1976 2571 1994 ,
2603 1935 2760 1986 animi
2804 1942 3001 1985 tantutu
3034 1934 3272 1986 voluntas
3311 1940 3393 1985 est

1834 2029 2161 2080 c0uinioilata
2186 2026 2263 2095 (5)
2284 2036 2337 2078 ct
2364 2025 2595 2079 credula.
2616 2024 2755 2092 Ergo
2783 2024 2839 2075 ﬁt
2864 2023 3012 2075 facile
3039 2025 3283 2076 resistere
3310 2022 3390 2076 his

1838 2130 1910 2172 tot
1933 2136 1984 2173 m
2020 2119 2104 2181 lis,
2130 2120 2171 2170 si
2214 2118 2365 2170 ﬁdem
2398 2118 2680 2170 habeamus
2725 2114 2843 2168 Sola
2876 2115 3087 2174 sufﬁcit,
3112 2114 3220 2165 sola
3248 2112 3389 2164 obsi-

1836 2212 1927 2264 stit
1951 2251 1964 2271 ,
1995 2210 2107 2263 sola
2150 2210 2346 2273 munit;
2376 2208 2467 2261 sed
2499 2208 2627 2260 ﬁdes
2670 2207 2840 2274 plena.
2880 2207 3202 2273 Quamquam
3235 2207 3390 2257 etiam

1839 2301 1951 2369 ipse
1981 2299 2110 2352 dixit
2141 2315 2155 2351 :
2189 2302 2231 2351 si
2263 2308 2317 2351 ut
2342 2313 2561 2367 granum
2589 2298 2785 2365 sinapi,
2818 2296 3102 2350 habeamus
3130 2296 3247 2349 lidei
3278 2310 3396 2362 gra-

1842 2408 1985 2456 num,
2013 2405 2287 2456 possumus
2310 2402 2361 2443 et
2388 2388 2651 2441 montibus
2675 2389 2952 2455 imperare.
2977 2387 3112 2454 Ergo
3140 2385 3267 2437 ﬁdes
3291 2386 3400 2437 sin-

1840 2495 1959 2535 cera
1990 2490 2042 2533 et
2073 2497 2221 2548 pura,
2254 2478 2413 2539 ﬁdes,
2446 2478 2677 2545 inquam,
2711 2478 2759 2528 in
2788 2477 3077 2537 Christum,
3105 2485 3154 2527 et
3191 2475 3317 2528 ﬁdes
3348 2475 3399 2527 in

1845 2571 2033 2631 Deum,
2058 2571 2333 2622 adversum
2359 2578 2434 2619 tot
2464 2568 2578 2618 illas
2611 2576 2893 2632 potestates
2919 2566 3069 2616 nobis
3100 2579 3242 2615 arma
3273 2580 3405 2629 pra:-

1843 2661 2021 2713 slaliit.
2052 2658 2254 2713 Sumite
2282 2671 2439 2717 nunc,
2465 2655 2651 2720 inquit,
2677 2670 2820 2707 arma
2846 2652 2986 2716 ﬁdi-i,
3004 2665 3060 2704 ut
3083 2652 3291 2719 possitis-
3320 2668 3407 2706 re.

1845 2749 2052 2801 siSIere.
2083 2746 2301 2811 Quando
2351 2743 2631 2798 resistere?
2669 2758 2786 2795 cum
2834 2740 3050 2795 tentatio
3093 2740 3401 2803 advenerit,

1846 2853 1963 2890 cuin
1992 2836 2183 2904 aliquid
2215 2850 2306 2887 vos
2339 2844 2539 2887 tentare
2565 2833 2803 2898 cmperit.
2840 2832 2948 2884 Iloc
2979 2840 3057 2883 est
3086 2832 3222 2898 quod
3250 2830 3323 2884 ait
3350 2834 3403 2883 in

1847 2926 1928 2978 die
1955 2927 2102 2978 malo.
2132 2927 2289 2976 .‘iﬂllls
2319 2940 2385 2978 au
2410 2941 2492 2976 eiii
2518 2923 2632 2975 dies
2656 2932 2739 2975 e~t
2764 2937 2881 2973 cum
2915 2932 3190 2974 tetitauiur.

1917 3018 2077 3070 Vsus.
2108 3016 2187 3068 M.
2218 3042 2284 3053 -—
2307 3013 2371 3065 Et
2397 3010 2625 3065 omnibus
2646 3009 2832 3074 eﬂ'ectis
2857 3009 2935 3077 (6)
2962 3020 3128 3072 stare;
3168 2998 3411 3062 succiucti

1776 3113 1819 3173 C
1851 3110 2041 3167 lumbos
2062 3117 2245 3159 vestros
2265 3108 2316 3157 in
2337 3106 2552 3156 veritate.
2573 3101 2681 3156 Scit
2705 3116 2761 3153 se
2785 3116 2936 3165 supra
2962 3100 3119 3152 multa
3143 3100 3410 3153 monuisse

1853 3201 2121 3262 facienda;
2155 3202 2228 3252 vel
2274 3213 2365 3264 per
2403 3195 2633 3263 singulas
2667 3208 2948 3260 perstitias,
2996 3201 3049 3244 ut
3091 3192 3318 3243 dominis
3356 3200 3413 3245 et

1850 3292 2036 3353 servis,
2071 3288 2272 3341 maritis
2299 3294 2353 3338 «οι
2379 3284 2622 3338 ηχοινὶὶηιε
2650 3324 2661 3346 ,
2692 3282 2921 3349 patribus
2942 3289 2995 3333 ct
3024 3280 3178 3343 ﬁliis;
3211 3282 3286 3332 vel
3317 3295 3411 3347 per

1853 3383 1960 3449 ipsa
1991 3395 2107 3447 quas
2128 3376 2326 3444 agenda
2357 3384 2498 3433 siint,
2530 3373 2608 3426 vel
2642 3387 2761 3435 qum
2788 3386 2889 3421 non
2918 3370 3135 3435 agenda,
3171 3379 3224 3419 ut
3251 3369 3412 3421 nolite

1854 3469 2119 3526 inebriari,
2148 3478 2201 3519 et
2226 3466 2361 3533 agite
2387 3462 2560 3514 omnia
2590 3462 2638 3512 in
2668 3460 2877 3511 nomine
2902 3457 3123 3518 lioiiiini,
3146 3466 3197 3509 et
3219 3470 3408 3509 callem

1852 3575 2005 3628 supra
2034 3559 2188 3611 dicta.
2226 3555 2421 3608 Metron
2457 3553 2525 3604 ait
2557 3564 2601 3603 et
2630 3549 2858 3601 omnibus
2885 3547 3071 3612 e/feclis
3106 3562 3222 3614 quae
3251 3562 3408 3613 supra

1854 3649 2097 3703 mandavi
2136 3658 2187 3699 ct
2227 3645 2477 3712 princepi;
2510 3652 2668 3703 state,
2702 3639 2868 3704 inquit
2892 3679 2904 3697 ,
2938 3638 3173 3690 succincti
3214 3636 3407 3688 lumbos

1852 3752 2054 3802 vesti-os,
2086 3739 2133 3791 id
2164 3747 2246 3791 est
2272 3737 2428 3803 parati
2457 3746 2505 3788 et
2540 3732 2798 3786 inst-neti.
2822 3731 3005 3782 Oiiiuis
3028 3731 3163 3782 enim
3192 3736 3409 3779 conatus

1854 3842 1945 3884 aut
1973 3831 2035 3881 ad
2065 3830 2286 3889 lumbos,
2314 3824 2357 3877 si
2391 3825 2536 3876 labor
2567 3822 2741 3878 fuerit,
2768 3820 2938 3880 cadit;
2966 3827 3053 3869 aut
3082 3825 3139 3869 ut
3168 3817 3313 3868 labor
3342 3816 3414 3867 sit

1856 3930 1908 3974 et
1928 3930 2165 3980 Conatus,
2186 3933 2250 3970 ex
2274 3915 2460 3968 lumbis
2483 3912 2677 3966 uo5tris
2702 3910 2780 3979 (ἶ)
2804 3920 2901 3962 est.
2922 3907 3045 3959 Inde
3070 3908 3207 3959 i-uim
3238 3908 3409 3957 omnis

1857 4011 2018 4062 virtus
2047 4017 2094 4059 et
2128 4006 2299 4058 omnis
2326 4002 2537 4056 materia
2564 4000 2627 4052 ad
2658 4000 2993 4063 sanguinem;
3026 3999 3144 4049 hinc
3165 4011 3293 4049 ener
3330 4009 3407 4058 es,

1858 4101 2094 4153 elttuilies
2115 4097 2352 4149 dicimus.
2371 4094 2505 4159 Ergo
2525 4102 2578 4141 ut
2597 4090 2844 4141 fortitudo
2864 4104 2918 4139 ευ
2942 4096 3194 4153 praeparet
3221 4094 3275 4137 et
3292 4100 3411 4137 cor-

1859 4187 2001 4255 poris
2021 4178 2838 4246 etauimi,succiuctilumbos,:iit
2879 4176 3020 4227 State
3061 4173 3411 4240 iiiqiiit,inve-

1858 4277 2003 4327 ritate
2023 4293 2034 4329 :
2056 4274 2152 4327 hoc
2173 4275 2310 4326 cnim
2329 4311 2341 4329 ,
2362 4270 2496 4338 quiid
2518 4282 2609 4320 vos
2628 4278 2897 4318 monemus
2914 4304 2927 4325 ,
2948 4267 3139 4316 veritas
3158 4272 3266 4315 est:
3293 4261 3412 4313 reli-

1861 4380 1959 4433 qua
1979 4374 2150 4416 autem
2175 4362 2224 4414 iii
2249 4359 2463 4421 mundo,
2484 4357 2606 4409 falsa
2629 4366 2770 4415 sunt,
2789 4369 2903 4420 qua:
2920 4352 2985 4404 de
3009 4350 3185 4403 mundi
3207 4351 3413 4413 sapien-

1790 4455 1834 4511 D
1863 4454 1929 4505 tia
1969 4454 2223 4504 docentur
2249 4465 2309 4501 ac
2341 4449 2687 4513 disiititauttir.
2721 4442 2782 4493 Et
2813 4444 2973 4493 induti
3011 4442 3163 4491 lorica
3180 4440 3410 4507 justitiw.

1866 4540 2105 4609 Adjniigit
2136 4538 2271 4591 aliud
2306 4545 2639 4604 pra-ceptum,
2667 4542 2854 4599 prater
2882 4531 3052 4591 iidem,
3083 4541 3137 4580 ut
3162 4529 3413 4595 justitiam

1867 4645 2155 4685 servemus.
2182 4630 2505 4695 Quamquam
2537 4624 2657 4676 illud
2681 4663 2695 4685 ,
2730 4624 2861 4686 quod
2893 4635 3045 4685 supra
3078 4622 3268 4670 dictum
3298 4625 3414 4682 est,

1867 4721 1915 4773 id
1940 4732 2018 4774 est
2046 4724 2172 4773 ﬁdes
2199 4722 2247 4771 in
2270 4717 2531 4770 Chi-istum
2558 4713 2633 4783 (8)
2656 4723 2809 4778 caput
2833 4728 2861 4765 e
2895 4712 3161 4762 toiiiiiiuni
3191 4728 3202 4760 :
3226 4712 3419 4761 etenim

1865 4810 2060 4879 justitia
2119 4824 2219 4861 non
2273 4814 2467 4859 tantum
2520 4808 2655 4855 valet
2708 4811 2956 4869 quantum
3014 4799 3173 4863 ﬁdes;
3224 4798 3417 4852 etcniiu

1938 4920 2017 4986 (1)
2046 4917 2363 4972 Itiviiiandus
2395 4916 2541 4969 locus
2570 4923 2669 4968 est.

1939 4990 2018 5053 ('2)
2053 4989 2122 5041 litt
2158 4988 2309 5039 COdtl.

1940 5050 2017 5123 (3)
2047 5057 2116 5110 Ita
2140 5057 2293 5110 codd.
2321 5054 2533 5107 Videtur
2559 5062 2729 5105 autem
2761 5050 2929 5104 oratio
2949 5050 3167 5117 abrupta
3190 5059 3278 5101 aut
3301 5064 3423 5117 pes-

1873 5129 2131 5179 suindata.

1950 5196 2030 5265 (ι)
2075 5196 2222 5255 Vulg.
2266 5192 2465 5265 Induite
2502 5208 2585 5265 vos
2621 5202 2925 5265 armaturam
2972 5188 3094 5253 Dei,
3136 5198 3190 5240 ut
3233 5188 3431 5255 possitis

1882 5261 2012 5318 stare
2033 5266 2265 5316 adversus
2293 5262 2499 5313 insidias
2527 5261 2733 5312 diaboli.

1958 5333 2034 5400 (5)
2069 5337 2135 5383 Ita
2166 5333 2320 5383 i-oild.

1958 5392 2036 5471 (6)
2081 5406 2149 5453 Ita
2187 5401 2337 5451 mdo.
2374 5398 2526 5464 Vulg.
2561 5399 2608 5448 ii.
2656 5397 2742 5471 nti.
2778 5413 2833 5471 ν.Δ
2866 5398 2924 5448 ιδ
2968 5414 2979 5445 ;
3024 5395 3086 5446 Et
3128 5397 3177 5446 iu
3216 5392 3440 5445 omnibus

1893 5467 2096 5540 perfecti
2116 5480 2245 5540 stare
2277 5485 2294 5521 :
2315 5478 2438 5520 state
2460 5482 2576 5534 ergo
2600 5467 2855 5529 succincti,
2881 5473 2981 5517 etc.

1968 5541 2044 5607 (7)
2062 5537 2225 5591 Codd.
2251 5548 2439 5589 vestris.

1973 5602 2049 5675 (8)
2069 5607 2233 5661 Codd.
2263 5607 2445 5673 ipsum,
2466 5605 2627 5671 proin
2656 5602 2908 5655 Chi-istum

2816 5690 2885 5747 lsi
