3910 6212
505 242 635 299 1291

1777 241 1970 299 MARII
2006 242 2349 305 VICTORINI
2385 248 2546 304 ΔΕΜ

3628 242 3758 299 1291

490 359 665 429 justus
685 372 747 411 σε
770 356 871 426 ﬁde
893 356 1049 422 050.“;
1073 364 1245 411 tamen
1269 356 1389 429 quia
1421 363 1503 414 est
1527 366 1583 414 et
1610 356 1692 417 hic
1717 356 1939 413 aﬁ‘ectus
1970 358 2072 413 im-
2100 360 2149 420 A
2175 364 2350 418 omnia
2372 365 2565 433 accipit
2592 362 2740 417 ﬁdes.
2795 360 3020 431 Spiritus
3056 368 3231 416 autem
3264 359 3447 414 lumen
3473 369 3559 415 est
3589 399 3606 422 ,
3658 376 3757 416 non

505 449 728 520 plendns
745 457 801 503 ut
812 448 1167 519 iustissimus;
1190 458 1313 504 tunc
1336 450 1477 505 enim
1500 449 1628 505 ﬁdes
1649 449 1802 505 nobis
1819 451 2074 520 proderit,

504 550 560 598 et
577 551 702 596 tunc
720 554 842 595 vera
864 538 1109 594 erilﬁdes
1127 539 1509 609 sijustissimus
1529 557 1541 593 :
1557 550 1609 595 et
1628 540 1831 610 justitia
1844 539 2080 610 proderit

502 635 549 691 si
576 636 795 691 accedat
823 634 971 689 ﬁdes.
1005 635 1146 706 Ergo
1172 636 1419 705 adjunxit
1449 646 1566 706 post
1594 635 1749 691 ﬁdem
1778 637 1973 692 induite
1998 637 2077 692 lo-

501 728 912 801 ricamjustitite.
936 728 1105 797 Supra
1127 744 1296 793 arma,
1318 728 1471 796 dixit,
1493 727 1611 784 ﬁdei
1637 729 1837 785 induite
1858 730 2075 784 loricam

498 821 718 892 iustitiae
749 839 761 873 :
787 822 1034 891 quoniam
1059 824 1109 875 in
1136 822 1298 876 armis
1322 830 1426 876 tam
1449 822 1571 877 illud
1609 822 1916 892 intelligitur
1935 822 2077 892 quod

506 913 675 968 munit
699 952 713 977 ,
744 926 901 981 quam
931 912 1087 966 etiam
1119 911 1259 981 quod
1289 912 1489 967 resistit
1516 922 1570 968 et
1597 912 1957 968 adversarium
1984 928 2077 968 su-

502 1013 688 1073 perat,
714 1003 766 1056 in
790 1002 951 1057 lorica
978 1012 1151 1056 autem
1184 1002 1315 1057 nihil
1343 1002 1482 1057 aliud
1512 1004 1582 1057 sit
1606 1018 1764 1072 quam
1792 1011 1848 1058 ut
1869 1005 2078 1059 munia-

500 1107 649 1158 mur;
680 1091 811 1147 ﬁdes
833 1100 1009 1146 autem
1035 1101 1090 1147 et
1118 1092 1317 1147 resistit
1341 1109 1354 1147 :
1378 1102 1431 1146 et
1455 1092 1574 1147 ideo
1598 1092 1736 1148 dixit
1757 1108 1902 1148 arma
1929 1093 2076 1151 ﬁdei.

501 1184 780 1254 Quomodo
799 1195 973 1239 autem
1006 1183 1207 1240 resistit
1226 1183 1393 1238 ﬁdes?
1420 1184 1619 1240 scilicet
1646 1183 1693 1239 si
1720 1199 1839 1239 cum
1873 1195 2079 1242 tentare

503 1277 671 1334 hostis
702 1278 957 1347 coeperit,
990 1295 1096 1334 non
1133 1293 1449 1349 sequamur.
1481 1287 1537 1333 et
1574 1279 1677 1334 ﬁde
1718 1279 1981 1334 custodita
2025 1280 2078 1334 in

492 1370 668 1426 Deum
706 1381 863 1440 atque
894 1371 944 1425 in
975 1370 1247 1426 dominum
1277 1369 1579 1433 Christum,
1609 1386 1637 1424 a
1668 1372 1934 1426 sententia
1972 1387 2077 1427 non

497 1476 824 1517 moveamur.
848 1461 1097 1518 Resistite
1121 1478 1249 1533 ergo
1273 1502 1288 1527 ,
1321 1474 1380 1517 ut
1405 1464 1607 1519 resistit
1631 1463 1721 1533 qui
1748 1462 1908 1518 habet
1935 1462 2036 1519 tela
2061 1504 2077 1529 ,

498 1553 720 1621 gladios.
748 1551 887 1621 Ergo
912 1567 1079 1617 arma,
1106 1552 1295 1622 inquit,
1321 1551 1522 1606 induite
1548 1552 1694 1618 ﬁdei,
1717 1562 1773 1607 ut
1796 1551 2074 1609 resistatis.

502 1642 573 1698 At
599 1652 802 1711 contra,
829 1642 1029 1712 iustitia
1062 1642 1427 1697 tantummodo
1453 1642 1507 1697 in
1534 1641 1685 1698 factis
1711 1652 1822 1707 est;
1856 1659 1959 1697 non
1987 1642 2080 1698 ad-

2180 456 2335 526 ignis.
2396 455 2529 510 Hinc
2560 471 2730 523 neque
2769 453 2986 523 spiritus
3017 495 3030 518 ,
3082 451 3207 507 dum
3236 452 3421 508 lumen
3468 453 3714 507 innitatur
3742 495 3756 515 ,

2179 545 2316 616 ignis
2343 556 2424 601 est
2452 562 2465 599 :
2500 546 2634 615 ignis
2656 553 2831 598 autem
2861 545 3035 598 omnis
3062 553 3238 599 nocet.
3271 544 3417 614 Ergo
3446 559 3628 613 neque
3653 545 3758 613 spi-

2179 637 2312 691 ritus
2336 646 2493 692 nocet
2519 654 2533 689 :
2560 652 2742 691 verum
2768 636 2892 691 dum
2948 637 3001 690 in
3044 633 3317 692 Christum
3360 644 3445 691 est
3490 635 3631 690 ﬁdes
3660 680 3675 700 ,
3731 653 3761 692 a

2177 728 2376 783 lumine
2405 728 2458 783 in
2487 727 2701 782 Christo
2750 726 2948 796 accipit
3002 729 3180 782 lumen
3215 746 3229 780 :
3277 726 3361 782 sic
3403 727 3590 782 lumen
3642 726 3757 781 ﬁdei

2180 820 2354 890 ignem
2394 817 2587 885 vineit,
2634 820 2754 889 quia
2792 820 2929 888 iguis
2954 820 3092 873 circa
3123 833 3340 873 carnem
3368 818 3515 873 valet
3542 830 3601 873 et
3627 834 3759 886 epe—

2179 918 2348 976 ratur,
2370 919 2423 964 et
2447 910 2561 979 ipse
2591 909 2889 964 mundanus
2914 917 2998 964 est
3025 950 3040 972 ,
3084 919 3139 965 et
3180 910 3246 964 de
3277 912 3504 965 materie
3529 911 3756 965 materia

2177 1013 2278 1058 est.
2306 1001 2419 1057 Non
2449 1003 2589 1057 valet
2626 1012 2802 1056 autem
2833 1002 2973 1056 circa
3012 1002 3187 1057 lumen
3213 1010 3474 1057 aeternum
3507 1003 3601 1058 Dei
3633 1003 3756 1059 Jesu

2177 1091 2397 1147 Christi.
2445 1092 2534 1148 Sic
2558 1092 2758 1147 lumine
2784 1092 2873 1145 illo
2900 1091 2984 1146 hic
3028 1092 3163 1162 ignis
3190 1093 3517 1163 extinguitur
3548 1112 3562 1146 :
3596 1110 3755 1164 quem

2179 1182 2355 1252 ignem
2377 1181 2483 1236 dixi
2507 1181 2735 1235 maxime
2756 1183 3009 1236 concitari
3037 1182 3411 1249 sermonibus;
3440 1185 3530 1253 qui
3548 1200 3756 1239 sermo-

2180 1286 2296 1337 nes,
2315 1275 2435 1341 quia
2458 1281 2817 1329 excurruntet
2837 1272 3036 1337 volant,
3059 1275 3264 1342 sagittas
3288 1286 3413 1328 sunt
3436 1278 3748 1329 nominatas.

2250 1362 2412 1421 Vua.
2448 1365 2533 1419 17.
2567 1364 2726 1418 -Ει
2754 1365 2950 1435 galeam
2977 1362 3183 1431 salutis,
3225 1375 3273 1420 et
3312 1366 3547 1436 gladium
3598 1370 3756 1435 spiri-

2179 1464 2288 1523 tus,
2336 1456 2473 1526 quod
2508 1465 2580 1513 est
2608 1458 2812 1511 verbum
2858 1455 2975 1511 Dei.
3029 1457 3162 1523 Quia
3195 1472 3353 1526 supra
3408 1458 3545 1512 dixit
3584 1459 3758 1513 induti

2180 1546 2398 1601 loricam
2416 1547 2655 1617 iustitiae,
2679 1556 2734 1602 et
2759 1548 2842 1602 hic
2863 1547 3181 1602 audiendum
3209 1548 3413 1604 induite
3438 1550 3647 1619 galeam
3677 1566 3757 1604 sa-

2180 1634 2408 1690 lutarem
2436 1646 2489 1691 et
2510 1636 2741 1706 gladium
2789 1637 3029 1707 spiritus.
3082 1636 3271 1693 Utrum
3304 1641 3513 1709 gladius
3536 1640 3755 1709 spiritus

503 1740 738 1793 rersario
762 1738 994 1801 resistit,
1024 1736 1117 1791 sed
1145 1736 1257 1806 ipsa
1294 1750 1351 1790 se
1379 1743 1593 1806 pra:th
1622 1736 1813 1791 bonam
1842 1736 2080 1791 clemen-
2111 1730 2160 1790 Β
2186 1739 2280 1794 Per
2308 1740 2368 1780 se
2391 1725 2758 1796 aCCiPiendum
2793 1768 2807 1792 ,
2849 1734 2905 1783 ει
2926 1728 3074 1798 galea
3104 1730 3350 1784 salutaris
3369 1745 3468 1800 per
3491 1734 3755 1802 seatljun-

504 1838 629 1885 tem.
649 1828 788 1899 Ergo
812 1827 993 1892 lorica,
1014 1828 1201 1896 inquit,
1216 1826 1462 1896 iustitiae;
1481 1841 1584 1896 qua
1603 1826 1800 1882 bonum
1822 1834 2074 1892 sectatus,

505 1928 561 1974 et
586 1920 777 1974 bonam
808 1927 1037 1973 mentem
1062 1926 1118 1972 et
1145 1916 1340 1971 bonum
1370 1930 1464 1971 eor
1486 1915 1740 1972 ostendit.

578 2005 738 2064 Vsus.
773 2009 858 2063 15.
878 2007 1018 2061 -Ει
1040 2008 1249 2062 calceoli
1270 2008 1419 2075 pedes
1438 2007 1491 2061 in
1513 2007 1884 2077 preparation
1909 2005 2081 2060 Evan-

502 2102 619 2173 gelii
642 2101 800 2170 pacis,
819 2099 1066 2169 quoniam
1100 2098 1443 2168 Evangelium
1476 2098 1662 2163 fertur,
1691 2108 1747 2153 et
1775 2114 1868 2167 per
1895 2107 2081 2167 gentes

504 2191 836 2261 praedicatur.
870 2190 1199 2258 Ubicumque
1228 2203 1355 2259 ergo
1384 2188 1724 2258 przedicatur,
1756 2187 2079 2243 audiendum

503 2290 605 2337 est.
634 2280 702 2336 Ut
729 2292 905 2334 autem
926 2279 1224 2343 audiamus,
1249 2279 1503 2343 eundum,
1529 2277 1944 2347 properandum.
1971 2276 2079 2332 fes-

502 2370 797 2425 tinandum.
822 2370 961 2439 Ergo
987 2370 1214 2434 calceati,
1245 2370 1433 2438 inquit,
1457 2368 1606 2438 pedes
1628 2368 1681 2421 in
1710 2368 2083 2440 prteparatione

505 2461 794 2532 Evangelii.
822 2459 985 2530 Cujus
1017 2459 1331 2530 Evangelii?
1370 2461 1542 2529 pacis,
1583 2459 1751 2530 inquit
1784 2478 1797 2513 :
1832 2460 2088 2529 quoniam

504 2552 846 2622 Evangelium
885 2550 976 2621 qui
1016 2550 1163 2605 audit
1200 2560 1253 2605 et
1296 2550 1386 2617 qui
1432 2552 1484 2605 in
1524 2551 1821 2618 Evangelio
1864 2558 2081 2620 paratus

504 2649 623 2706 est,
661 2641 869 2695 Domini
901 2640 957 2694 ﬁt
979 2676 993 2705 ,
1027 2637 1295 2694 Christum
1324 2638 1493 2694 credit
1513 2680 1528 2701 .
1560 2641 1819 2709 promissa
1850 2640 2041 2708 accipit
2062 2681 2077 2705 ,

504 2732 746 2788 ﬁduciam
769 2733 926 2803 gerit,
948 2746 1066 2785 cum
1092 2731 1238 2786 nullo
1262 2730 1429 2785 hostis
1450 2737 1551 2785 est.
1574 2729 1715 2799 Ergo
1738 2728 1879 2800 pacis
1907 2729 2081 2785 Evan-

505 2821 736 2894 gelium;
767 2821 817 2876 id
846 2830 931 2877 est
959 2822 1126 2891 pacis,
1151 2836 1269 2890 quac
1299 2821 1377 2890 (1)
1404 2829 1487 2875 est
1508 2819 1718 2874 animis.
1743 2820 1854 2874 Hoc
1878 2835 2007 2891 ergo
2027 2828 2084 2875 ut

504 2912 801 2981 capiamus,
832 2912 1053 2965 calceati
1084 2910 1245 2979 pedes
1272 2924 1392 2965 esse
1418 2909 1695 2975 debemus,
1723 2909 1775 2963 id
1800 2918 1883 2964 est
1911 2910 2082 2979 parati

504 3012 822 3067 excurrere,
850 3001 1498 3066 circumvolare,-audire.
1529 3001 1621 3057 llis
1661 3017 1790 3072 ergo
1837 3000 2080 3057 omnibus

2178 1815 2409 1885 gendum
2437 1856 2453 1881 ,
2478 1818 2723 1872 salutaris
2761 1817 2979 1886 spiritus
3004 1828 3057 1873 et
3079 1820 3222 1889 galea
3251 1828 3335 1875 est
3361 1862 3376 1885 ,
3436 1830 3491 1876 et
3517 1822 3747 1891 gladium

2181 1908 2383 1963 induite
2408 1906 2508 1980 (1).
2540 1908 2644 1964 Sed
2674 1910 2719 1962 si
2746 1909 2951 1978 gladius
2971 1925 3095 1965 vere
3119 1923 3370 1980 certeque
3414 1922 3702 1967 revocatur
3728 1956 3746 1981 ,

2180 2000 2320 2070 quod
2347 2008 2432 2055 est
2460 1999 2681 2055 verbum
2713 2001 2804 2055 Dei
2835 2043 2849 2066 ,
2899 2010 3201 2071 separatum
3222 2012 3302 2056 est
3331 2043 3346 2068 ,
3403 2003 3611 2058 induite
3635 2005 3747 2073 gla-

2179 2090 2325 2146 dium
2350 2091 2588 2160 spiritus.
2635 2091 2770 2157 Quid
2796 2105 2925 2162 ergo
2964 2094 3064 2147 erit
3086 2093 3284 2163 galeam
3310 2093 3491 2147 salutis
3512 2096 3750 2151 induite?

2178 2181 2423 2237 Christus
2447 2180 2661 2251 quidem
2692 2185 2742 2235 in
2770 2199 2834 2235 eo
2864 2181 3003 2251 quod
3057 2182 3157 2237 huc
3182 2183 3462 2237 descendit
3489 2225 3505 2250 ,
3541 2194 3596 2239 et
3617 2202 3752 2256 mys-

2182 2274 2319 2327 terio
2343 2284 2441 2328 suo
2462 2287 2560 2327 nos
2590 2274 2845 2339 redemit,
2878 2274 3122 2328 salutaris
3152 2286 3234 2329 est
3260 2293 3273 2330 :
3300 2277 3416 2345 ipse
3445 2287 3606 2346 caput
3632 2293 3751 2334 nos-

2183 2373 2320 2418 trum
2354 2380 2366 2417 :
2394 2363 2629 2418 custodit
2654 2364 2794 2419 enim
2816 2374 2976 2433 caput
3007 2365 3254 2420 Ecclesiae
3286 2383 3303 2431 ;
3332 2366 3471 2421 unde
3500 2369 3649 2438 galea
3671 2383 3748 2423 sa-

2180 2454 2367 2510 lutaris
2391 2461 2493 2511 est.
2521 2455 2687 2511 Porro
2712 2464 2888 2511 autem
2912 2458 3131 2511 verbum
3161 2499 3176 2521 ,
3228 2474 3336 2528 quo
3388 2460 3630 2517 adversas
3657 2478 3746 2532 po-

2182 2548 2363 2602 tentiae
2401 2548 2686 2602 vincuntur
2714 2587 2730 2612 ,
2769 2548 3139 2617 opprimuntur
3166 2566 3181 2613 ;
3212 2551 3368 2604 sicuti
3398 2551 3601 2607 dictum
3631 2553 3703 2625 (ἓ)
3732 2571 3743 2608 :

2182 2635 2435 2691 diabolum
2458 2638 2629 2705 perdet
2652 2640 2835 2706 spiritu
2859 2641 2963 2693 oris
2990 2640 3089 2693 sui.
3117 2640 3256 2710 Ergo
3278 2639 3527 2697 Christus
3558 2686 3574 2711 ,
3619 2647 3743 2714 quod

2181 2740 2254 2783 est
2272 2729 2476 2784 verbum
2496 2729 2594 2784 Dei
2623 2773 2638 2796 ,
2672 2731 2791 2786 ideo
2811 2732 3003 2786 missus
3031 2742 3109 2786 est
3131 2742 3185 2786 ut
3208 2748 3424 2789 omnem
3447 2739 3741 2806 corruptio-

2184 2832 2302 2875 nem
2348 2829 2404 2876 et
2448 2832 2660 2878 omnem
2691 2823 3069 2894 malignitatem
3117 2834 3273 2896 atque
3316 2827 3489 2896 ipsam
3532 2837 3738 2885 mortem

2182 2911 2380 2969 vincat.
2414 2908 2616 2970 Idcirco
2658 2910 2855 2971 dictum
2884 2925 2967 2972 est
2996 2936 3011 2971 :
3054 2913 3260 2987 gladius
3280 2928 3366 2974 est
3389 2920 3611 2991 spiritus
3636 2937 3738 2978 ver-

2181 2999 2305 3056 bum
2337 3002 2448 3057 Del.

504 3092 631 3163 quid
651 3092 909 3148 efﬁcitur?
938 3090 1094 3147 facile
1122 3092 1433 3148 resistemus
1464 3092 1832 3162 potestatibus,
1856 3091 2077 3149 rectori-
2109 3088 2155 3152 C
2253 3092 2418 3149 Vsus.
2451 3094 2536 3150 18.
2567 3126 2639 3136 -—
2663 3092 2769 3150 Per
2805 3111 3003 3151 omnem
3052 3099 3295 3153 rationem
3346 3111 3394 3154 et
3444 3102 3736 3158 obsmatia-

504 3184 604 3239 bus
629 3184 954 3251 spiritalibus
985 3183 1251 3251 nequitiae.

580 3273 742 3329 Vsus.
776 3272 1003 3327 16.-1η
1030 3273 1278 3339 omnibus,
1305 3282 1509 3343 accepto
1532 3282 1673 3327 scuto
1700 3272 1821 3341 ﬁdei
1850 3272 1949 3343 (ἃ).
1976 3272 2081 3329 Re-

510 3367 591 3422 dit
608 3367 672 3421 ad
696 3367 837 3420 illam
865 3380 1145 3429 summam,
1177 3378 1293 3434 qua:
1318 3364 1583 3419 concludit
1612 3365 1810 3430 oumia,
1840 3381 1957 3435 qua:
1984 3367 2081 3420 im-

514 3459 619 3529 plet
638 3460 879 3514 universa
905 3476 917 3511 :
943 3458 1097 3512 aliter
1125 3458 1264 3513 enim
1292 3457 1499 3512 fortiter
1518 3471 1811 3528 repugnare
1834 3458 2082 3514 resistere

511 3561 589 3608 tot
618 3550 722 3604 illis
752 3549 1102 3621 potestatibus
1133 3563 1235 3603 non
1265 3549 1521 3613 valemus,
1550 3547 1649 3601 nisi
1678 3548 1862 3601 muniti
1906 3557 2079 3616 scuto,

514 3651 569 3698 ut
598 3655 784 3696 omnes
810 3640 946 3694 ictus
989 3650 1146 3707 atque
1196 3640 1423 3707 impetus
1461 3636 1823 3692 universarum
1852 3647 2080 3707 potesta-

515 3744 623 3791 tum
646 3734 974 3789 munimeuto
996 3730 1116 3785 ﬁdei
1139 3730 1477 3799 repellamus.

595 3827 833 3894 Denique
846 3822 1118 3891 subjunin
1136 3838 1149 3877 :
1168 3822 1219 3873 in
1236 3837 1335 3887 quo
1358 3821 1559 3888 possitis
1574 3835 1746 3874 omnes
1761 3821 1973 3890 sagittas
1990 3836 2052 3874 ne
2063 3849 2081 3861 -

512 3916 741 3985 quissiml
755 3916 928 3984 igneas
954 3913 1261 3981 restinguere
1278 3910 1378 3981 (3).
1404 3910 1633 3979 Sagittas
1655 3910 2086 3979 frequentissime

516 4024 570 4065 ct
598 4009 649 4062 in
672 4006 949 4077 evangelio
973 4044 989 4070 ,
1021 4013 1067 4059 et
1096 4005 1148 4058 in
1180 4004 1348 4058 Paulo
1372 4045 1386 4070 ,
1436 4012 1490 4057 et
1520 4000 1571 4056 in
1602 4002 1874 4070 prophetis
1906 4044 1921 4067 ,
1952 4002 2085 4057 etin

521 4100 683 4154 David
717 4100 917 4168 positas
946 4096 1171 4167 legimus
1203 4112 1219 4161 ;
1270 4106 1401 4164 quas
1446 4093 1791 4162 intelligimus
1841 4092 2084 4163 disputa-

516 4193 686 4246 tiones
716 4199 771 4245 et
812 4189 970 4244 verba
997 4198 1049 4243 et
1074 4194 1329 4242 tractauts
1357 4197 1511 4250 esse;
1542 4185 1633 4240 sed
1660 4186 1969 4255 nequissimi
1996 4200 2081 4239 sa-

518 4281 676 4353 gittas
702 4321 716 4348 ,
749 4280 799 4335 id
822 4288 903 4335 est
932 4279 1071 4333 male
1090 4278 1373 4332 suadentes
1412 4276 1550 4331 male
1571 4276 1912 4331 vulnerantes
1932 4275 2084 4330 intel-

519 4373 787 4442 ligentiam
818 4371 1047 4423 animam
1098 4369 1422 4436 spiritusque
1452 4376 1707 4432 nostros;
1758 4366 1877 4422 ideo
1904 4368 2085 4437 igneas

2186 3197 2297 3238 rtem
2318 3185 2396 3255 (ὅ)
2422 3196 2622 3241 orantes
2649 3229 2665 3254 ,
2694 3189 2746 3243 in
2774 3190 2911 3242 omni
2932 3191 3065 3244 omni
3090 3200 3338 3259 tmpore,
3361 3193 3417 3245 ia
3437 3196 3639 3261 spiritu.
3668 3195 3739 3250 Ad

2183 3277 2496 3344 expellenda
2529 3279 2650 3345 illa,
2672 3297 2789 3349 qua:
2810 3296 2966 3349 supra
2999 3281 3136 3337 dicta
3167 3292 3292 3338 sunt
3314 3325 3327 3345 ,
3362 3285 3415 3337 id
3437 3296 3523 3341 est
3566 3299 3739 3356 poten-

2185 3368 2283 3421 tias
2313 3370 2493 3423 mundi
2536 3370 2857 3439 vincendas,
2916 3381 3149 3428 rectores
3181 3375 3526 3431 tenebrarum
3556 3387 3606 3431 et
3646 3377 3741 3445 spi-

2184 3457 2358 3512 ritalia
2414 3460 2704 3530 nequitias,
2745 3460 2845 3519 hoc
2894 3478 3103 3533 quoque
3132 3460 3380 3534 adjungit
3431 3478 3492 3520 ut
3540 3482 3738 3523 oremus

2185 3549 2420 3618 quOIidie
2445 3560 2499 3605 et
2525 3552 2867 3607 Obsecremus
2903 3596 2918 3618 ,
2971 3562 3023 3608 et
3056 3569 3148 3623 per
3176 3570 3391 3609 omnem
3425 3556 3739 3612 obsecratio-

2187 3655 2305 3696 nem
2328 3654 2544 3696 oremus
2576 3644 2625 3696 in
2658 3645 2802 3697 omni
2836 3652 3075 3712 tempore
3103 3645 3313 3713 spiritu.
3347 3644 3558 3713 Quanta
3588 3647 3667 3703 hic
3694 3657 3740 3702 et

2184 3748 2341 3802 quam
2372 3735 2575 3787 occulta
2626 3744 2888 3804 pnecepta
2931 3745 3053 3789 sunt
3100 3736 3167 3791 de
3194 3751 3261 3791 eo
3288 3737 3431 3805 quod
3459 3754 3697 3809 rogamus
3723 3742 3736 3795 ε

2184 3823 2417 3877 Primum
2444 3823 2583 3893 quod
2606 3824 2738 3879 dixit
2759 3840 2852 3895 per
2872 3842 3079 3881 omnem
3110 3829 3405 3882 orationem
3438 3846 3453 3894 ;
3477 3846 3597 3899 qua:
3622 3832 3739 3885 mul-

2186 3921 2234 3966 ta
2262 3922 2384 3968 sunt
2414 3955 2427 3978 ,
2461 3921 2601 3970 nunc
2632 3931 2726 3985 pro
2759 3917 2911 3972 nobis
2940 3958 2956 3982 ,
3013 3933 3153 3972 nunc
3178 3934 3274 3985 pro
3302 3919 3425 3975 aliis
3454 3962 3470 3985 ,
3521 3938 3657 3977 nunc
3680 3921 3737 3977 ad

2184 4018 2244 4059 ea
2273 4021 2388 4074 quae
2410 4017 2530 4061 sunt
2559 4009 2834 4079 przesentis
2865 4010 2983 4063 vitae
3008 4050 3022 4075 ,
3046 4024 3185 4064 nunc
3212 4010 3277 4065 ad
3307 4027 3367 4067 ea
3391 4029 3513 4083 qua:
3544 4017 3731 4083 futuras,

2186 4112 2326 4151 nunc
2351 4097 2417 4153 ad
2446 4116 2504 4152 ca
2534 4115 2651 4169 qua:
2680 4100 2869 4154 aniutse
2907 4109 3031 4157 Sunt
3061 4141 3075 4165 ,
3128 4117 3267 4156 nunc
3294 4101 3360 4157 ad
3390 4120 3451 4158 ea
3476 4121 3598 4176 qua:
3630 4122 3737 4161 cor-

2187 4188 2331 4256 poris
2363 4229 2378 4253 ,
2430 4198 2491 4242 ut
2515 4190 2689 4258 aliqua
2719 4198 2981 4259 optemus.
3014 4190 3167 4245 Omni
3199 4235 3212 4259 ,
3261 4192 3433 4263 inquit
3462 4235 3476 4258 ,
3511 4197 3735 4251 oratione

2185 4295 2398 4334 oremus
2425 4282 2477 4334 in
2508 4282 2694 4350 spiritu
2725 4294 2776 4336 et
2812 4284 2956 4336 omni
2990 4294 3225 4353 tempore
3252 4303 3265 4337 :
3321 4300 3540 4342 oremus
3568 4289 3617 4342 in
3642 4290 3735 4357 spia

2186 4371 2289 4425 ritu
2321 4412 2335 4435 ,
2376 4370 2424 4424 id
2454 4381 2536 4425 est
2561 4387 2665 4426 non
2694 4374 2932 4442 quredam
2961 4375 3122 4431 verba
3143 4377 3379 4430 dicamus
3398 4378 3483 4432 vel
3518 4380 3737 4447 profers.

518 4460 651 4516 dixit
677 4467 1019 4530 perurcntcs,
1045 4471 1177 4526 quas
1201 4470 1393 4510 omnes
1410 4456 1672 4525 extinguit
1699 4456 1819 4511 ﬁdei
1846 4467 2077 4526 scutum,
2110 4450 2165 4511 D
2189 4478 2305 4517 mus
2328 4504 2344 4529 ,
2374 4463 2456 4518 vel
2486 4464 2769 4519 reciteutus
2801 4507 2816 4532 ,
2855 4480 3071 4522 orantes
3099 4471 3246 4537 quasi
3274 4468 3521 4524 meditata
3556 4512 3572 4538 ,
3602 4474 3734 4543 quasi

521 4552 571 4605 id
598 4559 677 4605 est
704 4550 815 4618 ipsa
843 4546 989 4611 ﬁdes,
1024 4555 1080 4598 ut
1106 4545 1245 4615 apud
1278 4560 1336 4600 se
1368 4544 1497 4598 nihil
1516 4546 1746 4600 valeant.
1778 4549 1908 4601 Cum
1938 4551 2080 4604 enim

518 4642 667 4697 adest
694 4640 827 4694 ﬁdes
846 4639 1070 4701 animis,
1123 4636 1210 4691 ille
1238 4637 1371 4706 ignis
1401 4674 1417 4703 ,
1462 4637 1551 4706 qui
1580 4652 1674 4707 per
1702 4636 1930 4706 linguam
1963 4640 2083 4694 mit-

522 4734 648 4784 titur
682 4771 696 4793 ,
730 4728 1055 4797 persuadens
1083 4726 1312 4797 maligna
1334 4728 1512 4781 omnia
1553 4727 1815 4782 mundana
1840 4769 1855 4795 ,
1907 4729 2081 4783 extin-

520 4827 709 4890 guetur
728 4828 782 4873 et
803 4820 1115 4887 intepescet.
1145 4817 1273 4872 Nam
1304 4819 1477 4873 omnis
1498 4818 1584 4872 illa
1622 4820 1895 4887 persuasio
1941 4823 2095 4875 mali-

523 4912 635 4981 gni,
652 4911 898 4979 quoniam
922 4906 1204 4962 carnaliter
1222 4907 1453 4975 loquitur
1465 4907 1813 4961 etcarnaliter
1835 4908 2086 4976 insinuat,

520 5018 615 5072 per
644 5002 953 5071 sanguinem
984 5001 1120 5055 valet
1148 5017 1161 5051 ε
1203 4998 1401 5053 ideirco
1428 5000 1626 5053 excitat
1648 5000 1818 5069 ipsum
1866 5004 2082 5073 sangui-

521 5108 641 5147 nem
674 5107 768 5160 per
815 5102 979 5146 novas
1029 5088 1404 5160 lntelligeutias
1435 5107 1447 5143 :
1477 5089 1738 5145 excitatus
1757 5101 1936 5147 autem
1962 5107 2085 5148 san-

517 5184 634 5253 guis
659 5182 844 5251 igneus
888 5179 965 5235 ﬁt.
1002 5180 1161 5234 Fiunt
1179 5194 1305 5248 ergo
1344 5178 1447 5234 illa:
1467 5177 1863 5251 sagittatigneae
1888 5223 1904 5247 ,
1950 5197 2082 5252 quas

518 5272 647 5327 ﬁdes
716 5268 1019 5339 comprimit
1070 5276 1125 5323 et
1178 5267 1440 5337 extinguit
1486 5309 1502 5334 ,
1576 5268 1698 5340 quia
1764 5269 2083 5339 spiritaliter

582 5446 664 5517 (1)
692 5443 859 5517 Codd.
886 5458 1060 5513 pacem
1078 5442 1232 5517 quod.

610 5448 632 5502 1
692 5446 859 5501 Codd.
886 5458 1060 5513 pacem
1078 5446 1232 5513 quod.

691 5515 851 5597 Xuig.
874 5516 928 5597 i_n
949 5511 1517 5597 omnibus._§uuten_tes_
1538 5521 1739 5597 scutum

532 5582 658 5712 αφ)
691 5582 842 5656 Vulg.
877 5582 941 5637 In
959 5598 1059 5650 quo
1077 5583 1279 5653 possitis
1306 5584 1473 5637 omnia
1499 5582 1598 5637 tela
1624 5582 1916 5654 nequissimi
1935 5585 2081 5657 ignea

505 5673 531 5710 ε
590 5672 811 5727 tttguere.

2186 4554 2382 4624 scripta
2413 4555 2539 4619 ;sed
2570 4556 2621 4608 in
2652 4556 2839 4624 spiritu
2866 4597 2881 4621 ,
2915 4557 3083 4628 inquit
3111 4599 3127 4623 ,
3178 4558 3321 4612 omni
3366 4569 3610 4629 tempore
3632 4578 3733 4619 ore-

2188 4662 2343 4703 mus:
2376 4648 2426 4702 id
2455 4656 2537 4702 est
2566 4655 2698 4703 utet
2724 4649 3066 4706 adhibeamus
3094 4651 3338 4706 alfectmn
3371 4669 3387 4717 ;
3446 4663 3499 4709 ct
3530 4657 3733 4712 interior

2190 4740 2402 4806 spiritus
2432 4777 2449 4803 ,
2483 4738 2630 4792 idest
2659 4738 2818 4792 homo
2845 4741 3064 4796 interior
3097 4783 3110 4805 ,
3143 4744 3437 4799 oratiOuem
3467 4745 3626 4816 pleno
3651 4747 3732 4802 de-

2186 4828 2382 4883 siderio
2409 4829 2602 4884 debeat
2646 4831 2915 4885 ctbabeat
2961 4834 3107 4887 omni
3146 4844 3383 4903 tempore
3418 4856 3430 4890 :
3488 4848 3546 4892 ut
3590 4839 3731 4895 etiam

2184 4938 2303 4976 cum
2336 4937 2439 4977 non
2468 4934 2633 4990 orat,
2690 4926 2742 4979 in
2768 4926 2958 4993 spiritu
3006 4936 3141 4981 oret.
3197 4927 3334 4994 Quid
3374 4928 3569 4985 deinde
3616 4931 3726 4985 illud

2182 5014 2321 5083 quod
2350 5017 2424 5069 ait
2456 5056 2470 5079 ,
2513 5032 2608 5087 per
2633 5031 2844 5072 omnem
2872 5021 3169 5073 orationem
3195 5030 3250 5075 et
3268 5022 3679 5077 obsecrationem
3703 5020 3725 5075 l

2181 5108 2492 5164 Distautiam
2546 5121 2674 5180 puto
2724 5112 2875 5164 istam
2902 5125 3023 5165 esse
3045 5149 3061 5175 ,
3110 5113 3355 5167 utoratio
3374 5114 3441 5167 sit
3473 5150 3488 5179 ,
3547 5120 3601 5168 et
3621 5128 3722 5169 cum

2186 5199 2371 5255 laudes
2402 5202 2492 5257 Dei
2517 5202 2759 5265 dicimus,
2782 5208 2837 5255 et
2861 5215 2981 5255 cum
3004 5215 3316 5257 enarramus
3332 5204 3590 5274 magnalia
3606 5204 3721 5273 ejus,

2187 5300 2239 5343 et
2256 5294 2583 5362 cumgratias
2603 5294 3014 5364 agimus,etcutn
3027 5295 3127 5349 alia
3144 5294 3447 5364 huiusmodi
3464 5296 3722 5351 :obsecra-

2187 5381 2261 5435 tio
2278 5396 2405 5437 vero
2424 5397 2525 5449 est,
2540 5383 2750 5453 quando
2771 5384 2936 5440 Deum
2957 5401 3170 5441 oramus
3193 5386 3273 5441 vel
3303 5396 3518 5459 propter
3536 5388 3720 5443 veniam

2257 5512 2336 5583 (1)
2369 5513 2443 5570 Ita
2470 5523 2552 5571 est
2574 5516 2628 5569 in
2648 5515 2804 5571 codd.

2366 5585 2840 5725 ligtzfsiiiécfdu

2258 5655 2337 5725 (3)
2378 5655 2530 5727 Vulg.
2557 5697 2572 5725 ,
2601 5655 3005 5713 obsecrationem.
