3910 6212
192 266 345 326 19»θὸ

1159 270 1222 327 ΙΝ
1254 270 1632 327 EPISTOLAM
1669 271 1758 325 AD
1795 268 2123 327 EPHESIOS
2146 270 2345 328 LIBER
2383 274 2443 328 ll.

3291 270 3429 326 1294

200 394 259 438 et
288 391 499 453 peccata
550 392 731 437 nostra
765 401 779 449 ;
833 383 918 438 vel
964 393 1179 453 propter
1213 386 1433 455 gratiam
1468 426 1483 451 ,
1536 396 1593 439 ut
1619 386 1769 441 nobis
1796 390 1843 447 Α
1870 402 1976 455 quo
2005 386 2127 457 quid
2158 388 2383 456 patiatur
2403 388 2632 442 ostendit
2660 428 2673 453 ,
2703 395 2753 441 et
2780 386 3220 456 quemadmodum
3246 401 3425 455 perse-

197 483 441 542 prazstet.
469 473 616 538 Haec,
651 476 886 543 inquam,
919 484 994 527 est
1026 474 1324 529 obsecratio
1353 493 1363 527 :
1398 484 1451 529 et
1477 475 1768 530 dummodo

202 563 293 617 isti
325 564 430 617 duo
460 564 599 617 modi
631 564 737 618 sint
773 578 891 617 cum
926 565 1087 619 Deum
1118 580 1330 620 oramus
1354 610 1368 633 ,
1420 576 1474 620 ιιι
1494 576 1545 621 et
1574 569 1770 623 oratio-

205 670 331 709 nem
366 656 654 710 habeamus
680 664 734 710 et
756 656 1194 711 obsecrationem.
1224 657 1326 711 Per
1356 673 1565 712 omnem
1588 658 1765 727 igitur,

206 746 407 814 inquit,
436 747 728 802 orationem
747 757 800 801 et
822 762 916 817 per
939 763 1149 801 omnem
1182 749 1620 808 obsecrationem.
1657 750 1769 803 Non

204 838 445 891 contenti
490 838 654 891 simus
680 838 829 905 quasi
856 836 1094 907 qua-dam
1119 840 1276 893 verba
1295 849 1347 893 et
1393 840 1772 894 consuetudine

214 926 585 995 proferre,sed
614 942 677 981 ex
706 927 884 981 animo
903 927 1153 981 interiore
1181 937 1337 998 atque
1365 946 1426 982 ex
1460 940 1661 993 mente;
1691 938 1771 983 at-

211 1035 319 1084 que
347 1061 360 1082 ,
392 1028 572 1088 aperte
600 1030 657 1073 ut
683 1018 854 1074 dicam
887 1061 901 1083 ,
927 1034 991 1073 ex
1041 1020 1153 1090 ipso
1182 1020 1367 1089 spiritu
1399 1032 1556 1090 atque
1582 1023 1631 1075 in
1659 1024 1774 1091 ipso

206 1112 439 1179 spiritu;
489 1120 544 1163 ιιι
571 1112 727 1164 etiam
750 1124 868 1163 cum
900 1110 1047 1163 deest
1087 1112 1255 1163 oratio
1286 1112 1364 1165 vel
1394 1112 1693 1167 obsecratio
1720 1111 1771 1164 in

210 1201 391 1257 verbis
418 1241 432 1264 ,
467 1200 751 1254 oremusin
780 1200 989 1268 spiritu.

284 1289 350 1344 Et
394 1291 445 1344 in
472 1292 582 1360 ipso
633 1292 894 1361 vigilantes
942 1308 1135 1363 semper
1156 1291 1208 1344 in
1230 1291 1365 1344 onmi
1403 1294 1627 1345 oratione
1675 1290 1773 1362 (1).

210 1382 425 1451 Adjecit
468 1382 626 1437 etiam
671 1393 874 1436 certum
921 1390 1169 1449 tempus:
1223 1398 1341 1435 nam
1396 1398 1513 1436 cum
1566 1382 1691 1436 dixit
1724 1380 1776 1435 iit

214 1472 363 1526 omni
392 1480 631 1540 tempore
664 1512 677 1535 ,
735 1472 905 1542 potuit
934 1472 1101 1541 accipi
1157 1471 1298 1540 quod
1340 1486 1547 1542 tempus
1576 1471 1777 1525 homini

212 1564 369 1619 datur
392 1606 406 1631 ,
458 1564 505 1618 id
535 1574 618 1619 est
644 1562 777 1619 dies.
809 1564 912 1620 Sed
942 1567 994 1618 in
1024 1565 1165 1618 omni
1196 1571 1434 1635 tempore
1464 1575 1517 1618 ut
1574 1565 1778 1635 plenius

212 1655 471 1723 adjiceret
499 1654 623 1722 quid
649 1654 890 1724 adjunxit
918 1655 1225 1725 lvigitantes
1245 1671 1457 1721 semper.
1493 1655 1675 1711 Potest
1703 1665 1780 1709 ta-

1873 489 2021 533 veret
2052 522 2065 545 ,
2118 488 2174 531 ut
2203 495 2305 534 non
2336 479 2666 533 deterreatur
2681 478 2917 532 adversis
2950 518 2963 542 ,
3020 493 3189 547 neque
3239 478 3424 530 dolore

1873 568 2112 621 vincatur
2136 608 2151 633 ,
2183 568 2275 623 sed
2320 567 2531 635 impleat
2558 582 2745 620 munus
2760 568 3083 635 apostolatus
3114 566 3422 634 injunctum.

1876 655 1941 710 Ut
1969 658 2018 709 in
2042 658 2151 727 ipso
2173 656 2475 723 ﬁducialitcr
2501 673 2646 724 agam
2673 655 2769 724 (1).
2819 656 2955 709 Bene
2982 665 3035 709 et
3057 655 3141 709 hic
3170 654 3428 708 liducialio

1875 755 1953 799 tcr
1977 788 1992 812 ,
2032 747 2198 815 inquit
2230 787 2245 811 ,
2277 755 2330 799 et
2357 745 2409 799 in
2435 746 2773 798 conﬁdentia.
2815 745 2952 811 Quid
2981 746 3121 799 enim
3153 746 3289 799 aliud
3334 745 3425 799 ad-

1878 849 2090 888 versum
2121 844 2377 899 terrores,
2408 834 2682 888 adversum
2708 850 2887 902 pmuas
2915 835 3187 903 impositas
3202 844 3290 888 aut
3312 851 3431 905 pre-

1873 923 1981 976 cari
2006 963 2020 987 ,
2048 932 2138 976 aut
2166 923 2403 992 polliceri
2436 924 2689 977 debuerat
2715 964 2729 989 ,
2760 926 2856 978 nisi
2882 934 2939 977 ut
2966 923 3150 978 tiducia
3177 925 3275 978 sibi
3291 935 3433 980 esset

1881 1017 1930 1067 in
1960 1014 2311 1083 expoliettdo?
2340 1026 2393 1068 ut
2426 1016 2574 1079 tnihi,
2607 1016 2792 1084 inquit,
2822 1032 2995 1069 SCI'IIIO
3018 1018 3066 1069 in
3089 1017 3431 1088 adapertiono

1876 1107 1984 1158 oris
2009 1106 2229 1159 deturiu
2260 1105 2575 1160 conlidentia
2602 1124 2615 1167 ;
2649 1106 2697 1159 id
2728 1118 2807 1161 est
2834 1107 2913 1177 (2)
2944 1108 2992 1161 in
3023 1108 3224 1175 agendo
3250 1150 3263 1173 ,
3296 1119 3351 1161 ut
3379 1110 3433 1162 in

1878 1201 1991 1268 ipso
2006 1198 2313 1252 liducialiter
2326 1214 2472 1267 agam
2490 1220 2505 1262 ;
2525 1200 2573 1251 in
2590 1199 2723 1267 ipso,
2744 1198 2790 1251 id
2805 1209 2904 1262 est,
2923 1201 2971 1253 in
2988 1200 3259 1269 evangelio
3278 1210 3437 1269 atque

1881 1290 2150 1359 mysterio.
2185 1289 2265 1343 lta
2292 1301 2343 1341 ut
2373 1300 2565 1359 oportet
2589 1306 2666 1343 me
2691 1291 2861 1358 loqui;
2914 1292 2961 1345 id
2993 1302 3072 1345 est
3096 1294 3232 1346 enim
3262 1293 3432 1361 ipsum

1879 1394 2040 1449 agere
2065 1379 2448 1448 evangelistam
2480 1421 2493 1445 ,
2538 1379 2710 1449 loqui,
2745 1389 2798 1433 et
2826 1380 2966 1449 loqui
2990 1390 3045 1435 ttt
3063 1394 3265 1451 oportet
3288 1423 3304 1449 ,
3338 1385 3438 1437 hoc

1879 1475 1961 1520 cst
2000 1465 2350 1534 ﬂducialitet‘;
2408 1486 2474 1523 ne
2516 1472 2686 1524 minus
2724 1472 2969 1541 impleam
3004 1514 3016 1537 ,
3049 1489 3135 1527 aut
3163 1474 3354 1544 aliquid
3384 1476 3440 1529 in

1882 1558 2057 1610 animo
2102 1574 2219 1613 meo
2246 1558 2448 1629 egerint
2476 1570 2695 1629 catena),
2714 1572 2767 1617 et
2796 1579 2897 1617 non
2931 1565 3171 1633 impleam
3203 1576 3256 1619 ut
3283 1582 3440 1636 Opor—

1884 1658 1955 1702 tet
1979 1663 2254 1719 exponens
2286 1653 2616 1721 mysterium.

214 1757 340 1800 tneu
367 1744 431 1798 ad
464 1744 809 1800 intentiOnem
846 1746 1036 1799 mentis
1066 1746 1164 1799 hoc
1189 1746 1352 1814 accipi
1369 1746 1629 1815 vigilantes
1656 1761 1784 1799 sem-
1818 1768 1865 1826 Β
1964 1739 2123 1795 Vens.
2155 1740 2245 1796 21.
2300 1771 2370 1781 -
2400 1741 2465 1797 Ut
2487 1754 2755 1797 uutentros
2771 1754 2816 1797 et
2846 1748 3017 1799 sciatis
3039 1787 3052 1812 ,
3082 1764 3192 1817 qua:
3220 1750 3352 1804 circa
3372 1768 3449 1805 me

218 1850 310 1907 per
343 1846 395 1889 ut
426 1836 476 1890 in
512 1835 654 1890 omni
685 1836 924 1892 oratione
946 1852 1049 1891 non
1077 1837 1236 1891 veluti
1266 1837 1589 1891 dormientes
1608 1878 1621 1900 ,
1647 1836 1784 1905 quod

223 1926 496 1997 patiuntur
525 1928 595 1981 illi
620 1928 710 1998 qui
737 1942 799 1983 ea
828 1944 943 1998 quae
976 1939 1095 1982 nota
1122 1939 1243 1982 sunt
1291 1928 1510 1982 recitant
1544 1972 1558 1995 ,
1607 1929 1685 1983 vel
1712 1928 1788 1982 le-

226 2029 382 2087 gnnt,
408 2018 490 2071 vel
511 2019 763 2073 memoria
784 2020 1155 2086 pronuntiant;
1179 2016 1299 2088 quid
1332 2017 1511 2071 dicant
1531 2027 1583 2071 et
1602 2033 1790 2087 quent-

217 2108 504 2162 admodum
531 2109 705 2163 dicant
736 2123 870 2178 pene
922 2126 1023 2163 non
1068 2113 1319 2163 sentiunt.
1361 2108 1557 2162 Idcirco
1583 2108 1655 2161 ait
1681 2127 1692 2163 :
1723 2109 1793 2160 vi-

223 2200 438 2269 gilantes
465 2216 658 2269 semper
687 2202 738 2254 in
758 2202 982 2254 oratione
1006 2217 1101 2271 pro
1125 2201 1353 2253 omnibus
1376 2200 1579 2253 sanctis.

295 2290 693 2347 Vens.i9.—-Et
710 2310 800 2363 pro
822 2309 917 2345 me.
936 2292 1173 2361 Magnum
1192 2294 1348 2345 etiam
1366 2292 1729 2346 hocmonitum
1745 2301 1796 2345 et

222 2382 749 2451 frequenterquoque
766 2381 1401 2452 tetigimus,ettmtandum
1415 2382 1669 2435 diximus:
1691 2396 1792 2436 non

221 2472 367 2526 enim
396 2487 490 2541 pro
516 2472 667 2526 nobis
698 2480 917 2538 tantum,
951 2472 1041 2524 sed
1062 2473 1220 2525 etiam
1245 2486 1339 2540 pro
1362 2472 1477 2525 aliis
1498 2486 1682 2539 rogare
1706 2472 1793 2524 de-

226 2563 435 2617 bemus.
457 2562 511 2615 lu
531 2578 635 2632 quo
656 2570 708 2615 et
724 2561 904 2615 multis
930 2561 1061 2615 locis
1082 2561 1229 2615 ethie
1249 2561 1525 2623 admoneo,
1546 2563 1793 2630 quoniam

226 2653 372 2707 istud
402 2662 723 2722 pratccptnm
745 2651 939 2720 duplex
970 2660 1081 2717 est,
1112 2659 1168 2704 ut
1193 2660 1245 2704 et
1275 2650 1373 2718 ipsi
1407 2650 1479 2703 illi
1509 2651 1674 2703 sancti
1700 2690 1713 2713 ,
1742 2656 1796 2703 et

233 2744 515 2813 episcopi,
566 2750 621 2798 et
648 2742 909 2807 apostoli,
965 2750 1017 2793 et
1039 2742 1264 2808 majores
1319 2754 1413 2808 pro
1450 2738 1695 2793 ﬁdelibus
1742 2747 1797 2793 et

224 2833 625 2889 eatechumenis
684 2840 739 2886 et
792 2846 887 2901 pro
938 2831 1181 2885 omnibus
1268 2830 1384 2885 aliis
1462 2830 1796 2886 inferioribus

226 2942 424 2995 rogare
477 2926 707 2979 debeant
782 2923 935 2978 sicuti
988 2922 1288 2991 frequenter
1340 2923 1479 2978 idem
1537 2923 1621 2976 hic
1668 2938 1796 2977 enu-

227 3028 410 3073 merat
457 3016 596 3087 quod
627 3019 677 3070 in
707 3016 851 3069 omni
895 3017 1132 3069 oratione
1184 3030 1277 3068 sua
1307 3015 1629 3069 mentionem
1676 3014 1799 3069 facit

1894 1842 2007 1885 sunt
2030 1849 2048 1896 ,-
2073 1831 2195 1901 quid
2214 1848 2359 1903 agam
2377 1874 2390 1897 ,
2421 1844 2594 1887 notum
2612 1834 2745 1887 vobis
2765 1835 2916 1905 faciet
2939 1836 3018 1908 (5)
3045 1836 3289 1907 Tyclticus
3327 1842 3446 1894 clta—

1894 1923 2123 1975 rt'ssimus
2146 1925 2303 1993 frater
2326 1933 2371 1977 et
2399 1924 2561 1991 ﬁdelis
2604 1926 2827 1979 minister
2870 1928 2920 1979 in
2950 1926 3186 1981 Domino.
3214 1931 3352 1985 Bene
3380 1931 3449 1986 de

1898 2013 1977 2066 his
2000 2028 2114 2082 qua:
2161 2014 2354 2083 patitur
2393 2016 2521 2067 nihil
2550 2016 2786 2084 epistolae
2824 2018 2949 2073 dare
2979 2018 3182 2085 voluit,
3211 2021 3302 2075 sed
3335 2033 3453 2076 tan-

1897 2105 2166 2158 tummodo
2198 2121 2290 2175 per
2316 2108 2551 2160 nuntium
2577 2147 2590 2170 ,
2614 2116 2671 2161 ut
2698 2120 3017 2179 cognoscant
3042 2110 3252 2179 Ephesii
3285 2152 3300 2178 ,
3326 2115 3453 2183 quid

1897 2194 2163 2249 mandavit
2189 2237 2202 2261 ,
2247 2197 2325 2251 vel
2350 2197 2474 2266 quid
2502 2208 2621 2267 agat
2647 2238 2663 2265 ,
2704 2200 2783 2253 vel
2815 2215 2932 2270 qua:
2960 2202 3096 2255 circa
3126 2203 3292 2269 ipsum
3320 2205 3448 2259 sint.

1901 2285 2009 2339 Duo
2039 2297 2161 2338 sunt
2184 2288 2323 2341 enim
2353 2305 2366 2340 :
2419 2304 2537 2341 nam
2560 2298 2613 2343 et
2638 2290 2778 2344 circa
2809 2290 2978 2359 ipsum
3019 2304 3219 2345 catella:
3248 2307 3371 2347 sunt
3395 2302 3452 2350 et

1896 2386 2101 2431 caetera:
2131 2376 2331 2445 injuriae
2359 2396 2371 2430 :
2402 2379 2525 2447 quid
2547 2391 2720 2434 autem
2751 2391 2871 2449 agat
2900 2397 2914 2445 ;
2944 2382 3081 2451 quod
3108 2396 3407 2450 perseverat
3432 2426 3449 2451 ,

1896 2468 2034 2536 quod
2062 2470 2370 2535 mysterium
2392 2472 2569 2539 pandit
2599 2513 2615 2537 ,
2666 2473 2807 2541 quod
2836 2478 3157 2543 evangelizat
3178 2487 3231 2533 et
3256 2481 3447 2547 aperit.

1896 2555 2241 2613 Commendat
2268 2571 2440 2615 autem
2465 2576 2773 2630 personam:
2808 2563 3067 2634 Tycliicus
3085 2568 3448 2640 charissimus,

1900 2648 2105 2717 inquit,
2161 2649 2324 2706 frater
2354 2693 2367 2718 ,
2413 2665 2467 2707 et
2501 2655 2671 2708 lidelis
2692 2658 2929 2711 minister
2959 2660 3010 2711 ιιι
3047 2662 3267 2715 Domino
3299 2680 3311 2714 :
3341 2679 3451 2719 non

1898 2742 2037 2794 enim
2062 2743 2297 2796 minister
2311 2743 2459 2806 mihi,
2484 2746 2574 2798 sed
2590 2746 2639 2799 in
2658 2746 2879 2801 Domino
2892 2749 3130 2804 minister
3141 2751 3277 2805 circa
3291 2767 3451 2808 evan-

1896 2832 2090 2900 gelium
2109 2843 2161 2887 et
2181 2833 2320 2887 circa
2349 2836 2675 2903 mysterium.

1972 2920 2132 2975 Vens.
2175 2922 2263 2974 22.
2305 2952 2375 2963 -—-
2429 2925 2587 2988 Quem
2648 2926 2762 2978 misi
2811 2928 2879 2979 ad
2917 2942 2999 2981 vos
3026 2929 3078 2981 in
3121 2929 3214 2982 Itoc
3258 2932 3447 2999 ipsum.

1898 3010 2010 3065 Non
2059 3013 2198 3066 enim
2241 3014 2351 3082 ipse
2390 3029 2510 3067 cum
2554 3026 2826 3084 pergeret,
2878 3034 2975 3087 ego
3017 3020 3296 3086 mandavi;
3355 3022 3452 3078 sed

226 3111 389 3165 etiam
410 3110 645 3162 ouuiium
661 3124 898 3163 suorum.
921 3108 993 3160 lta
1016 3116 1069 3162 et
1095 3108 1179 3164 hic
1201 3122 1381 3161 rursus
1405 3118 1456 3160 et
1484 3107 1685 3177 ipsiqui
1712 3108 1786 3160 iu-
1816 3129 1860 3192 ο
1900 3111 2114 3171 propter
2144 3103 2244 3157 hoc
2283 3104 2421 3158 misi.
2454 3105 2526 3158 lta
2571 3115 2623 3158 et
2669 3108 2736 3161 de
2766 3109 2915 3162 vobis
2966 3123 3155 3163 curam.
3196 3125 3323 3179 gero
3349 3153 3363 3176 ,
3399 3122 3453 3167 et

227 3202 451 3258 feriores
470 3216 592 3256 sunt
614 3212 797 3271 rogent
818 3204 868 3255 in
890 3202 1032 3256 omni
1058 3204 1297 3256 oratione
1321 3217 1412 3256 sua
1444 3211 1498 3257 et
1521 3217 1613 3271 pro
1641 3215 1785 3255 sanc-

229 3298 319 3361 tis,
344 3307 397 3349 et
425 3314 519 3366 pro
550 3298 834 3366 episcOpis,
863 3306 915 3351 et
938 3312 1032 3366 pro
1067 3314 1170 3356 me.
1206 3299 1372 3365 inquit
1404 3298 1581 3367 :quod
1614 3306 1788 3351 atten-

228 3389 461 3442 dendum
491 3399 543 3442 et
573 3403 666 3457 pro
695 3388 949 3442 miraculo
973 3388 1289 3453 habendum,
1324 3390 1395 3443 ιιιί
1422 3388 1488 3443 ab
1520 3391 1621 3453 his,
1654 3404 1787 3459 quos

230 3478 345 3547 ip~c
376 3487 550 3533 monet
578 3519 593 3544 ,
621 3494 752 3548 quos
775 3479 997 3533 instituit
1022 3519 1036 3541 ,
1092 3480 1279 3548 quibus
1304 3480 1630 3549 evangelium
1663 3496 1785 3548 pro-

229 3570 475 3635 nuntiat,
530 3571 672 3623 velut
710 3569 958 3623 auxilium
998 3580 1183 3641 petat,
1216 3582 1272 3623 ut
1312 3570 1552 3626 oratione
1600 3586 1787 3626 conse-

230 3672 424 3730 qttatur
465 3660 679 3729 aliquid.
711 3660 843 3728 Quid
872 3671 1043 3715 autem
1095 3661 1217 3715 illud
1247 3662 1472 3730 sitquod
1505 3664 1784 3731 petendum

230 3765 328 3820 pro
355 3766 412 3805 se
428 3752 573 3815 dicit,
591 3754 701 3820 ipsc
732 3751 997 3821 subjungit
1019 3762 1069 3804 nt
1092 3753 1235 3805 detur
1254 3754 1373 3805 milii
1393 3755 1443 3805 in
1464 3754 1788 3823 adapertione

228 3840 333 3892 oris
377 3840 472 3892 mei
524 3856 686 3893 sermo
726 3841 776 3892 in
824 3841 1127 3908 conﬁdentia
1174 3852 1343 3894 notum
1395 3845 1561 3911 facere
1603 3853 1784 3911 myste-

227 3931 362 3982 rium
385 3929 483 4000 (ἓ).
517 3930 714 3984 Monuit
747 3931 1003 3999 Ephesios
1030 3940 1085 3984 ut
1112 3940 1165 3985 et
1200 3948 1293 4001 pro
1323 3933 1517 3985 sanctis
1543 3944 1787 4002 rogarent

227 4030 284 4073 et
315 4022 540 4074 maxime
570 4034 755 4089 prose.
774 4021 907 4086 Quid
937 4030 1110 4075 autem
1143 4032 1388 4089 rogarent
1412 4038 1504 4089 pro
1529 4036 1606 4085 se,
1636 4022 1683 4075 id
1707 4032 1788 4076 est

228 4126 325 4181 pro
353 4114 465 4180 ipso
496 4111 657 4165 Paulo
682 4154 695 4178 ,
724 4111 947 4180 subjecit
973 4153 986 4177 ,
1015 4127 1116 4166 non
1147 4114 1405 4176 salutem,
1454 4128 1556 4167 non
1583 4115 1787 4183 aliquas

228 4203 550 4269 cupiditates
576 4243 589 4264 ,
644 4203 734 4255 sed
767 4212 825 4256 ut
852 4214 1028 4271 posset
1060 4200 1197 4257 idetn
1230 4203 1421 4257 Paulus
1447 4204 1639 4258 habere
1668 4220 1784 4258 ser-

228 4304 441 4347 tnonem
470 4304 520 4347 et
551 4303 783 4363 apertam
813 4294 1127 4359 orationem,
1155 4293 1204 4347 id
1227 4304 1305 4347 est
1330 4295 1701 4347 conlidentiam
1734 4296 1784 4348 in

227 4400 293 4441 ex
308 4386 563 4452 positione
584 4383 839 4453 evangelii
859 4394 1014 4451 atque
1037 4383 1291 4454 mysterii.
1312 4383 1449 4438 Vere
1466 4386 1603 4437 enim
1627 4388 1783 4439 etiam

1889 3194 2062 3246 omnia
2088 3208 2181 3247 vos
2206 3195 2341 3249 scire
2370 3196 2508 3248 volo.
2540 3196 2593 3249 lu
2626 3195 2726 3251 hoc
2748 3198 2915 3266 ipsum
2944 3214 3070 3269 ergo
3094 3242 3109 3267 ,
3144 3212 3199 3254 ut
3218 3203 3447 3271 sciretis,

1886 3284 2002 3338 tnisi
2038 3301 2051 3348 ;
2086 3296 2139 3337 ut
2163 3285 2491 3349 cognoscatis
2516 3304 2632 3355 qttzl:
2657 3290 2795 3341 circa
2825 3305 2921 3341 nos
2950 3298 3192 3358 agantur.
3231 3292 3296 3346 Et
3330 3310 3451 3347 con-

1884 3377 2070 3430 soletur
2116 3377 2269 3429 corda
2288 3389 2466 3429 vestra.
2523 3377 2617 3431 Hie
2636 3378 2744 3446 jam
2787 3380 3011 3449 amplius
3044 3420 3058 3443 ,
3110 3385 3357 3451 quoniam
3379 3384 3448 3440 de

1885 3466 2090 3521 duobus
2120 3482 2277 3521 unum
2308 3469 2393 3520 hic
2422 3469 2731 3537 conjunxit,
2775 3486 2890 3540 quae
2920 3472 3059 3525 circa
3086 3488 3183 3527 nos
3202 3484 3445 3543 agantur,

1886 3556 1937 3609 id
1966 3566 2047 3610 est
2085 3572 2216 3627 quas
2239 3571 2421 3625 poenas
2446 3560 2729 3613 toleremus
2760 3599 2773 3623 ,
2805 3576 2937 3629 quas
2962 3570 3177 3616 eatenus
3206 3581 3216 3612 :
3252 3564 3449 3619 idcirco

1887 3645 2080 3712 adjrcit
2111 3686 2126 3710 ,
2158 3655 2212 3699 et
2253 3648 2559 3700 consoletur
2585 3649 2743 3703 corda
2772 3663 2942 3704 vestra
2973 3672 2986 3706 :
3040 3669 3104 3706 ne
3120 3654 3186 3707 de
3211 3668 3295 3707 me
3320 3670 3447 3709 cura

1886 3744 1941 3789 et
1970 3737 2320 3792 sollicitudine
2350 3738 2599 3793 labaretis
2632 3782 2645 3805 ,
2690 3741 2837 3794 vobis
2864 3745 3210 3797 conSolationi
3241 3747 3307 3798 sit
3329 3744 3446 3813 ipse

1888 3839 2005 3880 Cum
2056 3830 2363 3896 exposuerit
2390 3828 2526 3895 quali
2581 3832 2755 3882 animo
2801 3832 2898 3884 situ
2950 3842 3003 3886 et
3046 3834 3184 3903 quali
3232 3834 3443 3889 ﬁducia.

1960 3918 2119 3972 Vens.
2143 3920 2231 3982 25,
2262 3921 2433 3974 2L—
2469 3920 2580 3973 Pax
2607 3922 2844 3990 fratribus
2873 3933 2916 3974 et
2938 3924 3157 3978 charitas
3179 3941 3292 3977 cum
3319 3926 3444 3993 ﬁde.

1890 4010 2067 4064 Gratia
2086 4028 2196 4064 cum
2214 4012 2291 4064 Itis
2320 4011 2397 4082 (4)
2418 4054 2430 4077 ,
2462 4014 2549 4082 qui
2574 4014 2788 4084 diligunt
2818 4015 3089 4069 Dominum
3111 4028 3335 4071 nostrum
3354 4017 3445 4073 Je-

1887 4116 1997 4152 sum
2048 4099 2300 4154 Christum
2328 4104 2379 4154 in
2430 4104 2722 4157 wternitute.
2769 4106 2944 4159 Amen.
3004 4107 3273 4162 Postrema
3321 4125 3443 4178 pars

1887 4193 2125 4262 cpistola:
2155 4196 2383 4262 precatio
2418 4204 2498 4248 ιλιι
2532 4236 2546 4261 ,
2601 4206 2654 4249 et
2683 4208 2926 4265 precatur
2970 4208 3023 4251 et
3068 4209 3213 4267 optat
3260 4215 3446 4267 pacem

1888 4281 2181 4337 fratribus:
2241 4284 2364 4335 item
2412 4283 2760 4348 charitatem,
2804 4284 2995 4339 deinde
3041 4287 3213 4340 (idem.
3272 4288 3445 4356 Supra

1886 4375 2027 4426 enim
2074 4374 2143 4427 ita
2171 4374 2411 4440 dixerat,
2458 4375 2595 4444 quod
2637 4384 2779 4429 esset
2824 4377 2962 4431 inter
3001 4379 3120 4433 illos
3152 4378 3437 4436 discordia.

227 4491 410 4531 eormn
442 4476 679 4532 oratione
698 4477 1061 4543 postulandum
1087 4490 1186 4542 est,
1210 4478 1398 4547 quibus
1416 4477 1667 4546 prodesse
1690 4480 1784 4533 hoc

1893 4461 2087 4515 Deinde
2114 4462 2349 4529 adjunxit
2372 4464 2588 4531 gratiam
2608 4464 2685 4516 Itis
2714 4466 2800 4532 qui
2824 4477 3061 4535 praestant
3086 4470 3236 4535 [idem
3255 4512 3270 4535 ,
3296 4481 3343 4523 et
3362 4472 3443 4524 di-

231 4579 401 4637 pmest
432 4583 446 4632 ;
480 4578 535 4621 ut
564 4570 807 4636 quoniam
837 4568 1143 4637 mysterium
1167 4580 1218 4622 et
1241 4568 1565 4637 evangelium
1596 4568 1787 4623 Paulus

231 4662 569 4731 pronuntiat,
604 4662 676 4715 illi
698 4662 784 4730 qui
820 4661 1117 4729 percepturi
1159 4660 1258 4714 hoc
1288 4671 1411 4715 sunt
1441 4703 1455 4726 ,
1507 4662 1604 4715 Itoc
1633 4670 1787 4716 orent

230 4761 289 4805 ιιι
312 4766 489 4805 sermo
504 4751 751 4815 abundet,
772 4759 825 4805 et
840 4766 899 4805 os
919 4751 1149 4819 apertius
1164 4752 1527 4821 proloquatur,
1553 4751 1752 4805 etconli
1768 4779 1783 4791 -

228 4842 405 4898 dentis
435 4845 546 4895 sine
571 4842 741 4911 aliqua
775 4840 1122 4911 trepidatione
1147 4856 1422 4910 exponens
1449 4845 1778 4915 mysterium.

300 4932 461 4987 Vens.
521 4934 606 4986 90.
660 4962 729 4972 —
758 4930 861 4985 Pro
904 4948 1000 4999 quo
1058 4932 1306 5003 legatione
1350 4936 1534 5002 ftutgor
1589 4936 1641 4986 in
1700 4948 1784 4985 ca-

228 5035 359 5079 tena.
392 5024 450 5078 ιιι
475 5036 551 5078 cst
582 5039 679 5095 ego
706 5025 905 5094 legatus
932 5040 959 5076 a
981 5024 1212 5087 Christo,
1256 5026 1377 5081 licet
1403 5028 1453 5080 in
1485 5037 1669 5081 catena
1696 5045 1786 5096 po-

227 5116 359 5171 situs
387 5157 402 5181 ,
455 5125 629 5170 tamen
677 5118 985 5188 mysterium
1017 5117 1188 5186 pando
1231 5126 1285 5172 et
1328 5120 1698 5189 evangelium:
1731 5122 1785 5175 in

300 5308 378 5385 (l)
408 5311 559 5383 Vulg.
584 5356 599 5375 ,
653 5331 757 5368 non
789 5315 941 5385 habet
975 5330 1169 5383 semper
1193 5325 1247 5370 et
1275 5331 1369 5385 pro
1390 5316 1615 5371 oratione
1638 5318 1687 5370 in
1719 5332 1781 5371 ea

234 5382 421 5454 legitur
447 5382 683 5454 instantia
710 5393 758 5437 et
794 5382 1150 5438 obsecratione.

298 5452 376 5524 (9)
404 5454 551 5521 Vulg.
584 5477 601 5509 .-
633 5453 701 5507 Ut
724 5454 867 5507 detur
892 5456 1012 5506 mihi
1036 5455 1261 5507 semoin
1286 5456 1539 5524 apertione
1562 5457 1664 5510 oris
1692 5456 1787 5510 mei

233 5539 345 5577 ιιιιιι
376 5524 586 5589 ﬁducia,
617 5534 789 5577 notum
816 5527 979 5593 facere
999 5527 1287 5592 mysterium
1307 5526 1565 5595 ermgelii.

1892 4552 2054 4622 ligant
2086 4551 2359 4605 Dominum
2386 4566 2611 4605 nostrum
2645 4553 2815 4607 Iesum
2846 4554 3115 4610 Christum.
3165 4560 3236 4612 Ita
3263 4562 3440 4617 omnia

1892 4642 2137 4694 conclusa
2164 4652 2320 4705 sunt;
2370 4658 2467 4710 pax
2497 4644 2560 4696 ad
2587 4643 2900 4698 discordiam
2928 4685 2941 4709 ,
2974 4647 3203 4701 eltaritas
3232 4652 3295 4703 ad
3323 4665 3444 4703 cou-

1890 4732 2145 4797 cordia-ii,
2175 4733 2304 4787 tides
2330 4733 2395 4785 ad
2424 4734 2584 4785 Deum
2614 4752 2625 4785 :
2650 4746 2699 4787 et
2729 4749 2789 4789 ex
2822 4737 2922 4789 tide
2943 4740 3110 4805 gratia
3141 4750 3439 4809 priestator,

1888 4822 2053 4890 gratia
2078 4822 2281 4875 Domini
2330 4822 2412 4875 his
2439 4823 2526 4890 qui
2576 4823 2884 4879 cltat'itatetn
2935 4830 3070 4881 inter
3097 4844 3153 4883 se
3178 4841 3229 4883 ct
3258 4846 3443 4899 pacem

1885 4911 2098 4973 habent,
2115 4922 2166 4963 et
2188 4911 2339 4964 tidem
2369 4912 2418 4964 in
2443 4914 2632 4979 ipsum.
2652 4913 2705 4967 In
2737 4916 3084 4971 mteruitatetn
3107 4932 3279 4975 autem
3299 4925 3442 4991 quod

1885 5000 2171 5069 Subjunxit,
2204 5016 2267 5053 ne
2296 5004 2572 5071 pra-sentis
2597 5005 2712 5057 vitze
2742 5014 2941 5059 tantum
2967 5019 3083 5061 vota
3108 5014 3244 5077 sint,
3271 5015 3361 5068 sed
3386 5025 3441 5070 et

1884 5090 2211 5162 futuraz,qum
2224 5095 2366 5147 estin
2383 5108 2476 5162 spe
2490 5105 2543 5149 et
2557 5096 2900 5163 promissione
2911 5098 3413 5162 ChristianisAmcn
3424 5143 3440 5161 .

1888 5244 2032 5384 laxi)
2066 5246 2241 5315 Vulg.,
2262 5244 2354 5301 'Ita
2375 5250 2499 5301 utin
2527 5250 2636 5319 ipso
2665 5253 2907 5318 audeant,
2936 5265 3087 5323 prout
3110 5269 3303 5328 oportet
3336 5279 3433 5330 me,

1972 5333 1986 5363 θ
2028 5355 2041 5368 ο

1972 5333 2041 5368 ιιι.

1958 5385 2035 5454 (2)
2062 5383 2227 5437 Codd.
2257 5388 2357 5447 hic,
2393 5404 2486 5454 pro
2510 5390 2564 5441 id
2600 5402 2689 5443 est.

2073 5454 2247 5530 Vulg,
2279 5455 2472 5530 O‘ntuia
2492 5460 2629 5512 nobis
2650 5468 2761 5513 vota
2782 5464 2993 5530 faciet...

1990 5525 2040 5589 ηί)
2074 5523 2219 5593 Vulg.
2257 5564 2271 5590 ,
2305 5524 2565 5581 Omnibus.
