3910 6212
439 292 577 348 1Ξ99

1640 293 1830 350 MARII
1854 292 2197 349 VlCTORlNl
2237 294 2393 350 AFlil

3571 294 3695 348 15ὓο

440 421 497 466 et
536 411 658 481 quia
708 412 890 467 volens
936 410 1079 467 fecit.
1117 412 1215 479 Qui
1249 418 1420 481 potest
1462 409 1661 474 omnia,
1705 422 1793 464 aut
1842 418 2014 479 potest
2039 412 2088 470 A
2116 419 2373 464 creatura:
2402 410 2537 464 ratio
2564 407 2886 479 expetebat,
2930 410 3002 463 ita
3042 418 3096 464 ut
3137 408 3372 464 diversis
3414 406 3468 461 in
3511 408 3699 461 sarculo

444 516 563 571 qua:
591 502 721 568 vult,
768 517 875 557 non
926 502 1027 556 erit
1073 500 1393 556 imbecillus.
1444 499 1518 554 ita
1562 514 1664 554 nec
1706 499 2017 571 ignorantiae

446 593 715 662 subjectus
744 610 757 647 :
791 592 1025 663 quicum
1059 606 1272 661 semper
1312 592 1410 658 sit,
1444 591 1561 647 sine
1595 607 1661 648 eo
1698 590 1869 647 futura
1902 592 2015 647 tlcri

447 702 551 742 non
582 695 819 755 possunt.

513 776 623 832 γη.
655 777 771 833 1am
799 792 928 848 ergo
956 791 1166 833 causam
1194 791 1372 832 rerum
1412 776 1743 844 requiramus
1763 817 1778 841 ,
1818 790 1885 830 ne
1929 774 2020 830 diu

448 869 809 941 protrahenda
839 884 1137 924 sermonem
1156 910 1172 937 ,
1204 868 1374 923 locum
1404 868 1603 923 erroris
1648 867 2020 923 seductoribus

447 964 831 1033 permittamus.
874 960 1023 1015 Fecit
1050 962 1225 1015 omnia
1259 971 1313 1014 ut
1342 962 1479 1014 sint:
1514 958 1628 1015 sine
1656 958 1818 1014 dubio
1860 960 2021 1029 profi-

448 1067 642 1112 temur.
672 1056 861 1110 Evenit
882 1065 936 1109 ut
963 1070 1066 1109 non
1092 1056 1224 1109 sint:
1250 1070 1347 1109 nec
1374 1054 1475 1111 hoc
1500 1070 1693 1125 negare
1718 1069 2016 1124 possumus.

450 1146 555 1205 Sed
585 1148 634 1201 in
666 1146 852 1201 eodem
882 1147 1146 1200 contraria
1176 1161 1294 1201 esse
1322 1162 1425 1200 non
1472 1155 1724 1217 possunt,
1767 1156 1823 1201 nt
1863 1147 2020 1202 simul

456 1256 576 1296 esse
598 1247 651 1294 et
680 1256 781 1293 non
807 1253 925 1294 esse
953 1237 1207 1292 voluntati
1228 1238 1341 1309 ejus
1361 1240 1648 1310 contingat.
1673 1238 1803 1307 Quia
1826 1240 1867 1294 si
1900 1239 2024 1294 fecit

448 1344 506 1385 ut
536 1330 670 1395 sint,
703 1345 913 1398 semper
938 1329 1048 1383 vnlt
1078 1340 1133 1382 ut
1160 1329 1296 1384 sint:
1328 1330 1451 1383 etsi
1485 1332 1599 1387 vult
1640 1340 1695 1383 ut
1734 1346 1841 1384 non
1880 1331 2019 1397 sint,

451 1422 645 1477 desinit
676 1420 727 1475 id
761 1420 922 1485 velle,
954 1420 1091 1490 quod
1122 1419 1361 1474 volebat:
1405 1420 1542 1488 quod
1582 1421 1795 1489 quidem
1838 1420 2022 1475 vitium

447 1510 501 1566 in
535 1512 698 1565 Deum
724 1511 915 1565 cadere
944 1528 1046 1564 non
1077 1520 1267 1579 potest.
1303 1510 1513 1565 Duabus
1540 1526 1668 1565 vero
1697 1512 1938 1580 personis
1970 1512 2023 1565 in

448 1617 603 1657 causa
632 1602 932 1657 constitutis
951 1644 964 1668 ,
987 1602 1264 1656 conditore
1290 1612 1341 1656 et
1371 1601 1607 1665 condito,
1631 1617 1750 1656 cum
1778 1604 2023 1658 conditor

449 1704 528 1750 est
567 1694 771 1748 alienus
817 1710 845 1746 a
893 1694 1133 1760 crimine,
1178 1702 1421 1763 superest
1454 1702 1511 1747 ut
1549 1693 1623 1759 id,
1662 1695 1802 1762 quod
1841 1695 2025 1749 condi-

2118 500 2390 566 conditis,
2433 510 2488 556 et
2530 515 2594 555 ea
2638 501 2874 555 omnium
2916 501 3306 555 elementorum
3349 500 3699 559 conversione

2119 593 2439 647 constructis
2460 634 2474 657 ,
2508 592 2594 647 hic
2619 592 2707 661 qui
2739 591 2925 646 melior
2950 601 3034 646 est
3060 591 3311 646 omnibus
3344 591 3455 662 (1),
3483 602 3703 646 caetero-

2120 699 2237 737 rnm
2272 682 2465 739 habent
2492 693 2839 753 potestatem:
2870 699 2975 737 non
3002 693 3111 737 tum
3142 683 3428 738 immemor
3450 684 3531 737 sui
3557 697 3703 736 crea-

2122 776 2285 841 toris;
2318 776 2409 830 sed
2438 776 2705 845 subjectus
2734 776 2968 830 dominio
2998 791 3093 845 per
3122 775 3428 829 mandatum
3448 818 3463 840 ,
3506 785 3700 829 caetera

2122 867 2357 938 subjecta
2387 868 2486 924 sibi
2518 876 2713 922 teneat.
2747 867 3020 937 Snbjectio
3049 878 3226 921 autem
3259 868 3448 933 istius,
3482 866 3574 937 qui
3607 882 3693 920 ra-

2124 960 2389 1015 tionabilis
2426 968 2541 1022 est,
2584 959 2751 1029 legem
2792 957 3054 1028 requirit,
3094 974 3160 1012 ne
3198 960 3270 1013 sit
3307 958 3423 1028 ipse
3460 957 3702 1012 omnium

2122 1051 2253 1106 deus
2280 1050 2415 1106 liber
2438 1068 2469 1105 a
2495 1050 2609 1121 lege
2632 1067 2645 1102 :
2673 1064 2829 1120 quam
2861 1049 3030 1116 legem
3056 1048 3362 1118 posmlante
3390 1052 3624 1109 ratione,
3653 1049 3704 1104 in

2124 1139 2316 1211 quibus
2354 1139 2525 1194 danda
2563 1149 2731 1204 esset,
2765 1148 2975 1209 oportet
3013 1138 3311 1208 pervidere.
3354 1138 3411 1194 In
3452 1139 3532 1193 his
3572 1138 3709 1192 dan-

2124 1230 2246 1284 dam
2271 1243 2392 1291 esse
2419 1230 2592 1300 legem
2616 1231 2750 1284 ratio
2775 1231 2994 1296 edocet,
3016 1231 3208 1303 quibus
3236 1231 3440 1301 positus
3462 1230 3536 1301 (2)
3562 1231 3708 1286 frue-

2124 1322 2301 1378 batur.
2334 1322 2483 1391 Quod
2521 1337 2641 1377 cum
2681 1323 2832 1377 cibus
2869 1331 2995 1378 tunc
3024 1328 3175 1378 datus
3205 1324 3440 1377 maxime
3467 1325 3707 1377 invenia-

2128 1423 2231 1479 tur,
2274 1414 2327 1467 in
2368 1414 2507 1467 hunc
2548 1412 2724 1469 datam
2768 1427 2888 1468 esse
2930 1413 3099 1485 legem
3140 1414 3279 1469 ratio
3322 1415 3606 1485 paposcit,
3653 1415 3706 1469 in

2127 1506 2269 1559 hunc
2299 1519 2550 1574 peccasse
2577 1504 2899 1562 declaratur.

2196 1592 2285 1650 lx.
2307 1595 2458 1652 Nunc
2487 1596 2639 1651 nobis
2668 1598 3103 1667 investigantibus
3131 1615 3369 1669 causam,
3404 1601 3507 1657 huc
3535 1616 3708 1673 usque

2126 1688 2263 1744 ratio
2309 1688 2541 1744 deduxit.
2591 1690 2796 1746 Caetera
2841 1692 2920 1761 (3)
2959 1693 3107 1761 cujus
3146 1694 3284 1760 cibi,
3327 1696 3416 1750 cui
3453 1696 3569 1750 usui
3596 1738 3613 1760 ,
3654 1697 3706 1750 iu

450 1796 561 1841 tum
600 1794 699 1852 est,
730 1800 838 1839 sua:
879 1784 1110 1839 hesionis
1150 1785 1261 1855 ipse
1299 1785 1366 1839 sit
1407 1799 1563 1839 causa
1588 1825 1605 1850 ,
1648 1799 1748 1839 nec
1787 1786 2023 1855 potuisse
2052 1788 2100 1847 B
2126 1797 2283 1853 quem
2313 1782 2525 1835 modum
2557 1782 2639 1837 lex
2671 1782 2792 1837 data
2822 1785 2919 1851 sit,
2955 1784 3106 1839 nobis
3135 1786 3564 1855 requirentibus,
3598 1785 3708 1841 his-

453 1878 569 1931 sine
596 1877 765 1946 aliqua
800 1876 950 1945 culpa
981 1875 1045 1929 ad
1076 1875 1125 1929 id
1156 1874 1411 1931 cecidisse
1448 1886 1508 1930 ut
1546 1892 1649 1930 non
1689 1877 1776 1930 sit.
1822 1875 2027 1931 Rursus

457 1969 500 2021 si
540 1968 693 2036 culpa
733 1966 934 2021 conditi
977 1966 1300 2021 voluntatem
1348 1965 1437 2020 Dei
1482 1967 1755 2021 evacuavit
1782 2006 1797 2031 ,
1840 1964 2027 2020 fortior

455 2060 569 2128 ipsa
599 2058 751 2127 culpa
782 2073 939 2127 quam
980 2056 1251 2111 conditor:
1294 2056 1520 2126 ideoque
1557 2056 1762 2110 renasci
1806 2069 2027 2110 necesse

456 2159 567 2215 est,
620 2158 676 2203 ut
719 2149 781 2202 ad
830 2149 1000 2217 ipsum
1046 2148 1319 2202 venientes
1362 2147 1507 2217 quod
1548 2145 1775 2210 fuimus,
1808 2146 1856 2200 id
1885 2144 2023 2216 quod

457 2242 636 2296 evenit
664 2256 759 2311 per
787 2239 992 2308 culpam
1013 2281 1028 2303 ,
1064 2253 1410 2303 evacnemus;
1438 2246 1492 2294 et
1523 2238 1697 2292 vincat
1724 2237 1815 2292 Dei
1841 2238 2027 2291 volun-

459 2345 570 2400 tas,
602 2350 720 2405 quce
750 2334 845 2388 fuit
877 2341 933 2386 ut
961 2332 1146 2388 simus.
1193 2332 1315 2387 Inde
1345 2330 1415 2386 ob
1443 2333 1648 2400 culpam
1677 2329 1911 2385 damnati
1937 2344 2025 2383 re-

458 2438 728 2488 vocamur,
761 2423 960 2492 justitia
993 2422 1084 2477 Dei
1117 2431 1461 2491 permanente
1489 2421 1673 2477 eadem
1701 2433 1754 2474 et
1792 2420 2023 2475 virtute:

454 2515 654 2585 justitia
676 2558 691 2580 ,
722 2514 772 2568 in
801 2529 905 2584 quo
929 2513 1163 2582 jndicat;
1193 2514 1403 2579 virtute,
1440 2515 1491 2567 in
1521 2526 1625 2582 quo
1652 2520 1890 2567 revocat:
1922 2526 2027 2565 non

460 2606 757 2677 prohibitus
788 2606 1013 2668 salvare,
1047 2607 1133 2675 qui
1168 2615 1355 2674 potens
1383 2612 1465 2658 est
1490 2613 1547 2657 ut
1575 2619 1636 2657 ex
1669 2618 1735 2657 eo
1766 2602 1902 2672 quod
1934 2616 2025 2657 ce-

460 2696 619 2763 cidit,
653 2698 819 2766 pos.~it
850 2710 1099 2751 revocare
1130 2696 1180 2749 id
1211 2696 1348 2766 quod
1380 2696 1489 2764 ipse
1521 2694 1717 2749 fecerat
1745 2710 1807 2749 ex
1840 2692 2024 2747 nihilo:

460 2800 516 2844 et
544 2792 631 2859 qui
662 2789 785 2844 fecit
813 2806 877 2843 ex
909 2789 1093 2855 nihilo,
1126 2788 1291 2843 multo
1320 2790 1487 2859 magis
1526 2786 1789 2842 revorabit
1829 2801 1891 2841 ex
1932 2787 2029 2840 ali-

464 2896 597 2950 quo:
630 2891 683 2935 et
709 2896 826 2934 cum
854 2878 1053 2947 judicio
1076 2882 1219 2947 justo
1248 2879 1551 2933 damnatum
1582 2880 1722 2933 dicto
1754 2878 1843 2931 Dei
1873 2878 2029 2932 cade-

463 2980 577 3036 ret,
609 2972 732 3025 item
766 2971 1142 3025 miscricordim
1173 2971 1287 3039 ejus
1313 2971 1454 3025 dicto
1485 2982 1755 3037 resurgat:
1801 2985 1898 3025 nec
1936 2985 2028 3024 ex-

462 3061 690 3115 cluditur
721 3076 1002 3126 revocare,
1034 3062 1122 3131 qni
1152 3077 1364 3131 semper
1392 3072 1506 3125 est;
1550 3073 1603 3116 et
1645 3065 1873 3130 potentia
1914 3062 2029 3131 ejus

2132 1874 2265 1926 toria
2298 1874 2598 1928 necessaria
2630 1884 2857 1945 estquae
2897 1876 3179 1931 conveniat
3218 1876 3303 1931 his
3342 1876 3577 1949 physicis
3620 1894 3705 1933 ra-

2132 1962 2364 2018 tionibus
2388 1961 2497 2033 jam
2531 1980 2559 2017 a
2591 1965 2744 2021 nobis
2774 1966 3135 2037 investigatis:
3168 1984 3287 2035 qua:
3316 1984 3438 2023 cum
3467 1970 3610 2023 nulla
3638 1970 3705 2026 sit

2129 2053 2227 2107 alia
2260 2062 2451 2122 preter
2471 2069 2627 2124 quant
2654 2054 2935 2111 didicimus
2961 2057 3011 2110 in
3040 2058 3231 2114 divinis
3253 2060 3553 2129 scripturis,
3579 2061 3704 2131 ipsis

2131 2143 2365 2217 physicis
2391 2146 2686 2201 rationibus
2716 2148 2767 2202 in
2796 2149 3039 2204 eamdem
3078 2166 3174 2206 nos
3207 2151 3377 2222 ipsam
3411 2154 3703 2210 inducenti-

2129 2234 2265 2300 bus,
2314 2239 2649 2305 requiramus
2694 2237 2737 2292 si
2785 2250 3043 2295 consonat
3092 2240 3259 2311 legem
3312 2244 3540 2312 positam
3587 2259 3702 2301 esse

2131 2324 2333 2379 homini
2370 2326 2639 2382 abstinere
2678 2342 2735 2383 se
2771 2329 2838 2382 ab
2867 2346 2968 2384 una
2994 2330 3213 2398 arbore,
3245 2333 3459 2388 caneris
3489 2334 3699 2403 largiter

2130 2419 2413 2472 fruentem.
2455 2418 2655 2474 Edocet
2691 2421 2949 2491 scriptura
2983 2421 3154 2488 hunc,
3187 2433 3525 2494 transgresso
3554 2439 3699 2479 man-

2130 2510 2276 2577 dato,
2317 2520 2486 2565 morte
2525 2526 2645 2567 esse
2684 2513 2994 2568 multatum:
3038 2515 3179 2586 quod
3219 2517 3437 2587 quidem
3477 2518 3699 2586 graviter

2130 2602 2341 2673 quidam
2386 2612 2670 2669 accusant,
2716 2605 2884 2674 legem
2928 2604 3170 2661 dicentes
3213 2606 3391 2661 datam
3440 2624 3558 2679 qua:
3599 2624 3698 2667 non

2130 2693 2300 2761 potuit
2327 2692 2617 2757 custodiri;
2650 2695 2817 2763 ipsum
2848 2697 3123 2763 praescium
3154 2696 3455 2751 futurorum
3490 2701 3587 2752 hoc
3613 2699 3699 2755 deo

2130 2782 2272 2838 disse
2313 2783 2650 2848 mandatum,
2692 2784 2831 2853 quod
2873 2787 3033 2841 sciret
3072 2802 3166 2842 eos
3205 2803 3312 2841 non
3352 2799 3695 2843 conservatu-

2131 2890 2252 2939 ros;
2298 2874 2452 2944 hujus
2498 2874 2869 2929 abstinentiam
2917 2878 3017 2931 cibi
3062 2880 3377 2947 mandasse,
3420 2881 3573 2950 cujus
3610 2882 3698 2937 de-

2130 2967 2382 3021 siderium
2432 2978 2706 3036 superaret
2757 2969 3078 3023 mandatum.
3133 2970 3293 3025 Multa
3344 2988 3558 3043 quoque
3599 2974 3696 3031 alia

2130 3074 2305 3114 causa:
2333 3074 2452 3115 esse
2479 3059 2779 3114 contraria:
2811 3069 2900 3113 aut
2924 3061 3063 3114 enim
3092 3062 3274 3117 debuit
3312 3081 3418 3117 non
3459 3065 3695 3129 dedisse,

464 3154 838 3223 obtemperans
868 3154 1155 3215 voluntati,
1180 3153 1381 3222 justitia
1411 3155 1687 3222 potentia):
1712 3164 1766 3208 at
1798 3155 2025 3222 potentia
2056 3160 2102 3223 ρ
2132 3153 2312 3219 aiunt,
2362 3152 2463 3207 hoc
2505 3152 2810 3206 mandatum
2831 3193 2847 3216 ,
2889 3154 3027 3223 quod
3072 3155 3217 3209 dedit
3261 3158 3439 3211 sciens
3479 3174 3583 3213 non
3609 3159 3720 3213 ob--

469 3246 788 3315 perliciente,
815 3246 862 3299 id
886 3246 991 3315 agit
1010 3246 1147 3313 quod
1172 3245 1311 3310 velit,
1330 3254 1567 3313 tempore
1587 3260 1691 3314 quo
1713 3246 1841 3308 vult,
1867 3245 2030 3299 immo

468 3346 706 3404 tempore
734 3338 1073 3405 competenti.
1106 3335 1211 3391 Nec
1242 3337 1411 3391 oberit
1451 3338 1566 3406 ejus
1604 3338 1850 3406 potentia:
1888 3353 2031 3391 mors

468 3428 855 3492 damnationis;
891 3443 989 3483 nec
1017 3428 1283 3481 damnatio
1311 3428 1469 3483 vincit
1496 3428 1820 3500 prapositum
1850 3430 2033 3482 volun-

470 3521 631 3581 tatis;
678 3519 770 3573 sed
814 3520 1173 3575 misericordia
1218 3522 1331 3591 ejus
1375 3538 1477 3577 non
1527 3524 1730 3589 inanis;
1777 3538 1873 3578 nec
1917 3526 2033 3581 sine

471 3614 675 3667 ratione
708 3612 875 3683 gratia
904 3613 1221 3678 renovandi;
1248 3614 1330 3668 his
1359 3616 1499 3669 enim
1526 3615 1679 3670 datur
1705 3617 1793 3687 qui
1824 3627 2030 3686 petunt,

470 3704 607 3756 sicut
635 3703 869 3757 damnati
899 3713 1023 3757 sunt
1052 3718 1153 3758 non
1182 3714 1446 3774 petentes.

538 3794 671 3849 Vill.
708 3794 782 3849 Ea
813 3810 968 3849 causa
1000 3795 1097 3848 fuit
1126 3810 1230 3849 non
1262 3796 1569 3867 indnlgendi
1600 3798 1783 3868 primis
1813 3812 2034 3867 peccan-

469 3888 639 3953 tibus,
672 3902 805 3957 quos
830 3904 951 3942 cum
982 3888 1396 3958 interrogatione
1426 3904 1522 3943 sua
1562 3889 1627 3945 ad
1672 3891 2034 3959 paenitentiam

469 3994 783 4048 provocans,
809 3994 957 4033 suam
979 3979 1206 4034 salutem
1236 3979 1367 4034 vidit
1387 3980 1719 4050 repellentes,
1746 3980 2033 4037 damnavit.

471 4068 579 4125 Eos
618 4078 824 4135 autem,
858 4070 946 4138 qui
975 4085 1040 4124 ex
1070 4068 1153 4125 his
1193 4070 1300 4124 nati
1339 4081 1489 4134 sunt,
1532 4074 1725 4143 quique
1763 4072 1825 4127 ad
1866 4072 2037 4142 ipsum

470 4161 838 4232 confugerunt,
865 4162 1146 4217 miseratus
1167 4170 1267 4217 est.
1295 4163 1502 4217 Etenim
1531 4162 1729 4232 justum
1752 4172 1833 4219 est
1858 4165 2038 4219 volen.

471 4262 550 4307 tes
575 4260 630 4307 et
660 4253 1005 4320 poenitentcs,
1037 4251 1102 4306 ad
1134 4268 1253 4306 enm
1284 4253 1370 4322 qui
1404 4261 1575 4322 potest
1604 4264 1874 4322 praestare,
1906 4268 2037 4308 con-

472 4342 732 4414 fugientes
759 4343 1081 4412 impetrare:
1112 4342 1346 4415 ingratos
1368 4385 1385 4411 ,
1426 4346 1716 4401 renitentes
1738 4388 1753 4412 ,
1795 4346 1918 4401 facti
1956 4346 2039 4403 sui

472 4434 677 4504 Culpam
734 4436 1035 4504 ingerentes
1080 4436 1228 4502 Deo,
1275 4435 1627 4493 damnationis
1673 4454 1882 4493 causam
1938 4438 2039 4496 sibi

2134 3253 2471 3297 servaturos:
2514 3252 2605 3295 aut
2646 3241 2782 3297 hanc
2820 3243 3065 3298 arborem
3107 3260 3212 3299 non
3259 3245 3695 3316 interposuissct,

2137 3345 2399 3401 tamquam
2433 3333 2777 3389 offensionem
2809 3336 3061 3391 mandati.
3094 3336 3311 3392 Lieebat
3343 3340 3489 3394 enim
3523 3341 3571 3394 in
3602 3356 3698 3394 uno

2137 3431 2264 3482 teris
2289 3427 2508 3497 jubere,
2543 3427 2592 3481 in
2624 3427 2813 3497 quibus
2844 3427 3166 3482 desiderium
3198 3444 3302 3483 non
3335 3429 3577 3495 cadebat,
3608 3440 3695 3488 aut

2137 3523 2237 3576 hoc
2266 3522 2393 3577 dare
2423 3532 2771 3591 praeceptum,
2802 3520 2937 3589 quod
2968 3530 3148 3591 posset
3176 3520 3339 3575 homo
3364 3536 3695 3579 conservare.

2137 3613 2287 3680 Quod
2328 3612 2371 3665 si
2412 3626 2515 3667 non
2562 3618 2768 3681 poterat
2793 3612 2989 3665 auxilio
3013 3628 3106 3666 suo
3138 3614 3272 3668 tueri
3314 3628 3383 3667 ne
3422 3624 3697 3683 peccaret,

2138 3703 2399 3758 invalidus
2447 3720 2461 3755 :
2511 3702 2594 3756 vel
2645 3718 2747 3755 non
2797 3704 3129 3772 permitteret
3190 3712 3486 3759 tentantem
3550 3721 3698 3760 acce—

2136 3795 2284 3860 dere,
2308 3794 2457 3865 cujus
2484 3799 2824 3862 persuasione
2851 3793 3034 3849 incidit
3063 3795 3113 3848 in
3140 3795 3368 3864 culpam.
3405 3796 3555 3851 Nunc
3582 3812 3700 3851 vero

2136 3885 2294 3941 simul
2334 3885 2509 3940 omnia
2548 3884 2848 3941 contraria:
2880 3895 2932 3941 et
2961 3885 3201 3941 faciendo
3232 3888 3423 3954 talem,
3455 3901 3699 3959 operatus

2139 3988 2219 4034 est
2248 3994 2366 4033 eum
2394 3977 2740 4044 vincendum;
2772 3988 2826 4033 et
2854 3977 3097 4034 arborem
3131 3978 3388 4047 plantavit
3427 3982 3697 4047 nocivum;

2139 4080 2192 4126 et
2220 4072 2272 4125 in
2302 4071 2401 4125 hac
2429 4070 2573 4125 dedit
2612 4070 2952 4139 mandatum,
2996 4071 3135 4142 quod
3173 4088 3282 4128 non
3321 4073 3700 4131 observaturos

2138 4176 2254 4216 esse
2282 4162 2515 4227 sciebat;
2548 4172 2599 4217 et
2628 4175 2722 4215 sua
2754 4162 3084 4229 priescientia
3128 4162 3415 4232 providens
3456 4176 3699 4234 peccatu-

2140 4268 2257 4308 rum
2280 4295 2294 4319 ,
2335 4252 2568 4317 dimisit,
2596 4260 2651 4308 et
2678 4252 3039 4309 adversarium
3067 4253 3413 4311 accedentem
3441 4256 3507 4309 ad
3548 4271 3699 4312 ever-

2138 4344 2352 4400 tendam
2384 4342 2654 4401 hominem
2678 4360 2781 4400 non
2803 4344 3109 4417 prohibuit;
3133 4358 3185 4401 et
3213 4346 3484 4401 iracundia
3506 4358 3697 4413 motus,

2140 4453 2294 4509 quem
2334 4438 2399 4494 ad
2434 4439 2595 4493 vitam
2634 4439 2844 4509 posuit,
2882 4439 2995 4509 ipse
3033 4439 3303 4494 damnavit
3341 4439 3410 4495 ad
3455 4452 3697 4497 mortem.

471 4527 820 4591 constitutos,
850 4524 1137 4581 dimittere.
1169 4525 1242 4580 Ea
1266 4526 1468 4595 justitia
1494 4527 1606 4582 dari
1634 4531 1852 4599 gratiam
1881 4530 2034 4586 istam
2059 4533 2112 4595 D
2136 4528 2286 4585 Nunc
2309 4544 2435 4585 vero
2461 4528 2805 4585 liberaturum
2833 4530 3005 4585 dicitis
3030 4531 3239 4587 venisse
3260 4572 3274 4595 ,
3305 4545 3582 4600 passurum
3612 4547 3700 4602 pro

470 4617 810 4686 protoplastis
865 4632 967 4672 non
1022 4618 1297 4689 permisit:
1360 4634 1464 4674 non
1522 4619 1637 4689 ipse
1684 4622 1849 4677 noluit
1896 4638 2035 4694 prae-

468 4717 612 4763 stare
642 4710 729 4778 qui
756 4710 990 4764 damnat.
1027 4708 1143 4780 Ipse
1170 4710 1265 4765 fuit
1293 4718 1348 4765 et
1374 4720 1516 4778 ante,
1545 4713 1632 4783 qui
1668 4713 1824 4768 modo
1847 4724 1948 4781 est,
1982 4725 2036 4771 et

469 4798 606 4851 erit:
639 4800 728 4867 qui
758 4815 896 4854 nunc
925 4799 1095 4855 boiius
1115 4842 1129 4865 ,
1160 4811 1214 4856 et
1240 4812 1363 4858 ante
1391 4802 1594 4858 bonus:
1628 4805 1717 4874 qui
1757 4820 1896 4861 nunc
1935 4806 2035 4861 mi-

470 4888 722 4956 sericors,
755 4897 808 4944 et
833 4899 956 4945 ante
992 4891 1327 4946 misericors:
1372 4892 1422 4947 in
1465 4908 1529 4949 eo
1567 4909 1780 4965 semper
1818 4911 2029 4966 perma-

467 4994 632 5045 nens,
663 4980 754 5051 qui
784 4991 865 5036 est
892 4981 1267 5038 immutabilis:
1296 5000 1452 5054 quem
1492 5001 1610 5040 cum
1653 4985 1923 5043 damnavit
1962 4989 2032 5045 ob

466 5068 673 5141 culpam
698 5112 711 5135 ,
752 5074 962 5143 culpam
1002 5074 1167 5143 ipsam
1209 5075 1485 5132 dinoscere
1527 5073 1605 5149 (1)
1655 5095 1872 5137 necesse
1913 5091 2029 5149 est,

465 5172 621 5231 quam
650 5158 716 5217 de
746 5163 975 5235 physicis
1007 5166 1298 5222 rationibus
1325 5168 1515 5225 iterum
1543 5170 1892 5241 inquiramus.
1930 5174 2032 5229 llo-

464 5265 554 5303 mo
582 5252 749 5307 factus
775 5268 877 5307 non
910 5263 966 5307 ut
991 5255 1184 5326 aliquid
1211 5257 1472 5315 conditori
1500 5275 1597 5316 suo
1622 5272 1900 5332 praestaret
1926 5264 2029 5337 (ἓ),

463 5341 559 5396 sed
589 5351 648 5397 ut
676 5345 786 5412 ipse
814 5346 1011 5400 saeculo
1041 5350 1289 5417 potiatur,
1321 5366 1382 5407 ex
1424 5353 1733 5409 melioribus
1772 5357 2031 5411 constitu-

462 5441 569 5499 tus,
616 5436 810 5490 merito
839 5437 1161 5495 rationabilis
1205 5451 1291 5497 est
1330 5442 1581 5501 effectus:
1623 5456 1675 5502 et
1714 5448 1813 5503 hoc
1850 5448 2025 5518 ipsum

525 5563 609 5708 fi;
635 5566 803 5623 Codd.
835 5570 1071 5640 miscere,
1102 5589 1197 5643 pro
1223 5576 1503 5637 dinoscere.

550 5636 585 5690 2
637 5636 691 5691 ω
721 5647 804 5695 est
838 5656 946 5697 non
981 5641 1153 5702 factus
1189 5657 1245 5701 ut
1274 5648 1384 5705 Deo
1412 5648 1503 5707 util

450 5636 804 5778 lingeggledtcst
838 5656 946 5697 non
981 5636 1153 5702 factus
1189 5657 1245 5701 ut
1274 5648 1384 5705 Deo
1412 5636 1555 5710 utilis
1584 5662 1757 5722 esset.
1787 5652 1878 5727 Qui
1904 5656 2023 5713 nul.

2135 4636 2235 4685 eo,
2279 4622 2370 4691 qui
2414 4631 2538 4676 tunc
2578 4620 2832 4691 temporis
2868 4621 3038 4676 noluit
3062 4620 3358 4692 indulgere.
3390 4622 3700 4692 Hnjusmodi

2136 4713 2293 4768 verba
2341 4712 2511 4767 inania
2551 4728 2660 4767 suze
2700 4713 2893 4767 mentis
2921 4714 3109 4769 inertia
3137 4724 3478 4784 preponunt;
3511 4716 3700 4788 quibus

2135 4805 2383 4861 omnibus
2406 4804 2831 4875 respondendum
2859 4814 2959 4860 est.

2206 4895 2273 4950 Χ.
2307 4894 2368 4950 Et
2399 4894 2568 4966 legem
2601 4895 2811 4966 quidem
2838 4894 2953 4950 dari
2978 4896 3276 4965 oportuisse
3301 4896 3411 4967 jam
3455 4896 3698 4966 probavi-

2132 5004 2250 5044 mus
2280 4998 2456 5044 recte:
2486 4987 2631 5043 illum
2659 4988 2769 5043 Deo
2793 5003 2887 5058 per
2915 4988 3086 5059 legem
3114 5003 3235 5045 esse
3261 4988 3591 5059 subjectum,
3622 4989 3700 5045 cui

2134 5080 2344 5137 fuerant
2374 5090 2515 5135 tanta
2543 5082 2800 5152 subjecta.
2843 5080 2993 5137 Hanc
3020 5082 3191 5153 legem
3224 5098 3331 5137 non
3361 5098 3579 5151 gravem
3604 5125 3617 5149 ,
3647 5091 3701 5138 ut

2133 5176 2315 5240 aiunt,
2347 5173 2508 5229 immo
2537 5173 2705 5229 levem
2734 5181 2790 5228 et
2814 5171 2967 5229 facile
2994 5172 3396 5229 custodiendam
3425 5174 3696 5231 docemus.

2135 5263 2265 5321 Cum
2287 5264 2427 5321 enim
2449 5264 2695 5320 omnibus
2717 5264 3001 5333 frueretur,
3023 5265 3090 5320 ab
3115 5281 3221 5323 uno
3244 5265 3426 5335 jussus
3441 5278 3522 5322 εει
3541 5266 3699 5321 absti-

2134 5372 2281 5412 nere.
2306 5356 2455 5424 Quod
2476 5358 2520 5413 si
2543 5374 2649 5413 uno
2676 5368 2876 5413 tantum
2904 5360 2999 5423 uti,
3021 5361 3231 5415 czeteris
3252 5359 3569 5426 interdiCtis,
3590 5361 3699 5429 jus-

2133 5464 2224 5505 sus
2251 5448 2471 5516 fuisset,
2504 5464 2683 5505 nonne
2704 5452 2904 5520 justum
2929 5450 3082 5509 vobis
3111 5452 3404 5521 videretur,
3432 5451 3696 5508 custodire

2227 5583 2279 5651 1)
2300 5580 2467 5637 Codd.
2500 5583 2562 5637 ab
2590 5584 2837 5639 omnibus.

2227 5583 2279 5651 1)
2300 5583 2467 5637 Codd.
2500 5583 2562 5637 ab
2590 5584 2837 5639 omnibus.

2194 5583 2276 5795 iii
2301 5651 2380 5780 it:
2404 5652 2567 5781 E333:
2586 5739 2684 5797 pro
2704 5737 2955 5785 eam.
