3910 6212
160 329 297 386 1501
1460 324 1546 379 DE
1583 320 1883 382 PBYSICIS
1920 321 2141 384 LIBER.
3248 320 3385 376 1302

162 438 471 495 mandatum
514 436 665 507 ejus,
710 438 797 505 qui
840 436 984 491 dedit
1026 436 1293 492 licentiam
1339 436 1587 491 fruendi?
1619 436 1729 492 Hoc
1752 436 1803 497 Α
1828 450 1984 506 quem
2012 436 2089 508 (l)
2119 436 2279 492 futuri
2308 435 2526 491 scientia
2558 434 2773 505 praedita
2816 436 3016 490 auxilio
3050 449 3149 489 suo
3190 443 3390 488 tutatus

167 540 349 586 tamen
390 543 496 584 non
536 526 658 582 fecit
701 528 810 597 ipse
852 529 941 597 qui
982 525 1160 582 dedit:
1200 526 1339 597 quod
1366 528 1525 582 etiam
1554 526 1725 595 ipsum
1826 538 1941 581 erat
1982 541 2048 581 ne
2091 526 2379 582 falleretur.
2425 529 2492 580 At
2536 526 2624 581 ille
2666 525 2859 580 oblitus
2889 525 3075 579 salutis
3118 540 3263 587 sure,
3307 533 3384 577 at-

166 634 292 675 esse
333 616 590 687 possibile
630 615 949 671 declaratur.
996 613 1076 670 An
1119 629 1224 669 non
1256 614 1335 687 (l)
1359 615 1516 669 etiam
1546 615 1597 668 in
1630 616 1728 669 huc
1828 630 1932 684 que
1960 614 2240 669 immemor
2265 614 2523 669 dictorum
2556 613 2684 680 Dei,
2730 614 2965 668 mulieris
3014 612 3385 683 persuasiones

169 709 377 767 mundo
397 751 413 775 ,
444 716 660 777 propter
689 707 956 762 laesionem
983 707 1170 760 mortis
1202 714 1292 759 aut
1320 706 1524 771 morbi,
1554 721 1582 759 a
1608 705 1723 774 plu-
1830 703 2186 773 praponendo
2206 744 2219 769 ,
2259 703 2515 771 deceptus
2553 712 2655 758 est.
2698 703 2821 757 [late
2860 702 3166 772 participem
3205 704 3386 771 utique

167 803 321 858 rimis
356 798 717 855 abstinemus?
758 800 831 854 [ta
863 798 1111 869 possibile
1149 799 1451 853 mandatum
1494 798 1727 854 ostendi-
1829 794 2030 862 peccati
2073 794 2241 848 virum
2283 808 2435 847 suum
2468 792 2659 847 ell‘ecit.
2708 792 2787 846 Ad
2832 792 2945 847 inec
2981 793 3063 846 vir
3104 805 3231 846 suus
3274 790 3388 846 sine

172 901 279 947 tur.
312 888 462 959 Quod
489 890 531 946 si
563 890 664 946 ltoc
692 889 974 959 possibile,
1002 899 1197 960 quanto
1219 890 1521 960 possibilius
1551 890 1728 945 fruen-
1831 883 2244 953 interrogatione
2271 883 2477 953 accepit
2504 892 2556 937 et
2582 882 2805 952 sumpsit
2844 880 2951 953 (2).
2992 881 3057 936 Et
3099 880 3208 950 ipsa
3250 881 3389 936 enim

171 994 281 1041 tem
313 983 584 1049 omnibus,
615 983 682 1038 ab
708 996 812 1037 uno
839 997 897 1037 se
923 982 1226 1037 custodire?
1256 981 1324 1036 Et
1352 980 1615 1051 quomodo
1644 980 1725 1036 lex
1830 975 2095 1040 comedit,
2139 976 2211 1029 ait
2248 976 2539 1046 scriptura,
2572 984 2625 1028 et
2665 973 2808 1027 dedit
2835 973 2949 1027 viro
2988 988 3115 1038 suo,
3146 982 3199 1027 et
3238 989 3389 1026 man-

173 1074 289 1129 dari
329 1075 622 1143 potuisset,
666 1073 708 1127 si
751 1086 853 1127 non
900 1072 978 1126 vel
1010 1073 1060 1124 in
1089 1087 1194 1125 uno
1222 1070 1531 1125 conceditur
1560 1069 1729 1138 impe-
1832 1065 2178 1121 ducaverunt.
2209 1065 2335 1120 lude
2360 1063 2628 1121 damnatio
2650 1064 2861 1133 justior,
2890 1072 2942 1118 et
2962 1064 3216 1133 judicium
3249 1079 3391 1117 mor-

172 1164 329 1220 rare?
354 1162 485 1231 Quia
510 1177 633 1233 ergo
657 1162 835 1216 debuit
861 1162 941 1216 lex
971 1161 1124 1228 dari,
1156 1160 1337 1215 debuit
1363 1169 1537 1229 autem
1567 1160 1619 1213 in
1648 1159 1729 1213 bis
1833 1157 1899 1210 tis
1940 1158 2197 1223 accessit;
2251 1166 2309 1210 ut
2350 1155 2649 1210 admonitus
2672 1196 2687 1220 ,
2741 1170 2844 1208 non
2890 1154 3286 1219 observaverit;
3335 1164 3390 1209 et

180 1254 372 1322 quibus
410 1251 680 1307 fruebatur
718 1251 865 1315 dari,
909 1250 961 1304 in
1006 1250 1089 1304 bis
1132 1250 1257 1318 ipsis
1295 1250 1412 1303 data
1443 1263 1560 1303 esse
1588 1258 1732 1303 recte
1838 1255 2051 1299 vocatus
2101 1246 2166 1299 ad
2217 1245 2618 1314 pmnitentiam,
2664 1259 2769 1300 non
2813 1244 2982 1297 solum
3030 1244 3251 1314 repulit,
3296 1244 3390 1298 sed

174 1343 483 1398 dinoscitur.
516 1341 628 1395 Non
659 1350 831 1394 tamen
860 1339 1079 1393 oll'ensio
1110 1339 1205 1393 fuit
1232 1339 1408 1400 arbor,
1441 1352 1539 1392 nec
1570 1337 1621 1391 in
1649 1338 1728 1390 alo
1834 1340 1993 1397 etiam
2023 1336 2143 1392 facti
2171 1337 2254 1391 sui
2282 1340 2490 1405 culpant
2524 1336 2631 1390 Deo
2672 1334 2977 1404 imputavit,
3020 1333 3232 1389 dicens:
3279 1350 3393 1389 mu-

181 1442 348 1486 leram
378 1430 542 1498 matus
571 1444 725 1498 quam
757 1430 805 1482 in
838 1430 987 1482 istam
1010 1428 1190 1483 debuit
1229 1428 1528 1482 mandatum
1558 1436 1727 1480 trans-
1832 1433 1931 1488 lier
1959 1447 2114 1501 quam
2146 1428 2334 1484 dedisti
2366 1427 2493 1482 mihi
2515 1469 2529 1492 ,
2564 1428 2675 1481 haec
2716 1426 2841 1480 mihi
2870 1426 3051 1490 dedit,
3083 1435 3137 1479 et
3175 1424 3394 1479 mandu-

178 1522 289 1577 ire:
329 1522 575 1590 quoniam
605 1520 658 1573 in
688 1535 1013 1588 quacumque
1043 1519 1228 1573 fuisset
1257 1520 1480 1588 positum
1509 1518 1729 1572 manda-
1832 1521 1966 1585 cavi;
1992 1536 2166 1575 rerum
2196 1534 2314 1573 esse
2336 1519 2610 1572 Dominum
2642 1518 2859 1585 peccati,
2881 1516 3018 1585 quod
3039 1516 3183 1569 dedit
3211 1516 3397 1569 mulie-

179 1619 313 1671 tum,
340 1611 497 1663 etiam
525 1610 575 1662 in
599 1608 783 1663 eadem
814 1609 923 1677 ipsa
952 1606 1271 1662 desiderium
1299 1608 1635 1676 sequebatur.
1667 1607 1735 1661 Et
1834 1628 1945 1668 rem
1964 1653 1978 1676 ,
2008 1608 2392 1665 adscribendo:
2424 1623 2542 1662 cum
2576 1607 2805 1661 maxime
2836 1607 3129 1674 portionem
3156 1606 3395 1673 exiguam

180 1712 287 1754 non
330 1698 488 1752 arbor
525 1697 732 1751 occasio
758 1696 835 1766 (2)
873 1695 969 1749 fuit
1014 1696 1295 1761 desiderii,
1344 1696 1436 1751 sed
1480 1696 1592 1766 ipse
1631 1696 1724 1751 sibi

1852 1702 2074 1771 :orporis
2102 1700 2183 1754 sui
2212 1700 2384 1753 sciens
2405 1739 2419 1763 ,
2450 1697 2535 1751 cui
2562 1706 2614 1751 et
2651 1711 2841 1751 nomen
2880 1695 3128 1761 dederat,
3161 1709 3263 1748 non
3303 1692 3396 1747 de-

182 1798 384 1852 auctor,
413 1788 499 1858 qui
530 1787 692 1843 voluit
717 1786 1038 1841 desiderare.
1063 1787 1169 1842 Nec
1197 1788 1408 1856 querela
1431 1802 1568 1842 nunc
1594 1788 1732 1840 exis-
1762 1799 1810 1859 Β
1838 1793 2039 1848 nuisset
2068 1790 2373 1859 subjacerc,
2402 1789 2631 1856 undique
2658 1788 2754 1840 sibi
2785 1785 3072 1854 subjectam
3101 1785 3306 1852 sciens;
3341 1797 3400 1836 se

184 1887 260 1932 tat
284 1892 377 1931 cur
412 1874 605 1941 voluit,
631 1891 750 1930 cum
774 1876 1012 1931 habuerit
1034 1877 1114 1931 sui
1146 1885 1457 1945 potestatem
1499 1876 1733 1930 rationa-
1837 1897 2047 1953 quoque
2097 1892 2366 1934 auctorem
2419 1879 2656 1946 corporis
2680 1917 2695 1942 ,
2754 1886 2929 1940 ortus,
2982 1875 3358 1943 procreationis
3381 1913 3397 1939 ,

181 1967 304 2023 bilis
328 1965 654 2019 constitutus.
686 1965 800 2035 Ipsa
825 1980 1032 2035 quoque
1056 1966 1136 2020 lex
1163 1967 1356 2035 expetit
1388 1966 1520 2019 hanc
1550 1973 1727 2034 potes-
1838 1974 1996 2029 etiam
2042 1971 2269 2025 nominis
2315 1968 2476 2038 ipsius
2501 2010 2515 2033 ,
2562 1982 2890 2037 agnoscens:
2934 1982 3087 2035 quam
3129 1981 3249 2019 cum
3296 1965 3395 2019 sibi

186 2067 345 2120 tatem
388 2056 467 2108 sui
509 2053 742 2118 habere,
786 2054 870 2107 cui
912 2056 1157 2121 ponitur:
1202 2069 1304 2107 non
1348 2052 1558 2108 habenti
1599 2054 1730 2108 enim

1854 2065 2089 2133 prmferre
2120 2078 2223 2115 non
2254 2061 2503 2121 deberet,
2546 2060 2712 2114 multo
2738 2059 2910 2112 minus
2937 2056 3015 2127 (3)
3045 2056 3260 2110 domino
3294 2057 3398 2110 Deo

188 2144 377 2216 agendi
404 2152 711 2212 potestatem
730 2185 747 2210 ,
775 2145 858 2198 lex
888 2153 1037 2198 vacat
1062 2144 1134 2198 illi
1158 2162 1169 2196 :
1199 2154 1252 2198 et
1281 2145 1323 2197 si
1351 2144 1417 2197 ab
1441 2144 1615 2211 aliquo
1644 2158 1732 2195 na-

1852 2154 1931 2223 qui
1959 2151 2243 2205 mandavit.
2273 2150 2371 2203 Tot
2398 2148 2705 2203 criminibus
2732 2163 2831 2200 una
2860 2148 3117 2200 sententia
3148 2148 3265 2200 data
3297 2157 3396 2200 est.

192 2239 430 2294 turaliter
456 2236 735 2292 conclusus
752 2277 765 2300 ,
795 2237 861 2290 ab
886 2236 1071 2290 eodem
1101 2237 1215 2304 ipso
1240 2236 1352 2305 lege
1378 2236 1542 2303 posita
1568 2234 1736 2287 videa-

1860 2244 1955 2299 lion
1986 2253 2158 2297 tamen
2188 2252 2357 2295 motus
2386 2238 2649 2294 iracundia
2676 2239 2949 2311 judicavit,
2980 2247 3034 2291 ut
3062 2238 3277 2292 dicunt:
3309 2252 3404 2292 nec

194 2339 280 2384 ⁸⁸³³⁸
302 2328 469 2383 arceri
489 2368 504 2393 ο
543 2342 648 2381 non
680 2325 945 2395 Pri-hihit0
974 2326 1136 2394 magis
1167 2325 1249 2379 ιθι
1279 2324 1432 2378 dam"
1457 2339 1611 2393 τιυειηι
1642 2322 1742 2377 Sibi
1846 2335 1988 2389 enim
2018 2333 2117 2387 hoc
2146 2332 2325 2385 vitium
2357 2331 2407 2383 in
2440 2330 2602 2383 Deum
2633 2329 2825 2383 cadere
2852 2336 3026 2397 potest
3054 2328 3162 2395 (li),
3196 2334 3253 2381 ut
3284 2340 3400 2393 pas-

194 2422 281 2492 qui
312 2421 445 2490 regit
472 2420 797 2473 conclusum.
831 2418 970 2486 Ergo
998 2424 1363 2486 competenter
1390 2414 1508 2468 data
1547 2423 1630 2467 est
1666 2416 1738 2467 sui

1856 2425 2013 2481 sibilis
2051 2424 2310 2486 videatur,
2355 2430 2409 2476 ut
2448 2422 2705 2475 excitatus
2744 2420 3009 2473 iracundia
3049 2418 3400 2471 conditionem

198 2520 463 2582 ροιοειτιεε
504 2525 603 2578 qua
644 2519 1003 2578 competenter
1036 2508 1155 2562 ἀδῑθ
1198 2522 1321 2561 usus
1359 2506 1518 2561 homo
1556 2507 1607 2559 in
1645 2518 1749 2574 quo
1850 2513 2037 2568 mortis
2062 2511 2294 2567 inferret.
2328 2510 2376 2564 Is
2404 2511 2540 2565 enim
2569 2509 2832 2563 iracundia
2864 2517 3198 2575 provocatur,
3229 2509 3315 2575 qui
3341 2522 3407 2559 cx

199 2616 305 2655 non
336 2599 517 2653 babuit
548 2608 887 2667 potestatem,
919 2598 1108 2654 merito
1138 2599 1435 2652 damnatur.

1861 2612 2067 2672 peccato
2096 2612 2268 2656 motus
2295 2600 2609 2654 sententiam
2638 2598 2762 2652 dicit
2787 2616 2798 2649 :
2826 2606 2880 2650 at
2902 2598 2990 2666 qui
3016 2606 3137 2649 ante
3161 2595 3405 2649 delictum

269 2688 496 2744 XLJam
522 2688 820 2758 przedictaa
845 2689 1063 2743 Domino
1087 2688 1345 2742 sententia
1374 2686 1750 2757 transgressio-
1852 2692 1974 2748 facti
2012 2692 2266 2763 judicium
2312 2690 2685 2759 promulgavit,
2733 2704 2838 2741 non
2881 2696 3055 2757 potest
3098 2687 3200 2740 dici
3245 2687 3411 2740 iratus

203 2782 285 2835 nis
306 2822 321 2846 ,
353 2780 509 2834 etiam
538 2779 786 2833 auxilium
820 2778 893 2832 illi
924 2777 1094 2832 fuerat
1118 2778 1295 2832 datum
1326 2776 1404 2847 (‘5)
1435 2787 1490 2830 ut
1518 2777 1674 2830 sciret
1702 2783 1755 2829 et
1855 2785 2037 2848 fuisse,
2058 2783 2147 2853 qui
2176 2783 2408 2845 monuit;
2436 2795 2555 2835 cum
2582 2778 2869 2833 admonitio
2892 2792 2994 2832 ηοη
3021 2775 3289 2830 iracundia
3316 2776 3409 2840 sit,

205 2869 327 2939 quid
354 2869 571 2923 deberet
598 2884 806 2934 cavere,
829 2869 1023 2938 etquid
1056 2883 1299 2937 passurus
1324 2875 1465 2923 esset
1492 2884 1556 2922 ex
1584 2866 1753 2936 negli-
1856 2875 1948 2930 sed
1977 2872 2231 2927 defensio.

208 2960 401 3029 gentia,
432 2960 475 3012 εἰ
506 2975 608 3013 non
638 2960 882 3013 cavisset.
913 2958 1021 3012 Nec
1047 2957 1331 3012 invalidum
1361 2958 1520 3011 luisse
1544 2966 1751 3010 natura.
1926 2963 2065 3018 XII].
2120 2962 2317 3018 Deinde
2365 2962 2415 3016 in
2450 2962 2563 3031 ipso
2609 2970 2797 3014 eventu
2844 2957 3049 3028 qualem
3099 2958 3413 3011 sententiam

211 3049 465 3117 δετνθηιε
484 3048 621 3103 alii“
645 3047 708 3101 ad
730 3048 1121 3118 Ρθτδυεείοηθιη
1146 3048 1377 3101 πηιὶίθτίε
1399 3047 1755 3117 πεενθάίεηιθ,
1859 3054 2062 3109 dederit
2088 3054 2376 3107 videamus.
2406 3053 2537 3105 Eum
2564 3053 2651 3121 qui
2683 3047 3051 3113 manducavit,
3081 3058 3137 3101 ut
3162 3047 3229 3100 sit
3258 3057 3414 3101 a‘ter-

212 3139 297 3193 ubi
324 3137 489 3192 voluit
513 3140 631 3191 vicit
658 3138 874 3204 mulier;
908 3146 961 3191 et
989 3139 1039 3191 in
1065 3137 1284 3191 exordio
1312 3138 1586 3191 verborum
1612 3151 1756 3189 men-

1880 3161 1992 3209 lllS,
2024 3154 2080 3197 ut
2123 3144 2257 3197 Deus
2297 3140 2345 3194 id
2377 3141 2542 3209 ipsum
2580 3139 2830 3209 judicavit
2858 3135 3187 3199 damnando;
3220 3149 3285 3188 ne
3328 3134 3420 3188 fie-

215 3228 394 3281 dacem
422 3242 540 3281 eum
568 3226 830 3281 intellexit
856 3234 911 3279 et
940 3225 1158 3294 repulit,
1190 3228 1326 3279 sicut
1352 3226 1421 3277 ait
1450 3222 1754 3292 Scriptura:

1872 3244 1967 3299 tet,
1994 3234 2129 3305 quod
2161 3232 2368 3301 quidem
2398 3230 2554 3283 homo
2585 3230 2814 3283 futurum
2840 3226 3189 3281 existimavit:
3220 3232 3274 3278 et
3299 3238 3416 3277 cum

219 3317 280 3371 Et
301 3318 426 3371 dixit
445 3333 642 3386 serpens
663 3317 857 3369 mulieri
872 3332 889 3367 .·
909 3316 1026 3384 quid
1053 3317 1220 3383 utique
1248 3316 1374 3367 dixit
1397 3313 1532 3367 Deus
1552 3315 1611 3367 ab
1626 3312 1761 3366 omni

1873 3325 2033 3381 omnis
2080 3340 2198 3379 esca
2248 3322 2312 3376 ad
2362 3320 2711 3375 roborandam
2760 3315 3103 3371 substantiam
3155 3316 3417 3383 pertinet,

215 3408 349 3477 ligno
371 3423 471 3460 non
496 3406 668 3471 edetis,
691 3404 821 3473 quod
840 3415 911 3459 est
932 3406 984 3456 in
1008 3404 1270 3473 paradiso?
1289 3404 1560 3458 mendacio
1583 3402 1759 3457 fallere

1870 3417 1965 3471 hoc
1994 3417 2169 3486 utique
2199 3414 2504 3467 alimentum
2536 3413 2599 3465 ad
2640 3409 3028 3464 dissolvendam
3067 3409 3414 3463 substantiam

214 3498 481 3562 credens;
529 3499 685 3553 etiam
715 3498 928 3551 oblitam
969 3497 1127 3550 divini
1174 3495 1401 3549 mandati
1432 3494 1761 3549 existimans.
1869 3508 2081 3578 ργοῖυίι,
2114 3509 2182 3561 ιω
2215 3521 2310 3560 ηερ
2342 3517 2463 3558 tunc
2494 3503 2729 3557 ίηῖυηευε
2756 3502 3025 3571 ρι-ωάίχίι,
3058 3502 3145 3567 qui
3187 3498 3422 3564 manu“,

215 3588 311 3645 cui
336 3590 509 3643 suum
532 3590 851 3658 τθεβοηάθυε
872 3588 1067 3657 eximm
1094 3588 1183 3642 “3-
1208 3587 1424 3640 Ειάίκίι
1444 3586 1630 3639 "mne"
1653 3599 1763 3638 se"
1870 3616 1966 3654 uec
1996 3609 2173 3669 postea
2206 3596 2472 3651 damnavit
2501 3597 2685 3660 iratus,
2715 3593 2853 3663 quod
2885 3593 3043 3646 homo
3072 3605 3423 3661 prtesumpse-

217 3684 363 3754 penti
388 3701 402 3736 :
425 3682 498 3735 Ab
522 3683 656 3735 omni
685 3682 840 3751 ligno,
870 3683 1003 3748 quod
1029 3690 1099 3733 est
1126 3677 1432 3749 ingparadiso
1448 3677 1684 3739 edemus;
1708 3675 1761 3728 de

1878 3703 1983 3755 rat,
2016 3687 2376 3744 dissolveudo.
2411 3685 2518 3740 Nec
2549 3695 2721 3737 tamen
2754 3684 2945 3737 invidia
2974 3682 3241 3751 prohibuit
3274 3694 3422 3732 man-

223 3777 388 3845 fructu
403 3784 565 3826 autem
579 3772 720 3841 ligni,
734 3770 866 3840 quod
878 3781 947 3825 est
963 3771 1014 3823 in
1026 3770 1186 3822 medio
1206 3767 1444 3837 paradisi,
1459 3766 1583 3819 dixit
1603 3765 1737 3817 Deus
1753 3780 1767 3817 :

1881 3783 2064 3837 Llucare
2085 3822 2099 3844 ,
2144 3794 2241 3834 nec
2270 3777 2465 3831 invidia
2498 3774 2711 3829 abstulit
2736 3773 2986 3827 deitatem
3006 3812 3020 3835 ,
3053 3768 3278 3824 vetando
3306 3768 3425 3836 qui-

224 3865 347 3919 Νοη
365 3864 592 3918 “imm?
615 3878 671 3915 ⁸ο
691 3878 846 3930 neque
869 3860 1116 3929 αιιίηοειίι
1143 3875 1252 3911 eum
1277 3853 1774 3911 ηενηοτίαηδίηίοω·
1874 3874 1993 3927 dem
2032 3872 2239 3931 cibum,
2281 3869 2369 3938 qui
2417 3867 2672 3921 liedebat:
2714 3879 2813 3918 nec
2848 3864 2988 3918 enim
3027 3862 3256 3931 oportuit
3294 3860 3430 3915 scire

224 3954 362 4009 dicio
386 3952 615 4007 maximo
643 3952 721 4024 (4)
750 3951 975 4005 divinam
1001 3950 1290 4020 jussionem
1323 3949 1641 4016 praeferens:
1673 3959 1768 4013 quo

1878 3962 2127 4016 malitiam
2150 4001 2163 4023 ,
2210 3960 2299 4029 qui
2340 3973 2399 4013 se
2442 3958 2510 4011 ab
2536 3973 2594 4010 ea
2624 3971 2728 4010 non
2760 3966 2936 4024 posset
2963 3956 3268 4009 observare.
3303 3950 3422 4005 Mali

224 4045 521 4105 convictus,
544 4042 607 4094 ad
629 4042 782 4094 aliam
805 4041 1095 4095 machinam
1117 4054 1174 4093 se
1195 4038 1474 4100 transtulit,
1500 4052 1597 4089 non
1620 4044 1768 4088 morti

1886 4064 2051 4111 autem
2082 4052 2311 4123 cognitio
2338 4065 2401 4105 ex
2437 4047 2867 4117 praevaricatione
2897 4045 3157 4108 mandati;
3200 4044 3251 4097 in
3291 4040 3430 4110 quod

226 4133 544 4197 moriemini,
574 4133 779 4185 dicens:
802 4130 981 4185 sciebat
1007 4130 1136 4183 enim
1156 4128 1293 4181 Deus
1311 4167 1323 4189 ,
1346 4143 1445 4195 quo
1467 4127 1547 4179 die
1566 4125 1770 4177 mandu-

1891 4163 1983 4202 non
2014 4147 2310 4209 ceciderat,
2341 4142 2387 4196 si
2418 4158 2520 4196 non
2551 4140 2866 4195 manducare
2896 4140 3166 4192 voluisset.
3196 4136 3435 4206 Sequen-

229 4224 461 4278 caoeritis
487 4223 549 4275 de
573 4239 650 4285 eo,
680 4222 1028 4290 adaperientur
1057 4220 1189 4274 vobis
1216 4218 1378 4283 oculi,
1409 4227 1455 4271 et
1482 4218 1619 4271 eritis
1648 4225 1773 4269 tam-

1885 4237 1950 4291 do
1991 4235 2131 4289 enim
2178 4234 2452 4287 Dominum
2501 4231 2616 4285 sine
2655 4228 3002 4293 discretione,
3033 4227 3231 4281 bonum
3262 4227 3429 4295 ipsum

231 4332 383 4385 quam
420 4315 527 4379 dii,
557 4315 760 4367 scientes
790 4314 971 4367 bonum
996 4322 1040 4366 et
1063 4312 1269 4365 malum.
1313 4309 1459 4365 Unde
1500 4309 1775 4377 cupiditate

1887 4328 2208 4397 reperiebat:
2246 4325 2610 4395 praetereundo
2640 4322 2974 4384 mandatum,
3017 4320 3113 4374 sibi
3152 4320 3431 4383 conscius,

234 4406 449 4461 demus
480 4404 652 4457 halm“
680 4403 763 4473 (⁵)
784 4442 799 4467 ν
830 4403 880 4456 id
909 4402 1048 4471 quoa
1076 4412 1197 4455 “me
1235 4398 1545 4470 Ρτθνίδθδθί
1566 4439 1580 4463 ν
1615 4399 1784 4467 Ῑ³⁰ι³⁶
1888 4420 2080 4473 malum
2107 4414 2477 4486 cognoscebat.
2524 4412 2683 4483 igitur
2712 4411 3011 4465 mandatum
3050 4410 3200 4478 sequi
3238 4408 3440 4475 simpli-

234 4498 314 4552 vit
344 4495 458 4567 (6);
483 4496 589 4564 jam
632 4494 774 4549 aliud
804 4494 984 4548 videns
1026 4508 1094 4549 ex
1134 4490 1581 4560 concupiscentia,
1626 4503 1778 4558 quam

1892 4510 2041 4572 citer,
2086 4506 2279 4559 bonum
2321 4514 2440 4558 est:
2484 4503 2705 4570 amplius
2745 4499 3092 4554 desiderando
3136 4497 3436 4565 praeterire,

240 4587 381 4658 ειυοά
407 4586 635 4641 Vidini“-
662 4585 811 4639 Τυηο
831 4586 971 4639 enim
999 4584 1071 4637 ³η
1095 4582 1305 4646 muneri
1338 4581 1457 4650 (Ιιιίθ
1487 4579 1680 4633 bo'mm
1706 4586 1788 4631 εθί
1892 4599 2087 4653 malum
2112 4595 2420 4651 ostenditur.
2458 4590 2751 4646 Difﬁdeudo
2780 4589 2919 4644 enim
2950 4588 3228 4643 dominicis
3256 4589 3439 4653 dictis,

242 4680 441 4749 lignum
470 4677 521 4730 in
550 4684 781 4740 esca,et
805 4675 923 4744 quia
954 4674 1123 4741 placet
1167 4670 1365 4733 oculis;
1412 4684 1478 4723 ex
1527 4666 1789 4759 desidet‘i0
1894 4699 2211 4759 praeceptum
2262 4683 2581 4754 praeteribat.
2628 4681 2740 4735 Jan:
2788 4693 2996 4750 quoque
3047 4679 3169 4733 boai
3220 4689 3272 4734 et
3322 4678 3445 4732 mali

245 4770 466 4832 videns,
493 4782 597 4820 non
621 4764 815 4835 judicio
837 4764 1057 4825 mentis;
1086 4762 1156 4816 ita
1185 4772 1238 4815 ut
1268 4769 1547 4829 antequam
1575 4757 1794 4812 mandu-
1897 4757 2078 4833 boum,
2108 4792 2228 4831 esse
2254 4774 2440 4843 cum“.
2480 4769 2757 4841 cogitando
2793 4767 2930 4838 quod
2972 4767 3184 4822 fecerat.
3223 4767 3331 4821 "ac
3371 4766 3448 4838 (ὅ)

247 4868 423 4923 caret,
453 4857 645 4911 bonum
677 4856 729 4909 in
755 4868 873 4909 esca
902 4867 1020 4907 esse
1056 4851 1448 4922 pronuntiaret:
1478 4857 1531 4903 et
1560 4863 1663 4900 non
1695 4860 1789 4899 na-

1903 4870 2249 4939 implicatione
2293 4880 2414 4920 eum
2468 4862 2719 4917 liberabat
2774 4859 3095 4914 mandatum.
3146 4857 3308 4928 Igitur
3361 4874 3447 4913 ra-

250 4948 438 5005 turalis
459 4957 700 5016 aspectus
720 4946 923 4999 arboris
947 4959 1043 4999 nec
1068 4957 1190 4997 usus
1213 4942 1425 4996 attraxit
1440 4982 1455 5005 ,
1475 4955 1630 5009 quam
1655 4939 1794 5007 prius

1906 4961 2131 5015 tionibus
2161 4956 2536 5019 indicantibus,
2567 4952 2648 5007 sui
2691 4951 2811 5005 mali
2854 4950 3097 5004 conscius
3136 4948 3298 5018 fugit;
3338 4957 3393 5003 et
3420 4960 3450 4999 ι

250 5038 479 5095 videndo
497 5076 514 5101 ,
543 5035 867 5098 abstinebat;
896 5032 989 5088 sed
1016 5032 1329 5087 desiderium
1358 5029 1570 5083 deitatis
1610 5025 1794 5081 illexit.

1912 5065 2103 5107 summa
2130 5048 2383 5118 sapientia
2406 5047 2457 5099 in
2485 5053 2679 5099 tantam
2707 5040 2978 5096 stultitiam
3005 5038 3247 5094 redactus
3272 5047 3371 5104 est,
3397 5046 3456 5093 ut

324 5129 438 5185 XII.
461 5126 569 5182 Nec
590 5125 959 5196 requirendum
985 5132 1065 5178 est
1089 5137 1253 5192 quare
1298 5119 1535 5191 permisit
1580 5116 1802 5182 tentari,

2001 5192 2024 5245 1

2080 5188 2267 5243 Sermo
2293 5187 2397 5256 jam
2427 5194 2507 5239 est
2533 5183 2600 5256 de
2627 5179 2850 5234 Adamo.

2001 5192 2024 5245 l
2080 5188 2267 5243 Sermo
2293 5188 2397 5256 jam
2427 5188 2600 5239 estde

1998 5188 2055 5331 ’ἐζ
2084 5259 2136 5331 id
2165 5267 2244 5312 est
2273 5253 2607 5331 manducauit.

1974 5192 1995 5397 ἓ

357 5280 409 5337 1)
441 5278 601 5335 Codd.
631 5287 719 5331 aut
745 5295 864 5332 non.
1976 5278 2055 5337 SE)
2084 5278 2136 5337 εει
2165 5278 2244 5312 θδι
2273 5278 2607 5337 ωαῐιφκεεπι·
2659 5320 2746 5337 η-.
2792 5327 2955 5337 --μμ
3005 5314 3195 5337 ..-ειμι

357 5283 379 5336 1
441 5280 601 5335 Codd.
631 5287 719 5331 aut
745 5295 864 5332 non.
2000 5280 2055 5331 Ζ)
2084 5280 2136 5313 ιιι
2165 5280 2244 5312 est
2273 5280 2607 5309 πιαηαιιωιηι.

328 5280 413 5490 ἓὲξ
446 5350 498 5403 In
525 5348 759 5417 margine
784 5345 1063 5414 corrigitur
1089 5360 1261 5399 causa.
1912 5402 1925 5417 ‘
1976 5280 2063 5417 (ὅ),
2086 5328 2280 5395 Nempe
2318 5326 2445 5379 victa
2484 5322 2611 5376 Eva.
2658 5320 2752 5374 Est
2788 5327 2963 5372 autem
3005 5314 3349 5371 liellenismus
3388 5312 3456 5366 ab

339 5422 389 5487 ιδ
1713 5422 1807 5463 an.
1905 5419 2293 5490 ιχῗὲἒνέῗάιζιυη
2336 5471 2589 5490 -..λιιι-μειερ
2620 5458 2798 5490 ιιῖιῖηηὶ
2829 5464 2906 5490 ne!
2958 5452 3291 5490 nmini-Anni“
3325 5450 3456 5490 Ιρσρ-

339 5410 411 5487 [5)
441 5410 688 5473 Notemtis
709 5416 777 5470 de
797 5410 960 5487 gratia
985 5416 1075 5487 Dei
1093 5413 1382 5468 auxiliante
1397 5410 1687 5467 doctrinam
1713 5422 1807 5463 an-
1905 5410 2293 5487 ixggf'vgim-“
2337 5471 2589 5487 “mm.
2620 5458 2798 5487 “mm
2830 5464 2906 5487 Μ,
2958 5452 3252 5487 “unum”,

331 5450 411 5490 I‘d’
441 5450 688 5473 LVusculua
709 5450 776 5470 νῦ
797 5450 960 5487 sicut:
985 5450 1075 5469 υῠι
1093 5450 1381 5468 αυλιιηιιιιν
1397 5450 1536 5467 υνννι
1548 5450 1687 5465 ιιι-ιιι
1713 5450 1781 5463 ιιι-ι
1908 5450 2024 5471 -η-ιή
2045 5450 2059 5474 ⁴-
2074 5450 2082 5452 ~
2108 5450 2142 5455 -~
2160 5466 2170 5476 .
2198 5466 2208 5476 .
2655 5459 2665 5470 ι
2697 5458 2708 5470 .
3240 5452 3252 5464 ⁸

261 5488 543 5559 tiquissimi
570 5488 791 5539 auctoris
822 5485 1090 5541 Victorini.
1942 5539 1953 5549 .
1983 5470 2060 5539 (4)
2088 5465 2299 5547 Scilicet
2333 5471 2592 5532 quatenus
2620 5467 2799 5511 vitium
2829 5464 2929 5537 est.
2958 5454 3291 5534 Caeteroqutu
3324 5450 3465 5518 lege-

397 5557 403 5559 _
446 5557 457 5559 _
675 5554 685 5559 -
814 5556 824 5559 -
1075 5554 1086 5559 -
1176 5553 1187 5559 -
1245 5553 1258 5559 -
1913 5552 1981 5559 Α--
2016 5536 2031 5559 Ι
2060 5545 2266 5559 ΑΑιιι-ειιι
2301 5534 2394 5559 ιιΑΛ
2420 5545 2576 5559 num.
2602 5542 2661 5559 νυ
2687 5527 2975 5559 ΑΜΙΡΙΙῚΩΙΥΙ
3017 5540 3067 5559 In
3105 5518 3358 5559 ηηίιςριιιεὶ

368 5517 1357 5636 ῘῖίιιιιιιιιέἳξῖἶὲὶιδᾏᾍΙλὲἕεηιὶσεὶηιε.
1911 5517 2269 5636 ξὶεῚέξιριξιιιιὶἰ
2298 5517 2396 5587 ba'c
2419 5545 2576 5599 super
2602 5542 2661 5582 re
2687 5527 2976 5581 doctrinam
3016 5523 3068 5577 in
3105 5517 3358 5590 opusculo
3385 5517 3467 5572 do

368 5568 390 5611 Α
446 5559 498 5610 ιιι
528 5559 950 5636 margineglossa
977 5559 1357 5625 sapientissime.
1911 5559 1986 5618 sis
2014 5559 2145 5615 haec

332 5559 416 5767 ἑὸ)
442 5625 609 5680 Codd.
636 5639 822 5704 magis:
1911 5622 1988 5661 ira
2030 5606 2145 5689 ῡθι.

356 5695 413 5765 6)
440 5692 639 5765 Nempe
665 5693 863 5762 subjecit.
1986 5674 2067 5746 (5)
2092 5673 2145 5728 (ιε

356 5670 414 5765 é)’
440 5670 863 5765 ιῖἑὲἱιῖοἲιῐῗᾶἒι.
1986 5674 2067 5746 (5)
2092 5670 2261 5728 Codd.
2288 5672 2414 5725 hac.
