3910 6212
237 285 370 340 1305

1489 288 1572 342 DE
1651 284 1948 344 PIlYSICIS
1991 287 2209 342 LIBER.

3343 291 3476 344 1306

231 400 358 466 tius,
393 412 450 455 ut
469 401 624 457 decet
649 403 775 468 Deo,
803 418 895 471 per
927 403 1397 458 incontaminatqu
1429 416 1620 472 corpus
1646 401 1804 472 virgi-
1832 404 1886 462 Α
1911 412 2013 454 tam
2057 412 2258 468 turpem
2304 415 2551 465 mortem,
2587 413 2854 474 pateretur
2881 422 2892 457 :
2921 415 3218 473 postquam
3253 413 3474 460 mortem

230 494 314 546 nis
339 503 664 547 nasceretur.

300 586 488 641 XVIII.
543 587 646 640 Nec
690 587 999 644 incredibEI‘.
1048 586 1148 640 huc
1194 587 1553 656 Cognoscitur.
1595 600 1712 638 cum
1757 585 1808 636 in

232 677 349 745 ipso
368 681 562 730 sarculo
588 694 663 732 Sic
684 679 972 746 constringi
1007 679 1224 741 plurimi
1251 677 1655 747 cugnOsi-imus;
1690 691 1806 727 cum

232 785 380 824 mare
405 771 802 825 transeuntibus
824 769 887 823 Ju
911 771 1018 822 bris
1070 771 1211 839 virga
1243 782 1573 839 pCl't'IIS‘Ulll,
1609 768 1810 816 violen-

233 873 315 918 ter
347 863 560 933 quidem
595 879 739 916 mare
766 863 1043 925 dividitur;
1076 878 1105 912 ιι
1134 861 1243 913 -das
1269 876 1395 915 vero
1423 872 1629 920 ventus,
1656 857 1811 924 Spiri-

234 965 321 1008 tus
346 955 648 1016 mundialis,
687 953 1026 1015 canstrinxit,
1069 961 1124 1005 ut
1155 951 1427 1017 SCl‘lplul’a
1456 951 1806 1012 demonstrat,

230 1064 354 1116 qum
383 1050 459 1101 sic
481 1047 607 1100 dicit
634 1064 646 1098 :
676 1044 914 1100 Extendit
944 1045 1145 1116 Moyses
1167 1061 1368 1098 ntannm
1389 1061 1541 1108 super
1571 1062 1705 1098 mare
1726 1055 1800 1099 :et

230 1140 434 1194 induxit
456 1136 702 1191 Dominus
731 1153 867 1190 mare
891 1137 943 1190 in
969 1150 1112 1190 vento
1129 1145 1301 1190 austro
1324 1135 1490 1188 valido
1511 1145 1612 1188 tota
1635 1145 1809 1188 nocte:

232 1241 279 1283 et
308 1231 426 1299 [μεὶι
453 1245 588 1282 mare
615 1230 802 1281 siccum
826 1245 841 1291 ;
876 1244 976 1282 non
1007 1229 1185 1294 utique
1213 1240 1524 1280 evacuatum
1553 1241 1687 1296 aqua
1711 1225 1804 1279 sed

231 1320 602 1373 constrit-tuni.
639 1320 768 1372 Dicit
800 1321 939 1372 enim
970 1337 980 1369 :
1012 1330 1057 1371 et
1083 1319 1242 1371 divisa
1275 1328 1343 1370 est
1384 1336 1549 1384 aqua;
1581 1331 1624 1369 et
1650 1320 1812 1370 intra-

236 1427 416 1465 verunt
443 1412 538 1478 lilii
558 1411 722 1464 Israel
743 1429 829 1480 per
853 1413 1069 1463 medium
1099 1428 1235 1464 atare
1265 1429 1353 1480 per
1373 1413 1590 1472 siccum;
1617 1424 1659 1463 et
1681 1428 1811 1480 aqua

240 1506 320 1559 illi
343 1521 515 1559 murus
558 1516 662 1558 erat
690 1505 866 1558 dextra
897 1517 1044 1574 atque
1076 1506 1295 1558 sinistra.
1343 1505 1412 1557 Ita
1462 1504 1807 1557 Consltictnm

240 1598 464 1652 docetur
520 1598 656 1665 quod
690 1613 784 1664 per
806 1608 1044 1650 austrum
1077 1597 1320 1651 (σπεοιιιιιι
1348 1607 1448 1650 cst.
1482 1599 1585 1651 Nec
1620 1614 1723 1651 non
1758 1606 1810 1650 et

239 1690 500 1757 propheta
533 1690 966 1758 psalmograpbu~
995 1690 1153 1742 David
1191 1691 1256 1742 de
1287 1690 1386 1742 boc
1415 1691 1527 1757 ipso
1551 1690 1699 1758 signo
1729 1690 1809 1742 in-

1913 494 2073 563 (quod
2107 495 2412 550 incredibile
2441 506 2521 550 est
2550 498 2984 564 repugnantilnis)
3015 499 3272 564 sepultus,
3301 513 3476 552 resur-

1911 587 2114 639 rexisse
2154 587 2376 640 dicatur.
2431 587 2495 641 Et
2547 589 2756 656 quidem
2803 591 2889 658 qui
2942 591 2990 641 in
3019 603 3178 641 earne
3229 589 3475 643 venit-bat

1911 678 2141 730 salvator
2170 678 2365 739 carnis,
2395 679 2533 748 quod
2569 693 2802 732 nostram
2849 679 3027 732 debuit
3071 679 3338 749 snst'ipere
3367 697 3473 735 non

1911 770 2158 832 aiienam,
2186 769 2522 822 manifestum
2551 779 2657 824 cst:
2680 772 2847 824 aliena
2873 772 3014 823 enim
3043 782 3305 838 suscepta.
3332 774 3473 826 Salus

1911 860 1976 912 ad
2003 877 2096 913 nos
2120 876 2220 914 non
2254 863 2567 928 pertinebat.
2597 861 2780 913 anll‘a
2809 875 3022 929 quoque
3048 873 3284 929 suscepta
3315 878 3472 916 carne

1913 952 2056 1005 nasci
2104 952 2349 1018 parvulus
2395 953 2576 1006 debuit
2621 969 2684 1006 ex
2717 953 2954 1022 \irgine:
2997 969 3093 1007 nec
3131 954 3270 1007 enim
3305 954 3469 1008 virum

1910 1057 2332 1098 ennsmnmatum
2375 1062 2466 1113 per
2502 1048 2759 1115 viiginetn
2811 1047 2952 1098 nasci
2991 1047 3290 1113 oportebat,
3332 1047 3472 1116 quod

1911 1136 1986 1188 sic
2035 1135 2272 1188 ducatur.
2325 1136 2602 1190 Dicebatur
2635 1146 2808 1200 natus,
2839 1146 2990 1190 natus
3012 1147 3182 1190 tamen
3213 1152 3316 1189 non
3351 1154 3466 1200 proo

1913 1227 2132 1280 babatur
2159 1245 2169 1278 :
2197 1229 2462 1292 quomodo
2491 1231 2630 1282 enim
2663 1230 2742 1281 vir
2775 1239 3169 1281 consummatus
3211 1229 3351 1281 nasci
3383 1243 3472 1296 per

1912 1321 2166 1387 virginem
2223 1321 2460 1385 poterat?
2495 1333 2549 1373 ιιι
2597 1337 2750 1386 quem
2797 1321 3068 1386 parvu‘um
3114 1335 3216 1372 non
3259 1320 3473 1373 creditis
3531 1321 3538 1326 ’

1911 1420 2113 1472 natum,
2141 1412 2308 1464 multo
2337 1415 2500 1481 magis
2529 1413 2694 1466 virum
2718 1412 2914 1466 editum
2941 1429 3043 1466 non
3065 1412 3372 1466 crederetis.

1982 1500 2121 1553 XXI.
2167 1501 2403 1554 Pathtas
2432 1513 2606 1556 tamen
2639 1503 2754 1572 cjus
2782 1519 2936 1569 quam
2964 1502 3137 1555 divina
3169 1503 3257 1566 sit,
3286 1517 3474 1571 agnus-

1911 1607 2110 1644 catnus.
2135 1590 2434 1660 Com-cptus
2457 1603 2536 1644 est
2564 1597 2744 1654 Immo.
2771 1593 2863 1646 scd
2895 1596 3009 1646 sine
3037 1593 3238 1660 origine
3263 1593 3471 1646 humani

1911 1685 2148 1736 seminis.
2189 1683 2350 1736 Natus
2377 1694 2456 1736 est
2481 1685 2617 1736 sicut
2643 1683 2820 1744 homo,
2872 1683 2964 1735 sed
2993 1699 3054 1736 ex
3085 1685 3306 1752 virgine.
3333 1685 3472 1753 quod

236 1780 583 1846 lerprvlnmlo
606 1784 676 1833 ait
705 1799 716 1834 :
748 1780 967 1845 disrupil
995 1798 1150 1843 mare,
1179 1790 1223 1834 et
1252 1783 1447 1839 traiecit
1479 1797 1594 1844 eos;
1630 1782 1804 1834 statuit
1840 1778 1880 1835 Β
1909 1786 1987 1828 est
2016 1784 2278 1828 sanctum.
2314 1774 2561 1844 Ignobilis
2585 1786 2637 1828 et
2668 1774 2944 1838 deformis,
2973 1774 3064 1828 sed
3095 1776 3355 1842 gloriosus
3379 1793 3391 1828 :
3419 1777 3469 1830 in

239 1885 400 1938 aquas
434 1870 563 1922 sicut
607 1881 786 1924 utrem.
831 1871 902 1923 Ac
931 1870 1096 1940 siquis
1129 1887 1220 1940 per
1243 1872 1600 1924 infirmitatem
1647 1872 1805 1924 animi

239 1961 344 2024 sui,
376 1961 624 2014 duritiam
646 1962 820 2015 cordis
862 1963 958 2015 sibi
992 1964 1242 2030 parando,
1292 1963 1654 2032 probameutis
1695 1964 1806 2015 istis

239 2068 346 2106 non
377 2053 584 2118 credit,
611 2055 714 2108 vim
742 2068 1016 2110 ventorum
1052 2055 1294 2124 inspiciat
1317 2095 1328 2116 ,
1363 2065 1414 2108 et
1457 2070 1615 2108 auras
1657 2070 1808 2106 mun-

239 2145 406 2199 diales
446 2144 546 2199 boc
572 2147 738 2213 ipsum
787 2157 1067 2212 operantes
1113 2147 1365 2214 intelligat
1394 2187 1408 2207 ,
1451 2163 1566 2213 qlia:
1609 2146 1809 2211 pluvias

238 2236 584 2291 decurrentes
611 2238 660 2290 in
688 2236 796 2290 Slill
820 2237 970 2291 cidiis
1004 2238 1071 2289 ita
1103 2237 1496 2305 censtringunt,
1525 2246 1578 2289 ut
1611 2237 1660 2288 in
1683 2237 1810 2302 ipsis

239 2328 473 2396 lapsibus
495 2329 801 2396 glacientur.
843 2329 974 2391 Quid
1005 2338 1214 2398 oportet
1255 2345 1568 2382 CIIUIIIt'I‘.tl‘C
1615 2338 1806 2380 cartera

237 2436 356 2489 qtta'.
384 2436 446 2473 ex
477 2420 632 2473 uvido
659 2423 966 2485 constituta,
996 2421 1296 2489 supradicta
1322 2423 1369 2472 vi
1411 2419 1810 2474 assolidantur?

238 2509 346 2564 Nec
374 2511 462 2562 ditt
493 2512 684 2564 morari
719 2526 936 2564 necesse
976 2519 1078 2573 est,
1105 2526 1223 2564 cum
1270 2511 1387 2578 plus
1423 2508 1810 2562 adsertioinbus

240 2601 440 2653 nostris
482 2616 655 2654 rerum
701 2603 934 2654 elanicnt
963 2599 1168 2662 ellecta,
1201 2615 1459 2664 quaecum
1509 2601 1614 2652 Deo
1662 2599 1810 2650 insti-

241 2697 424 2742 tuente
467 2696 714 2742 eveniunt
745 2690 796 2742 in
825 2698 1032 2751 natura,
1080 2702 1277 2756 quanto
1306 2689 1470 2755 magis
1501 2688 1552 2740 in
1582 2689 1809 2740 adventu

237 2794 336 2833 suo
385 2791 487 2833 tam
537 2783 855 2840 necessario.
890 2783 939 2834 in
979 2784 1452 2834 ctml'ormationem
1495 2780 1807 2834 adsumendi

236 2870 477 2938 corporis
523 2887 613 2936 per
656 2873 895 2939 spiritum
925 2880 1162 2924 sanctum
1203 2872 1386 2938 stringi
1422 2879 1587 2938 potuit
1619 2883 1810 2938 corpus

237 2961 476 3026 virginis.
503 2963 567 3015 de
588 2978 691 3031 quo
718 2962 878 3015 ﬂuere
902 2963 1250 3030 sperabatur?

309 3052 449 3106 XIX.
480 3056 626 3120 Quod
660 3055 868 3119 quidem
918 3054 993 3122 (I)
1024 3054 1285 3122 aliquibus
1317 3055 1642 3107 immundum
1691 3069 1810 3108 esse

1915 1880 2096 1920 natura
2133 1867 2303 1920 infans
2335 1868 2536 1936 positus
2569 1870 2616 1919 iit
2647 1868 2814 1928 ςυίιις,
2845 1867 2935 1920 sed
2972 1883 3057 1919 rex
3085 1868 3149 1920 ab
3175 1868 3399 1934 angelis,
3422 1877 3474 1921 et

1912 1959 2050 2012 libus
2091 1959 2180 2010 Dei
2229 1959 2530 2010 intulimus:
2564 1961 2793 2011 Salvator
2834 1959 3046 2010 lnnnani
3093 1959 3319 2027 generis,
3354 1960 3474 2013 (ταξΙί

1912 2058 2175 2118 terraeque
2199 2050 2426 2103 sociatur
2455 2051 2659 2118 glorias,
2686 2058 2737 2102 et
2761 2051 2901 2118 pacis
2928 2048 3160 2101 effector.
3197 2051 3474 2118 Ilocaper-

1913 2143 2112 2195 tissime
2145 2151 2380 2209 pastores
2430 2140 2740 2195 educentur.
2783 2141 3044 2208 Scriptum
3087 2150 3167 2194 est
3195 2143 3334 2193 enim
3366 2141 3468 2193 ita:

1913 2233 2127 2286 Factum
2155 2244 2224 2285 est
2254 2244 2414 2285 autent
2437 2249 2550 2286 cum
2577 2245 2736 2286 essent
2765 2235 2869 2286 illic
2900 2233 3046 2301 (dicit
3079 2244 3248 2286 autent
3286 2233 3336 2285 in
3371 2233 3472 2286 Be-

1912 2328 2128 2396 thleem)
2152 2328 2467 2394 impletisuut
2495 2327 2571 2379 illi
2596 2327 2667 2397 (id
2693 2335 2793 2390 est,
2817 2325 3018 2394 Mari.i-)
3043 2327 3148 2378 dies
3176 2329 3470 2394 utﬁparerct;

1911 2433 1956 2474 et
1985 2421 2177 2490 peperit
2220 2421 2381 2484 [ilium
2416 2436 2559 2471 suum
2605 2420 3014 2487 primogenitum,
3063 2429 3107 2471 et
3152 2419 3472 2472 obrolrerunt

1909 2528 2020 2564 eum
2045 2523 2088 2564 et
2118 2512 2480 2562 collocaverunt
2523 2511 2666 2563 illum
2700 2513 2749 2562 in
2796 2511 3061 2579 prtrsepio,
3109 2511 3344 2578 quoniam
3371 2525 3472 2562 non

1911 2611 2017 2653 erat
2059 2602 2198 2652 locus
2226 2603 2276 2652 in
2306 2603 2516 2652 stabulo.
2551 2601 2782 2653 l’astores
2815 2611 2978 2652 autent
3021 2611 3162 2652 erant
3191 2601 3241 2651 in
3269 2601 3474 2668 regione

1910 2693 2000 2745 illa
2027 2702 2368 2760 pernoctanles
2390 2700 2436 2741 et
2479 2692 2811 2742 custodientes
2855 2702 3124 2742 nocturnas
3169 2691 3364 2758 vigilias
3388 2707 3472 2742 su-

1911 2801 1999 2853 per
2017 2801 2188 2854 greges
2211 2800 2344 2836 suos.
2376 2783 2592 2849 Angelus
2619 2795 2778 2834 autem
2809 2783 3008 2834 Domini
3027 2785 3176 2844 stetit,
3201 2793 3244 2835 ct
3266 2785 3471 2836 claritas

1910 2877 2242 2944 circumfnlsit
2272 2874 2404 2937 illos,
2449 2885 2494 2927 et
2523 2876 2788 2926 timncrnn:
2817 2876 2998 2925 timore
3027 2890 3206 2942 magno
3229 2892 3243 2926 :
3269 2885 3313 2926 et
3345 2873 3469 2926 dixit

1909 2968 2012 3020 illis
2039 2965 2267 3035 angelus,
2299 2981 2358 3016 ne
2394 2966 2692 3026 timueritis;
2729 2981 2837 3016 ecce
2875 2966 3005 3015 enim
3050 2965 3296 3016 annuntio
3339 2966 3470 3016 vobis

1910 3059 2150 3128 gaudium
2175 3074 2428 3126 magnum.
2457 3057 2590 3126 quod
2619 3069 2689 3109 est
2713 3057 2846 3107 omni
2868 3053 3088 3123 populo;
3122 3056 3355 3123 quoniam
3382 3073 3470 3107 na.

237 3145 466 3199 videtur.
499 3154 640 3198 recte
672 3156 846 3199 autem
880 3144 1277 3214 inspicientibus
1309 3147 1372 3196 ita
1407 3145 1656 3197 mundum
1688 3159 1807 3210 ιιτο-
1835 3132 1877 3190 C
1914 3161 1990 3202 tus
2030 3159 2100 3201 est
2145 3150 2278 3201 vobis
2311 3149 2460 3200 hodie
2502 3149 2742 3207 salvator,
2773 3148 2858 3214 qui
2885 3156 2955 3197 est
2985 3145 3210 3198 Christus
3238 3144 3384 3196 Iesus
3420 3146 3470 3196 in

237 3237 411 3291 batur.
443 3239 473 3288 Α
490 3250 574 3289 me
598 3236 837 3301 corporis
861 3236 1054 3288 [luxtnn
1080 3251 1198 3302 pars
1219 3237 1387 3287 adhuc
1415 3235 1654 3302 corporis
1677 3251 1806 3288 con-

236 3331 438 3394 stituta,
495 3341 710 3392 tol0|ue
759 3329 1048 3380 commixta
1099 3340 1253 3393 atque
1297 3336 1566 3388 concreta,
1617 3342 1806 3380 nomen

238 3419 493 3474 imtnu-idi
525 3435 626 3471 nun
657 3420 842 3487 recipit
873 3434 990 3470 eum
1039 3417 1185 3470 vivit.
1224 3423 1287 3470 At
1317 3434 1434 3471 cum
1463 3417 1539 3486 (2)
1571 3417 1808 3472 defluxe-

237 3515 328 3577 rit,
351 3524 404 3566 et
426 3529 490 3565 ex
525 3512 613 3564 illo
645 3522 908 3563 mortuum
941 3510 1184 3563 eIIeCIum
1219 3511 1394 3575 fuerit,
1429 3520 1552 3562 tunc
1582 3510 1808 3562 immun-

237 3604 364 3656 dum
407 3613 456 3655 et
509 3611 811 3663 mortuum;
846 3601 984 3666 quod
1021 3599 1129 3667 jam
1155 3600 1384 3653 alienum
1430 3608 1510 3651 est
1538 3616 1564 3651 a
1599 3607 1804 3661 natura,

240 3709 414 3751 neque
461 3692 717 3744 vivificari
769 3700 980 3758 potest:
1016 3691 1155 3759 quod
1205 3692 1325 3743 dum
1373 3690 1424 3743 in
1472 3701 1655 3742 natura
1704 3699 1804 3752 est,

239 3799 552 3839 concretum
596 3796 647 3836 et
685 3784 1019 3849 coagulatum
1060 3795 1293 3850 generat,
1331 3798 1432 3834 non
1459 3782 1803 3835 immuodutn.

240 3877 316 3932 Ita
348 3891 445 3928 nec
469 3874 792 3927 inmnmdum
824 3876 946 3927 illul
979 3874 1160 3930 fuisse.
1193 3874 1386 3926 veritas
1411 3875 1627 3926 invenit.
1655 3875 1803 3939 Quod

239 3971 282 4022 si
325 3976 377 4022 et
418 3965 746 4018 immundum
799 3965 1036 4018 dittentcs
1071 3967 1352 4033 patiamur,
1398 3981 1494 4018 nec
1527 3966 1601 4018 sit:
1632 3975 1805 4018 tamen

238 4059 590 4113 Contaminari
615 4058 947 4110 sanctitatem
979 4058 1046 4108 ab
1077 4055 1346 4109 innnttndo
1377 4057 1608 4120 potuisse
1632 4056 1808 4108 dech-

239 4162 416 4204 ratur:
447 4165 566 4201 cum
592 4151 775 4210 solem,
811 4164 964 4216 quem
992 4161 1292 4200 creaturam
1324 4147 1438 4213 ejus
1482 4161 1672 4211 negare
1703 4161 1804 4198 non

239 4254 543 4310 possumus,
577 4240 650 4292 sic
681 4241 947 4291 immunda
973 4239 1226 4297 sordium,
1259 4238 1494 4290 sentin-is
1521 4237 1802 4304 paludimn,

243 4331 552 4404 putredines
591 4330 749 4393 caeni,
781 4331 1075 4397 astringere
1115 4328 1410 4384 videamus.
1455 4338 1511 4379 ut
1552 4342 1668 4380 cum
1700 4340 1803 4379 vim

241 4437 392 4477 suam
425 4437 514 4490 per
539 4421 711 4474 radios
733 4435 890 4488 super
935 4422 1047 4472 ba'c
1074 4421 1295 4481 emittat,
1331 4434 1432 4470 non
1475 4429 1647 4470 tamen
1691 4417 1776 4486 pol

1908 3242 2104 3292 civitate
2135 3239 2316 3291 David.
2353 3237 2416 3290 Et
2449 3239 2541 3289 hoc
2568 3237 2701 3289 vobis
2747 3239 2943 3303 sit/num
2971 3252 2988 3288 :
3019 3238 3272 3288 invenietis
3302 3236 3470 3301 infan-

1909 3341 2002 3382 tem
2033 3331 2308 3383 involutum
2340 3329 2517 3396 pannis
2546 3339 2588 3380 et
2617 3329 2832 3394 positum
2854 3329 2901 3377 in
2931 3327 3190 3391 prn'sepio.
3219 3325 3280 3376 Et
3311 3327 3470 3378 subito

1907 3425 2043 3491 facta
2069 3432 2138 3474 est
2164 3432 2328 3473 autem
2359 3437 2466 3472 cum
2497 3421 2672 3488 angelo
2711 3419 2978 3470 multitudo
3023 3419 3262 3468 exercitus
3303 3419 3472 3468 rwles—

1907 3513 2031 3564 tium
2077 3513 2391 3564 laudantium
2423 3508 2583 3562 Deum
2613 3521 2657 3560 et
2687 3511 2955 3560 dicentium
2989 3509 3150 3576 gloria
3187 3507 3236 3558 in
3264 3507 3470 3560 excelsis

1912 3602 2036 3666 Deo,
2071 3615 2112 3656 et
2143 3619 2244 3668 pax
2273 3604 2322 3654 in
2351 3614 2480 3654 terra
2510 3602 2792 3652 hominibus
2825 3599 2939 3650 boni
2962 3599 3164 3650 decreti.
3210 3596 3353 3650 Unus
3377 3612 3467 3648 au-

1907 3696 2053 3762 gtilth'
2081 3696 2315 3748 enuntiat
2363 3695 2710 3750 nalivilalem,
2755 3690 2893 3757 quod
2930 3689 3044 3751 bit‘,
3095 3689 3180 3755 qui
3225 3691 3469 3754 parvulus

1908 3798 2019 3840 erat
2049 3800 2168 3839 ante
2207 3786 2457 3838 smrulum
2505 3796 2658 3835 natus
2698 3793 2775 3835 est
2809 3780 2960 3833 nobis
3002 3778 3173 3841 bodie,
3223 3779 3342 3845 quia
3377 3780 3470 3828 bo-

1911 3880 2136 3930 tninibtts
2166 3892 2282 3930 esse
2325 3886 2444 3929 tunc
2488 3876 2669 3939 ρωιιίι..
2717 3877 2790 3927 Ac
2831 3889 2894 3925 ne
2923 3887 3102 3924 eorum
3155 3885 3242 3922 rex
3267 3879 3467 3920 tantum

1909 3972 2249 4024 annuntiatus
2279 3969 2536 4027 videatur,
2571 3967 2757 4034 quibus
2785 3967 2979 4016 dictum
3007 3970 3086 4014 est
3115 3972 3258 4011 natus
3284 3969 3354 4011 est
3384 3975 3468 4011 ro-

1909 4062 1981 4114 bis
2011 4061 2159 4114 hodie
2186 4060 2488 4125 angelorum
2521 4055 2783 4110 exercitus
2804 4053 3092 4112 concurrit,
3136 4061 3188 4104 et
3210 4051 3335 4102 dicit
3357 4053 3466 4118 glo-

1909 4155 1983 4205 ria
2007 4156 2058 4204 in
2090 4153 2294 4204 excelsis
2325 4151 2451 4210 Deo,
2484 4160 2526 4202 et
2556 4165 2656 4215 pax
2682 4153 2732 4199 in
2757 4161 2888 4199 terra
2917 4146 3196 4196 hominibus
3232 4141 3344 4193 boni
3383 4141 3469 4192 de-

1907 4246 2044 4298 creti.
2094 4245 2345 4309 Apparuit
2391 4243 2501 4294 lucc
2543 4241 2656 4307 ejus
2695 4239 2858 4306 gloria
2909 4237 2958 4288 in
3009 4237 3164 4294 «ιωιο,
3200 4243 3251 4284 et
3290 4247 3386 4294 pax
3418 4232 3469 4284 in

1911 4343 2046 4386 terra
2091 4333 2390 4385 hominibus
2437 4331 2558 4383 boni
2604 4329 2802 4382 decreti
2830 4329 2894 4379 ab
2936 4326 3137 4394 angelis
3179 4325 3466 4376 nuntiatur.

1911 4425 2098 4480 Utrum
2148 4433 2339 4477 nostra:
2391 4422 2627 4476 infantia:
2681 4420 2867 4473 similis
2921 4417 3179 4478 videatur,
3201 4413 3472 4468 advertitis

241 4515 438 4569 1mm",
466 4513 612 4577 Quod
645 4516 684 4565 si
713 4514 764 4566 in
814 4513 894 4564 bis
923 4512 1168 4565 sordibus
1209 4528 1312 4563 lion
1362 4511 1609 4578 polluilur
1656 4526 1803 4563 crea-
1833 4493 1880 4551 D
1907 4535 1973 4573 an
2004 4518 2078 4587 (i)
2104 4517 2240 4570 non?

240 4614 380 4660 tura.
430 4604 593 4656 multo
644 4603 815 4656 minus
856 4602 935 4671 (ὅ)
974 4604 1024 4653 in
1057 4602 1173 4653 vivo
1219 4600 1297 4668 (4)
1338 4609 1542 4664 sancto,
1574 4600 1694 4670 quia
1725 4600 1804 4669 (5)

237 4711 463 4760 corpore
493 4694 738 4749 divinitas
769 4695 875 4763 ipsa
911 4709 1013 4746 non
1039 4693 1307 4761 polluitur.

310 4786 426 4840 XX.
462 4785 610 4840 Nunc
639 4784 973 4840 mandi-mata
1002 4786 1300 4839 necessario
1331 4782 1409 4852 (6)
1439 4795 1619 4836 sancta
1652 4795 1702 4836 et
1723 4783 1804 4835 in-

235 4879 593 4933 contaminala
627 4879 898 4931 nativitate
925 4893 1017 4944 per
1050 4875 1290 4943 corporis
1332 4875 1576 4939 formam,
1627 4875 1676 4926 in
1705 4887 1804 4941 qua

236 4970 426 5024 adesse
481 4969 667 5020 salutis
727 4978 922 5022 nostra:
967 4970 1097 5021 ratio
1147 4968 1413 5036 poscebat,
1464 4974 1708 5032 superest
1751 4974 1806 5016 ut

239 5063 492 5131 probetur
514 5075 608 5112 cur
636 5059 700 5112 ad
729 5060 1127 5114 similitudinem
1171 5069 1402 5113 nostram
1433 5060 1684 5125 parvulus
1715 5073 1806 5109 na-

238 5161 324 5206 tus
353 5151 598 5207 creverit.
631 5151 910 5212 esurierit,
943 5151 1342 5205 manducawrit
1363 5192 1375 5214 ,
1405 5150 1616 5205 sitierit.
1648 5158 1806 5202 ciete-

237 5258 402 5313 raque
424 5242 596 5295 ofﬁcia
618 5243 858 5308 corporis
887 5246 1202 5312 susceperit,
1232 5244 1300 5296 ita
1325 5252 1379 5295 ut
1402 5252 1453 5296 et
1477 5249 1721 5306 mortem,
1753 5250 1806 5296 et

341 5351 387 5418 ι)
418 5350 582 5406 Codd.
613 5352 865 5418 quoddam
896 5352 1047 5407 idem.

341 5352 387 5418 ι)
418 5352 582 5406 Codd.
613 5352 815 5418 quodda

309 5352 390 5492 ξε)
415 5421 580 5476 Codd.
605 5423 815 5489 adquiri.

307 5493 385 5562 (5)
414 5492 581 5562 Codd.
616 5493 794 5562 magis.

331 5561 385 5620 4)
410 5561 479 5614 Ita
508 5563 664 5616 codd.

307 5571 388 5701 i5)
419 5629 583 5701 Codd.
612 5649 664 5701 qi.

308 5629 388 5701 (5)
419 5629 583 5684 Codd.
612 5649 726 5703 que.

308 5703 389 5770 (ﬂ)
413 5700 580 5757 Codd.
609 5703 906 5760 nemtaria.

1981 4609 2143 4664 XXII.
2193 4608 2272 4662 An
2314 4606 2503 4660 mirum
2551 4614 2630 4658 est
2666 4603 2881 4673 angelos
2925 4615 3100 4668 regem
3142 4598 3467 4660 euuntiasse,

1912 4717 2066 4771 Quem
2097 4702 2265 4754 sciunt
2298 4699 2427 4766 Magi
2454 4711 2558 4766 quo
2582 4711 2662 4759 (ue
2692 4695 2741 4746 in
2776 4705 2913 4747 terra
2961 4692 3240 4757 longinqua
3285 4686 3474 4753 positi?

1912 4796 2042 4848 Cum
2073 4793 2278 4862 signum
2304 4792 2402 4843 illis
2431 4788 2761 4858 apparuisset
2786 4805 2814 4838 e
2838 4785 2996 4846 coelo,
3020 4791 3073 4836 et
3101 4782 3476 4834 intellexerunt

1909 4897 2110 4946 natum,
2133 4895 2185 4937 et
2205 4885 2291 4936 diu
2312 4882 2591 4951 qmesitmn
2629 4879 3029 4938 adinrcnertml,
3062 4874 3328 4926 inventum
3349 4873 3477 4928 ado-

1909 4986 2175 5033 raverunt.
2203 4974 2365 5040 Cujus
2392 4973 2560 5025 stellae
2585 4971 2792 5037 ~ignum
2816 4976 3003 5021 c:rtera
3021 4963 3293 5018 stellarum
3329 4965 3476 5032 pra-i-

1910 5068 1998 5122 bat
2046 5067 2263 5134 insignia
2293 5082 2305 5116 :
2338 5066 2484 5116 stella
2532 5063 2670 5113 enim
2711 5075 2826 5126 qum
2869 5055 3152 5109 nativitatis
3196 5053 3474 5107 dominica:

1908 5158 2062 5213 index
2089 5157 2203 5215 fuit,
2222 5171 2322 5207 non
2353 5165 2406 5206 ut
2431 5163 2636 5206 uetera:
2664 5150 2871 5203 luci-bat
2906 5150 2953 5198 in
2980 5145 3234 5208 tenebris,
3266 5145 3358 5198 sed
3385 5159 3477 5212 per

1909 5252 2046 5305 diem
2077 5247 2366 5312 refulgebat
2399 5249 2447 5298 in
2480 5244 2629 5307 sole;
2662 5251 2712 5295 et
2740 5242 2849 5294 sole
2891 5249 2942 5292 et
2964 5238 3050 5291 die
3093 5238 3142 5290 in
3192 5236 3475 5304 splendore

1911 5354 2184 5411 superato;
2220 5356 2321 5394 n0n
2353 5340 2499 5407 quasi
2527 5354 2642 5406 quae
2671 5335 2769 5388 lixa
2794 5342 2936 5387 esset
2959 5334 3007 5384 in
3037 5331 3194 5395 cado,
3223 5330 3315 5384 sed
3341 5344 3474 5397 pne-

1910 5435 2106 5490 cedeos
2147 5433 2325 5498 Specie
2353 5431 2480 5483 mira
2522 5429 2686 5496 magis
2725 5425 2792 5479 ad
2834 5423 3230 5493 inquisitionem
3267 5417 3472 5471 lioniini

1909 5525 2249 5598 pergentibus
2276 5525 2411 5576 viam
2451 5521 2503 5574 in
2545 5517 2734 5573 itinere
2781 5514 3199 5571 demonstrabat.
3239 5510 3473 5578 Denique

1983 5699 2060 5769 (1)
2089 5697 2253 5756 Codd.
2281 5706 2387 5749 aut.
