3910 6212
205 292 237 345 ι
256 292 355 347 309

927 289 1197 344 ΝΟΤΠΊΑ
1230 288 1586 345 lllS'l'OlilCA
1631 289 1715 344 DE
1755 288 1905 345 OSlO
1946 290 2271 345 EPISCOPO
2299 290 2745 345 (ZORDIEBENSI.

3327 295 3463 349 1310

207 408 297 458 dit
347 405 412 457 ad
442 403 586 461 illam
612 420 629 456 :
685 404 863 455 Omnis
906 404 991 471 qui
1018 419 1077 455 ea:
1123 420 1253 471 aqua
1294 403 1389 456 ista
1417 402 1629 467 biberit,
1663 403 1793 456 sitiet
1822 405 1875 467 Α
1900 403 2039 457 Dixit
2061 414 2105 457 et
2133 405 2263 458 stetit
2286 405 2495 474 spiritus
2514 406 2772 475 potestatis
2800 447 2813 469 ,
2834 415 2882 458 et
2909 406 3121 459 exulaui
3143 417 3259 460 sunt
3281 408 3465 478 [tm-tos

206 497 405 550 iterum
427 512 445 549 :
482 496 567 563 qui
620 507 783 548 autem
836 494 1010 547 biberit
1041 511 1102 548 ea:
1130 510 1259 563 aqua
1281 535 1296 557 ,
1320 510 1472 563 quam
1498 510 1587 565 ego
1610 493 1791 546 dedero

211 588 301 641 illi
326 628 341 651 ,
374 602 471 639 non
495 585 627 639 sitiet
657 585 709 638 in
739 596 1021 651 temnunt;
1049 587 1136 639 sed
1179 586 1269 639 erit
1292 588 1407 656 fons
1441 601 1584 657 aqua!
1610 585 1793 638 salien-

216 681 288 733 tis
319 681 371 733 in
398 680 549 732 vitam
575 687 833 732 teternnnt.
869 676 1008 746 Ergo
1037 693 1141 729 non
1173 678 1379 730 sitierat
1402 677 1641 744 accipere
1662 715 1676 741 ,
1701 674 1794 731 sed

217 768 358 824 dare
384 812 397 831 .
428 769 515 839 qui
540 768 769 823 divinam
801 765 879 837 (l)
933 767 1286 836 pr0ttti;tendo
1317 767 1483 821 dedit.
1517 767 1591 821 Ita
1615 776 1671 820 ut
1708 783 1789 820 re-

222 858 351 913 licta
383 858 568 931 hydria
595 874 687 912 sua
714 858 940 923 mulier,
984 858 1145 912 oblita
1195 858 1313 911 sitis
1344 857 1536 913 veteris
1560 898 1574 920 ,
1608 858 1792 914 Sarna-

220 953 320 1006 τίω
348 952 555 1006 caeteris
586 950 935 1006 Samaritanis
961 948 1243 1004 adventum
1272 948 1433 1019 ipsius
1463 948 1791 1019 praedicaret.

224 1044 343 1099 Hoc
370 1046 583 1100 sitiebat
614 1043 866 1098 Dominus
907 1042 1099 1097 docere
1138 1042 1413 1096 mulierem
1434 1081 1446 1100 .
1502 1056 1657 1109 quam
1688 1040 1793 1110 jam

223 1138 428 1195 sciebat
450 1152 567 1192 esse
592 1148 861 1205 paratam:
894 1150 999 1189 non
1030 1150 1218 1203 aquam
1253 1144 1517 1187 terrenam
1569 1140 1753 1201 petens
1779 1171 1794 1195 ,

223 1229 325 1287 sed
354 1244 417 1283 ex
446 1227 698 1295 petitione
724 1227 856 1281 dans
884 1242 1071 1297 aquam
1104 1226 1279 1279 vivam
1301 1267 1313 1291 ,
1346 1239 1464 1293 qua:
1490 1222 1687 1277 fontem
1721 1222 1797 1278 le-

225 1320 298 1376 cit
324 1320 600 1374 salientem
635 1320 685 1372 in
710 1319 872 1372 vitam
898 1328 1177 1372 teternam.

296 1409 486 1466 XXVI.
532 1410 708 1466 Sitivit
738 1411 926 1463 iterum
957 1410 1006 1461 in
1028 1422 1187 1463 cruce
1216 1407 1371 1462 Jestts
1392 1449 1406 1473 ,
1458 1415 1511 1461 et.
1531 1405 1794 1461 exclama-

224 1502 345 1556 vit:
374 1501 527 1556 Sitio.
562 1500 665 1555 Sed
696 1514 855 1553 causa
886 1499 1002 1553 sitis
1032 1499 1147 1569 ejus
1186 1497 1300 1551 inec
1344 1496 1462 1552 fuit.
1510 1497 1799 1551 Crucillxe—

226 1604 349 1648 rant
379 1609 499 1647 eum
524 1633 539 1658 ,
575 1607 673 1646 nec
702 1600 877 1646 tamen
903 1591 979 1645 sic
1010 1602 1160 1645 erant
1187 1592 1397 1645 satiati:
1432 1589 1605 1644 adhuc
1633 1587 1796 1642 habe-

225 1683 357 1739 bant
387 1698 605 1753 peccare
631 1700 644 1735 :
670 1692 719 1737 et
743 1697 863 1736 cum
892 1682 942 1735 in
970 1696 1119 1750 pmna
1146 1682 1327 1747 positis
1348 1683 1504 1736 etiam
1530 1680 1681 1734 malis
1704 1678 1799 1737 ho-

1895 498 2023 568 ejns.
2055 494 2205 563 Quod
2233 506 2408 550 autem
2442 497 2485 550 is
2509 496 2959 565 dispensationem
2988 514 3200 554 omnem
3227 541 3242 563 ,
3278 502 3346 555 ita
3374 518 3465 571 μὴ

1896 587 2091 650 reudo,
2124 588 2467 657 compleverit
2497 604 2590 658 per
2618 601 2837 643 mortem
2858 631 2872 655 ,
2911 605 3338 661 ascensurusque
3378 610 3462 648 cs-

1894 688 1977 734 set
2010 678 2073 733 ad
2099 680 2296 745 malos,
2334 679 2473 742 illico
2527 680 2602 750 (l)
2658 680 2926 749 subjunxit
2976 681 3158 736 dicens
3186 699 3198 735 :
3225 682 3461 741 Ascendit

1895 787 2053 839 usque
2078 772 2144 822 ad
2165 772 2312 824 corios
2331 811 2347 836 ,
2384 781 2427 823 et
2468 770 2725 823 descendit
2753 788 2907 841 usque
2935 772 3002 825 ad
3026 772 3252 843 abyssos.

1968 860 2177 915 XXVII.
2219 861 2283 915 Et
2316 862 2415 915 hoc
2444 868 2617 915 tamen
2648 862 2767 916 licet
2789 878 2815 913 a
2846 862 3023 917 divino
3053 863 3236 932 spiritu
3264 863 3459 925 dictum

1895 953 2217 1008 credendum
2248 963 2360 1018 est;
2391 962 2564 1007 tamen
2593 994 2607 1018 ,
2640 964 2695 1006 ιιι
2721 962 2912 1008 αηιετε
2939 994 2954 1019 ,
2985 956 3144 1009 etiam
3178 957 3276 1011 hoc
3323 958 3459 1029 pity-

1897 1044 2019 1098 sicis
2048 1044 2339 1097 rationibus
2368 1044 2547 1114 paucis
2583 1045 2995 1114 comprobemus
3040 1046 3138 1118 (Ξ).
3182 1046 3461 1109 Lilteratos

1895 1153 1923 1190 a
1956 1140 2126 1190 morte
2158 1136 2402 1205 passione
2430 1136 2691 1191 dominica
2717 1152 2813 1191 nos
2836 1138 3026 1191 iterum
3058 1138 3123 1192 ad
3149 1137 3461 1195 immortali-

1900 1231 2020 1283 tatis
2051 1240 2245 1284 8tatum
2275 1228 2556 1297 perduxit;
2582 1245 2642 1283 ac
2667 1244 2763 1283 nos
2798 1231 2941 1298 prius
2970 1232 3173 1285 cmlesti
3205 1232 3456 1301 impares,

1900 1336 2037 1377 nunc
2066 1321 2371 1376 C(BlBSllbllS
2401 1321 2642 1375 sociavit.
2677 1321 2998 1388 Quibusdam
3029 1331 3202 1377 tamen
3231 1323 3331 1378 hoc
3376 1325 3455 1380 vi-

1896 1414 2050 1468 detur
2077 1412 2326 1481 injustum
2352 1428 2367 1478 ;
2396 1428 2497 1465 non
2526 1412 2645 1481 quia
2673 1427 2774 1465 non
2805 1422 2977 1480 potest
3006 1413 3174 1479 Deus,
3205 1417 3299 1468 sed
3338 1416 3459 1484 quia

1894 1504 2110 1575 iustitiae
2137 1519 2243 1557 suae
2276 1518 2378 1555 non
2403 1503 2690 1557 convenire
2712 1503 2954 1558 videatur
2978 1546 2993 1568 ,
3023 1520 3143 1559 eum
3175 1508 3452 1576 protOpIa-

1899 1606 2035 1650 stum
2063 1596 2217 1665 culpa
2247 1594 2418 1648 adhuc
2448 1610 2672 1648 Vacnum
2703 1605 2756 1647 et
2786 1609 2813 1646 a
2842 1595 3067 1650 crimine
3095 1596 3351 1660 alienum,
3378 1614 3461 1666 pa.

1902 1687 2061 1741 radisi
2111 1695 2312 1739 tanturn
2364 1685 2637 1739 dominum
2694 1686 3065 1751 prrestitisset,
3122 1684 3225 1741 hoc
3262 1686 3458 1743 donum

226 1775 463 1829 minibus
490 1774 788 1828 communis
815 1783 1016 1827 natura:
1041 1774 1261 1828 all‘ectus
1291 1773 1651 1827 misericordia
1699 1772 1790 1825 de-
1823 1783 1871 1843 Β
1902 1781 1989 1833 Dei
2015 1788 2321 1847 competens
2345 1777 2662 1846 iudicando;
2692 1792 2831 1831 nunc
2882 1784 2998 1847 post
3046 1788 3318 1847 peccatum
3375 1780 3459 1835 of.

227 1870 456 1934 bentur;
484 1868 605 1923 huic
624 1910 637 1933 ,
666 1869 817 1935 cujus
850 1869 900 1921 in
923 1868 1170 1922 curandis
1213 1866 1601 1921 infirmitatibus
1630 1864 1793 1920 bene-

228 1960 348 2015 ﬁcia
380 1969 688 2025 senserant,
721 1976 984 2029 quemque
1018 1962 1130 2013 sine
1161 1960 1380 2014 crimine
1431 1958 1794 2028 oppetissent,

225 2061 417 2106 contra
449 2052 745 2105 naturalem
797 2051 1173 2106 misericordia:
1231 2064 1428 2105 tnotttnt
1479 2051 1637 2106 etiant
1682 2058 1798 2117 prst

226 2157 442 2198 crucem
476 2144 835 2210 insultahant;
882 2145 934 2197 in
969 2155 1168 2199 tantum
1215 2147 1413 2217 impleti
1443 2146 1627 2214 spiritu
1658 2144 1799 2199 furo-

226 2234 337 2302 ris,
371 2244 431 2288 ut
456 2235 721 2289 sitientem
754 2248 997 2304 petarent
1023 2248 1194 2292 aceto.
1221 2238 1284 2291 Et
1310 2238 1397 2307 qui
1428 2238 1799 2307 prornptoani-

227 2341 321 2381 mo
348 2328 647 2395 passionem
672 2328 933 2397 suscepit,
965 2344 1059 2383 nec
1092 2330 1192 2384 hoc
1239 2331 1432 2384 invitus
1477 2328 1713 2399 accepit:
1745 2340 1798 2383 et

227 2432 489 2489 quantum
515 2421 592 2476 illi
619 2423 930 2478 audaciores
958 2426 1021 2477 ad
1050 2424 1318 2480 inferenda
1351 2428 1603 2495 supplicia
1630 2468 1643 2492 ,
1677 2435 1797 2481 tan-

230 2519 346 2564 tum
392 2511 481 2566 ille
525 2512 588 2567 ad
636 2513 1024 2581 suscipiendam
1077 2515 1319 2587 injuriam
1370 2517 1795 2586 mitis:quorum

227 2599 450 2661 malitia:
477 2617 636 2671 opera
669 2603 930 2672 aspiciens
959 2605 1181 2660 necdum
1212 2621 1331 2660 esse
1374 2607 1634 2676 completa
1661 2647 1675 2670 ,
1708 2623 1800 2661 ex-

228 2689 512 2745 clamavit:
543 2692 693 2749 Sitio.
727 2692 825 2761 Qui
853 2694 917 2748 ad
948 2696 1363 2751 cumulationem
1395 2697 1600 2765 injuriae
1630 2738 1645 2763 ,
1677 2712 1798 2753 ace-

232 2790 342 2835 tum
366 2782 627 2837 dederunt
653 2804 665 2838 :
699 2800 801 2839 non
831 2794 1003 2841 tamen
1027 2786 1139 2853 ipse
1164 2797 1220 2841 ttt
1245 2800 1451 2841 acetum
1481 2791 1794 2857 ingererent,

232 2875 579 2942 provocnrit;
611 2875 703 2930 sed
730 2876 869 2947 quod
897 2877 971 2930 illi
1001 2878 1050 2931 ei
1076 2878 1368 2943 dederunt,
1403 2889 1590 2948 sponte
1619 2893 1797 2932 susce-

230 2965 329 3037 pit.
365 2966 508 3020 Talis
537 2968 743 3022 Domini
772 2970 908 3025 sitis.
935 2970 1168 3039 Dcnique
1192 2979 1411 3037 accepto
1441 2970 1756 3024 exclamavit
1782 2989 1794 3025 :

232 3056 645 3111 Consummatur»
668 3070 759 3114 est.
793 3058 859 3113 Et
888 3062 1122 3114 continuo
1153 3062 1370 3115 reddidit
1392 3062 1640 3133 spiritum.
1670 3061 1797 3115 Dor-

1899 1869 2300 1938 l‘eusionemque
2332 1877 2580 1923 revocato
2605 1910 2618 1932 ,
2649 1883 2767 1921 cum
2802 1884 2905 1922 non
2937 1877 3079 1923 esset
3106 1885 3289 1938 parum
3319 1871 3382 1923 ad
3408 1871 3458 1935 id

1897 1961 2121 2016 rediisse
2150 1960 2289 2031 quod
2314 1960 2515 2025 fuerat,
2543 1970 2596 2013 et
2632 1959 2871 2014 coelestia
2904 1975 3062 2028 regna
3113 1963 3456 2017 concesserit.

1898 2051 2045 2119 Quod
2080 2062 2252 2104 tamen
2281 2050 2634 2119 justissimum
2656 2050 3047 2117 comprobatur.
3074 2050 3126 2106 Si
3148 2052 3286 2105 enim
3314 2054 3461 2122 prius

1897 2143 2063 2212 gratia
2094 2157 2183 2196 sua
2205 2183 2219 2208 ,
2254 2142 2409 2195 nullis
2437 2141 2735 2195 devotionis
2762 2140 2953 2195 oiliciis
2987 2145 3327 2210 promerenti,
3363 2160 3454 2212 pa-

1900 2234 2059 2287 radisi
2086 2232 2267 2288 sedem
2299 2229 2497 2287 homini
2529 2248 2895 2299 concesserat;
2942 2233 3119 2302 utique
3160 2251 3300 2290 nunc
3332 2251 3461 2290 con-

1901 2334 1978 2379 tra
2008 2326 2383 2393 impatientiam
2415 2325 2591 2379 carnis
2632 2340 2694 2378 ac
2722 2324 2987 2379 desideria
3033 2326 3322 2396 iniquitatis
3354 2328 3460 2397 jam

1900 2427 2039 2470 mota
2065 2457 2078 2481 ,
2107 2427 2291 2470 centra
2319 2414 2498 2468 mundi
2529 2415 2817 2484 principem
2846 2424 2899 2469 et
2927 2426 3216 2485 potestates
3239 2418 3354 2487 ejus
3380 2434 3465 2473 re-

1900 2517 2251 2577 pugnantem,
2285 2507 2482 2561 saeculo
2510 2507 2740 2573 calcato;
2763 2507 2979 2562 caeleste
3007 2510 3277 2577 pratmium
3297 2524 3460 2579 Opor-

1902 2601 2000 2652 tuit
2030 2612 2345 2665 repensare;
2378 2606 2436 2650 ut
2465 2608 2511 2651 et
2543 2597 2586 2651 is
2616 2599 2700 2665 qui
2722 2640 2735 2661 ,
2783 2598 3039 2653 imitando
3074 2600 3269 2665 Deum,
3301 2602 3463 2660 vitam

1899 2688 2130 2743 divinam
2169 2690 2219 2742 in
2252 2690 2405 2743 terris
2430 2688 2615 2743 habuit
2635 2691 2955 2744 constitutus
2983 2690 3033 2742 in
3063 2706 3310 2760 corpore,
3339 2708 3461 2749 eum

1900 2780 2088 2835 eodem
2120 2794 2344 2847 corpore
2362 2780 2470 2847 jam
2500 2779 2787 2832 immortali
2815 2779 2951 2834 facto
2982 2781 3146 2835 caelos
3175 2781 3461 2850 habitaret,

1895 2872 2003 2943 jam
2038 2872 2265 2925 terrenis
2292 2871 2535 2925 sublatis.
2573 2872 2767 2926 Deinde
2791 2872 2855 2925 ad
2901 2871 3057 2940 hujus
3086 2875 3321 2927 muneris
3341 2890 3465 2927 catt-

1901 2981 2010 3021 S'Jttt
2043 2965 2170 3019 illud
2201 2964 2435 3030 accedit,
2468 2965 2606 3033 quod
2641 2965 2854 3035 dignum
2886 2974 2967 3019 est
2989 2981 3203 3020 carnem
3234 2967 3464 3021 hominis

1900 3056 2049 3111 caelis
2089 3056 2315 3117 inferre,
2367 3055 2519 3123 cujus
2549 3055 2813 3109 habitator
2873 3056 3012 3110 Deus
3055 3072 3172 3110 esse
3221 3056 3467 3125 dignatus

230 3146 383 3201 mivit
413 3150 567 3202 etiam
599 3147 755 3204 Iesus
777 3192 790 3215 ,
823 3166 925 3204 non
959 3167 1144 3206 somno
1180 3156 1352 3206 victus
1398 3164 1455 3207 ut
1491 3153 1758 3208 videretur
1780 3193 1795 3217 ,
1826 3147 1870 3210 C
1901 3159 2017 3204 est:
2051 3163 2150 3202 nec
2180 3156 2355 3216 potest
2380 3146 2547 3201 videri
2577 3147 2844 3201 hominem
2872 3155 3056 3200 eontra
3103 3149 3347 3202 meritum
3389 3150 3466 3201 fa-

229 3237 324 3291 se‘d
354 3246 411 3291 ut
435 3251 575 3292 esset
603 3239 733 3293 ordo
759 3242 968 3298 virtutis
996 3241 1275 3297 faciendae.
1304 3243 1557 3297 Dormivit
1580 3243 1720 3296 enim
1745 3253 1801 3296 ut

229 3328 538 3383 incitaretur
577 3346 757 3393 mare,
809 3340 865 3385 ut
905 3331 1144 3400 discipuli
1182 3334 1427 3387 timentes
1474 3332 1800 3400 postularent

229 3419 484 3473 auxilium
511 3461 526 3485 ,
556 3431 609 3472 ut
633 3421 944 3490 impleretur
973 3422 1246 3491 prophetia
1272 3422 1433 3476 David
1463 3440 1578 3491 qua:
1599 3423 1650 3476 in
1676 3438 1801 3477 ceu.-

236 3509 432 3563 tc.~imo
455 3520 509 3563 et
533 3519 683 3563 sexto
711 3511 916 3579 psalmo
944 3514 1318 3581 pronuntialnt
1349 3514 1559 3567 dicens:
1589 3515 1797 3566 Annuu-

229 3602 418 3653 tientur
438 3617 591 3669 opera
616 3603 724 3673 ejus
752 3604 804 3656 in
828 3604 1162 3659 exultatione.
1199 3605 1299 3672 Qui
1327 3606 1633 3660 descendunt
1659 3624 1797 3662 more

224 3693 284 3746 in
312 3693 522 3747 navibus
542 3735 557 3759 ,
587 3697 671 3765 qui
699 3698 889 3765 faciunt
918 3709 1144 3765 questum
1176 3699 1229 3751 in
1272 3701 1415 3768 aquis
1449 3699 1649 3765 multis,
1696 3700 1797 3767 ipsi

226 3784 460 3840 viderunt
490 3803 644 3857 opera
668 3787 875 3843 Domini
914 3800 958 3844 et
1000 3789 1253 3845 mirabilia
1276 3794 1382 3863 ejus
1420 3791 1473 3844 in
1517 3793 1789 3862 profundo.

297 3989 376 4059 (1)
416 3988 512 4044 Vel
536 3990 770 4061 intelligo
799 4008 984 4064 aquam
1007 4037 1021 4060 ,
1064 3993 1149 4048 vel
1177 3993 1353 4049 scribe
1380 3994 1571 4050 divina.

1899 3250 2040 3299 ctum
2076 3254 2195 3292 esse
2224 3239 2449 3293 incolam
2482 3239 2605 3295 emli
2633 3279 2647 3303 ,
2687 3238 2835 3307 cujus
2878 3238 3117 3307 vaginam
3169 3254 3273 3292 non
3317 3239 3463 3293 dedi-

1898 3344 2086 3402 gnatus
2126 3330 2191 3383 sit
2236 3331 2452 3397 spiritus
2498 3331 2611 3399 ipsc
2643 3330 3153 3399 Deus:justumque
3204 3329 3300 3383 fuit
3342 3344 3465 3383 cor.

1901 3438 2029 3492 pus,
2062 3423 2113 3475 in
2151 3436 2256 3490 quo
2286 3421 2423 3474 Deus
2452 3419 2771 3485 habitando,
2799 3430 2990 3474 terram
3038 3421 3257 3474 visitare
3282 3420 3468 3487 dignm-

1902 3522 1983 3567 ttts
2030 3522 2137 3574 est,
2194 3527 2287 3581 per
2324 3511 2463 3581 quod
2497 3512 2761 3582 particeps
2801 3512 2965 3564 nostri
2997 3510 3063 3565 ad
3093 3510 3467 3565 immortalita-

1902 3613 2005 3658 tem
2054 3619 2220 3672 genus
2275 3613 2512 3656 nostrum
2569 3602 2840 3671 perduxit,
2897 3604 3130 3657 etiamin
3155 3602 3472 3660 caelestibus

1898 3696 2178 3750 collocare.
2216 3694 2310 3749 Ubi
2344 3709 2568 3763 namque
2596 3694 2684 3747 Dei
2726 3693 2977 3746 habitatio
3004 3707 3123 3747 esse
3151 3692 3328 3754 debet.
3358 3693 3458 3747 nisi

1898 3787 1949 3841 itt
1980 3803 2142 3857 regno
2170 3786 2262 3842 Dei
2288 3788 2310 3840 ?
2343 3785 2441 3841 Ubi
2467 3798 2642 3841 autem
2668 3801 2889 3856 regnum
2919 3784 3032 3855 ejus
3065 3786 3162 3839 nisi
3192 3786 3244 3839 in
3275 3786 3463 3841 caelis?

1967 3923 2043 3993 (l)
2084 3923 2249 3978 Codd.
2272 3925 2401 3977 loco.

1967 3925 2012 3993 (l
2084 3923 2401 3978 Codd.loco.

1966 3922 2043 4068 (ἓξ
2083 3993 2249 4049 Codd.
2287 3993 2687 4067 comprobamus.

226 4136 3441 4176 ww

1444 4250 1580 4292 ANNO
1608 4250 1785 4292 DOIINI
1810 4252 2245 4295 CCCLVl-CCCLVII.

1479 4389 2213 4555 OSIUS

692 4648 1653 4781 EPISCOPUS
1765 4658 3037 4793 CORDUBENSIS.

1355 4963 2351 5057 PROLEGOMENA.

778 5102 1108 5165 NOTITIA
1148 5103 1575 5165 HISTORICA
1618 5104 1721 5164 DE
1763 5102 1946 5165 OSIO
1984 5105 2367 5168 EPISCOPO
2400 5106 2917 5171 CORDUBENSI.

1281 5211 1300 5280 (
1327 5209 1408 5263 Em
1451 5208 1690 5265 Galland.
1720 5209 2096 5281 Prolegomen.,
2125 5223 2276 5281 caput
2311 5228 2363 5267 ι.
2396 5211 2417 5286 )

291 5328 475 5384 Osittm
502 5370 518 5393 ,
560 5334 718 5397 gente
764 5328 1051 5398 Hispanum
1082 5373 1095 5397 ,
1150 5332 1431 5386 ecclesiam
1488 5332 1795 5389 Cordubem

220 5437 336 5479 sem
363 5422 417 5476 in
442 5420 708 5491 provincia
738 5420 933 5476 Bmtiea
963 5438 1056 5491 per
1081 5438 1248 5477 annos
1271 5421 1436 5479 ferme
1464 5425 1794 5496 septuaginta

220 5515 427 5570 rexisse
465 5520 796 5583 compertum
850 5512 1125 5569 habemus.
1170 5513 1451 5571 lnnumora
1480 5531 1646 5586 prope
1674 5526 1797 5572 sunt

224 5606 333 5663 Osii
377 5605 571 5676 elogia,
602 5620 721 5676 qua:
742 5604 879 5676 apud
901 5613 1112 5661 veteres
1133 5616 1367 5662 exstant.
1389 5607 1649 5664 Eusebius
1680 5606 1790 5681 (l):

295 5716 376 5785 (1)
405 5716 588 5773 Euseb.
624 5717 698 5775 De
719 5717 825 5777 Vit.
848 5715 1204 5788 Constant.,l.
1228 5734 1310 5791 ιιι,
1336 5734 1386 5776 e.
1423 5720 1475 5775 7.

1904 5352 1923 5386 ‹
1956 5333 2044 5388 Vir
2073 5335 2189 5401 fuit,
2246 5336 2436 5408 inquit,
2471 5337 2641 5392 multo
2670 5335 2908 5390 omnium
2940 5347 3190 5389 sermone
3240 5330 3473 5387 celebra—

1897 5435 2012 5491 tus,
2047 5445 2065 5478 ι
2098 5426 2123 5481 ὁ
2150 5428 2280 5482 πάνυ
2301 5429 2568 5501 βοώμενος.
2594 5427 2774 5495 Neque
2806 5426 2963 5480 aliter
2982 5424 3335 5480 Tlteodoritus
3363 5422 3463 5494 (Ξ),

1896 5516 1979 5570 cui
2000 5515 2191 5571 dicitur
2213 5536 2230 5569 ι
2255 5520 2487 5572 omnium
2511 5520 2666 5588 longe
2685 5516 3017 5575 clarissimus
3044 5530 3204 5571 senex
3228 5532 3246 5565 ι
3274 5515 3473 5567 πάντων

1972 5716 2318 5791 (2)Τ1ιεοάοτ.
2351 5719 2487 5777 Hist.
2512 5720 2731 5789 eccles.,
2760 5720 2888 5794 l._u,
2912 5735 2964 5777 c.
2993 5719 3079 5775 15.
