3910 6212
462 232 600 296 litis

1585 235 1781 296 OSIUS
1820 232 2186 294 EPISCOPUS
2212 236 2693 298 CORDUBENSIS.

3585 241 3723 302 1516

461 370 505 406 c.
535 355 568 408 9
596 363 641 407 et
663 349 758 421 t0)
782 350 1023 407 formulis
1048 350 1301 406 adversus
1322 349 1586 406 Nicaenam
1612 353 1889 423 ernigatis,
1914 367 2031 405 ont-
2065 357 2104 413 ,⁸,
2138 352 2433 407 dit.ilarnm
2449 354 2657 425 rertnn(
2667 353 2825 425 Epist.
2848 354 3030 409 concil.
3048 356 3722 427 Sardiccn.,apudAthan.,

462 447 546 499 nia
572 460 767 515 susque
790 446 960 516 deque
1007 444 1310 509 miscerent,
1343 445 1534 509 Julius,
1558 454 1615 499 ut
1641 445 1849 499 afflictis
1881 444 2038 498 rebus

460 539 786 604 eonsnleret,
832 539 1101 608 negotium
1134 537 1197 591 ad
1226 540 1566 591 Constantem
1596 538 1850 607 (Sozam,
1882 536 1918 589 l.
1960 551 2036 601 ιιι,

461 647 507 683 c.
558 630 624 695 9;
656 629 925 696 Tlteod.,l.
957 646 1015 692 ιι,
1038 648 1081 683 c.
1115 630 1179 700 5)
1231 628 1557 697 detniit.Qui
1578 644 1696 683 cmn
1724 627 2040 683 Constantio

462 720 633 786 fratri,
666 722 753 791 qui
787 722 1046 776 orientem
1076 720 1453 775 moderabatur
1482 721 1735 789 (Sacrat.,
1770 720 1803 772 l.
1838 735 1895 781 ιι,
1923 735 2036 787 cap.

464 809 586 879 16).
615 826 705 878 per
730 810 1256 883 iitterasutsynodns
1276 822 1557 879 cogeretur
1582 812 1833 865 suasisset
1860 827 1873 865 :
1905 824 2038 879 pon-

466 903 622 957 tificis
641 907 957 958 auctoritate
983 902 1142 975 (nam
1166 904 1231 956 de
1258 902 1508 973 (Alliam,
1536 902 1672 971 apol.
1704 902 1759 961 2.
1784 912 1829 953 et
1856 917 1936 969 ep.
1974 899 2041 952 ad

464 994 599 1047 salit.
630 995 718 1047 ait.
750 994 922 1065 open.)
952 994 1228 1063 prtestituti
1253 993 1315 1047 ad
1346 992 1632 1048 concilium
1662 994 1918 1059 temporis
1942 1007 2037 1043 an-

462 1087 632 1156 gustia
651 1087 895 1141 nonnulli
911 1088 1198 1141 orientales
1215 1086 1447 1155 episcopi
1466 1100 1584 1139 eum
1598 1082 2037 1152 criminabantur)

463 1176 953 1248 imperatorumque
983 1178 1235 1244 (Socrat.,
1285 1176 1372 1231 lib.
1407 1193 1464 1242 ιι,
1516 1192 1627 1244 cap.
1682 1173 2037 1239 16;Sozom.,

463 1270 552 1323 lib.
598 1285 675 1336 ιιι,
705 1287 752 1325 c.
787 1269 1171 1339 ll)consensu
1222 1270 1359 1338 apud
1404 1270 1675 1325 Sardicam
1722 1268 1916 1339 Illyrici
1950 1283 2037 1321 ur-

464 1360 583 1415 bern
608 1366 843 1432 synodus
862 1362 1129 1431 generalis
1151 1360 1419 1424 indicitur,
1433 1359 1627 1414 Rufino
1644 1358 1880 1429 (Atinam,
1899 1356 2036 1427 apol.

461 1450 496 1504 2
516 1470 527 1513 ;
548 1450 768 1517 Μερόη
789 1452 827 1506 ι.
846 1466 905 1514 ιι,
920 1469 965 1505 c.
982 1451 1036 1515 7;
1057 1449 1282 1518 Socrat.,
1301 1453 1381 1505 ubi
1395 1451 1537 1521 sup.)
1556 1461 1607 1505 et
1622 1449 1850 1504 Eusebio
1862 1448 2035 1513 Cass,

463 1558 605 1598 anno
634 1552 753 1613 post
793 1545 994 1598 obitttttt
1042 1543 1375 1598 Constantini
1402 1543 1700 1598 undecimo.
1744 1542 1820 1595 Eo
1848 1556 2041 1595 conre-

465 1650 593 1689 ncre
618 1633 853 1703 (Alliam,
896 1636 1101 1704 npolog.
1126 1633 1181 1705 2)
1206 1634 1440 1704 episcopi
1469 1634 1678 1688 circiter
1708 1632 1920 1686 ducenti
1952 1646 2042 1686 oc-

2140 447 2337 515 npol.2,
2353 459 2397 500 ct
2419 448 2548 501 idem
2563 450 2729 502 Atlmn
2768 451 2818 503 in
2836 468 2913 522 cp.
2933 451 3001 504 od
3026 453 3163 506 salit.
3184 454 3275 507 vit.
3299 470 3468 523 ngam;
3487 454 3723 520 ὅσσαι,

2141 537 2229 592 lib.
2262 556 2317 601 ιι,
2344 540 2566 612 cop.lti;
2601 541 2828 608 Sozam,
2852 543 2940 596 lib.
2988 560 3066 611 ιιι,
3098 561 3143 598 c.
3179 545 3269 617 Η)
3297 546 3638 612 indignitate,
3672 555 3727 602 et

2142 630 2389 698 singulari
2426 630 2697 685 hominum
2744 634 3067 702 impudentia
3098 635 3348 690 commoti
3373 636 3727 692 Sardieenses

2145 729 2341 785 patres.
2374 721 2425 774 in
2456 737 2549 776 eos
2575 732 2628 776 ut
2648 738 2819 777 causa:
2840 726 3165 789 desertores,
3194 728 3571 783 criminatores
3601 729 3725 797 pio-

2142 824 2256 862 rum
2277 811 2533 874 omninm,
2562 821 2615 865 et
2642 813 2950 868 orthodoxa:
2984 816 3100 868 fidei
3130 818 3489 881 adversarios,
3526 818 3730 888 justis-

2141 900 2332 953 simum
2359 904 2637 956 anathema
2661 905 3023 967 conclamant;
3049 906 3378 975 Stephanum
3420 908 3691 962 Antioche
3710 938 3728 951 ο

2143 1008 2289 1057 num,
2324 994 2725 1063 Menophantem
2748 996 3095 1065 Ephesinutu,
3125 997 3429 1054 Narcissmu
3457 998 3729 1054 Neronia-

2142 1083 2244 1147 dis,
2278 1082 2613 1138 Theodorum
2665 1085 3089 1150 Heracleensem,
3124 1091 3375 1145 Acacium
3419 1090 3726 1147 Cursarieo-

2142 1187 2287 1237 sem,
2316 1172 2590 1229 Ursacium
2620 1185 2670 1229 et
2714 1175 2983 1231 Valentem
3012 1194 3077 1232 ex
3106 1180 3397 1249 episcOpali
3436 1180 3605 1251 gradu
3642 1180 3726 1235 di-

2142 1274 2381 1329 movent,
2414 1265 2725 1336 Gregorium
2764 1268 3045 1337 imprimis,
3082 1270 3168 1339 qui
3217 1271 3267 1323 in
3303 1271 3723 1326 Alexandrinam

2142 1356 2321 1411 sedem
2368 1358 2585 1411 armatis
2632 1358 2884 1414 militibus
2912 1371 3096 1429 sepius
3139 1362 3401 1430 irruperat
3432 1381 3444 1414 :
3479 1364 3723 1417 Athana-

2142 1450 2278 1503 sium
2308 1458 2362 1504 et
2390 1448 2565 1503 socios
2594 1449 2899 1505 honoritieis
2922 1452 3159 1521 judicnm
3192 1457 3470 1509 sententiis
3518 1470 3583 1510 ac
3625 1457 3726 1512 dcc

2140 1542 2300 1595 cretis
2318 1551 2551 1606 ornatos,
2582 1556 2796 1596 suarum
2821 1545 3008 1598 iterum
3033 1543 3220 1613 jubent
3241 1546 3585 1601 ecclesiarum
3619 1562 3718 1617 gu-

2142 1633 2422 1689 bernacula
2452 1650 2749 1705 capessere.
2784 1636 3131 1702 "()DIOUSitill,
3172 1637 3545 1709 Nica-uamque
3590 1642 3723 1695 doc-

466 1731 660 1797 toginta
690 1742 759 1782 ex
787 1726 1084 1791 occidente,
1115 1738 1169 1783 et
1190 1744 1258 1782 ex
1304 1730 1511 1782 oriente
1552 1729 1882 1797 septuaginta
1914 1740 2029 1780 sex.
2064 1732 2111 1791 Β
2139 1727 2350 1791 trinam,
2393 1736 2450 1780 ut
2496 1727 2658 1782 nullis
2698 1740 2938 1799 egentem
2968 1728 3205 1801 (ΑιΙιαιι.,
3237 1746 3318 1801 ep.
3362 1730 3431 1782 ad
3456 1730 3720 1800 Antioch.)

463 1822 619 1874 ()sius
647 1820 858 1892 (At/mn.
886 1820 1000 1875 ead.
1023 1822 1160 1889 apol.
1180 1821 1234 1880 2.
1256 1831 1300 1875 et
1324 1824 1467 1893 epist.
1497 1820 1564 1873 ad
1584 1822 1716 1874 salit.
1740 1822 1826 1874 vit.
1852 1835 2030 1887 ngam;

466 1910 670 1965 Socrat.
701 1922 745 1966 et
772 1909 949 1966 Tlieod
979 1954 995 1977 ,
1027 1913 1111 1965 ubi
1139 1912 1303 1983 sup.),
1335 1913 1682 1967 Archidamus
1708 1921 1761 1966 et
1794 1912 2036 1965 Philoxe-

465 2018 565 2057 ttus
592 2003 716 2058 Julii
748 2006 965 2059 nomine
995 2014 1275 2073 praeerant.
1303 2004 1480 2058 Adfuit
1506 2005 1752 2074 (Alliam,
1785 2003 1893 2055 loco
1910 2002 2032 2074 cit.)

462 2104 516 2147 et
549 2096 868 2149 Athanasius
893 2110 1011 2148 cum
1038 2094 1216 2162 sociis,
1248 2094 1312 2149 ad
1340 2093 1561 2149 Crimina
1606 2112 1826 2163 quorttm
1858 2102 2034 2163 postu-

465 2185 554 2239 lati
606 2185 831 2246 fuerant.
861 2186 1129 2240 diluenda.
1176 2186 1366 2241 Verum
1395 2186 1677 2241 orientales
1711 2187 1834 2238 .irio
1874 2186 2033 2254 pleni,

461 2288 582 2328 cunt
606 2276 963 2343 intelligerent
983 2290 1093 2331 rem
1117 2278 1372 2345 agendam
1395 2293 1513 2331 esse
1533 2277 1647 2330 sine
1673 2276 1921 2347 (Sacral.,
1946 2276 2031 2329 lib.

462 2381 523 2431 ιι,
551 2384 596 2420 c.
630 2367 728 2431 i6;
761 2366 1035 2432 Albanam,
1066 2369 1205 2436 apol.
1233 2368 1299 2439 2)
1323 2368 1653 2432 Musoniano,
1680 2368 1958 2439 llesychio,
1985 2377 2040 2422 et

462 2460 731 2527 Castritio,
759 2477 980 2531 quorum
1015 2461 1201 2515 muniti
1230 2460 1520 2524 lictoribus,
1552 2462 1916 2531 episcoporum
1946 2476 2036 2515 so-

462 2548 642 2605 iebant
668 2553 913 2607 obterere
944 2552 1239 2606 libertatem
1264 2553 1456 2606 :diftisi
1483 2566 1677 2615 caussa,
1697 2562 1748 2605 et
1774 2551 2036 2604 scelerum

461 2642 789 2696 conscientia
817 2641 1165 2706 consternati,
1199 2653 1449 2697 venturos
1490 2641 1737 2714 (Alliam,
1776 2642 1920 2709 epist.
1969 2641 2037 2693 ad

460 2733 597 2787 salit.
626 2734 711 2787 ait.
735 2751 908 2806 agam,
939 2744 985 2788 et
1015 2736 1153 2805 apol.
1179 2734 1236 2804 2)
1264 2750 1321 2789 se
1348 2735 1399 2788 in
1448 2733 1635 2805 synodi
1670 2742 2032 2802 conspectum,

461 2822 563 2876 nisi
595 2825 737 2893 prius
774 2826 1060 2880 Athanasio
1089 2838 1141 2880 et
1169 2826 1327 2880 sociis
1353 2825 1420 2880 de
1444 2826 1620 2881 medio
1652 2826 1834 2894 pulsis,
1863 2826 2035 2895 palam

463 2924 738 2983 negarunt.
778 2917 929 2984 Quod
951 2934 1071 2971 eum
1103 2918 1446 2973 Sardicenses
1475 2928 1649 2986 patres
1687 2918 1754 2972 de
1785 2920 2036 2973 innocen-

462 3007 601 3061 tibus
621 3023 682 3061 ac
708 3010 1058 3064 sanctissimis
1084 3011 1231 3074 viris,
1256 3011 1471 3079 jamque
1499 3010 1549 3064 in
1578 3010 1868 3065 Romanam
1895 3026 2037 3065 com-

2139 1818 2473 1884 assumentis,
2498 1819 2590 1873 sed
2632 1821 2863 1874 numeris
2891 1820 3136 1875 omnibus
3156 1822 3478 1886 absolutam,
3503 1822 3721 1893 religio-

2140 1912 2365 1966 sissimis
2392 1912 2862 1967 acclamationibus
2892 1913 3242 1982 comprobant
3262 1932 3275 1965 :
3295 1915 3539 1968 tabellam
3566 1931 3715 1982 vero,

2138 2017 2201 2056 ac
2228 2019 2414 2056 noram
2458 2004 2757 2070 formulam,
2789 2019 2941 2072 quam
2997 2004 3287 2059 adversarii
3332 2005 3610 2069 tinxerant,
3666 2016 3718 2063 et

2141 2096 2352 2150 nomine
2384 2096 2571 2167 synodi
2600 2097 2931 2151 Sardicensis
2951 2096 3247 2163 ediderant,
3282 2106 3340 2151 ut
3359 2099 3712 2154 adulterinam

2139 2201 2200 2239 ac
2228 2189 2613 2255 supposititiam
2640 2188 2915 2258 abrogant,
2956 2198 3113 2259 atque
3140 2188 3453 2244 rescindunt
3485 2209 3497 2243 :
3532 2191 3713 2260 viginti

2139 2278 2365 2344 denique
2408 2293 2639 2333 canones
2665 2280 2683 2351 (
2710 2278 2881 2333 Nicol.
2908 2280 2948 2346 l,
2990 2298 3069 2353 ep.
3120 2297 3195 2347 ιι,
3238 2284 3308 2335 ad
3348 2282 3615 2347 Pltotitmt,
3670 2294 3714 2338 et

2141 2366 2354 2438 Dionys.
2385 2370 2556 2441 Exig.,
2587 2374 2638 2423 in
2662 2372 2862 2441 praefat.
2892 2378 3163 2445 canonum)
3190 2390 3364 2440 gra‘ce
3390 2383 3447 2429 et.
3466 2377 3625 2432 latine
3655 2377 3703 2430 in

2140 2478 2473 2515 communem
2517 2463 2768 2517 Ecclesia:
2798 2464 3076 2518 utilitatem
3107 2467 3353 2520 sanciunt
3384 2484 3396 2518 :
3430 2468 3709 2537 omniaque

2147 2568 2252 2620 quo
2278 2554 2464 2606 ordine
2480 2564 2624 2623 gesta
2648 2564 2788 2617 sunt,
2807 2554 3085 2624 diligenter
3105 2557 3462 2623 perscribunt,
3489 2560 3706 2626 primum

2140 2640 2308 2711 (apud
2358 2641 2622 2710 (Ii-escort.)
2666 2642 2800 2697 Jnlio
2829 2643 3070 2699 Romano
3096 2646 3350 2715 pontifici,
3399 2651 3708 2717 ueterisque

2141 2732 2298 2801 (apud
2322 2732 2594 2797 Athonem,-
2613 2734 2745 2803 apol.
2779 2734 2835 2804 2)
2860 2735 3149 2804 episcopis;
3185 2747 3243 2789 ut
3286 2738 3350 2793 iis
3378 2754 3513 2807 quos
3533 2741 3705 2795 Ariani

2140 2822 2482 2890 iniustissime
2526 2833 2865 2889 vexaverant,
2909 2826 3094 2880 solatio
3120 2842 3180 2881 ac
3219 2829 3464 2898 perfugio
3490 2839 3701 2884 essent:

2139 2912 2326 2966 deinde
2358 2913 2727 2969 Alexandrina:
2750 2916 3011 2982 ecclesia,
3058 2919 3205 2987 cujus
3233 2930 3514 2991 tant0pere
3550 2924 3706 2978 inter-

2136 3012 2281 3067 erat,
2334 3018 2676 3074 quaecumque
2718 3005 2781 3057 ad
2822 3004 3092 3061 Athanasii
3139 3024 3352 3063 causam
3402 3013 3707 3081 spectabant

461 3100 768 3153 ntunionem
796 3101 1048 3171 receptis,
1078 3101 1371 3155 abnuerent
1394 3101 1739 3165 constituere,
1787 3102 2034 3154 Arianos-
2060 3103 2104 3167 C
2138 3112 2240 3150 non
2272 3097 2515 3165 ignorare
2541 3115 2554 3149 :
2583 3108 2689 3150 tum
2721 3096 2991 3152 Constanti
3045 3101 3298 3169 Augusto,
3328 3106 3415 3172 qui
3447 3105 3466 3170 (
3482 3106 3701 3170 Socrat.,

459 3205 562 3259 que
584 3190 771 3246 iterum
796 3203 955 3263 atque
981 3194 1169 3248 iterum
1197 3194 1671 3258 commonuissent,
1700 3204 1755 3246 ut
1784 3208 1814 3246 e
1841 3193 2035 3262 palatio

459 3295 564 3351 quo
594 3296 711 3336 sese
740 3280 980 3353 (Alliam,
1012 3282 1097 3336 ubi
1126 3281 1266 3353 sup.)
1297 3282 1627 3348 abdiderant,
1666 3284 1937 3349 prodirent
1982 3283 2033 3336 in

459 3371 714 3435 ntedium,
749 3372 941 3441 flagitia
963 3387 1083 3442 qua:
1114 3372 1405 3426 Athanasio
1447 3373 1803 3438 intenderant,
1838 3374 2033 3441 proba-

462 3464 595 3527 turi;
627 3463 856 3533 alioquin
888 3465 1031 3533 ipsos
1062 3479 1271 3519 reorum
1319 3464 1436 3518 loco
1464 3464 1733 3520 habendos
1762 3479 1881 3517 esse
1912 3480 1923 3515 :
1959 3462 2032 3518 illi

460 3561 564 3607 tam
600 3554 921 3623 incorruptis
960 3556 1196 3624 judicum
1245 3554 1508 3610 subselliis
1534 3569 1618 3609 res
1648 3569 1769 3609 suas
1814 3555 2033 3609 credere

458 3661 565 3699 non
592 3647 729 3710 ausi,
751 3647 885 3700 clam
912 3646 1271 3718 (Socrot.,lib.
1318 3662 1373 3712 ιι,
1398 3663 1512 3715 cap.
1544 3645 1635 3711 16;
1668 3646 1899 3711 Sozam,
1940 3646 2027 3699 lib.

457 3751 537 3802 ιιι,
556 3752 601 3789 c.
624 3736 711 3807 ιθ)
737 3735 1139 3807 Philippopolim
1159 3736 1392 3807 (Alliam,
1412 3754 1491 3806 ep.
1515 3737 1580 3791 ad
1598 3737 1854 3807 Antioch.)
1871 3736 2032 3792 Thra-

456 3830 554 3882 cia:
582 3827 851 3897 defugere.
880 3827 978 3883 Ubi
1003 3827 1258 3898 (Sozam.
1288 3828 1374 3880 lib.
1407 3842 1485 3894 ιιι,
1506 3844 1551 3880 c.
1602 3828 1699 3897 10)
1730 3844 1860 3880 nova
1908 3826 2031 3881 fidei

456 3918 706 3985 formula,
750 3921 891 3974 velut
918 3919 985 3973 ad
1030 3918 1351 3988 explendum
1382 3918 1519 3988 quod
1553 3917 1779 3971 Nicaeum
1825 3919 2027 3982 deerat,

454 4014 619 4081 edita,
642 4012 963 4067 damnarunt
990 4009 1352 4075 Homousiou;
1390 4012 1644 4064 adversus
1679 4008 2026 4063 Athanasium

454 4114 508 4159 et
536 4108 712 4158 socios
739 4118 833 4157 sua
859 4103 1072 4159 decreta
1098 4100 1516 4163 continuarunt;
1545 4100 1705 4165 lotio,
1737 4102 1883 4165 Osio,
1927 4115 2029 4154 ea:-

456 4197 688 4265 tcrisque
714 4196 989 4252 Athanasii
1016 4194 1308 4249 fautoribus
1332 4194 1615 4248 edixerunt
1642 4194 1947 4257 anathema,
1976 4199 2031 4247 et

451 4286 753 4355 episcOpale
812 4302 1001 4342 nomen
1033 4285 1125 4357 (S.
1168 4285 1327 4356 Aug.,
1374 4284 1461 4337 lib.
1506 4299 1563 4337 ιιι
1592 4293 1724 4335 cont.
1766 4281 2025 4346 Crucem,

451 4396 497 4431 c.
530 4371 619 4443 54,
650 4385 695 4430 et
721 4379 864 4447 epist.
898 4376 1038 4446 263)
1064 4377 1404 4446 abrogarunt.
1433 4376 1561 4442 Quae
1601 4374 1894 4443 omniaque
1911 4375 2026 4441 plus

2137 3186 2225 3239 lib.
2261 3202 2318 3253 tt,
2351 3205 2395 3240 c.
2428 3188 2527 3257 18)
2555 3204 2676 3242 mox
2705 3204 2797 3259 per
2834 3190 3037 3245 litteras
3064 3195 3169 3262 egit
3210 3210 3331 3249 cum
3376 3197 3542 3251 fratre
3572 3196 3705 3251 Con-

2136 3277 2350 3343 stantio,
2379 3288 2435 3332 ut
2457 3278 2616 3350 (quod
2645 3291 2697 3335 et
2728 3291 2906 3335 sancta
2935 3283 3168 3354 synodus
3195 3286 3434 3355 (Alliam,
3459 3290 3604 3358 epist.
3631 3289 3696 3343 ad

2136 3369 2272 3421 salit.
2298 3371 2387 3423 ait.
2416 3369 2590 3441 agen.)
2617 3372 2793 3426 missis
2821 3373 2885 3426 ad
2913 3388 3034 3429 eum
3081 3375 3348 3445 Eupbmta
3378 3378 3700 3448 Agrippinae,

2134 3470 2187 3513 et
2241 3459 2514 3515 Vincentio
2556 3460 2750 3531 Capua:
2780 3465 3060 3533 episcOpis,
3110 3466 3361 3539 rogabat)
3417 3469 3703 3525 Athanasio

2132 3564 2181 3607 et
2226 3555 2383 3607 sociis
2415 3563 2598 3606 contra
2640 3556 2715 3607 fas
2755 3566 2806 3607 et
2830 3554 2916 3624 jus
2942 3570 3099 3611 onme
3139 3556 3375 3626 depulsis
3411 3559 3523 3614 suis
3560 3554 3703 3614 reddi

2134 3644 2384 3699 ecclesias
2414 3644 2717 3711 imperaret.
2752 3646 2925 3714 Atque
2952 3646 3036 3702 hic
3066 3649 3160 3702 fuit
3187 3651 3377 3721 synodi
3416 3652 3697 3707 Sardiceno

2133 3736 2206 3789 sis
2233 3737 2426 3791 exitus.
2459 3735 2720 3803 Quooiant
2749 3747 2924 3791 autem
2957 3738 3084 3791 nihil
3113 3756 3329 3809 novum,
3357 3741 3503 3812 quod
3543 3744 3605 3795 ad
3638 3745 3696 3795 ti-

2132 3828 2248 3881 dem
2282 3829 2589 3896 pertineret,
2619 3828 2668 3881 in
2695 3828 2791 3881 hac
2812 3830 3015 3899 synodo
3044 3834 3300 3887 sancitum
3332 3833 3451 3903 fuit,
3487 3849 3582 3890 nec
3603 3834 3702 3905 (A-

2132 3918 2293 3982 thon.,
2317 3919 2460 3984 epist.
2490 3918 2555 3970 ad
2575 3916 2835 3989 Antioch.)
2865 3935 3035 3974 novus
3075 3921 3194 3976 fidei
3231 3926 3486 3979 articulus
3526 3927 3690 3994 esplF

2130 4020 2298 4074 catus,
2326 4008 2417 4062 sed
2448 4026 2508 4062 ea
2536 4017 2735 4063 tantum
2766 4011 2915 4065 novis
2936 4011 3197 4083 suffragiis
3228 4014 3458 4068 stabilita
3490 4030 3551 4070 ac
3576 4032 3697 4071 coo-
3765 4006 3768 4009 ’

2132 4102 2358 4167 firmata,
2397 4116 2514 4171 quae
2543 4113 2719 4170 patres
2760 4102 2809 4154 in
2841 4100 3051 4156 Niezeua
3098 4105 3302 4175 synodo
3336 4108 3697 4163 tradiderant:

2132 4200 2406 4259 propterea
2432 4190 2665 4261 synodus
2684 4192 3035 4260 Sardicensis,
3069 4197 3187 4249 licet
3210 4210 3274 4249 ex
3306 4207 3419 4250 toto
3443 4197 3554 4252 fere
3578 4199 3697 4252 orbe

2129 4280 2371 4342 collecta.
2418 4296 2627 4350 semper
2658 4292 2922 4352 tamquam
2958 4301 3077 4352 pars
3103 4286 3697 4357 appendixqueNicaeni

2129 4374 2337 4427 concilii
2373 4373 2467 4427 fuit
2496 4372 2703 4438 habita;
2735 4390 2854 4429 cum
2883 4379 3060 4430 omnia
3103 4394 3219 4447 quae
3250 4378 3315 4432 de
3347 4378 3451 4433 fide
3494 4377 3698 4436 fuerunt

451 4468 709 4522 haberent
728 4468 1056 4522 auctoritatis
1076 4480 1138 4519 ac
1160 4464 1429 4534 ponderis,
1456 4464 1518 4516 ad
1544 4463 1910 4517 haereticorum
1932 4462 2027 4515 do-
2052 4469 2104 4531 ι)
2132 4462 2363 4530 definita,
2391 4467 2452 4518 ad
2484 4466 2623 4519 illius
2648 4467 2762 4522 dCCl
2779 4480 2860 4523 eta
2884 4469 3140 4525 servanda
3170 4470 3486 4524 referantur.
3521 4470 3698 4539 itaque

451 4561 533 4612 los
573 4558 838 4623 comersi,
871 4565 1138 4626 tamquam
1177 4566 1291 4609 acta
1333 4565 1589 4625 gestaque
1626 4556 1677 4607 in
1726 4552 2026 4607 Sardiecnsi

448 4653 673 4725 synodo,
703 4652 853 4723 cujus
877 4652 1167 4708 abutuntur
1190 4650 1424 4715 nomine,
1446 4648 1513 4702 ad
1547 4649 1806 4702 Donatum
1830 4645 2021 4716 (Epist.

445 4746 628 4799 concil.
681 4744 974 4809 Serdicam,
1021 4745 1159 4815 apud
1209 4743 1421 4805 Athan.,
1468 4742 1671 4810 apolog.
1711 4740 1775 4803 2;
1820 4750 1865 4792 et
1893 4739 2024 4793 idem

444 4838 634 4891 Athan.
658 4838 709 4891 in
730 4837 874 4908 epist.
898 4837 967 4889 ad
991 4837 1126 4890 salit.
1148 4837 1234 4890 uit.
1258 4852 1405 4907 agon.
1427 4851 1442 4900 ;
1464 4835 1663 4889 Socrat.
1690 4832 1776 4884 lib.
1804 4847 1859 4896 ιι,
1878 4831 2018 4896 c.i6;

442 4931 674 4996 Sozam,
703 4931 789 4985 lib.
820 4946 902 4997 ιιι,
932 4930 1086 5001 c.ll)
1114 4942 1235 4984 tunc
1257 4930 1535 4984 catholica:
1563 4928 1812 4982 Ecclesia
1844 4925 2014 4980 infen-

440 5022 709 5077 sissimum
752 5023 805 5077 in
842 5022 1039 5085 Africa,
1070 5032 1126 5076 ut
1157 5021 1326 5090 ipsum
1356 5020 1468 5074 suis
1498 5020 1844 5088 adjungerent
1894 5034 2013 5088 par-

442 5114 600 5180 tibus,
659 5115 1046 5186 perscripsere;
1074 5115 1280 5170 tametsi
1326 5129 1388 5168 ea
1417 5111 1561 5167 fraus
1607 5112 2010 5182 haudquaquam

438 5204 685 5261 fefellerit
712 5205 992 5262 Africanos
1021 5216 1217 5277 patres.
1268 5203 1398 5260 Nam
1431 5205 1586 5273 longo
1612 5214 1732 5273 post
1773 5214 2011 5271 tempore

434 5313 555 5351 cum
589 5297 872 5352 Donatista!
901 5312 967 5354 eo
994 5298 1245 5358 concilio,
1281 5295 1423 5367 quod
1461 5304 1699 5351 contum
1748 5294 1917 5350 fuerat
1941 5295 2009 5349 ab

435 5386 671 5454 Arionis,
690 5389 742 5442 in
771 5401 881 5443 sua:
904 5403 1081 5443 causa:
1104 5387 1451 5458 patrocinium
1476 5386 1672 5441 vellent
1692 5385 1859 5451 abuti,
1880 5400 2009 5440 con-

436 5481 585 5535 tinuo
614 5479 675 5534 Β.
697 5479 1025 5550 Augustinus
1048 5494 1117 5534 ex
1150 5479 1477 5549 iniquissima
1504 5476 1626 5532 Julii
1652 5484 1704 5531 et
1731 5476 2009 5531 Athanasii

434 5571 899 5639 condemnatione,
920 5586 1040 5641 quae
1062 5578 1327 5639 tamquam
1353 5569 1403 5624 in
1430 5583 1497 5624 eo
1518 5566 1745 5624 concilio
1767 5568 1899 5623 facta
1923 5584 2010 5623 re-

434 5661 717 5728 citabatur,
738 5676 873 5734 opus
896 5676 962 5717 es
985 5661 1179 5717 Ariona
1199 5660 1408 5715 officina
1430 5659 1693 5730 prodiitse
1713 5659 2011 5729 deprehen-

2130 4554 2255 4610 licet
2284 4558 2394 4609 haec
2420 4559 2652 4627 synodus
2680 4558 2845 4612 altera
2876 4558 3034 4613 fuerit
3053 4574 3080 4609 ει
3115 4557 3347 4623 Nicarna,
3380 4570 3557 4616 tamen
3581 4565 3697 4627 quia

2128 4664 2230 4703 non
2262 4663 2423 4703 novas
2450 4652 2684 4721 suscepit
2710 4651 2834 4705 fidei
2864 4651 2945 4705 vel
2979 4650 3231 4705 Ecclesia.-
3252 4666 3465 4718 causas,
3498 4652 3697 4708 sedili-

2124 4755 2271 4795 eena:
2301 4750 2500 4794 tantum
2534 4741 2655 4795 fidei
2685 4742 2901 4795 tutelam
2931 4756 2994 4795 ac
3030 4744 3405 4809 patrocinium,
3433 4754 3511 4810 et,
3544 4757 3595 4797 ut
3620 4751 3697 4799 est

2124 4834 2175 4886 in
2205 4833 2431 4887 concilio
2474 4834 2894 4888 Chalcedonensi
2926 4832 3077 4901 (Act.
3102 4836 3233 4903 ιγι),
3266 4834 3587 4889 Arianorum
3618 4850 3698 4889 re-

2124 4923 2312 4991 liquias
2330 4926 2652 4995 oppugnavit
2680 4944 2691 4976 :
2724 4936 2774 4980 et
2810 4928 2928 4994 quia
2958 4925 3191 4993 ipsorum
3223 4925 3619 4983 Sardicensium
3644 4936 3694 4983 et

2113 5013 2443 5069 Nica-norum
2495 5026 2699 5085 patrum
2749 5032 2848 5070 una
2901 5015 2995 5069 fuit
3039 5019 3323 5081 sententia,
3366 5034 3469 5072 una
3518 5034 3689 5084 mens,

2114 5125 2248 5165 unus
2287 5112 2533 5180 spiritus;
2581 5113 2777 5167 idcirco
2819 5111 3137 5168 Sardicense
3166 5114 3451 5169 concilium
3498 5113 3693 5169 Nicmni

2112 5205 2326 5260 nomine
2347 5223 2376 5259 a
2390 5208 2572 5262 multis
2584 5205 3075 5275 comprehenditur,
3105 5206 3555 5276 quemadmodum
3572 5208 3692 5263 urbs

2108 5310 2171 5351 ac
2198 5297 2343 5351 urbis
2371 5296 2840 5367 propugnaculum,
2870 5312 2972 5350 una
3002 5311 3089 5351 res
3117 5299 3325 5352 censeri
3350 5297 3490 5352 solet
3517 5312 3581 5352 ac
3602 5312 3690 5353 ao-

2112 5388 2322 5440 minari.
2365 5387 2721 5455 Quamobrem
2753 5387 2934 5457 (epist.
2980 5387 3048 5439 ad
3092 5386 3273 5451 γᾶθεν..
3321 5405 3367 5442 c.
3418 5388 3492 5457 ὅ)
3542 5388 3691 5443 Ιιιιιο-

2110 5479 2313 5534 centius
2339 5487 2393 5534 et
2421 5477 2722 5551 (Cartliag.,
2751 5493 2825 5543 vt,
2854 5494 2902 5532 c.
2934 5480 2968 5534 3
2993 5487 3040 5533 et
3064 5478 3195 5551 aeq.)
3227 5478 3477 5535 Zosimus
3506 5480 3688 5536 Sardi-

2112 5584 2297 5624 censes
2340 5583 2575 5625 canones
2618 5568 2892 5640 appellant
2940 5569 3205 5631 Nicanos.
3254 5578 3312 5625 ut
3353 5586 3424 5627 ex
3464 5571 3684 5628 concilio

2111 5667 2264 5714 sexto
2287 5658 2689 5730 Carthaginiensi
2725 5668 2966 5730 apparet.
3020 5658 3277 5715 Eamdem
3316 5661 3445 5718 item
3469 5662 3537 5719 ob
3561 5667 3681 5718 eau-
