  <div class='ocr_page' id='page_1' title='image "/cluster/home/n/w/nwhite01/storage/ocr_20150623/8/uva.x000826528/666.png"; bbox 0 0 3910 6212; ppageno 0'>
   <div class='ocr_carea' id='block_1_1' title="bbox 197 243 342 300">
    <p class='ocr_par' dir='ltr' id='par_1_1' title="bbox 197 243 342 300">
     <span class='ocr_line' id='line_1_1' title="bbox 197 243 342 300; baseline -0.007 0"><span class='ocrx_word' id='word_1_1' title='bbox 197 243 342 300; x_wconf 70' lang='grc'><strong>1317</strong></span> 
     </span>
    </p>
   </div>
   <div class='ocr_carea' id='block_1_2' title="bbox 925 231 1781 301">
    <p class='ocr_par' dir='ltr' id='par_1_2' title="bbox 925 231 1780 301">
     <span class='ocr_line' id='line_1_2' title="bbox 925 231 1780 301; baseline -0.008 -4"><span class='ocrx_word' id='word_1_2' title='bbox 925 237 1237 298; x_wconf 78' lang='lat' dir='ltr'><strong>CANONES</strong></span> <span class='ocrx_word' id='word_1_3' title='bbox 1274 234 1370 294; x_wconf 81' lang='lat' dir='ltr'><strong>SS.</strong></span> <span class='ocrx_word' id='word_1_4' title='bbox 1411 232 1696 292; x_wconf 76' lang='lat' dir='ltr'><strong>PATRUM</strong></span> <span class='ocrx_word' id='word_1_5' title='bbox 1736 231 1780 301; x_wconf 77' lang='grc' dir='ltr'>ρ</span> 
     </span>
    </p>
   </div>
   <div class='ocr_carea' id='block_1_3' title="bbox 1887 231 2768 301">
    <p class='ocr_par' dir='ltr' id='par_1_3' title="bbox 1888 231 2768 295">
     <span class='ocr_line' id='line_1_3' title="bbox 1888 231 2768 295; baseline 0.001 -4"><span class='ocrx_word' id='word_1_6' title='bbox 1888 232 2204 293; x_wconf 66' lang='lat' dir='ltr'><strong>SARDICE</strong></span> <span class='ocrx_word' id='word_1_7' title='bbox 2244 231 2768 295; x_wconf 71' lang='lat' dir='ltr'><strong>CONVENEBUNT.</strong></span> 
     </span>
    </p>
   </div>
   <div class='ocr_carea' id='block_1_4' title="bbox 3313 232 3448 320">
    <p class='ocr_par' dir='ltr' id='par_1_4' title="bbox 3313 232 3448 320">
     <span class='ocr_line' id='line_1_4' title="bbox 3313 232 3448 320; baseline 0.037 -24"><span class='ocrx_word' id='word_1_8' title='bbox 3313 232 3448 320; x_wconf 62' lang='grc' dir='ltr'><strong>ιβιδ</strong></span> 
     </span>
    </p>
   </div>
   <div class='ocr_carea' id='block_1_5' title="bbox 188 346 3443 428">
    <p class='ocr_par' dir='ltr' id='par_1_5' title="bbox 188 346 3443 428">
     <span class='ocr_line' id='line_1_5' title="bbox 188 346 3443 428; baseline -0 -14"><span class='ocrx_word' id='word_1_9' title='bbox 188 373 311 414; x_wconf 80' lang='lat' dir='ltr'><strong>sam</strong></span> <span class='ocrx_word' id='word_1_10' title='bbox 340 356 396 414; x_wconf 87' lang='lat' dir='ltr'><strong>S.</strong></span> <span class='ocrx_word' id='word_1_11' title='bbox 427 354 716 428; x_wconf 72' lang='lat' dir='ltr'><strong>Gregorius</strong></span> <span class='ocrx_word' id='word_1_12' title='bbox 742 351 854 426; x_wconf 84' lang='lat' dir='ltr'><strong>(lib.</strong></span> <span class='ocrx_word' id='word_1_13' title='bbox 888 365 949 420; x_wconf 86' lang='grc' dir='ltr'><strong>ιι,</strong></span> <span class='ocrx_word' id='word_1_14' title='bbox 973 354 1120 425; x_wconf 75' lang='lat' dir='ltr'><strong>epist.</strong></span> <span class='ocrx_word' id='word_1_15' title='bbox 1151 349 1262 422; x_wconf 74' lang='lat'><strong>{0),</strong></span> <span class='ocrx_word' id='word_1_16' title='bbox 1293 350 1527 405; x_wconf 83' lang='lat' dir='ltr'><strong>Isidorus</strong></span> <span class='ocrx_word' id='word_1_17' title='bbox 1567 346 1694 414; x_wconf 80' lang='lat' dir='ltr'><strong>(lib.</strong></span> <span class='ocrx_word' id='word_1_18' title='bbox 1725 363 1773 402; x_wconf 80' lang='lat' dir='ltr'><strong>vr</strong></span> <span class='ocrx_word' id='word_1_19' title='bbox 1801 350 1855 410; x_wconf 79' lang='grc' dir='ltr'><strong>Α</strong></span> <span class='ocrx_word' id='word_1_20' title='bbox 1877 348 2080 414; x_wconf 85' lang='lat' dir='ltr'><strong>drinos,</strong></span> <span class='ocrx_word' id='word_1_21' title='bbox 2113 363 2260 403; x_wconf 88' lang='lat' dir='ltr'><strong>suam</strong></span> <span class='ocrx_word' id='word_1_22' title='bbox 2287 348 2353 405; x_wconf 91' lang='lat' dir='ltr'><strong>de</strong></span> <span class='ocrx_word' id='word_1_23' title='bbox 2383 349 2675 406; x_wconf 81' lang='lat' dir='ltr'><strong>Athanasio</strong></span> <span class='ocrx_word' id='word_1_24' title='bbox 2701 350 3030 408; x_wconf 88' lang='lat' dir='ltr'><strong>restituendo</strong></span> <span class='ocrx_word' id='word_1_25' title='bbox 3071 356 3388 412; x_wconf 87' lang='lat' dir='ltr'><strong>sententiam</strong></span> <span class='ocrx_word' id='word_1_26' title='bbox 3413 373 3443 412; x_wconf 89' lang='lat' dir='ltr'><strong>a</strong></span> 
     </span>
    </p>
   </div>
   <div class='ocr_carea' id='block_1_6' title="bbox 187 440 1772 522">
    <p class='ocr_par' dir='ltr' id='par_1_6' title="bbox 187 440 1772 522">
     <span class='ocr_line' id='line_1_6' title="bbox 187 440 1772 522; baseline -0.008 -16"><span class='ocrx_word' id='word_1_27' title='bbox 187 452 427 522; x_wconf 73' lang='lat' dir='ltr'><strong>clgutol.,</strong></span> <span class='ocrx_word' id='word_1_28' title='bbox 457 466 504 504; x_wconf 77' lang='grc' dir='ltr'><strong>ε.</strong></span> <span class='ocrx_word' id='word_1_29' title='bbox 533 450 644 521; x_wconf 80' lang='grc'><strong>16),</strong></span> <span class='ocrx_word' id='word_1_30' title='bbox 675 449 814 504; x_wconf 85' lang='lat' dir='ltr'><strong>Beda</strong></span> <span class='ocrx_word' id='word_1_31' title='bbox 843 448 962 519; x_wconf 84' lang='lat' dir='ltr'><strong>(lib.</strong></span> <span class='ocrx_word' id='word_1_32' title='bbox 997 447 1058 500; x_wconf 84' lang='lat' dir='ltr'><strong>de</strong></span> <span class='ocrx_word' id='word_1_33' title='bbox 1090 444 1287 516; x_wconf 82' lang='lat' dir='ltr'><strong>Temp.,</strong></span> <span class='ocrx_word' id='word_1_34' title='bbox 1311 461 1424 510; x_wconf 87' lang='lat' dir='ltr'><strong>cap.</strong></span> <span class='ocrx_word' id='word_1_35' title='bbox 1456 441 1569 513; x_wconf 88' lang='lat'><strong>65),</strong></span> <span class='ocrx_word' id='word_1_36' title='bbox 1601 451 1655 496; x_wconf 90' lang='lat' dir='ltr'><strong>et</strong></span> <span class='ocrx_word' id='word_1_37' title='bbox 1682 440 1772 495; x_wconf 84' lang='lat' dir='ltr'><strong>alii</strong></span> 
     </span>
    </p>
   </div>
   <div class='ocr_carea' id='block_1_7' title="bbox 194 535 1772 614">
    <p class='ocr_par' dir='ltr' id='par_1_7' title="bbox 194 535 1772 614">
     <span class='ocr_line' id='line_1_7' title="bbox 194 535 1772 614; baseline -0.006 -19"><span class='ocrx_word' id='word_1_38' title='bbox 194 552 399 614; x_wconf 80' lang='lat' dir='ltr'><strong>patres,</strong></span> <span class='ocrx_word' id='word_1_39' title='bbox 424 558 542 598; x_wconf 90' lang='lat' dir='ltr'><strong>cum</strong></span> <span class='ocrx_word' id='word_1_40' title='bbox 577 542 749 609; x_wconf 88' lang='lat' dir='ltr'><strong>prima</strong></span> <span class='ocrx_word' id='word_1_41' title='bbox 779 550 1002 612; x_wconf 80' lang='lat' dir='ltr'><strong>quatuor</strong></span> <span class='ocrx_word' id='word_1_42' title='bbox 1025 539 1248 592; x_wconf 87' lang='lat' dir='ltr'><strong>concilia</strong></span> <span class='ocrx_word' id='word_1_43' title='bbox 1281 543 1616 596; x_wconf 87' lang='lat' dir='ltr'><strong>enumerant,</strong></span> <span class='ocrx_word' id='word_1_44' title='bbox 1643 535 1772 587; x_wconf 77' lang='lat' dir='ltr'><strong>Sar-</strong></span> 
     </span>
    </p>
   </div>
   <div class='ocr_carea' id='block_1_8' title="bbox 191 624 1774 703">
    <p class='ocr_par' dir='ltr' id='par_1_8' title="bbox 191 624 1774 703">
     <span class='ocr_line' id='line_1_8' title="bbox 191 624 1774 703; baseline -0.007 -16"><span class='ocrx_word' id='word_1_45' title='bbox 191 633 433 699; x_wconf 76' lang='lat' dir='ltr'><strong>diccnse,</strong></span> <span class='ocrx_word' id='word_1_46' title='bbox 477 631 718 703; x_wconf 79' lang='lat' dir='ltr'><strong>quamvis</strong></span> <span class='ocrx_word' id='word_1_47' title='bbox 754 647 936 687; x_wconf 87' lang='lat' dir='ltr'><strong>revera</strong></span> <span class='ocrx_word' id='word_1_48' title='bbox 977 628 1257 700; x_wconf 71' lang='lat' dir='ltr'><strong>generale,</strong></span> <span class='ocrx_word' id='word_1_49' title='bbox 1297 624 1508 680; x_wconf 84' lang='lat' dir='ltr'><strong>silentio</strong></span> <span class='ocrx_word' id='word_1_50' title='bbox 1554 632 1774 693; x_wconf 67' lang='lat' dir='ltr'><strong>prmter-</strong></span> 
     </span>
    </p>
   </div>
   <div class='ocr_carea' id='block_1_9' title="bbox 191 713 1774 797">
    <p class='ocr_par' dir='ltr' id='par_1_9' title="bbox 191 713 1774 797">
     <span class='ocr_line' id='line_1_9' title="bbox 191 713 1774 797; baseline -0.008 -15"><span class='ocrx_word' id='word_1_51' title='bbox 191 737 348 792; x_wconf 81' lang='lat' dir='ltr'><strong>euut,</strong></span> <span class='ocrx_word' id='word_1_52' title='bbox 373 736 635 797; x_wconf 90' lang='lat' dir='ltr'><strong>tamquam</strong></span> <span class='ocrx_word' id='word_1_53' title='bbox 653 724 864 780; x_wconf 71' lang='lat' dir='ltr'><strong>Metello</strong></span> <span class='ocrx_word' id='word_1_54' title='bbox 887 724 1164 778; x_wconf 84' lang='lat' dir='ltr'><strong>inclusum.</strong></span> <span class='ocrx_word' id='word_1_55' title='bbox 1181 719 1440 788; x_wconf 88' lang='lat' dir='ltr'><strong>Quantam</strong></span> <span class='ocrx_word' id='word_1_56' title='bbox 1459 725 1637 771; x_wconf 84' lang='lat' dir='ltr'><strong>autent</strong></span> <span class='ocrx_word' id='word_1_57' title='bbox 1661 713 1774 769; x_wconf 67' lang='lat' dir='ltr'><strong>hrec</strong></span> 
     </span>
    </p>
   </div>
   <div class='ocr_carea' id='block_1_10' title="bbox 192 808 1776 890">
    <p class='ocr_par' dir='ltr' id='par_1_10' title="bbox 192 808 1776 890">
     <span class='ocr_line' id='line_1_10' title="bbox 192 808 1776 890; baseline -0.007 -18"><span class='ocrx_word' id='word_1_58' title='bbox 192 818 436 890; x_wconf 79' lang='lat' dir='ltr'><strong>synodus</strong></span> <span class='ocrx_word' id='word_1_59' title='bbox 484 818 849 873; x_wconf 86' lang='lat' dir='ltr'><strong>auctoritatem</strong></span> <span class='ocrx_word' id='word_1_60' title='bbox 894 811 1105 878; x_wconf 81' lang='lat' dir='ltr'><strong>habeat,</strong></span> <span class='ocrx_word' id='word_1_61' title='bbox 1138 812 1318 866; x_wconf 89' lang='lat' dir='ltr'><strong>multis</strong></span> <span class='ocrx_word' id='word_1_62' title='bbox 1358 808 1648 875; x_wconf 81' lang='lat' dir='ltr'><strong>validisque</strong></span> <span class='ocrx_word' id='word_1_63' title='bbox 1694 821 1776 862; x_wconf 82' lang='lat' dir='ltr'><strong>ra-</strong></span> 
     </span>
    </p>
   </div>
   <div class='ocr_carea' id='block_1_11' title="bbox 197 903 1772 980">
    <p class='ocr_par' dir='ltr' id='par_1_11' title="bbox 197 903 1772 980">
     <span class='ocr_line' id='line_1_11' title="bbox 197 903 1772 980; baseline -0.009 -15"><span class='ocrx_word' id='word_1_64' title='bbox 197 909 435 965; x_wconf 83' lang='lat' dir='ltr'><strong>tionibus</strong></span> <span class='ocrx_word' id='word_1_65' title='bbox 463 911 668 980; x_wconf 86' lang='lat' dir='ltr'><strong>probari</strong></span> <span class='ocrx_word' id='word_1_66' title='bbox 701 919 890 980; x_wconf 81' lang='lat' dir='ltr'><strong>potest.</strong></span> <span class='ocrx_word' id='word_1_67' title='bbox 938 907 1173 961; x_wconf 84' lang='lat' dir='ltr'><strong>Primum</strong></span> <span class='ocrx_word' id='word_1_68' title='bbox 1201 903 1341 958; x_wconf 92' lang='lat' dir='ltr'><strong>enim</strong></span> <span class='ocrx_word' id='word_1_69' title='bbox 1383 918 1504 957; x_wconf 87' lang='lat' dir='ltr'><strong>esse</strong></span> <span class='ocrx_word' id='word_1_70' title='bbox 1544 915 1772 970; x_wconf 78' lang='lat' dir='ltr'><strong>genera-</strong></span> 
     </span>
    </p>
   </div>
   <div class='ocr_carea' id='block_1_12' title="bbox 194 996 1776 1075">
    <p class='ocr_par' dir='ltr' id='par_1_12' title="bbox 194 996 1776 1075">
     <span class='ocr_line' id='line_1_12' title="bbox 194 996 1776 1075; baseline -0.007 -16"><span class='ocrx_word' id='word_1_71' title='bbox 194 1003 304 1061; x_wconf 86' lang='lat' dir='ltr'><strong>lem</strong></span> <span class='ocrx_word' id='word_1_72' title='bbox 337 1005 621 1075; x_wconf 79' lang='lat' dir='ltr'><strong>colligitur,</strong></span> <span class='ocrx_word' id='word_1_73' title='bbox 656 1015 762 1059; x_wconf 90' lang='lat' dir='ltr'><strong>tum</strong></span> <span class='ocrx_word' id='word_1_74' title='bbox 794 1016 857 1058; x_wconf 78' lang='lat' dir='ltr'><strong>ex</strong></span> <span class='ocrx_word' id='word_1_75' title='bbox 899 1015 1087 1072; x_wconf 80' lang='lat' dir='ltr'><strong>magna</strong></span> <span class='ocrx_word' id='word_1_76' title='bbox 1116 1000 1484 1071; x_wconf 84' lang='lat' dir='ltr'><strong>episcopOrum</strong></span> <span class='ocrx_word' id='word_1_77' title='bbox 1529 996 1776 1064; x_wconf 79' lang='lat' dir='ltr'><strong>frequen-</strong></span> 
     </span>
    </p>
   </div>
   <div class='ocr_carea' id='block_1_13' title="bbox 198 1087 1772 1165">
    <p class='ocr_par' dir='ltr' id='par_1_13' title="bbox 198 1087 1772 1165">
     <span class='ocr_line' id='line_1_13' title="bbox 198 1087 1772 1165; baseline -0.007 -14"><span class='ocrx_word' id='word_1_78' title='bbox 198 1097 294 1162; x_wconf 90' lang='lat' dir='ltr'><strong>tia,</strong></span> <span class='ocrx_word' id='word_1_79' title='bbox 318 1097 406 1165; x_wconf 88' lang='lat' dir='ltr'><strong>qui</strong></span> <span class='ocrx_word' id='word_1_80' title='bbox 433 1097 496 1151; x_wconf 85' lang='lat' dir='ltr'><strong>ad</strong></span> <span class='ocrx_word' id='word_1_81' title='bbox 516 1111 630 1152; x_wconf 88' lang='lat' dir='ltr'><strong>eam</strong></span> <span class='ocrx_word' id='word_1_82' title='bbox 653 1105 1034 1159; x_wconf 77' lang='lat' dir='ltr'><strong>convenerunt,</strong></span> <span class='ocrx_word' id='word_1_83' title='bbox 1054 1102 1110 1148; x_wconf 92' lang='lat' dir='ltr'><strong>ut</strong></span> <span class='ocrx_word' id='word_1_84' title='bbox 1130 1101 1347 1162; x_wconf 77' lang='lat' dir='ltr'><strong>apparet</strong></span> <span class='ocrx_word' id='word_1_85' title='bbox 1367 1107 1431 1144; x_wconf 81' lang='lat' dir='ltr'><strong>ex</strong></span> <span class='ocrx_word' id='word_1_86' title='bbox 1453 1089 1692 1160; x_wconf 75' lang='lat' dir='ltr'><strong>(Apolog.</strong></span> <span class='ocrx_word' id='word_1_87' title='bbox 1713 1087 1772 1158; x_wconf 76' lang='lat'><strong>2)</strong></span> 
     </span>
    </p>
   </div>
   <div class='ocr_carea' id='block_1_14' title="bbox 195 1181 1770 1256">
    <p class='ocr_par' dir='ltr' id='par_1_14' title="bbox 195 1181 1770 1256">
     <span class='ocr_line' id='line_1_14' title="bbox 195 1181 1770 1256; baseline -0.007 -14"><span class='ocrx_word' id='word_1_88' title='bbox 195 1186 498 1243; x_wconf 80' lang='lat' dir='ltr'><strong>Athanasio</strong></span> <span class='ocrx_word' id='word_1_89' title='bbox 513 1188 715 1253; x_wconf 88' lang='lat' dir='ltr'><strong>etaliis,</strong></span> <span class='ocrx_word' id='word_1_90' title='bbox 741 1183 828 1252; x_wconf 78' lang='lat' dir='ltr'><strong>qui</strong></span> <span class='ocrx_word' id='word_1_91' title='bbox 861 1198 1064 1256; x_wconf 86' lang='lat' dir='ltr'><strong>patrum</strong></span> <span class='ocrx_word' id='word_1_92' title='bbox 1093 1197 1368 1238; x_wconf 88' lang='lat' dir='ltr'><strong>ruuuerum</strong></span> <span class='ocrx_word' id='word_1_93' title='bbox 1401 1181 1770 1254; x_wconf 86' lang='lat' dir='ltr'><strong>protulerunt:</strong></span> 
     </span>
    </p>
   </div>
   <div class='ocr_carea' id='block_1_15' title="bbox 199 1269 1772 1348">
    <p class='ocr_par' dir='ltr' id='par_1_15' title="bbox 199 1269 1772 1348">
     <span class='ocr_line' id='line_1_15' title="bbox 199 1269 1772 1348; baseline -0.006 -16"><span class='ocrx_word' id='word_1_94' title='bbox 199 1288 314 1332; x_wconf 91' lang='lat' dir='ltr'><strong>tum</strong></span> <span class='ocrx_word' id='word_1_95' title='bbox 343 1281 460 1348; x_wconf 87' lang='lat' dir='ltr'><strong>quia</strong></span> <span class='ocrx_word' id='word_1_96' title='bbox 489 1276 612 1334; x_wconf 81' lang='lat' dir='ltr'><strong>Julii</strong></span> <span class='ocrx_word' id='word_1_97' title='bbox 639 1278 901 1348; x_wconf 82' lang='lat' dir='ltr'><strong>pontiﬁcis</strong></span> <span class='ocrx_word' id='word_1_98' title='bbox 923 1275 1136 1332; x_wconf 79' lang='lat' dir='ltr'><strong>maximi</strong></span> <span class='ocrx_word' id='word_1_99' title='bbox 1163 1273 1479 1328; x_wconf 82' lang='lat' dir='ltr'><strong>auctoritate</strong></span> <span class='ocrx_word' id='word_1_100' title='bbox 1503 1269 1521 1343; x_wconf 97' lang='lat'><strong>(</strong></span> <span class='ocrx_word' id='word_1_101' title='bbox 1543 1270 1772 1336; x_wconf 80' lang='lat' dir='ltr'><strong>Socral.,</strong></span> 
     </span>
    </p>
   </div>
   <div class='ocr_carea' id='block_1_16' title="bbox 195 1363 1772 1442">
    <p class='ocr_par' dir='ltr' id='par_1_16' title="bbox 195 1363 1772 1442">
     <span class='ocr_line' id='line_1_16' title="bbox 195 1363 1772 1442; baseline -0.006 -16"><span class='ocrx_word' id='word_1_102' title='bbox 195 1371 292 1427; x_wconf 80' lang='lat' dir='ltr'><strong>lib.</strong></span> <span class='ocrx_word' id='word_1_103' title='bbox 315 1386 374 1438; x_wconf 94' lang='grc' dir='ltr'><strong>ιι,</strong></span> <span class='ocrx_word' id='word_1_104' title='bbox 393 1389 440 1425; x_wconf 86' lang='lat' dir='ltr'><strong>c.</strong></span> <span class='ocrx_word' id='word_1_105' title='bbox 459 1369 556 1442; x_wconf 79' lang='lat' dir='ltr'><strong>to)</strong></span> <span class='ocrx_word' id='word_1_106' title='bbox 579 1381 862 1427; x_wconf 82' lang='lat' dir='ltr'><strong>convocata</strong></span> <span class='ocrx_word' id='word_1_107' title='bbox 887 1369 1003 1433; x_wconf 83' lang='lat' dir='ltr'><strong>fuit,</strong></span> <span class='ocrx_word' id='word_1_108' title='bbox 1026 1369 1246 1439; x_wconf 89' lang='lat' dir='ltr'><strong>ejusque</strong></span> <span class='ocrx_word' id='word_1_109' title='bbox 1263 1366 1416 1436; x_wconf 77' lang='lat' dir='ltr'><strong>legati</strong></span> <span class='ocrx_word' id='word_1_110' title='bbox 1442 1363 1612 1419; x_wconf 89' lang='lat' dir='ltr'><strong>eidem</strong></span> <span class='ocrx_word' id='word_1_111' title='bbox 1636 1379 1772 1432; x_wconf 81' lang='lat' dir='ltr'><strong>pra:-</strong></span> 
     </span>
    </p>
   </div>
   <div class='ocr_carea' id='block_1_17' title="bbox 198 1457 1774 1523">
    <p class='ocr_par' dir='ltr' id='par_1_17' title="bbox 198 1457 1774 1523">
     <span class='ocr_line' id='line_1_17' title="bbox 198 1457 1774 1523; baseline -0.006 -5"><span class='ocrx_word' id='word_1_112' title='bbox 198 1465 435 1520; x_wconf 82' lang='lat' dir='ltr'><strong>l‘ueruut.</strong></span> <span class='ocrx_word' id='word_1_113' title='bbox 469 1464 560 1519; x_wconf 86' lang='lat' dir='ltr'><strong>His</strong></span> <span class='ocrx_word' id='word_1_114' title='bbox 587 1465 790 1520; x_wconf 77' lang='lat' dir='ltr'><strong>accedit</strong></span> <span class='ocrx_word' id='word_1_115' title='bbox 816 1461 1124 1518; x_wconf 89' lang='lat' dir='ltr'><strong>Constantis</strong></span> <span class='ocrx_word' id='word_1_116' title='bbox 1148 1469 1201 1514; x_wconf 83' lang='lat' dir='ltr'><strong>et</strong></span> <span class='ocrx_word' id='word_1_117' title='bbox 1226 1457 1520 1512; x_wconf 89' lang='lat' dir='ltr'><strong>Constantii</strong></span> <span class='ocrx_word' id='word_1_118' title='bbox 1547 1457 1774 1523; x_wconf 49' lang='lat' dir='ltr'><strong>impera.</strong></span> 
     </span>
    </p>
   </div>
   <div class='ocr_carea' id='block_1_18' title="bbox 198 1549 1776 1627">
    <p class='ocr_par' dir='ltr' id='par_1_18' title="bbox 198 1549 1776 1627">
     <span class='ocr_line' id='line_1_18' title="bbox 198 1549 1776 1627; baseline -0.008 -16"><span class='ocrx_word' id='word_1_119' title='bbox 198 1559 332 1611; x_wconf 86' lang='lat' dir='ltr'><strong>toris</strong></span> <span class='ocrx_word' id='word_1_120' title='bbox 376 1557 697 1622; x_wconf 78' lang='lat' dir='ltr'><strong>auctoritas,</strong></span> <span class='ocrx_word' id='word_1_121' title='bbox 735 1555 824 1627; x_wconf 88' lang='lat' dir='ltr'><strong>qui</strong></span> <span class='ocrx_word' id='word_1_122' title='bbox 874 1568 1090 1609; x_wconf 90' lang='lat' dir='ltr'><strong>omnem</strong></span> <span class='ocrx_word' id='word_1_123' title='bbox 1135 1549 1395 1606; x_wconf 89' lang='lat' dir='ltr'><strong>dederunt</strong></span> <span class='ocrx_word' id='word_1_124' title='bbox 1431 1561 1672 1618; x_wconf 86' lang='lat' dir='ltr'><strong>operam.</strong></span> <span class='ocrx_word' id='word_1_125' title='bbox 1718 1552 1776 1599; x_wconf 91' lang='lat' dir='ltr'><strong>ut</strong></span> 
     </span>
    </p>
   </div>
   <div class='ocr_carea' id='block_1_19' title="bbox 194 1633 1773 1718">
    <p class='ocr_par' dir='ltr' id='par_1_19' title="bbox 194 1633 1773 1718">
     <span class='ocr_line' id='line_1_19' title="bbox 194 1633 1773 1718; baseline -0.007 -18"><span class='ocrx_word' id='word_1_126' title='bbox 194 1647 436 1718; x_wconf 90' lang='lat' dir='ltr'><strong>episcopi</strong></span> <span class='ocrx_word' id='word_1_127' title='bbox 466 1664 531 1701; x_wconf 77' lang='lat' dir='ltr'><strong>ex</strong></span> <span class='ocrx_word' id='word_1_128' title='bbox 561 1642 806 1702; x_wconf 85' lang='lat' dir='ltr'><strong>omnibus</strong></span> <span class='ocrx_word' id='word_1_129' title='bbox 832 1644 942 1700; x_wconf 79' lang='lat' dir='ltr'><strong>fere</strong></span> <span class='ocrx_word' id='word_1_130' title='bbox 964 1641 1249 1714; x_wconf 86' lang='lat' dir='ltr'><strong>provinciis</strong></span> <span class='ocrx_word' id='word_1_131' title='bbox 1278 1640 1642 1695; x_wconf 83' lang='lat' dir='ltr'><strong>convenirent.</strong></span> <span class='ocrx_word' id='word_1_132' title='bbox 1674 1633 1773 1691; x_wconf 71' lang='lat' dir='ltr'><strong>Ex-</strong></span> 
     </span>
    </p>
   </div>
   <div class='ocr_carea' id='block_1_20' title="bbox 1875 441 3444 515">
    <p class='ocr_par' dir='ltr' id='par_1_20' title="bbox 1875 441 3444 515">
     <span class='ocr_line' id='line_1_20' title="bbox 1875 441 3444 515; baseline 0.007 -21"><span class='ocrx_word' id='word_1_133' title='bbox 1875 441 2079 512; x_wconf 87' lang='lat' dir='ltr'><strong>synodo</strong></span> <span class='ocrx_word' id='word_1_134' title='bbox 2105 443 2448 511; x_wconf 74' lang='lat' dir='ltr'><strong>approbatum</strong></span> <span class='ocrx_word' id='word_1_135' title='bbox 2495 458 2615 497; x_wconf 89' lang='lat' dir='ltr'><strong>esse</strong></span> <span class='ocrx_word' id='word_1_136' title='bbox 2640 444 2954 513; x_wconf 81' lang='lat' dir='ltr'><strong>gratuletur,</strong></span> <span class='ocrx_word' id='word_1_137' title='bbox 2997 447 3331 515; x_wconf 78' lang='lat' dir='ltr'><strong>perspicuum</strong></span> <span class='ocrx_word' id='word_1_138' title='bbox 3361 458 3444 504; x_wconf 90' lang='lat' dir='ltr'><strong>est</strong></span> 
     </span>
    </p>
   </div>
   <div class='ocr_carea' id='block_1_21' title="bbox 1874 531 3443 603">
    <p class='ocr_par' dir='ltr' id='par_1_21' title="bbox 1874 531 3443 603">
     <span class='ocr_line' id='line_1_21' title="bbox 1874 531 3443 603; baseline 0.009 -19"><span class='ocrx_word' id='word_1_139' title='bbox 1874 531 1941 585; x_wconf 84' lang='lat' dir='ltr'><strong>ab</strong></span> <span class='ocrx_word' id='word_1_140' title='bbox 1967 531 2151 586; x_wconf 85' lang='lat' dir='ltr'><strong>eodem</strong></span> <span class='ocrx_word' id='word_1_141' title='bbox 2195 533 2538 603; x_wconf 85' lang='lat' dir='ltr'><strong>approbatam</strong></span> <span class='ocrx_word' id='word_1_142' title='bbox 2584 533 2777 600; x_wconf 79' lang='lat' dir='ltr'><strong>fuisse;</strong></span> <span class='ocrx_word' id='word_1_143' title='bbox 2810 540 3100 603; x_wconf 63' lang='lat' dir='ltr'><strong>praesertim</strong></span> <span class='ocrx_word' id='word_1_144' title='bbox 3132 555 3248 594; x_wconf 88' lang='lat' dir='ltr'><strong>cum</strong></span> <span class='ocrx_word' id='word_1_145' title='bbox 3284 538 3443 598; x_wconf 86' lang='lat' dir='ltr'><strong>Osius</strong></span> 
     </span>
    </p>
   </div>
   <div class='ocr_carea' id='block_1_22' title="bbox 1874 622 3441 705">
    <p class='ocr_par' dir='ltr' id='par_1_22' title="bbox 1874 622 3441 705">
     <span class='ocr_line' id='line_1_22' title="bbox 1874 622 3441 705; baseline 0.009 -31"><span class='ocrx_word' id='word_1_146' title='bbox 1874 631 1926 675; x_wconf 90' lang='lat' dir='ltr'><strong>et</strong></span> <span class='ocrx_word' id='word_1_147' title='bbox 1954 622 2144 691; x_wconf 87' lang='lat' dir='ltr'><strong>reliqui</strong></span> <span class='ocrx_word' id='word_1_148' title='bbox 2168 624 2367 677; x_wconf 83' lang='lat' dir='ltr'><strong>litteras</strong></span> <span class='ocrx_word' id='word_1_149' title='bbox 2389 624 2452 677; x_wconf 89' lang='lat' dir='ltr'><strong>ad</strong></span> <span class='ocrx_word' id='word_1_150' title='bbox 2477 625 2644 692; x_wconf 85' lang='lat' dir='ltr'><strong>ipsttm</strong></span> <span class='ocrx_word' id='word_1_151' title='bbox 2669 623 2931 691; x_wconf 78' lang='lat' dir='ltr'><strong>dederint,</strong></span> <span class='ocrx_word' id='word_1_152' title='bbox 2957 628 3308 701; x_wconf 78' lang='lat' dir='ltr'><strong>eamdemque</strong></span> <span class='ocrx_word' id='word_1_153' title='bbox 3323 631 3441 705; x_wconf 89' lang='lat' dir='ltr'><strong>(So-</strong></span> 
     </span>
    </p>
   </div>
   <div class='ocr_carea' id='block_1_23' title="bbox 1873 711 3444 794">
    <p class='ocr_par' dir='ltr' id='par_1_23' title="bbox 1873 711 3444 794">
     <span class='ocr_line' id='line_1_23' title="bbox 1873 711 3444 794; baseline 0.009 -30"><span class='ocrx_word' id='word_1_154' title='bbox 1873 727 2029 779; x_wconf 76' lang='lat' dir='ltr'><strong>zom.,</strong></span> <span class='ocrx_word' id='word_1_155' title='bbox 2064 713 2150 766; x_wconf 90' lang='lat' dir='ltr'><strong>lib.</strong></span> <span class='ocrx_word' id='word_1_156' title='bbox 2180 727 2252 768; x_wconf 91' lang='grc' dir='ltr'>ιιι.</span> <span class='ocrx_word' id='word_1_157' title='bbox 2291 728 2404 786; x_wconf 82' lang='lat' dir='ltr'><strong>cap.</strong></span> <span class='ocrx_word' id='word_1_158' title='bbox 2438 713 2534 778; x_wconf 88' lang='lat' dir='ltr'><strong>ll;</strong></span> <span class='ocrx_word' id='word_1_159' title='bbox 2569 711 2810 788; x_wconf 78' lang='lat' dir='ltr'><strong>Niceplr.,</strong></span> <span class='ocrx_word' id='word_1_160' title='bbox 2840 715 2929 770; x_wconf 82' lang='lat' dir='ltr'><strong>lib.</strong></span> <span class='ocrx_word' id='word_1_161' title='bbox 2961 730 3033 782; x_wconf 78' lang='lat' dir='ltr'><strong>rx,</strong></span> <span class='ocrx_word' id='word_1_162' title='bbox 3067 737 3111 772; x_wconf 87' lang='lat' dir='ltr'><strong>c.</strong></span> <span class='ocrx_word' id='word_1_163' title='bbox 3146 719 3252 793; x_wconf 73' lang='grc'><strong>12)</strong></span> <span class='ocrx_word' id='word_1_164' title='bbox 3293 737 3444 794; x_wconf 75' lang='lat' dir='ltr'><strong>roga-</strong></span> 
     </span>
    </p>
   </div>
   <div class='ocr_carea' id='block_1_24' title="bbox 1875 804 3444 871">
    <p class='ocr_par' dir='ltr' id='par_1_24' title="bbox 1875 804 3444 871">
     <span class='ocr_line' id='line_1_24' title="bbox 1875 804 3444 871; baseline 0.01 -16"><span class='ocrx_word' id='word_1_165' title='bbox 1875 804 2065 871; x_wconf 87' lang='lat' dir='ltr'><strong>veriut,</strong></span> <span class='ocrx_word' id='word_1_166' title='bbox 2097 814 2153 858; x_wconf 92' lang='lat' dir='ltr'><strong>ut</strong></span> <span class='ocrx_word' id='word_1_167' title='bbox 2181 806 2388 859; x_wconf 89' lang='lat' dir='ltr'><strong>concilii</strong></span> <span class='ocrx_word' id='word_1_168' title='bbox 2421 809 2737 861; x_wconf 76' lang='lat' dir='ltr'><strong>sententiam</strong></span> <span class='ocrx_word' id='word_1_169' title='bbox 2781 824 2876 863; x_wconf 87' lang='lat' dir='ltr'><strong>sua</strong></span> <span class='ocrx_word' id='word_1_170' title='bbox 2903 813 3219 869; x_wconf 83' lang='lat' dir='ltr'><strong>auctoritate</strong></span> <span class='ocrx_word' id='word_1_171' title='bbox 3248 816 3444 870; x_wconf 85' lang='lat' dir='ltr'><strong>contir-</strong></span> 
     </span>
    </p>
   </div>
   <div class='ocr_carea' id='block_1_25' title="bbox 1875 893 3442 972">
    <p class='ocr_par' dir='ltr' id='par_1_25' title="bbox 1875 893 3442 972">
     <span class='ocr_line' id='line_1_25' title="bbox 1875 893 3442 972; baseline 0.011 -26"><span class='ocrx_word' id='word_1_172' title='bbox 1875 902 2061 948; x_wconf 84' lang='lat' dir='ltr'><strong>maret.</strong></span> <span class='ocrx_word' id='word_1_173' title='bbox 2091 893 2267 966; x_wconf 84' lang='lat' dir='ltr'><strong>Itaque</strong></span> <span class='ocrx_word' id='word_1_174' title='bbox 2305 897 2348 950; x_wconf 89' lang='lat' dir='ltr'><strong>si</strong></span> <span class='ocrx_word' id='word_1_175' title='bbox 2377 897 2554 950; x_wconf 87' lang='lat' dir='ltr'><strong>omnia</strong></span> <span class='ocrx_word' id='word_1_176' title='bbox 2584 897 2862 968; x_wconf 76' lang='lat' dir='ltr'><strong>diligenter</strong></span> <span class='ocrx_word' id='word_1_177' title='bbox 2889 903 3300 972; x_wconf 78' lang='lat' dir='ltr'><strong>perpendantur,</strong></span> <span class='ocrx_word' id='word_1_178' title='bbox 3348 922 3442 962; x_wconf 77' lang='lat' dir='ltr'><strong>ex-</strong></span> 
     </span>
    </p>
   </div>
   <div class='ocr_carea' id='block_1_26' title="bbox 1874 983 3440 1059">
    <p class='ocr_par' dir='ltr' id='par_1_26' title="bbox 1874 983 3440 1059">
     <span class='ocr_line' id='line_1_26' title="bbox 1874 983 3440 1059; baseline 0.011 -25"><span class='ocrx_word' id='word_1_179' title='bbox 1874 984 2134 1052; x_wconf 86' lang='lat' dir='ltr'><strong>ploratum</strong></span> <span class='ocrx_word' id='word_1_180' title='bbox 2165 986 2264 1039; x_wconf 85' lang='lat' dir='ltr'><strong>erit</strong></span> <span class='ocrx_word' id='word_1_181' title='bbox 2284 1027 2298 1051; x_wconf 89' lang='lat'><strong>,</strong></span> <span class='ocrx_word' id='word_1_182' title='bbox 2349 983 2484 1040; x_wconf 86' lang='lat' dir='ltr'><strong>hanc</strong></span> <span class='ocrx_word' id='word_1_183' title='bbox 2513 988 2774 1058; x_wconf 86' lang='lat' dir='ltr'><strong>synodum</strong></span> <span class='ocrx_word' id='word_1_184' title='bbox 2799 993 3100 1059; x_wconf 75' lang='lat' dir='ltr'><strong>generalem</strong></span> <span class='ocrx_word' id='word_1_185' title='bbox 3132 1008 3279 1059; x_wconf 85' lang='lat' dir='ltr'><strong>esse,</strong></span> <span class='ocrx_word' id='word_1_186' title='bbox 3321 1010 3440 1052; x_wconf 88' lang='lat' dir='ltr'><strong>cum</strong></span> 
     </span>
    </p>
   </div>
   <div class='ocr_carea' id='block_1_27' title="bbox 1876 1073 3442 1154">
    <p class='ocr_par' dir='ltr' id='par_1_27' title="bbox 1876 1073 3442 1154">
     <span class='ocr_line' id='line_1_27' title="bbox 1876 1073 3442 1154; baseline 0.009 -25"><span class='ocrx_word' id='word_1_187' title='bbox 1876 1075 2004 1130; x_wconf 84' lang='lat' dir='ltr'><strong>nihil</strong></span> <span class='ocrx_word' id='word_1_188' title='bbox 2027 1092 2091 1132; x_wconf 74' lang='lat' dir='ltr'><strong>ex</strong></span> <span class='ocrx_word' id='word_1_189' title='bbox 2123 1073 2203 1131; x_wconf 88' lang='lat' dir='ltr'><strong>his</strong></span> <span class='ocrx_word' id='word_1_190' title='bbox 2223 1093 2341 1148; x_wconf 68' lang='lat' dir='ltr'><strong>qua:</strong></span> <span class='ocrx_word' id='word_1_191' title='bbox 2369 1080 2433 1133; x_wconf 87' lang='lat' dir='ltr'><strong>ad</strong></span> <span class='ocrx_word' id='word_1_192' title='bbox 2461 1081 2742 1135; x_wconf 82' lang='lat' dir='ltr'><strong>concilium</strong></span> <span class='ocrx_word' id='word_1_193' title='bbox 2769 1083 3016 1153; x_wconf 74' lang='lat' dir='ltr'><strong>generale</strong></span> <span class='ocrx_word' id='word_1_194' title='bbox 3043 1086 3362 1154; x_wconf 87' lang='lat' dir='ltr'><strong>pertineant,</strong></span> <span class='ocrx_word' id='word_1_195' title='bbox 3391 1087 3442 1143; x_wconf 90' lang='lat' dir='ltr'><strong>in</strong></span> 
     </span>
    </p>
   </div>
   <div class='ocr_carea' id='block_1_28' title="bbox 1875 1165 3444 1242">
    <p class='ocr_par' dir='ltr' id='par_1_28' title="bbox 1875 1165 3444 1242">
     <span class='ocr_line' id='line_1_28' title="bbox 1875 1165 3444 1242; baseline 0.01 -21"><span class='ocrx_word' id='word_1_196' title='bbox 1875 1168 1961 1221; x_wconf 87' lang='lat' dir='ltr'><strong>illa</strong></span> <span class='ocrx_word' id='word_1_197' title='bbox 1993 1165 2280 1224; x_wconf 86' lang='lat' dir='ltr'><strong>desiderari</strong></span> <span class='ocrx_word' id='word_1_198' title='bbox 2310 1171 2498 1240; x_wconf 85' lang='lat' dir='ltr'><strong>possit.</strong></span> <span class='ocrx_word' id='word_1_199' title='bbox 2542 1171 2844 1242; x_wconf 75' lang='lat' dir='ltr'><strong>Apostolica</strong></span> <span class='ocrx_word' id='word_1_200' title='bbox 2878 1177 3037 1230; x_wconf 84' lang='lat' dir='ltr'><strong>etiam</strong></span> <span class='ocrx_word' id='word_1_201' title='bbox 3069 1177 3225 1233; x_wconf 89' lang='lat' dir='ltr'><strong>sedes</strong></span> <span class='ocrx_word' id='word_1_202' title='bbox 3261 1178 3444 1235; x_wconf 83' lang='lat' dir='ltr'><strong>Sardi-</strong></span> 
     </span>
    </p>
   </div>
   <div class='ocr_carea' id='block_1_29' title="bbox 1874 1257 3446 1329">
    <p class='ocr_par' dir='ltr' id='par_1_29' title="bbox 1874 1257 3446 1329">
     <span class='ocr_line' id='line_1_29' title="bbox 1874 1257 3446 1329; baseline 0.01 -18"><span class='ocrx_word' id='word_1_203' title='bbox 1874 1260 2017 1312; x_wconf 90' lang='lat' dir='ltr'><strong>censi</strong></span> <span class='ocrx_word' id='word_1_204' title='bbox 2039 1257 2264 1313; x_wconf 85' lang='lat' dir='ltr'><strong>concilio</strong></span> <span class='ocrx_word' id='word_1_205' title='bbox 2283 1275 2496 1329; x_wconf 77' lang='lat' dir='ltr'><strong>semper</strong></span> <span class='ocrx_word' id='word_1_206' title='bbox 2511 1260 2765 1318; x_wconf 88' lang='lat' dir='ltr'><strong>honorem</strong></span> <span class='ocrx_word' id='word_1_207' title='bbox 2786 1265 2967 1319; x_wconf 86' lang='lat' dir='ltr'><strong>habuit</strong></span> <span class='ocrx_word' id='word_1_208' title='bbox 2992 1283 3004 1318; x_wconf 92' lang='lat'><strong>:</strong></span> <span class='ocrx_word' id='word_1_209' title='bbox 3030 1281 3150 1322; x_wconf 85' lang='lat' dir='ltr'><strong>nam</strong></span> <span class='ocrx_word' id='word_1_210' title='bbox 3172 1277 3224 1324; x_wconf 94' lang='lat' dir='ltr'><strong>ct</strong></span> <span class='ocrx_word' id='word_1_211' title='bbox 3247 1270 3298 1325; x_wconf 91' lang='lat' dir='ltr'><strong>in</strong></span> <span class='ocrx_word' id='word_1_212' title='bbox 3324 1285 3446 1326; x_wconf 89' lang='lat' dir='ltr'><strong>cor-</strong></span> 
     </span>
    </p>
   </div>
   <div class='ocr_carea' id='block_1_30' title="bbox 1877 1354 3446 1424">
    <p class='ocr_par' dir='ltr' id='par_1_30' title="bbox 1877 1354 3446 1424">
     <span class='ocr_line' id='line_1_30' title="bbox 1877 1354 3446 1424; baseline 0.01 -20"><span class='ocrx_word' id='word_1_213' title='bbox 1877 1362 2005 1420; x_wconf 89' lang='lat' dir='ltr'><strong>pore</strong></span> <span class='ocrx_word' id='word_1_214' title='bbox 2033 1365 2316 1420; x_wconf 88' lang='lat' dir='ltr'><strong>cauouum,</strong></span> <span class='ocrx_word' id='word_1_215' title='bbox 2357 1367 2463 1423; x_wconf 88' lang='lat' dir='ltr'><strong>quo</strong></span> <span class='ocrx_word' id='word_1_216' title='bbox 2501 1354 2758 1424; x_wconf 80' lang='lat' dir='ltr'><strong>imprimis</strong></span> <span class='ocrx_word' id='word_1_217' title='bbox 2799 1357 2926 1413; x_wconf 92' lang='lat' dir='ltr'><strong>olim</strong></span> <span class='ocrx_word' id='word_1_218' title='bbox 2965 1359 3015 1414; x_wconf 91' lang='lat' dir='ltr'><strong>in</strong></span> <span class='ocrx_word' id='word_1_219' title='bbox 3062 1361 3446 1420; x_wconf 81' lang='lat' dir='ltr'><strong>controversiis</strong></span> 
     </span>
    </p>
   </div>
   <div class='ocr_carea' id='block_1_31' title="bbox 1875 1442 3448 1516">
    <p class='ocr_par' dir='ltr' id='par_1_31' title="bbox 1875 1442 3448 1516">
     <span class='ocr_line' id='line_1_31' title="bbox 1875 1442 3448 1516; baseline 0.007 -17"><span class='ocrx_word' id='word_1_220' title='bbox 1875 1442 2628 1512; x_wconf 70' lang='lat' dir='ltr'><strong>ecclesiasticisdiiudicandis</strong></span> <span class='ocrx_word' id='word_1_221' title='bbox 2656 1448 2924 1516; x_wconf 83' lang='lat' dir='ltr'><strong>utebatur,</strong></span> <span class='ocrx_word' id='word_1_222' title='bbox 2964 1450 3312 1510; x_wconf 81' lang='lat' dir='ltr'><strong>Sardicenses</strong></span> <span class='ocrx_word' id='word_1_223' title='bbox 3355 1471 3448 1512; x_wconf 86' lang='lat' dir='ltr'><strong>ca—</strong></span> 
     </span>
    </p>
   </div>
   <div class='ocr_carea' id='block_1_32' title="bbox 1874 1535 3445 1620">
    <p class='ocr_par' dir='ltr' id='par_1_32' title="bbox 1874 1535 3445 1620">
     <span class='ocr_line' id='line_1_32' title="bbox 1874 1535 3445 1620; baseline 0.011 -33"><span class='ocrx_word' id='word_1_224' title='bbox 1874 1543 2042 1588; x_wconf 84' lang='lat' dir='ltr'><strong>nones</strong></span> <span class='ocrx_word' id='word_1_225' title='bbox 2061 1535 2343 1590; x_wconf 80' lang='lat' dir='ltr'><strong>collocavit</strong></span> <span class='ocrx_word' id='word_1_226' title='bbox 2375 1553 2388 1589; x_wconf 87' lang='lat'><strong>:</strong></span> <span class='ocrx_word' id='word_1_227' title='bbox 2421 1547 2474 1592; x_wconf 89' lang='lat' dir='ltr'><strong>et</strong></span> <span class='ocrx_word' id='word_1_228' title='bbox 2505 1537 2610 1591; x_wconf 89' lang='lat' dir='ltr'><strong>Leo</strong></span> <span class='ocrx_word' id='word_1_229' title='bbox 2634 1537 2723 1604; x_wconf 85' lang='grc' dir='ltr'><strong>ιν,</strong></span> <span class='ocrx_word' id='word_1_230' title='bbox 2753 1540 2804 1594; x_wconf 90' lang='lat' dir='ltr'><strong>in</strong></span> <span class='ocrx_word' id='word_1_231' title='bbox 2825 1541 3043 1610; x_wconf 85' lang='lat' dir='ltr'><strong>cpistola</strong></span> <span class='ocrx_word' id='word_1_232' title='bbox 3068 1543 3134 1598; x_wconf 90' lang='lat' dir='ltr'><strong>ad</strong></span> <span class='ocrx_word' id='word_1_233' title='bbox 3165 1549 3445 1620; x_wconf 80' lang='lat' dir='ltr'><strong>episcopos</strong></span> 
     </span>
    </p>
   </div>
   <div class='ocr_carea' id='block_1_33' title="bbox 1879 1623 3449 1700">
    <p class='ocr_par' dir='ltr' id='par_1_33' title="bbox 1879 1623 3449 1700">
     <span class='ocr_line' id='line_1_33' title="bbox 1879 1623 3449 1700; baseline 0.01 -20"><span class='ocrx_word' id='word_1_234' title='bbox 1879 1623 2184 1694; x_wconf 72' lang='lat' dir='ltr'><strong>Britanniae,</strong></span> <span class='ocrx_word' id='word_1_235' title='bbox 2227 1636 2320 1698; x_wconf 69' lang='lat' dir='ltr'><strong>per</strong></span> <span class='ocrx_word' id='word_1_236' title='bbox 2358 1627 2516 1700; x_wconf 87' lang='lat' dir='ltr'><strong>hujus</strong></span> <span class='ocrx_word' id='word_1_237' title='bbox 2555 1633 2762 1686; x_wconf 86' lang='lat' dir='ltr'><strong>concilii</strong></span> <span class='ocrx_word' id='word_1_238' title='bbox 2799 1649 3032 1691; x_wconf 89' lang='lat' dir='ltr'><strong>canones</strong></span> <span class='ocrx_word' id='word_1_239' title='bbox 3060 1635 3312 1694; x_wconf 67' lang='lat' dir='ltr'><strong>Ecclesia:</strong></span> <span class='ocrx_word' id='word_1_240' title='bbox 3341 1639 3449 1696; x_wconf 92' lang='lat' dir='ltr'><strong>dis-</strong></span> 
     </span>
    </p>
   </div>
   <div class='ocr_carea' id='block_1_34' title="bbox 195 1713 3450 1807">
    <p class='ocr_par' dir='ltr' id='par_1_34' title="bbox 195 1713 3450 1807">
     <span class='ocr_line' id='line_1_34' title="bbox 195 1713 3450 1807; baseline -0.001 -17"><span class='ocrx_word' id='word_1_241' title='bbox 195 1713 276 1791; x_wconf 73' lang='lat' dir='ltr'><strong>tat</strong></span> <span class='ocrx_word' id='word_1_242' title='bbox 305 1713 559 1805; x_wconf 65' lang='lat' dir='ltr'><strong>prteterea</strong></span> <span class='ocrx_word' id='word_1_243' title='bbox 587 1735 843 1800; x_wconf 87' lang='lat' dir='ltr'><strong>Socratis,</strong></span> <span class='ocrx_word' id='word_1_244' title='bbox 872 1745 926 1790; x_wconf 91' lang='lat' dir='ltr'><strong>et</strong></span> <span class='ocrx_word' id='word_1_245' title='bbox 949 1713 1121 1807; x_wconf 76' lang='lat' dir='ltr'><strong>(quod</strong></span> <span class='ocrx_word' id='word_1_246' title='bbox 1149 1733 1318 1801; x_wconf 89' lang='lat' dir='ltr'><strong>majus</strong></span> <span class='ocrx_word' id='word_1_247' title='bbox 1341 1733 1452 1800; x_wconf 88' lang='lat' dir='ltr'><strong>est)</strong></span> <span class='ocrx_word' id='word_1_248' title='bbox 1481 1725 1767 1784; x_wconf 69' lang='lat' dir='ltr'><strong>Iustiniani</strong></span> <span class='ocrx_word' id='word_1_249' title='bbox 1801 1722 1845 1784; x_wconf 87' lang='grc' dir='ltr'>Β</span> <span class='ocrx_word' id='word_1_250' title='bbox 1871 1717 2200 1789; x_wconf 83' lang='lat' dir='ltr'><strong>ceptationes</strong></span> <span class='ocrx_word' id='word_1_251' title='bbox 2223 1713 2589 1778; x_wconf 72' lang='lat' dir='ltr'><strong>dissolvendae</strong></span> <span class='ocrx_word' id='word_1_252' title='bbox 2610 1725 3018 1782; x_wconf 77' lang='lat' dir='ltr'><strong>docuit.Cratus</strong></span> <span class='ocrx_word' id='word_1_253' title='bbox 3040 1731 3198 1786; x_wconf 87' lang='lat' dir='ltr'><strong>etiam</strong></span> <span class='ocrx_word' id='word_1_254' title='bbox 3227 1724 3450 1788; x_wconf 80' lang='lat' dir='ltr'><strong>Cartha-</strong></span> 
     </span>
    </p>
   </div>
   <div class='ocr_carea' id='block_1_35' title="bbox 195 1819 1772 1898">
    <p class='ocr_par' dir='ltr' id='par_1_35' title="bbox 195 1819 1772 1898">
     <span class='ocr_line' id='line_1_35' title="bbox 195 1819 1772 1898; baseline -0.006 -17"><span class='ocrx_word' id='word_1_255' title='bbox 195 1829 538 1897; x_wconf 80' lang='lat' dir='ltr'><strong>imperatoris</strong></span> <span class='ocrx_word' id='word_1_256' title='bbox 567 1827 951 1892; x_wconf 87' lang='lat' dir='ltr'><strong>testimonium,</strong></span> <span class='ocrx_word' id='word_1_257' title='bbox 985 1828 1073 1898; x_wconf 89' lang='lat' dir='ltr'><strong>qui</strong></span> <span class='ocrx_word' id='word_1_258' title='bbox 1114 1827 1164 1879; x_wconf 92' lang='lat' dir='ltr'><strong>iu</strong></span> <span class='ocrx_word' id='word_1_259' title='bbox 1196 1825 1368 1880; x_wconf 89' lang='lat' dir='ltr'><strong>edicto</strong></span> <span class='ocrx_word' id='word_1_260' title='bbox 1398 1821 1465 1876; x_wconf 90' lang='lat' dir='ltr'><strong>de</strong></span> <span class='ocrx_word' id='word_1_261' title='bbox 1492 1819 1658 1875; x_wconf 88' lang='lat' dir='ltr'><strong>tribus</strong></span> <span class='ocrx_word' id='word_1_262' title='bbox 1683 1833 1772 1875; x_wconf 84' lang='lat' dir='ltr'><strong>ca-</strong></span> 
     </span>
    </p>
   </div>
   <div class='ocr_carea' id='block_1_36' title="bbox 195 1911 1769 1991">
    <p class='ocr_par' dir='ltr' id='par_1_36' title="bbox 195 1911 1769 1991">
     <span class='ocr_line' id='line_1_36' title="bbox 195 1911 1769 1991; baseline -0.006 -17"><span class='ocrx_word' id='word_1_263' title='bbox 195 1919 382 1991; x_wconf 87' lang='lat' dir='ltr'><strong>pitulis</strong></span> <span class='ocrx_word' id='word_1_264' title='bbox 407 1922 522 1974; x_wconf 79' lang='lat' dir='ltr'><strong>hzec</strong></span> <span class='ocrx_word' id='word_1_265' title='bbox 551 1917 706 1976; x_wconf 89' lang='lat' dir='ltr'><strong>verba</strong></span> <span class='ocrx_word' id='word_1_266' title='bbox 735 1916 918 1976; x_wconf 89' lang='lat' dir='ltr'><strong>scribit</strong></span> <span class='ocrx_word' id='word_1_267' title='bbox 950 1937 962 1972; x_wconf 91' lang='lat'>:</span> <span class='ocrx_word' id='word_1_268' title='bbox 993 1917 1252 1987; x_wconf 85' lang='lat' dir='ltr'><strong>Quoniam</strong></span> <span class='ocrx_word' id='word_1_269' title='bbox 1279 1931 1344 1970; x_wconf 82' lang='lat' dir='ltr'><strong>ex</strong></span> <span class='ocrx_word' id='word_1_270' title='bbox 1369 1914 1453 1968; x_wconf 87' lang='lat' dir='ltr'><strong>his</strong></span> <span class='ocrx_word' id='word_1_271' title='bbox 1480 1914 1569 1984; x_wconf 87' lang='lat' dir='ltr'><strong>qui</strong></span> <span class='ocrx_word' id='word_1_272' title='bbox 1594 1914 1644 1966; x_wconf 89' lang='lat' dir='ltr'><strong>in</strong></span> <span class='ocrx_word' id='word_1_273' title='bbox 1677 1911 1769 1966; x_wconf 82' lang='lat' dir='ltr'><strong>Ni-</strong></span> 
     </span>
    </p>
   </div>
   <div class='ocr_carea' id='block_1_37' title="bbox 192 2005 1770 2083">
    <p class='ocr_par' dir='ltr' id='par_1_37' title="bbox 192 2005 1770 2083">
     <span class='ocr_line' id='line_1_37' title="bbox 192 2005 1770 2083; baseline -0.004 -17"><span class='ocrx_word' id='word_1_274' title='bbox 192 2027 342 2066; x_wconf 66' lang='lat' dir='ltr'><strong>caena</strong></span> <span class='ocrx_word' id='word_1_275' title='bbox 374 2022 556 2067; x_wconf 89' lang='lat' dir='ltr'><strong>sancta</strong></span> <span class='ocrx_word' id='word_1_276' title='bbox 584 2011 789 2083; x_wconf 80' lang='lat' dir='ltr'><strong>synodo</strong></span> <span class='ocrx_word' id='word_1_277' title='bbox 829 2019 1215 2075; x_wconf 86' lang='lat' dir='ltr'><strong>convenerunt,</strong></span> <span class='ocrx_word' id='word_1_278' title='bbox 1245 2019 1298 2064; x_wconf 90' lang='lat' dir='ltr'><strong>et</strong></span> <span class='ocrx_word' id='word_1_279' title='bbox 1319 2009 1573 2078; x_wconf 61' lang='lat' dir='ltr'><strong>expasitzn</strong></span> <span class='ocrx_word' id='word_1_280' title='bbox 1612 2005 1679 2060; x_wconf 91' lang='lat' dir='ltr'><strong>ab</strong></span> <span class='ocrx_word' id='word_1_281' title='bbox 1708 2020 1770 2059; x_wconf 89' lang='lat' dir='ltr'><strong>ea</strong></span> 
     </span>
    </p>
   </div>
   <div class='ocr_carea' id='block_1_38' title="bbox 197 2096 1768 2174">
    <p class='ocr_par' dir='ltr' id='par_1_38' title="bbox 197 2096 1768 2174">
     <span class='ocr_line' id='line_1_38' title="bbox 197 2096 1768 2174; baseline -0.004 -18"><span class='ocrx_word' id='word_1_282' title='bbox 197 2101 316 2158; x_wconf 85' lang='lat' dir='ltr'><strong>lidei</strong></span> <span class='ocrx_word' id='word_1_283' title='bbox 349 2103 640 2159; x_wconf 82' lang='lat' dir='ltr'><strong>deﬁnitioni</strong></span> <span class='ocrx_word' id='word_1_284' title='bbox 684 2103 766 2160; x_wconf 89' lang='lat' dir='ltr'><strong>vel</strong></span> <span class='ocrx_word' id='word_1_285' title='bbox 789 2106 1031 2174; x_wconf 82' lang='lat' dir='ltr'><strong>symbolo</strong></span> <span class='ocrx_word' id='word_1_286' title='bbox 1055 2103 1478 2172; x_wconf 56' lang='lat' dir='ltr'><strong>subscripserunt</strong></span> <span class='ocrx_word' id='word_1_287' title='bbox 1508 2096 1607 2171; x_wconf 91' lang='lat' dir='ltr'><strong>(t),</strong></span> <span class='ocrx_word' id='word_1_288' title='bbox 1640 2111 1768 2165; x_wconf 84' lang='lat' dir='ltr'><strong>quo-</strong></span> 
     </span>
    </p>
   </div>
   <div class='ocr_carea' id='block_1_39' title="bbox 192 2187 1768 2266">
    <p class='ocr_par' dir='ltr' id='par_1_39' title="bbox 192 2187 1768 2266">
     <span class='ocr_line' id='line_1_39' title="bbox 192 2187 1768 2266; baseline -0.004 -19"><span class='ocrx_word' id='word_1_289' title='bbox 192 2192 337 2247; x_wconf 84' lang='lat' dir='ltr'><strong>niam</strong></span> <span class='ocrx_word' id='word_1_290' title='bbox 383 2203 562 2262; x_wconf 88' lang='lat' dir='ltr'><strong>postea</strong></span> <span class='ocrx_word' id='word_1_291' title='bbox 607 2204 790 2251; x_wconf 86' lang='lat' dir='ltr'><strong>contra</strong></span> <span class='ocrx_word' id='word_1_292' title='bbox 823 2196 898 2250; x_wconf 91' lang='lat' dir='ltr'><strong>ire</strong></span> <span class='ocrx_word' id='word_1_293' title='bbox 920 2196 1184 2266; x_wconf 82' lang='lat' dir='ltr'><strong>sapientes</strong></span> <span class='ocrx_word' id='word_1_294' title='bbox 1231 2199 1629 2261; x_wconf 87' lang='lat' dir='ltr'><strong>apparuerunt;</strong></span> <span class='ocrx_word' id='word_1_295' title='bbox 1677 2187 1768 2242; x_wconf 84' lang='lat' dir='ltr'><strong>alii</strong></span> 
     </span>
    </p>
   </div>
   <div class='ocr_carea' id='block_1_40' title="bbox 188 2281 1767 2355">
    <p class='ocr_par' dir='ltr' id='par_1_40' title="bbox 188 2281 1767 2355">
     <span class='ocr_line' id='line_1_40' title="bbox 188 2281 1767 2355; baseline -0.004 -17"><span class='ocrx_word' id='word_1_296' title='bbox 188 2285 406 2354; x_wconf 87' lang='lat' dir='ltr'><strong>quidem</strong></span> <span class='ocrx_word' id='word_1_297' title='bbox 436 2287 559 2352; x_wconf 87' lang='lat' dir='ltr'><strong>vivi,</strong></span> <span class='ocrx_word' id='word_1_298' title='bbox 590 2286 678 2340; x_wconf 78' lang='lat' dir='ltr'><strong>alii</strong></span> <span class='ocrx_word' id='word_1_299' title='bbox 708 2295 828 2355; x_wconf 88' lang='lat' dir='ltr'><strong>post</strong></span> <span class='ocrx_word' id='word_1_300' title='bbox 868 2295 1091 2340; x_wconf 86' lang='lat' dir='ltr'><strong>mortem</strong></span> <span class='ocrx_word' id='word_1_301' title='bbox 1119 2281 1544 2337; x_wconf 83' lang='lat' dir='ltr'><strong>anathematizati</strong></span> <span class='ocrx_word' id='word_1_302' title='bbox 1588 2290 1711 2334; x_wconf 90' lang='lat' dir='ltr'><strong>sunt</strong></span> <span class='ocrx_word' id='word_1_303' title='bbox 1739 2295 1767 2332; x_wconf 90' lang='lat' dir='ltr'><strong>a</strong></span> 
     </span>
    </p>
   </div>
   <div class='ocr_carea' id='block_1_41' title="bbox 192 2365 1767 2448">
    <p class='ocr_par' dir='ltr' id='par_1_41' title="bbox 192 2365 1767 2448">
     <span class='ocr_line' id='line_1_41' title="bbox 192 2365 1767 2448; baseline -0.002 -17"><span class='ocrx_word' id='word_1_304' title='bbox 192 2365 426 2432; x_wconf 74' lang='lat' dir='ltr'><strong>Damasi)</strong></span> <span class='ocrx_word' id='word_1_305' title='bbox 452 2387 647 2432; x_wconf 62' lang='lat' dir='ltr'><strong>saniem.-</strong></span> <span class='ocrx_word' id='word_1_306' title='bbox 671 2379 940 2433; x_wconf 74' lang='lat' dir='ltr'><strong>memoria:</strong></span> <span class='ocrx_word' id='word_1_307' title='bbox 963 2393 1094 2448; x_wconf 89' lang='lat' dir='ltr'><strong>papa</strong></span> <span class='ocrx_word' id='word_1_308' title='bbox 1120 2376 1430 2444; x_wconf 88' lang='lat' dir='ltr'><strong>antiquioris</strong></span> <span class='ocrx_word' id='word_1_309' title='bbox 1450 2374 1652 2436; x_wconf 69' lang='lat' dir='ltr'><strong>Romm,</strong></span> <span class='ocrx_word' id='word_1_310' title='bbox 1685 2370 1767 2425; x_wconf 84' lang='lat' dir='ltr'><strong>vel</strong></span> 
     </span>
    </p>
   </div>
   <div class='ocr_carea' id='block_1_42' title="bbox 187 2467 1769 2542">
    <p class='ocr_par' dir='ltr' id='par_1_42' title="bbox 187 2467 1769 2542">
     <span class='ocr_line' id='line_1_42' title="bbox 187 2467 1769 2542; baseline -0.003 -21"><span class='ocrx_word' id='word_1_311' title='bbox 187 2467 257 2524; x_wconf 87' lang='lat' dir='ltr'><strong>ab</strong></span> <span class='ocrx_word' id='word_1_312' title='bbox 280 2469 566 2525; x_wconf 87' lang='lat' dir='ltr'><strong>universali</strong></span> <span class='ocrx_word' id='word_1_313' title='bbox 591 2471 891 2527; x_wconf 83' lang='lat' dir='ltr'><strong>Sardicensi</strong></span> <span class='ocrx_word' id='word_1_314' title='bbox 921 2470 1147 2542; x_wconf 83' lang='lat' dir='ltr'><strong>synodo,</strong></span> <span class='ocrx_word' id='word_1_315' title='bbox 1181 2480 1335 2538; x_wconf 87' lang='lat' dir='ltr'><strong>prout</strong></span> <span class='ocrx_word' id='word_1_316' title='bbox 1366 2476 1591 2522; x_wconf 80' lang='lat' dir='ltr'><strong>testatur</strong></span> <span class='ocrx_word' id='word_1_317' title='bbox 1617 2479 1769 2519; x_wconf 82' lang='lat' dir='ltr'><strong>sanc-</strong></span> 
     </span>
    </p>
   </div>
   <div class='ocr_carea' id='block_1_43' title="bbox 190 2559 1766 2626">
    <p class='ocr_par' dir='ltr' id='par_1_43' title="bbox 190 2559 1766 2626">
     <span class='ocr_line' id='line_1_43' title="bbox 190 2559 1766 2626; baseline -0.003 -12"><span class='ocrx_word' id='word_1_318' title='bbox 190 2569 276 2615; x_wconf 89' lang='lat' dir='ltr'><strong>tus</strong></span> <span class='ocrx_word' id='word_1_319' title='bbox 294 2561 634 2617; x_wconf 77' lang='lat' dir='ltr'><strong>Athanasius.</strong></span> <span class='ocrx_word' id='word_1_320' title='bbox 661 2561 783 2618; x_wconf 72' lang='lat' dir='ltr'><strong>llazc</strong></span> <span class='ocrx_word' id='word_1_321' title='bbox 803 2562 1152 2618; x_wconf 84' lang='lat' dir='ltr'><strong>Justiuianus.</strong></span> <span class='ocrx_word' id='word_1_322' title='bbox 1174 2559 1304 2614; x_wconf 85' lang='lat' dir='ltr'><strong>Cum</strong></span> <span class='ocrx_word' id='word_1_323' title='bbox 1329 2569 1504 2613; x_wconf 89' lang='lat' dir='ltr'><strong>autem</strong></span> <span class='ocrx_word' id='word_1_324' title='bbox 1537 2559 1766 2626; x_wconf 83' lang='lat' dir='ltr'><strong>ipsemet</strong></span> 
     </span>
    </p>
   </div>
   <div class='ocr_carea' id='block_1_44' title="bbox 185 2646 1769 2726">
    <p class='ocr_par' dir='ltr' id='par_1_44' title="bbox 185 2646 1769 2726">
     <span class='ocr_line' id='line_1_44' title="bbox 185 2646 1769 2726; baseline -0.004 -20"><span class='ocrx_word' id='word_1_325' title='bbox 185 2646 363 2706; x_wconf 74' lang='lat' dir='ltr'><strong>Julius</strong></span> <span class='ocrx_word' id='word_1_326' title='bbox 395 2649 566 2724; x_wconf 81' lang='lat' dir='ltr'><strong>(apud</strong></span> <span class='ocrx_word' id='word_1_327' title='bbox 594 2653 806 2722; x_wconf 66' lang='lat' dir='ltr'><strong>Alliam,</strong></span> <span class='ocrx_word' id='word_1_328' title='bbox 836 2647 976 2726; x_wconf 82' lang='lat' dir='ltr'><strong>apol.</strong></span> <span class='ocrx_word' id='word_1_329' title='bbox 999 2653 1067 2723; x_wconf 74' lang='lat'><strong>2)</strong></span> <span class='ocrx_word' id='word_1_330' title='bbox 1099 2653 1153 2707; x_wconf 91' lang='lat' dir='ltr'><strong>in</strong></span> <span class='ocrx_word' id='word_1_331' title='bbox 1183 2650 1408 2723; x_wconf 80' lang='lat' dir='ltr'><strong>epistola</strong></span> <span class='ocrx_word' id='word_1_332' title='bbox 1441 2648 1507 2703; x_wconf 87' lang='lat' dir='ltr'><strong>ad</strong></span> <span class='ocrx_word' id='word_1_333' title='bbox 1539 2649 1769 2702; x_wconf 82' lang='lat' dir='ltr'><strong>Alexan-</strong></span> 
     </span>
    </p>
   </div>
   <div class='ocr_carea' id='block_1_45' title="bbox 1873 1812 3451 1888">
    <p class='ocr_par' dir='ltr' id='par_1_45' title="bbox 1873 1812 3451 1888">
     <span class='ocr_line' id='line_1_45' title="bbox 1873 1812 3451 1888; baseline 0.008 -22"><span class='ocrx_word' id='word_1_334' title='bbox 1873 1812 2111 1883; x_wconf 81' lang='lat' dir='ltr'><strong>ginensis</strong></span> <span class='ocrx_word' id='word_1_335' title='bbox 2151 1813 2436 1883; x_wconf 84' lang='lat' dir='ltr'><strong>episcopus</strong></span> <span class='ocrx_word' id='word_1_336' title='bbox 2484 1814 2534 1867; x_wconf 87' lang='lat' dir='ltr'><strong>in</strong></span> <span class='ocrx_word' id='word_1_337' title='bbox 2579 1812 2984 1887; x_wconf 67' lang='lat' dir='ltr'><strong>Carthaginiensi</strong></span> <span class='ocrx_word' id='word_1_338' title='bbox 3025 1820 3194 1888; x_wconf 91' lang='lat' dir='ltr'><strong>primo</strong></span> <span class='ocrx_word' id='word_1_339' title='bbox 3222 1821 3451 1880; x_wconf 89' lang='lat' dir='ltr'><strong>concilio</strong></span> 
     </span>
    </p>
   </div>
   <div class='ocr_carea' id='block_1_46' title="bbox 1875 1899 3449 1974">
    <p class='ocr_par' dir='ltr' id='par_1_46' title="bbox 1875 1899 3449 1974">
     <span class='ocr_line' id='line_1_46' title="bbox 1875 1899 3449 1974; baseline 0.007 -15"><span class='ocrx_word' id='word_1_340' title='bbox 1875 1899 2015 1960; x_wconf 88' lang='lat' dir='ltr'><strong>idem</strong></span> <span class='ocrx_word' id='word_1_341' title='bbox 2055 1905 2356 1970; x_wconf 83' lang='lat' dir='ltr'><strong>conlirmat,</strong></span> <span class='ocrx_word' id='word_1_342' title='bbox 2406 1917 2557 1974; x_wconf 70' lang='lat' dir='ltr'><strong>cujus</strong></span> <span class='ocrx_word' id='word_1_343' title='bbox 2584 1907 2742 1963; x_wconf 79' lang='lat' dir='ltr'><strong>verba</strong></span> <span class='ocrx_word' id='word_1_344' title='bbox 2789 1907 2904 1964; x_wconf 75' lang='lat' dir='ltr'><strong>lta-c</strong></span> <span class='ocrx_word' id='word_1_345' title='bbox 2945 1919 3070 1965; x_wconf 86' lang='lat' dir='ltr'><strong>sunt</strong></span> <span class='ocrx_word' id='word_1_346' title='bbox 3101 1929 3114 1965; x_wconf 91' lang='lat'><strong>:</strong></span> <span class='ocrx_word' id='word_1_347' title='bbox 3141 1905 3354 1968; x_wconf 64' lang='lat' dir='ltr'><strong>hletnini</strong></span> <span class='ocrx_word' id='word_1_348' title='bbox 3397 1915 3449 1971; x_wconf 86' lang='lat' dir='ltr'><strong>in</strong></span> 
     </span>
    </p>
   </div>
   <div class='ocr_carea' id='block_1_47' title="bbox 1875 1988 3448 2067">
    <p class='ocr_par' dir='ltr' id='par_1_47' title="bbox 1875 1988 3448 2067">
     <span class='ocr_line' id='line_1_47' title="bbox 1875 1988 3448 2067; baseline 0.008 -18"><span class='ocrx_word' id='word_1_349' title='bbox 1875 1991 2210 2049; x_wconf 75' lang='lat' dir='ltr'><strong>sanctissimo</strong></span> <span class='ocrx_word' id='word_1_350' title='bbox 2231 1996 2458 2051; x_wconf 76' lang='lat' dir='ltr'><strong>cencilio</strong></span> <span class='ocrx_word' id='word_1_351' title='bbox 2481 1988 2780 2053; x_wconf 83' lang='lat' dir='ltr'><strong>Sardicensi</strong></span> <span class='ocrx_word' id='word_1_352' title='bbox 2808 2004 3082 2067; x_wconf 87' lang='lat' dir='ltr'><strong>statutum,</strong></span> <span class='ocrx_word' id='word_1_353' title='bbox 3107 2012 3165 2057; x_wconf 92' lang='lat' dir='ltr'><strong>ut</strong></span> <span class='ocrx_word' id='word_1_354' title='bbox 3195 2020 3350 2059; x_wconf 89' lang='lat' dir='ltr'><strong>nemo</strong></span> <span class='ocrx_word' id='word_1_355' title='bbox 3374 2005 3448 2062; x_wconf 50' lang='lat' dir='ltr'><strong>al;</strong></span> 
     </span>
    </p>
   </div>
   <div class='ocr_carea' id='block_1_48' title="bbox 1875 2081 3452 2161">
    <p class='ocr_par' dir='ltr' id='par_1_48' title="bbox 1875 2081 3452 2161">
     <span class='ocr_line' id='line_1_48' title="bbox 1875 2081 3452 2161; baseline 0.008 -21"><span class='ocrx_word' id='word_1_356' title='bbox 1875 2087 2040 2140; x_wconf 82' lang='lat' dir='ltr'><strong>terius</strong></span> <span class='ocrx_word' id='word_1_357' title='bbox 2069 2087 2236 2157; x_wconf 85' lang='lat' dir='ltr'><strong>plebis</strong></span> <span class='ocrx_word' id='word_1_358' title='bbox 2259 2081 2528 2144; x_wconf 85' lang='lat' dir='ltr'><strong>hominem</strong></span> <span class='ocrx_word' id='word_1_359' title='bbox 2559 2100 2778 2161; x_wconf 87' lang='lat' dir='ltr'><strong>usurpet</strong></span> <span class='ocrx_word' id='word_1_360' title='bbox 2810 2109 2823 2146; x_wconf 91' lang='lat'><strong>:</strong></span> <span class='ocrx_word' id='word_1_361' title='bbox 2851 2092 2946 2148; x_wconf 88' lang='lat' dir='ltr'><strong>sed</strong></span> <span class='ocrx_word' id='word_1_362' title='bbox 2985 2095 3028 2148; x_wconf 91' lang='lat' dir='ltr'><strong>si</strong></span> <span class='ocrx_word' id='word_1_363' title='bbox 3065 2094 3199 2151; x_wconf 74' lang='lat' dir='ltr'><strong>forte</strong></span> <span class='ocrx_word' id='word_1_364' title='bbox 3225 2097 3327 2152; x_wconf 89' lang='lat' dir='ltr'><strong>erit</strong></span> <span class='ocrx_word' id='word_1_365' title='bbox 3357 2114 3452 2153; x_wconf 83' lang='lat' dir='ltr'><strong>ne-</strong></span> 
     </span>
    </p>
   </div>
   <div class='ocr_carea' id='block_1_49' title="bbox 1873 2181 3449 2256">
    <p class='ocr_par' dir='ltr' id='par_1_49' title="bbox 1873 2181 3449 2256">
     <span class='ocr_line' id='line_1_49' title="bbox 1873 2181 3449 2256; baseline 0.007 -23"><span class='ocrx_word' id='word_1_366' title='bbox 1873 2181 2156 2243; x_wconf 88' lang='lat' dir='ltr'><strong>cessarius,</strong></span> <span class='ocrx_word' id='word_1_367' title='bbox 2185 2185 2373 2249; x_wconf 73' lang='lat' dir='ltr'><strong>pcteta</strong></span> <span class='ocrx_word' id='word_1_368' title='bbox 2405 2182 2607 2254; x_wconf 77' lang='lat' dir='ltr'><strong>collega</strong></span> <span class='ocrx_word' id='word_1_369' title='bbox 2638 2199 2754 2250; x_wconf 81' lang='lat' dir='ltr'><strong>suo,</strong></span> <span class='ocrx_word' id='word_1_370' title='bbox 2783 2198 2836 2240; x_wconf 93' lang='lat' dir='ltr'><strong>et</strong></span> <span class='ocrx_word' id='word_1_371' title='bbox 2875 2201 2970 2256; x_wconf 90' lang='lat' dir='ltr'><strong>per</strong></span> <span class='ocrx_word' id='word_1_372' title='bbox 2995 2203 3313 2244; x_wconf 87' lang='lat' dir='ltr'><strong>consensum</strong></span> <span class='ocrx_word' id='word_1_373' title='bbox 3348 2187 3449 2244; x_wconf 86' lang='lat' dir='ltr'><strong>ha-</strong></span> 
     </span>
    </p>
   </div>
   <div class='ocr_carea' id='block_1_50' title="bbox 1875 2271 3447 2346">
    <p class='ocr_par' dir='ltr' id='par_1_50' title="bbox 1875 2271 3447 2346">
     <span class='ocr_line' id='line_1_50' title="bbox 1875 2271 3447 2346; baseline 0.004 -19"><span class='ocrx_word' id='word_1_374' title='bbox 1875 2271 2016 2327; x_wconf 82' lang='lat' dir='ltr'><strong>bent.</strong></span> <span class='ocrx_word' id='word_1_375' title='bbox 2041 2273 2191 2339; x_wconf 85' lang='lat' dir='ltr'><strong>Quod</strong></span> <span class='ocrx_word' id='word_1_376' title='bbox 2221 2275 2272 2326; x_wconf 90' lang='lat' dir='ltr'><strong>in</strong></span> <span class='ocrx_word' id='word_1_377' title='bbox 2302 2274 2602 2330; x_wconf 86' lang='lat' dir='ltr'><strong>Sardicensi</strong></span> <span class='ocrx_word' id='word_1_378' title='bbox 2629 2278 2879 2343; x_wconf 87' lang='lat' dir='ltr'><strong>concilio,</strong></span> <span class='ocrx_word' id='word_1_379' title='bbox 2906 2294 3025 2334; x_wconf 85' lang='lat' dir='ltr'><strong>can.</strong></span> <span class='ocrx_word' id='word_1_380' title='bbox 3059 2277 3148 2346; x_wconf 78' lang='grc'><strong>15,</strong></span> <span class='ocrx_word' id='word_1_381' title='bbox 3175 2278 3447 2336; x_wconf 85' lang='lat' dir='ltr'><strong>decretqu</strong></span> 
     </span>
    </p>
   </div>
   <div class='ocr_carea' id='block_1_51' title="bbox 1877 2358 3449 2439">
    <p class='ocr_par' dir='ltr' id='par_1_51' title="bbox 1877 2358 3449 2439">
     <span class='ocr_line' id='line_1_51' title="bbox 1877 2358 3449 2439; baseline 0.006 -19"><span class='ocrx_word' id='word_1_382' title='bbox 1877 2374 1974 2420; x_wconf 89' lang='lat' dir='ltr'><strong>est.</strong></span> <span class='ocrx_word' id='word_1_383' title='bbox 2003 2358 2067 2419; x_wconf 86' lang='lat' dir='ltr'><strong>Et</strong></span> <span class='ocrx_word' id='word_1_384' title='bbox 2090 2363 2337 2421; x_wconf 81' lang='lat' dir='ltr'><strong>Nicolaus</strong></span> <span class='ocrx_word' id='word_1_385' title='bbox 2361 2369 2560 2436; x_wconf 86' lang='lat' dir='ltr'><strong>primus</strong></span> <span class='ocrx_word' id='word_1_386' title='bbox 2583 2370 2632 2421; x_wconf 90' lang='lat' dir='ltr'><strong>iu</strong></span> <span class='ocrx_word' id='word_1_387' title='bbox 2656 2370 2882 2439; x_wconf 70' lang='lat' dir='ltr'><strong>epistola</strong></span> <span class='ocrx_word' id='word_1_388' title='bbox 2913 2371 2945 2426; x_wconf 70' lang='grc'>4</span> <span class='ocrx_word' id='word_1_389' title='bbox 2979 2368 3206 2427; x_wconf 84' lang='lat' dir='ltr'><strong>Rhotadi</strong></span> <span class='ocrx_word' id='word_1_390' title='bbox 3237 2388 3449 2429; x_wconf 85' lang='lat' dir='ltr'><strong>causam</strong></span> 
     </span>
    </p>
   </div>
   <div class='ocr_carea' id='block_1_52' title="bbox 1878 2450 3453 2536">
    <p class='ocr_par' dir='ltr' id='par_1_52' title="bbox 1878 2450 3453 2536">
     <span class='ocr_line' id='line_1_52' title="bbox 1878 2450 3453 2536; baseline 0.006 -25"><span class='ocrx_word' id='word_1_391' title='bbox 1878 2450 2035 2529; x_wconf 91' lang='lat' dir='ltr'><strong>hujus</strong></span> <span class='ocrx_word' id='word_1_392' title='bbox 2074 2457 2260 2529; x_wconf 86' lang='lat' dir='ltr'><strong>synodi</strong></span> <span class='ocrx_word' id='word_1_393' title='bbox 2307 2462 2620 2514; x_wconf 87' lang='lat' dir='ltr'><strong>auctoritate</strong></span> <span class='ocrx_word' id='word_1_394' title='bbox 2659 2463 2959 2532; x_wconf 85' lang='lat' dir='ltr'><strong>composuit</strong></span> <span class='ocrx_word' id='word_1_395' title='bbox 2987 2481 3000 2515; x_wconf 89' lang='lat'><strong>:</strong></span> <span class='ocrx_word' id='word_1_396' title='bbox 3025 2474 3077 2518; x_wconf 90' lang='lat' dir='ltr'><strong>et</strong></span> <span class='ocrx_word' id='word_1_397' title='bbox 3126 2462 3347 2536; x_wconf 75' lang='lat' dir='ltr'><strong>epistola</strong></span> <span class='ocrx_word' id='word_1_398' title='bbox 3385 2460 3453 2520; x_wconf 86' lang='lat' dir='ltr'><strong>ad</strong></span> 
     </span>
    </p>
   </div>
   <div class='ocr_carea' id='block_1_53' title="bbox 1875 2547 3455 2620">
    <p class='ocr_par' dir='ltr' id='par_1_53' title="bbox 1875 2547 3455 2620">
     <span class='ocr_line' id='line_1_53' title="bbox 1875 2547 3455 2620; baseline 0.006 -16"><span class='ocrx_word' id='word_1_399' title='bbox 1875 2550 2073 2604; x_wconf 84' lang='lat' dir='ltr'><strong>clerum</strong></span> <span class='ocrx_word' id='word_1_400' title='bbox 2111 2547 2758 2620; x_wconf 84' lang='lat' dir='ltr'><strong>Censtantinopolilanum</strong></span> <span class='ocrx_word' id='word_1_401' title='bbox 2789 2554 2857 2608; x_wconf 88' lang='lat' dir='ltr'><strong>ab</strong></span> <span class='ocrx_word' id='word_1_402' title='bbox 2882 2556 3025 2609; x_wconf 88' lang='lat' dir='ltr'><strong>omni</strong></span> <span class='ocrx_word' id='word_1_403' title='bbox 3053 2555 3279 2612; x_wconf 87' lang='lat' dir='ltr'><strong>ecclesia</strong></span> <span class='ocrx_word' id='word_1_404' title='bbox 3327 2551 3455 2614; x_wconf 75' lang='lat' dir='ltr'><strong>Sar-</strong></span> 
     </span>
    </p>
   </div>
   <div class='ocr_carea' id='block_1_54' title="bbox 1875 2634 3132 2716">
    <p class='ocr_par' dir='ltr' id='par_1_54' title="bbox 1875 2634 3132 2716">
     <span class='ocr_line' id='line_1_54' title="bbox 1875 2634 3132 2716; baseline 0.006 -19"><span class='ocrx_word' id='word_1_405' title='bbox 1875 2634 2091 2698; x_wconf 88' lang='lat' dir='ltr'><strong>dicense</strong></span> <span class='ocrx_word' id='word_1_406' title='bbox 2119 2644 2404 2698; x_wconf 90' lang='lat' dir='ltr'><strong>concilium</strong></span> <span class='ocrx_word' id='word_1_407' title='bbox 2435 2646 2704 2716; x_wconf 83' lang='lat' dir='ltr'><strong>receptum</strong></span> <span class='ocrx_word' id='word_1_408' title='bbox 2731 2663 2852 2704; x_wconf 87' lang='lat' dir='ltr'><strong>esse</strong></span> <span class='ocrx_word' id='word_1_409' title='bbox 2891 2657 3132 2705; x_wconf 88' lang='lat' dir='ltr'><strong>testatur.</strong></span> 
     </span>
    </p>
   </div>
   <div class='ocr_carea' id='block_1_55' title="bbox 1540 2779 2108 2840">
    <p class='ocr_par' dir='ltr' id='par_1_55' title="bbox 1540 2779 2108 2840">
     <span class='ocr_line' id='line_1_55' title="bbox 1540 2779 2108 2840; baseline -0.007 0"><span class='ocrx_word' id='word_1_410' title='bbox 1540 2782 1672 2840; x_wconf 86' lang='lat' dir='ltr'><strong>OSll</strong></span> <span class='ocrx_word' id='word_1_411' title='bbox 1700 2779 2108 2837; x_wconf 61' lang='lat' dir='ltr'><strong>SENTENTIIE</strong></span> 
     </span>
    </p>
   </div>
   <div class='ocr_carea' id='block_1_56' title="bbox 766 2905 2900 2964">
    <p class='ocr_par' dir='ltr' id='par_1_56' title="bbox 766 2905 2900 2964">
     <span class='ocr_line' id='line_1_56' title="bbox 766 2905 2900 2964; baseline -0.004 0"><span class='ocrx_word' id='word_1_412' title='bbox 766 2917 881 2964; x_wconf 74' lang='lat' dir='ltr'><strong>sive</strong></span> <span class='ocrx_word' id='word_1_413' title='bbox 907 2920 1142 2962; x_wconf 66' lang='lat' dir='ltr'><strong>canones</strong></span> <span class='ocrx_word' id='word_1_414' title='bbox 1161 2915 1469 2960; x_wconf 75' lang='grc' dir='ltr'><strong>εΑιιοσι-οιιιιιι</strong></span> <span class='ocrx_word' id='word_1_415' title='bbox 1496 2913 1563 2953; x_wconf 75' lang='grc' dir='ltr'><strong>ετ</strong></span> <span class='ocrx_word' id='word_1_416' title='bbox 1585 2909 1866 2952; x_wconf 67' lang='lat' dir='ltr'><strong>nearest]!</strong></span> <span class='ocrx_word' id='word_1_417' title='bbox 1887 2905 2100 2949; x_wconf 67' lang='lat' dir='ltr'><strong>paravit</strong></span> <span class='ocrx_word' id='word_1_418' title='bbox 2120 2910 2208 2959; x_wconf 77' lang='lat' dir='ltr'><strong>um</strong></span> <span class='ocrx_word' id='word_1_419' title='bbox 2229 2907 2467 2953; x_wconf 59' lang='lat' dir='ltr'><strong>sum}:</strong></span> <span class='ocrx_word' id='word_1_420' title='bbox 2495 2907 2900 2959; x_wconf 62' lang='lat' dir='ltr'><strong>commenti“.</strong></span> 
     </span>
    </p>
   </div>
   <div class='ocr_carea' id='block_1_57' title="bbox 1437 3005 2252 3080">
    <p class='ocr_par' dir='ltr' id='par_1_57' title="bbox 1437 3005 2252 3080">
     <span class='ocr_line' id='line_1_57' title="bbox 1437 3005 2252 3080; baseline -0.006 -11"><span class='ocrx_word' id='word_1_421' title='bbox 1437 3012 1685 3069; x_wconf 77' lang='lat' dir='ltr'><strong>Genliauo</strong></span> <span class='ocrx_word' id='word_1_422' title='bbox 1707 3005 1927 3063; x_wconf 77' lang='lat' dir='ltr'><strong>Hcrvelo</strong></span> <span class='ocrx_word' id='word_1_423' title='bbox 1964 3009 2252 3080; x_wconf 74' lang='lat' dir='ltr'><strong>interprete.</strong></span> 
     </span>
    </p>
   </div>
   <div class='ocr_carea' id='block_1_58' title="bbox 266 3121 1854 3212">
    <p class='ocr_par' dir='ltr' id='par_1_58' title="bbox 266 3121 1854 3212">
     <span class='ocr_line' id='line_1_58' title="bbox 266 3121 1854 3212; baseline -0.012 -14"><span class='ocrx_word' id='word_1_424' title='bbox 266 3139 470 3198; x_wconf 81' lang='lat' dir='ltr'><strong>Sancta</strong></span> <span class='ocrx_word' id='word_1_425' title='bbox 490 3137 724 3212; x_wconf 86' lang='lat' dir='ltr'><strong>synodus</strong></span> <span class='ocrx_word' id='word_1_426' title='bbox 746 3137 978 3195; x_wconf 78' lang='lat' dir='ltr'><strong>Sardicte</strong></span> <span class='ocrx_word' id='word_1_427' title='bbox 995 3144 1314 3207; x_wconf 73' lang='lat' dir='ltr'><strong>congregata</strong></span> <span class='ocrx_word' id='word_1_428' title='bbox 1331 3148 1396 3187; x_wconf 78' lang='lat' dir='ltr'><strong>ex</strong></span> <span class='ocrx_word' id='word_1_429' title='bbox 1412 3125 1638 3185; x_wconf 84' lang='lat' dir='ltr'><strong>diversis</strong></span> <span class='ocrx_word' id='word_1_430' title='bbox 1661 3141 1779 3194; x_wconf 86' lang='lat' dir='ltr'><strong>pro—</strong></span> <span class='ocrx_word' id='word_1_431' title='bbox 1809 3121 1854 3185; x_wconf 88' lang='lat' dir='ltr'><strong>C</strong></span> 
     </span>
    </p>
   </div>
   <div class='ocr_carea' id='block_1_59' title="bbox 194 3232 1160 3302">
    <p class='ocr_par' dir='ltr' id='par_1_59' title="bbox 194 3232 1160 3302">
     <span class='ocr_line' id='line_1_59' title="bbox 194 3232 1160 3302; baseline -0.007 -13"><span class='ocrx_word' id='word_1_432' title='bbox 194 3235 411 3300; x_wconf 82' lang='lat' dir='ltr'><strong>vinciis,</strong></span> <span class='ocrx_word' id='word_1_433' title='bbox 443 3232 680 3287; x_wconf 88' lang='lat' dir='ltr'><strong>dellnivit</strong></span> <span class='ocrx_word' id='word_1_434' title='bbox 709 3247 826 3302; x_wconf 80' lang='lat' dir='ltr'><strong>qua:</strong></span> <span class='ocrx_word' id='word_1_435' title='bbox 848 3239 1160 3301; x_wconf 87' lang='lat' dir='ltr'><strong>sequuntur.</strong></span> 
     </span>
    </p>
   </div>
   <div class='ocr_carea' id='block_1_60' title="bbox 274 3335 1776 3413">
    <p class='ocr_par' dir='ltr' id='par_1_60' title="bbox 274 3335 1776 3413">
     <span class='ocr_line' id='line_1_60' title="bbox 274 3335 1776 3413; baseline -0.007 -14"><span class='ocrx_word' id='word_1_436' title='bbox 274 3348 314 3399; x_wconf 88' lang='lat' dir='ltr'><strong>l.</strong></span> <span class='ocrx_word' id='word_1_437' title='bbox 330 3345 510 3405; x_wconf 82' lang='lat' dir='ltr'><strong>Osius.</strong></span> <span class='ocrx_word' id='word_1_438' title='bbox 527 3343 670 3398; x_wconf 85' lang='lat' dir='ltr'><strong>urbis</strong></span> <span class='ocrx_word' id='word_1_439' title='bbox 685 3343 761 3413; x_wconf 76' lang='lat'><strong>(‘2)</strong></span> <span class='ocrx_word' id='word_1_440' title='bbox 777 3341 1036 3397; x_wconf 80' lang='lat' dir='ltr'><strong>Corduba:</strong></span> <span class='ocrx_word' id='word_1_441' title='bbox 1049 3341 1349 3408; x_wconf 81' lang='lat' dir='ltr'><strong>episcopus,</strong></span> <span class='ocrx_word' id='word_1_442' title='bbox 1366 3339 1525 3394; x_wconf 79' lang='lat' dir='ltr'><strong>dixit:</strong></span> <span class='ocrx_word' id='word_1_443' title='bbox 1541 3335 1656 3392; x_wconf 81' lang='lat' dir='ltr'><strong>Non</strong></span> <span class='ocrx_word' id='word_1_444' title='bbox 1671 3347 1776 3390; x_wconf 88' lang='lat' dir='ltr'><strong>tam</strong></span> 
     </span>
    </p>
   </div>
   <div class='ocr_carea' id='block_1_61' title="bbox 199 3432 1778 3504">
    <p class='ocr_par' dir='ltr' id='par_1_61' title="bbox 199 3432 1778 3504">
     <span class='ocr_line' id='line_1_61' title="bbox 199 3432 1778 3504; baseline -0.007 -12"><span class='ocrx_word' id='word_1_445' title='bbox 199 3436 341 3492; x_wconf 84' lang='lat' dir='ltr'><strong>mala</strong></span> <span class='ocrx_word' id='word_1_446' title='bbox 383 3435 736 3499; x_wconf 84' lang='lat' dir='ltr'><strong>consuetudo,</strong></span> <span class='ocrx_word' id='word_1_447' title='bbox 768 3449 925 3504; x_wconf 85' lang='lat' dir='ltr'><strong>quam</strong></span> <span class='ocrx_word' id='word_1_448' title='bbox 956 3432 1404 3503; x_wconf 86' lang='lat' dir='ltr'><strong>perniciosissima</strong></span> <span class='ocrx_word' id='word_1_449' title='bbox 1447 3446 1622 3484; x_wconf 90' lang='lat' dir='ltr'><strong>rerum</strong></span> <span class='ocrx_word' id='word_1_450' title='bbox 1663 3443 1778 3482; x_wconf 86' lang='lat' dir='ltr'><strong>cor-</strong></span> 
     </span>
    </p>
   </div>
   <div class='ocr_carea' id='block_1_62' title="bbox 201 3519 1778 3596">
    <p class='ocr_par' dir='ltr' id='par_1_62' title="bbox 201 3519 1778 3596">
     <span class='ocr_line' id='line_1_62' title="bbox 201 3519 1778 3596; baseline -0.006 -15"><span class='ocrx_word' id='word_1_451' title='bbox 201 3527 438 3596; x_wconf 86' lang='lat' dir='ltr'><strong>ruptela,</strong></span> <span class='ocrx_word' id='word_1_452' title='bbox 463 3539 545 3579; x_wconf 72' lang='lat' dir='ltr'><strong>eet</strong></span> <span class='ocrx_word' id='word_1_453' title='bbox 563 3541 626 3580; x_wconf 80' lang='lat' dir='ltr'><strong>ex</strong></span> <span class='ocrx_word' id='word_1_454' title='bbox 660 3526 786 3593; x_wconf 85' lang='lat' dir='ltr'><strong>ipsis</strong></span> <span class='ocrx_word' id='word_1_455' title='bbox 813 3523 1170 3579; x_wconf 81' lang='lat' dir='ltr'><strong>fundamentis</strong></span> <span class='ocrx_word' id='word_1_456' title='bbox 1197 3524 1406 3593; x_wconf 80' lang='lat' dir='ltr'><strong>penitus</strong></span> <span class='ocrx_word' id='word_1_457' title='bbox 1427 3519 1778 3579; x_wconf 68' lang='lat' dir='ltr'><strong>extirpanda:</strong></span> 
     </span>
    </p>
   </div>
   <div class='ocr_carea' id='block_1_63' title="bbox 203 3613 1784 3688">
    <p class='ocr_par' dir='ltr' id='par_1_63' title="bbox 203 3613 1784 3688">
     <span class='ocr_line' id='line_1_63' title="bbox 203 3613 1784 3688; baseline -0.006 -15"><span class='ocrx_word' id='word_1_458' title='bbox 203 3634 277 3673; x_wconf 85' lang='lat' dir='ltr'><strong>ne</strong></span> <span class='ocrx_word' id='word_1_459' title='bbox 299 3619 382 3673; x_wconf 90' lang='lat' dir='ltr'><strong>cui</strong></span> <span class='ocrx_word' id='word_1_460' title='bbox 404 3621 653 3688; x_wconf 83' lang='lat' dir='ltr'><strong>episcopo</strong></span> <span class='ocrx_word' id='word_1_461' title='bbox 676 3620 828 3672; x_wconf 83' lang='lat' dir='ltr'><strong>liceat</strong></span> <span class='ocrx_word' id='word_1_462' title='bbox 852 3631 882 3670; x_wconf 89' lang='lat' dir='ltr'><strong>a</strong></span> <span class='ocrx_word' id='word_1_463' title='bbox 912 3632 1070 3685; x_wconf 86' lang='lat' dir='ltr'><strong>parva</strong></span> <span class='ocrx_word' id='word_1_464' title='bbox 1095 3616 1301 3670; x_wconf 73' lang='lat' dir='ltr'><strong>tivitate</strong></span> <span class='ocrx_word' id='word_1_465' title='bbox 1323 3615 1375 3669; x_wconf 92' lang='lat' dir='ltr'><strong>iu</strong></span> <span class='ocrx_word' id='word_1_466' title='bbox 1406 3615 1560 3668; x_wconf 88' lang='lat' dir='ltr'><strong>aliam</strong></span> <span class='ocrx_word' id='word_1_467' title='bbox 1593 3613 1784 3683; x_wconf 75' lang='lat' dir='ltr'><strong>migra-</strong></span> 
     </span>
    </p>
   </div>
   <div class='ocr_carea' id='block_1_64' title="bbox 201 3706 1785 3779">
    <p class='ocr_par' dir='ltr' id='par_1_64' title="bbox 201 3706 1785 3779">
     <span class='ocr_line' id='line_1_64' title="bbox 201 3706 1785 3779; baseline -0.006 -12"><span class='ocrx_word' id='word_1_468' title='bbox 201 3726 288 3767; x_wconf 77' lang='lat' dir='ltr'><strong>re.</strong></span> <span class='ocrx_word' id='word_1_469' title='bbox 308 3711 435 3779; x_wconf 83' lang='lat' dir='ltr'><strong>Ejus</strong></span> <span class='ocrx_word' id='word_1_470' title='bbox 453 3711 594 3764; x_wconf 90' lang='lat' dir='ltr'><strong>enim</strong></span> <span class='ocrx_word' id='word_1_471' title='bbox 617 3725 788 3764; x_wconf 66' lang='lat' dir='ltr'><strong>causae</strong></span> <span class='ocrx_word' id='word_1_472' title='bbox 812 3717 1093 3777; x_wconf 74' lang='lat' dir='ltr'><strong>pnetextus</strong></span> <span class='ocrx_word' id='word_1_473' title='bbox 1119 3717 1202 3763; x_wconf 80' lang='lat' dir='ltr'><strong>est</strong></span> <span class='ocrx_word' id='word_1_474' title='bbox 1226 3706 1551 3773; x_wconf 78' lang='lat' dir='ltr'><strong>manifestus,</strong></span> <span class='ocrx_word' id='word_1_475' title='bbox 1572 3716 1785 3774; x_wconf 82' lang='lat' dir='ltr'><strong>propter</strong></span> 
     </span>
    </p>
   </div>
   <div class='ocr_carea' id='block_1_65' title="bbox 205 3797 1784 3871">
    <p class='ocr_par' dir='ltr' id='par_1_65' title="bbox 205 3797 1784 3871">
     <span class='ocr_line' id='line_1_65' title="bbox 205 3797 1784 3871; baseline -0.003 -17"><span class='ocrx_word' id='word_1_476' title='bbox 205 3816 369 3871; x_wconf 85' lang='lat' dir='ltr'><strong>quem</strong></span> <span class='ocrx_word' id='word_1_477' title='bbox 420 3801 541 3855; x_wconf 86' lang='lat' dir='ltr'><strong>talia</strong></span> <span class='ocrx_word' id='word_1_478' title='bbox 575 3808 859 3855; x_wconf 87' lang='lat' dir='ltr'><strong>tentantur.</strong></span> <span class='ocrx_word' id='word_1_479' title='bbox 891 3800 1074 3855; x_wconf 80' lang='lat' dir='ltr'><strong>Nullus</strong></span> <span class='ocrx_word' id='word_1_480' title='bbox 1118 3799 1261 3855; x_wconf 90' lang='lat' dir='ltr'><strong>enim</strong></span> <span class='ocrx_word' id='word_1_481' title='bbox 1301 3802 1580 3867; x_wconf 82' lang='lat' dir='ltr'><strong>episcopus</strong></span> <span class='ocrx_word' id='word_1_482' title='bbox 1609 3797 1784 3851; x_wconf 87' lang='lat' dir='ltr'><strong>adhuc</strong></span> 
     </span>
    </p>
   </div>
   <div class='ocr_carea' id='block_1_66' title="bbox 200 3894 1787 3964">
    <p class='ocr_par' dir='ltr' id='par_1_66' title="bbox 200 3894 1787 3964">
     <span class='ocr_line' id='line_1_66' title="bbox 200 3894 1787 3964; baseline -0.002 -17"><span class='ocrx_word' id='word_1_483' title='bbox 200 3895 438 3948; x_wconf 69' lang='lat' dir='ltr'><strong>inveniri</strong></span> <span class='ocrx_word' id='word_1_484' title='bbox 464 3899 647 3964; x_wconf 88' lang='lat' dir='ltr'><strong>potuit,</strong></span> <span class='ocrx_word' id='word_1_485' title='bbox 666 3894 756 3964; x_wconf 86' lang='lat' dir='ltr'><strong>qui</strong></span> <span class='ocrx_word' id='word_1_486' title='bbox 772 3910 802 3948; x_wconf 90' lang='lat' dir='ltr'><strong>a</strong></span> <span class='ocrx_word' id='word_1_487' title='bbox 819 3895 1005 3964; x_wconf 86' lang='lat' dir='ltr'><strong>majori</strong></span> <span class='ocrx_word' id='word_1_488' title='bbox 1025 3895 1239 3949; x_wconf 85' lang='lat' dir='ltr'><strong>civitate</strong></span> <span class='ocrx_word' id='word_1_489' title='bbox 1255 3895 1306 3948; x_wconf 90' lang='lat' dir='ltr'><strong>in</strong></span> <span class='ocrx_word' id='word_1_490' title='bbox 1327 3895 1583 3948; x_wconf 78' lang='lat' dir='ltr'><strong>minorem</strong></span> <span class='ocrx_word' id='word_1_491' title='bbox 1613 3901 1787 3944; x_wconf 87' lang='lat' dir='ltr'><strong>trans-</strong></span> 
     </span>
    </p>
   </div>
   <div class='ocr_carea' id='block_1_67' title="bbox 208 3983 1784 4055">
    <p class='ocr_par' dir='ltr' id='par_1_67' title="bbox 208 3983 1784 4055">
     <span class='ocr_line' id='line_1_67' title="bbox 208 3983 1784 4055; baseline -0.001 -17"><span class='ocrx_word' id='word_1_492' title='bbox 208 3986 291 4039; x_wconf 89' lang='lat' dir='ltr'><strong>ire</strong></span> <span class='ocrx_word' id='word_1_493' title='bbox 311 3986 594 4041; x_wconf 88' lang='lat' dir='ltr'><strong>studuerit.</strong></span> <span class='ocrx_word' id='word_1_494' title='bbox 621 3985 771 4042; x_wconf 84' lang='lat' dir='ltr'><strong>Unde</strong></span> <span class='ocrx_word' id='word_1_495' title='bbox 789 3995 1017 4053; x_wconf 81' lang='lat' dir='ltr'><strong>constat,</strong></span> <span class='ocrx_word' id='word_1_496' title='bbox 1043 4001 1135 4041; x_wconf 86' lang='lat' dir='ltr'><strong>eos</strong></span> <span class='ocrx_word' id='word_1_497' title='bbox 1155 3986 1361 4040; x_wconf 86' lang='lat' dir='ltr'><strong>ardenti</strong></span> <span class='ocrx_word' id='word_1_498' title='bbox 1385 3986 1531 4055; x_wconf 84' lang='lat' dir='ltr'><strong>plura</strong></span> <span class='ocrx_word' id='word_1_499' title='bbox 1558 3983 1784 4037; x_wconf 86' lang='lat' dir='ltr'><strong>habendi</strong></span> 
     </span>
    </p>
   </div>
   <div class='ocr_carea' id='block_1_68' title="bbox 207 4076 1786 4148">
    <p class='ocr_par' dir='ltr' id='par_1_68' title="bbox 207 4076 1786 4148">
     <span class='ocr_line' id='line_1_68' title="bbox 207 4076 1786 4148; baseline -0.001 -19"><span class='ocrx_word' id='word_1_500' title='bbox 207 4076 502 4144; x_wconf 87' lang='lat' dir='ltr'><strong>cupiditate</strong></span> <span class='ocrx_word' id='word_1_501' title='bbox 537 4078 808 4142; x_wconf 89' lang='lat' dir='ltr'><strong>succendi,</strong></span> <span class='ocrx_word' id='word_1_502' title='bbox 841 4087 894 4131; x_wconf 91' lang='lat' dir='ltr'><strong>ct</strong></span> <span class='ocrx_word' id='word_1_503' title='bbox 920 4078 1087 4148; x_wconf 79' lang='lat' dir='ltr'><strong>magis</strong></span> <span class='ocrx_word' id='word_1_504' title='bbox 1117 4078 1432 4147; x_wconf 65' lang='lat' dir='ltr'><strong>arrogantia:</strong></span> <span class='ocrx_word' id='word_1_505' title='bbox 1469 4076 1693 4138; x_wconf 90' lang='lat' dir='ltr'><strong>servire,</strong></span> <span class='ocrx_word' id='word_1_506' title='bbox 1730 4084 1786 4128; x_wconf 91' lang='lat' dir='ltr'><strong>ut</strong></span> 
     </span>
    </p>
   </div>
   <div class='ocr_carea' id='block_1_69' title="bbox 209 4164 1786 4238">
    <p class='ocr_par' dir='ltr' id='par_1_69' title="bbox 209 4164 1786 4238">
     <span class='ocr_line' id='line_1_69' title="bbox 209 4164 1786 4238; baseline -0.001 -18"><span class='ocrx_word' id='word_1_507' title='bbox 209 4167 492 4222; x_wconf 78' lang='lat' dir='ltr'><strong>videantur</strong></span> <span class='ocrx_word' id='word_1_508' title='bbox 513 4169 767 4238; x_wconf 91' lang='lat' dir='ltr'><strong>majorem</strong></span> <span class='ocrx_word' id='word_1_509' title='bbox 796 4169 993 4223; x_wconf 83' lang='lat' dir='ltr'><strong>habere</strong></span> <span class='ocrx_word' id='word_1_510' title='bbox 1024 4177 1357 4236; x_wconf 74' lang='lat' dir='ltr'><strong>potestatum.</strong></span> <span class='ocrx_word' id='word_1_511' title='bbox 1396 4166 1643 4220; x_wconf 85' lang='lat' dir='ltr'><strong>Placetne</strong></span> <span class='ocrx_word' id='word_1_512' title='bbox 1683 4164 1786 4219; x_wconf 89' lang='lat' dir='ltr'><strong>hoc</strong></span> 
     </span>
    </p>
   </div>
   <div class='ocr_carea' id='block_1_70' title="bbox 209 4257 1787 4330">
    <p class='ocr_par' dir='ltr' id='par_1_70' title="bbox 209 4257 1787 4330">
     <span class='ocr_line' id='line_1_70' title="bbox 209 4257 1787 4330; baseline -0.003 -18"><span class='ocrx_word' id='word_1_513' title='bbox 209 4260 485 4326; x_wconf 88' lang='lat' dir='ltr'><strong>omnibus,</strong></span> <span class='ocrx_word' id='word_1_514' title='bbox 510 4269 568 4314; x_wconf 92' lang='lat' dir='ltr'><strong>ut</strong></span> <span class='ocrx_word' id='word_1_515' title='bbox 582 4260 838 4330; x_wconf 90' lang='lat' dir='ltr'><strong>ejusmodi</strong></span> <span class='ocrx_word' id='word_1_516' title='bbox 860 4260 1170 4329; x_wconf 86' lang='lat' dir='ltr'><strong>improbitas</strong></span> <span class='ocrx_word' id='word_1_517' title='bbox 1194 4260 1436 4314; x_wconf 88' lang='lat' dir='ltr'><strong>acerbius</strong></span> <span class='ocrx_word' id='word_1_518' title='bbox 1454 4257 1787 4312; x_wconf 77' lang='lat' dir='ltr'><strong>vindicetur?</strong></span> 
     </span>
    </p>
   </div>
   <div class='ocr_carea' id='block_1_71' title="bbox 205 4347 1789 4418">
    <p class='ocr_par' dir='ltr' id='par_1_71' title="bbox 205 4347 1789 4418">
     <span class='ocr_line' id='line_1_71' title="bbox 205 4347 1789 4418; baseline -0.001 -16"><span class='ocrx_word' id='word_1_519' title='bbox 205 4348 483 4404; x_wconf 72' lang='lat' dir='ltr'><strong>Existimo</strong></span> <span class='ocrx_word' id='word_1_520' title='bbox 507 4351 650 4404; x_wconf 89' lang='lat' dir='ltr'><strong>enim</strong></span> <span class='ocrx_word' id='word_1_521' title='bbox 671 4366 762 4405; x_wconf 87' lang='lat' dir='ltr'><strong>eos</strong></span> <span class='ocrx_word' id='word_1_522' title='bbox 783 4366 850 4406; x_wconf 91' lang='lat' dir='ltr'><strong>ne</strong></span> <span class='ocrx_word' id='word_1_523' title='bbox 866 4350 1118 4405; x_wconf 85' lang='lat' dir='ltr'><strong>laicorum</strong></span> <span class='ocrx_word' id='word_1_524' title='bbox 1137 4349 1351 4418; x_wconf 91' lang='lat' dir='ltr'><strong>quidem</strong></span> <span class='ocrx_word' id='word_1_525' title='bbox 1371 4349 1568 4403; x_wconf 87' lang='lat' dir='ltr'><strong>debere</strong></span> <span class='ocrx_word' id='word_1_526' title='bbox 1590 4347 1789 4402; x_wconf 87' lang='lat' dir='ltr'><strong>habere</strong></span> 
     </span>
    </p>
   </div>
   <div class='ocr_carea' id='block_1_72' title="bbox 210 4439 1792 4510">
    <p class='ocr_par' dir='ltr' id='par_1_72' title="bbox 210 4439 1792 4510">
     <span class='ocr_line' id='line_1_72' title="bbox 210 4439 1792 4510; baseline -0.002 -15"><span class='ocrx_word' id='word_1_527' title='bbox 210 4441 873 4498; x_wconf 70' lang='lat' dir='ltr'><strong>eomiuuuionem.0mues</strong></span> <span class='ocrx_word' id='word_1_528' title='bbox 897 4442 1130 4510; x_wconf 82' lang='lat' dir='ltr'><strong>episcopi</strong></span> <span class='ocrx_word' id='word_1_529' title='bbox 1157 4440 1405 4495; x_wconf 80' lang='lat' dir='ltr'><strong>dixerunt</strong></span> <span class='ocrx_word' id='word_1_530' title='bbox 1435 4455 1447 4491; x_wconf 91' lang='lat'><strong>:</strong></span> <span class='ocrx_word' id='word_1_531' title='bbox 1477 4439 1657 4494; x_wconf 84' lang='lat' dir='ltr'><strong>Placet</strong></span> <span class='ocrx_word' id='word_1_532' title='bbox 1675 4449 1792 4493; x_wconf 86' lang='lat' dir='ltr'><strong>out-</strong></span> 
     </span>
    </p>
   </div>
   <div class='ocr_carea' id='block_1_73' title="bbox 211 4530 394 4587">
    <p class='ocr_par' dir='ltr' id='par_1_73' title="bbox 211 4530 394 4587">
     <span class='ocr_line' id='line_1_73' title="bbox 211 4530 394 4587; baseline -0.005 -1"><span class='ocrx_word' id='word_1_533' title='bbox 211 4530 394 4587; x_wconf 85' lang='lat' dir='ltr'><strong>nibus.</strong></span> 
     </span>
    </p>
   </div>
   <div class='ocr_carea' id='block_1_74' title="bbox 264 4707 1790 4780">
    <p class='ocr_par' dir='ltr' id='par_1_74' title="bbox 264 4707 1790 4780">
     <span class='ocr_line' id='line_1_74' title="bbox 264 4707 1790 4780; baseline -0.001 -18"><span class='ocrx_word' id='word_1_534' title='bbox 264 4707 327 4763; x_wconf 89' lang='lat' dir='ltr'><strong>ll.</strong></span> <span class='ocrx_word' id='word_1_535' title='bbox 343 4708 501 4764; x_wconf 84' lang='lat' dir='ltr'><strong>Osius</strong></span> <span class='ocrx_word' id='word_1_536' title='bbox 512 4711 793 4779; x_wconf 86' lang='lat' dir='ltr'><strong>episcopus</strong></span> <span class='ocrx_word' id='word_1_537' title='bbox 805 4709 968 4765; x_wconf 77' lang='lat' dir='ltr'><strong>dixit:</strong></span> <span class='ocrx_word' id='word_1_538' title='bbox 986 4709 1043 4766; x_wconf 86' lang='lat' dir='ltr'><strong>Si</strong></span> <span class='ocrx_word' id='word_1_539' title='bbox 1056 4709 1176 4780; x_wconf 89' lang='lat' dir='ltr'><strong>quis</strong></span> <span class='ocrx_word' id='word_1_540' title='bbox 1191 4716 1367 4764; x_wconf 86' lang='lat' dir='ltr'><strong>autem</strong></span> <span class='ocrx_word' id='word_1_541' title='bbox 1384 4707 1520 4763; x_wconf 85' lang='lat' dir='ltr'><strong>adeo</strong></span> <span class='ocrx_word' id='word_1_542' title='bbox 1550 4707 1790 4774; x_wconf 84' lang='lat' dir='ltr'><strong>insanus,</strong></span> 
     </span>
    </p>
   </div>
   <div class='ocr_carea' id='block_1_75' title="bbox 214 4799 1796 4868">
    <p class='ocr_par' dir='ltr' id='par_1_75' title="bbox 214 4799 1796 4868">
     <span class='ocr_line' id='line_1_75' title="bbox 214 4799 1796 4868; baseline 0.001 -17"><span class='ocrx_word' id='word_1_543' title='bbox 214 4801 304 4857; x_wconf 81' lang='lat' dir='ltr'><strong>vel</strong></span> <span class='ocrx_word' id='word_1_544' title='bbox 330 4800 498 4855; x_wconf 77' lang='lat' dir='ltr'><strong>audax</strong></span> <span class='ocrx_word' id='word_1_545' title='bbox 529 4800 849 4868; x_wconf 85' lang='lat' dir='ltr'><strong>inveniatur,</strong></span> <span class='ocrx_word' id='word_1_546' title='bbox 883 4811 939 4856; x_wconf 94' lang='lat' dir='ltr'><strong>ut</strong></span> <span class='ocrx_word' id='word_1_547' title='bbox 976 4801 1042 4856; x_wconf 92' lang='lat' dir='ltr'><strong>de</strong></span> <span class='ocrx_word' id='word_1_548' title='bbox 1071 4802 1133 4855; x_wconf 89' lang='lat' dir='ltr'><strong>iis</strong></span> <span class='ocrx_word' id='word_1_549' title='bbox 1161 4802 1403 4855; x_wconf 84' lang='lat' dir='ltr'><strong>videatur</strong></span> <span class='ocrx_word' id='word_1_550' title='bbox 1444 4799 1675 4868; x_wconf 88' lang='lat' dir='ltr'><strong>aliquam</strong></span> <span class='ocrx_word' id='word_1_551' title='bbox 1720 4801 1796 4852; x_wconf 82' lang='lat' dir='ltr'><strong>al-</strong></span> 
     </span>
    </p>
   </div>
   <div class='ocr_carea' id='block_1_76' title="bbox 210 4890 1796 4961">
    <p class='ocr_par' dir='ltr' id='par_1_76' title="bbox 210 4890 1796 4961">
     <span class='ocr_line' id='line_1_76' title="bbox 210 4890 1796 4961; baseline -0.003 -11"><span class='ocrx_word' id='word_1_552' title='bbox 210 4893 363 4950; x_wconf 61' lang='lat' dir='ltr'><strong>ierre</strong></span> <span class='ocrx_word' id='word_1_553' title='bbox 411 4893 829 4955; x_wconf 74' lang='lat' dir='ltr'><strong>excusationem,</strong></span> <span class='ocrx_word' id='word_1_554' title='bbox 877 4907 1120 4947; x_wconf 86' lang='lat' dir='ltr'><strong>asserens</strong></span> <span class='ocrx_word' id='word_1_555' title='bbox 1165 4891 1264 4946; x_wconf 90' lang='lat' dir='ltr'><strong>sibi</strong></span> <span class='ocrx_word' id='word_1_556' title='bbox 1301 4907 1331 4945; x_wconf 85' lang='lat' dir='ltr'><strong>a</strong></span> <span class='ocrx_word' id='word_1_557' title='bbox 1370 4890 1563 4961; x_wconf 80' lang='lat' dir='ltr'><strong>pupillo</strong></span> <span class='ocrx_word' id='word_1_558' title='bbox 1607 4891 1796 4946; x_wconf 71' lang='lat' dir='ltr'><strong>allata8</strong></span> 
     </span>
    </p>
   </div>
   <div class='ocr_carea' id='block_1_77' title="bbox 215 4982 1792 5052">
    <p class='ocr_par' dir='ltr' id='par_1_77' title="bbox 215 4982 1792 5052">
     <span class='ocr_line' id='line_1_77' title="bbox 215 4982 1792 5052; baseline -0.004 -11"><span class='ocrx_word' id='word_1_559' title='bbox 215 4999 341 5041; x_wconf 83' lang='lat' dir='ltr'><strong>esse</strong></span> <span class='ocrx_word' id='word_1_560' title='bbox 367 4985 599 5047; x_wconf 85' lang='lat' dir='ltr'><strong>litteras;</strong></span> <span class='ocrx_word' id='word_1_561' title='bbox 618 4983 818 5039; x_wconf 83' lang='lat' dir='ltr'><strong>clarum</strong></span> <span class='ocrx_word' id='word_1_562' title='bbox 836 4990 918 5038; x_wconf 87' lang='lat' dir='ltr'><strong>est</strong></span> <span class='ocrx_word' id='word_1_563' title='bbox 947 4983 1180 5052; x_wconf 86' lang='lat' dir='ltr'><strong>potuisse</strong></span> <span class='ocrx_word' id='word_1_564' title='bbox 1203 4996 1398 5051; x_wconf 86' lang='lat' dir='ltr'><strong>paucos</strong></span> <span class='ocrx_word' id='word_1_565' title='bbox 1422 4982 1628 5052; x_wconf 83' lang='lat' dir='ltr'><strong>aliquos</strong></span> <span class='ocrx_word' id='word_1_566' title='bbox 1649 4997 1792 5037; x_wconf 85' lang='lat' dir='ltr'><strong>nter-</strong></span> 
     </span>
    </p>
   </div>
   <div class='ocr_carea' id='block_1_78' title="bbox 217 5074 1797 5145">
    <p class='ocr_par' dir='ltr' id='par_1_78' title="bbox 217 5074 1797 5145">
     <span class='ocr_line' id='line_1_78' title="bbox 217 5074 1797 5145; baseline 0.001 -16"><span class='ocrx_word' id='word_1_567' title='bbox 217 5077 351 5136; x_wconf 67' lang='lat' dir='ltr'><strong>oeile</strong></span> <span class='ocrx_word' id='word_1_568' title='bbox 376 5083 429 5129; x_wconf 85' lang='lat' dir='ltr'><strong>et</strong></span> <span class='ocrx_word' id='word_1_569' title='bbox 452 5075 622 5144; x_wconf 88' lang='lat' dir='ltr'><strong>pretio</strong></span> <span class='ocrx_word' id='word_1_570' title='bbox 646 5085 925 5145; x_wconf 89' lang='lat' dir='ltr'><strong>corruptos</strong></span> <span class='ocrx_word' id='word_1_571' title='bbox 970 5074 1021 5128; x_wconf 91' lang='lat' dir='ltr'><strong>in</strong></span> <span class='ocrx_word' id='word_1_572' title='bbox 1054 5074 1288 5129; x_wconf 85' lang='lat' dir='ltr'><strong>Ecclesia</strong></span> <span class='ocrx_word' id='word_1_573' title='bbox 1333 5075 1650 5130; x_wconf 87' lang='lat' dir='ltr'><strong>seditionem</strong></span> <span class='ocrx_word' id='word_1_574' title='bbox 1682 5090 1797 5131; x_wconf 89' lang='lat' dir='ltr'><strong>mo-</strong></span> 
     </span>
    </p>
   </div>
   <div class='ocr_carea' id='block_1_79' title="bbox 219 5167 1788 5239">
    <p class='ocr_par' dir='ltr' id='par_1_79' title="bbox 219 5167 1788 5239">
     <span class='ocr_line' id='line_1_79' title="bbox 219 5167 1788 5239; baseline -0.004 -15"><span class='ocrx_word' id='word_1_575' title='bbox 219 5184 370 5237; x_wconf 80' lang='lat' dir='ltr'><strong>vere,</strong></span> <span class='ocrx_word' id='word_1_576' title='bbox 402 5177 458 5224; x_wconf 91' lang='lat' dir='ltr'><strong>ut</strong></span> <span class='ocrx_word' id='word_1_577' title='bbox 480 5167 722 5224; x_wconf 89' lang='lat' dir='ltr'><strong>eumdem</strong></span> <span class='ocrx_word' id='word_1_578' title='bbox 745 5169 924 5238; x_wconf 86' lang='lat' dir='ltr'><strong>utique</strong></span> <span class='ocrx_word' id='word_1_579' title='bbox 949 5168 1217 5239; x_wconf 78' lang='lat' dir='ltr'><strong>postulent</strong></span> <span class='ocrx_word' id='word_1_580' title='bbox 1243 5167 1439 5224; x_wconf 84' lang='lat' dir='ltr'><strong>habere</strong></span> <span class='ocrx_word' id='word_1_581' title='bbox 1458 5168 1788 5239; x_wconf 86' lang='lat' dir='ltr'><strong>episcopum.</strong></span> 
     </span>
    </p>
   </div>
   <div class='ocr_carea' id='block_1_80' title="bbox 219 5258 1798 5331">
    <p class='ocr_par' dir='ltr' id='par_1_80' title="bbox 219 5258 1798 5331">
     <span class='ocr_line' id='line_1_80' title="bbox 219 5258 1798 5331; baseline -0.003 -12"><span class='ocrx_word' id='word_1_582' title='bbox 219 5262 452 5319; x_wconf 84' lang='lat' dir='ltr'><strong>Omnino</strong></span> <span class='ocrx_word' id='word_1_583' title='bbox 466 5275 594 5331; x_wconf 73' lang='lat' dir='ltr'><strong>ergo</strong></span> <span class='ocrx_word' id='word_1_584' title='bbox 615 5259 709 5315; x_wconf 88' lang='lat' dir='ltr'><strong>has</strong></span> <span class='ocrx_word' id='word_1_585' title='bbox 733 5259 944 5316; x_wconf 81' lang='lat' dir='ltr'><strong>fraudes</strong></span> <span class='ocrx_word' id='word_1_586' title='bbox 963 5269 1017 5315; x_wconf 88' lang='lat' dir='ltr'><strong>et</strong></span> <span class='ocrx_word' id='word_1_587' title='bbox 1036 5270 1176 5314; x_wconf 85' lang='lat' dir='ltr'><strong>artes</strong></span> <span class='ocrx_word' id='word_1_588' title='bbox 1195 5258 1488 5328; x_wconf 85' lang='lat' dir='ltr'><strong>puuiendas</strong></span> <span class='ocrx_word' id='word_1_589' title='bbox 1512 5274 1632 5314; x_wconf 85' lang='lat' dir='ltr'><strong>esse</strong></span> <span class='ocrx_word' id='word_1_590' title='bbox 1652 5261 1798 5315; x_wconf 75' lang='lat' dir='ltr'><strong>exis-</strong></span> 
     </span>
    </p>
   </div>
   <div class='ocr_carea' id='block_1_81' title="bbox 224 5349 1800 5423">
    <p class='ocr_par' dir='ltr' id='par_1_81' title="bbox 224 5349 1800 5423">
     <span class='ocr_line' id='line_1_81' title="bbox 224 5349 1800 5423; baseline -0.003 -13"><span class='ocrx_word' id='word_1_591' title='bbox 224 5355 384 5420; x_wconf 90' lang='lat' dir='ltr'><strong>timo;</strong></span> <span class='ocrx_word' id='word_1_592' title='bbox 414 5363 470 5407; x_wconf 91' lang='lat' dir='ltr'><strong>ut</strong></span> <span class='ocrx_word' id='word_1_593' title='bbox 498 5367 653 5407; x_wconf 89' lang='lat' dir='ltr'><strong>nemo</strong></span> <span class='ocrx_word' id='word_1_594' title='bbox 673 5353 840 5423; x_wconf 85' lang='lat' dir='ltr'><strong>possit</strong></span> <span class='ocrx_word' id='word_1_595' title='bbox 857 5351 944 5422; x_wconf 90' lang='lat' dir='ltr'><strong>qui</strong></span> <span class='ocrx_word' id='word_1_596' title='bbox 968 5361 1049 5408; x_wconf 84' lang='lat' dir='ltr'><strong>est</strong></span> <span class='ocrx_word' id='word_1_597' title='bbox 1073 5349 1355 5420; x_wconf 80' lang='lat' dir='ltr'><strong>ejusmodi,</strong></span> <span class='ocrx_word' id='word_1_598' title='bbox 1380 5365 1448 5406; x_wconf 88' lang='lat' dir='ltr'><strong>ne</strong></span> <span class='ocrx_word' id='word_1_599' title='bbox 1475 5351 1527 5405; x_wconf 91' lang='lat' dir='ltr'><strong>in</strong></span> <span class='ocrx_word' id='word_1_600' title='bbox 1559 5352 1663 5405; x_wconf 84' lang='lat' dir='ltr'><strong>line</strong></span> <span class='ocrx_word' id='word_1_601' title='bbox 1681 5349 1800 5422; x_wconf 85' lang='lat' dir='ltr'><strong>qui-</strong></span> 
     </span>
    </p>
   </div>
   <div class='ocr_carea' id='block_1_82' title="bbox 222 5438 1798 5512">
    <p class='ocr_par' dir='ltr' id='par_1_82' title="bbox 222 5438 1798 5512">
     <span class='ocr_line' id='line_1_82' title="bbox 222 5438 1798 5512; baseline -0.003 -11"><span class='ocrx_word' id='word_1_602' title='bbox 222 5443 344 5501; x_wconf 88' lang='lat' dir='ltr'><strong>dem</strong></span> <span class='ocrx_word' id='word_1_603' title='bbox 375 5442 506 5498; x_wconf 84' lang='lat' dir='ltr'><strong>laica</strong></span> <span class='ocrx_word' id='word_1_604' title='bbox 533 5441 908 5497; x_wconf 84' lang='lat' dir='ltr'><strong>communione</strong></span> <span class='ocrx_word' id='word_1_605' title='bbox 931 5441 1121 5512; x_wconf 65' lang='lat' dir='ltr'><strong>dignus</strong></span> <span class='ocrx_word' id='word_1_606' title='bbox 1150 5439 1354 5495; x_wconf 86' lang='lat' dir='ltr'><strong>haberi.</strong></span> <span class='ocrx_word' id='word_1_607' title='bbox 1397 5442 1476 5495; x_wconf 82' lang='lat' dir='ltr'><strong>Au</strong></span> <span class='ocrx_word' id='word_1_608' title='bbox 1521 5453 1652 5511; x_wconf 70' lang='lat' dir='ltr'><strong>ergo</strong></span> <span class='ocrx_word' id='word_1_609' title='bbox 1680 5438 1798 5497; x_wconf 65' lang='lat' dir='ltr'><strong>haec</strong></span> 
     </span>
    </p>
   </div>
   <div class='ocr_carea' id='block_1_83' title="bbox 296 5620 1267 5692">
    <p class='ocr_par' dir='ltr' id='par_1_83' title="bbox 296 5620 1267 5692">
     <span class='ocr_line' id='line_1_83' title="bbox 296 5620 1267 5692; baseline -0.004 -14"><span class='ocrx_word' id='word_1_610' title='bbox 296 5623 375 5692; x_wconf 81' lang='grc'><strong>(1)</strong></span> <span class='ocrx_word' id='word_1_611' title='bbox 408 5621 505 5692; x_wconf 69' lang='lat' dir='ltr'><strong>fur.</strong></span> <span class='ocrx_word' id='word_1_612' title='bbox 534 5620 743 5692; x_wconf 51' lang='lat' dir='ltr'><strong>quidam</strong></span> <span class='ocrx_word' id='word_1_613' title='bbox 769 5620 1026 5676; x_wconf 72' lang='lat' dir='ltr'><strong>contraria</strong></span> 
     </span>
    </p>
   </div>
   <div class='ocr_carea' id='block_1_84' title="bbox 295 5689 1792 5766">
    <p class='ocr_par' dir='ltr' id='par_1_84' title="bbox 295 5689 1792 5766">
     <span class='ocr_line' id='line_1_84' title="bbox 295 5689 1792 5766; baseline -0.001 -16"><span class='ocrx_word' id='word_1_614' title='bbox 295 5689 382 5766; x_wconf 68' lang='lat'><strong>(2)</strong></span> <span class='ocrx_word' id='word_1_615' title='bbox 407 5689 650 5749; x_wconf 67' lang='lat' dir='ltr'><strong>(iuuenes</strong></span> <span class='ocrx_word' id='word_1_616' title='bbox 677 5690 797 5746; x_wconf 84' lang='lat' dir='ltr'><strong>illos</strong></span> <span class='ocrx_word' id='word_1_617' title='bbox 835 5707 941 5748; x_wconf 88' lang='lat' dir='ltr'><strong>non</strong></span> <span class='ocrx_word' id='word_1_618' title='bbox 965 5689 1122 5749; x_wconf 75' lang='lat' dir='ltr'><strong>secus</strong></span> <span class='ocrx_word' id='word_1_619' title='bbox 1139 5699 1297 5762; x_wconf 86' lang='lat' dir='ltr'><strong>atque</strong></span> <span class='ocrx_word' id='word_1_620' title='bbox 1325 5689 1605 5750; x_wconf 74' lang='lat' dir='ltr'><strong>Africanos</strong></span> <span class='ocrx_word' id='word_1_621' title='bbox 1629 5689 1792 5749; x_wconf 77' lang='lat' dir='ltr'><strong>latine</strong></span> 
     </span>
    </p>
   </div>
   <div class='ocr_carea' id='block_1_85' title="bbox 1817 4487 1871 4548">
    <p class='ocr_par' dir='ltr' id='par_1_85' title="bbox 1817 4487 1871 4548">
     <span class='ocr_line' id='line_1_85' title="bbox 1817 4487 1871 4548; baseline 0 -2"><span class='ocrx_word' id='word_1_622' title='bbox 1817 4487 1871 4548; x_wconf 89' lang='lat' dir='ltr'><strong>D</strong></span> 
     </span>
    </p>
   </div>
   <div class='ocr_carea' id='block_1_86' title="bbox 1951 3119 3456 3211">
    <p class='ocr_par' dir='ltr' id='par_1_86' title="bbox 1951 3119 3456 3211">
     <span class='ocr_line' id='line_1_86' title="bbox 1951 3119 3456 3211; baseline 0.016 -35"><span class='ocrx_word' id='word_1_623' title='bbox 1951 3121 2004 3176; x_wconf 80' lang='grc' dir='ltr'><strong>ἰι</strong></span> <span class='ocrx_word' id='word_1_624' title='bbox 2032 3119 2150 3196; x_wconf 73' lang='grc' dir='ltr'><strong>ἁγία</strong></span> <span class='ocrx_word' id='word_1_625' title='bbox 2175 3124 2387 3190; x_wconf 75' lang='grc' dir='ltr'><strong>σύνοδος</strong></span> <span class='ocrx_word' id='word_1_626' title='bbox 2410 3131 2442 3189; x_wconf 74' lang='grc' dir='ltr'><strong><em>ἦ</em></strong></span> <span class='ocrx_word' id='word_1_627' title='bbox 2467 3131 2517 3184; x_wconf 69' lang='grc' dir='ltr'><strong>ἐν</strong></span> <span class='ocrx_word' id='word_1_628' title='bbox 2543 3130 2757 3208; x_wconf 75' lang='grc' dir='ltr'><strong>Σαρδικῇ</strong></span> <span class='ocrx_word' id='word_1_629' title='bbox 2800 3129 3208 3211; x_wconf 61' lang='grc' dir='ltr'><strong>ἐυγκροτηθεῖσα</strong></span> <span class='ocrx_word' id='word_1_630' title='bbox 3244 3143 3303 3196; x_wconf 70' lang='grc' dir='ltr'><strong>δτι</strong></span> <span class='ocrx_word' id='word_1_631' title='bbox 3341 3139 3456 3200; x_wconf 85' lang='grc' dir='ltr'><strong>δια·</strong></span> 
     </span>
    </p>
   </div>
   <div class='ocr_carea' id='block_1_87' title="bbox 1879 3214 3064 3299">
    <p class='ocr_par' dir='ltr' id='par_1_87' title="bbox 1879 3214 3064 3299">
     <span class='ocr_line' id='line_1_87' title="bbox 1879 3214 3064 3299; baseline 0.014 -32"><span class='ocrx_word' id='word_1_632' title='bbox 1879 3214 2041 3290; x_wconf 66' lang='grc' dir='ltr'><strong>φόρων</strong></span> <span class='ocrx_word' id='word_1_633' title='bbox 2067 3216 2356 3294; x_wconf 67' lang='grc' dir='ltr'><strong>ἐπαρχιῶν.</strong></span> <span class='ocrx_word' id='word_1_634' title='bbox 2390 3222 2543 3296; x_wconf 81' lang='grc' dir='ltr'><strong>ὥρισε</strong></span> <span class='ocrx_word' id='word_1_635' title='bbox 2569 3225 2634 3278; x_wconf 74' lang='grc' dir='ltr'><strong>τὰ</strong></span> <span class='ocrx_word' id='word_1_636' title='bbox 2661 3224 3064 3299; x_wconf 71' lang='grc' dir='ltr'><strong>ὑποτεταγμένα.</strong></span> 
     </span>
    </p>
   </div>
   <div class='ocr_carea' id='block_1_88' title="bbox 1951 3325 3458 3412">
    <p class='ocr_par' dir='ltr' id='par_1_88' title="bbox 1951 3325 3458 3412">
     <span class='ocr_line' id='line_1_88' title="bbox 1951 3325 3458 3412; baseline 0.013 -30"><span class='ocrx_word' id='word_1_637' title='bbox 1951 3326 2014 3382; x_wconf 82' lang='grc' dir='ltr'><strong>α’.</strong></span> <span class='ocrx_word' id='word_1_638' title='bbox 2032 3325 2208 3390; x_wconf 82' lang='grc' dir='ltr'><strong>Ὀσιος</strong></span> <span class='ocrx_word' id='word_1_639' title='bbox 2217 3332 2496 3394; x_wconf 78' lang='grc' dir='ltr'><strong>ίπίσκοπος</strong></span> <span class='ocrx_word' id='word_1_640' title='bbox 2510 3333 2703 3397; x_wconf 80' lang='grc' dir='ltr'><strong>πόλεως</strong></span> <span class='ocrx_word' id='word_1_641' title='bbox 2721 3335 3004 3412; x_wconf 73' lang='grc' dir='ltr'><strong>Κορδούϐης</strong></span> <span class='ocrx_word' id='word_1_642' title='bbox 3019 3337 3173 3398; x_wconf 70' lang='grc' dir='ltr'><strong>εἶπεν·</strong></span> <span class='ocrx_word' id='word_1_643' title='bbox 3191 3346 3264 3400; x_wconf 87' lang='grc' dir='ltr'><strong>Ού</strong></span> <span class='ocrx_word' id='word_1_644' title='bbox 3279 3350 3458 3403; x_wconf 75' lang='grc' dir='ltr'><strong>τοσοῦ-</strong></span> 
     </span>
    </p>
   </div>
   <div class='ocr_carea' id='block_1_89' title="bbox 1881 3422 3460 3514">
    <p class='ocr_par' dir='ltr' id='par_1_89' title="bbox 1881 3422 3460 3514">
     <span class='ocr_line' id='line_1_89' title="bbox 1881 3422 3460 3514; baseline 0.015 -41"><span class='ocrx_word' id='word_1_645' title='bbox 1881 3435 1965 3473; x_wconf 81' lang='grc' dir='ltr'><strong>τον</strong></span> <span class='ocrx_word' id='word_1_646' title='bbox 1984 3422 2196 3514; x_wconf 43' lang='grc' dir='ltr'><strong>ἧ-φαύλη</strong></span> <span class='ocrx_word' id='word_1_647' title='bbox 2221 3425 2478 3486; x_wconf 75' lang='grc' dir='ltr'><strong>συνήθεια.</strong></span> <span class='ocrx_word' id='word_1_648' title='bbox 2509 3424 2626 3483; x_wconf 83' lang='grc' dir='ltr'><strong>ὅσον</strong></span> <span class='ocrx_word' id='word_1_649' title='bbox 2649 3431 2680 3488; x_wconf 78' lang='lat' dir='ltr'><strong>tl</strong></span> <span class='ocrx_word' id='word_1_650' title='bbox 2705 3430 3070 3509; x_wconf 75' lang='grc' dir='ltr'><strong>βλαϐερωτάτη</strong></span> <span class='ocrx_word' id='word_1_651' title='bbox 3095 3444 3193 3492; x_wconf 87' lang='grc' dir='ltr'><strong>τῶν</strong></span> <span class='ocrx_word' id='word_1_652' title='bbox 3217 3442 3460 3514; x_wconf 72' lang='grc' dir='ltr'><strong>πραγμάο</strong></span> 
     </span>
    </p>
   </div>
   <div class='ocr_carea' id='block_1_90' title="bbox 1881 3508 3462 3601">
    <p class='ocr_par' dir='ltr' id='par_1_90' title="bbox 1881 3508 3462 3601">
     <span class='ocr_line' id='line_1_90' title="bbox 1881 3508 3462 3601; baseline 0.013 -37"><span class='ocrx_word' id='word_1_653' title='bbox 1881 3531 1980 3601; x_wconf 76' lang='grc' dir='ltr'><strong>των</strong></span> <span class='ocrx_word' id='word_1_654' title='bbox 2007 3508 2248 3588; x_wconf 67' lang='grc' dir='ltr'><strong>διαφθορά</strong></span> <span class='ocrx_word' id='word_1_655' title='bbox 2273 3515 2323 3579; x_wconf 67' lang='grc' dir='ltr'><strong>ἐξ</strong></span> <span class='ocrx_word' id='word_1_656' title='bbox 2344 3518 2510 3570; x_wconf 83' lang='grc' dir='ltr'><strong>αὐτῶν</strong></span> <span class='ocrx_word' id='word_1_657' title='bbox 2531 3526 2631 3573; x_wconf 84' lang='grc' dir='ltr'><strong>τῶν</strong></span> <span class='ocrx_word' id='word_1_658' title='bbox 2655 3520 2888 3592; x_wconf 69' lang='grc' dir='ltr'><strong>θεμελίων</strong></span> <span class='ocrx_word' id='word_1_659' title='bbox 2908 3525 3040 3578; x_wconf 77' lang='grc' dir='ltr'><strong>ἐστίν</strong></span> <span class='ocrx_word' id='word_1_660' title='bbox 3063 3508 3344 3601; x_wconf 67' lang='grc' dir='ltr'><strong>ίιιριζωτία⁷</strong></span> <span class='ocrx_word' id='word_1_661' title='bbox 3359 3508 3462 3586; x_wconf 32' lang='grc' dir='ltr'><strong>*ἵνα</strong></span> 
     </span>
    </p>
   </div>
   <div class='ocr_carea' id='block_1_91' title="bbox 1883 3599 3459 3696">
    <p class='ocr_par' dir='ltr' id='par_1_91' title="bbox 1883 3599 3459 3696">
     <span class='ocr_line' id='line_1_91' title="bbox 1883 3599 3459 3696; baseline 0.015 -44"><span class='ocrx_word' id='word_1_662' title='bbox 1883 3599 2055 3696; x_wconf 47' lang='grc' dir='ltr'><strong>μηδενί</strong></span> <span class='ocrx_word' id='word_1_663' title='bbox 2079 3610 2177 3696; x_wconf 58' lang='lat' dir='ltr'><strong>rei:</strong></span> <span class='ocrx_word' id='word_1_664' title='bbox 2206 3605 2492 3660; x_wconf 69' lang='grc' dir='ltr'><strong>ἔπισιώπων</strong></span> <span class='ocrx_word' id='word_1_665' title='bbox 2635 3611 2736 3665; x_wconf 72' lang='grc' dir='ltr'><strong>ἀπὸ</strong></span> <span class='ocrx_word' id='word_1_666' title='bbox 2762 3613 2954 3674; x_wconf 73' lang='grc' dir='ltr'><strong>πόλεως</strong></span> <span class='ocrx_word' id='word_1_667' title='bbox 2981 3599 3165 3691; x_wconf 58' lang='grc' dir='ltr'><strong>μικράς</strong></span> <span class='ocrx_word' id='word_1_668' title='bbox 3191 3620 3263 3679; x_wconf 78' lang='grc' dir='ltr'><strong>είς</strong></span> <span class='ocrx_word' id='word_1_669' title='bbox 3284 3617 3459 3696; x_wconf 73' lang='grc' dir='ltr'><strong>ἰτὲραν</strong></span> 
     </span>
    </p>
   </div>
   <div class='ocr_carea' id='block_1_92' title="bbox 1884 3691 3464 3784">
    <p class='ocr_par' dir='ltr' id='par_1_92' title="bbox 1884 3691 3464 3784">
     <span class='ocr_line' id='line_1_92' title="bbox 1884 3691 3464 3784; baseline 0.016 -41"><span class='ocrx_word' id='word_1_670' title='bbox 1884 3691 2024 3745; x_wconf 80' lang='grc' dir='ltr'><strong>πόλιν</strong></span> <span class='ocrx_word' id='word_1_671' title='bbox 2063 3695 2415 3764; x_wconf 69' lang='grc' dir='ltr'><strong>μεθίστασθαι.</strong></span> <span class='ocrx_word' id='word_1_672' title='bbox 2447 3695 2505 3752; x_wconf 74' lang='grc' dir='ltr'><strong><em>Ἣ</em></strong></span> <span class='ocrx_word' id='word_1_673' title='bbox 2529 3701 2627 3776; x_wconf 67' lang='grc' dir='ltr'><strong>’γὰρ</strong></span> <span class='ocrx_word' id='word_1_674' title='bbox 2654 3711 2746 3764; x_wconf 79' lang='grc' dir='ltr'><strong>τῆς</strong></span> <span class='ocrx_word' id='word_1_675' title='bbox 2769 3706 2935 3767; x_wconf 75' lang='grc' dir='ltr'><strong>αἰτίας</strong></span> <span class='ocrx_word' id='word_1_676' title='bbox 2976 3709 3165 3770; x_wconf 78' lang='grc' dir='ltr'><strong>ταύτης</strong></span> <span class='ocrx_word' id='word_1_677' title='bbox 3208 3691 3464 3784; x_wconf 66' lang='grc' dir='ltr'><strong>πρόφασις</strong></span> 
     </span>
    </p>
   </div>
   <div class='ocr_carea' id='block_1_93' title="bbox 1885 3786 3461 3881">
    <p class='ocr_par' dir='ltr' id='par_1_93' title="bbox 1885 3786 3461 3881">
     <span class='ocr_line' id='line_1_93' title="bbox 1885 3786 3461 3881; baseline 0.015 -45"><span class='ocrx_word' id='word_1_678' title='bbox 1885 3787 2076 3881; x_wconf 59' lang='grc' dir='ltr'><strong>φανερά</strong></span> <span class='ocrx_word' id='word_1_679' title='bbox 2103 3787 2214 3881; x_wconf 69' lang='grc' dir='ltr'><strong>ἐστι</strong></span> <span class='ocrx_word' id='word_1_680' title='bbox 2237 3828 2246 3847; x_wconf 87' lang='grc'><strong>.</strong></span> <span class='ocrx_word' id='word_1_681' title='bbox 2280 3786 2346 3843; x_wconf 83' lang='grc' dir='ltr'><strong>δι’</strong></span> <span class='ocrx_word' id='word_1_682' title='bbox 2371 3791 2430 3848; x_wconf 74' lang='grc' dir='ltr'><strong>ἣν</strong></span> <span class='ocrx_word' id='word_1_683' title='bbox 2456 3795 2522 3846; x_wconf 75' lang='grc' dir='ltr'><strong>τὰ</strong></span> <span class='ocrx_word' id='word_1_684' title='bbox 2547 3800 2762 3850; x_wconf 82' lang='grc' dir='ltr'><strong>τοιαῦτα</strong></span> <span class='ocrx_word' id='word_1_685' title='bbox 2787 3798 3146 3874; x_wconf 65' lang='grc' dir='ltr'><strong>ἐπιχειρεῖται.</strong></span> <span class='ocrx_word' id='word_1_686' title='bbox 3176 3802 3338 3864; x_wconf 75' lang='grc' dir='ltr'><strong>οὐδεὶς</strong></span> <span class='ocrx_word' id='word_1_687' title='bbox 3359 3808 3461 3881; x_wconf 72' lang='grc' dir='ltr'><strong>γὰρ</strong></span> 
     </span>
    </p>
   </div>
   <div class='ocr_carea' id='block_1_94' title="bbox 1886 3879 3464 3965">
    <p class='ocr_par' dir='ltr' id='par_1_94' title="bbox 1886 3879 3464 3965">
     <span class='ocr_line' id='line_1_94' title="bbox 1886 3879 3464 3965; baseline 0.014 -35"><span class='ocrx_word' id='word_1_688' title='bbox 1886 3879 2093 3933; x_wconf 74' lang='grc' dir='ltr'><strong>πώποτε</strong></span> <span class='ocrx_word' id='word_1_689' title='bbox 2114 3879 2372 3952; x_wconf 80' lang='grc' dir='ltr'><strong>εύρεθῆναι</strong></span> <span class='ocrx_word' id='word_1_690' title='bbox 2394 3883 2682 3940; x_wconf 65' lang='grc' dir='ltr'><strong>ἐπισκόπων</strong></span> <span class='ocrx_word' id='word_1_691' title='bbox 2701 3882 2967 3948; x_wconf 80' lang='grc' dir='ltr'><strong>δεδύνηται</strong></span> <span class='ocrx_word' id='word_1_692' title='bbox 2984 3931 2996 3952; x_wconf 84' lang='grc'><strong>,</strong></span> <span class='ocrx_word' id='word_1_693' title='bbox 3029 3890 3082 3953; x_wconf 77' lang='grc' dir='ltr'><strong>ὃς</strong></span> <span class='ocrx_word' id='word_1_694' title='bbox 3113 3895 3212 3948; x_wconf 79' lang='grc' dir='ltr'><strong>ἀπὸ</strong></span> <span class='ocrx_word' id='word_1_695' title='bbox 3238 3879 3464 3965; x_wconf 79' lang='grc' dir='ltr'><strong>μείζονος</strong></span> 
     </span>
    </p>
   </div>
   <div class='ocr_carea' id='block_1_95' title="bbox 1884 3968 3463 4059">
    <p class='ocr_par' dir='ltr' id='par_1_95' title="bbox 1884 3968 3463 4059">
     <span class='ocr_line' id='line_1_95' title="bbox 1884 3968 3463 4059; baseline 0.016 -40"><span class='ocrx_word' id='word_1_696' title='bbox 1884 3968 2078 4059; x_wconf 51' lang='lat' dir='ltr'><strong>nam;</strong></span> <span class='ocrx_word' id='word_1_697' title='bbox 2107 3971 2178 4030; x_wconf 87' lang='grc' dir='ltr'><strong>είς</strong></span> <span class='ocrx_word' id='word_1_698' title='bbox 2204 3971 2603 4051; x_wconf 71' lang='grc' dir='ltr'><strong>ἐλαχιστοτίραν</strong></span> <span class='ocrx_word' id='word_1_699' title='bbox 2639 3978 2778 4034; x_wconf 75' lang='grc' dir='ltr'><strong>πόλιν</strong></span> <span class='ocrx_word' id='word_1_700' title='bbox 2824 3981 3113 4039; x_wconf 69' lang='grc' dir='ltr'><strong>ἐσπούδασε</strong></span> <span class='ocrx_word' id='word_1_701' title='bbox 3148 3997 3463 4059; x_wconf 72' lang='grc' dir='ltr'><strong>μεταστῆναι</strong></span> 
     </span>
    </p>
   </div>
   <div class='ocr_carea' id='block_1_96' title="bbox 1889 4056 3464 4150">
    <p class='ocr_par' dir='ltr' id='par_1_96' title="bbox 1889 4056 3464 4150">
     <span class='ocr_line' id='line_1_96' title="bbox 1889 4056 3464 4150; baseline 0.015 -37"><span class='ocrx_word' id='word_1_702' title='bbox 1889 4056 1993 4113; x_wconf 72' lang='grc' dir='ltr'><strong>ὅθεν</strong></span> <span class='ocrx_word' id='word_1_703' title='bbox 2023 4063 2295 4122; x_wconf 75' lang='grc' dir='ltr'><strong>σννίστητιε</strong></span> <span class='ocrx_word' id='word_1_704' title='bbox 2321 4062 2556 4142; x_wconf 81' lang='grc' dir='ltr'><strong>διαπύρῳ</strong></span> <span class='ocrx_word' id='word_1_705' title='bbox 2582 4068 2866 4136; x_wconf 73' lang='grc' dir='ltr'><strong>πλεονεξίας</strong></span> <span class='ocrx_word' id='word_1_706' title='bbox 2892 4075 3067 4150; x_wconf 80' lang='grc' dir='ltr'><strong>τρόπῳ</strong></span> <span class='ocrx_word' id='word_1_707' title='bbox 3099 4056 3464 4136; x_wconf 72' lang='grc' dir='ltr'><strong>ύτιεκκαίεσθαι</strong></span> 
     </span>
    </p>
   </div>
   <div class='ocr_carea' id='block_1_97' title="bbox 1889 4154 3466 4243">
    <p class='ocr_par' dir='ltr' id='par_1_97' title="bbox 1889 4154 3466 4243">
     <span class='ocr_line' id='line_1_97' title="bbox 1889 4154 3466 4243; baseline 0.014 -38"><span class='ocrx_word' id='word_1_708' title='bbox 1889 4154 2010 4212; x_wconf 84' lang='grc' dir='ltr'><strong>τούς</strong></span> <span class='ocrx_word' id='word_1_709' title='bbox 2036 4157 2323 4222; x_wconf 75' lang='grc' dir='ltr'><strong>τοιούτους,</strong></span> <span class='ocrx_word' id='word_1_710' title='bbox 2351 4160 2435 4214; x_wconf 77' lang='grc' dir='ltr'><strong>καί</strong></span> <span class='ocrx_word' id='word_1_711' title='bbox 2462 4161 2644 4232; x_wconf 77' lang='grc' dir='ltr'><strong>μᾶλλον</strong></span> <span class='ocrx_word' id='word_1_712' title='bbox 2663 4172 2726 4240; x_wconf 75' lang='grc' dir='ltr'><strong>τῇ</strong></span> <span class='ocrx_word' id='word_1_713' title='bbox 2751 4165 3010 4243; x_wconf 79' lang='grc' dir='ltr'><strong>ἀλαζονείᾳ</strong></span> <span class='ocrx_word' id='word_1_714' title='bbox 3034 4167 3297 4236; x_wconf 72' lang='grc' dir='ltr'><strong>δουλεύειν,</strong></span> <span class='ocrx_word' id='word_1_715' title='bbox 3325 4168 3466 4233; x_wconf 76' lang='grc' dir='ltr'><strong>ὅπως</strong></span> 
     </span>
    </p>
   </div>
   <div class='ocr_carea' id='block_1_98' title="bbox 1892 4247 3467 4324">
    <p class='ocr_par' dir='ltr' id='par_1_98' title="bbox 1892 4247 3467 4324">
     <span class='ocr_line' id='line_1_98' title="bbox 1892 4247 3467 4324; baseline 0.015 -26"><span class='ocrx_word' id='word_1_716' title='bbox 1892 4247 2120 4310; x_wconf 79' lang='grc' dir='ltr'><strong>ἐξουσίαν</strong></span> <span class='ocrx_word' id='word_1_717' title='bbox 2146 4247 2338 4306; x_wconf 75' lang='grc' dir='ltr'><strong>δοκοῖεν</strong></span> <span class='ocrx_word' id='word_1_718' title='bbox 2357 4256 2559 4324; x_wconf 75' lang='grc' dir='ltr'><strong>μείζονα</strong></span> <span class='ocrx_word' id='word_1_719' title='bbox 2577 4259 2865 4319; x_wconf 75' lang='grc' dir='ltr'><strong>κεκτῆσθαι.</strong></span> <span class='ocrx_word' id='word_1_720' title='bbox 2896 4262 2940 4315; x_wconf 82' lang='grc' dir='ltr'><strong>εί</strong></span> <span class='ocrx_word' id='word_1_721' title='bbox 2960 4267 3096 4317; x_wconf 83' lang='grc' dir='ltr'><strong>πᾶσι</strong></span> <span class='ocrx_word' id='word_1_722' title='bbox 3120 4265 3285 4320; x_wconf 84' lang='grc' dir='ltr'><strong>τοίνυν</strong></span> <span class='ocrx_word' id='word_1_723' title='bbox 3312 4268 3467 4321; x_wconf 80' lang='grc' dir='ltr'><strong>τοῦτο</strong></span> 
     </span>
    </p>
   </div>
   <div class='ocr_carea' id='block_1_99' title="bbox 1894 4340 3470 4431">
    <p class='ocr_par' dir='ltr' id='par_1_99' title="bbox 1894 4340 3470 4431">
     <span class='ocr_line' id='line_1_99' title="bbox 1894 4340 3470 4431; baseline 0.013 -41"><span class='ocrx_word' id='word_1_724' title='bbox 1894 4340 2130 4431; x_wconf 48' lang='lat' dir='ltr'><strong>apicati,</strong></span> <span class='ocrx_word' id='word_1_725' title='bbox 2175 4343 2308 4397; x_wconf 75' lang='grc' dir='ltr'><strong>ὥστε</strong></span> <span class='ocrx_word' id='word_1_726' title='bbox 2350 4349 2439 4403; x_wconf 82' lang='grc' dir='ltr'><strong>τήν</strong></span> <span class='ocrx_word' id='word_1_727' title='bbox 2485 4349 2721 4407; x_wconf 83' lang='grc' dir='ltr'><strong>τοιαύτην</strong></span> <span class='ocrx_word' id='word_1_728' title='bbox 2771 4352 3052 4411; x_wconf 77' lang='grc' dir='ltr'><strong>σκαιότητα</strong></span> <span class='ocrx_word' id='word_1_729' title='bbox 3098 4355 3470 4431; x_wconf 77' lang='grc' dir='ltr'><strong>αὐστηρότερον</strong></span> 
     </span>
    </p>
   </div>
   <div class='ocr_carea' id='block_1_100' title="bbox 1895 4426 3473 4514">
    <p class='ocr_par' dir='ltr' id='par_1_100' title="bbox 1895 4426 3473 4514">
     <span class='ocr_line' id='line_1_100' title="bbox 1895 4426 3473 4514; baseline 0.013 -32"><span class='ocrx_word' id='word_1_730' title='bbox 1895 4426 2226 4495; x_wconf 56' lang='lat' dir='ltr'><strong>Himerio“;</strong></span> <span class='ocrx_word' id='word_1_731' title='bbox 2253 4435 2472 4507; x_wconf 74' lang='grc' dir='ltr'><strong>ἠγοῦμαι</strong></span> <span class='ocrx_word' id='word_1_732' title='bbox 2495 4439 2594 4513; x_wconf 71' lang='grc' dir='ltr'><strong>γὰρ</strong></span> <span class='ocrx_word' id='word_1_733' title='bbox 2619 4436 2746 4509; x_wconf 73' lang='grc' dir='ltr'><strong>μηδύ</strong></span> <span class='ocrx_word' id='word_1_734' title='bbox 2765 4439 2946 4496; x_wconf 74' lang='grc' dir='ltr'><strong>λαζιιῶν</strong></span> <span class='ocrx_word' id='word_1_735' title='bbox 2971 4441 3113 4514; x_wconf 76' lang='grc' dir='ltr'><strong>ἴχειν</strong></span> <span class='ocrx_word' id='word_1_736' title='bbox 3139 4426 3276 4506; x_wconf 67' lang='grc' dir='ltr'><strong>τοὺς⁷</strong></span> <span class='ocrx_word' id='word_1_737' title='bbox 3306 4426 3473 4502; x_wconf 68' lang='grc' dir='ltr'><strong>τοιού*-</strong></span> 
     </span>
    </p>
   </div>
   <div class='ocr_carea' id='block_1_101' title="bbox 1897 4529 3473 4612">
    <p class='ocr_par' dir='ltr' id='par_1_101' title="bbox 1897 4529 3473 4612">
     <span class='ocr_line' id='line_1_101' title="bbox 1897 4529 3473 4612; baseline 0.013 -37"><span class='ocrx_word' id='word_1_738' title='bbox 1897 4541 2018 4581; x_wconf 71' lang='lat' dir='ltr'><strong>rw:</strong></span> <span class='ocrx_word' id='word_1_739' title='bbox 2040 4533 2232 4598; x_wconf 76' lang='grc' dir='ltr'><strong>χρῆναι</strong></span> <span class='ocrx_word' id='word_1_740' title='bbox 2245 4529 2511 4582; x_wconf 75' lang='grc' dir='ltr'><strong>κοινωνίαν.</strong></span> <span class='ocrx_word' id='word_1_741' title='bbox 2536 4531 2726 4592; x_wconf 71' lang='grc' dir='ltr'><strong>πάντες</strong></span> <span class='ocrx_word' id='word_1_742' title='bbox 2747 4531 2797 4585; x_wconf 75' lang='lat' dir='ltr'><strong>oi</strong></span> <span class='ocrx_word' id='word_1_743' title='bbox 2822 4534 3087 4590; x_wconf 67' lang='grc' dir='ltr'><strong>επίσνοποι</strong></span> <span class='ocrx_word' id='word_1_744' title='bbox 3107 4531 3266 4592; x_wconf 77' lang='grc' dir='ltr'><strong>εἶπον·</strong></span> <span class='ocrx_word' id='word_1_745' title='bbox 3295 4535 3473 4612; x_wconf 72' lang='grc' dir='ltr'><strong>’Δρίσσ</strong></span> 
     </span>
    </p>
   </div>
   <div class='ocr_carea' id='block_1_102' title="bbox 1898 4633 2177 4669">
    <p class='ocr_par' dir='ltr' id='par_1_102' title="bbox 1898 4633 2177 4669">
     <span class='ocr_line' id='line_1_102' title="bbox 1898 4633 2177 4669; baseline 0.011 -3"><span class='ocrx_word' id='word_1_746' title='bbox 1898 4633 1971 4668; x_wconf 78' lang='grc' dir='ltr'><strong>κει</strong></span> <span class='ocrx_word' id='word_1_747' title='bbox 1994 4635 2177 4669; x_wconf 74' lang='grc' dir='ltr'><strong>πασινι</strong></span> 
     </span>
    </p>
   </div>
   <div class='ocr_carea' id='block_1_103' title="bbox 1969 4705 3474 4797">
    <p class='ocr_par' dir='ltr' id='par_1_103' title="bbox 1969 4705 3474 4797">
     <span class='ocr_line' id='line_1_103' title="bbox 1969 4705 3474 4797; baseline 0.011 -35"><span class='ocrx_word' id='word_1_748' title='bbox 1969 4705 2032 4777; x_wconf 77' lang='grc' dir='ltr'><strong>β’.</strong></span> <span class='ocrx_word' id='word_1_749' title='bbox 2056 4705 2228 4769; x_wconf 76' lang='grc' dir='ltr'><strong>ὀσιοε</strong></span> <span class='ocrx_word' id='word_1_750' title='bbox 2240 4706 2513 4774; x_wconf 55' lang='lat' dir='ltr'><strong>itionem:</strong></span> <span class='ocrx_word' id='word_1_751' title='bbox 2531 4711 2688 4770; x_wconf 73' lang='grc' dir='ltr'><strong>εἶπενδ</strong></span> <span class='ocrx_word' id='word_1_752' title='bbox 2708 4719 2766 4772; x_wconf 78' lang='grc' dir='ltr'><strong>ει</strong></span> <span class='ocrx_word' id='word_1_753' title='bbox 2778 4714 2833 4772; x_wconf 76' lang='grc' dir='ltr'><strong>δί</strong></span> <span class='ocrx_word' id='word_1_754' title='bbox 2851 4738 2929 4778; x_wconf 87' lang='grc' dir='ltr'><strong>τις</strong></span> <span class='ocrx_word' id='word_1_755' title='bbox 2947 4721 3174 4780; x_wconf 80' lang='grc' dir='ltr'><strong>τοιοῦτος</strong></span> <span class='ocrx_word' id='word_1_756' title='bbox 3191 4719 3474 4797; x_wconf 73' lang='grc' dir='ltr'><strong>εύρίσποιτο</strong></span> 
     </span>
    </p>
   </div>
   <div class='ocr_carea' id='block_1_104' title="bbox 1900 4797 3475 4882">
    <p class='ocr_par' dir='ltr' id='par_1_104' title="bbox 1900 4797 3475 4882">
     <span class='ocr_line' id='line_1_104' title="bbox 1900 4797 3475 4882; baseline 0.011 -30"><span class='ocrx_word' id='word_1_757' title='bbox 1900 4797 2154 4870; x_wconf 69' lang='grc' dir='ltr'><strong>μανιώδης</strong></span> <span class='ocrx_word' id='word_1_758' title='bbox 2180 4800 2212 4861; x_wconf 64' lang='grc' dir='ltr'><strong><em>ἦ</em></strong></span> <span class='ocrx_word' id='word_1_759' title='bbox 2235 4803 2512 4878; x_wconf 75' lang='grc' dir='ltr'><strong>τολμηρὸς,</strong></span> <span class='ocrx_word' id='word_1_760' title='bbox 2539 4808 2608 4868; x_wconf 78' lang='grc' dir='ltr'><strong>ὡς</strong></span> <span class='ocrx_word' id='word_1_761' title='bbox 2634 4811 2754 4882; x_wconf 79' lang='grc' dir='ltr'><strong>περί</strong></span> <span class='ocrx_word' id='word_1_762' title='bbox 2789 4815 2889 4862; x_wconf 77' lang='grc' dir='ltr'><strong>τῶν</strong></span> <span class='ocrx_word' id='word_1_763' title='bbox 2927 4812 3171 4866; x_wconf 79' lang='grc' dir='ltr'><strong>τοιούτων</strong></span> <span class='ocrx_word' id='word_1_764' title='bbox 3199 4808 3334 4875; x_wconf 83' lang='grc' dir='ltr'><strong>δόξαι</strong></span> <span class='ocrx_word' id='word_1_765' title='bbox 3361 4813 3475 4869; x_wconf 72' lang='grc' dir='ltr'><strong>τινὰ</strong></span> 
     </span>
    </p>
   </div>
   <div class='ocr_carea' id='block_1_105' title="bbox 1900 4893 3476 4972">
    <p class='ocr_par' dir='ltr' id='par_1_105' title="bbox 1900 4893 3476 4972">
     <span class='ocr_line' id='line_1_105' title="bbox 1900 4893 3476 4972; baseline 0.011 -27"><span class='ocrx_word' id='word_1_766' title='bbox 1900 4893 2066 4966; x_wconf 68' lang='grc' dir='ltr'><strong>γέρειν</strong></span> <span class='ocrx_word' id='word_1_767' title='bbox 2112 4897 2452 4967; x_wconf 75' lang='grc' dir='ltr'><strong>παραίτησιν,</strong></span> <span class='ocrx_word' id='word_1_768' title='bbox 2499 4895 2938 4972; x_wconf 73' lang='grc' dir='ltr'><strong>διαϐεϐαιούμενον</strong></span> <span class='ocrx_word' id='word_1_769' title='bbox 2980 4901 3081 4956; x_wconf 67' lang='grc' dir='ltr'><strong>ἀπὸ</strong></span> <span class='ocrx_word' id='word_1_770' title='bbox 3125 4909 3213 4958; x_wconf 86' lang='grc' dir='ltr'><strong>τοῦ</strong></span> <span class='ocrx_word' id='word_1_771' title='bbox 3261 4901 3476 4965; x_wconf 67' lang='grc' dir='ltr'><strong>πλήθους</strong></span> 
     </span>
    </p>
   </div>
   <div class='ocr_carea' id='block_1_106' title="bbox 1901 4985 3476 5068">
    <p class='ocr_par' dir='ltr' id='par_1_106' title="bbox 1901 4985 3476 5068">
     <span class='ocr_line' id='line_1_106' title="bbox 1901 4985 3476 5068; baseline 0.008 -29"><span class='ocrx_word' id='word_1_772' title='bbox 1901 4985 2076 5041; x_wconf 76' lang='grc' dir='ltr'><strong>ίαντὸν</strong></span> <span class='ocrx_word' id='word_1_773' title='bbox 2103 4990 2392 5059; x_wconf 73' lang='grc' dir='ltr'><strong>κεκομίσθαι</strong></span> <span class='ocrx_word' id='word_1_774' title='bbox 2414 4993 2727 5066; x_wconf 73' lang='grc' dir='ltr'><strong>γράμματα·</strong></span> <span class='ocrx_word' id='word_1_775' title='bbox 2759 4990 2904 5052; x_wconf 76' lang='grc' dir='ltr'><strong>δῆλόν</strong></span> <span class='ocrx_word' id='word_1_776' title='bbox 2933 4994 3088 5058; x_wconf 70' lang='grc' dir='ltr'><strong>ἔστιν,</strong></span> <span class='ocrx_word' id='word_1_777' title='bbox 3118 4994 3314 5068; x_wconf 65' lang='grc' dir='ltr'><strong>ὀλίγους</strong></span> <span class='ocrx_word' id='word_1_778' title='bbox 3339 4995 3476 5057; x_wconf 64' lang='grc' dir='ltr'><strong>τινάς</strong></span> 
     </span>
    </p>
   </div>
   <div class='ocr_carea' id='block_1_107' title="bbox 1897 5075 3476 5164">
    <p class='ocr_par' dir='ltr' id='par_1_107' title="bbox 1897 5075 3476 5164">
     <span class='ocr_line' id='line_1_107' title="bbox 1897 5075 3476 5164; baseline 0.006 -31"><span class='ocrx_word' id='word_1_779' title='bbox 1897 5075 2196 5138; x_wconf 73' lang='grc' dir='ltr'><strong>δεδυνῆσθαι</strong></span> <span class='ocrx_word' id='word_1_780' title='bbox 2229 5085 2394 5157; x_wconf 76' lang='grc' dir='ltr'><strong>μισθῷ</strong></span> <span class='ocrx_word' id='word_1_781' title='bbox 2418 5086 2506 5137; x_wconf 73' lang='grc' dir='ltr'><strong>καί</strong></span> <span class='ocrx_word' id='word_1_782' title='bbox 2538 5089 2786 5156; x_wconf 74' lang='grc' dir='ltr'><strong>τιμήματι</strong></span> <span class='ocrx_word' id='word_1_783' title='bbox 2824 5084 3184 5162; x_wconf 72' lang='grc' dir='ltr'><strong>διαφθαρίντας</strong></span> <span class='ocrx_word' id='word_1_784' title='bbox 3210 5090 3264 5144; x_wconf 75' lang='lat' dir='ltr'><strong>iv</strong></span> <span class='ocrx_word' id='word_1_785' title='bbox 3299 5096 3362 5164; x_wconf 66' lang='grc' dir='ltr'><strong>τῇ</strong></span> <span class='ocrx_word' id='word_1_786' title='bbox 3388 5085 3476 5143; x_wconf 67' lang='lat' dir='ltr'><strong>ia-</strong></span> 
     </span>
    </p>
   </div>
   <div class='ocr_carea' id='block_1_108' title="bbox 1899 5169 3477 5256">
    <p class='ocr_par' dir='ltr' id='par_1_108' title="bbox 1899 5169 3477 5256">
     <span class='ocr_line' id='line_1_108' title="bbox 1899 5169 3477 5256; baseline 0.006 -30"><span class='ocrx_word' id='word_1_787' title='bbox 1899 5169 2078 5245; x_wconf 74' lang='grc' dir='ltr'><strong>ιλησίᾳ</strong></span> <span class='ocrx_word' id='word_1_788' title='bbox 2105 5174 2399 5237; x_wconf 71' lang='grc' dir='ltr'><strong>στασιάζειν</strong></span> <span class='ocrx_word' id='word_1_789' title='bbox 2419 5217 2431 5238; x_wconf 92' lang='grc'><strong>,</strong></span> <span class='ocrx_word' id='word_1_790' title='bbox 2466 5175 2537 5235; x_wconf 76' lang='grc' dir='ltr'><strong>ὥς</strong></span> <span class='ocrx_word' id='word_1_791' title='bbox 2569 5173 2711 5234; x_wconf 72' lang='grc' dir='ltr'><strong>δῆθεν</strong></span> <span class='ocrx_word' id='word_1_792' title='bbox 2739 5177 3001 5241; x_wconf 76' lang='grc' dir='ltr'><strong>ἀξιοῦντας</strong></span> <span class='ocrx_word' id='word_1_793' title='bbox 3035 5178 3119 5234; x_wconf 78' lang='grc' dir='ltr'><strong>τὸν</strong></span> <span class='ocrx_word' id='word_1_794' title='bbox 3157 5177 3306 5235; x_wconf 77' lang='grc' dir='ltr'><strong>αὐτὸν</strong></span> <span class='ocrx_word' id='word_1_795' title='bbox 3332 5177 3477 5256; x_wconf 68' lang='grc' dir='ltr'><strong>ἔχειν</strong></span> 
     </span>
    </p>
   </div>
   <div class='ocr_carea' id='block_1_109' title="bbox 1898 5258 3479 5342">
    <p class='ocr_par' dir='ltr' id='par_1_109' title="bbox 1898 5258 3479 5342">
     <span class='ocr_line' id='line_1_109' title="bbox 1898 5258 3479 5342; baseline 0.007 -28"><span class='ocrx_word' id='word_1_796' title='bbox 1898 5260 2189 5317; x_wconf 62' lang='lat' dir='ltr'><strong>datio-tom.</strong></span> <span class='ocrx_word' id='word_1_797' title='bbox 2221 5262 2454 5328; x_wconf 63' lang='grc' dir='ltr'><strong>καθάπαξ</strong></span> <span class='ocrx_word' id='word_1_798' title='bbox 2488 5258 2579 5319; x_wconf 76' lang='grc' dir='ltr'><strong>οὖν</strong></span> <span class='ocrx_word' id='word_1_799' title='bbox 2607 5266 2699 5326; x_wconf 69' lang='grc' dir='ltr'><strong>τὰς</strong></span> <span class='ocrx_word' id='word_1_800' title='bbox 2728 5263 3058 5342; x_wconf 64' lang='grc' dir='ltr'><strong>ῥᾳδιουργίας</strong></span> <span class='ocrx_word' id='word_1_801' title='bbox 3106 5269 3198 5329; x_wconf 60' lang='lat' dir='ltr'><strong>hic</strong></span> <span class='ocrx_word' id='word_1_802' title='bbox 3240 5270 3479 5332; x_wconf 74' lang='grc' dir='ltr'><strong>τοιαύτας</strong></span> 
     </span>
    </p>
   </div>
   <div class='ocr_carea' id='block_1_110' title="bbox 1900 5353 3480 5434">
    <p class='ocr_par' dir='ltr' id='par_1_110' title="bbox 1900 5353 3480 5434">
     <span class='ocr_line' id='line_1_110' title="bbox 1900 5353 3480 5434; baseline 0.006 -28"><span class='ocrx_word' id='word_1_803' title='bbox 1900 5356 1989 5406; x_wconf 70' lang='grc' dir='ltr'><strong>καί</strong></span> <span class='ocrx_word' id='word_1_804' title='bbox 2016 5355 2209 5424; x_wconf 62' lang='grc' dir='ltr'><strong>τέχνας</strong></span> <span class='ocrx_word' id='word_1_805' title='bbox 2236 5355 2516 5416; x_wconf 59' lang='lat' dir='ltr'><strong>uoluerint“</strong></span> <span class='ocrx_word' id='word_1_806' title='bbox 2541 5353 2668 5414; x_wconf 80' lang='grc' dir='ltr'><strong>εἶναι</strong></span> <span class='ocrx_word' id='word_1_807' title='bbox 2688 5361 2891 5431; x_wconf 74' lang='grc' dir='ltr'><strong>νομίζω,</strong></span> <span class='ocrx_word' id='word_1_808' title='bbox 2926 5360 3063 5417; x_wconf 76' lang='grc' dir='ltr'><strong>ὥστε</strong></span> <span class='ocrx_word' id='word_1_809' title='bbox 3097 5359 3285 5434; x_wconf 63' lang='grc' dir='ltr'><strong>μηδένα</strong></span> <span class='ocrx_word' id='word_1_810' title='bbox 3311 5366 3480 5416; x_wconf 86' lang='grc' dir='ltr'><strong>τοιοῦ-</strong></span> 
     </span>
    </p>
   </div>
   <div class='ocr_carea' id='block_1_111' title="bbox 1899 5441 3484 5521">
    <p class='ocr_par' dir='ltr' id='par_1_111' title="bbox 1899 5441 3484 5521">
     <span class='ocr_line' id='line_1_111' title="bbox 1899 5441 3484 5521; baseline 0.007 -24"><span class='ocrx_word' id='word_1_811' title='bbox 1899 5460 1988 5498; x_wconf 83' lang='grc' dir='ltr'><strong>τον</strong></span> <span class='ocrx_word' id='word_1_812' title='bbox 2011 5441 2138 5515; x_wconf 63' lang='lat' dir='ltr'><strong>pedi</strong></span> <span class='ocrx_word' id='word_1_813' title='bbox 2165 5441 2216 5499; x_wconf 77' lang='grc' dir='ltr'><strong>ίν</strong></span> <span class='ocrx_word' id='word_1_814' title='bbox 2243 5452 2315 5516; x_wconf 72' lang='grc' dir='ltr'><strong>τῷ</strong></span> <span class='ocrx_word' id='word_1_815' title='bbox 2337 5445 2469 5503; x_wconf 71' lang='grc' dir='ltr'><strong>τέλει</strong></span> <span class='ocrx_word' id='word_1_816' title='bbox 2487 5445 2665 5510; x_wconf 56' lang='lat' dir='ltr'><strong>Idri:</strong></span> <span class='ocrx_word' id='word_1_817' title='bbox 2689 5456 2813 5521; x_wconf 67' lang='grc' dir='ltr'><strong>γοῦν</strong></span> <span class='ocrx_word' id='word_1_818' title='bbox 2837 5451 3106 5514; x_wconf 76' lang='grc' dir='ltr'><strong>ἀξιοῦσθαι</strong></span> <span class='ocrx_word' id='word_1_819' title='bbox 3130 5447 3408 5513; x_wconf 68' lang='grc' dir='ltr'><strong>κοινωνίας.</strong></span> <span class='ocrx_word' id='word_1_820' title='bbox 3437 5451 3484 5508; x_wconf 86' lang='grc' dir='ltr'><strong>εί</strong></span> 
     </span>
    </p>
   </div>
  </div>
