3910 6212
459 226 598 284 1519

1511 224 1705 282 OSIUS
1747 226 2114 283 EPISCOPUS
2149 226 2635 287 CORDUBENSIS.

3586 236 3608 290 Ι
3617 233 3729 290 3ὶο

455 344 620 396 τοίνυν
649 344 850 417 ἀρέσκει
874 341 903 399 ἧ
928 343 1100 413 γνώμη
1123 340 1274 402 αὕτη,
1298 342 1649 415 ἀποκρίνασθε.
1680 344 2024 413 ἀπεκρίναντο·

2138 342 2338 409 placeat
2389 344 2671 407 sententia,
2719 342 3056 413 respondete.
3102 341 3521 413 Responderunt
3558 363 3571 399 :
3603 345 3731 400 Pla-

460 435 533 488 Τά
547 435 790 504 λεχθέντα
815 434 1013 509 ἤρεσεν.

523 525 587 596 γ’.
609 522 780 585 Ὀσιος
797 527 1071 585 ἐπίσκοπος
1094 520 1222 578 εἴπεο
1248 529 1337 577 Καὶ
1358 531 1508 578 τοῦτο
1521 526 1854 600 προστεθῆναι
1875 527 2030 595 ἀναγ-

457 623 620 677 καῖον,
644 618 726 670 ἶνα
751 615 925 688 μηδείς
966 617 1258 672 ἐπισκόπων
1298 618 1397 670 ἀπὸ
1431 625 1520 676 τῆς
1558 617 1738 671 ἐαυτοῦ
1770 619 2033 690 ἐπαρχίας

455 711 523 768 είς
550 710 720 783 ἑτέραν
748 710 1027 783 ἐπαρχίαν,
1058 711 1107 762 ἐν
1195 709 1543 780 τυγχάνουσιν
1575 706 1712 769 ὄντες
1740 709 2029 772 ἐπίσκοποι,

456 798 687 874 διαϐαίνη
708 843 721 862 ,
756 803 796 854 εί
835 807 902 874 μή
937 821 1014 854 τοι
1039 802 1182 874 παρά
1211 806 1310 853 τῶν
1336 798 1556 873 ἀδελφῶν
1583 808 1679 854 τῶν
1710 801 1891 853 ἐαυτοῦ
1917 800 2030 856 κλη-

455 892 578 956 θείη,
611 890 691 946 διά
720 893 777 946 τὸ
807 898 873 962 μη
903 891 1063 945 δοκεῖν
1098 894 1230 961 ἡμᾶς
1269 894 1362 952 τάς
1399 901 1487 951 τῆς
1523 894 1721 963 ἀγάπης
1758 892 2032 944 ἀποκλείειν

456 983 637 1045 πύλας.
672 987 762 1038 Καὶ
798 990 948 1038 τοῦτο
971 981 1024 1037 δέ
1055 983 1305 1044 ὡσαύτως
1338 984 1638 1060 προνοητέον
1659 1023 1671 1036 .
1713 984 1841 1037 ὥστε
1874 983 1956 1035 ἐάν
1981 979 2030 1036 ἴν

454 1097 547 1132 τινι
574 1077 802 1150 ἐπαρχίᾳ
824 1075 1108 1131 ἐπισκόπων
1134 1095 1211 1135 τις
1233 1072 1468 1144 ἄντικρυς
1495 1072 1708 1144 ἀδελφοῦ
1734 1075 1917 1128 ἐαυτοῦ
1947 1074 2032 1125 καί

456 1167 831 1222 συνεπισκόπου
869 1172 1084 1242 πρᾶγμα
1113 1169 1303 1234 σχοίη,
1337 1163 1609 1236 μηδέτερον
1633 1166 1687 1217 ἐκ
1715 1166 1902 1218 τούτων
1932 1163 2031 1216 ἀπὸ

455 1261 627 1336 ἐτέρας
657 1262 916 1333 ἐπαρχίας
947 1261 1257 1318 ἐπισκόπους
1287 1261 1625 1330 ἐπιγνώμονας
1663 1258 2025 1312 ἐπικαλεῖσθαι.

455 1354 497 1407 εί
530 1351 582 1407 δέ
617 1351 714 1428 ἆρα
745 1374 819 1412 τις
846 1353 1132 1406 ἐπισκόπων
1154 1350 1204 1404 ἕν
1233 1373 1327 1405 τινι
1357 1351 1618 1425 πράγματι
1645 1348 1763 1422 δόξη
1789 1349 2031 1422 κατακρί-

453 1447 622 1499 νεσθαι
645 1485 658 1505 ,
695 1448 780 1496 καί
815 1443 1159 1512 ὑπολαμϐάνει
1190 1443 1371 1496 ἑαυτὸν
1401 1446 1467 1512 μή
1495 1443 1698 1516 σαθρόν.
1734 1442 1856 1495 ἀλλά
1885 1442 2029 1495 καλὸν

453 1533 596 1606 ἔχειν
621 1537 679 1588 τό
722 1541 967 1608 πρᾶγμα,
994 1536 1076 1586 ’ίνα
1119 1537 1202 1585 καὶ
1237 1528 1376 1590 αὖθις
1419 1534 1449 1588 ἡ
1491 1535 1650 1605 κρίσις
1678 1533 1957 1605 ἀνανεωθῇ·
1985 1535 2030 1585 εἰ

455 1625 593 1682 δοκεῖ
614 1628 752 1699 ὑμῶν
778 1635 838 1697 τῇ
866 1627 1058 1698 ἀγάπη,
1089 1627 1274 1699 Πέτρου
1296 1631 1384 1679 τοῦ
1409 1624 1692 1678 ἀποστόλου
1718 1628 1810 1681 τήν
1834 1627 2025 1695 μνήμην

454 1725 777 1791 τιμήσωμεν,
809 1724 893 1772 καί
927 1727 1173 1793 γραφῆναι
1215 1719 1359 1793 παρά
1397 1720 1588 1770 τούτων
1615 1724 1711 1770 τῶν
1756 1718 2026 1793 κρινάντων

452 1811 636 1885 Ἰουλίῳ
659 1822 730 1885 τῷ
768 1813 1026 1883 ἐπισκόπῳ
1045 1812 1235 1882 Ῥώμης
1254 1853 1266 1870 ,
1301 1814 1432 1865 ὥστε
1461 1809 1545 1864 διά
1581 1820 1681 1864 τῶν
1705 1813 2025 1882 γειτνιώντων

455 1913 516 1978 τῇ
540 1906 773 1978 ἐπαρχίᾳ
802 1904 1109 1964 ἐπισκόπων,
1141 1906 1183 1955 εἰ
1210 1901 1329 1963 δέοι,
1362 1903 1687 1959 ἀνανεωθὶνναι
1709 1903 1764 1954 τό
1790 1899 2024 1958 δικαστή-

454 2016 580 2070 ριον.
608 1999 690 2047 καί
716 1997 1055 2066 ἐπιγνώμονας
1091 1996 1239 2054 αύτὸς
1267 1995 1559 2067 παράσχοι.
1589 1997 1630 2047 εἰ
1651 1992 1702 2047 δέ
1733 1999 1800 2064 μή
1828 2001 2023 2051 συστῆ-

452 2107 535 2139 ναι
559 2086 772 2142 δύναται
804 2092 1025 2140 τοιοῦτον
1048 2087 1202 2140 αὐτοῦ
1237 2081 1361 2139 εἶναι
1387 2087 1444 2138 τό
1481 2090 1724 2158 πρᾶγμα,
1753 2087 1820 2144 ὡς
1854 2084 2023 2138 παλιν-

455 2175 616 2239 δικίας
650 2184 876 2253 χρῄζειν,
904 2181 969 2232 τά
997 2177 1132 2242 ἅπαξ
1157 2183 1416 2253 κεκριμένα
1443 2185 1510 2248 μή
1537 2179 1853 2244 ἀναλύεσθαι,
1885 2181 1948 2234 τά
1972 2178 2025 2233 δέ

454 2265 592 2330 ὄντα,
621 2269 676 2338 βέ
685 2269 806 2322 ϐαια
831 2271 1130 2339 τυγχάνειν.

525 2358 562 2413 δ’
573 2397 586 2411 .
624 2357 799 2420 Ὀσιος
821 2363 1098 2420 ἐπίσκοπος
1128 2355 1278 2414 εἶπεν³
1313 2357 1540 2432 Ἠρεσεν.
1565 2359 1628 2412 ἶν’
1655 2358 1796 2420 εἴτις
1821 2362 2024 2416 ἐπίσκο-

453 2472 548 2512 πος
576 2452 962 2524 καταγγελθείη,
992 2457 1077 2505 καί
1118 2454 1556 2526 συναθροισθέντες
1588 2454 1630 2505 οί
1651 2455 1917 2508 ἐπίσκοποι
1936 2463 2025 2514 τῆς

454 2541 645 2616 ἐνορίας
670 2550 759 2601 τῆς
784 2544 967 2602 αὐτῆς,
1007 2548 1098 2595 τοῦ
1133 2543 1329 2612 βαθμοῦ
1367 2545 1512 2595 αὐτόν
1551 2547 1910 2606 ἀποκινήσωσι,
1942 2547 2025 2596 καί

454 2634 628 2708 ὥσπερ
689 2634 1082 2702 ἐκκαλεσάμενος
1117 2636 1372 2706 καταφύγῃ
1413 2636 1496 2688 ἐπὶ
1529 2636 1613 2688 τὸν
1640 2639 2025 2711 μακαριώτατον

452 2734 542 2784 τῆς
569 2724 816 2797 Ῥωμαίων
838 2726 1103 2784 ἐκκλησίας
1135 2728 1410 2778 ἐπίσκοπον
1429 2768 1442 2783 .
1464 2730 1548 2779 καί
1578 2727 1837 2796 βουληθείη
1868 2727 2023 2780 αὐτοῦ

452 2812 748 2878 διακοῦσαι,
792 2814 976 2870 δίκαιόν
1005 2837 1056 2870 τε
1098 2812 1220 2868 εἶναι
1246 2821 1426 2889 νομίσῃ
1469 2819 1844 2871 ἀνανεώσασθαι
1872 2819 2024 2872 αύτοῦ

451 2912 540 2960 την
566 2908 792 2970 ἐξέτασιν
818 2914 905 2961 τοῦ
935 2911 1254 2982 πράγματος,
1286 2913 1486 2982 γράφειν
1515 2912 1713 2969 τούτοις
1741 2918 1852 2970 τοῖς
1878 2930 2024 2963 συνε-

449 3000 719 3058 πισκόποις
747 3001 1064 3071 καταξιώση,
1097 3008 1202 3058 τοῖς
1233 3002 1608 3069 ἀγχιστεύουσι
1651 3010 1712 3072 τῇ
1761 3003 1987 3074 ἐπαρχία
2006 3040 2020 3061 ,

2134 446 2249 488 cent
2284 451 2402 504 qua:
2427 435 2562 488 dicta
2592 445 2735 489 sunt.

2207 523 2292 579 ΙΙΙ.
2315 527 2470 580 Osius
2483 526 2764 595 episc0pus
2780 526 2908 580 dixit
2929 542 2943 578 :
2969 524 3070 581 hoc
3083 541 3298 596 quoque
3320 526 3622 581 noeessario
3638 535 3728 581 est

2133 613 2506 682 adjiciendum,
2549 625 2604 669 ut
2637 617 2813 671 nullus
2839 617 3211 685 episcoporum
3236 632 3299 672 ex
3327 631 3421 670 sua
3450 616 3730 686 provincia

2135 706 2185 760 in
2234 708 2390 760 aliam
2426 707 2771 774 provinciam,
2805 709 2854 762 in
2883 725 2983 777 qua
3015 717 3139 762 sunt
3159 709 3422 778 epist-cpi,
3456 719 3721 773 transeat;

2135 796 2185 849 ui
2218 797 2230 849 i
2258 798 2435 865 utique
2459 812 2489 851 a
2510 802 2621 852 suis
2639 798 2888 851 fratribus
2908 807 3156 859 vocetur;
3184 815 3250 852 ne
3271 799 3551 852 videamur
3565 797 3725 852 dilec-

2135 891 2290 942 tionis
2323 892 2461 944 tores
2490 890 2758 944 claudere.
2797 891 2907 944 lloc
2931 901 3106 943 autem
3130 891 3290 943 etiam
3314 889 3564 942 similiter
3596 905 3688 956 pro

2135 981 2415 1035 videndum
2446 993 2549 1046 est,
2577 991 2636 1035 ut
2664 985 2705 1034 si
2745 983 2796 1035 iu
2840 983 3012 1052 aliqua
3040 984 3310 1051 provincia
3341 984 3720 1049 episcopatum

2133 1074 2390 1142 quispiam
2413 1074 2666 1128 adversus
2709 1073 2920 1128 fratrem
2948 1088 3100 1128 sumn
3131 1083 3185 1126 et
3205 1073 3582 1141 coepiscopum
3621 1087 3719 1126 ne-

2131 1178 2328 1233 gotium
2347 1165 2558 1226 habeat,
2590 1178 2776 1220 neuter
2803 1164 2918 1232 (aL,
2952 1180 3019 1218 ne
3045 1180 3186 1218 unus
3214 1180 3244 1218 e
3271 1163 3498 1232 duobus)
3526 1178 3711 1217 eorum

2132 1274 2194 1310 ex
2221 1258 2320 1310 alia
2354 1257 2620 1326 provincia
2649 1258 2924 1326 epistopos
2950 1259 3251 1324 eosnitores
3281 1269 3488 1311 evecet.
3523 1256 3578 1311 Si
3600 1255 3717 1322 quis

2130 1364 2303 1404 autem
2342 1353 2710 1421 episcOpOt-um
2737 1353 2787 1404 ιιι
2829 1352 3003 1420 aliquo
3033 1349 3246 1419 negotio
3273 1348 3716 1403 condemnandus

2134 1444 2272 1496 visus
2303 1442 2481 1505 fuerit,
2513 1457 2563 1498 et
2592 1444 2863 1498 exiSIimet
2901 1457 2959 1497 se
2990 1460 3093 1495 nou
3143 1441 3360 1502 malam,
3393 1441 3485 1494 sed
3521 1442 3710 1494 bonam

2129 1547 2339 1585 caus-im
2374 1533 2587 1599 habere,
2621 1543 2676 1588 nt
2703 1535 2856 1586 etiam
2888 1548 3069 1588 rursus
3101 1531 3358 1602 judicium
3391 1540 3708 1586 renavctur.

2129 1623 2171 1675 si
2197 1634 2382 1677 vestra:
2407 1626 2673 1679 dilectioni
2707 1623 2932 1688 videtur,
2956 1625 3098 1678 Petri
3137 1623 3363 1694 apostoli
3397 1622 3707 1677 ntetnnriam

2056 1707 2099 1765 Β
2129 1714 2467 1770 ltonoremus.
2503 1726 2558 1769 ut
2586 1717 2652 1768 ab
2684 1717 2746 1769 iis
2771 1720 2854 1783 qui
2883 1717 3276 1784 judicaveruttt,
3323 1715 3585 1768 scribatur
3610 1712 3706 1768 Ju-

2128 1807 2198 1860 lio
2222 1807 2580 1862 Romanorum
2608 1809 2891 1878 episeopo;
2935 1818 2988 1862 et
3018 1823 3109 1874 per
3136 1808 3461 1876 prepiuquos
3490 1808 3702 1874 provin~

2127 1898 2220 1951 cia-
2243 1899 2540 1969 (ἐνίδοι-ρος,
2559 1900 2606 1954 si
2629 1916 2760 1968 Opus
2779 1904 2866 1964 sit,
2890 1900 3144 1969 jtldlClutlt
3174 1909 3489 1962 renovetur;
3511 1909 3564 1953 et
3581 1913 3705 1967 cog-

2129 1988 2329 2045 nitores
2369 1990 2480 2059 ipse
2508 1993 2761 2060 pra-beat.
2807 1994 2860 2046 Si
2899 2002 3072 2047 autem
3117 1991 3326 2060 probari
3374 2007 3478 2043 non
3507 2000 3698 2060 potest,

2127 2088 2338 2134 causam
2360 2097 2473 2150 ejus
2495 2099 2611 2138 esse
2644 2085 2824 2151 talem,
2857 2095 2910 2137 ut
2937 2100 3052 2138 eam
3085 2101 3269 2138 rursus
3303 2084 3528 2152 judicari
3567 2100 3702 2153 opus

2127 2174 2221 2238 sit;
2263 2190 2378 2242 quat
2411 2174 2572 2227 semel
2604 2177 3005 2243 SllttljttdiCaIa,
3055 2191 3158 2230 non
3199 2177 3558 2243 inﬁt-utentur,
3605 2175 3698 2231 sed

2129 2275 2235 2316 rata
2269 2268 2338 2318 sit
2365 2267 2464 2318 lata
2509 2267 2788 2320 sententia.

2198 2355 2287 2409 IV.
2318 2357 2476 2411 Osius
2506 2360 2786 2428 episcopus
2816 2359 2948 2414 dixit
2975 2377 2986 2411 :
3027 2359 3248 2426 Placnit,
3283 2369 3342 2413 ut
3370 2362 3414 2414 si
3448 2361 3564 2430 quis
3590 2359 3702 2429 epi-

2127 2465 2320 2519 scopus
2350 2452 2554 2506 delatos
2584 2453 2761 2516 fuerit,
2793 2466 2844 2507 et
2869 2455 3170 2524 congregati
3200 2454 3443 2522 ejusdem
3476 2456 3700 2524 regionis

2127 2543 2362 2610 ep'scopi
2403 2559 2522 2596 eum
2565 2545 2728 2612 gradu
2784 2546 3076 2608 moverint;
3121 2553 3176 2599 et
3217 2547 3377 2597 veluti
3427 2547 3700 2614 appellans

2126 2635 2424 2704 confugerit
2451 2637 2515 2688 ad
2549 2636 2908 2691 beatissimum
2940 2636 3192 2690 Romanae
3221 2639 3470 2691 CCI‘Iesiil‘.
3493 2637 3686 2707 epist-o-

2131 2743 2285 2795 pum,
2319 2737 2372 2780 ct
2401 2729 2524 2781 Velit
2554 2729 2720 2796 ipsum
2753 2727 2953 2789 audire,
2983 2736 3036 2782 et
3057 2729 3256 2797 justum
3285 2745 3410 2785 esse
3436 2733 3700 2783 existima-

2129 2821 2262 2874 verit
2291 2821 2402 2890 ejus
2445 2821 2517 2876 rei
2561 2823 3000 2876 L‘Xulllilinlimwllt
3057 2825 3329 2879 renovari:
3373 2826 3697 2894 COPpiSt'Opis

2127 2914 2361 2968 scribere
2401 2913 2665 2983 dignetur,
2712 2915 2801 2983 qni
2829 2923 2951 2967 sunt
2981 2915 3258 2982 propinqui
3291 2917 3611 2984 provinetm,
3644 2925 3698 2968 ut

2129 3004 2224 3073 ipsi
2253 3005 2529 3074 diligenter
2557 3013 2610 3058 et
2637 3018 2877 3058 accurate
2903 3005 3105 3074 singula
3129 3014 3552 3073 preserutentur,
3570 3015 3621 3060 et
3635 3021 3696 3060 ex

448 3089 527 3142 ἵνα
555 3090 700 3142 αὐτοί
728 3091 970 3159 ἐπιμελῶς
1001 3092 1083 3143 καὶ
1112 3093 1242 3161 μετὰ
1269 3092 1529 3164 ἀκριϐείας
1562 3092 1757 3145 ἕκαστα
1778 3089 2022 3165 διερευνήο

2133 3100 2366 3150 veritatts
2388 3098 2488 3150 lide
2502 3099 2566 3150 de
2585 3114 2639 3150 re
2661 3097 2972 3151 sententiam
2988 3098 3148 3151 ferant
3161 3137 3174 3149 .
3189 3097 3377 3167 Siquis
3393 3112 3570 3153 autem
3586 3114 3698 3165 pos-

449 3200 598 3238 σωσι.
625 3183 708 3233 καί
734 3183 863 3234 κατά
889 3187 975 3238 την
1002 3191 1089 3241 τῆς
1117 3182 1346 3240 ἀληθείας
1367 3187 1540 3237 πίστιν
1558 3226 1568 3237 .
1601 3182 1760 3254 ψῆφον
1787 3185 1904 3258 περί
1931 3187 2020 3234 τοῦ

448 3272 746 3344 πράγματος
778 3273 1105 3344 ἐξενέγκωσιν.
1140 3277 1196 3326 Ei
1225 3272 1273 3327 δέ
1296 3296 1372 3335 τις
1399 3277 1544 3338 ἀξιῶν
1575 3279 1655 3327 καί
1689 3275 1835 3327 πάλιν
1864 3276 2019 3328 αὐτοῦ

447 3362 505 3415 τό
528 3367 738 3434 πρᾶγμα
766 3365 1090 3423 ἀκουσθὴναι,
1118 3369 1201 3416 καί
1222 3373 1281 3438 τῇ
1314 3363 1499 3421 δεήσει.
1524 3374 1584 3437 τῇ
1612 3364 1790 3418 ἐαυτοῦ
1810 3367 1894 3418 τόν
1916 3363 2020 3417 Ῥωο

447 3455 606 3522 μαίων
647 3455 915 3507 ἐπίσκοπον
950 3453 1153 3518 δόξειεν,
1188 3457 1285 3508 ἀπό
1330 3453 1419 3524 (al.
1463 3464 1603 3508 κινεῖν
1632 3455 1748 3528 δόξῃ
1770 3499 1780 3511 .
1811 3455 1874 3507 ἶν’
1899 3456 2025 3525 ἀπὸ)

447 3553 535 3599 τοῦ
563 3544 686 3599 ἰδίου
708 3547 924 3622 πλευροῦ
947 3549 1330 3623 πρεσϐυτέρους
1369 3549 1664 3602 άποστέλλοι
1692 3544 1815 3601 εἶναι
1857 3550 1905 3601 ἐν
1929 3550 2021 3606 (al.

445 3635 527 3690 ἵνα
548 3639 642 3704 ἐν),
672 3646 732 3712 τῇ
757 3641 961 3710 ἐξουσίᾳ
995 3642 1151 3693 αὐτοῦ
1179 3645 1270 3693 τοῦ
1292 3641 1601 3694 ἐπισκόπου,
1630 3636 1750 3712 ὅπερ
1779 3633 1836 3692 ἀν
1864 3639 2025 3697 καλῶς

445 3727 589 3799 ἔχειν
614 3729 865 3804 δοκιμάσῃ
894 3735 977 3784 καί
1008 3732 1176 3806 όρίση,
1212 3731 1301 3797 (al.
1331 3729 1487 3794 ἴσως,
1520 3727 1629 3802 κᾷν)
1658 3729 1764 3784 δεῖν
1792 3733 2026 3785 ἀποστα-

444 3820 586 3878 λῆναι
610 3823 729 3879 τούς
757 3825 884 3891 μετά
927 3830 1026 3876 τῶν
1063 3824 1347 3876 ἐπισκόπων
1377 3828 1689 3895 κρινοῦντας,
1722 3820 1939 3890 ἔχοντάς
1969 3841 2023 3873 τε

444 3920 534 3971 τῆς
565 3913 822 3965 αύθεντίαν
851 3915 1032 3966 τούτου
1077 3913 1199 3988 παρ’
1241 3912 1300 3968 ού
1342 3914 1731 3970 ἁπεστάλησαν⁴
1767 3918 1848 3966 καί
1880 3919 2027 3968 τοῦτο

443 4005 621 4057 Θετέον.
661 4007 714 4056 Εἰ
753 4003 803 4058 δέ
845 4007 1060 4079 ἐξαρκεῖν
1084 4010 1264 4079 νομίσῃ
1305 4009 1433 4080 πρός
1468 4013 1555 4064 τὴν
1601 4015 1689 4061 τοῦ
1732 4013 2028 4083 πράγματος

445 4096 731 4167 ἐπίγνωσιν,
763 4101 846 4150 καί
868 4099 1120 4170 ἀπόφασιν
1147 4106 1236 4151 τοῦ
1261 4099 1560 4160 ἐπισκόπου,
1597 4103 1801 4155 ποιήσει
1825 4099 1947 4168 ὅπερ
1971 4095 2028 4152 ἂν

446 4195 507 4256 τῇ
538 4187 902 4262 ἐμφρονεστάτη
922 4191 1074 4243 αὐτοῦ
1104 4190 1256 4263 βουλῇ
1282 4189 1440 4248 καλῶς
1467 4187 1606 4259 ἔχειν
1631 4187 1766 4262 δόξῃ.
1801 4189 2028 4264 Α’πεκρί-

447 4298 595 4331 ναντο
615 4278 659 4331 οί
685 4280 947 4333 ἐπίσκοποι
966 4297 977 4308 '
1009 4284 1079 4333 Τὰ
1101 4281 1347 4350 λεχθέντα
1375 4281 1570 4354 ἤρεσεν.

519 4367 571 4420 ε’.
590 4365 762 4427 Ὀσιος
789 4373 1056 4429 ἐπίσκοπος
1078 4366 1232 4423 εἶπεν·
1258 4370 1363 4423 Ἐάν
1385 4372 1556 4443 συμϐῇ
1584 4373 1630 4424 ἐν
1659 4376 1749 4442 μιᾷ
1774 4373 2026 4446 ἐπαρχίᾳ,

2127 3189 2252 3241 tulet
2283 3205 2433 3240 suum
2457 3189 2720 3256 negotium
2753 3202 2932 3241 rursus
2955 3188 3144 3249 audiri,
3165 3200 3214 3242 et
3240 3194 3304 3241 a.l
3333 3205 3483 3242 suam
3509 3190 3687 3259 suppli

2125 3281 2384 3334 Cationem
2403 3280 3067 3347 liotnanttrumepiscopnm
3082 3278 3321 3346 judicare
3348 3281 3444 3349 (ul.
3469 3277 3697 3349 movere)

2127 3373 2294 3424 visum
2324 3372 2509 3431 fuerit,
2544 3381 2597 3424 ut
2626 3387 2652 3423 a
2685 3370 2894 3440 proprio
2931 3371 3092 3423 latere
3123 3369 3464 3438 presbyteros
3494 3371 3696 3431 mittat;

2129 3475 2179 3516 et
2217 3463 2285 3516 sit
2334 3465 2382 3515 in
2424 3473 2678 3531 potestate
2728 3462 2889 3530 illSllls
2929 3462 3294 3532 quodcumque
3323 3474 3473 3514 recte
3513 3463 3699 3515 haltere

2129 3555 2446 3622 probaverit,
2468 3564 2522 3607 et
2543 3554 2583 3605 ~i
2600 3553 2890 3608 decreverit
2912 3567 3156 3619 oportere
3183 3567 3280 3606 eos
3301 3553 3462 3616 tuitti,
3483 3555 3567 3616 qui
3586 3566 3696 3605 cum

2127 3647 2388 3714 episcnpis
2418 3647 2521 3698 sint
2547 3646 2852 3714 judicaturi,
2883 3645 3134 3699 habentes
3165 3650 3538 3699 auctoritatem
3567 3649 3695 3711 ejus,

2128 3751 2288 3805 aquo
2319 3738 2461 3790 ruissi
2511 3748 2670 3799 sunt;
2717 3747 2771 3791 et
2816 3737 2913 3790 hoc
2959 3736 3258 3804 ponendum
3300 3745 3400 3788 est.
3434 3735 3489 3788 Si
3530 3746 3697 3788 autem

2129 3828 2372 3884 sufﬁcere
2406 3830 2668 3896 putaverit
2710 3830 2772 3883 ad
2816 3829 2889 3883 rei
2935 3830 3331 3899 cognitionem,
3382 3836 3436 3881 et
3473 3828 3698 3897 episcopi

2130 3923 2444 3975 sententiam
2472 3962 2486 3987 ,
2521 3922 2678 3976 faciet
2720 3922 2856 3991 quod
2892 3922 3303 3991 prudentiSsimo
3335 3923 3453 3991 ejus
3484 3923 3698 3977 Consilio

2131 4027 2273 4069 recte
2303 4015 2499 4070 habere
2523 4016 2806 4069 videbitur.
2839 4015 3246 4086 Responderunt
3275 4018 3515 4087 episcopi
3539 4035 3552 4069 :
3576 4017 3697 4084 Qua:

2132 4109 2268 4162 dicta
2300 4119 2420 4162 sunt
2452 4109 2782 4176 placuerunt.

2204 4365 2266 4418 V.
2293 4367 2446 4421 Osius
2478 4371 2756 4438 episcopos
2780 4369 2946 4425 dixit:
2978 4370 3030 4426 Si
3062 4373 3343 4441 contigerit
3371 4376 3424 4424 in
3454 4388 3558 4426 una
3589 4388 3703 4443 pro-

447 4457 496 4511 ἐν
570 4458 801 4513 πλεῖστοι
821 4462 1080 4513 ἐπίσκοποι
1106 4459 1474 4530 τυγχάνουσιν.
1500 4463 1586 4514 ἕνα
1609 4465 1877 4516 ἐπίσκοπον
1902 4465 2022 4516 ἀπο-

2133 4460 2318 4522 vincia,
2352 4461 2520 4528 inqua
2549 4471 2669 4514 sunt
2699 4463 2903 4530 plurimi
2927 4463 3182 4528 episcopi,
3207 4478 3368 4516 unum
3397 4464 3700 4531 episcopum

447 4557 630 4622 μεῖναι.
661 4552 884 4623 κάκεῖνος
908 4553 1035 4606 κατά
1059 4572 1169 4604 τινα
1191 4553 1422 4620 ἀμέλειαν
1444 4558 1511 4621 μή
1536 4553 1748 4627 βουληθῇ
1771 4555 2019 4607 συνελθεῖν

449 4643 533 4693 καί
575 4643 863 4694 συναινέσαι
891 4649 952 4715 τῇ
997 4643 1310 4696 καταστάσει
1347 4649 1445 4696 τῶν
1489 4643 1806 4700 ἐπισκόπων.
1853 4647 1916 4698 τά
1962 4643 2015 4695 δὲ

448 4730 604 4787 πλήθη
637 4733 1049 4805 συναθροισθέντα
1091 4732 1423 4806 παρακαλοῖεν
1473 4735 1721 4805 γίγνεσθαι
1749 4739 1837 4790 την
1867 4736 2021 4788 κατά-

451 4844 633 4878 στασιν
671 4831 760 4878 τοῦ
804 4825 928 4899 παρ’
951 4826 1111 4878 αὐτῶν
1138 4825 1528 4896 ἐπιζητουμένου
1570 4827 1867 4880 ἐπισκόπων
1913 4831 2023 4897 χρὴ

450 4913 688 4987 πρότερον
737 4915 915 4966 ἐκεῖνον
951 4914 1032 4965 τόν
1076 4912 1464 4985 ἐναπομείναντα
1509 4913 1782 4969 ἐπίσκοπον
1836 4917 2021 4986 ύπομι·

450 5007 758 5074 μνήσκεσθαι
783 5003 866 5058 διά
889 5007 1200 5078 γραμμάτων
1226 5013 1314 5060 τοῦ
1344 5004 1567 5080 ἐξάρχου
1596 5015 1686 5066 τῆς
1723 5005 1985 5082 ἐπαρχίας
2007 5051 2019 5071 ,

450 5095 574 5166 λέγω
615 5093 673 5152 δὴ
713 5102 800 5149 τοῦ
844 5092 1121 5150 ἐπισκόπου
1159 5105 1249 5156 τῆς
1288 5098 1669 5171 μητροπόλεως,
1698 5096 1774 5153 ὅτι
1800 5100 1929 5163 ἀξιοῖ
1959 5103 2023 5154 τά

450 5185 611 5242 πλήθη
636 5187 848 5255 ποιμένα
879 5189 1052 5247 αὐτοῖς
1075 5185 1270 5243 δοθῆναι
1287 5205 1297 5216 ’
1333 5190 1550 5260 ἡγοῦμαι
1589 5189 1751 5247 καλῶς
1778 5187 1918 5259 ἔχειν
1943 5195 2025 5244 καί

450 5284 626 5333 τοῦτον
655 5277 979 5348 ἐκδέχεσθαι,
1010 5280 1092 5332 ἶνα
1113 5283 1471 5353 παραγένηται.
1503 5285 1546 5334 εἰ
1571 5279 1623 5334 δέ
1656 5287 1722 5351 μὴ
1754 5280 1835 5335 διὰ
1860 5305 2027 5358 γραμ.

450 5371 620 5437 μάτων
644 5370 866 5432 ἀξιωθείς
901 5371 1241 5441 παραγένηται
1259 5410 1272 5431 ,
1300 5375 1368 5440 μή
1401 5391 1453 5424 τε
1484 5375 1577 5440 μὴν
1617 5371 1938 5446 ἀντιγράφω,
1967 5374 2024 5426 τό

451 5459 618 5513 ἱκανόν
652 5467 714 5534 τῇ
755 5459 994 5534 βουλήσει
1031 5468 1117 5516 τοῦ
1156 5462 1372 5520 πλήθους
1407 5467 1514 5537 χρὴ
1540 5465 1790 5535 γενέσθαι.
1834 5469 1941 5539 χρή
1970 5463 2023 5519 δέ

451 5553 533 5604 καί
560 5551 945 5621 μετακαλεῖσθαι
969 5556 1047 5606 καί
1075 5554 1194 5612 τοὺς
1223 5554 1323 5607 ἀπὸ
1351 5560 1442 5612 τῆς
1472 5553 1830 5630 πλησιοχώρου
1865 5555 2022 5631 ἐπαρ-

456 5641 578 5711 χίας
607 5639 908 5702 ἐπισκόπους
937 5645 1064 5717 πρός
1104 5649 1191 5702 τήν
1235 5644 1555 5702 κατάστασιν
1583 5652 1673 5700 τοῦ
1711 5655 1799 5706 τῆς
1836 5669 2021 5720 μητρο-

2121 4556 2401 4606 conventoi
2435 4569 2536 4606 non
2570 4553 2845 4618 interesse,
2893 4567 2940 4607 et
2977 4556 3062 4608 ille
3093 4570 3188 4623 per
3212 4555 3495 4622 quamdam
3545 4556 3701 4624 neglic

2122 4648 2355 4716 gentiam
2391 4647 2519 4698 nolit
2548 4647 2830 4700 convenire
2855 4688 2867 4708 ,
2903 4657 2953 4700 et
2983 4647 3352 4715 episeopornm
3389 4647 3700 4701 institutioni

2123 4750 2175 4790 et
2205 4737 2446 4790 ('ICCliMIi
2474 4738 2737 4800 assentiri,
2770 4749 3087 4806 congregata
3118 4749 3292 4791 autem
3322 4739 3502 4807 pOpnli
3533 4737 3703 4791 mutti-

2125 4827 2250 4880 tudo
2282 4828 2457 4889 in~tet,
2492 4837 2547 4878 ut
2576 4831 2664 4880 liat
2687 4829 2945 4880 institutio
2975 4829 3229 4895 episcopi,
3261 4829 3350 4896 qui
3376 4829 3445 4881 ait
3473 4831 3555 4881 cis
3584 4843 3700 4897 pos-

2127 4919 2336 4973 tulatur.
2369 4923 2586 4985 Oportet
2610 4921 2773 4982 illum,
2796 4921 2960 4987 prius,
2989 4922 3074 4990 qui
3108 4936 3212 4974 non
3243 4921 3471 4974 adfuerit
3503 4922 3702 4988 ριδίεοο-

2127 5025 2246 5077 pum
2272 5009 2538 5063 admoneri
2567 5026 2660 5075 per
2686 5011 2884 5064 litteras
2909 5011 3152 5065 Pritnatis
3182 5012 3700 5080 provinciu',‘ttettlpe

2127 5101 2356 5171 episrrOpi
2389 5102 2799 5170 metropolitani,
2822 5101 2959 5170 quod
2987 5111 3136 5168 rogat
3159 5104 3381 5170 populus
3399 5102 3499 5157 sibi
3535 5112 3701 5170 pasto-

2129 5207 2242 5245 rem
2294 5192 2407 5246 dari
2457 5211 2469 5246 :
2521 5200 2573 5246 et
2618 5194 2862 5247 existimo
2893 5204 3037 5247 recte
3083 5193 3278 5246 habere
3317 5193 3456 5247 hunc
3497 5207 3698 5262 quoque

2129 5286 2415 5352 expectari,
2450 5291 2505 5336 tit
2533 5283 2688 5337 adsit.
2725 5286 2776 5338 Si
2809 5296 2984 5338 autem
3016 5285 3207 5338 litteris
3232 5295 3451 5352 rogatus
3482 5300 3585 5338 non
3613 5284 3698 5337 ad-

2129 5373 2305 5437 fuerit,
2331 5390 2390 5428 ac
2422 5392 2485 5427 ne
2509 5377 2836 5444 rescripserit
2865 5376 3101 5444 quidem.
3129 5376 3305 5444 populi
3336 5375 3599 5429 Voluntati
3620 5389 3695 5427 sa-

2131 5465 2309 5518 tistiat.
2356 5467 2580 5534 Oportet
2631 5478 2804 5520 autem
2855 5481 2917 5520 ex
2964 5467 3132 5519 vicina
3179 5480 3390 5535 quoque
3438 5466 3695 5533 pmvincia

2128 5557 2328 5611 accersi
2360 5556 2638 5626 episcopos
2681 5556 2746 5610 ad
2792 5555 3182 5624 metropolitani
3232 5556 3468 5625 episeopi
3499 5555 3696 5610 institu-

2127 5649 2347 5704 tionem.
2383 5647 2495 5703 Non
2525 5647 2684 5704 licere
2710 5655 2882 5703 autem
2909 5647 3221 5717 simpliciter
3246 5647 3553 5717 episcopum
3579 5662 3694 5701 cou-
