3910 6212
155 282 312 338 1521

564 284 881 344 CANONES
919 283 1048 344 OSll
1086 285 1173 342 ET
1214 283 1311 344 SS.
1355 285 1637 344 PA'fliUM
1679 281 1792 352 QUI
1829 279 2145 340 SARDICAE
2187 276 2452 339 SYNODO
2489 281 3005 346 CONVENERUNT

3325 290 3463 348 1522

139 399 402 456 stitttere
456 403 508 456 in
578 407 756 475 aliquo
819 422 952 475 pago
1001 408 1082 462 vel
1135 422 1298 474 parva
1351 406 1513 469 urbe,
1563 407 1648 461 cui
1689 405 1767 458 vel

1876 401 2066 459 πόλεως
2095 399 2378 456 ἐπισκόπου
2398 417 2408 429 ’
2438 408 2508 472 μή
2530 401 2710 467 ἐξεῖναι
2731 402 2783 457 δὲ
2807 404 2977 464 ἁπλῶς
2998 405 3240 476 καθιστᾷν
3263 403 3465 462 ἱπίσκο·

141 506 304 544 unus
340 495 628 565 presbyter
660 496 892 560 sufticit;
947 514 1049 550 non
1101 513 1319 552 necesse
1358 505 1438 552 est
1484 499 1623 552 enim
1665 497 1768 551 illic

143 586 489 654 episcopum
520 590 791 655 constitui,
824 605 890 644 ne
920 590 1152 660 episcopi
1177 606 1368 647 nomen
1398 600 1449 643 et
1479 592 1770 644 auctoritas

145 676 562 746 vilipendatur.
604 678 709 736 Sed
738 682 1022 750 provinciw
1055 681 1145 752 (ut
1174 685 1319 753 prius
1355 680 1461 735 dixi
1489 682 1505 748 )
1535 681 1767 749 episeopi

146 766 378 823 debent
401 767 451 822 in
477 771 539 824 iis
571 771 789 828 urbibus
818 773 1096 840 episcopos
1127 773 1468 837 constituere,
1500 771 1586 825 tibi
1608 772 1766 828 etiam

150 861 321 932 prius
364 861 602 933 episc0pi
634 863 864 917 fuerunt.
897 863 950 918 Si
977 874 1151 918 autem
1195 863 1492 918 inveniatur
1519 864 1648 917 urbs
1674 862 1772 917 ali-

152 966 303 1020 qua,
336 968 461 1022 quae
500 952 632 1007 adeo
675 955 930 1025 populosa
975 954 1193 1019 evadat,
1229 963 1286 1008 ut
1322 954 1432 1021 ipsa
1461 955 1768 1022 episcopatu

151 1043 331 1114 digna
386 1044 677 1114 judicetur,
725 1045 970 1115 accipiat.
1015 1047 1094 1100 An
1138 1045 1238 1100 boc
1275 1045 1522 1100 omnibus
1565 1044 1770 1113 placet?

155 1134 596 1206 Responderunt
619 1153 806 1193 omnes
832 1155 842 1190 :
873 1137 1074 1192 Placet.

239 1393 337 1448 V'l.
388 1392 543 1449 Osius
581 1394 861 1465 epise0pus
908 1395 1042 1450 dixit
1082 1412 1094 1447 :
1139 1394 1519 1462 Importunitas
1548 1405 1725 1451 nostra
1751 1435 1765 1460 ,

163 1499 221 1546 et
254 1489 428 1543 multa
462 1490 765 1558 assiduitas,
808 1501 862 1545 et
909 1491 1117 1558 injust-.1:
1163 1505 1344 1559 preces
1373 1490 1681 1556 eiTeeerttnt,
1711 1500 1768 1544 ut

166 1597 272 1636 nos
307 1598 417 1636 non
450 1581 737 1636 habeamus
766 1593 962 1636 tantam
993 1583 1214 1652 gratiam
1254 1592 1306 1638 et
1350 1583 1645 1638 libertatem
1688 1585 1767 1637 di-

168 1675 359 1735 cendi.
396 1685 643 1744 quantam
680 1673 1004 1728 debebamus
1035 1675 1249 1729 habere.
1283 1675 1425 1728 Multi
1457 1675 1596 1730 enim
1625 1677 1764 1745 epis-

171 1766 296 1834 copi
332 1780 438 1821 non
472 1765 823 1821 intermittunt
857 1765 920 1819 ad
950 1773 1121 1820 castra
1149 1766 1424 1826 accedere.
1455 1778 1505 1821 et
1533 1768 1761 1823 maxime

1875 1785 1925 1837 τό
1954 1783 2304 1856 στρατόπεδον
2338 1789 2736 1860 παραγενόμενοι
2755 1831 2768 1853 ,
2808 1794 2891 1844 καί

175 1859 293 1913 Afri
319 1877 335 1920 ;
367 1859 478 1927 qui,
499 1859 942 1929 quemadmodum
971 1860 1315 1928 cognovimus
1342 1859 1580 1913 adilecto
1604 1859 1765 1915 fratre

176 1959 372 2004 nostro
400 1959 453 2004 ct
479 1952 791 2020 coepisc0po
815 1947 998 2015 Grato,
1025 1950 1268 2004 salutaria
1296 1949 1514 2005 consilia
1540 1966 1642 2005 non
1674 1951 1766 2006 ad-

178 2042 443 2108 mittunt,
495 2041 586 2096 sed
633 2043 699 2095 ita
751 2051 1130 2108 contemnunt,
1191 2051 1247 2096 ut
1296 2057 1429 2095 unus
1493 2045 1650 2097 homo
1713 2044 1766 2097 in

180 2143 362 2190 castra
438 2135 688 2205 plurimas
747 2145 799 2189 ct
839 2135 1106 2196 diversas,
1144 2144 1196 2188 et
1233 2151 1348 2202 quae
1396 2150 1500 2188 non
1547 2143 1766 2204 pessum

177 2228 372 2296 jnvare
411 2229 666 2283 ecclesias
693 2269 705 2289 .
749 2243 930 2298 preces
976 2227 1199 2292 afferat,
1233 2236 1284 2281 et
1331 2243 1431 2281 non
1485 2229 1558 2297 (ut
1610 2227 1769 2282 debet

183 2318 298 2372 fieri
352 2326 404 2372 et
454 2319 718 2387 convenit)
773 2319 1090 2387 pauperibus
1138 2330 1190 2371 et
1235 2317 1416 2384 laicis,
1465 2317 1549 2370 vel
1597 2317 1767 2371 viduis

185 2427 347 2481 opem
387 2418 440 2465 et
478 2412 725 2464 auxilium
758 2411 919 2472 ferat.
951 2410 1044 2466 sed
1083 2410 1368 2465 szrculares
1398 2409 1684 2481 dignitates
1714 2418 1767 2466 et

187 2504 493 2558 [Unctiones
531 2505 792 2570 aliquibus
831 2505 1086 2573 acquirat.
1134 2504 1255 2558 Ilzec
1292 2519 1419 2574 ergo
1449 2507 1768 2573 perversitas

187 2594 566 2651 detrimentum
612 2611 712 2651 non
757 2596 871 2650 sine
901 2594 1222 2649 offendicula
1248 2606 1302 2648 et
1325 2595 1768 2650 condetnnatione

190 2688 348 2742 nobis
373 2688 638 2742 conciliat.
662 2687 1072 2742 Convenientius
1092 2697 1264 2742 autem
1293 2702 1412 2742 esse
1441 2688 1762 2754 existimavi,

191 2787 250 2831 ut
279 2778 559 2848 episcopus
588 2781 658 2834 illi
691 2795 843 2833 suum
871 2779 1124 2833 auxilium
1156 2779 1417 2847 pra-beat,
1461 2780 1545 2834 cui
1574 2780 1641 2832 ab
1671 2781 1770 2834 ali-

189 2886 297 2941 quo
330 2872 411 2925 vis
440 2871 696 2937 affertur;
726 2873 809 2925 vel
849 2873 894 2926 si
920 2888 1036 2937 qua:
1066 2872 1221 2925 vidua
1268 2872 1453 2940 injuria
1484 2871 1765 2938 aftii-iator,

193 2965 274 3016 vei
307 2964 350 3017 si
378 2966 493 3034 quis
521 2963 751 3034 pupillus
795 2962 1028 3032 ptivctttr
1054 2964 1137 3029 iis,
1180 2979 1298 3032 qua:
1337 2964 1402 3016 ad
1447 2965 1618 3031 ipsum
1652 2980 1771 3033 per-

195 3057 402 3122 tinent;
448 3057 492 3110 si
540 3055 751 3126 quidem
784 3055 895 3110 inec
926 3057 1138 3109 nomina
1162 3056 1357 3126 justam
1388 3055 1619 3111 habeant
1646 3072 1770 3110 eau-

194 3163 304 3203 sam
333 3161 381 3203 et
406 3149 864 3218 supplicationem.
897 3148 948 3204 Si
977 3149 1173 3216 itaque,
1204 3150 1382 3203 dilecti
1417 3148 1628 3216 fratres,
1662 3149 1764 3204 hoc

1875 3157 1968 3235 ἔρα
2009 3165 2276 3217 καὶταῦτα
2306 3165 2371 3218 τά
2403 3163 2627 3233 ὀνόματα
2663 3164 2856 3222 δικαίαν

193 3241 436 3296 omnibus
465 3241 688 3305 videtur,
713 3243 927 3296 statuite
955 3243 1152 3297 nullum
1185 3255 1430 3312 oportere
1460 3246 1764 3314 episcopum

195 3335 258 3389 ad
297 3344 468 3389 castra
497 3337 769 3396 accedere.
822 3346 1011 3404 praeter
1042 3353 1133 3392 eos
1161 3352 1292 3405 quos
1325 3339 1440 3406 pius
1481 3338 1767 3406 imperator

196 3439 373 3483 noster
401 3429 508 3481 suis
540 3429 728 3484 litteris
754 3433 996 3484 accersit.
1029 3431 1129 3486 Sed
1175 3433 1296 3500 quia
1347 3447 1486 3499 saepe
1514 3434 1770 3502 contingit

197 3521 397 3587 aliquos
427 3520 514 3588 qui
551 3529 707 3590 egent
739 3518 1118 3588 misericordia,
1151 3523 1214 3576 ad
1264 3523 1554 3580 Ecclesiatn
1584 3526 1768 3579 coofu-

197 3627 338 3682 gere,
372 3613 458 3680 qui
498 3624 710 3682 propter
738 3628 830 3668 sua
861 3625 1073 3681 peccata
1100 3615 1180 3669 vel
1214 3615 1534 3685 relegatione
1554 3657 1567 3678 ,
1604 3618 1686 3672 vel
1716 3617 1765 3670 in

197 3705 420 3760 insulam
452 3704 818 3774 deportatione
847 3706 1100 3768 damnati,
1142 3709 1222 3760 Vel
1274 3710 1458 3778 quavis
1509 3709 1609 3762 alia
1647 3724 1768 3762 seu-

199 3798 354 3853 lentia
386 3799 577 3853 addicti
606 3809 726 3852 sunt
752 3817 765 3861 ;
793 3799 856 3853 iis
884 3815 984 3852 non
1016 3814 1133 3855 esse
1165 3800 1459 3868 negandum
1490 3802 1762 3867 auxilium,

197 3889 286 3944 sed
326 3890 438 3944 sine
475 3891 806 3945 cunctatione
835 3902 889 3944 ct
917 3892 1246 3947 dubitatione
1287 3893 1351 3947 iis
1397 3895 1601 3948 veniam
1645 3910 1766 3950 esse

201 3983 496 4051 petendam.
535 3982 588 4038 Si
627 3985 799 4053 itaque
845 3984 944 4039 ltoc
985 4002 1192 4055 quoque
1224 3986 1416 4055 placet,
1448 4003 1634 4042 omnes
1666 4003 1764 4043 una

200 4084 428 4128 vestrum
460 4073 764 4145 suffragium
789 4074 939 4131 ferte.
973 4075 1380 4147 Responderunt
1408 4094 1592 4135 omnes
1622 4097 1634 4133 :
1667 4079 1767 4135 De-

199 4176 442 4220 cernatur
469 4175 524 4221 et
551 4167 669 4221 boc.

267 4344 371 4398 VII.
418 4344 571 4400 Osius
613 4345 895 4414 episcopus
931 4344 1061 4400 dixit
1120 4363 1133 4400 :
1182 4346 1292 4402 Hoc
1338 4362 1547 4417 quoque
1589 4358 1763 4403 vestra

200 4443 406 4497 solertia
439 4440 658 4509 jodicet,
695 4451 745 4494 ut
779 4441 895 4511 quia
926 4442 1095 4495 visum
1136 4450 1254 4504 est,
1290 4457 1356 4496 ne
1398 4441 1588 4511 aliquis
1616 4443 1762 4510 epis-

1873 514 1967 546 πον
1998 491 2046 546 ἰν
2088 496 2226 566 κώμη
2257 498 2350 548 τινί
2381 494 2409 552 ή
2441 495 2671 569 βραχείᾳ
2721 498 2888 561 πόλει,
2922 496 3048 570 ᾗτινι
3088 503 3172 552 καὶ
3213 497 3281 559 εἷς
3312 501 3462 571 μόνος

1873 583 2225 659 πρεσϐύτερος
2275 583 2505 659 ἐπαρκεῖ.
2557 588 2645 639 οὐκ
2693 589 2966 659 ἀναγκαῖον
3007 591 3105 665 γὰρ
3151 589 3464 652 ἐπισκόπους

1873 673 2032 730 ἐκεῖσε
2071 678 2428 741 καθίστασθαι,
2458 679 2537 731 ἵνα
2563 684 2630 748 μή
2658 681 3062 744 κατευτελίζηται
3106 684 3163 736 τό
3192 689 3281 737 τοῦ
3313 682 3462 738 ἐπισσ-

1873 769 2030 823 κὸπου
2061 766 2218 839 ὄνομα
2245 775 2328 824 καὶ
2357 774 2385 827 ή
2426 772 2677 826 αὐθεντία.
2711 772 2812 825 ἀλλ’
2855 774 2900 826 οἱ
2928 781 3017 833 τῆς
3061 772 3319 848 ἐπαρχίας
3339 816 3352 838 .
3397 778 3465 837 ὡς

1873 870 2147 938 προεῖπον.
2195 861 2458 918 ἐπίσκοποι
2500 862 2550 918 ἐν
2594 863 2809 927 ταύταις
2845 875 2962 926 ταῖς
3008 867 3183 921 πόλεσι
3224 872 3466 941 καθιστᾷν

1874 950 2181 1015 ἐπισκόπους
2209 955 2484 1026 ὀφείλουσιν
2503 995 2514 1014 ,
2546 955 2652 1010 ἔνθα
2676 961 2759 1010 καὶ
2789 958 3033 1034 πρότερον
3063 956 3346 1031 ἐτύγχανον
3380 982 3463 1034 νε·-

1872 1046 2071 1116 νονότες
2093 1045 2378 1101 ἐπίσκοποι.
2405 1052 2449 1102 εἰ
2470 1047 2522 1103 δὲ
2546 1049 2827 1124 εὑρίσκοιτο
2869 1050 3028 1110 οὕτως
3051 1053 3367 1110 πληθύνουσά
3387 1077 3465 1116 τις

1873 1132 1924 1188 ἓν
1951 1136 2116 1208 πολλῷ
2147 1139 2342 1212 ἀριθμῷ
2368 1138 2489 1192 λαοῦ
2519 1141 2681 1203 πόλις,
2713 1144 2781 1202 ὡς
2805 1143 2947 1204 ἀξίαν
2974 1144 3128 1201 αὐτὴν
3153 1148 3232 1197 καί
3257 1144 3461 1202 ἐπισκο-

1873 1238 1971 1289 πῆς
2009 1233 2326 1302 νομίζεσθαι,
2379 1233 2698 1303 λαμϐανέτω.
2745 1238 2787 1288 εἰ
2831 1240 2987 1290 πᾶσιν
3017 1239 3218 1311 ἀρέσκει
3267 1247 3460 1309 rei/ro;

1871 1322 2199 1397 ἀπεκρίναντο
2221 1327 2421 1388 πάντες,
2457 1323 2698 1396 Ἀρέσκει.

1944 1439 2012 1479 ς’.
2051 1413 2225 1478 Ὀσιος
2269 1416 2545 1482 ἐπίσκοπος
2589 1416 2752 1475 εἶπεν·
2785 1421 2837 1476 Ἠ
2869 1426 3071 1499 ἀκαιρία
3117 1429 3275 1498 ήμῶν,
3306 1435 3385 1486 καί
3429 1433 3458 1490 ή

1870 1508 2024 1567 πολλή
2046 1512 2311 1580 συνέχεια,
2341 1516 2423 1566 καί
2453 1513 2504 1566 αί
2530 1510 2690 1569 ἄδικοι
2715 1517 2948 1580 ἀξιώσεις
2973 1525 3301 1579 πεποιήκασιν
3326 1526 3459 1594 ἡμᾶς

1868 1606 1935 1670 μή
1962 1604 2218 1660 τοσαύτην
2242 1602 2384 1674 ἔχειν
2431 1607 2587 1680 χάριν
2623 1612 2704 1662 καὶ
2728 1611 3039 1682 παρῤησίαν,
3066 1612 3186 1671 ὅσην
3209 1616 3460 1687 ὀφείλομεν

1867 1695 2154 1750 κεκτῆσθαι.
2185 1695 2356 1749 πολλοὶ
2381 1699 2481 1771 γὰρ
2508 1704 2606 1752 τῶν
2632 1697 2921 1756 ἐπισκόπων
2942 1705 2996 1756 οὐ
3018 1702 3359 1762 διαλείπουσιν
3386 1712 3457 1771 εἰς

2915 1792 3141 1862 μάλιστα
3168 1797 3212 1850 οἱ
3240 1794 3415 1872 ’Ἃφροι
3433 1815 3446 1828 '

1868 1875 1914 1927 οἵ
1937 1896 2085 1940 τινες,
2109 1878 2268 1937 καθὼς
2289 1875 2505 1951 ἒὴνωμεν
2528 1884 2665 1953 παρὰ
2683 1890 2771 1936 τοῦ
2796 1887 3059 1956 ἀγαπητοῦ
3083 1887 3292 1960 ἀδελφοῦ
3317 1895 3453 1962 ήμῶν

1869 1969 1951 2019 καὶ
1977 1970 2353 2023 συνεπισκόπον
2379 1972 2606 2047 Γράτου,
2648 1976 2742 2034 τὰς
2782 1978 3122 2051 σωτηριὼδεις
3161 1984 3458 2053 συμϐουλὰς

1870 2059 1925 2111 οὐ
1975 2059 2395 2134 παραδέχονται,
2447 2065 2568 2116 ἀλλά
2609 2077 3003 2142 καταφρονοῦσιν
3040 2071 3233 2135 οὕτως.
3268 2079 3333 2133 ὡς
3371 2076 3457 2130 ἕνα

1872 2148 2131 2226 ἄνθρωπον
2159 2156 2228 2213 εἰς
2254 2155 2310 2208 τό
2338 2154 2685 2230 στρατόπεδον
2703 2158 2944 2219 πλείστας
2961 2163 3044 2214 καί
3068 2160 3333 2237 διαφόρους
3364 2169 3447 2220 καί

1869 2247 1938 2313 μή
1969 2240 2250 2314 δυναμένας
2291 2245 2537 2316 ὠφελῆσαι
2567 2249 2660 2308 τάς
2706 2247 3001 2313 ἐκκλησίας,
3045 2251 3238 2314 δεήσεις
3283 2254 3454 2310 διακο-

1870 2335 2056 2406 μίζειν,
2091 2341 2172 2388 καί
2211 2341 2279 2407 μή
2323 2338 2390 2396 ὡς
2431 2338 2607 2410 ὀφείλει
2647 2342 2902 2410 γίνεσθαι,
2952 2347 3033 2396 καί
3083 2347 3148 2404 ὡς
3198 2349 3454 2418 προσῆκόν

1872 2426 2001 2485 ἐστι,
2037 2436 2144 2486 τοῖς
2173 2429 2354 2486 πίνησι
2380 2433 2459 2482 καί
2487 2440 2591 2491 τοῖς
2621 2433 2824 2495 λαίκοῖε,
2850 2435 2879 2492 ἦ
2909 2444 3025 2495 ταῖς
3057 2441 3249 2512 χήραις
3277 2443 3456 2493 συναί-

1871 2519 2050 2595 ρεσθαι
2107 2522 2193 2573 καί
2243 2521 2560 2597 ἐπικουρεῖν,
2621 2523 2739 2576 ἀλλά
2787 2527 3000 2596 κοσμικὰ
3058 2529 3318 2597 ἀξιώματα
3375 2533 3461 2585 καί

1872 2611 2083 2685 πράξεις
2131 2623 2373 2688 περινοεῖν
2420 2635 2569 2669 τισιν.
2619 2617 2746 2674 αὕτη
2798 2622 2961 2674 τοίνυν
3015 2622 3042 2678 ri
3090 2626 3328 2682 σκαιότης
3369 2626 3455 2680 τόν

1871 2706 2127 2779 θραυσμόν
2158 2706 2242 2758 οὐκ
2284 2703 2402 2759 ἄνευ
2451 2706 2731 2761 σκανδάλου
2763 2711 2896 2770 τινός
2927 2713 3041 2782 ἡμῖν
3081 2717 3163 2766 καὶ
3206 2719 3462 2788 καταοίνὼ-

1872 2817 2002 2856 σεως
2031 2799 2282 2874 προξενεῖ.
2314 2797 2732 2874 πρεπωδέστερον
2773 2801 2825 2856 δὲ
2853 2799 2976 2857 εἶναι
3015 2802 3224 2876 ἐνόμισα
3255 2806 3458 2864 ἐπίσκο-

1873 2910 1965 2943 πον
2003 2898 2094 2951 τῆς
2130 2890 2312 2944 ἑαυτοῦ
2341 2891 2565 2965 βοήθειαν
2590 2896 2839 2967 παρέχειν
2867 2893 3028 2966 ἐκείνῳ
3049 2937 3061 2958 ,
3096 2894 3239 2961 ὅστις
3272 2894 3327 2952 ἂν
3357 2901 3458 2955 ὑπό

1872 3000 2003 3038 τινος
2031 2980 2287 3049 βιάζηται.
2320 2980 2349 3039 ἧ
2377 2978 2517 3041 εἴτις
2544 2990 2640 3035 τῶν
2667 2991 2843 3057 χηρῶν
2875 2984 3112 3050 ἀδικοῖτο,
3145 2987 3175 3046 ἦ
3211 2985 3277 3046 αὖ
3310 2992 3456 3046 πάλιν

1874 3069 2086 3143 ὀρφανός
2113 3091 2189 3131 τις
2226 3074 2560 3146 ἀποστεροῖτο
2605 3081 2704 3127 τῶν
2739 3077 2876 3145 αὐτῷ
2903 3079 3278 3150 προσηκόντων,
3314 3080 3454 3159 εἴπερ

2896 3166 3009 3240 ἔχει
3036 3178 3124 3230 τήν
3153 3174 3379 3236 ἀξίωσιν.
3411 3179 3457 3231 εἰ

1869 3256 2061 3317 τοίνυν,
2091 3255 2343 3325 ἀγαπητοὶ
2383 3253 2604 3327 ἀδελφοί.
2642 3263 2774 3312 πᾶσι
2800 3265 2947 3315 τοῦτο
2976 3261 3111 3316 δοκεῖ
3127 3304 3139 3322 .
3176 3263 3453 3340 ἐπικρίνατε

1867 3343 2054 3416 μηδένα
2096 3348 2369 3400 ἐπίσκοπον
2410 3357 2594 3421 χρῆναι
2637 3353 2706 3408 εἰς
2745 3352 2804 3405 τὸ
2847 3354 3192 3428 στρατόπεδον
3233 3362 3454 3433 παραγί-

1867 3440 2056 3497 νεσθαι.
2085 3442 2331 3515 παρεκτὸς
2359 3444 2552 3496 τούτων
2576 3482 2588 3503 ,
2645 3442 2729 3502 οὓς
2760 3439 2819 3498 ἀν
2845 3445 2870 3498 ό
2901 3447 3270 3510 εὐλαϐέστατος
3296 3452 3452 3521 βασι-

1866 3531 1978 3589 λεὺς
1999 3533 2138 3601 ήμῶν
2159 3539 2268 3589 τοῖς
2289 3530 2476 3585 ἑαυτοῦ
2498 3533 2766 3604 γράμμασι
2781 3538 3123 3604 μετακαλοῖτο.
3155 3541 3258 3593 ἀλλ’
3279 3539 3450 3602 ἐπειδὴ

1867 3622 2099 3680 πολλάκις
2141 3623 2411 3692 συμϐαίνει
2455 3625 2591 3683 τινάς
2637 3623 2801 3681 οἴκτου
2851 3626 3112 3699 δεομένους
3152 3642 3452 3704 καταφυγεῖν

1867 3709 1950 3766 ἐπὶ
1974 3718 2062 3771 τήν
2091 3711 2369 3772 ἐκκλησίαν.
2398 3714 2478 3770 διὰ
2500 3720 2561 3772 τὰ
2596 3718 2785 3773 ἑαυτῶν
2814 3719 3156 3796 ἁμαρτήματα
3179 3728 3247 3785 εἰς
3277 3747 3450 3798 περιο-

1867 3805 2096 3880 ρισμόνή
2123 3815 2273 3864 νῆσον
2299 3806 2772 3875 καταδικασθέντας,
2801 3812 2830 3872 ἦ
2854 3809 2920 3866 αὖ
2943 3817 3090 3869 πάλιν
3117 3817 3450 3892 οίᾳδηποτοῦν

1866 3899 2116 3970 ἀποφάσει
2179 3898 2559 3970 ἑκδεδομὲνους·
2614 3912 2717 3963 τοῖς
2797 3908 3042 3967 τοιούτοις
3091 3915 3158 3979 μή
3208 3914 3446 3985 ἀρνητίαν

1867 3985 1990 4045 εἶναι
2015 3997 2102 4049 τήν
2129 3992 2379 4063 βοήθειαν,
2408 3993 2529 4047 ἀλλά
2564 3997 2730 4070 χωρὶς
2756 3997 3040 4068 μελλησμοῦ
3078 4003 3158 4053 καὶ
3194 3997 3312 4055 ἄνευ
3355 4010 3446 4058 τοῦ

1867 4080 2106 4137 διστάσαι
2131 4093 2237 4144 τοῖς
2263 4088 2514 4146 τοιούτοις
2541 4087 2784 4142 αἰτεῖσθαι
2811 4093 3150 4165 συγχώρησιν
3171 4131 3185 4154 ,
3216 4097 3259 4146 εἰ
3282 4093 3448 4148 rat'wv

1867 4177 2112 4229 καὶτοῦτο
2142 4177 2346 4248 ἀρέσκει
2366 4216 2380 4239 ,
2425 4177 2688 4251 σύμψηφοι
2724 4178 2918 4250 γίνεσθε
2963 4180 3200 4242 ἅπαντες.
3231 4184 3448 4257 ἀπεκρί-

1867 4288 2013 4321 ναντο
2036 4266 2256 4328 ἅπαντες
2278 4284 2289 4295 ·
2325 4267 2565 4341 όριζίσθω
2587 4274 2668 4323 καί
2685 4277 2854 4324 τοῦτο.

1936 4359 1996 4420 ζ.
2025 4369 2176 4419 Οσιος
2204 4359 2476 4428 ἐπίσκοπος
2506 4356 2613 4415 εἶπε
2636 4379 2645 4392 ⁸
2670 4365 2763 4416 Καὶ
2803 4371 2956 4418 τοῦτο
2985 4367 3012 4422 ἡ
3043 4365 3283 4436 ἀγχίνοια
3305 4367 3445 4448 ῥμῶν

1866 4453 2097 4526 κρινάτω.
2128 4452 2189 4505 ἶν’
2218 4451 2388 4511 ἐπειδή
2432 4450 2592 4516 ἔδοξε.
2629 4454 2711 4509 διὰ
2755 4457 2811 4510 τὸ
2837 4463 2905 4528 μή
2935 4460 3136 4512 πίπτειν
3164 4461 3264 4515 ὑπὸ
3292 4462 3444 4516 κατά-

198 4549 355 4602 copus
384 4533 434 4585 itt
465 4535 957 4588 condemnattonem
988 4532 1183 4588 incidat
1213 4532 1276 4588 ad
1307 4543 1478 4588 castra
1509 4535 1760 4599 veniens,

1875 4547 2054 4616 γνωσίν
2084 4567 2194 4600 τινα
2216 4554 2314 4600 τῶν
2342 4547 2630 4601 ἐπισκόπων
2657 4550 3001 4620 ἀφικνούμενον
3029 4555 3097 4611 είς
3135 4555 3192 4607 τό
3230 4556 3448 4630 στρατό-

200 4625 240 4677 si
271 4623 353 4691 qui
394 4640 574 4677 eorum
623 4624 921 4692 ejusmodi,
963 4641 1183 4692 quarunt
1234 4627 1477 4695 superius
1519 4627 1764 4682 memini-

201 4729 331 4778 mus,
375 4715 597 4769 habeant
644 4731 848 4784 preces,
891 4732 986 4787 pcr
1030 4717 1296 4786 proprium
1330 4719 1610 4773 diaconum
1642 4719 1762 4772 mit-

202 4818 329 4861 tant.
355 4807 570 4861 Ministri
595 4809 737 4863 enim
770 4823 994 4875 persona
1025 4826 1128 4864 non
1152 4823 1230 4865 est
1264 4812 1541 4875 invidiosa,
1575 4824 1628 4865 et
1649 4829 1768 4882 qua:

203 4915 442 4955 Concessa
467 4901 676 4960 fuerint.
717 4903 871 4956 citius
903 4903 1122 4970 perferri
1154 4915 1419 4973 poterunt.
1455 4905 1765 4975 Responde-

206 5005 318 5047 rtzttt
353 5009 533 5046 omnes
564 5011 574 5044 :
605 4995 884 5048 sauciatur
911 5007 963 5051 et
994 4997 1111 5052 hoc.

272 5083 400 5137 V'lll.
417 5085 862 5154 Osinscpiswpus
883 5089 1046 5142 dixit:
1077 5091 1184 5145 lloc
1207 5109 1418 5162 quoque
1432 5108 1766 5164 consequens

206 5192 315 5231 esse
341 5177 602 5238 existimo.
633 5181 757 5234 utsi
785 5180 836 5234 in
867 5199 1198 5253 quacumque
1229 5188 1494 5252 provincia
1528 5187 1765 5258 episcopi

206 5268 266 5321 ad
306 5267 514 5322 fratrem
544 5281 598 5322 et
625 5272 998 5341 coepiscopum
1030 5288 1179 5328 suum
1213 5279 1423 5330 mittant
1464 5293 1683 5346 preces,
1721 5276 1766 5331 is

209 5359 288 5428 qui
314 5369 389 5413 est
420 5361 471 5414 in
501 5362 684 5430 majori
712 5365 945 5431 civitate,
975 5366 1077 5421 ltoc
1105 5379 1189 5422 est
1217 5370 1266 5423 in
1305 5372 1586 5438 metropoli
1606 5411 1620 5432 ,
1661 5372 1772 5438 ipse

211 5452 494 5507 ministrum
535 5468 685 5507 suum
729 5467 782 5510 et
821 5472 1005 5526 preces
1035 5460 1241 5525 mittat,
1280 5463 1522 5529 praebens
1551 5463 1598 5516 ei
1630 5477 1778 5516 com-

213 5544 532 5600 mendatitias
581 5562 791 5616 quoque
837 5549 1059 5616 litteras,
1110 5554 1349 5608 sei-ibcns
1399 5553 1643 5609 videlicet
1689 5568 1782 5621 per

218 5638 638 5706 consequentiam
671 5639 828 5693 etiam
875 5641 940 5694 ad
984 5643 1177 5699 fratres
1203 5656 1253 5698 ct
1281 5647 1632 5715 coepiscopos
1660 5660 1786 5700 nos-

212 5738 330 5794 tros,
367 5727 458 5800 qui
487 5731 688 5786 scilicet
722 5733 812 5786 illo
837 5738 1079 5803 tempore
1117 5735 1168 5790 in
1200 5737 1332 5793 locis
1361 5736 1447 5794 vel
1480 5735 1788 5793 civitatibus

733 5823 1002 5885 Damon.
1038 5825 1182 5886 νηί
1200 5873 1222 5894 .

1867 4634 2041 4699 πεδον,
2092 4635 2142 4691 εἴ
2175 4659 2308 4697 τινες
2360 4639 2520 4692 αὐτῶν
2569 4641 2808 4700 τοιαύτας
2853 4638 3021 4711 ἔχοιεν
3055 4641 3246 4706 δεήσεις
3332 4649 3447 4699 οἵων

1869 4729 2035 4782 ἐπάνω
2066 4729 2459 4800 ἐπεμνήσθημεν,
2503 4727 2586 4783 διά
2637 4729 2764 4784 ἰδίου
2803 4730 3032 4785 διακόνου
3075 4736 3443 4791 ἀποστέλλοιεν.

1868 4828 1957 4875 τοῦ
1982 4842 2035 4875 τε
2057 4823 2153 4897 γὰρ
2181 4823 2438 4898 ὑπηρέτου
2468 4823 2524 4876 τό
2558 4823 2830 4898 πρόσωπον
2857 4826 2941 4878 οὐκ
2968 4827 3216 4898 ἐπίῴονον
3241 4832 3452 4901 τυγχάο

1867 4934 1961 4976 νει,
1987 4916 2070 4966 καί
2098 4915 2163 4968 τά
2184 4915 2684 4987 παρασχεθησόμενα
2704 4917 2882 4970 θᾶττον
2907 4915 3277 4986 διακομισθῆναι
3300 4919 3450 4977 δυνή⁵

1869 5025 2028 5058 σεται.
2065 5007 2390 5078 ἀπεκρίναντο
2413 5008 2616 5064 πάντες’
2651 5008 2736 5057 Καὶ
2758 5013 2908 5060 τοῦτο
2933 5007 3190 5076 όριζέσθω.

1941 5095 1980 5152 η’
2029 5092 2205 5153 Ὀσιος
2245 5097 2511 5154 ἐπίσκοπος
2541 5090 2667 5148 εἶπε”
2702 5100 2792 5150 Καὶ
2813 5104 2960 5151 τοῦτο
2986 5099 3247 5152 ἀκόλουθον
3271 5105 3455 5171 νομίζω

1871 5184 1996 5242 εἶναι
2046 5189 2127 5240 ἵνα
2159 5187 2242 5240 ἐὰν
2271 5189 2320 5240 ἐν
2360 5186 2694 5261 οἱᾳδηποτοῦν
2740 5191 2970 5266 ἐπαρχίᾳ
3019 5194 3282 5248 ἐπίσκοποι
3326 5195 3452 5268 πρὸς

1879 5280 2082 5353 ἀδελφόν
2112 5284 2197 5334 καὶ
2226 5282 2596 5335 συνεπίσκοπον
2627 5281 2819 5337 ἑαυτῶν
2846 5286 3194 5339 ἀποστέλλοιεν
3222 5284 3414 5345 δεήσεις
3436 5326 3452 5352 ,

1881 5371 1905 5424 ό
1933 5374 1982 5424 ἐν
2011 5380 2071 5444 τῇ
2098 5375 2284 5440 μείζονι
2309 5373 2579 5442 τυγχάνων
2609 5373 2766 5427 πόλει.
2792 5376 2930 5429 τοῦτ’
2957 5373 3067 5431 ἔστι
3100 5385 3161 5450 τῇ
3200 5377 3460 5451 μητροπόε

1885 5462 1975 5524 λει,
2002 5463 2149 5520 αὐτὸς
2178 5463 2361 5515 καὶτὸν
2388 5460 2605 5516 διάκονον
2629 5466 2779 5517 αὐτοῦ
2811 5467 2895 5516 καί
2923 5468 3016 5525 τὰς
3056 5466 3250 5528 δεήσεις
3296 5469 3466 5522 circa-

1888 5553 2070 5611 τέλλοι.
2102 5554 2349 5626 παρέχων
2380 5555 2516 5624 αὐτῷ
2554 5558 2633 5606 καὶ
2679 5558 2992 5615 συστατικὰς
3023 5557 3305 5614 ἐπιστολάς.
3337 5558 3467 5629 7,06:-

1892 5668 1991 5718 φων
2023 5642 2245 5700 δηλονότι
2278 5645 2408 5698 κατά
2448 5644 2737 5698 ἀκολουθίαν
2789 5649 2875 5699 καί
2917 5647 3047 5722 πρὸς
3087 5649 3204 5705 τούς
3233 5642 3476 5715 ἀδελφοὺς

1895 5740 1980 5792 καί
2007 5735 2418 5795 συνεπισκόπους
2443 5737 2601 5805 ἡμῶν,
2634 5732 2683 5790 εἴ
2699 5755 2828 5794 τινες
2856 5736 2907 5791 ἐν
2930 5738 3095 5807 ἐκείνῳ
3129 5744 3202 5809 τῷ
3242 5741 3405 5806 καιρῷ
3433 5736 3480 5791 ἕν

3008 5827 3084 5884 142
