  <div class='ocr_page' id='page_1' title='image "/cluster/home/n/w/nwhite01/storage/ocr_20150623/8/uva.x000826528/669.png"; bbox 0 0 3910 6212; ppageno 0'>
   <div class='ocr_carea' id='block_1_1' title="bbox 429 227 571 285">
    <p class='ocr_par' dir='ltr' id='par_1_1' title="bbox 429 227 571 285">
     <span class='ocr_line' id='line_1_1' title="bbox 429 227 571 285; baseline -0.014 -1"><span class='ocrx_word' id='word_1_1' title='bbox 429 227 571 285; x_wconf 67' lang='lat'>1535</span> 
     </span>
    </p>
   </div>
   <div class='ocr_carea' id='block_1_2' title="bbox 1495 213 2625 281">
    <p class='ocr_par' dir='ltr' id='par_1_2' title="bbox 1495 213 2625 281">
     <span class='ocr_line' id='line_1_2' title="bbox 1495 213 2625 281; baseline -0.007 0"><span class='ocrx_word' id='word_1_2' title='bbox 1495 221 1691 281; x_wconf 86' lang='lat' dir='ltr'>OSlUS</span> <span class='ocrx_word' id='word_1_3' title='bbox 1731 214 2108 281; x_wconf 79' lang='lat' dir='ltr'>EPISCOPUS</span> <span class='ocrx_word' id='word_1_4' title='bbox 2145 213 2625 277; x_wconf 77' lang='lat' dir='ltr'>CORDUBENSIS.</span> 
     </span>
    </p>
   </div>
   <div class='ocr_carea' id='block_1_3' title="bbox 3553 213 3686 271">
    <p class='ocr_par' dir='ltr' id='par_1_3' title="bbox 3553 213 3686 271">
     <span class='ocr_line' id='line_1_3' title="bbox 3553 213 3686 271; baseline 0.015 -2"><span class='ocrx_word' id='word_1_5' title='bbox 3553 213 3686 271; x_wconf 58' lang='lat'>153‘</span> 
     </span>
    </p>
   </div>
   <div class='ocr_carea' id='block_1_4' title="bbox 424 325 2031 408">
    <p class='ocr_par' dir='ltr' id='par_1_4' title="bbox 424 327 2031 408">
     <span class='ocr_line' id='line_1_4' title="bbox 424 327 2031 408; baseline -0.002 -14"><span class='ocrx_word' id='word_1_6' title='bbox 424 341 600 398; x_wconf 76' lang='grc' dir='ltr'>τόποις</span> <span class='ocrx_word' id='word_1_7' title='bbox 623 334 655 396; x_wconf 77' lang='grc' dir='ltr'><strong>ἦ</strong></span> <span class='ocrx_word' id='word_1_8' title='bbox 677 333 723 390; x_wconf 83' lang='grc' dir='ltr'>ἓν</span> <span class='ocrx_word' id='word_1_9' title='bbox 738 338 856 396; x_wconf 80' lang='grc' dir='ltr'>ταῖς</span> <span class='ocrx_word' id='word_1_10' title='bbox 885 332 1062 392; x_wconf 81' lang='grc' dir='ltr'>πόλεσι</span> <span class='ocrx_word' id='word_1_11' title='bbox 1096 327 1333 408; x_wconf 75' lang='grc' dir='ltr'>διάγοιεν,</span> <span class='ocrx_word' id='word_1_12' title='bbox 1375 333 1428 388; x_wconf 83' lang='grc' dir='ltr'>έν</span> <span class='ocrx_word' id='word_1_13' title='bbox 1476 331 1557 398; x_wconf 81' lang='grc' dir='ltr'>αἷς</span> <span class='ocrx_word' id='word_1_14' title='bbox 1582 333 1608 390; x_wconf 84' lang='grc' dir='ltr'><strong>ὃ</strong></span> <span class='ocrx_word' id='word_1_15' title='bbox 1636 337 2001 396; x_wconf 71' lang='grc' dir='ltr'>εὐσεϐέστατος</span> <span class='ocrx_word' id='word_1_16' title='bbox 2029 390 2031 394; x_wconf 19' lang='grc' dir='ltr'><em>Α</em></span> 
     </span>
    </p>
   </div>
   <div class='ocr_carea' id='block_1_5' title="bbox 2136 325 3690 408">
    <p class='ocr_par' dir='ltr' id='par_1_5' title="bbox 2139 325 3690 402">
     <span class='ocr_line' id='line_1_5' title="bbox 2139 325 3690 402; baseline -0.003 -17"><span class='ocrx_word' id='word_1_17' title='bbox 2139 339 2295 402; x_wconf 79' lang='lat' dir='ltr'><strong>gaut,</strong></span> <span class='ocrx_word' id='word_1_18' title='bbox 2337 333 2390 384; x_wconf 85' lang='lat' dir='ltr'>in</span> <span class='ocrx_word' id='word_1_19' title='bbox 2431 332 2623 401; x_wconf 83' lang='lat' dir='ltr'>quibus</span> <span class='ocrx_word' id='word_1_20' title='bbox 2662 328 2930 400; x_wconf 78' lang='lat' dir='ltr'>piissimus</span> <span class='ocrx_word' id='word_1_21' title='bbox 2966 327 3261 401; x_wconf 79' lang='lat' dir='ltr'><strong>imperator</strong></span> <span class='ocrx_word' id='word_1_22' title='bbox 3299 325 3690 399; x_wconf 74' lang='lat' dir='ltr'>rempublicam</span> 
     </span>
    </p>
   </div>
   <div class='ocr_carea' id='block_1_6' title="bbox 431 425 2004 505">
    <p class='ocr_par' dir='ltr' id='par_1_6' title="bbox 431 425 2004 505">
     <span class='ocr_line' id='line_1_6' title="bbox 431 425 2004 505; baseline -0.003 -18"><span class='ocrx_word' id='word_1_23' title='bbox 431 431 672 504; x_wconf 77' lang='grc' dir='ltr'>βασιλεὺς</span> <span class='ocrx_word' id='word_1_24' title='bbox 700 431 766 486; x_wconf 81' lang='grc' dir='ltr'>τά</span> <span class='ocrx_word' id='word_1_25' title='bbox 792 426 1011 500; x_wconf 81' lang='grc' dir='ltr'>δημόσια</span> <span class='ocrx_word' id='word_1_26' title='bbox 1049 430 1327 505; x_wconf 84' lang='grc' dir='ltr'>πράγματα</span> <span class='ocrx_word' id='word_1_27' title='bbox 1369 425 1697 504; x_wconf 75' lang='grc' dir='ltr'>διακυϐερνᾷ.</span> <span class='ocrx_word' id='word_1_28' title='bbox 1731 431 1773 483; x_wconf 87' lang='grc' dir='ltr'>εί</span> <span class='ocrx_word' id='word_1_29' title='bbox 1803 427 1855 484; x_wconf 82' lang='grc' dir='ltr'>δέ</span> <span class='ocrx_word' id='word_1_30' title='bbox 1888 426 2004 500; x_wconf 68' lang='grc' dir='ltr'>ἔχοι</span> 
     </span>
    </p>
   </div>
   <div class='ocr_carea' id='block_1_7' title="bbox 429 521 2006 596">
    <p class='ocr_par' dir='ltr' id='par_1_7' title="bbox 429 521 2006 596">
     <span class='ocr_line' id='line_1_7' title="bbox 429 521 2006 596; baseline -0.003 -16"><span class='ocrx_word' id='word_1_31' title='bbox 429 545 507 584; x_wconf 89' lang='grc' dir='ltr'>τις</span> <span class='ocrx_word' id='word_1_32' title='bbox 528 531 627 578; x_wconf 83' lang='grc' dir='ltr'>τῶν</span> <span class='ocrx_word' id='word_1_33' title='bbox 650 521 933 579; x_wconf 71' lang='grc' dir='ltr'>ἐπισκόπων</span> <span class='ocrx_word' id='word_1_34' title='bbox 974 521 1144 591; x_wconf 57' lang='lat' dir='ltr'><strong>eam»:</strong></span> <span class='ocrx_word' id='word_1_35' title='bbox 1181 523 1227 574; x_wconf 87' lang='grc' dir='ltr'>ἐν</span> <span class='ocrx_word' id='word_1_36' title='bbox 1261 529 1322 596; x_wconf 76' lang='grc' dir='ltr'>τῇ</span> <span class='ocrx_word' id='word_1_37' title='bbox 1351 522 1472 596; x_wconf 79' lang='grc' dir='ltr'>αύλῇ</span> <span class='ocrx_word' id='word_1_38' title='bbox 1494 527 1583 576; x_wconf 83' lang='grc' dir='ltr'>τοῦ</span> <span class='ocrx_word' id='word_1_39' title='bbox 1616 521 1884 587; x_wconf 85' lang='grc' dir='ltr'>παλατίου,</span> <span class='ocrx_word' id='word_1_40' title='bbox 1920 525 2006 577; x_wconf 81' lang='grc' dir='ltr'>καί</span> 
     </span>
    </p>
   </div>
   <div class='ocr_carea' id='block_1_8' title="bbox 429 611 2004 690">
    <p class='ocr_par' dir='ltr' id='par_1_8' title="bbox 429 611 2004 690">
     <span class='ocr_line' id='line_1_8' title="bbox 429 611 2004 690; baseline 0.001 -22"><span class='ocrx_word' id='word_1_41' title='bbox 429 613 661 688; x_wconf 85' lang='grc' dir='ltr'>βούλοιτο</span> <span class='ocrx_word' id='word_1_42' title='bbox 686 618 803 690; x_wconf 83' lang='grc' dir='ltr'>περί</span> <span class='ocrx_word' id='word_1_43' title='bbox 825 634 981 677; x_wconf 89' lang='grc' dir='ltr'>τινος,</span> <span class='ocrx_word' id='word_1_44' title='bbox 1012 611 1136 690; x_wconf 82' lang='grc' dir='ltr'>ὅπερ</span> <span class='ocrx_word' id='word_1_45' title='bbox 1175 611 1594 690; x_wconf 73' lang='grc' dir='ltr'>πρεπωδέστερον</span> <span class='ocrx_word' id='word_1_46' title='bbox 1613 611 1709 681; x_wconf 79' lang='grc' dir='ltr'>εἴη,</span> <span class='ocrx_word' id='word_1_47' title='bbox 1745 615 1957 679; x_wconf 81' lang='grc' dir='ltr'>ἀξιῶσαι</span> <span class='ocrx_word' id='word_1_48' title='bbox 1991 655 2004 680; x_wconf 95' lang='grc'>,</span> 
     </span>
    </p>
   </div>
   <div class='ocr_carea' id='block_1_9' title="bbox 431 704 2007 781">
    <p class='ocr_par' dir='ltr' id='par_1_9' title="bbox 431 704 2007 781">
     <span class='ocr_line' id='line_1_9' title="bbox 431 704 2007 781; baseline 0.001 -19"><span class='ocrx_word' id='word_1_49' title='bbox 431 715 501 781; x_wconf 77' lang='grc' dir='ltr'>μὴ</span> <span class='ocrx_word' id='word_1_50' title='bbox 525 707 762 762; x_wconf 85' lang='grc' dir='ltr'>κωλύοιτο</span> <span class='ocrx_word' id='word_1_51' title='bbox 794 704 877 762; x_wconf 82' lang='grc' dir='ltr'>διὰ</span> <span class='ocrx_word' id='word_1_52' title='bbox 905 712 998 761; x_wconf 85' lang='grc' dir='ltr'>τοῦ</span> <span class='ocrx_word' id='word_1_53' title='bbox 1019 707 1202 762; x_wconf 76' lang='grc' dir='ltr'>έαυτοῦ</span> <span class='ocrx_word' id='word_1_54' title='bbox 1231 704 1462 761; x_wconf 77' lang='grc' dir='ltr'>διακόνου</span> <span class='ocrx_word' id='word_1_55' title='bbox 1485 709 1568 760; x_wconf 84' lang='grc' dir='ltr'>καί</span> <span class='ocrx_word' id='word_1_56' title='bbox 1590 708 1805 771; x_wconf 80' lang='grc' dir='ltr'>ἀξιῶσαι</span> <span class='ocrx_word' id='word_1_57' title='bbox 1831 712 1911 763; x_wconf 78' lang='grc' dir='ltr'>καί</span> <span class='ocrx_word' id='word_1_58' title='bbox 1933 709 2007 762; x_wconf 87' lang='grc' dir='ltr'>έν·</span> 
     </span>
    </p>
   </div>
   <div class='ocr_carea' id='block_1_10' title="bbox 431 795 2010 870">
    <p class='ocr_par' dir='ltr' id='par_1_10' title="bbox 431 795 2010 870">
     <span class='ocr_line' id='line_1_10' title="bbox 431 795 2010 870; baseline 0 -16"><span class='ocrx_word' id='word_1_59' title='bbox 431 799 688 856; x_wconf 84' lang='grc' dir='ltr'>τείλασθαι</span> <span class='ocrx_word' id='word_1_60' title='bbox 707 795 925 858; x_wconf 86' lang='grc' dir='ltr'>τούτοις.</span> <span class='ocrx_word' id='word_1_61' title='bbox 956 799 1085 852; x_wconf 82' lang='grc' dir='ltr'>ὥστε</span> <span class='ocrx_word' id='word_1_62' title='bbox 1108 803 1198 856; x_wconf 75' lang='grc' dir='ltr'>τήν</span> <span class='ocrx_word' id='word_1_63' title='bbox 1235 799 1396 853; x_wconf 77' lang='grc' dir='ltr'>αὐτῶν</span> <span class='ocrx_word' id='word_1_64' title='bbox 1423 798 1656 870; x_wconf 83' lang='grc' dir='ltr'>βοήθειαν</span> <span class='ocrx_word' id='word_1_65' title='bbox 1675 799 1897 862; x_wconf 81' lang='grc' dir='ltr'>ἀξιοῦντι</span> <span class='ocrx_word' id='word_1_66' title='bbox 1918 802 1983 855; x_wconf 83' lang='grc' dir='ltr'>αύ</span> <span class='ocrx_word' id='word_1_67' title='bbox 1997 829 2010 842; x_wconf 78' lang='grc' dir='ltr'><strong><em>ο</em></strong></span> 
     </span>
    </p>
   </div>
   <div class='ocr_carea' id='block_1_11' title="bbox 432 885 2008 965">
    <p class='ocr_par' dir='ltr' id='par_1_11' title="bbox 432 885 2008 965">
     <span class='ocr_line' id='line_1_11' title="bbox 432 885 2008 965; baseline 0.001 -23"><span class='ocrx_word' id='word_1_68' title='bbox 432 896 507 962; x_wconf 86' lang='grc' dir='ltr'>τῷ</span> <span class='ocrx_word' id='word_1_69' title='bbox 546 889 793 964; x_wconf 85' lang='grc' dir='ltr'>παρέχειν</span> <span class='ocrx_word' id='word_1_70' title='bbox 856 887 901 940; x_wconf 82' lang='lat' dir='ltr'>oi</span> <span class='ocrx_word' id='word_1_71' title='bbox 956 885 1007 941; x_wconf 84' lang='grc' dir='ltr'>δέ</span> <span class='ocrx_word' id='word_1_72' title='bbox 1062 885 1342 960; x_wconf 80' lang='grc' dir='ltr'>είςῬὼμην</span> <span class='ocrx_word' id='word_1_73' title='bbox 1373 888 1764 965; x_wconf 71' lang='grc' dir='ltr'>παραγινόμενοι</span> <span class='ocrx_word' id='word_1_74' title='bbox 1789 931 1803 956; x_wconf 92' lang='grc'>,</span> <span class='ocrx_word' id='word_1_75' title='bbox 1845 891 2008 952; x_wconf 77' lang='grc' dir='ltr'>καθὼς</span> 
     </span>
    </p>
   </div>
   <div class='ocr_carea' id='block_1_12' title="bbox 435 977 2009 1056">
    <p class='ocr_par' dir='ltr' id='par_1_12' title="bbox 435 977 2009 1056">
     <span class='ocr_line' id='line_1_12' title="bbox 435 977 2009 1056; baseline 0.001 -20"><span class='ocrx_word' id='word_1_76' title='bbox 435 983 731 1056; x_wconf 77' lang='grc' dir='ltr'>προείρηκα,</span> <span class='ocrx_word' id='word_1_77' title='bbox 755 985 829 1052; x_wconf 80' lang='grc' dir='ltr'>τῷ</span> <span class='ocrx_word' id='word_1_78' title='bbox 871 981 1119 1051; x_wconf 83' lang='grc' dir='ltr'>ἀγαπητῷ</span> <span class='ocrx_word' id='word_1_79' title='bbox 1144 977 1336 1052; x_wconf 72' lang='grc' dir='ltr'>ἀδελφῷ</span> <span class='ocrx_word' id='word_1_80' title='bbox 1361 981 1498 1050; x_wconf 76' lang='grc' dir='ltr'>ἡμῶν</span> <span class='ocrx_word' id='word_1_81' title='bbox 1538 981 1621 1033; x_wconf 86' lang='grc' dir='ltr'>καί</span> <span class='ocrx_word' id='word_1_82' title='bbox 1647 983 2009 1055; x_wconf 79' lang='grc' dir='ltr'>συνεπισκόπῳ</span> 
     </span>
    </p>
   </div>
   <div class='ocr_carea' id='block_1_13' title="bbox 433 1067 2012 1150">
    <p class='ocr_par' dir='ltr' id='par_1_13' title="bbox 433 1067 2012 1150">
     <span class='ocr_line' id='line_1_13' title="bbox 433 1067 2012 1150; baseline 0.001 -23"><span class='ocrx_word' id='word_1_83' title='bbox 433 1070 619 1142; x_wconf 79' lang='grc' dir='ltr'>Ἰουλίῳ</span> <span class='ocrx_word' id='word_1_84' title='bbox 662 1072 757 1131; x_wconf 86' lang='grc' dir='ltr'>τάς</span> <span class='ocrx_word' id='word_1_85' title='bbox 786 1068 1001 1135; x_wconf 71' lang='grc' dir='ltr'>δεήσεις,</span> <span class='ocrx_word' id='word_1_86' title='bbox 1035 1069 1095 1130; x_wconf 83' lang='grc' dir='ltr'>ἃς</span> <span class='ocrx_word' id='word_1_87' title='bbox 1121 1067 1290 1141; x_wconf 66' lang='grc' dir='ltr'>ἔχοιεν</span> <span class='ocrx_word' id='word_1_88' title='bbox 1335 1068 1544 1136; x_wconf 81' lang='grc' dir='ltr'>διδόναι,</span> <span class='ocrx_word' id='word_1_89' title='bbox 1580 1073 1815 1146; x_wconf 73' lang='grc' dir='ltr'>ὀφείλοισι</span> <span class='ocrx_word' id='word_1_90' title='bbox 1851 1075 2012 1150; x_wconf 83' lang='grc' dir='ltr'>παρέ·</span> 
     </span>
    </p>
   </div>
   <div class='ocr_carea' id='block_1_14' title="bbox 437 1159 2012 1236">
    <p class='ocr_par' dir='ltr' id='par_1_14' title="bbox 437 1159 2012 1236">
     <span class='ocr_line' id='line_1_14' title="bbox 437 1159 2012 1236; baseline 0.001 -18"><span class='ocrx_word' id='word_1_91' title='bbox 437 1185 572 1236; x_wconf 89' lang='grc' dir='ltr'>χειν,</span> <span class='ocrx_word' id='word_1_92' title='bbox 602 1163 686 1218; x_wconf 79' lang='grc' dir='ltr'>⁴ίῖνοι</span> <span class='ocrx_word' id='word_1_93' title='bbox 711 1163 958 1236; x_wconf 77' lang='grc' dir='ltr'>πρότερος</span> <span class='ocrx_word' id='word_1_94' title='bbox 984 1162 1134 1221; x_wconf 73' lang='grc' dir='ltr'>αὐτὸς</span> <span class='ocrx_word' id='word_1_95' title='bbox 1161 1159 1417 1235; x_wconf 73' lang='grc' dir='ltr'>δοκιμάζῃ,</span> <span class='ocrx_word' id='word_1_96' title='bbox 1450 1165 1494 1217; x_wconf 87' lang='grc' dir='ltr'>εέ</span> <span class='ocrx_word' id='word_1_97' title='bbox 1613 1185 1743 1225; x_wconf 86' lang='grc' dir='ltr'>τινες</span> <span class='ocrx_word' id='word_1_98' title='bbox 1771 1165 1820 1230; x_wconf 77' lang='grc' dir='ltr'>ἕξ</span> <span class='ocrx_word' id='word_1_99' title='bbox 1849 1167 2012 1221; x_wconf 76' lang='grc' dir='ltr'>αὐτῶν</span> 
     </span>
    </p>
   </div>
   <div class='ocr_carea' id='block_1_15' title="bbox 437 1251 2014 1331">
    <p class='ocr_par' dir='ltr' id='par_1_15' title="bbox 437 1251 2014 1331">
     <span class='ocr_line' id='line_1_15' title="bbox 437 1251 2014 1331; baseline 0.001 -20"><span class='ocrx_word' id='word_1_100' title='bbox 437 1257 853 1326; x_wconf 68' lang='grc' dir='ltr'>ἀναωχυντοῖενο</span> <span class='ocrx_word' id='word_1_101' title='bbox 891 1256 973 1308; x_wconf 76' lang='grc' dir='ltr'>καί</span> <span class='ocrx_word' id='word_1_102' title='bbox 1001 1251 1161 1314; x_wconf 74' lang='grc' dir='ltr'>οὕτως</span> <span class='ocrx_word' id='word_1_103' title='bbox 1197 1257 1286 1312; x_wconf 75' lang='grc' dir='ltr'>την</span> <span class='ocrx_word' id='word_1_104' title='bbox 1333 1253 1518 1312; x_wconf 80' lang='grc' dir='ltr'>έαυτοῦ</span> <span class='ocrx_word' id='word_1_105' title='bbox 1570 1260 1887 1331; x_wconf 83' lang='grc' dir='ltr'>προστασίαν</span> <span class='ocrx_word' id='word_1_106' title='bbox 1929 1260 2014 1313; x_wconf 82' lang='grc' dir='ltr'>καί</span> 
     </span>
    </p>
   </div>
   <div class='ocr_carea' id='block_1_16' title="bbox 437 1343 2013 1422">
    <p class='ocr_par' dir='ltr' id='par_1_16' title="bbox 437 1343 2013 1422">
     <span class='ocr_line' id='line_1_16' title="bbox 437 1343 2013 1422; baseline 0.001 -22"><span class='ocrx_word' id='word_1_107' title='bbox 437 1344 669 1422; x_wconf 68' lang='grc' dir='ltr'>φροιτίδα</span> <span class='ocrx_word' id='word_1_108' title='bbox 693 1345 961 1420; x_wconf 88' lang='grc' dir='ltr'>παρέχων,</span> <span class='ocrx_word' id='word_1_109' title='bbox 992 1346 1063 1404; x_wconf 87' lang='grc' dir='ltr'>είς</span> <span class='ocrx_word' id='word_1_110' title='bbox 1083 1345 1142 1399; x_wconf 86' lang='grc' dir='ltr'>τὸ</span> <span class='ocrx_word' id='word_1_111' title='bbox 1165 1343 1509 1419; x_wconf 82' lang='grc' dir='ltr'>στρατόπεδον</span> <span class='ocrx_word' id='word_1_112' title='bbox 1535 1349 1721 1408; x_wconf 84' lang='grc' dir='ltr'>αύτούς</span> <span class='ocrx_word' id='word_1_113' title='bbox 1759 1350 2013 1404; x_wconf 83' lang='grc' dir='ltr'>ἀποστέλ-</span> 
     </span>
    </p>
   </div>
   <div class='ocr_carea' id='block_1_17' title="bbox 432 1434 2011 1512">
    <p class='ocr_par' dir='ltr' id='par_1_17' title="bbox 432 1434 2011 1512">
     <span class='ocr_line' id='line_1_17' title="bbox 432 1434 2011 1512; baseline 0.003 -23"><span class='ocrx_word' id='word_1_114' title='bbox 432 1435 529 1491; x_wconf 86' lang='grc' dir='ltr'>λοι.</span> <span class='ocrx_word' id='word_1_115' title='bbox 560 1434 782 1495; x_wconf 76' lang='grc' dir='ltr'>ἅπαντες</span> <span class='ocrx_word' id='word_1_116' title='bbox 814 1434 860 1488; x_wconf 79' lang='lat' dir='ltr'>oi</span> <span class='ocrx_word' id='word_1_117' title='bbox 885 1434 1147 1488; x_wconf 88' lang='grc' dir='ltr'>έπίσκοποι</span> <span class='ocrx_word' id='word_1_118' title='bbox 1171 1435 1517 1510; x_wconf 85' lang='grc' dir='ltr'>ἀπεκρίναντο,</span> <span class='ocrx_word' id='word_1_119' title='bbox 1549 1437 1778 1512; x_wconf 77' lang='grc' dir='ltr'>ἀρέσκειν</span> <span class='ocrx_word' id='word_1_120' title='bbox 1819 1439 2011 1502; x_wconf 70' lang='grc' dir='ltr'>αὐτοῖς,</span> 
     </span>
    </p>
   </div>
   <div class='ocr_carea' id='block_1_18' title="bbox 438 1521 1798 1603">
    <p class='ocr_par' dir='ltr' id='par_1_18' title="bbox 438 1521 1798 1603">
     <span class='ocr_line' id='line_1_18' title="bbox 438 1521 1798 1603; baseline 0.003 -21"><span class='ocrx_word' id='word_1_121' title='bbox 438 1530 521 1582; x_wconf 86' lang='grc' dir='ltr'>καί</span> <span class='ocrx_word' id='word_1_122' title='bbox 546 1525 888 1603; x_wconf 77' lang='grc' dir='ltr'>πρεπωδεστά</span> <span class='ocrx_word' id='word_1_123' title='bbox 907 1548 998 1584; x_wconf 89' lang='grc' dir='ltr'>την</span> <span class='ocrx_word' id='word_1_124' title='bbox 1024 1521 1148 1582; x_wconf 80' lang='grc' dir='ltr'>εἶναι</span> <span class='ocrx_word' id='word_1_125' title='bbox 1176 1533 1265 1586; x_wconf 81' lang='grc' dir='ltr'>τὴν</span> <span class='ocrx_word' id='word_1_126' title='bbox 1281 1530 1574 1600; x_wconf 76' lang='grc' dir='ltr'>συμϐουλὴν</span> <span class='ocrx_word' id='word_1_127' title='bbox 1592 1534 1798 1592; x_wconf 86' lang='grc' dir='ltr'>ταύτην.</span> 
     </span>
    </p>
   </div>
   <div class='ocr_carea' id='block_1_19' title="bbox 511 1616 2017 1699">
    <p class='ocr_par' dir='ltr' id='par_1_19' title="bbox 511 1616 2017 1699">
     <span class='ocr_line' id='line_1_19' title="bbox 511 1616 2017 1699; baseline 0.008 -27"><span class='ocrx_word' id='word_1_128' title='bbox 511 1619 571 1673; x_wconf 88' lang='grc' dir='ltr'>θ’.</span> <span class='ocrx_word' id='word_1_129' title='bbox 603 1631 754 1680; x_wconf 86' lang='grc' dir='ltr'>Οσιος</span> <span class='ocrx_word' id='word_1_130' title='bbox 801 1621 1076 1681; x_wconf 84' lang='grc' dir='ltr'>έπίσκοπος</span> <span class='ocrx_word' id='word_1_131' title='bbox 1132 1616 1260 1676; x_wconf 81' lang='grc' dir='ltr'>εἷπε·</span> <span class='ocrx_word' id='word_1_132' title='bbox 1287 1627 1372 1678; x_wconf 83' lang='grc' dir='ltr'>καί</span> <span class='ocrx_word' id='word_1_133' title='bbox 1405 1631 1556 1680; x_wconf 84' lang='grc' dir='ltr'>τοῦτο</span> <span class='ocrx_word' id='word_1_134' title='bbox 1595 1626 1866 1699; x_wconf 84' lang='grc' dir='ltr'>ἀναγκαῖον</span> <span class='ocrx_word' id='word_1_135' title='bbox 1891 1622 2017 1684; x_wconf 86' lang='grc' dir='ltr'>εἶναι</span> 
     </span>
    </p>
   </div>
   <div class='ocr_carea' id='block_1_20' title="bbox 2104 420 3692 492">
    <p class='ocr_par' dir='ltr' id='par_1_20' title="bbox 2104 420 3692 492">
     <span class='ocr_line' id='line_1_20' title="bbox 2104 420 3692 492; baseline 0.001 -19"><span class='ocrx_word' id='word_1_136' title='bbox 2104 427 2378 490; x_wconf 74' lang='lat' dir='ltr'><strong>gubernat.</strong></span> <span class='ocrx_word' id='word_1_137' title='bbox 2418 420 2472 477; x_wconf 90' lang='lat' dir='ltr'>Si</span> <span class='ocrx_word' id='word_1_138' title='bbox 2506 424 2622 492; x_wconf 73' lang='lat' dir='ltr'><strong>quis</strong></span> <span class='ocrx_word' id='word_1_139' title='bbox 2659 430 2833 475; x_wconf 88' lang='lat' dir='ltr'><strong>autem</strong></span> <span class='ocrx_word' id='word_1_140' title='bbox 2871 421 3153 491; x_wconf 88' lang='lat' dir='ltr'><strong>episc0pns</strong></span> <span class='ocrx_word' id='word_1_141' title='bbox 3187 420 3347 474; x_wconf 86' lang='lat' dir='ltr'><strong>habet</strong></span> <span class='ocrx_word' id='word_1_142' title='bbox 3390 420 3586 474; x_wconf 88' lang='lat' dir='ltr'><strong>amicos</strong></span> <span class='ocrx_word' id='word_1_143' title='bbox 3631 420 3692 474; x_wconf 87' lang='lat' dir='ltr'>in</span> 
     </span>
    </p>
   </div>
   <div class='ocr_carea' id='block_1_21' title="bbox 2105 511 3700 582">
    <p class='ocr_par' dir='ltr' id='par_1_21' title="bbox 2105 511 3700 582">
     <span class='ocr_line' id='line_1_21' title="bbox 2105 511 3700 582; baseline -0.001 -17"><span class='ocrx_word' id='word_1_144' title='bbox 2105 512 2222 566; x_wconf 89' lang='lat' dir='ltr'><strong>aula</strong></span> <span class='ocrx_word' id='word_1_145' title='bbox 2251 513 2458 582; x_wconf 86' lang='lat' dir='ltr'><strong>palatii,</strong></span> <span class='ocrx_word' id='word_1_146' title='bbox 2491 520 2547 567; x_wconf 89' lang='lat' dir='ltr'>et</span> <span class='ocrx_word' id='word_1_147' title='bbox 2569 512 2697 567; x_wconf 86' lang='lat' dir='ltr'><strong>velit.</strong></span> <span class='ocrx_word' id='word_1_148' title='bbox 2733 512 2926 582; x_wconf 87' lang='lat' dir='ltr'><strong>aliquid</strong></span> <span class='ocrx_word' id='word_1_149' title='bbox 2957 552 2971 577; x_wconf 94' lang='lat'>,</span> <span class='ocrx_word' id='word_1_150' title='bbox 3024 511 3164 582; x_wconf 86' lang='lat' dir='ltr'><strong>quod</strong></span> <span class='ocrx_word' id='word_1_151' title='bbox 3205 512 3275 566; x_wconf 89' lang='lat' dir='ltr'><strong>sit</strong></span> <span class='ocrx_word' id='word_1_152' title='bbox 3323 511 3600 566; x_wconf 87' lang='lat' dir='ltr'><strong>honestum</strong></span> <span class='ocrx_word' id='word_1_153' title='bbox 3631 518 3700 566; x_wconf 68' lang='lat' dir='ltr'><strong>et</strong></span> 
     </span>
    </p>
   </div>
   <div class='ocr_carea' id='block_1_22' title="bbox 2101 601 3704 674">
    <p class='ocr_par' dir='ltr' id='par_1_22' title="bbox 2101 601 3704 674">
     <span class='ocr_line' id='line_1_22' title="bbox 2101 601 3704 674; baseline -0.001 -16"><span class='ocrx_word' id='word_1_154' title='bbox 2101 603 2334 674; x_wconf 50' lang='lat' dir='ltr'><strong>justum,</strong></span> <span class='ocrx_word' id='word_1_155' title='bbox 2365 605 2686 674; x_wconf 88' lang='lat' dir='ltr'><strong>impetrare,</strong></span> <span class='ocrx_word' id='word_1_156' title='bbox 2720 619 2784 657; x_wconf 83' lang='lat' dir='ltr'>ne</span> <span class='ocrx_word' id='word_1_157' title='bbox 2824 603 3164 670; x_wconf 86' lang='lat' dir='ltr'><strong>prohibeatur</strong></span> <span class='ocrx_word' id='word_1_158' title='bbox 3192 618 3289 672; x_wconf 89' lang='lat' dir='ltr'>per</span> <span class='ocrx_word' id='word_1_159' title='bbox 3320 616 3478 657; x_wconf 87' lang='lat' dir='ltr'><strong>suum</strong></span> <span class='ocrx_word' id='word_1_160' title='bbox 3507 601 3704 657; x_wconf 86' lang='lat' dir='ltr'><strong>minis—</strong></span> 
     </span>
    </p>
   </div>
   <div class='ocr_carea' id='block_1_23' title="bbox 2109 693 3704 764">
    <p class='ocr_par' dir='ltr' id='par_1_23' title="bbox 2109 693 3704 764">
     <span class='ocr_line' id='line_1_23' title="bbox 2109 693 3704 764; baseline 0 -16"><span class='ocrx_word' id='word_1_161' title='bbox 2109 703 2246 748; x_wconf 89' lang='lat' dir='ltr'><strong>trum</strong></span> <span class='ocrx_word' id='word_1_162' title='bbox 2271 705 2323 749; x_wconf 87' lang='lat' dir='ltr'>et</span> <span class='ocrx_word' id='word_1_163' title='bbox 2351 709 2559 764; x_wconf 73' lang='lat' dir='ltr'><strong>rogare,</strong></span> <span class='ocrx_word' id='word_1_164' title='bbox 2587 703 2640 749; x_wconf 88' lang='lat' dir='ltr'>ct</span> <span class='ocrx_word' id='word_1_165' title='bbox 2670 693 2732 749; x_wconf 87' lang='lat' dir='ltr'>iis</span> <span class='ocrx_word' id='word_1_166' title='bbox 2760 694 3032 759; x_wconf 86' lang='lat' dir='ltr'><strong>mandare,</strong></span> <span class='ocrx_word' id='word_1_167' title='bbox 3058 704 3112 748; x_wconf 91' lang='lat' dir='ltr'>ut</span> <span class='ocrx_word' id='word_1_168' title='bbox 3143 695 3336 750; x_wconf 89' lang='lat' dir='ltr'><strong>bonum</strong></span> <span class='ocrx_word' id='word_1_169' title='bbox 3364 710 3520 750; x_wconf 89' lang='lat' dir='ltr'><strong>suum</strong></span> <span class='ocrx_word' id='word_1_170' title='bbox 3543 695 3704 749; x_wconf 75' lang='lat' dir='ltr'><strong>auxi-</strong></span> 
     </span>
    </p>
   </div>
   <div class='ocr_carea' id='block_1_24' title="bbox 2108 784 3705 856">
    <p class='ocr_par' dir='ltr' id='par_1_24' title="bbox 2108 784 3705 856">
     <span class='ocr_line' id='line_1_24' title="bbox 2108 784 3705 856; baseline 0.001 -16"><span class='ocrx_word' id='word_1_171' title='bbox 2108 785 2235 840; x_wconf 82' lang='lat' dir='ltr'><strong>lium</strong></span> <span class='ocrx_word' id='word_1_172' title='bbox 2265 786 2313 840; x_wconf 90' lang='lat' dir='ltr'>ei</span> <span class='ocrx_word' id='word_1_173' title='bbox 2344 784 2510 840; x_wconf 89' lang='lat' dir='ltr'><strong>velint</strong></span> <span class='ocrx_word' id='word_1_174' title='bbox 2539 785 2800 856; x_wconf 67' lang='lat' dir='ltr'><strong>prtebere.</strong></span> <span class='ocrx_word' id='word_1_175' title='bbox 2831 784 2930 852; x_wconf 87' lang='lat' dir='ltr'>Qui</span> <span class='ocrx_word' id='word_1_176' title='bbox 2961 795 3137 841; x_wconf 89' lang='lat' dir='ltr'><strong>autem</strong></span> <span class='ocrx_word' id='word_1_177' title='bbox 3171 787 3397 842; x_wconf 80' lang='lat' dir='ltr'><strong>Romam</strong></span> <span class='ocrx_word' id='word_1_178' title='bbox 3428 788 3705 842; x_wconf 73' lang='lat' dir='ltr'><strong>accedunt</strong></span> 
     </span>
    </p>
   </div>
   <div class='ocr_carea' id='block_1_25' title="bbox 2109 875 3702 949">
    <p class='ocr_par' dir='ltr' id='par_1_25' title="bbox 2109 875 3702 949">
     <span class='ocr_line' id='line_1_25' title="bbox 2109 875 3702 949; baseline 0.004 -21"><span class='ocrx_word' id='word_1_179' title='bbox 2109 875 2577 948; x_wconf 84' lang='lat' dir='ltr'><strong>(quemadmodum</strong></span> <span class='ocrx_word' id='word_1_180' title='bbox 2627 878 2869 947; x_wconf 85' lang='lat' dir='ltr'>superius</span> <span class='ocrx_word' id='word_1_181' title='bbox 2913 875 3112 933; x_wconf 87' lang='lat' dir='ltr'><strong>dictum</strong></span> <span class='ocrx_word' id='word_1_182' title='bbox 3157 877 3261 949; x_wconf 89' lang='lat' dir='ltr'><strong>est)</strong></span> <span class='ocrx_word' id='word_1_183' title='bbox 3305 879 3502 934; x_wconf 80' lang='lat' dir='ltr'><strong>dilecto</strong></span> <span class='ocrx_word' id='word_1_184' title='bbox 3540 879 3702 934; x_wconf 79' lang='lat' dir='ltr'><strong>fratri</strong></span> 
     </span>
    </p>
   </div>
   <div class='ocr_carea' id='block_1_26' title="bbox 2110 968 3709 1039">
    <p class='ocr_par' dir='ltr' id='par_1_26' title="bbox 2110 968 3709 1039">
     <span class='ocr_line' id='line_1_26' title="bbox 2110 968 3709 1039; baseline 0.003 -17"><span class='ocrx_word' id='word_1_185' title='bbox 2110 978 2294 1024; x_wconf 90' lang='lat' dir='ltr'><strong>nostro</strong></span> <span class='ocrx_word' id='word_1_186' title='bbox 2320 978 2374 1024; x_wconf 90' lang='lat' dir='ltr'><strong>et</strong></span> <span class='ocrx_word' id='word_1_187' title='bbox 2403 969 2720 1039; x_wconf 90' lang='lat' dir='ltr'><strong>coepiscopo</strong></span> <span class='ocrx_word' id='word_1_188' title='bbox 2745 968 2883 1024; x_wconf 88' lang='lat' dir='ltr'><strong>Julio</strong></span> <span class='ocrx_word' id='word_1_189' title='bbox 2916 985 3102 1039; x_wconf 83' lang='lat' dir='ltr'>preces</span> <span class='ocrx_word' id='word_1_190' title='bbox 3120 1011 3134 1034; x_wconf 92' lang='lat'>,</span> <span class='ocrx_word' id='word_1_191' title='bbox 3164 986 3294 1038; x_wconf 84' lang='lat' dir='ltr'><strong>quas</strong></span> <span class='ocrx_word' id='word_1_192' title='bbox 3323 970 3520 1026; x_wconf 84' lang='lat' dir='ltr'><strong>habent</strong></span> <span class='ocrx_word' id='word_1_193' title='bbox 3562 972 3709 1026; x_wconf 82' lang='lat' dir='ltr'><strong>dan-</strong></span> 
     </span>
    </p>
   </div>
   <div class='ocr_carea' id='block_1_27' title="bbox 2109 1059 3707 1131">
    <p class='ocr_par' dir='ltr' id='par_1_27' title="bbox 2109 1059 3707 1131">
     <span class='ocr_line' id='line_1_27' title="bbox 2109 1059 3707 1131; baseline 0.002 -17"><span class='ocrx_word' id='word_1_194' title='bbox 2109 1059 2229 1125; x_wconf 89' lang='lat' dir='ltr'><strong>das,</strong></span> <span class='ocrx_word' id='word_1_195' title='bbox 2256 1061 2493 1130; x_wconf 80' lang='lat' dir='ltr'><strong>praebere</strong></span> <span class='ocrx_word' id='word_1_196' title='bbox 2520 1059 2711 1115; x_wconf 84' lang='lat' dir='ltr'><strong>debent</strong></span> <span class='ocrx_word' id='word_1_197' title='bbox 2733 1103 2748 1127; x_wconf 94' lang='lat'>,</span> <span class='ocrx_word' id='word_1_198' title='bbox 2780 1071 2836 1115; x_wconf 90' lang='lat' dir='ltr'>ut</span> <span class='ocrx_word' id='word_1_199' title='bbox 2881 1060 2993 1131; x_wconf 89' lang='lat' dir='ltr'><strong>ipse</strong></span> <span class='ocrx_word' id='word_1_200' title='bbox 3019 1063 3162 1130; x_wconf 89' lang='lat' dir='ltr'><strong>prius</strong></span> <span class='ocrx_word' id='word_1_201' title='bbox 3188 1062 3493 1130; x_wconf 84' lang='lat' dir='ltr'><strong>examinet,</strong></span> <span class='ocrx_word' id='word_1_202' title='bbox 3526 1063 3574 1117; x_wconf 82' lang='lat' dir='ltr'><strong>si</strong></span> <span class='ocrx_word' id='word_1_203' title='bbox 3601 1062 3707 1117; x_wconf 81' lang='lat' dir='ltr'><strong>ali-</strong></span> 
     </span>
    </p>
   </div>
   <div class='ocr_carea' id='block_1_28' title="bbox 2110 1151 3707 1226">
    <p class='ocr_par' dir='ltr' id='par_1_28' title="bbox 2110 1151 3707 1226">
     <span class='ocr_line' id='line_1_28' title="bbox 2110 1151 3707 1226; baseline 0.004 -21"><span class='ocrx_word' id='word_1_204' title='bbox 2110 1166 2231 1223; x_wconf 69' lang='lat' dir='ltr'><strong>qua:</strong></span> <span class='ocrx_word' id='word_1_205' title='bbox 2271 1166 2453 1207; x_wconf 88' lang='lat' dir='ltr'><strong>earum</strong></span> <span class='ocrx_word' id='word_1_206' title='bbox 2486 1168 2589 1207; x_wconf 85' lang='lat' dir='ltr'>non</span> <span class='ocrx_word' id='word_1_207' title='bbox 2628 1151 2736 1206; x_wconf 88' lang='lat' dir='ltr'><strong>sint</strong></span> <span class='ocrx_word' id='word_1_208' title='bbox 2761 1152 3096 1223; x_wconf 80' lang='lat' dir='ltr'><strong>impudentes</strong></span> <span class='ocrx_word' id='word_1_209' title='bbox 3120 1194 3134 1220; x_wconf 93' lang='lat'>,</span> <span class='ocrx_word' id='word_1_210' title='bbox 3168 1163 3224 1210; x_wconf 90' lang='lat' dir='ltr'>et</span> <span class='ocrx_word' id='word_1_211' title='bbox 3247 1154 3326 1209; x_wconf 89' lang='lat' dir='ltr'>sic</span> <span class='ocrx_word' id='word_1_212' title='bbox 3353 1169 3506 1210; x_wconf 87' lang='lat' dir='ltr'><strong>suam</strong></span> <span class='ocrx_word' id='word_1_213' title='bbox 3538 1170 3707 1226; x_wconf 80' lang='lat' dir='ltr'><strong>Opem</strong></span> 
     </span>
    </p>
   </div>
   <div class='ocr_carea' id='block_1_29' title="bbox 2112 1245 3707 1320">
    <p class='ocr_par' dir='ltr' id='par_1_29' title="bbox 2112 1245 3707 1320">
     <span class='ocr_line' id='line_1_29' title="bbox 2112 1245 3707 1320; baseline 0.001 -18"><span class='ocrx_word' id='word_1_214' title='bbox 2112 1254 2166 1303; x_wconf 87' lang='lat' dir='ltr'>et</span> <span class='ocrx_word' id='word_1_215' title='bbox 2193 1261 2372 1300; x_wconf 84' lang='lat' dir='ltr'><strong>curam</strong></span> <span class='ocrx_word' id='word_1_216' title='bbox 2399 1246 2662 1316; x_wconf 63' lang='lat' dir='ltr'><strong>praebens,</strong></span> <span class='ocrx_word' id='word_1_217' title='bbox 2693 1260 2786 1300; x_wconf 92' lang='lat' dir='ltr'>eos</span> <span class='ocrx_word' id='word_1_218' title='bbox 2806 1245 2871 1300; x_wconf 89' lang='lat' dir='ltr'>ad</span> <span class='ocrx_word' id='word_1_219' title='bbox 2895 1256 3068 1302; x_wconf 82' lang='lat' dir='ltr'><strong>castra</strong></span> <span class='ocrx_word' id='word_1_220' title='bbox 3095 1247 3288 1302; x_wconf 87' lang='lat' dir='ltr'><strong>mittat.</strong></span> <span class='ocrx_word' id='word_1_221' title='bbox 3321 1247 3525 1304; x_wconf 82' lang='lat' dir='ltr'><strong>Omnes</strong></span> <span class='ocrx_word' id='word_1_222' title='bbox 3551 1249 3707 1320; x_wconf 83' lang='lat' dir='ltr'><strong>epis-</strong></span> 
     </span>
    </p>
   </div>
   <div class='ocr_carea' id='block_1_30' title="bbox 2113 1336 3708 1409">
    <p class='ocr_par' dir='ltr' id='par_1_30' title="bbox 2113 1336 3708 1409">
     <span class='ocr_line' id='line_1_30' title="bbox 2113 1336 3708 1409; baseline 0.004 -16"><span class='ocrx_word' id='word_1_223' title='bbox 2113 1336 2235 1409; x_wconf 86' lang='lat' dir='ltr'><strong>copi</strong></span> <span class='ocrx_word' id='word_1_224' title='bbox 2286 1337 2534 1394; x_wconf 80' lang='lat' dir='ltr'><strong>dixerunt</strong></span> <span class='ocrx_word' id='word_1_225' title='bbox 2597 1338 2677 1393; x_wconf 89' lang='lat' dir='ltr'>eis</span> <span class='ocrx_word' id='word_1_226' title='bbox 2733 1337 2944 1408; x_wconf 83' lang='lat' dir='ltr'><strong>placere</strong></span> <span class='ocrx_word' id='word_1_227' title='bbox 2990 1349 3045 1394; x_wconf 88' lang='lat' dir='ltr'>et</span> <span class='ocrx_word' id='word_1_228' title='bbox 3087 1353 3208 1395; x_wconf 87' lang='lat' dir='ltr'><strong>esse</strong></span> <span class='ocrx_word' id='word_1_229' title='bbox 3251 1342 3708 1399; x_wconf 78' lang='lat' dir='ltr'><strong>convenientissi-</strong></span> 
     </span>
    </p>
   </div>
   <div class='ocr_carea' id='block_1_31' title="bbox 2117 1429 2717 1486">
    <p class='ocr_par' dir='ltr' id='par_1_31' title="bbox 2117 1429 2717 1486">
     <span class='ocr_line' id='line_1_31' title="bbox 2117 1429 2717 1486; baseline 0.002 -3"><span class='ocrx_word' id='word_1_230' title='bbox 2117 1445 2260 1484; x_wconf 87' lang='lat' dir='ltr'><strong>mum</strong></span> <span class='ocrx_word' id='word_1_231' title='bbox 2288 1429 2391 1485; x_wconf 90' lang='lat' dir='ltr'>hoc</span> <span class='ocrx_word' id='word_1_232' title='bbox 2415 1429 2717 1486; x_wconf 91' lang='lat' dir='ltr'><strong>consilium.</strong></span> 
     </span>
    </p>
   </div>
   <div class='ocr_carea' id='block_1_32' title="bbox 2188 1523 3705 1600">
    <p class='ocr_par' dir='ltr' id='par_1_32' title="bbox 2188 1523 3705 1600">
     <span class='ocr_line' id='line_1_32' title="bbox 2188 1523 3705 1600; baseline 0.005 -21"><span class='ocrx_word' id='word_1_233' title='bbox 2188 1523 2450 1581; x_wconf 81' lang='lat' dir='ltr'><strong>lX.Osius</strong></span> <span class='ocrx_word' id='word_1_234' title='bbox 2463 1526 2745 1597; x_wconf 90' lang='lat' dir='ltr'><strong>episcopus</strong></span> <span class='ocrx_word' id='word_1_235' title='bbox 2765 1525 2934 1582; x_wconf 80' lang='lat' dir='ltr'>dixit:</span> <span class='ocrx_word' id='word_1_236' title='bbox 2966 1526 3077 1582; x_wconf 83' lang='lat' dir='ltr'><strong>Hoc</strong></span> <span class='ocrx_word' id='word_1_237' title='bbox 3105 1544 3315 1600; x_wconf 86' lang='lat' dir='ltr'><strong>quoque</strong></span> <span class='ocrx_word' id='word_1_238' title='bbox 3335 1532 3705 1588; x_wconf 83' lang='lat' dir='ltr'><strong>necessarium</strong></span> 
     </span>
    </p>
   </div>
   <div class='ocr_carea' id='block_1_33' title="bbox 2118 1617 3699 1691">
    <p class='ocr_par' dir='ltr' id='par_1_33' title="bbox 2118 1617 3699 1691">
     <span class='ocr_line' id='line_1_33' title="bbox 2118 1617 3699 1691; baseline 0.005 -19"><span class='ocrx_word' id='word_1_239' title='bbox 2118 1617 2386 1683; x_wconf 82' lang='lat' dir='ltr'><strong>existimo,</strong></span> <span class='ocrx_word' id='word_1_240' title='bbox 2416 1628 2468 1671; x_wconf 88' lang='grc' dir='ltr'>ιιι</span> <span class='ocrx_word' id='word_1_241' title='bbox 2491 1634 2609 1673; x_wconf 89' lang='lat' dir='ltr'>eum</span> <span class='ocrx_word' id='word_1_242' title='bbox 2638 1619 2780 1674; x_wconf 90' lang='lat' dir='ltr'><strong>omni</strong></span> <span class='ocrx_word' id='word_1_243' title='bbox 2807 1634 2932 1674; x_wconf 76' lang='lat' dir='ltr'><strong>cura</strong></span> <span class='ocrx_word' id='word_1_244' title='bbox 2958 1629 3011 1676; x_wconf 90' lang='lat' dir='ltr'><strong>et</strong></span> <span class='ocrx_word' id='word_1_245' title='bbox 3030 1621 3301 1691; x_wconf 79' lang='lat' dir='ltr'>diligentia</span> <span class='ocrx_word' id='word_1_246' title='bbox 3327 1624 3699 1689; x_wconf 79' lang='lat' dir='ltr'><strong>examinetur,</strong></span> 
     </span>
    </p>
   </div>
   <div class='ocr_carea' id='block_1_34' title="bbox 438 1708 2031 1788">
    <p class='ocr_par' dir='ltr' id='par_1_34' title="bbox 438 1710 2018 1788">
     <span class='ocr_line' id='line_1_34' title="bbox 438 1710 2018 1788; baseline 0.007 -25"><span class='ocrx_word' id='word_1_247' title='bbox 438 1714 646 1781; x_wconf 79' lang='grc' dir='ltr'>νομίζω,</span> <span class='ocrx_word' id='word_1_248' title='bbox 665 1710 742 1764; x_wconf 88' lang='grc' dir='ltr'>ίνα</span> <span class='ocrx_word' id='word_1_249' title='bbox 771 1711 901 1782; x_wconf 86' lang='grc' dir='ltr'>μετά</span> <span class='ocrx_word' id='word_1_250' title='bbox 932 1712 1103 1772; x_wconf 88' lang='grc' dir='ltr'>πάσης</span> <span class='ocrx_word' id='word_1_251' title='bbox 1133 1713 1390 1788; x_wconf 77' lang='grc' dir='ltr'>ἀκριϐείας</span> <span class='ocrx_word' id='word_1_252' title='bbox 1419 1717 1504 1769; x_wconf 84' lang='grc' dir='ltr'>καί</span> <span class='ocrx_word' id='word_1_253' title='bbox 1539 1717 1820 1787; x_wconf 77' lang='grc' dir='ltr'>ἐπιμελείας</span> <span class='ocrx_word' id='word_1_254' title='bbox 1859 1719 2018 1784; x_wconf 79' lang='grc' dir='ltr'>έξετά-</span> 
     </span>
    </p>
   </div>
   <div class='ocr_carea' id='block_1_35' title="bbox 2136 1708 3708 1788">
    <p class='ocr_par' dir='ltr' id='par_1_35' title="bbox 2136 1708 3708 1784">
     <span class='ocr_line' id='line_1_35' title="bbox 2136 1708 3708 1784; baseline 0.004 -21"><span class='ocrx_word' id='word_1_255' title='bbox 2136 1717 2180 1763; x_wconf 87' lang='grc' dir='ltr'>ιι</span> <span class='ocrx_word' id='word_1_256' title='bbox 2210 1708 2252 1762; x_wconf 91' lang='lat' dir='ltr'>si</span> <span class='ocrx_word' id='word_1_257' title='bbox 2294 1709 2411 1776; x_wconf 79' lang='lat' dir='ltr'><strong>quis</strong></span> <span class='ocrx_word' id='word_1_258' title='bbox 2437 1724 2500 1763; x_wconf 82' lang='lat' dir='ltr'><strong>ex</strong></span> <span class='ocrx_word' id='word_1_259' title='bbox 2531 1709 2645 1763; x_wconf 79' lang='lat' dir='ltr'><strong>foro</strong></span> <span class='ocrx_word' id='word_1_260' title='bbox 2677 1708 2789 1765; x_wconf 87' lang='lat' dir='ltr'><strong>sive</strong></span> <span class='ocrx_word' id='word_1_261' title='bbox 2817 1708 2986 1776; x_wconf 84' lang='lat' dir='ltr'>dives,</span> <span class='ocrx_word' id='word_1_262' title='bbox 3005 1712 3122 1765; x_wconf 89' lang='lat' dir='ltr'><strong>sive</strong></span> <span class='ocrx_word' id='word_1_263' title='bbox 3152 1710 3531 1780; x_wconf 79' lang='lat' dir='ltr'><strong>scholasticus,</strong></span> <span class='ocrx_word' id='word_1_264' title='bbox 3557 1715 3708 1784; x_wconf 84' lang='lat' dir='ltr'><strong>epis-</strong></span> 
     </span>
    </p>
   </div>
   <div class='ocr_carea' id='block_1_36' title="bbox 442 1802 2019 1877">
    <p class='ocr_par' dir='ltr' id='par_1_36' title="bbox 442 1802 2019 1877">
     <span class='ocr_line' id='line_1_36' title="bbox 442 1802 2019 1877; baseline 0.005 -21"><span class='ocrx_word' id='word_1_265' title='bbox 442 1805 596 1866; x_wconf 86' lang='grc' dir='ltr'>ζοιτο,</span> <span class='ocrx_word' id='word_1_266' title='bbox 649 1803 778 1856; x_wconf 82' lang='grc' dir='ltr'>ὥστε</span> <span class='ocrx_word' id='word_1_267' title='bbox 809 1802 891 1857; x_wconf 87' lang='grc' dir='ltr'>έάν</span> <span class='ocrx_word' id='word_1_268' title='bbox 919 1822 995 1862; x_wconf 89' lang='grc' dir='ltr'>τις</span> <span class='ocrx_word' id='word_1_269' title='bbox 1021 1803 1282 1869; x_wconf 81' lang='grc' dir='ltr'>πλούσιος,</span> <span class='ocrx_word' id='word_1_270' title='bbox 1331 1805 1360 1864; x_wconf 72' lang='grc' dir='ltr'><strong>ἦ</strong></span> <span class='ocrx_word' id='word_1_271' title='bbox 1404 1807 1749 1877; x_wconf 79' lang='grc' dir='ltr'>σχολαστικὸς</span> <span class='ocrx_word' id='word_1_272' title='bbox 1783 1809 1885 1867; x_wconf 80' lang='grc' dir='ltr'>ἀπὸ</span> <span class='ocrx_word' id='word_1_273' title='bbox 1929 1817 2019 1870; x_wconf 82' lang='grc' dir='ltr'>τῆς</span> 
     </span>
    </p>
   </div>
   <div class='ocr_carea' id='block_1_37' title="bbox 443 1893 2020 1974">
    <p class='ocr_par' dir='ltr' id='par_1_37' title="bbox 443 1893 2020 1974">
     <span class='ocr_line' id='line_1_37' title="bbox 443 1893 2020 1974; baseline 0.006 -29"><span class='ocrx_word' id='word_1_274' title='bbox 443 1893 638 1970; x_wconf 86' lang='grc' dir='ltr'>ἀγορᾶς</span> <span class='ocrx_word' id='word_1_275' title='bbox 665 1894 850 1956; x_wconf 81' lang='grc' dir='ltr'>ἀξιοῖτο</span> <span class='ocrx_word' id='word_1_276' title='bbox 873 1893 1143 1954; x_wconf 76' lang='grc' dir='ltr'>ἐπίσκοπος</span> <span class='ocrx_word' id='word_1_277' title='bbox 1162 1897 1406 1965; x_wconf 84' lang='grc' dir='ltr'>γίνεσθαι,</span> <span class='ocrx_word' id='word_1_278' title='bbox 1440 1905 1512 1962; x_wconf 75' lang='grc' dir='ltr'>μη</span> <span class='ocrx_word' id='word_1_279' title='bbox 1557 1900 1804 1974; x_wconf 81' lang='grc' dir='ltr'>προτέρου</span> <span class='ocrx_word' id='word_1_280' title='bbox 1849 1901 2020 1956; x_wconf 85' lang='grc' dir='ltr'>καθίσ-</span> 
     </span>
    </p>
   </div>
   <div class='ocr_carea' id='block_1_38' title="bbox 440 1983 2021 2065">
    <p class='ocr_par' dir='ltr' id='par_1_38' title="bbox 440 1983 2021 2065">
     <span class='ocr_line' id='line_1_38' title="bbox 440 1983 2021 2065; baseline 0.006 -28"><span class='ocrx_word' id='word_1_281' title='bbox 440 1984 645 2044; x_wconf 81' lang='grc' dir='ltr'>τασθαι,</span> <span class='ocrx_word' id='word_1_282' title='bbox 672 1985 756 2037; x_wconf 83' lang='grc' dir='ltr'>ἐὰν</span> <span class='ocrx_word' id='word_1_283' title='bbox 777 1987 844 2053; x_wconf 76' lang='grc' dir='ltr'>μή</span> <span class='ocrx_word' id='word_1_284' title='bbox 865 1984 946 2036; x_wconf 85' lang='grc' dir='ltr'>καὶ</span> <span class='ocrx_word' id='word_1_285' title='bbox 967 1983 1312 2054; x_wconf 79' lang='grc' dir='ltr'>ἀναγνώστου.</span> <span class='ocrx_word' id='word_1_286' title='bbox 1342 1986 1698 2062; x_wconf 75' lang='grc' dir='ltr'>πρεσϐυτέρου</span> <span class='ocrx_word' id='word_1_287' title='bbox 1737 1989 2021 2065; x_wconf 80' lang='grc' dir='ltr'>ὑπηρεσίαν</span> 
     </span>
    </p>
   </div>
   <div class='ocr_carea' id='block_1_39' title="bbox 445 2073 2024 2153">
    <p class='ocr_par' dir='ltr' id='par_1_39' title="bbox 445 2073 2024 2153">
     <span class='ocr_line' id='line_1_39' title="bbox 445 2073 2024 2153; baseline 0.006 -26"><span class='ocrx_word' id='word_1_288' title='bbox 445 2073 498 2128; x_wconf 84' lang='grc' dir='ltr'>έκ</span> <span class='ocrx_word' id='word_1_289' title='bbox 525 2075 721 2147; x_wconf 66' lang='grc' dir='ltr'>τελέστγ</span> <span class='ocrx_word' id='word_1_290' title='bbox 750 2075 833 2129; x_wconf 89' lang='grc' dir='ltr'>’ίνα</span> <span class='ocrx_word' id='word_1_291' title='bbox 855 2074 960 2127; x_wconf 82' lang='grc' dir='ltr'>καθ’</span> <span class='ocrx_word' id='word_1_292' title='bbox 987 2075 1196 2129; x_wconf 75' lang='grc' dir='ltr'>ἕκαστον</span> <span class='ocrx_word' id='word_1_293' title='bbox 1240 2075 1449 2147; x_wconf 83' lang='grc' dir='ltr'>βαθμὸν,</span> <span class='ocrx_word' id='word_1_294' title='bbox 1497 2077 1579 2131; x_wconf 88' lang='grc' dir='ltr'>έάν</span> <span class='ocrx_word' id='word_1_295' title='bbox 1621 2098 1718 2153; x_wconf 87' lang='grc' dir='ltr'>περ</span> <span class='ocrx_word' id='word_1_296' title='bbox 1763 2075 1899 2144; x_wconf 78' lang='grc' dir='ltr'>ἄξιος</span> <span class='ocrx_word' id='word_1_297' title='bbox 1941 2102 2024 2136; x_wconf 85' lang='grc' dir='ltr'>νο-</span> 
     </span>
    </p>
   </div>
   <div class='ocr_carea' id='block_1_40' title="bbox 445 2163 2024 2246">
    <p class='ocr_par' dir='ltr' id='par_1_40' title="bbox 445 2163 2024 2246">
     <span class='ocr_line' id='line_1_40' title="bbox 445 2163 2024 2246; baseline 0.006 -27"><span class='ocrx_word' id='word_1_298' title='bbox 445 2167 665 2239; x_wconf 85' lang='grc' dir='ltr'>μισθείη,</span> <span class='ocrx_word' id='word_1_299' title='bbox 720 2166 789 2224; x_wconf 84' lang='grc' dir='ltr'>εἰς</span> <span class='ocrx_word' id='word_1_300' title='bbox 825 2170 915 2222; x_wconf 76' lang='grc' dir='ltr'>τήν</span> <span class='ocrx_word' id='word_1_301' title='bbox 956 2163 1117 2229; x_wconf 75' lang='grc' dir='ltr'>άψίδα</span> <span class='ocrx_word' id='word_1_302' title='bbox 1159 2174 1248 2227; x_wconf 77' lang='grc' dir='ltr'>τῆς</span> <span class='ocrx_word' id='word_1_303' title='bbox 1287 2167 1561 2229; x_wconf 76' lang='grc' dir='ltr'>ἐπισκοπῆς</span> <span class='ocrx_word' id='word_1_304' title='bbox 1594 2173 1728 2226; x_wconf 82' lang='grc' dir='ltr'>κατά</span> <span class='ocrx_word' id='word_1_305' title='bbox 1765 2178 2024 2246; x_wconf 72' lang='grc' dir='ltr'>προκοπήν</span> 
     </span>
    </p>
   </div>
   <div class='ocr_carea' id='block_1_41' title="bbox 446 2254 2026 2335">
    <p class='ocr_par' dir='ltr' id='par_1_41' title="bbox 446 2254 2026 2335">
     <span class='ocr_line' id='line_1_41' title="bbox 446 2254 2026 2335; baseline 0.004 -22"><span class='ocrx_word' id='word_1_306' title='bbox 446 2256 680 2316; x_wconf 72' lang='grc' dir='ltr'>διαϐῆναι</span> <span class='ocrx_word' id='word_1_307' title='bbox 711 2254 959 2314; x_wconf 80' lang='grc' dir='ltr'>δυνηθείη.</span> <span class='ocrx_word' id='word_1_308' title='bbox 1000 2257 1098 2321; x_wconf 77' lang='grc' dir='ltr'>ἕξει</span> <span class='ocrx_word' id='word_1_309' title='bbox 1141 2255 1194 2312; x_wconf 85' lang='grc' dir='ltr'>δέ</span> <span class='ocrx_word' id='word_1_310' title='bbox 1237 2257 1452 2319; x_wconf 81' lang='grc' dir='ltr'>έκάστου</span> <span class='ocrx_word' id='word_1_311' title='bbox 1479 2262 1738 2332; x_wconf 87' lang='grc' dir='ltr'>τάγματος</span> <span class='ocrx_word' id='word_1_312' title='bbox 1778 2261 2026 2335; x_wconf 76' lang='grc' dir='ltr'>ὁβαθμός</span> 
     </span>
    </p>
   </div>
   <div class='ocr_carea' id='block_1_42' title="bbox 450 2348 2027 2426">
    <p class='ocr_par' dir='ltr' id='par_1_42' title="bbox 450 2348 2027 2426">
     <span class='ocr_line' id='line_1_42' title="bbox 450 2348 2027 2426; baseline 0.006 -22"><span class='ocrx_word' id='word_1_313' title='bbox 450 2352 536 2407; x_wconf 81' lang='grc' dir='ltr'>ούκ</span> <span class='ocrx_word' id='word_1_314' title='bbox 574 2351 852 2420; x_wconf 83' lang='grc' dir='ltr'>ἐλαχίστου</span> <span class='ocrx_word' id='word_1_315' title='bbox 877 2348 1099 2407; x_wconf 77' lang='grc' dir='ltr'>δηλονότι</span> <span class='ocrx_word' id='word_1_316' title='bbox 1131 2352 1323 2426; x_wconf 77' lang='grc' dir='ltr'>χρόνου</span> <span class='ocrx_word' id='word_1_317' title='bbox 1363 2362 1540 2425; x_wconf 76' lang='grc' dir='ltr'>μῆκος,</span> <span class='ocrx_word' id='word_1_318' title='bbox 1576 2352 1640 2409; x_wconf 80' lang='grc' dir='ltr'>δι’</span> <span class='ocrx_word' id='word_1_319' title='bbox 1672 2352 1733 2410; x_wconf 80' lang='grc' dir='ltr'>ού</span> <span class='ocrx_word' id='word_1_320' title='bbox 1777 2358 1806 2415; x_wconf 74' lang='grc' dir='ltr'><strong><em>ἡ</em></strong></span> <span class='ocrx_word' id='word_1_321' title='bbox 1855 2360 2027 2420; x_wconf 87' lang='grc' dir='ltr'>πίστις</span> 
     </span>
    </p>
   </div>
   <div class='ocr_carea' id='block_1_43' title="bbox 448 2442 2025 2523">
    <p class='ocr_par' dir='ltr' id='par_1_43' title="bbox 448 2442 2025 2523">
     <span class='ocr_line' id='line_1_43' title="bbox 448 2442 2025 2523; baseline 0.006 -29"><span class='ocrx_word' id='word_1_322' title='bbox 448 2443 627 2504; x_wconf 78' lang='grc' dir='ltr'>αὐτοῦ,</span> <span class='ocrx_word' id='word_1_323' title='bbox 653 2443 738 2494; x_wconf 85' lang='grc' dir='ltr'>καί</span> <span class='ocrx_word' id='word_1_324' title='bbox 759 2442 789 2498; x_wconf 78' lang='grc' dir='ltr'><strong><em>ἠ</em></strong></span> <span class='ocrx_word' id='word_1_325' title='bbox 818 2448 916 2495; x_wconf 84' lang='grc' dir='ltr'>τῶν</span> <span class='ocrx_word' id='word_1_326' title='bbox 941 2442 1145 2512; x_wconf 86' lang='grc' dir='ltr'>τρόπων</span> <span class='ocrx_word' id='word_1_327' title='bbox 1175 2443 1534 2518; x_wconf 76' lang='grc' dir='ltr'>καλοκάγαθία.</span> <span class='ocrx_word' id='word_1_328' title='bbox 1567 2449 1648 2500; x_wconf 78' lang='grc' dir='ltr'>καί</span> <span class='ocrx_word' id='word_1_329' title='bbox 1675 2448 1706 2504; x_wconf 78' lang='grc' dir='ltr'>ἡ</span> <span class='ocrx_word' id='word_1_330' title='bbox 1725 2449 2025 2523; x_wconf 48' lang='lat' dir='ltr'><strong>«regem,</strong></span> 
     </span>
    </p>
   </div>
   <div class='ocr_carea' id='block_1_44' title="bbox 447 2537 2030 2613">
    <p class='ocr_par' dir='ltr' id='par_1_44' title="bbox 447 2537 2030 2613">
     <span class='ocr_line' id='line_1_44' title="bbox 447 2537 2030 2613; baseline 0.005 -23"><span class='ocrx_word' id='word_1_331' title='bbox 447 2537 531 2590; x_wconf 84' lang='grc' dir='ltr'>καί</span> <span class='ocrx_word' id='word_1_332' title='bbox 571 2537 600 2592; x_wconf 78' lang='grc' dir='ltr'>ἡ</span> <span class='ocrx_word' id='word_1_333' title='bbox 644 2537 880 2591; x_wconf 87' lang='grc' dir='ltr'>έπιείκεια</span> <span class='ocrx_word' id='word_1_334' title='bbox 908 2539 1158 2613; x_wconf 79' lang='grc' dir='ltr'>γνώριμος</span> <span class='ocrx_word' id='word_1_335' title='bbox 1186 2539 1412 2611; x_wconf 85' lang='grc' dir='ltr'>γενέσθαι</span> <span class='ocrx_word' id='word_1_336' title='bbox 1445 2545 1738 2597; x_wconf 69' lang='grc' dir='ltr'>συνιίσεταυ</span> <span class='ocrx_word' id='word_1_337' title='bbox 1769 2546 1852 2597; x_wconf 74' lang='grc' dir='ltr'>καί</span> <span class='ocrx_word' id='word_1_338' title='bbox 1879 2545 2030 2604; x_wconf 79' lang='grc' dir='ltr'>αὐτὸς</span> 
     </span>
    </p>
   </div>
   <div class='ocr_carea' id='block_1_45' title="bbox 448 2620 2026 2704">
    <p class='ocr_par' dir='ltr' id='par_1_45' title="bbox 448 2620 2026 2704">
     <span class='ocr_line' id='line_1_45' title="bbox 448 2620 2026 2704; baseline 0.005 -24"><span class='ocrx_word' id='word_1_339' title='bbox 448 2620 588 2690; x_wconf 77' lang='grc' dir='ltr'>ἄξιος</span> <span class='ocrx_word' id='word_1_340' title='bbox 634 2633 725 2686; x_wconf 78' lang='grc' dir='ltr'>τῆς</span> <span class='ocrx_word' id='word_1_341' title='bbox 767 2628 901 2686; x_wconf 84' lang='grc' dir='ltr'>θείας</span> <span class='ocrx_word' id='word_1_342' title='bbox 930 2627 1229 2703; x_wconf 77' lang='grc' dir='ltr'>ἱερωσύνης,</span> <span class='ocrx_word' id='word_1_343' title='bbox 1257 2630 1508 2701; x_wconf 83' lang='grc' dir='ltr'>νομισθεὶς</span> <span class='ocrx_word' id='word_1_344' title='bbox 1536 2637 1627 2691; x_wconf 80' lang='grc' dir='ltr'>τῆς</span> <span class='ocrx_word' id='word_1_345' title='bbox 1657 2634 1900 2704; x_wconf 84' lang='grc' dir='ltr'>μεγίστης</span> <span class='ocrx_word' id='word_1_346' title='bbox 1931 2635 2026 2703; x_wconf 87' lang='lat' dir='ltr'><strong>(al.</strong></span> 
     </span>
    </p>
   </div>
   <div class='ocr_carea' id='block_1_46' title="bbox 449 2714 2029 2800">
    <p class='ocr_par' dir='ltr' id='par_1_46' title="bbox 449 2714 2029 2800">
     <span class='ocr_line' id='line_1_46' title="bbox 449 2714 2029 2800; baseline 0.008 -31"><span class='ocrx_word' id='word_1_347' title='bbox 449 2714 755 2787; x_wconf 78' lang='grc' dir='ltr'>ἀπολαύσει)</span> <span class='ocrx_word' id='word_1_348' title='bbox 779 2717 1069 2773; x_wconf 82' lang='grc' dir='ltr'>ἀπολαῦσαι</span> <span class='ocrx_word' id='word_1_349' title='bbox 1095 2728 1262 2791; x_wconf 77' lang='grc' dir='ltr'>τιμῆς.</span> <span class='ocrx_word' id='word_1_350' title='bbox 1296 2717 1413 2776; x_wconf 72' lang='grc' dir='ltr'>οὔτε</span> <span class='ocrx_word' id='word_1_351' title='bbox 1440 2723 1538 2798; x_wconf 81' lang='grc' dir='ltr'>γὰρ</span> <span class='ocrx_word' id='word_1_352' title='bbox 1571 2725 1825 2800; x_wconf 77' lang='grc' dir='ltr'>προσῆκὸν</span> <span class='ocrx_word' id='word_1_353' title='bbox 1852 2726 1986 2781; x_wconf 84' lang='grc' dir='ltr'>έστιν</span> <span class='ocrx_word' id='word_1_354' title='bbox 2014 2768 2029 2793; x_wconf 94' lang='grc'>,</span> 
     </span>
    </p>
   </div>
   <div class='ocr_carea' id='block_1_47' title="bbox 451 2803 2030 2892">
    <p class='ocr_par' dir='ltr' id='par_1_47' title="bbox 451 2803 2030 2892">
     <span class='ocr_line' id='line_1_47' title="bbox 451 2803 2030 2892; baseline 0.009 -30"><span class='ocrx_word' id='word_1_355' title='bbox 451 2803 569 2862; x_wconf 71' lang='grc' dir='ltr'>οὔτε</span> <span class='ocrx_word' id='word_1_356' title='bbox 601 2810 632 2866; x_wconf 74' lang='grc' dir='ltr'><strong>ἦ</strong></span> <span class='ocrx_word' id='word_1_357' title='bbox 662 2809 935 2879; x_wconf 73' lang='grc' dir='ltr'>ἐπιστήμη.</span> <span class='ocrx_word' id='word_1_358' title='bbox 965 2809 1078 2866; x_wconf 73' lang='grc' dir='ltr'>οὔτε</span> <span class='ocrx_word' id='word_1_359' title='bbox 1105 2814 1136 2870; x_wconf 73' lang='grc' dir='ltr'><strong>ἦ</strong></span> <span class='ocrx_word' id='word_1_360' title='bbox 1165 2813 1324 2885; x_wconf 76' lang='grc' dir='ltr'>ἀγαθή</span> <span class='ocrx_word' id='word_1_361' title='bbox 1369 2815 1658 2892; x_wconf 77' lang='grc' dir='ltr'>ἀναστροφή</span> <span class='ocrx_word' id='word_1_362' title='bbox 1688 2817 1983 2890; x_wconf 82' lang='grc' dir='ltr'>έπιδέχεται</span> <span class='ocrx_word' id='word_1_363' title='bbox 2016 2861 2030 2884; x_wconf 90' lang='grc'>,</span> 
     </span>
    </p>
   </div>
   <div class='ocr_carea' id='block_1_48' title="bbox 448 2899 2030 2981">
    <p class='ocr_par' dir='ltr' id='par_1_48' title="bbox 448 2899 2030 2981">
     <span class='ocr_line' id='line_1_48' title="bbox 448 2899 2030 2981; baseline 0.008 -28"><span class='ocrx_word' id='word_1_364' title='bbox 448 2899 715 2973; x_wconf 79' lang='grc' dir='ltr'>τολμηρῶς</span> <span class='ocrx_word' id='word_1_365' title='bbox 745 2904 827 2954; x_wconf 82' lang='grc' dir='ltr'>καί</span> <span class='ocrx_word' id='word_1_366' title='bbox 855 2899 1053 2974; x_wconf 76' lang='grc' dir='ltr'>κούφως</span> <span class='ocrx_word' id='word_1_367' title='bbox 1079 2903 1164 2957; x_wconf 84' lang='grc' dir='ltr'>έπί</span> <span class='ocrx_word' id='word_1_368' title='bbox 1183 2911 1334 2960; x_wconf 83' lang='grc' dir='ltr'>τοῦτο</span> <span class='ocrx_word' id='word_1_369' title='bbox 1361 2907 1503 2972; x_wconf 80' lang='grc' dir='ltr'>ἰέναι,</span> <span class='ocrx_word' id='word_1_370' title='bbox 1535 2909 1665 2963; x_wconf 76' lang='grc' dir='ltr'>ὥστε</span> <span class='ocrx_word' id='word_1_371' title='bbox 1688 2909 1718 2970; x_wconf 76' lang='grc' dir='ltr'><strong>ἦ</strong></span> <span class='ocrx_word' id='word_1_372' title='bbox 1739 2912 2030 2981; x_wconf 78' lang='grc' dir='ltr'>ἐπίσκοπον,</span> 
     </span>
    </p>
   </div>
   <div class='ocr_carea' id='block_1_49' title="bbox 454 2989 2032 3074">
    <p class='ocr_par' dir='ltr' id='par_1_49' title="bbox 454 2989 2032 3074">
     <span class='ocr_line' id='line_1_49' title="bbox 454 2989 2032 3074; baseline 0.013 -31"><span class='ocrx_word' id='word_1_373' title='bbox 454 2990 485 3050; x_wconf 74' lang='grc' dir='ltr'><strong>ἦ</strong></span> <span class='ocrx_word' id='word_1_374' title='bbox 514 2989 884 3066; x_wconf 80' lang='grc' dir='ltr'>πρεσϐύτερον,</span> <span class='ocrx_word' id='word_1_375' title='bbox 913 2992 943 3053; x_wconf 77' lang='grc' dir='ltr'><em>ἧ</em></span> <span class='ocrx_word' id='word_1_376' title='bbox 969 2993 1190 3050; x_wconf 85' lang='grc' dir='ltr'>διάκονον</span> <span class='ocrx_word' id='word_1_377' title='bbox 1219 3003 1515 3074; x_wconf 86' lang='grc' dir='ltr'>προχείρως</span> <span class='ocrx_word' id='word_1_378' title='bbox 1541 3003 1891 3060; x_wconf 78' lang='grc' dir='ltr'>καθίστασθαι.</span> <span class='ocrx_word' id='word_1_379' title='bbox 1916 3003 2032 3063; x_wconf 72' lang='grc' dir='ltr'>οὔτε</span> 
     </span>
    </p>
   </div>
   <div class='ocr_carea' id='block_1_50' title="bbox 2119 1799 3702 1873">
    <p class='ocr_par' dir='ltr' id='par_1_50' title="bbox 2119 1799 3702 1873">
     <span class='ocr_line' id='line_1_50' title="bbox 2119 1799 3702 1873; baseline 0.005 -19"><span class='ocrx_word' id='word_1_380' title='bbox 2119 1814 2286 1869; x_wconf 90' lang='lat' dir='ltr'><strong>copus</strong></span> <span class='ocrx_word' id='word_1_381' title='bbox 2327 1799 2438 1854; x_wconf 83' lang='lat' dir='ltr'><strong>lieri</strong></span> <span class='ocrx_word' id='word_1_382' title='bbox 2483 1799 2675 1870; x_wconf 72' lang='lat' dir='ltr'><strong>dignus</strong></span> <span class='ocrx_word' id='word_1_383' title='bbox 2711 1801 2986 1866; x_wconf 84' lang='lat' dir='ltr'><strong>habeatur,</strong></span> <span class='ocrx_word' id='word_1_384' title='bbox 3019 1818 3120 1858; x_wconf 91' lang='lat' dir='ltr'>non</span> <span class='ocrx_word' id='word_1_385' title='bbox 3151 1803 3300 1873; x_wconf 87' lang='lat' dir='ltr'><strong>prius</strong></span> <span class='ocrx_word' id='word_1_386' title='bbox 3322 1807 3702 1873; x_wconf 85' lang='lat' dir='ltr'><strong>constituatur,</strong></span> 
     </span>
    </p>
   </div>
   <div class='ocr_carea' id='block_1_51' title="bbox 2121 1891 3703 1967">
    <p class='ocr_par' dir='ltr' id='par_1_51' title="bbox 2121 1891 3703 1967">
     <span class='ocr_line' id='line_1_51' title="bbox 2121 1891 3703 1967; baseline 0.004 -21"><span class='ocrx_word' id='word_1_387' title='bbox 2121 1908 2278 1961; x_wconf 89' lang='lat' dir='ltr'><strong>quam</strong></span> <span class='ocrx_word' id='word_1_388' title='bbox 2324 1892 2537 1947; x_wconf 83' lang='lat' dir='ltr'>lectoris</span> <span class='ocrx_word' id='word_1_389' title='bbox 2573 1901 2628 1946; x_wconf 90' lang='lat' dir='ltr'>et</span> <span class='ocrx_word' id='word_1_390' title='bbox 2668 1891 2875 1947; x_wconf 88' lang='lat' dir='ltr'><strong>diaconi</strong></span> <span class='ocrx_word' id='word_1_391' title='bbox 2913 1903 2968 1948; x_wconf 91' lang='lat' dir='ltr'><strong>et</strong></span> <span class='ocrx_word' id='word_1_392' title='bbox 3004 1894 3300 1967; x_wconf 86' lang='lat' dir='ltr'><strong>presbyteri</strong></span> <span class='ocrx_word' id='word_1_393' title='bbox 3343 1896 3703 1952; x_wconf 83' lang='lat' dir='ltr'><strong>ministerium</strong></span> 
     </span>
    </p>
   </div>
   <div class='ocr_carea' id='block_1_52' title="bbox 2122 1983 3708 2056">
    <p class='ocr_par' dir='ltr' id='par_1_52' title="bbox 2122 1983 3708 2056">
     <span class='ocr_line' id='line_1_52' title="bbox 2122 1983 3708 2056; baseline 0.003 -20"><span class='ocrx_word' id='word_1_394' title='bbox 2122 1983 2385 2056; x_wconf 81' lang='lat' dir='ltr'><strong>peregerit</strong></span> <span class='ocrx_word' id='word_1_395' title='bbox 2420 2001 2433 2038; x_wconf 90' lang='lat'><strong>:</strong></span> <span class='ocrx_word' id='word_1_396' title='bbox 2469 1993 2526 2038; x_wconf 91' lang='lat' dir='ltr'><strong>ut</strong></span> <span class='ocrx_word' id='word_1_397' title='bbox 2553 1983 2604 2038; x_wconf 81' lang='lat' dir='ltr'>in</span> <span class='ocrx_word' id='word_1_398' title='bbox 2638 1999 2956 2056; x_wconf 90' lang='lat' dir='ltr'><strong>unoquoque</strong></span> <span class='ocrx_word' id='word_1_399' title='bbox 2984 1985 3148 2055; x_wconf 77' lang='lat' dir='ltr'><strong>gradu</strong></span> <span class='ocrx_word' id='word_1_400' title='bbox 3170 2027 3183 2049; x_wconf 92' lang='lat'>,</span> <span class='ocrx_word' id='word_1_401' title='bbox 3220 1989 3265 2041; x_wconf 86' lang='lat' dir='ltr'>si</span> <span class='ocrx_word' id='word_1_402' title='bbox 3295 1987 3487 2056; x_wconf 79' lang='lat' dir='ltr'><strong>dignus</strong></span> <span class='ocrx_word' id='word_1_403' title='bbox 3520 1989 3708 2044; x_wconf 69' lang='lat' dir='ltr'><strong>existi-</strong></span> 
     </span>
    </p>
   </div>
   <div class='ocr_carea' id='block_1_53' title="bbox 2122 2074 3711 2148">
    <p class='ocr_par' dir='ltr' id='par_1_53' title="bbox 2122 2074 3711 2148">
     <span class='ocr_line' id='line_1_53' title="bbox 2122 2074 3711 2148; baseline 0.002 -17"><span class='ocrx_word' id='word_1_404' title='bbox 2122 2085 2296 2131; x_wconf 87' lang='lat' dir='ltr'><strong>matus</strong></span> <span class='ocrx_word' id='word_1_405' title='bbox 2338 2074 2522 2141; x_wconf 76' lang='lat' dir='ltr'><strong>fuerit,</strong></span> <span class='ocrx_word' id='word_1_406' title='bbox 2557 2075 2620 2129; x_wconf 86' lang='lat' dir='ltr'>ad</span> <span class='ocrx_word' id='word_1_407' title='bbox 2665 2076 3002 2145; x_wconf 84' lang='lat' dir='ltr'><strong>episeopattts</strong></span> <span class='ocrx_word' id='word_1_408' title='bbox 3044 2076 3308 2146; x_wconf 73' lang='lat' dir='ltr'><strong>fastigium</strong></span> <span class='ocrx_word' id='word_1_409' title='bbox 3338 2091 3438 2147; x_wconf 88' lang='lat' dir='ltr'>per</span> <span class='ocrx_word' id='word_1_410' title='bbox 3464 2093 3711 2148; x_wconf 72' lang='lat' dir='ltr'><strong>progres-</strong></span> 
     </span>
    </p>
   </div>
   <div class='ocr_carea' id='block_1_54' title="bbox 2123 2165 3709 2239">
    <p class='ocr_par' dir='ltr' id='par_1_54' title="bbox 2123 2165 3709 2239">
     <span class='ocr_line' id='line_1_54' title="bbox 2123 2165 3709 2239; baseline 0.003 -19"><span class='ocrx_word' id='word_1_411' title='bbox 2123 2165 2327 2220; x_wconf 83' lang='lat' dir='ltr'><strong>sionem</strong></span> <span class='ocrx_word' id='word_1_412' title='bbox 2359 2166 2524 2234; x_wconf 82' lang='lat' dir='ltr'><strong>possit</strong></span> <span class='ocrx_word' id='word_1_413' title='bbox 2548 2165 2857 2221; x_wconf 82' lang='lat' dir='ltr'><strong>ascendere.</strong></span> <span class='ocrx_word' id='word_1_414' title='bbox 2893 2166 3119 2222; x_wconf 79' lang='lat' dir='ltr'><strong>[lubebit</strong></span> <span class='ocrx_word' id='word_1_415' title='bbox 3148 2178 3328 2223; x_wconf 86' lang='lat' dir='ltr'><strong>autem</strong></span> <span class='ocrx_word' id='word_1_416' title='bbox 3359 2168 3709 2239; x_wconf 77' lang='lat' dir='ltr'><strong>uniuscujus-</strong></span> 
     </span>
    </p>
   </div>
   <div class='ocr_carea' id='block_1_55' title="bbox 2124 2256 3714 2329">
    <p class='ocr_par' dir='ltr' id='par_1_55' title="bbox 2124 2256 3714 2329">
     <span class='ocr_line' id='line_1_55' title="bbox 2124 2256 3714 2329; baseline 0.004 -19"><span class='ocrx_word' id='word_1_417' title='bbox 2124 2272 2228 2328; x_wconf 89' lang='lat' dir='ltr'>que</span> <span class='ocrx_word' id='word_1_418' title='bbox 2254 2257 2455 2312; x_wconf 79' lang='lat' dir='ltr'><strong>ordinis</strong></span> <span class='ocrx_word' id='word_1_419' title='bbox 2483 2256 2677 2326; x_wconf 77' lang='lat' dir='ltr'><strong>gradus</strong></span> <span class='ocrx_word' id='word_1_420' title='bbox 2707 2273 2811 2311; x_wconf 90' lang='lat' dir='ltr'>non</span> <span class='ocrx_word' id='word_1_421' title='bbox 2845 2258 3046 2311; x_wconf 89' lang='lat' dir='ltr'><strong>minimi</strong></span> <span class='ocrx_word' id='word_1_422' title='bbox 3076 2257 3275 2312; x_wconf 81' lang='lat' dir='ltr'><strong>scilicet</strong></span> <span class='ocrx_word' id='word_1_423' title='bbox 3311 2260 3566 2329; x_wconf 85' lang='lat' dir='ltr'><strong>temporis</strong></span> <span class='ocrx_word' id='word_1_424' title='bbox 3591 2258 3714 2316; x_wconf 80' lang='lat' dir='ltr'><strong>lon-</strong></span> 
     </span>
    </p>
   </div>
   <div class='ocr_carea' id='block_1_56' title="bbox 2127 2349 3714 2422">
    <p class='ocr_par' dir='ltr' id='par_1_56' title="bbox 2127 2349 3714 2422">
     <span class='ocr_line' id='line_1_56' title="bbox 2127 2349 3714 2422; baseline 0.003 -18"><span class='ocrx_word' id='word_1_425' title='bbox 2127 2349 2417 2422; x_wconf 70' lang='lat' dir='ltr'><strong>gitudinem</strong></span> <span class='ocrx_word' id='word_1_426' title='bbox 2443 2391 2456 2416; x_wconf 95' lang='lat'>,</span> <span class='ocrx_word' id='word_1_427' title='bbox 2501 2365 2595 2418; x_wconf 89' lang='lat' dir='ltr'>per</span> <span class='ocrx_word' id='word_1_428' title='bbox 2636 2349 2774 2420; x_wconf 90' lang='lat' dir='ltr'><strong>quod</strong></span> <span class='ocrx_word' id='word_1_429' title='bbox 2803 2359 2858 2404; x_wconf 91' lang='lat' dir='ltr'><strong>et</strong></span> <span class='ocrx_word' id='word_1_430' title='bbox 2887 2349 3020 2406; x_wconf 79' lang='lat' dir='ltr'><strong>ﬁdes</strong></span> <span class='ocrx_word' id='word_1_431' title='bbox 3046 2358 3103 2404; x_wconf 88' lang='lat' dir='ltr'>et</span> <span class='ocrx_word' id='word_1_432' title='bbox 3131 2365 3337 2405; x_wconf 86' lang='lat' dir='ltr'><strong>tuorum</strong></span> <span class='ocrx_word' id='word_1_433' title='bbox 3373 2352 3627 2420; x_wconf 82' lang='lat' dir='ltr'><strong>probitas,</strong></span> <span class='ocrx_word' id='word_1_434' title='bbox 3655 2364 3714 2408; x_wconf 82' lang='lat' dir='ltr'>et</span> 
     </span>
    </p>
   </div>
   <div class='ocr_carea' id='block_1_57' title="bbox 2127 2442 3711 2514">
    <p class='ocr_par' dir='ltr' id='par_1_57' title="bbox 2127 2442 3711 2514">
     <span class='ocr_line' id='line_1_57' title="bbox 2127 2442 3711 2514; baseline 0.001 -15"><span class='ocrx_word' id='word_1_435' title='bbox 2127 2443 2451 2506; x_wconf 82' lang='lat' dir='ltr'><strong>constantia,</strong></span> <span class='ocrx_word' id='word_1_436' title='bbox 2480 2452 2534 2498; x_wconf 92' lang='lat' dir='ltr'><strong>et</strong></span> <span class='ocrx_word' id='word_1_437' title='bbox 2560 2442 2853 2498; x_wconf 83' lang='lat' dir='ltr'><strong>moderatio</strong></span> <span class='ocrx_word' id='word_1_438' title='bbox 2883 2443 3046 2512; x_wconf 71' lang='lat' dir='ltr'><strong>ltOssil.</strong></span> <span class='ocrx_word' id='word_1_439' title='bbox 3073 2445 3320 2513; x_wconf 80' lang='lat' dir='ltr'><strong>cognosci</strong></span> <span class='ocrx_word' id='word_1_440' title='bbox 3357 2461 3371 2498; x_wconf 88' lang='lat'><strong>:</strong></span> <span class='ocrx_word' id='word_1_441' title='bbox 3403 2455 3458 2500; x_wconf 93' lang='lat' dir='ltr'><strong>et</strong></span> <span class='ocrx_word' id='word_1_442' title='bbox 3488 2446 3598 2514; x_wconf 84' lang='lat' dir='ltr'><strong>ipse</strong></span> <span class='ocrx_word' id='word_1_443' title='bbox 3625 2445 3711 2501; x_wconf 88' lang='lat' dir='ltr'><strong>di-</strong></span> 
     </span>
    </p>
   </div>
   <div class='ocr_carea' id='block_1_58' title="bbox 2129 2533 3716 2604">
    <p class='ocr_par' dir='ltr' id='par_1_58' title="bbox 2129 2533 3716 2604">
     <span class='ocr_line' id='line_1_58' title="bbox 2129 2533 3716 2604; baseline 0.001 -16"><span class='ocrx_word' id='word_1_444' title='bbox 2129 2535 2252 2590; x_wconf 88' lang='lat' dir='ltr'><strong>vino</strong></span> <span class='ocrx_word' id='word_1_445' title='bbox 2282 2533 2583 2589; x_wconf 86' lang='lat' dir='ltr'><strong>sacerdotio</strong></span> <span class='ocrx_word' id='word_1_446' title='bbox 2609 2533 2799 2604; x_wconf 73' lang='lat' dir='ltr'><strong>dignus</strong></span> <span class='ocrx_word' id='word_1_447' title='bbox 2825 2534 3181 2600; x_wconf 79' lang='lat' dir='ltr'><strong>existimatus,</strong></span> <span class='ocrx_word' id='word_1_448' title='bbox 3223 2535 3514 2589; x_wconf 66' lang='lat' dir='ltr'><strong>maximum</strong></span> <span class='ocrx_word' id='word_1_449' title='bbox 3549 2537 3716 2590; x_wconf 89' lang='lat' dir='ltr'><strong>bono-</strong></span> 
     </span>
    </p>
   </div>
   <div class='ocr_carea' id='block_1_59' title="bbox 2131 2625 3717 2697">
    <p class='ocr_par' dir='ltr' id='par_1_59' title="bbox 2131 2625 3717 2697">
     <span class='ocr_line' id='line_1_59' title="bbox 2131 2625 3717 2697; baseline 0 -15"><span class='ocrx_word' id='word_1_450' title='bbox 2131 2642 2245 2684; x_wconf 88' lang='lat' dir='ltr'><strong>rent</strong></span> <span class='ocrx_word' id='word_1_451' title='bbox 2275 2635 2611 2696; x_wconf 81' lang='lat' dir='ltr'><strong>assequatur.</strong></span> <span class='ocrx_word' id='word_1_452' title='bbox 2644 2625 2822 2695; x_wconf 80' lang='lat' dir='ltr'><strong>Neque</strong></span> <span class='ocrx_word' id='word_1_453' title='bbox 2853 2627 2994 2679; x_wconf 88' lang='lat' dir='ltr'><strong>enim</strong></span> <span class='ocrx_word' id='word_1_454' title='bbox 3025 2626 3302 2690; x_wconf 77' lang='lat' dir='ltr'><strong>eonvcnit,</strong></span> <span class='ocrx_word' id='word_1_455' title='bbox 3346 2640 3521 2697; x_wconf 85' lang='lat' dir='ltr'><strong>neque</strong></span> <span class='ocrx_word' id='word_1_456' title='bbox 3548 2628 3717 2682; x_wconf 85' lang='lat' dir='ltr'><strong>scien-</strong></span> 
     </span>
    </p>
   </div>
   <div class='ocr_carea' id='block_1_60' title="bbox 2133 2718 3718 2797">
    <p class='ocr_par' dir='ltr' id='par_1_60' title="bbox 2133 2718 3718 2797">
     <span class='ocr_line' id='line_1_60' title="bbox 2133 2718 3718 2797; baseline -0.003 -23"><span class='ocrx_word' id='word_1_457' title='bbox 2133 2720 2201 2774; x_wconf 85' lang='lat' dir='ltr'>tia</span> <span class='ocrx_word' id='word_1_458' title='bbox 2229 2728 2284 2774; x_wconf 91' lang='lat' dir='ltr'><strong>et</strong></span> <span class='ocrx_word' id='word_1_459' title='bbox 2308 2719 2443 2797; x_wconf 85' lang='lat' dir='ltr'><strong>bona</strong></span> <span class='ocrx_word' id='word_1_460' title='bbox 2476 2719 2812 2772; x_wconf 89' lang='lat' dir='ltr'><strong>conversatio</strong></span> <span class='ocrx_word' id='word_1_461' title='bbox 2835 2718 2937 2772; x_wconf 90' lang='lat' dir='ltr'>hoc</span> <span class='ocrx_word' id='word_1_462' title='bbox 2965 2718 3168 2787; x_wconf 84' lang='lat' dir='ltr'><strong>recipit,</strong></span> <span class='ocrx_word' id='word_1_463' title='bbox 3197 2726 3252 2772; x_wconf 88' lang='lat' dir='ltr'>ut</span> <span class='ocrx_word' id='word_1_464' title='bbox 3277 2728 3480 2774; x_wconf 87' lang='lat' dir='ltr'><strong>temere</strong></span> <span class='ocrx_word' id='word_1_465' title='bbox 3508 2729 3562 2774; x_wconf 89' lang='lat' dir='ltr'>et</span> <span class='ocrx_word' id='word_1_466' title='bbox 3587 2719 3718 2774; x_wconf 80' lang='lat' dir='ltr'><strong>leri-</strong></span> 
     </span>
    </p>
   </div>
   <div class='ocr_carea' id='block_1_61' title="bbox 2136 2810 3719 2885">
    <p class='ocr_par' dir='ltr' id='par_1_61' title="bbox 2136 2810 3719 2885">
     <span class='ocr_line' id='line_1_61' title="bbox 2136 2810 3719 2885; baseline -0.001 -17"><span class='ocrx_word' id='word_1_467' title='bbox 2136 2821 2216 2868; x_wconf 86' lang='lat' dir='ltr'>ter</span> <span class='ocrx_word' id='word_1_468' title='bbox 2261 2811 2326 2866; x_wconf 88' lang='lat' dir='ltr'>ad</span> <span class='ocrx_word' id='word_1_469' title='bbox 2363 2811 2412 2865; x_wconf 89' lang='lat' dir='ltr'>id</span> <span class='ocrx_word' id='word_1_470' title='bbox 2444 2810 2745 2877; x_wconf 85' lang='lat' dir='ltr'><strong>accedatur,</strong></span> <span class='ocrx_word' id='word_1_471' title='bbox 2781 2819 2837 2865; x_wconf 87' lang='grc' dir='ltr'>ιιι</span> <span class='ocrx_word' id='word_1_472' title='bbox 2861 2812 3160 2881; x_wconf 86' lang='lat' dir='ltr'><strong>episcopus,</strong></span> <span class='ocrx_word' id='word_1_473' title='bbox 3194 2813 3274 2866; x_wconf 87' lang='lat' dir='ltr'>vel</span> <span class='ocrx_word' id='word_1_474' title='bbox 3310 2813 3609 2885; x_wconf 77' lang='lat' dir='ltr'><strong>presbyter,</strong></span> <span class='ocrx_word' id='word_1_475' title='bbox 3633 2812 3719 2868; x_wconf 82' lang='lat' dir='ltr'>vel</span> 
     </span>
    </p>
   </div>
   <div class='ocr_carea' id='block_1_62' title="bbox 2135 2904 3720 2976">
    <p class='ocr_par' dir='ltr' id='par_1_62' title="bbox 2135 2904 3720 2976">
     <span class='ocr_line' id='line_1_62' title="bbox 2135 2904 3720 2976; baseline 0.001 -16"><span class='ocrx_word' id='word_1_476' title='bbox 2135 2905 2391 2961; x_wconf 87' lang='lat' dir='ltr'><strong>diaconus</strong></span> <span class='ocrx_word' id='word_1_477' title='bbox 2410 2915 2655 2973; x_wconf 85' lang='lat' dir='ltr'><strong>prompte</strong></span> <span class='ocrx_word' id='word_1_478' title='bbox 2674 2918 2735 2958; x_wconf 89' lang='lat' dir='ltr'>ac</span> <span class='ocrx_word' id='word_1_479' title='bbox 2753 2904 2902 2959; x_wconf 73' lang='lat' dir='ltr'><strong>facile</strong></span> <span class='ocrx_word' id='word_1_480' title='bbox 2922 2904 3274 2959; x_wconf 88' lang='lat' dir='ltr'><strong>constituatur</strong></span> <span class='ocrx_word' id='word_1_481' title='bbox 3292 2905 3338 2975; x_wconf 83' lang='grc' dir='ltr'>(Ι</span> <span class='ocrx_word' id='word_1_482' title='bbox 3361 2904 3496 2962; x_wconf 79' lang='lat' dir='ltr'><strong>Tim.</strong></span> <span class='ocrx_word' id='word_1_483' title='bbox 3512 2908 3612 2976; x_wconf 85' lang='grc' dir='ltr'>ιιι).</span> <span class='ocrx_word' id='word_1_484' title='bbox 3631 2906 3720 2962; x_wconf 83' lang='lat' dir='ltr'><strong>Sic</strong></span> 
     </span>
    </p>
   </div>
   <div class='ocr_carea' id='block_1_63' title="bbox 2134 2997 3713 3070">
    <p class='ocr_par' dir='ltr' id='par_1_63' title="bbox 2134 2997 3713 3070">
     <span class='ocr_line' id='line_1_63' title="bbox 2134 2997 3713 3070; baseline -0.001 -16"><span class='ocrx_word' id='word_1_485' title='bbox 2134 3001 2276 3054; x_wconf 85' lang='lat' dir='ltr'><strong>enim</strong></span> <span class='ocrx_word' id='word_1_486' title='bbox 2305 3000 2495 3052; x_wconf 87' lang='lat' dir='ltr'><strong>merito</strong></span> <span class='ocrx_word' id='word_1_487' title='bbox 2527 2998 2827 3068; x_wconf 86' lang='lat' dir='ltr'><strong>neopbytus</strong></span> <span class='ocrx_word' id='word_1_488' title='bbox 2852 2997 3185 3052; x_wconf 80' lang='lat' dir='ltr'><strong>existimetur</strong></span> <span class='ocrx_word' id='word_1_489' title='bbox 3219 2997 3262 3070; x_wconf 89' lang='grc' dir='ltr'>(ι</span> <span class='ocrx_word' id='word_1_490' title='bbox 3281 2997 3414 3052; x_wconf 81' lang='lat' dir='ltr'><strong>Tim.</strong></span> <span class='ocrx_word' id='word_1_491' title='bbox 3441 2999 3516 3069; x_wconf 89' lang='lat' dir='ltr'><strong>v),</strong></span> <span class='ocrx_word' id='word_1_492' title='bbox 3547 3015 3713 3070; x_wconf 83' lang='lat' dir='ltr'><strong>quan-</strong></span> 
     </span>
    </p>
   </div>
   <div class='ocr_carea' id='block_1_64' title="bbox 453 3077 2031 3165">
    <p class='ocr_par' dir='ltr' id='par_1_64' title="bbox 453 3077 2031 3165">
     <span class='ocr_line' id='line_1_64' title="bbox 453 3077 2031 3165; baseline 0.018 -34"><span class='ocrx_word' id='word_1_493' title='bbox 453 3083 555 3159; x_wconf 76' lang='grc' dir='ltr'>γὰρ</span> <span class='ocrx_word' id='word_1_494' title='bbox 589 3077 646 3135; x_wconf 83' lang='grc' dir='ltr'>ἂν</span> <span class='ocrx_word' id='word_1_495' title='bbox 688 3085 891 3145; x_wconf 80' lang='grc' dir='ltr'>είκότως</span> <span class='ocrx_word' id='word_1_496' title='bbox 919 3085 1155 3158; x_wconf 76' lang='grc' dir='ltr'>νεόφυτος</span> <span class='ocrx_word' id='word_1_497' title='bbox 1184 3091 1453 3160; x_wconf 86' lang='grc' dir='ltr'>νομισθείη.</span> <span class='ocrx_word' id='word_1_498' title='bbox 1495 3090 1664 3152; x_wconf 76' lang='grc' dir='ltr'>έπειδή</span> <span class='ocrx_word' id='word_1_499' title='bbox 1702 3095 1925 3165; x_wconf 76' lang='grc' dir='ltr'>μάλιστα</span> <span class='ocrx_word' id='word_1_500' title='bbox 1950 3099 2031 3152; x_wconf 71' lang='grc' dir='ltr'>καὶ</span> 
     </span>
    </p>
   </div>
   <div class='ocr_carea' id='block_1_65' title="bbox 2136 3077 3716 3165">
    <p class='ocr_par' dir='ltr' id='par_1_65' title="bbox 2136 3089 3716 3162">
     <span class='ocr_line' id='line_1_65' title="bbox 2136 3089 3716 3162; baseline -0.001 -15"><span class='ocrx_word' id='word_1_501' title='bbox 2136 3092 2418 3162; x_wconf 82' lang='lat' dir='ltr'><strong>doqttitlem</strong></span> <span class='ocrx_word' id='word_1_502' title='bbox 2439 3101 2493 3146; x_wconf 91' lang='lat' dir='ltr'>et</span> <span class='ocrx_word' id='word_1_503' title='bbox 2515 3091 2850 3146; x_wconf 83' lang='lat' dir='ltr'><strong>beatissimus</strong></span> <span class='ocrx_word' id='word_1_504' title='bbox 2866 3090 3264 3160; x_wconf 82' lang='lat' dir='ltr'><strong>Apostolus,qui</strong></span> <span class='ocrx_word' id='word_1_505' title='bbox 3284 3089 3382 3144; x_wconf 79' lang='lat' dir='ltr'><strong>fuit</strong></span> <span class='ocrx_word' id='word_1_506' title='bbox 3404 3092 3566 3145; x_wconf 86' lang='lat' dir='ltr'><strong>etiam</strong></span> <span class='ocrx_word' id='word_1_507' title='bbox 3587 3089 3716 3146; x_wconf 83' lang='lat' dir='ltr'><strong>doc-</strong></span> 
     </span>
    </p>
   </div>
   <div class='ocr_carea' id='block_1_66' title="bbox 455 3169 2036 3260">
    <p class='ocr_par' dir='ltr' id='par_1_66' title="bbox 455 3169 2036 3260">
     <span class='ocr_line' id='line_1_66' title="bbox 455 3169 2036 3260; baseline 0.01 -34"><span class='ocrx_word' id='word_1_508' title='bbox 455 3169 483 3226; x_wconf 84' lang='grc' dir='ltr'><strong>ὅ</strong></span> <span class='ocrx_word' id='word_1_509' title='bbox 526 3175 909 3248; x_wconf 80' lang='grc' dir='ltr'>μακαριώτατος</span> <span class='ocrx_word' id='word_1_510' title='bbox 940 3177 1238 3242; x_wconf 82' lang='grc' dir='ltr'>ἀπόστολος,</span> <span class='ocrx_word' id='word_1_511' title='bbox 1275 3176 1328 3240; x_wconf 81' lang='grc' dir='ltr'>ὃς</span> <span class='ocrx_word' id='word_1_512' title='bbox 1356 3185 1439 3235; x_wconf 88' lang='grc' dir='ltr'>καί</span> <span class='ocrx_word' id='word_1_513' title='bbox 1463 3189 1560 3236; x_wconf 87' lang='grc' dir='ltr'>τῶν</span> <span class='ocrx_word' id='word_1_514' title='bbox 1586 3184 1732 3238; x_wconf 81' lang='grc' dir='ltr'>έθνῶν</span> <span class='ocrx_word' id='word_1_515' title='bbox 1775 3187 2036 3260; x_wconf 85' lang='grc' dir='ltr'>γεγένηται</span> 
     </span>
    </p>
   </div>
   <div class='ocr_carea' id='block_1_67' title="bbox 460 3263 2033 3349">
    <p class='ocr_par' dir='ltr' id='par_1_67' title="bbox 460 3263 2033 3349">
     <span class='ocr_line' id='line_1_67' title="bbox 460 3263 2033 3349; baseline 0.009 -28"><span class='ocrx_word' id='word_1_516' title='bbox 460 3263 782 3329; x_wconf 81' lang='grc' dir='ltr'>διδάσκαλος,</span> <span class='ocrx_word' id='word_1_517' title='bbox 819 3269 1040 3339; x_wconf 77' lang='grc' dir='ltr'>φαίνεται</span> <span class='ocrx_word' id='word_1_518' title='bbox 1076 3271 1307 3332; x_wconf 78' lang='grc' dir='ltr'>κωλύσας</span> <span class='ocrx_word' id='word_1_519' title='bbox 1335 3276 1555 3344; x_wconf 82' lang='grc' dir='ltr'>ταχείας</span> <span class='ocrx_word' id='word_1_520' title='bbox 1577 3278 1798 3349; x_wconf 79' lang='grc' dir='ltr'>γίνεσθαι</span> <span class='ocrx_word' id='word_1_521' title='bbox 1826 3280 1918 3340; x_wconf 87' lang='grc' dir='ltr'>τάς</span> <span class='ocrx_word' id='word_1_522' title='bbox 1942 3302 2033 3335; x_wconf 86' lang='grc' dir='ltr'>κα·</span> 
     </span>
    </p>
   </div>
   <div class='ocr_carea' id='block_1_68' title="bbox 458 3359 2038 3440">
    <p class='ocr_par' dir='ltr' id='par_1_68' title="bbox 458 3359 2038 3440">
     <span class='ocr_line' id='line_1_68' title="bbox 458 3359 2038 3440; baseline 0.01 -28"><span class='ocrx_word' id='word_1_523' title='bbox 458 3359 762 3417; x_wconf 88' lang='grc' dir='ltr'>ταστάσεις.</span> <span class='ocrx_word' id='word_1_524' title='bbox 797 3365 887 3412; x_wconf 80' lang='grc' dir='ltr'>τοῦ</span> <span class='ocrx_word' id='word_1_525' title='bbox 915 3361 1015 3435; x_wconf 83' lang='grc' dir='ltr'>γάρ</span> <span class='ocrx_word' id='word_1_526' title='bbox 1037 3365 1282 3430; x_wconf 84' lang='grc' dir='ltr'>μηκίστου</span> <span class='ocrx_word' id='word_1_527' title='bbox 1328 3365 1519 3440; x_wconf 81' lang='grc' dir='ltr'>χρόνον</span> <span class='ocrx_word' id='word_1_528' title='bbox 1565 3369 1596 3426; x_wconf 82' lang='grc' dir='ltr'><strong><em>ἠ</em></strong></span> <span class='ocrx_word' id='word_1_529' title='bbox 1644 3366 1911 3440; x_wconf 82' lang='grc' dir='ltr'>δοκιμασία</span> <span class='ocrx_word' id='word_1_530' title='bbox 1947 3377 2038 3432; x_wconf 72' lang='grc' dir='ltr'>τήν</span> 
     </span>
    </p>
   </div>
   <div class='ocr_carea' id='block_1_69' title="bbox 461 3449 2036 3532">
    <p class='ocr_par' dir='ltr' id='par_1_69' title="bbox 461 3449 2036 3532">
     <span class='ocr_line' id='line_1_69' title="bbox 461 3449 2036 3532; baseline 0.011 -31"><span class='ocrx_word' id='word_1_531' title='bbox 461 3449 780 3523; x_wconf 68' lang='grc' dir='ltr'>ἀναστροφήν</span> <span class='ocrx_word' id='word_1_532' title='bbox 807 3451 890 3504; x_wconf 85' lang='grc' dir='ltr'>καί</span> <span class='ocrx_word' id='word_1_533' title='bbox 925 3455 1014 3510; x_wconf 75' lang='grc' dir='ltr'>την</span> <span class='ocrx_word' id='word_1_534' title='bbox 1063 3451 1280 3509; x_wconf 72' lang='grc' dir='ltr'>ἑκάστου</span> <span class='ocrx_word' id='word_1_535' title='bbox 1305 3457 1495 3532; x_wconf 80' lang='grc' dir='ltr'>τρόπον</span> <span class='ocrx_word' id='word_1_536' title='bbox 1523 3459 1610 3512; x_wconf 77' lang='grc' dir='ltr'>οὐκ</span> <span class='ocrx_word' id='word_1_537' title='bbox 1632 3461 1934 3524; x_wconf 84' lang='grc' dir='ltr'>ἀπεικόντως</span> <span class='ocrx_word' id='word_1_538' title='bbox 1960 3465 2036 3518; x_wconf 85' lang='grc' dir='ltr'>έκ-</span> 
     </span>
    </p>
   </div>
   <div class='ocr_carea' id='block_1_70' title="bbox 457 3539 2040 3626">
    <p class='ocr_par' dir='ltr' id='par_1_70' title="bbox 457 3539 2040 3626">
     <span class='ocr_line' id='line_1_70' title="bbox 457 3539 2040 3626; baseline 0.011 -31"><span class='ocrx_word' id='word_1_539' title='bbox 457 3547 654 3597; x_wconf 84' lang='grc' dir='ltr'>τυποῦν</span> <span class='ocrx_word' id='word_1_540' title='bbox 684 3539 974 3600; x_wconf 77' lang='grc' dir='ltr'>δυνήσεται.</span> <span class='ocrx_word' id='word_1_541' title='bbox 1007 3542 1228 3606; x_wconf 82' lang='grc' dir='ltr'>ἅπαντες</span> <span class='ocrx_word' id='word_1_542' title='bbox 1270 3542 1409 3602; x_wconf 78' lang='grc' dir='ltr'>εἶπον</span> <span class='ocrx_word' id='word_1_543' title='bbox 1441 3551 1673 3626; x_wconf 79' lang='grc' dir='ltr'>ἀρέσκειν</span> <span class='ocrx_word' id='word_1_544' title='bbox 1721 3556 1924 3622; x_wconf 83' lang='grc' dir='ltr'>αὐτοῖς,</span> <span class='ocrx_word' id='word_1_545' title='bbox 1957 3560 2040 3612; x_wconf 83' lang='grc' dir='ltr'>καί</span> 
     </span>
    </p>
   </div>
   <div class='ocr_carea' id='block_1_71' title="bbox 459 3630 1436 3714">
    <p class='ocr_par' dir='ltr' id='par_1_71' title="bbox 459 3630 1436 3714">
     <span class='ocr_line' id='line_1_71' title="bbox 459 3630 1436 3714; baseline 0.007 -26"><span class='ocrx_word' id='word_1_546' title='bbox 459 3634 694 3698; x_wconf 76' lang='grc' dir='ltr'>κατάπαξ</span> <span class='ocrx_word' id='word_1_547' title='bbox 719 3639 787 3707; x_wconf 78' lang='grc' dir='ltr'>μή</span> <span class='ocrx_word' id='word_1_548' title='bbox 813 3630 912 3690; x_wconf 83' lang='grc' dir='ltr'>δεῖν</span> <span class='ocrx_word' id='word_1_549' title='bbox 935 3637 1230 3714; x_wconf 81' lang='grc' dir='ltr'>ἀνατρέπειν</span> <span class='ocrx_word' id='word_1_550' title='bbox 1249 3646 1436 3695; x_wconf 80' lang='grc' dir='ltr'>ταῦτα.</span> 
     </span>
    </p>
   </div>
   <div class='ocr_carea' id='block_1_72' title="bbox 534 3720 2039 3812">
    <p class='ocr_par' dir='ltr' id='par_1_72' title="bbox 534 3720 2039 3812">
     <span class='ocr_line' id='line_1_72' title="bbox 534 3720 2039 3812; baseline 0.013 -36"><span class='ocrx_word' id='word_1_551' title='bbox 534 3721 584 3778; x_wconf 66' lang='grc' dir='ltr'>ιτ.</span> <span class='ocrx_word' id='word_1_552' title='bbox 617 3720 793 3784; x_wconf 86' lang='grc' dir='ltr'>Ὀσιος</span> <span class='ocrx_word' id='word_1_553' title='bbox 838 3725 1108 3787; x_wconf 81' lang='grc' dir='ltr'>ἐπίσκοπος</span> <span class='ocrx_word' id='word_1_554' title='bbox 1130 3723 1260 3783; x_wconf 78' lang='grc' dir='ltr'>εἷπε³</span> <span class='ocrx_word' id='word_1_555' title='bbox 1287 3734 1377 3785; x_wconf 68' lang='grc' dir='ltr'>Καὶ</span> <span class='ocrx_word' id='word_1_556' title='bbox 1403 3739 1552 3788; x_wconf 82' lang='grc' dir='ltr'>τοῦτο</span> <span class='ocrx_word' id='word_1_557' title='bbox 1573 3732 1627 3789; x_wconf 83' lang='grc' dir='ltr'>δέ</span> <span class='ocrx_word' id='word_1_558' title='bbox 1655 3734 1824 3812; x_wconf 78' lang='grc' dir='ltr'>ὁρίσαι</span> <span class='ocrx_word' id='word_1_559' title='bbox 1848 3739 2039 3812; x_wconf 71' lang='grc' dir='ltr'>ὀφείλο-</span> 
     </span>
    </p>
   </div>
   <div class='ocr_carea' id='block_1_73' title="bbox 463 3817 2044 3904">
    <p class='ocr_par' dir='ltr' id='par_1_73' title="bbox 463 3817 2044 3904">
     <span class='ocr_line' id='line_1_73' title="bbox 463 3817 2044 3904; baseline 0.012 -35"><span class='ocrx_word' id='word_1_560' title='bbox 463 3837 571 3888; x_wconf 84' lang='grc' dir='ltr'>μεν,</span> <span class='ocrx_word' id='word_1_561' title='bbox 609 3818 691 3870; x_wconf 84' lang='grc' dir='ltr'>ἶνα</span> <span class='ocrx_word' id='word_1_562' title='bbox 731 3819 1026 3880; x_wconf 83' lang='grc' dir='ltr'>έπίσκοπος,</span> <span class='ocrx_word' id='word_1_563' title='bbox 1055 3817 1174 3875; x_wconf 79' lang='grc' dir='ltr'>ὅταν</span> <span class='ocrx_word' id='word_1_564' title='bbox 1205 3823 1253 3886; x_wconf 77' lang='grc' dir='ltr'>ἐξ</span> <span class='ocrx_word' id='word_1_565' title='bbox 1278 3824 1451 3899; x_wconf 87' lang='grc' dir='ltr'>έτέρας</span> <span class='ocrx_word' id='word_1_566' title='bbox 1482 3827 1672 3890; x_wconf 82' lang='grc' dir='ltr'>πόλεως</span> <span class='ocrx_word' id='word_1_567' title='bbox 1700 3834 2044 3904; x_wconf 87' lang='grc' dir='ltr'>παραγένηται</span> 
     </span>
    </p>
   </div>
   <div class='ocr_carea' id='block_1_74' title="bbox 465 3906 2044 4000">
    <p class='ocr_par' dir='ltr' id='par_1_74' title="bbox 465 3906 2044 4000">
     <span class='ocr_line' id='line_1_74' title="bbox 465 3906 2044 4000; baseline 0.012 -40"><span class='ocrx_word' id='word_1_568' title='bbox 465 3909 534 3966; x_wconf 86' lang='grc' dir='ltr'>είς</span> <span class='ocrx_word' id='word_1_569' title='bbox 561 3906 733 3982; x_wconf 74' lang='grc' dir='ltr'>ἑτέραν</span> <span class='ocrx_word' id='word_1_570' title='bbox 758 3908 914 3971; x_wconf 81' lang='grc' dir='ltr'>πόλιν,</span> <span class='ocrx_word' id='word_1_571' title='bbox 941 3908 969 3968; x_wconf 77' lang='grc' dir='ltr'><em>ἦ</em></span> <span class='ocrx_word' id='word_1_572' title='bbox 991 3910 1092 3965; x_wconf 77' lang='grc' dir='ltr'>ἀπὸ</span> <span class='ocrx_word' id='word_1_573' title='bbox 1121 3911 1294 3988; x_wconf 78' lang='grc' dir='ltr'>ἐτέρας</span> <span class='ocrx_word' id='word_1_574' title='bbox 1315 3916 1575 3992; x_wconf 84' lang='grc' dir='ltr'>ἐπαρχίας</span> <span class='ocrx_word' id='word_1_575' title='bbox 1600 3923 1670 3980; x_wconf 88' lang='grc' dir='ltr'>είς</span> <span class='ocrx_word' id='word_1_576' title='bbox 1695 3921 1868 3997; x_wconf 82' lang='grc' dir='ltr'>έτέραν</span> <span class='ocrx_word' id='word_1_577' title='bbox 1888 3924 2044 4000; x_wconf 83' lang='grc' dir='ltr'>έπαρ-</span> 
     </span>
    </p>
   </div>
   <div class='ocr_carea' id='block_1_75' title="bbox 466 3992 2044 4085">
    <p class='ocr_par' dir='ltr' id='par_1_75' title="bbox 466 3992 2044 4085">
     <span class='ocr_line' id='line_1_75' title="bbox 466 3992 2044 4085; baseline 0.016 -40"><span class='ocrx_word' id='word_1_578' title='bbox 466 3999 608 4067; x_wconf 83' lang='grc' dir='ltr'>χὶαν,</span> <span class='ocrx_word' id='word_1_579' title='bbox 643 3992 838 4066; x_wconf 80' lang='grc' dir='ltr'>κόμπου</span> <span class='ocrx_word' id='word_1_580' title='bbox 870 4001 1026 4073; x_wconf 82' lang='grc' dir='ltr'>χάριν</span> <span class='ocrx_word' id='word_1_581' title='bbox 1055 4001 1312 4074; x_wconf 70' lang='grc' dir='ltr'>ἐγκωμίοις</span> <span class='ocrx_word' id='word_1_582' title='bbox 1339 4007 1532 4067; x_wconf 75' lang='grc' dir='ltr'>οἰκείοις</span> <span class='ocrx_word' id='word_1_583' title='bbox 1556 4009 1981 4085; x_wconf 77' lang='grc' dir='ltr'>ύπηρετούμενος,</span> <span class='ocrx_word' id='word_1_584' title='bbox 2013 4015 2044 4075; x_wconf 71' lang='grc' dir='ltr'><em>ἢ</em></span> 
     </span>
    </p>
   </div>
   <div class='ocr_carea' id='block_1_76' title="bbox 466 4086 2047 4174">
    <p class='ocr_par' dir='ltr' id='par_1_76' title="bbox 466 4086 2047 4174">
     <span class='ocr_line' id='line_1_76' title="bbox 466 4086 2047 4174; baseline 0.016 -38"><span class='ocrx_word' id='word_1_585' title='bbox 466 4086 734 4161; x_wconf 79' lang='grc' dir='ltr'>θρησκείας</span> <span class='ocrx_word' id='word_1_586' title='bbox 790 4089 1089 4146; x_wconf 75' lang='grc' dir='ltr'>καθοσιώσει</span> <span class='ocrx_word' id='word_1_587' title='bbox 1122 4133 1137 4154; x_wconf 96' lang='grc'>,</span> <span class='ocrx_word' id='word_1_588' title='bbox 1203 4098 1283 4147; x_wconf 78' lang='grc' dir='ltr'>καὶ</span> <span class='ocrx_word' id='word_1_589' title='bbox 1334 4095 1537 4152; x_wconf 70' lang='grc' dir='ltr'>πλείονα</span> <span class='ocrx_word' id='word_1_590' title='bbox 1585 4098 1774 4174; x_wconf 74' lang='grc' dir='ltr'>χρόνον</span> <span class='ocrx_word' id='word_1_591' title='bbox 1812 4103 2047 4174; x_wconf 78' lang='grc' dir='ltr'>βούλοιτο</span> 
     </span>
    </p>
   </div>
   <div class='ocr_carea' id='block_1_77' title="bbox 468 4174 2048 4271">
    <p class='ocr_par' dir='ltr' id='par_1_77' title="bbox 468 4174 2048 4271">
     <span class='ocr_line' id='line_1_77' title="bbox 468 4174 2048 4271; baseline 0.012 -43"><span class='ocrx_word' id='word_1_592' title='bbox 468 4174 674 4246; x_wconf 80' lang='grc' dir='ltr'>διάγειν,</span> <span class='ocrx_word' id='word_1_593' title='bbox 703 4180 783 4229; x_wconf 85' lang='grc' dir='ltr'>καί</span> <span class='ocrx_word' id='word_1_594' title='bbox 811 4184 878 4245; x_wconf 76' lang='grc' dir='ltr'>μή</span> <span class='ocrx_word' id='word_1_595' title='bbox 911 4177 934 4231; x_wconf 83' lang='grc' dir='ltr'>ὁ</span> <span class='ocrx_word' id='word_1_596' title='bbox 962 4188 1052 4239; x_wconf 80' lang='grc' dir='ltr'>τῆς</span> <span class='ocrx_word' id='word_1_597' title='bbox 1077 4179 1268 4242; x_wconf 78' lang='grc' dir='ltr'>πόλεως</span> <span class='ocrx_word' id='word_1_598' title='bbox 1295 4186 1477 4247; x_wconf 77' lang='grc' dir='ltr'>ἐκείνης</span> <span class='ocrx_word' id='word_1_599' title='bbox 1505 4189 1776 4252; x_wconf 79' lang='grc' dir='ltr'>έπίσκοπος</span> <span class='ocrx_word' id='word_1_600' title='bbox 1812 4192 2048 4271; x_wconf 70' lang='grc' dir='ltr'>ἔμπειρος</span> 
     </span>
    </p>
   </div>
   <div class='ocr_carea' id='block_1_78' title="bbox 468 4263 2050 4363">
    <p class='ocr_par' dir='ltr' id='par_1_78' title="bbox 468 4263 2050 4363">
     <span class='ocr_line' id='line_1_78' title="bbox 468 4263 2050 4363; baseline 0.01 -38"><span class='ocrx_word' id='word_1_601' title='bbox 468 4263 498 4342; x_wconf 75' lang='grc' dir='ltr'><strong>ᾖ</strong></span> <span class='ocrx_word' id='word_1_602' title='bbox 547 4263 886 4328; x_wconf 67' lang='grc' dir='ltr'>διδασναλὶας’</span> <span class='ocrx_word' id='word_1_603' title='bbox 933 4275 1000 4340; x_wconf 76' lang='grc' dir='ltr'>μή</span> <span class='ocrx_word' id='word_1_604' title='bbox 1052 4282 1333 4348; x_wconf 75' lang='grc' dir='ltr'>καταφρονῇ</span> <span class='ocrx_word' id='word_1_605' title='bbox 1391 4277 1577 4332; x_wconf 80' lang='grc' dir='ltr'>ἐκείνου</span> <span class='ocrx_word' id='word_1_606' title='bbox 1610 4319 1624 4342; x_wconf 89' lang='grc'>,</span> <span class='ocrx_word' id='word_1_607' title='bbox 1678 4263 2050 4363; x_wconf 76' lang='grc' dir='ltr'>συνεχέστερον</span> 
     </span>
    </p>
   </div>
   <div class='ocr_carea' id='block_1_79' title="bbox 469 4354 2048 4448">
    <p class='ocr_par' dir='ltr' id='par_1_79' title="bbox 469 4354 2048 4448">
     <span class='ocr_line' id='line_1_79' title="bbox 469 4354 2048 4448; baseline 0.015 -40"><span class='ocrx_word' id='word_1_608' title='bbox 469 4354 634 4431; x_wconf 75' lang='grc' dir='ltr'>ὁμιλῇ,</span> <span class='ocrx_word' id='word_1_609' title='bbox 667 4361 1031 4428; x_wconf 84' lang='grc' dir='ltr'>καταισχύνειν</span> <span class='ocrx_word' id='word_1_610' title='bbox 1055 4365 1137 4415; x_wconf 88' lang='grc' dir='ltr'>καὶ</span> <span class='ocrx_word' id='word_1_611' title='bbox 1161 4365 1519 4431; x_wconf 75' lang='grc' dir='ltr'>κατευτελίζειν</span> <span class='ocrx_word' id='word_1_612' title='bbox 1557 4371 1615 4424; x_wconf 87' lang='grc' dir='ltr'>τὸ</span> <span class='ocrx_word' id='word_1_613' title='bbox 1661 4370 1935 4448; x_wconf 78' lang='grc' dir='ltr'>πρόσωπον</span> <span class='ocrx_word' id='word_1_614' title='bbox 1959 4383 2048 4431; x_wconf 83' lang='grc' dir='ltr'>τοῦ</span> 
     </span>
    </p>
   </div>
   <div class='ocr_carea' id='block_1_80' title="bbox 2139 3181 3723 3252">
    <p class='ocr_par' dir='ltr' id='par_1_80' title="bbox 2139 3181 3723 3252">
     <span class='ocr_line' id='line_1_80' title="bbox 2139 3181 3723 3252; baseline 0 -14"><span class='ocrx_word' id='word_1_615' title='bbox 2139 3191 2222 3238; x_wconf 90' lang='lat' dir='ltr'>tor</span> <span class='ocrx_word' id='word_1_616' title='bbox 2241 3186 2502 3252; x_wconf 72' lang='lat' dir='ltr'><strong>gentium,</strong></span> <span class='ocrx_word' id='word_1_617' title='bbox 2517 3181 2849 3252; x_wconf 81' lang='lat' dir='ltr'><strong>prohibuisse</strong></span> <span class='ocrx_word' id='word_1_618' title='bbox 2874 3182 3028 3250; x_wconf 90' lang='lat' dir='ltr'><strong>plane</strong></span> <span class='ocrx_word' id='word_1_619' title='bbox 3039 3182 3267 3247; x_wconf 86' lang='lat' dir='ltr'><strong>videtur,</strong></span> <span class='ocrx_word' id='word_1_620' title='bbox 3283 3199 3350 3237; x_wconf 90' lang='lat' dir='ltr'>ne</span> <span class='ocrx_word' id='word_1_621' title='bbox 3372 3184 3579 3239; x_wconf 67' lang='lat' dir='ltr'><strong>celetes</strong></span> <span class='ocrx_word' id='word_1_622' title='bbox 3598 3183 3723 3238; x_wconf 78' lang='lat' dir='ltr'><strong>ﬂant</strong></span> 
     </span>
    </p>
   </div>
   <div class='ocr_carea' id='block_1_81' title="bbox 2137 3273 3722 3344">
    <p class='ocr_par' dir='ltr' id='par_1_81' title="bbox 2137 3273 3722 3344">
     <span class='ocr_line' id='line_1_81' title="bbox 2137 3273 3722 3344; baseline 0 -15"><span class='ocrx_word' id='word_1_623' title='bbox 2137 3274 2526 3329; x_wconf 86' lang='lat' dir='ltr'><strong>ordinationes.</strong></span> <span class='ocrx_word' id='word_1_624' title='bbox 2558 3273 2878 3343; x_wconf 62' lang='grc' dir='ltr'>[δοτιςίεείιηί</span> <span class='ocrx_word' id='word_1_625' title='bbox 2909 3274 3049 3328; x_wconf 80' lang='lat' dir='ltr'><strong>enim</strong></span> <span class='ocrx_word' id='word_1_626' title='bbox 3093 3275 3352 3344; x_wconf 83' lang='lat' dir='ltr'><strong>temporis</strong></span> <span class='ocrx_word' id='word_1_627' title='bbox 3396 3275 3640 3344; x_wconf 85' lang='lat' dir='ltr'><strong>probatio</strong></span> <span class='ocrx_word' id='word_1_628' title='bbox 3667 3283 3722 3330; x_wconf 87' lang='lat' dir='ltr'>et</span> 
     </span>
    </p>
   </div>
   <div class='ocr_carea' id='block_1_82' title="bbox 2138 3363 3719 3436">
    <p class='ocr_par' dir='ltr' id='par_1_82' title="bbox 2138 3363 3719 3436">
     <span class='ocr_line' id='line_1_82' title="bbox 2138 3363 3719 3436; baseline 0.002 -18"><span class='ocrx_word' id='word_1_629' title='bbox 2138 3365 2628 3428; x_wconf 73' lang='lat' dir='ltr'><strong>coiiversationem,</strong></span> <span class='ocrx_word' id='word_1_630' title='bbox 2658 3373 2712 3418; x_wconf 92' lang='lat' dir='ltr'>et</span> <span class='ocrx_word' id='word_1_631' title='bbox 2738 3363 3152 3434; x_wconf 87' lang='lat' dir='ltr'><strong>uniuscujusque</strong></span> <span class='ocrx_word' id='word_1_632' title='bbox 3179 3379 3358 3420; x_wconf 89' lang='lat' dir='ltr'><strong>mores</strong></span> <span class='ocrx_word' id='word_1_633' title='bbox 3389 3381 3493 3420; x_wconf 92' lang='lat' dir='ltr'>non</span> <span class='ocrx_word' id='word_1_634' title='bbox 3525 3365 3719 3436; x_wconf 86' lang='lat' dir='ltr'><strong>impro-</strong></span> 
     </span>
    </p>
   </div>
   <div class='ocr_carea' id='block_1_83' title="bbox 2139 3454 3722 3528">
    <p class='ocr_par' dir='ltr' id='par_1_83' title="bbox 2139 3454 3722 3528">
     <span class='ocr_line' id='line_1_83' title="bbox 2139 3454 3722 3528; baseline 0.001 -17"><span class='ocrx_word' id='word_1_635' title='bbox 2139 3456 2390 3511; x_wconf 84' lang='lat' dir='ltr'><strong>babiliter</strong></span> <span class='ocrx_word' id='word_1_636' title='bbox 2432 3455 2734 3525; x_wconf 79' lang='lat' dir='ltr'><strong>exprimere</strong></span> <span class='ocrx_word' id='word_1_637' title='bbox 2780 3456 2999 3524; x_wconf 89' lang='lat' dir='ltr'><strong>poterit.</strong></span> <span class='ocrx_word' id='word_1_638' title='bbox 3052 3454 3250 3510; x_wconf 85' lang='lat' dir='ltr'><strong>Omnes</strong></span> <span class='ocrx_word' id='word_1_639' title='bbox 3293 3456 3551 3511; x_wconf 81' lang='lat' dir='ltr'><strong>dixerunt</strong></span> <span class='ocrx_word' id='word_1_640' title='bbox 3599 3457 3722 3528; x_wconf 77' lang='lat' dir='ltr'><strong>ipsis</strong></span> 
     </span>
    </p>
   </div>
   <div class='ocr_carea' id='block_1_84' title="bbox 2142 3547 3566 3618">
    <p class='ocr_par' dir='ltr' id='par_1_84' title="bbox 2142 3547 3566 3618">
     <span class='ocr_line' id='line_1_84' title="bbox 2142 3547 3566 3618; baseline 0.003 -20"><span class='ocrx_word' id='word_1_641' title='bbox 2142 3547 2375 3618; x_wconf 86' lang='lat' dir='ltr'><strong>placere,</strong></span> <span class='ocrx_word' id='word_1_642' title='bbox 2403 3557 2455 3601; x_wconf 89' lang='lat' dir='ltr'>et</span> <span class='ocrx_word' id='word_1_643' title='bbox 2481 3547 2700 3601; x_wconf 91' lang='lat' dir='ltr'><strong>omnino</strong></span> <span class='ocrx_word' id='word_1_644' title='bbox 2731 3560 2835 3599; x_wconf 90' lang='lat' dir='ltr'>non</span> <span class='ocrx_word' id='word_1_645' title='bbox 2865 3555 3114 3615; x_wconf 88' lang='lat' dir='ltr'><strong>oportere</strong></span> <span class='ocrx_word' id='word_1_646' title='bbox 3141 3561 3200 3602; x_wconf 87' lang='lat' dir='ltr'>ea</span> <span class='ocrx_word' id='word_1_647' title='bbox 3229 3547 3566 3604; x_wconf 82' lang='lat' dir='ltr'><strong>subvertere.</strong></span> 
     </span>
    </p>
   </div>
   <div class='ocr_carea' id='block_1_85' title="bbox 2220 3729 3723 3803">
    <p class='ocr_par' dir='ltr' id='par_1_85' title="bbox 2220 3729 3723 3803">
     <span class='ocr_line' id='line_1_85' title="bbox 2220 3729 3723 3803; baseline -0.002 -17"><span class='ocrx_word' id='word_1_648' title='bbox 2220 3731 2284 3786; x_wconf 84' lang='grc' dir='ltr'>Χ.</span> <span class='ocrx_word' id='word_1_649' title='bbox 2323 3730 2480 3787; x_wconf 86' lang='lat' dir='ltr'><strong>Osius</strong></span> <span class='ocrx_word' id='word_1_650' title='bbox 2526 3732 2806 3803; x_wconf 88' lang='lat' dir='ltr'><strong>episcopus</strong></span> <span class='ocrx_word' id='word_1_651' title='bbox 2859 3731 2991 3786; x_wconf 79' lang='lat' dir='ltr'><strong>dixit</strong></span> <span class='ocrx_word' id='word_1_652' title='bbox 3034 3751 3046 3785; x_wconf 88' lang='lat'><strong>:</strong></span> <span class='ocrx_word' id='word_1_653' title='bbox 3096 3732 3207 3787; x_wconf 90' lang='lat' dir='ltr'><strong>lloc</strong></span> <span class='ocrx_word' id='word_1_654' title='bbox 3247 3747 3461 3803; x_wconf 87' lang='lat' dir='ltr'><strong>quoque</strong></span> <span class='ocrx_word' id='word_1_655' title='bbox 3505 3729 3723 3785; x_wconf 76' lang='lat' dir='ltr'><strong>delinire</strong></span> 
     </span>
    </p>
   </div>
   <div class='ocr_carea' id='block_1_86' title="bbox 2147 3820 3722 3893">
    <p class='ocr_par' dir='ltr' id='par_1_86' title="bbox 2147 3820 3722 3893">
     <span class='ocr_line' id='line_1_86' title="bbox 2147 3820 3722 3893; baseline 0 -19"><span class='ocrx_word' id='word_1_656' title='bbox 2147 3821 2435 3884; x_wconf 81' lang='lat' dir='ltr'><strong>debemus,</strong></span> <span class='ocrx_word' id='word_1_657' title='bbox 2472 3833 2522 3876; x_wconf 93' lang='lat' dir='ltr'>ut</span> <span class='ocrx_word' id='word_1_658' title='bbox 2561 3823 2769 3893; x_wconf 83' lang='lat' dir='ltr'><strong>quando</strong></span> <span class='ocrx_word' id='word_1_659' title='bbox 2801 3823 3082 3893; x_wconf 86' lang='lat' dir='ltr'><strong>episcopus</strong></span> <span class='ocrx_word' id='word_1_660' title='bbox 3124 3839 3188 3879; x_wconf 76' lang='lat' dir='ltr'><strong>ex</strong></span> <span class='ocrx_word' id='word_1_661' title='bbox 3260 3823 3366 3878; x_wconf 85' lang='lat' dir='ltr'><strong>alia</strong></span> <span class='ocrx_word' id='word_1_662' title='bbox 3409 3824 3628 3878; x_wconf 77' lang='lat' dir='ltr'><strong>civitate</strong></span> <span class='ocrx_word' id='word_1_663' title='bbox 3672 3820 3722 3873; x_wconf 82' lang='lat' dir='ltr'>in</span> 
     </span>
    </p>
   </div>
   <div class='ocr_carea' id='block_1_87' title="bbox 2144 3913 3717 3985">
    <p class='ocr_par' dir='ltr' id='par_1_87' title="bbox 2144 3913 3717 3985">
     <span class='ocr_line' id='line_1_87' title="bbox 2144 3913 3717 3985; baseline 0 -19"><span class='ocrx_word' id='word_1_664' title='bbox 2144 3913 2303 3967; x_wconf 87' lang='lat' dir='ltr'><strong>aliam</strong></span> <span class='ocrx_word' id='word_1_665' title='bbox 2348 3913 2614 3968; x_wconf 78' lang='lat' dir='ltr'><strong>civitatem</strong></span> <span class='ocrx_word' id='word_1_666' title='bbox 2641 3955 2656 3977; x_wconf 90' lang='lat'>,</span> <span class='ocrx_word' id='word_1_667' title='bbox 2679 3915 2760 3969; x_wconf 86' lang='lat' dir='ltr'>vel</span> <span class='ocrx_word' id='word_1_668' title='bbox 2801 3929 2862 3968; x_wconf 80' lang='lat' dir='ltr'>ex</span> <span class='ocrx_word' id='word_1_669' title='bbox 2891 3915 2991 3968; x_wconf 89' lang='lat' dir='ltr'><strong>alia</strong></span> <span class='ocrx_word' id='word_1_670' title='bbox 3032 3915 3296 3985; x_wconf 77' lang='lat' dir='ltr'><strong>provincia</strong></span> <span class='ocrx_word' id='word_1_671' title='bbox 3328 3914 3382 3970; x_wconf 90' lang='lat' dir='ltr'>in</span> <span class='ocrx_word' id='word_1_672' title='bbox 3411 3914 3570 3969; x_wconf 87' lang='lat' dir='ltr'><strong>aliam</strong></span> <span class='ocrx_word' id='word_1_673' title='bbox 3602 3925 3717 3983; x_wconf 86' lang='lat' dir='ltr'><strong>pro-</strong></span> 
     </span>
    </p>
   </div>
   <div class='ocr_carea' id='block_1_88' title="bbox 2151 4002 3717 4076">
    <p class='ocr_par' dir='ltr' id='par_1_88' title="bbox 2151 4002 3717 4076">
     <span class='ocr_line' id='line_1_88' title="bbox 2151 4002 3717 4076; baseline 0.001 -22"><span class='ocrx_word' id='word_1_674' title='bbox 2151 4004 2375 4057; x_wconf 81' lang='lat' dir='ltr'><strong>vinciam</strong></span> <span class='ocrx_word' id='word_1_675' title='bbox 2417 4006 2736 4065; x_wconf 68' lang='lat' dir='ltr'><strong>accesserit,</strong></span> <span class='ocrx_word' id='word_1_676' title='bbox 2777 4005 3079 4074; x_wconf 82' lang='lat' dir='ltr'><strong>jactatiouis</strong></span> <span class='ocrx_word' id='word_1_677' title='bbox 3119 4006 3287 4075; x_wconf 78' lang='lat' dir='ltr'><strong>gratia</strong></span> <span class='ocrx_word' id='word_1_678' title='bbox 3335 4005 3568 4076; x_wconf 82' lang='lat' dir='ltr'><strong>propriis</strong></span> <span class='ocrx_word' id='word_1_679' title='bbox 3615 4002 3717 4057; x_wconf 80' lang='lat' dir='ltr'><strong>lau-</strong></span> 
     </span>
    </p>
   </div>
   <div class='ocr_carea' id='block_1_89' title="bbox 2152 4091 3718 4164">
    <p class='ocr_par' dir='ltr' id='par_1_89' title="bbox 2152 4091 3718 4164">
     <span class='ocr_line' id='line_1_89' title="bbox 2152 4091 3718 4164; baseline 0.002 -19"><span class='ocrx_word' id='word_1_680' title='bbox 2152 4091 2307 4147; x_wconf 83' lang='lat' dir='ltr'><strong>dibus</strong></span> <span class='ocrx_word' id='word_1_681' title='bbox 2357 4093 2624 4156; x_wconf 82' lang='lat' dir='ltr'><strong>scrvicus,</strong></span> <span class='ocrx_word' id='word_1_682' title='bbox 2671 4103 2762 4147; x_wconf 88' lang='lat' dir='ltr'><strong>attt</strong></span> <span class='ocrx_word' id='word_1_683' title='bbox 2806 4094 3076 4164; x_wconf 77' lang='lat' dir='ltr'><strong>religionis</strong></span> <span class='ocrx_word' id='word_1_684' title='bbox 3118 4109 3308 4158; x_wconf 84' lang='lat' dir='ltr'><strong>causa,</strong></span> <span class='ocrx_word' id='word_1_685' title='bbox 3351 4104 3409 4150; x_wconf 87' lang='lat' dir='ltr'>et</span> <span class='ocrx_word' id='word_1_686' title='bbox 3451 4095 3578 4150; x_wconf 80' lang='lat' dir='ltr'><strong>velit</strong></span> <span class='ocrx_word' id='word_1_687' title='bbox 3607 4095 3718 4148; x_wconf 85' lang='lat' dir='ltr'><strong>lon-</strong></span> 
     </span>
    </p>
   </div>
   <div class='ocr_carea' id='block_1_90' title="bbox 2151 4183 3728 4255">
    <p class='ocr_par' dir='ltr' id='par_1_90' title="bbox 2151 4183 3728 4255">
     <span class='ocr_line' id='line_1_90' title="bbox 2151 4183 3728 4255; baseline 0.001 -19"><span class='ocrx_word' id='word_1_688' title='bbox 2151 4183 2282 4252; x_wconf 75' lang='lat' dir='ltr'><strong>giori</strong></span> <span class='ocrx_word' id='word_1_689' title='bbox 2325 4191 2564 4252; x_wconf 86' lang='lat' dir='ltr'><strong>tempore</strong></span> <span class='ocrx_word' id='word_1_690' title='bbox 2607 4184 2719 4238; x_wconf 90' lang='lat' dir='ltr'><strong>illic</strong></span> <span class='ocrx_word' id='word_1_691' title='bbox 2754 4199 2949 4255; x_wconf 79' lang='lat' dir='ltr'><strong>agere;</strong></span> <span class='ocrx_word' id='word_1_692' title='bbox 2981 4186 3119 4239; x_wconf 88' lang='lat' dir='ltr'><strong>illius</strong></span> <span class='ocrx_word' id='word_1_693' title='bbox 3159 4196 3336 4240; x_wconf 87' lang='lat' dir='ltr'><strong>autem</strong></span> <span class='ocrx_word' id='word_1_694' title='bbox 3371 4185 3604 4240; x_wconf 74' lang='lat' dir='ltr'><strong>civitatis</strong></span> <span class='ocrx_word' id='word_1_695' title='bbox 3626 4183 3728 4253; x_wconf 87' lang='lat' dir='ltr'><strong>epi-</strong></span> 
     </span>
    </p>
   </div>
   <div class='ocr_carea' id='block_1_91' title="bbox 2154 4274 3726 4346">
    <p class='ocr_par' dir='ltr' id='par_1_91' title="bbox 2154 4274 3726 4346">
     <span class='ocr_line' id='line_1_91' title="bbox 2154 4274 3726 4346; baseline 0.002 -19"><span class='ocrx_word' id='word_1_696' title='bbox 2154 4288 2347 4344; x_wconf 85' lang='lat' dir='ltr'><strong>sc0pus</strong></span> <span class='ocrx_word' id='word_1_697' title='bbox 2373 4274 2633 4330; x_wconf 74' lang='lat' dir='ltr'><strong>doctrina:</strong></span> <span class='ocrx_word' id='word_1_698' title='bbox 2679 4292 2784 4330; x_wconf 88' lang='lat' dir='ltr'>non</span> <span class='ocrx_word' id='word_1_699' title='bbox 2835 4276 2993 4332; x_wconf 77' lang='lat' dir='ltr'><strong>fuerit</strong></span> <span class='ocrx_word' id='word_1_700' title='bbox 3035 4278 3235 4346; x_wconf 86' lang='lat' dir='ltr'><strong>peritus</strong></span> <span class='ocrx_word' id='word_1_701' title='bbox 3268 4296 3282 4330; x_wconf 89' lang='lat'><strong>:</strong></span> <span class='ocrx_word' id='word_1_702' title='bbox 3330 4292 3398 4332; x_wconf 91' lang='lat' dir='ltr'>ne</span> <span class='ocrx_word' id='word_1_703' title='bbox 3428 4277 3578 4331; x_wconf 88' lang='lat' dir='ltr'><strong>illum</strong></span> <span class='ocrx_word' id='word_1_704' title='bbox 3615 4275 3726 4330; x_wconf 81' lang='lat' dir='ltr'><strong>des-</strong></span> 
     </span>
    </p>
   </div>
   <div class='ocr_carea' id='block_1_92' title="bbox 2155 4365 3725 4437">
    <p class='ocr_par' dir='ltr' id='par_1_92' title="bbox 2155 4365 3725 4437">
     <span class='ocr_line' id='line_1_92' title="bbox 2155 4365 3725 4437; baseline 0 -18"><span class='ocrx_word' id='word_1_705' title='bbox 2155 4366 2342 4435; x_wconf 90' lang='lat' dir='ltr'><strong>piciat,</strong></span> <span class='ocrx_word' id='word_1_706' title='bbox 2375 4377 2426 4421; x_wconf 91' lang='lat' dir='ltr'>et</span> <span class='ocrx_word' id='word_1_707' title='bbox 2465 4365 2797 4437; x_wconf 79' lang='lat' dir='ltr'><strong>frequentius</strong></span> <span class='ocrx_word' id='word_1_708' title='bbox 2821 4370 3189 4431; x_wconf 84' lang='lat' dir='ltr'><strong>eoucionetur,</strong></span> <span class='ocrx_word' id='word_1_709' title='bbox 3220 4367 3444 4424; x_wconf 87' lang='lat' dir='ltr'><strong>studens</strong></span> <span class='ocrx_word' id='word_1_710' title='bbox 3471 4367 3725 4422; x_wconf 87' lang='lat' dir='ltr'><strong>dedecore</strong></span> 
     </span>
    </p>
   </div>
   <div class='ocr_carea' id='block_1_93' title="bbox 470 4445 2031 4542">
    <p class='ocr_par' dir='ltr' id='par_1_93' title="bbox 470 4445 2031 4542">
     <span class='ocr_line' id='line_1_93' title="bbox 470 4445 2031 4542; baseline 0.017 -42"><span class='ocrx_word' id='word_1_711' title='bbox 470 4445 642 4503; x_wconf 69' lang='grc' dir='ltr'>αὐτόθι</span> <span class='ocrx_word' id='word_1_712' title='bbox 666 4447 946 4506; x_wconf 75' lang='grc' dir='ltr'>έπισκόπον</span> <span class='ocrx_word' id='word_1_713' title='bbox 971 4456 1292 4519; x_wconf 73' lang='grc' dir='ltr'>σπουδιζων²</span> <span class='ocrx_word' id='word_1_714' title='bbox 1315 4459 1445 4519; x_wconf 69' lang='grc' dir='ltr'>αὕτη</span> <span class='ocrx_word' id='word_1_715' title='bbox 1464 4465 1564 4535; x_wconf 87' lang='grc' dir='ltr'>γάρ</span> <span class='ocrx_word' id='word_1_716' title='bbox 1586 4467 1614 4522; x_wconf 78' lang='grc' dir='ltr'>ἡ</span> <span class='ocrx_word' id='word_1_717' title='bbox 1645 4466 1896 4542; x_wconf 67' lang='grc' dir='ltr'>πρόφασις</span> <span class='ocrx_word' id='word_1_718' title='bbox 1917 4468 2031 4525; x_wconf 57' lang='grc' dir='ltr'>εἵωθη</span> 
     </span>
    </p>
   </div>
   <div class='ocr_carea' id='block_1_94' title="bbox 2136 4445 3724 4542">
    <p class='ocr_par' dir='ltr' id='par_1_94' title="bbox 2153 4456 3724 4528">
     <span class='ocr_line' id='line_1_94' title="bbox 2153 4456 3724 4528; baseline -0.001 -18"><span class='ocrx_word' id='word_1_719' title='bbox 2153 4456 2371 4512; x_wconf 85' lang='lat' dir='ltr'><strong>al&#39;iicerc</strong></span> <span class='ocrx_word' id='word_1_720' title='bbox 2407 4466 2461 4512; x_wconf 90' lang='lat' dir='ltr'>et</span> <span class='ocrx_word' id='word_1_721' title='bbox 2488 4458 2814 4524; x_wconf 83' lang='lat' dir='ltr'><strong>vilip’endere</strong></span> <span class='ocrx_word' id='word_1_722' title='bbox 2855 4473 3135 4528; x_wconf 81' lang='lat' dir='ltr'><strong>personam</strong></span> <span class='ocrx_word' id='word_1_723' title='bbox 3171 4459 3406 4528; x_wconf 87' lang='lat' dir='ltr'><strong>episc0pi</strong></span> <span class='ocrx_word' id='word_1_724' title='bbox 3447 4458 3563 4523; x_wconf 86' lang='lat' dir='ltr'><strong>(hic</strong></span> <span class='ocrx_word' id='word_1_725' title='bbox 3595 4457 3724 4511; x_wconf 89' lang='lat' dir='ltr'><strong>enim</strong></span> 
     </span>
    </p>
   </div>
   <div class='ocr_carea' id='block_1_95' title="bbox 469 4542 2047 4633">
    <p class='ocr_par' dir='ltr' id='par_1_95' title="bbox 469 4542 2047 4633">
     <span class='ocr_line' id='line_1_95' title="bbox 469 4542 2047 4633; baseline 0.016 -41"><span class='ocrx_word' id='word_1_726' title='bbox 469 4542 741 4614; x_wconf 80' lang='grc' dir='ltr'>ταράχους</span> <span class='ocrx_word' id='word_1_727' title='bbox 777 4553 954 4598; x_wconf 82' lang='grc' dir='ltr'>ποιεῖν·</span> <span class='ocrx_word' id='word_1_728' title='bbox 1001 4550 1083 4599; x_wconf 87' lang='grc' dir='ltr'>καί</span> <span class='ocrx_word' id='word_1_729' title='bbox 1119 4548 1168 4601; x_wconf 73' lang='grc' dir='ltr'>ἐκ</span> <span class='ocrx_word' id='word_1_730' title='bbox 1207 4557 1297 4609; x_wconf 76' lang='grc' dir='ltr'>τῆς</span> <span class='ocrx_word' id='word_1_731' title='bbox 1342 4554 1575 4614; x_wconf 79' lang='grc' dir='ltr'>τοιαύτης</span> <span class='ocrx_word' id='word_1_732' title='bbox 1614 4563 1929 4633; x_wconf 79' lang='grc' dir='ltr'>πανουργίας</span> <span class='ocrx_word' id='word_1_733' title='bbox 1959 4568 2047 4621; x_wconf 69' lang='grc' dir='ltr'>τήν</span> 
     </span>
    </p>
   </div>
   <div class='ocr_carea' id='block_1_96' title="bbox 470 4631 2048 4728">
    <p class='ocr_par' dir='ltr' id='par_1_96' title="bbox 470 4631 2048 4728">
     <span class='ocr_line' id='line_1_96' title="bbox 470 4631 2048 4728; baseline 0.016 -44"><span class='ocrx_word' id='word_1_734' title='bbox 470 4631 732 4707; x_wconf 79' lang='grc' dir='ltr'>ἀλλοτρίαν</span> <span class='ocrx_word' id='word_1_735' title='bbox 761 4635 1000 4710; x_wconf 74' lang='grc' dir='ltr'>καθέδραν</span> <span class='ocrx_word' id='word_1_736' title='bbox 1028 4638 1193 4710; x_wconf 76' lang='grc' dir='ltr'>έαντῷ</span> <span class='ocrx_word' id='word_1_737' title='bbox 1215 4644 1680 4716; x_wconf 79' lang='grc' dir='ltr'>προμνηστεύεσθαι</span> <span class='ocrx_word' id='word_1_738' title='bbox 1728 4655 1808 4704; x_wconf 84' lang='grc' dir='ltr'>καί</span> <span class='ocrx_word' id='word_1_739' title='bbox 1847 4674 2048 4728; x_wconf 83' lang='grc' dir='ltr'>παρασ-</span> 
     </span>
    </p>
   </div>
   <div class='ocr_carea' id='block_1_97' title="bbox 471 4723 2050 4816">
    <p class='ocr_par' dir='ltr' id='par_1_97' title="bbox 471 4723 2050 4816">
     <span class='ocr_line' id='line_1_97' title="bbox 471 4723 2050 4816; baseline 0.015 -40"><span class='ocrx_word' id='word_1_740' title='bbox 471 4723 670 4778; x_wconf 81' lang='grc' dir='ltr'>πᾶσθαι</span> <span class='ocrx_word' id='word_1_741' title='bbox 693 4725 977 4800; x_wconf 73' lang='grc' dir='ltr'>σπουδάζη,</span> <span class='ocrx_word' id='word_1_742' title='bbox 1014 4735 1083 4798; x_wconf 76' lang='grc' dir='ltr'>μή</span> <span class='ocrx_word' id='word_1_743' title='bbox 1108 4728 1362 4796; x_wconf 79' lang='grc' dir='ltr'>διστάζων</span> <span class='ocrx_word' id='word_1_744' title='bbox 1404 4743 1492 4794; x_wconf 63' lang='grc' dir='ltr'>τὴν</span> <span class='ocrx_word' id='word_1_745' title='bbox 1519 4739 1657 4812; x_wconf 77' lang='grc' dir='ltr'>αὐτῷ</span> <span class='ocrx_word' id='word_1_746' title='bbox 1678 4723 2050 4816; x_wconf 76' lang='grc' dir='ltr'>παραδοθέῖσαν</span> 
     </span>
    </p>
   </div>
   <div class='ocr_carea' id='block_1_98' title="bbox 470 4812 2048 4904">
    <p class='ocr_par' dir='ltr' id='par_1_98' title="bbox 470 4812 2048 4904">
     <span class='ocr_line' id='line_1_98' title="bbox 470 4812 2048 4904; baseline 0.017 -41"><span class='ocrx_word' id='word_1_747' title='bbox 470 4812 726 4870; x_wconf 78' lang='grc' dir='ltr'>ἐκκλησίαν</span> <span class='ocrx_word' id='word_1_748' title='bbox 773 4818 1196 4890; x_wconf 77' lang='grc' dir='ltr'>καταλιμπάνειν,</span> <span class='ocrx_word' id='word_1_749' title='bbox 1238 4828 1320 4878; x_wconf 80' lang='grc' dir='ltr'>καί</span> <span class='ocrx_word' id='word_1_750' title='bbox 1366 4828 1436 4886; x_wconf 84' lang='grc' dir='ltr'>εἰς</span> <span class='ocrx_word' id='word_1_751' title='bbox 1480 4828 1654 4904; x_wconf 84' lang='grc' dir='ltr'>έτέραν</span> <span class='ocrx_word' id='word_1_752' title='bbox 1700 4837 2048 4901; x_wconf 75' lang='grc' dir='ltr'>μεθίστασθαι.</span> 
     </span>
    </p>
   </div>
   <div class='ocr_carea' id='block_1_99' title="bbox 469 4904 2055 4995">
    <p class='ocr_par' dir='ltr' id='par_1_99' title="bbox 469 4904 2055 4995">
     <span class='ocr_line' id='line_1_99' title="bbox 469 4904 2055 4995; baseline 0.017 -39"><span class='ocrx_word' id='word_1_753' title='bbox 469 4904 696 4977; x_wconf 83' lang='grc' dir='ltr'>ὁριστέον</span> <span class='ocrx_word' id='word_1_754' title='bbox 720 4911 887 4963; x_wconf 85' lang='grc' dir='ltr'>τοίνυν</span> <span class='ocrx_word' id='word_1_755' title='bbox 916 4911 998 4963; x_wconf 77' lang='grc' dir='ltr'>ἐπί</span> <span class='ocrx_word' id='word_1_756' title='bbox 1019 4915 1185 4986; x_wconf 82' lang='grc' dir='ltr'>τούτῳ</span> <span class='ocrx_word' id='word_1_757' title='bbox 1216 4912 1424 4990; x_wconf 76' lang='grc' dir='ltr'>χρόνον·</span> <span class='ocrx_word' id='word_1_758' title='bbox 1457 4918 1627 4980; x_wconf 76' lang='grc' dir='ltr'>ἐπειδὴ</span> <span class='ocrx_word' id='word_1_759' title='bbox 1651 4926 1734 4976; x_wconf 87' lang='grc' dir='ltr'>καί</span> <span class='ocrx_word' id='word_1_760' title='bbox 1758 4926 1817 4978; x_wconf 81' lang='grc' dir='ltr'>τὸ</span> <span class='ocrx_word' id='word_1_761' title='bbox 1838 4932 1907 4995; x_wconf 82' lang='grc' dir='ltr'>μή</span> <span class='ocrx_word' id='word_1_762' title='bbox 1926 4929 2055 4983; x_wconf 83' lang='grc' dir='ltr'>ὑπο-</span> 
     </span>
    </p>
   </div>
   <div class='ocr_carea' id='block_1_100' title="bbox 470 4991 2055 5082">
    <p class='ocr_par' dir='ltr' id='par_1_100' title="bbox 470 4991 2055 5082">
     <span class='ocr_line' id='line_1_100' title="bbox 470 4991 2055 5082; baseline 0.015 -35"><span class='ocrx_word' id='word_1_763' title='bbox 470 4991 711 5066; x_wconf 80' lang='grc' dir='ltr'>δέχεσθαι</span> <span class='ocrx_word' id='word_1_764' title='bbox 731 4998 1019 5055; x_wconf 81' lang='grc' dir='ltr'>ἐπίσκοπον.</span> <span class='ocrx_word' id='word_1_765' title='bbox 1051 5011 1151 5056; x_wconf 84' lang='grc' dir='ltr'>τῶν</span> <span class='ocrx_word' id='word_1_766' title='bbox 1198 5007 1549 5082; x_wconf 83' lang='grc' dir='ltr'>ἀπανθρώπων</span> <span class='ocrx_word' id='word_1_767' title='bbox 1587 5014 1669 5064; x_wconf 88' lang='grc' dir='ltr'>καί</span> <span class='ocrx_word' id='word_1_768' title='bbox 1710 5022 1896 5075; x_wconf 81' lang='grc' dir='ltr'>σκαιῶν</span> <span class='ocrx_word' id='word_1_769' title='bbox 1931 5012 2055 5072; x_wconf 84' lang='grc' dir='ltr'>εἶναι</span> 
     </span>
    </p>
   </div>
   <div class='ocr_carea' id='block_1_101' title="bbox 466 5083 2055 5177">
    <p class='ocr_par' dir='ltr' id='par_1_101' title="bbox 466 5083 2055 5177">
     <span class='ocr_line' id='line_1_101' title="bbox 466 5083 2055 5177; baseline 0.013 -39"><span class='ocrx_word' id='word_1_770' title='bbox 466 5083 772 5156; x_wconf 74' lang='grc' dir='ltr'>νενόμισται.</span> <span class='ocrx_word' id='word_1_771' title='bbox 802 5090 1047 5159; x_wconf 69' lang='grc' dir='ltr'>μέμνησθε</span> <span class='ocrx_word' id='word_1_772' title='bbox 1078 5090 1130 5146; x_wconf 84' lang='grc' dir='ltr'>δέ</span> <span class='ocrx_word' id='word_1_773' title='bbox 1152 5097 1234 5148; x_wconf 89' lang='grc' dir='ltr'>καί</span> <span class='ocrx_word' id='word_1_774' title='bbox 1257 5095 1305 5148; x_wconf 78' lang='grc' dir='ltr'>ἐν</span> <span class='ocrx_word' id='word_1_775' title='bbox 1325 5104 1396 5168; x_wconf 84' lang='grc' dir='ltr'>τῷ</span> <span class='ocrx_word' id='word_1_776' title='bbox 1422 5099 1702 5173; x_wconf 83' lang='grc' dir='ltr'>προάγοντι</span> <span class='ocrx_word' id='word_1_777' title='bbox 1733 5100 1909 5177; x_wconf 76' lang='grc' dir='ltr'>χρόνῳ</span> <span class='ocrx_word' id='word_1_778' title='bbox 1937 5109 2055 5166; x_wconf 79' lang='grc' dir='ltr'>τούς</span> 
     </span>
    </p>
   </div>
   <div class='ocr_carea' id='block_1_102' title="bbox 469 5181 2052 5269">
    <p class='ocr_par' dir='ltr' id='par_1_102' title="bbox 469 5181 2052 5269">
     <span class='ocr_line' id='line_1_102' title="bbox 469 5181 2052 5269; baseline 0.011 -37"><span class='ocrx_word' id='word_1_779' title='bbox 469 5181 695 5255; x_wconf 81' lang='grc' dir='ltr'>πατέρας</span> <span class='ocrx_word' id='word_1_780' title='bbox 715 5183 850 5253; x_wconf 77' lang='grc' dir='ltr'>ἡμῶν</span> <span class='ocrx_word' id='word_1_781' title='bbox 875 5186 1164 5258; x_wconf 83' lang='grc' dir='ltr'>κεκρικέναι,</span> <span class='ocrx_word' id='word_1_782' title='bbox 1185 5187 1268 5241; x_wconf 81' lang='grc' dir='ltr'>ἶνα</span> <span class='ocrx_word' id='word_1_783' title='bbox 1287 5186 1425 5249; x_wconf 75' lang='grc' dir='ltr'>εἴτις</span> <span class='ocrx_word' id='word_1_784' title='bbox 1449 5192 1611 5251; x_wconf 83' lang='grc' dir='ltr'>λαῐκός</span> <span class='ocrx_word' id='word_1_785' title='bbox 1624 5193 1673 5245; x_wconf 82' lang='grc' dir='ltr'>έν</span> <span class='ocrx_word' id='word_1_786' title='bbox 1685 5190 1826 5248; x_wconf 82' lang='grc' dir='ltr'>πόλει</span> <span class='ocrx_word' id='word_1_787' title='bbox 1848 5193 2052 5269; x_wconf 80' lang='grc' dir='ltr'>διάγων,</span> 
     </span>
    </p>
   </div>
   <div class='ocr_carea' id='block_1_103' title="bbox 465 5275 2050 5361">
    <p class='ocr_par' dir='ltr' id='par_1_103' title="bbox 465 5275 2050 5361">
     <span class='ocr_line' id='line_1_103' title="bbox 465 5275 2050 5361; baseline 0.013 -39"><span class='ocrx_word' id='word_1_788' title='bbox 465 5277 609 5346; x_wconf 83' lang='grc' dir='ltr'>τρεῖς</span> <span class='ocrx_word' id='word_1_789' title='bbox 639 5275 874 5346; x_wconf 82' lang='grc' dir='ltr'>κυριακάς</span> <span class='ocrx_word' id='word_1_790' title='bbox 893 5277 1082 5350; x_wconf 74' lang='grc' dir='ltr'>ἡμέρας</span> <span class='ocrx_word' id='word_1_791' title='bbox 1110 5278 1156 5330; x_wconf 92' lang='grc' dir='ltr'>έν</span> <span class='ocrx_word' id='word_1_792' title='bbox 1180 5283 1344 5355; x_wconf 89' lang='grc' dir='ltr'>τρισίν</span> <span class='ocrx_word' id='word_1_793' title='bbox 1375 5279 1621 5353; x_wconf 78' lang='grc' dir='ltr'>έϐδομάσι</span> <span class='ocrx_word' id='word_1_794' title='bbox 1636 5289 1704 5354; x_wconf 79' lang='grc' dir='ltr'>μή</span> <span class='ocrx_word' id='word_1_795' title='bbox 1726 5287 2050 5361; x_wconf 67' lang='grc' dir='ltr'>πνέρχοιτο,</span> 
     </span>
    </p>
   </div>
   <div class='ocr_carea' id='block_1_104' title="bbox 470 5362 2051 5447">
    <p class='ocr_par' dir='ltr' id='par_1_104' title="bbox 470 5362 2051 5447">
     <span class='ocr_line' id='line_1_104' title="bbox 470 5362 2051 5447; baseline 0.011 -32"><span class='ocrx_word' id='word_1_796' title='bbox 470 5362 754 5418; x_wconf 71' lang='grc' dir='ltr'>άποκινοῐτο</span> <span class='ocrx_word' id='word_1_797' title='bbox 775 5373 865 5426; x_wconf 63' lang='lat'>712&#39;;</span> <span class='ocrx_word' id='word_1_798' title='bbox 891 5371 1142 5429; x_wconf 76' lang='grc' dir='ltr'>κοινωνίας</span> <span class='ocrx_word' id='word_1_799' title='bbox 1185 5373 1230 5424; x_wconf 83' lang='grc' dir='ltr'>εἰ</span> <span class='ocrx_word' id='word_1_800' title='bbox 1247 5373 1414 5426; x_wconf 89' lang='grc' dir='ltr'>τοίνυν</span> <span class='ocrx_word' id='word_1_801' title='bbox 1436 5379 1553 5447; x_wconf 79' lang='grc' dir='ltr'>περὶ</span> <span class='ocrx_word' id='word_1_802' title='bbox 1579 5382 1679 5430; x_wconf 85' lang='grc' dir='ltr'>τῶν</span> <span class='ocrx_word' id='word_1_803' title='bbox 1705 5377 1883 5431; x_wconf 79' lang='grc' dir='ltr'>λαῖκῶν</span> <span class='ocrx_word' id='word_1_804' title='bbox 1901 5387 2051 5436; x_wconf 83' lang='grc' dir='ltr'>τοῦτο</span> 
     </span>
    </p>
   </div>
   <div class='ocr_carea' id='block_1_105' title="bbox 466 5454 2047 5544">
    <p class='ocr_par' dir='ltr' id='par_1_105' title="bbox 466 5454 2047 5544">
     <span class='ocr_line' id='line_1_105' title="bbox 466 5454 2047 5544; baseline 0.012 -37"><span class='ocrx_word' id='word_1_805' title='bbox 466 5454 813 5516; x_wconf 80' lang='grc' dir='ltr'>τεθέσπισται,</span> <span class='ocrx_word' id='word_1_806' title='bbox 845 5459 902 5509; x_wconf 86' lang='grc' dir='ltr'>ού</span> <span class='ocrx_word' id='word_1_807' title='bbox 941 5465 1070 5534; x_wconf 71' lang='grc' dir='ltr'>χρη.</span> <span class='ocrx_word' id='word_1_808' title='bbox 1108 5459 1218 5515; x_wconf 71' lang='grc' dir='ltr'>οὐδὲ</span> <span class='ocrx_word' id='word_1_809' title='bbox 1251 5465 1454 5538; x_wconf 87' lang='grc' dir='ltr'>πρέπει,</span> <span class='ocrx_word' id='word_1_810' title='bbox 1485 5465 1589 5518; x_wconf 77' lang='grc' dir='ltr'>ἀλλ’</span> <span class='ocrx_word' id='word_1_811' title='bbox 1610 5465 1721 5521; x_wconf 73' lang='grc' dir='ltr'>οὐδέ</span> <span class='ocrx_word' id='word_1_812' title='bbox 1762 5471 2007 5544; x_wconf 68' lang='grc' dir='ltr'>συμφέρει</span> <span class='ocrx_word' id='word_1_813' title='bbox 2032 5513 2047 5538; x_wconf 93' lang='grc'>,</span> 
     </span>
    </p>
   </div>
   <div class='ocr_carea' id='block_1_106' title="bbox 466 5545 2050 5631">
    <p class='ocr_par' dir='ltr' id='par_1_106' title="bbox 466 5545 2050 5631">
     <span class='ocr_line' id='line_1_106' title="bbox 466 5545 2050 5631; baseline 0.011 -34"><span class='ocrx_word' id='word_1_814' title='bbox 466 5545 777 5608; x_wconf 65' lang='grc' dir='ltr'>ἐπίσκοπον,</span> <span class='ocrx_word' id='word_1_815' title='bbox 823 5549 865 5600; x_wconf 84' lang='grc' dir='ltr'>εί</span> <span class='ocrx_word' id='word_1_816' title='bbox 904 5548 1148 5620; x_wconf 76' lang='grc' dir='ltr'>μηδεμίαν</span> <span class='ocrx_word' id='word_1_817' title='bbox 1189 5552 1478 5631; x_wconf 86' lang='grc' dir='ltr'>βαρυτέραν</span> <span class='ocrx_word' id='word_1_818' title='bbox 1530 5555 1748 5631; x_wconf 82' lang='grc' dir='ltr'>ἀνάγκην</span> <span class='ocrx_word' id='word_1_819' title='bbox 1807 5557 1965 5630; x_wconf 69' lang='grc' dir='ltr'>ἔχοι,</span> <span class='ocrx_word' id='word_1_820' title='bbox 2020 5561 2050 5622; x_wconf 79' lang='grc' dir='ltr'><em>ἧ</em></span> 
     </span>
    </p>
   </div>
   <div class='ocr_carea' id='block_1_107' title="bbox 466 5636 2044 5715">
    <p class='ocr_par' dir='ltr' id='par_1_107' title="bbox 466 5636 2044 5715">
     <span class='ocr_line' id='line_1_107' title="bbox 466 5636 2044 5715; baseline 0.01 -23"><span class='ocrx_word' id='word_1_821' title='bbox 466 5642 679 5714; x_wconf 79' lang='grc' dir='ltr'>πρᾶγμα</span> <span class='ocrx_word' id='word_1_822' title='bbox 708 5636 984 5715; x_wconf 83' lang='grc' dir='ltr'>δυσχερές,</span> <span class='ocrx_word' id='word_1_823' title='bbox 1018 5642 1334 5701; x_wconf 83' lang='grc' dir='ltr'>έπιπλεῑστον</span> <span class='ocrx_word' id='word_1_824' title='bbox 1354 5647 1715 5705; x_wconf 80' lang='grc' dir='ltr'>ἀπολείπεσθαι</span> <span class='ocrx_word' id='word_1_825' title='bbox 1741 5658 1832 5714; x_wconf 79' lang='grc' dir='ltr'>τῆς</span> <span class='ocrx_word' id='word_1_826' title='bbox 1861 5651 2044 5708; x_wconf 84' lang='grc' dir='ltr'>έαυτοῦ</span> 
     </span>
    </p>
   </div>
   <div class='ocr_carea' id='block_1_108' title="bbox 2152 4547 3726 4619">
    <p class='ocr_par' dir='ltr' id='par_1_108' title="bbox 2152 4547 3726 4619">
     <span class='ocr_line' id='line_1_108' title="bbox 2152 4547 3726 4619; baseline -0.001 -16"><span class='ocrx_word' id='word_1_827' title='bbox 2152 4561 2440 4619; x_wconf 74' lang='lat' dir='ltr'><strong>praetextus</strong></span> <span class='ocrx_word' id='word_1_828' title='bbox 2469 4551 2606 4605; x_wconf 86' lang='lat' dir='ltr'><strong>solet</strong></span> <span class='ocrx_word' id='word_1_829' title='bbox 2635 4552 2814 4607; x_wconf 87' lang='lat' dir='ltr'><strong>turbas</strong></span> <span class='ocrx_word' id='word_1_830' title='bbox 2838 4552 3097 4618; x_wconf 75' lang='lat' dir='ltr'><strong>excitare)</strong></span> <span class='ocrx_word' id='word_1_831' title='bbox 3116 4567 3213 4606; x_wconf 87' lang='lat' dir='ltr'>uec</span> <span class='ocrx_word' id='word_1_832' title='bbox 3241 4551 3505 4618; x_wconf 81' lang='lat' dir='ltr'><strong>ejusmodi</strong></span> <span class='ocrx_word' id='word_1_833' title='bbox 3529 4547 3726 4606; x_wconf 87' lang='lat' dir='ltr'><strong>callidi-</strong></span> 
     </span>
    </p>
   </div>
   <div class='ocr_carea' id='block_1_109' title="bbox 2151 4643 3723 4699">
    <p class='ocr_par' dir='ltr' id='par_1_109' title="bbox 2151 4643 3723 4699">
     <span class='ocr_line' id='line_1_109' title="bbox 2151 4643 3723 4699; baseline 0 -4"><span class='ocrx_word' id='word_1_834' title='bbox 2151 4650 2256 4696; x_wconf 90' lang='lat' dir='ltr'><strong>tate</strong></span> <span class='ocrx_word' id='word_1_835' title='bbox 2291 4643 2519 4697; x_wconf 89' lang='lat' dir='ltr'><strong>alienam</strong></span> <span class='ocrx_word' id='word_1_836' title='bbox 2561 4643 2744 4698; x_wconf 87' lang='lat' dir='ltr'><strong>sedem</strong></span> <span class='ocrx_word' id='word_1_837' title='bbox 2784 4645 2884 4699; x_wconf 90' lang='lat' dir='ltr'><strong>sibi</strong></span> <span class='ocrx_word' id='word_1_838' title='bbox 2913 4645 3204 4699; x_wconf 87' lang='lat' dir='ltr'><strong>conciliare</strong></span> <span class='ocrx_word' id='word_1_839' title='bbox 3235 4653 3291 4699; x_wconf 88' lang='lat' dir='ltr'>et.</span> <span class='ocrx_word' id='word_1_840' title='bbox 3319 4643 3596 4699; x_wconf 85' lang='lat' dir='ltr'><strong>attrahere</strong></span> <span class='ocrx_word' id='word_1_841' title='bbox 3623 4652 3723 4697; x_wconf 79' lang='lat' dir='ltr'><strong>stu—</strong></span> 
     </span>
    </p>
   </div>
   <div class='ocr_carea' id='block_1_110' title="bbox 2153 4733 3726 4799">
    <p class='ocr_par' dir='ltr' id='par_1_110' title="bbox 2153 4733 3726 4799">
     <span class='ocr_line' id='line_1_110' title="bbox 2153 4733 3726 4799; baseline -0.001 -11"><span class='ocrx_word' id='word_1_842' title='bbox 2153 4733 2313 4799; x_wconf 84' lang='lat' dir='ltr'><strong>deat,</strong></span> <span class='ocrx_word' id='word_1_843' title='bbox 2363 4751 2466 4788; x_wconf 91' lang='lat' dir='ltr'>non</span> <span class='ocrx_word' id='word_1_844' title='bbox 2514 4736 2763 4791; x_wconf 87' lang='lat' dir='ltr'><strong>dubitans</strong></span> <span class='ocrx_word' id='word_1_845' title='bbox 2807 4737 2906 4791; x_wconf 89' lang='lat' dir='ltr'><strong>sibi</strong></span> <span class='ocrx_word' id='word_1_846' title='bbox 2957 4737 3202 4792; x_wconf 83' lang='lat' dir='ltr'><strong>traditam</strong></span> <span class='ocrx_word' id='word_1_847' title='bbox 3247 4737 3532 4792; x_wconf 88' lang='lat' dir='ltr'><strong>ecclesiam</strong></span> <span class='ocrx_word' id='word_1_848' title='bbox 3584 4734 3726 4790; x_wconf 81' lang='lat' dir='ltr'><strong>relin-</strong></span> 
     </span>
    </p>
   </div>
   <div class='ocr_carea' id='block_1_111' title="bbox 2154 4825 3725 4897">
    <p class='ocr_par' dir='ltr' id='par_1_111' title="bbox 2154 4825 3725 4897">
     <span class='ocr_line' id='line_1_111' title="bbox 2154 4825 3725 4897; baseline 0.001 -20"><span class='ocrx_word' id='word_1_849' title='bbox 2154 4841 2342 4895; x_wconf 79' lang='lat' dir='ltr'><strong>quere,</strong></span> <span class='ocrx_word' id='word_1_850' title='bbox 2377 4837 2432 4882; x_wconf 89' lang='lat' dir='ltr'>et</span> <span class='ocrx_word' id='word_1_851' title='bbox 2469 4828 2520 4881; x_wconf 90' lang='lat' dir='ltr'>in</span> <span class='ocrx_word' id='word_1_852' title='bbox 2548 4829 2706 4881; x_wconf 87' lang='lat' dir='ltr'><strong>aliam</strong></span> <span class='ocrx_word' id='word_1_853' title='bbox 2739 4829 2987 4883; x_wconf 87' lang='lat' dir='ltr'><strong>transire.</strong></span> <span class='ocrx_word' id='word_1_854' title='bbox 3019 4828 3096 4881; x_wconf 78' lang='lat' dir='ltr'>Ad</span> <span class='ocrx_word' id='word_1_855' title='bbox 3124 4827 3226 4882; x_wconf 84' lang='lat' dir='ltr'>hoc</span> <span class='ocrx_word' id='word_1_856' title='bbox 3251 4843 3378 4897; x_wconf 72' lang='lat' dir='ltr'><strong>ergo</strong></span> <span class='ocrx_word' id='word_1_857' title='bbox 3408 4839 3620 4896; x_wconf 89' lang='lat' dir='ltr'><strong>tempus</strong></span> <span class='ocrx_word' id='word_1_858' title='bbox 3642 4825 3725 4878; x_wconf 80' lang='lat' dir='ltr'><strong>de-</strong></span> 
     </span>
    </p>
   </div>
   <div class='ocr_carea' id='block_1_112' title="bbox 2156 4918 3728 4989">
    <p class='ocr_par' dir='ltr' id='par_1_112' title="bbox 2156 4918 3728 4989">
     <span class='ocr_line' id='line_1_112' title="bbox 2156 4918 3728 4989; baseline -0.001 -17"><span class='ocrx_word' id='word_1_859' title='bbox 2156 4921 2444 4974; x_wconf 86' lang='lat' dir='ltr'><strong>llnieudum</strong></span> <span class='ocrx_word' id='word_1_860' title='bbox 2482 4931 2585 4975; x_wconf 85' lang='lat' dir='ltr'><strong>est.</strong></span> <span class='ocrx_word' id='word_1_861' title='bbox 2624 4919 2757 4974; x_wconf 85' lang='lat' dir='ltr'><strong>Nam</strong></span> <span class='ocrx_word' id='word_1_862' title='bbox 2806 4921 3113 4989; x_wconf 88' lang='lat' dir='ltr'><strong>episcopum</strong></span> <span class='ocrx_word' id='word_1_863' title='bbox 3143 4935 3248 4973; x_wconf 89' lang='lat' dir='ltr'>non</span> <span class='ocrx_word' id='word_1_864' title='bbox 3277 4918 3462 4989; x_wconf 87' lang='lat' dir='ltr'><strong>recipi.</strong></span> <span class='ocrx_word' id='word_1_865' title='bbox 3497 4918 3728 4973; x_wconf 75' lang='lat' dir='ltr'><strong>inhuma-</strong></span> 
     </span>
    </p>
   </div>
   <div class='ocr_carea' id='block_1_113' title="bbox 2158 5008 3724 5068">
    <p class='ocr_par' dir='ltr' id='par_1_113' title="bbox 2158 5008 3724 5068">
     <span class='ocr_line' id='line_1_113' title="bbox 2158 5008 3724 5068; baseline -0.003 -3"><span class='ocrx_word' id='word_1_866' title='bbox 2158 5026 2283 5066; x_wconf 89' lang='lat' dir='ltr'><strong>num</strong></span> <span class='ocrx_word' id='word_1_867' title='bbox 2308 5019 2363 5065; x_wconf 87' lang='lat' dir='ltr'>ct</span> <span class='ocrx_word' id='word_1_868' title='bbox 2392 5011 2601 5066; x_wconf 86' lang='lat' dir='ltr'><strong>iucivile</strong></span> <span class='ocrx_word' id='word_1_869' title='bbox 2626 5011 2984 5065; x_wconf 74' lang='lat' dir='ltr'><strong>existimatum</strong></span> <span class='ocrx_word' id='word_1_870' title='bbox 3011 5019 3113 5064; x_wconf 89' lang='lat' dir='ltr'><strong>est.</strong></span> <span class='ocrx_word' id='word_1_871' title='bbox 3139 5008 3514 5065; x_wconf 80' lang='lat' dir='ltr'><strong>Recordemini</strong></span> <span class='ocrx_word' id='word_1_872' title='bbox 3541 5018 3724 5068; x_wconf 87' lang='lat' dir='ltr'><strong>autem,</strong></span> 
     </span>
    </p>
   </div>
   <div class='ocr_carea' id='block_1_114' title="bbox 2157 5100 3726 5174">
    <p class='ocr_par' dir='ltr' id='par_1_114' title="bbox 2157 5100 3726 5174">
     <span class='ocr_line' id='line_1_114' title="bbox 2157 5100 3726 5174; baseline -0.004 -18"><span class='ocrx_word' id='word_1_873' title='bbox 2157 5113 2336 5174; x_wconf 86' lang='lat' dir='ltr'><strong>patres</strong></span> <span class='ocrx_word' id='word_1_874' title='bbox 2367 5114 2580 5159; x_wconf 88' lang='lat' dir='ltr'><strong>nostros</strong></span> <span class='ocrx_word' id='word_1_875' title='bbox 2617 5105 2667 5158; x_wconf 89' lang='lat' dir='ltr'><strong>in</strong></span> <span class='ocrx_word' id='word_1_876' title='bbox 2709 5113 2948 5172; x_wconf 87' lang='lat' dir='ltr'><strong>tempore</strong></span> <span class='ocrx_word' id='word_1_877' title='bbox 2976 5103 3252 5174; x_wconf 69' lang='lat' dir='ltr'><strong>praeterito</strong></span> <span class='ocrx_word' id='word_1_878' title='bbox 3285 5100 3616 5171; x_wconf 75' lang='lat' dir='ltr'><strong>iudicavisse</strong></span> <span class='ocrx_word' id='word_1_879' title='bbox 3637 5141 3650 5165; x_wconf 87' lang='lat'>,</span> <span class='ocrx_word' id='word_1_880' title='bbox 3679 5104 3726 5150; x_wconf 89' lang='lat' dir='ltr'>ut</span> 
     </span>
    </p>
   </div>
   <div class='ocr_carea' id='block_1_115' title="bbox 2157 5189 3723 5264">
    <p class='ocr_par' dir='ltr' id='par_1_115' title="bbox 2157 5189 3723 5264">
     <span class='ocr_line' id='line_1_115' title="bbox 2157 5189 3723 5264; baseline -0.004 -16"><span class='ocrx_word' id='word_1_881' title='bbox 2157 5194 2201 5248; x_wconf 87' lang='lat' dir='ltr'>si</span> <span class='ocrx_word' id='word_1_882' title='bbox 2229 5197 2348 5264; x_wconf 89' lang='lat' dir='ltr'><strong>quis</strong></span> <span class='ocrx_word' id='word_1_883' title='bbox 2377 5195 2544 5250; x_wconf 80' lang='lat' dir='ltr'><strong>laicus</strong></span> <span class='ocrx_word' id='word_1_884' title='bbox 2577 5195 2628 5248; x_wconf 90' lang='lat' dir='ltr'>in</span> <span class='ocrx_word' id='word_1_885' title='bbox 2660 5194 2833 5264; x_wconf 82' lang='lat' dir='ltr'><strong>aliqua</strong></span> <span class='ocrx_word' id='word_1_886' title='bbox 2861 5194 2992 5248; x_wconf 89' lang='lat' dir='ltr'><strong>urbe</strong></span> <span class='ocrx_word' id='word_1_887' title='bbox 3020 5208 3205 5262; x_wconf 77' lang='lat' dir='ltr'><strong>agens,</strong></span> <span class='ocrx_word' id='word_1_888' title='bbox 3240 5194 3408 5248; x_wconf 88' lang='lat' dir='ltr'><strong>tribus</strong></span> <span class='ocrx_word' id='word_1_889' title='bbox 3427 5192 3622 5249; x_wconf 84' lang='lat' dir='ltr'><strong>diebus</strong></span> <span class='ocrx_word' id='word_1_890' title='bbox 3643 5189 3723 5245; x_wconf 88' lang='lat' dir='ltr'><strong>do-</strong></span> 
     </span>
    </p>
   </div>
   <div class='ocr_carea' id='block_1_116' title="bbox 2158 5279 3727 5348">
    <p class='ocr_par' dir='ltr' id='par_1_116' title="bbox 2158 5279 3727 5348">
     <span class='ocr_line' id='line_1_116' title="bbox 2158 5279 3727 5348; baseline -0.006 -6"><span class='ocrx_word' id='word_1_891' title='bbox 2158 5288 2370 5342; x_wconf 89' lang='lat' dir='ltr'><strong>minicis</strong></span> <span class='ocrx_word' id='word_1_892' title='bbox 2415 5288 2466 5340; x_wconf 91' lang='lat' dir='ltr'><strong>in</strong></span> <span class='ocrx_word' id='word_1_893' title='bbox 2515 5286 2684 5340; x_wconf 88' lang='lat' dir='ltr'><strong>tribus</strong></span> <span class='ocrx_word' id='word_1_894' title='bbox 2734 5283 3154 5340; x_wconf 88' lang='lat' dir='ltr'><strong>hebdomadibus</strong></span> <span class='ocrx_word' id='word_1_895' title='bbox 3202 5299 3308 5339; x_wconf 92' lang='lat' dir='ltr'>non</span> <span class='ocrx_word' id='word_1_896' title='bbox 3353 5285 3654 5348; x_wconf 85' lang='lat' dir='ltr'><strong>conveniat,</strong></span> <span class='ocrx_word' id='word_1_897' title='bbox 3691 5279 3727 5333; x_wconf 89' lang='lat' dir='ltr'>is</span> 
     </span>
    </p>
   </div>
   <div class='ocr_carea' id='block_1_117' title="bbox 2156 5375 3728 5445">
    <p class='ocr_par' dir='ltr' id='par_1_117' title="bbox 2156 5375 3728 5445">
     <span class='ocr_line' id='line_1_117' title="bbox 2156 5375 3728 5445; baseline -0.006 -12"><span class='ocrx_word' id='word_1_898' title='bbox 2156 5378 2532 5433; x_wconf 86' lang='lat' dir='ltr'><strong>communione</strong></span> <span class='ocrx_word' id='word_1_899' title='bbox 2569 5389 2861 5431; x_wconf 84' lang='lat' dir='ltr'><strong>moveatur.</strong></span> <span class='ocrx_word' id='word_1_900' title='bbox 2900 5377 2956 5430; x_wconf 91' lang='lat' dir='ltr'>Si</span> <span class='ocrx_word' id='word_1_901' title='bbox 3001 5375 3099 5430; x_wconf 89' lang='lat' dir='ltr'>hoc</span> <span class='ocrx_word' id='word_1_902' title='bbox 3127 5392 3255 5445; x_wconf 77' lang='lat' dir='ltr'><strong>ergo</strong></span> <span class='ocrx_word' id='word_1_903' title='bbox 3286 5375 3352 5431; x_wconf 90' lang='lat' dir='ltr'>de</span> <span class='ocrx_word' id='word_1_904' title='bbox 3389 5375 3540 5430; x_wconf 87' lang='lat' dir='ltr'><strong>laicis</strong></span> <span class='ocrx_word' id='word_1_905' title='bbox 3585 5382 3728 5430; x_wconf 82' lang='lat' dir='ltr'><strong>statu-</strong></span> 
     </span>
    </p>
   </div>
   <div class='ocr_carea' id='block_1_118' title="bbox 2156 5467 3726 5538">
    <p class='ocr_par' dir='ltr' id='par_1_118' title="bbox 2156 5467 3726 5538">
     <span class='ocr_line' id='line_1_118' title="bbox 2156 5467 3726 5538; baseline -0.004 -14"><span class='ocrx_word' id='word_1_906' title='bbox 2156 5481 2268 5524; x_wconf 88' lang='lat' dir='ltr'>tum</span> <span class='ocrx_word' id='word_1_907' title='bbox 2311 5480 2411 5536; x_wconf 68' lang='lat' dir='ltr'><strong>est,</strong></span> <span class='ocrx_word' id='word_1_908' title='bbox 2445 5485 2546 5522; x_wconf 89' lang='lat' dir='ltr'>non</span> <span class='ocrx_word' id='word_1_909' title='bbox 2590 5479 2821 5538; x_wconf 80' lang='lat' dir='ltr'><strong>oportet,</strong></span> <span class='ocrx_word' id='word_1_910' title='bbox 2859 5482 2957 5522; x_wconf 91' lang='lat' dir='ltr'>nec</span> <span class='ocrx_word' id='word_1_911' title='bbox 2998 5469 3284 5533; x_wconf 84' lang='lat' dir='ltr'><strong>convenit,</strong></span> <span class='ocrx_word' id='word_1_912' title='bbox 3321 5467 3417 5521; x_wconf 86' lang='lat' dir='ltr'>sed</span> <span class='ocrx_word' id='word_1_913' title='bbox 3460 5481 3633 5536; x_wconf 83' lang='lat' dir='ltr'><strong>neque</strong></span> <span class='ocrx_word' id='word_1_914' title='bbox 3660 5469 3726 5517; x_wconf 81' lang='lat' dir='ltr'>est</span> 
     </span>
    </p>
   </div>
   <div class='ocr_carea' id='block_1_119' title="bbox 2153 5552 3725 5630">
    <p class='ocr_par' dir='ltr' id='par_1_119' title="bbox 2153 5552 3725 5630">
     <span class='ocr_line' id='line_1_119' title="bbox 2153 5552 3725 5630; baseline -0.002 -15"><span class='ocrx_word' id='word_1_915' title='bbox 2153 5561 2285 5616; x_wconf 85' lang='lat' dir='ltr'><strong>utile</strong></span> <span class='ocrx_word' id='word_1_916' title='bbox 2311 5561 2646 5630; x_wconf 86' lang='lat' dir='ltr'><strong>episcopum,</strong></span> <span class='ocrx_word' id='word_1_917' title='bbox 2673 5558 2720 5613; x_wconf 85' lang='lat' dir='ltr'><strong>si</strong></span> <span class='ocrx_word' id='word_1_918' title='bbox 2752 5556 2948 5611; x_wconf 89' lang='lat' dir='ltr'><strong>nullam</strong></span> <span class='ocrx_word' id='word_1_919' title='bbox 2992 5555 3152 5611; x_wconf 81' lang='lat' dir='ltr'><strong>habet</strong></span> <span class='ocrx_word' id='word_1_920' title='bbox 3175 5559 3481 5627; x_wconf 78' lang='lat' dir='ltr'><strong>graviorem</strong></span> <span class='ocrx_word' id='word_1_921' title='bbox 3511 5552 3725 5613; x_wconf 77' lang='lat' dir='ltr'><strong>necessi-</strong></span> 
     </span>
    </p>
   </div>
   <div class='ocr_carea' id='block_1_120' title="bbox 2155 5643 3722 5721">
    <p class='ocr_par' dir='ltr' id='par_1_120' title="bbox 2155 5643 3722 5721">
     <span class='ocr_line' id='line_1_120' title="bbox 2155 5643 3722 5721; baseline -0.006 -13"><span class='ocrx_word' id='word_1_922' title='bbox 2155 5659 2338 5718; x_wconf 81' lang='lat' dir='ltr'><strong>tatem,</strong></span> <span class='ocrx_word' id='word_1_923' title='bbox 2365 5650 2445 5706; x_wconf 90' lang='lat' dir='ltr'>vcl</span> <span class='ocrx_word' id='word_1_924' title='bbox 2480 5650 2751 5721; x_wconf 75' lang='lat' dir='ltr'><strong>negetium</strong></span> <span class='ocrx_word' id='word_1_925' title='bbox 2790 5647 3082 5714; x_wconf 78' lang='lat' dir='ltr'><strong>difﬁcilius,</strong></span> <span class='ocrx_word' id='word_1_926' title='bbox 3113 5663 3143 5701; x_wconf 73' lang='grc' dir='ltr'>ιι</span> <span class='ocrx_word' id='word_1_927' title='bbox 3173 5665 3273 5706; x_wconf 86' lang='lat' dir='ltr'>sua</span> <span class='ocrx_word' id='word_1_928' title='bbox 3295 5648 3524 5705; x_wconf 69' lang='lat' dir='ltr'><strong>ecclesia</strong></span> <span class='ocrx_word' id='word_1_929' title='bbox 3544 5643 3722 5704; x_wconf 71' lang='lat' dir='ltr'><strong>diutius</strong></span> 
     </span>
    </p>
   </div>
  </div>
