3910 6212
172 283 353 350 1325,
599 282 914 344 CANONES
949 284 1082 345 OSll
1118 286 1205 341 ΕΤ
1245 286 1341 344 SS.
1386 278 1666 346 PATRUM
1703 287 1780 355 Οἱ

1888 290 2174 349 ΑΒΟΙΟιΕ
2213 292 2478 351 SYNODO
2515 295 3041 357 CONVENERUNT.
3319 303 3460 360 1526

169 398 410 466 abesse,
438 408 495 455 et
521 399 621 454 sibi
652 400 995 456 commissum
1026 401 1272 471 populum
1301 401 1638 457 contristare.
1659 400 1780 456 0m-

1888 402 2165 468 ἐκκλησίας,
2197 410 2281 461 καί
2311 406 2403 478 (al.
2433 410 2626 480 λιπεῖν)
2663 414 2840 469 λυπεῖν
2881 415 2966 471 τόν
2997 418 3456 493 ίμπεπιστευμένον

171 503 288 544 nes
314 489 558 562 episcopi
588 491 836 545 dixerunt
866 492 1000 546 banc
1046 507 1258 563 quoque
1302 492 1615 547 sententiam
1664 507 1782 547 esse

1884 496 2018 565 αὐτῷ
2052 494 2191 550 λαόν.
2226 496 2446 562 ἅπαντες
2484 503 2532 555 οί
2575 503 2842 560 ἐπίσκοποι
2880 508 3126 585 εἰρήκασι.
3157 513 3238 565 καὶ
3264 513 3456 573 ταύτην

173 583 784 638 oonvenientissimam.

1879 591 1970 644 τήν
1994 590 2194 661 γνώμην
2220 587 2413 666 σφόδρα
2439 588 2563 648 εἶναι
2588 596 3016 669 πρεπωδεστάτην
3038 599 3320 678 ὁριζόμεθα.

261 693 358 749 XI.
414 693 576 750 Osius
601 697 882 767 episcopus
922 697 1089 752 dixit:
1118 696 1248 764 Quia
1283 698 1412 753 niltil
1443 709 1524 755 est
1559 709 1781 770 praeter-

177 786 551 853 mittendum,
606 788 706 842 hoc
734 805 943 859 quoque
992 790 1295 844 deﬁniatur.
1329 790 1549 858 Quidam
1591 791 1783 848 fratres

178 887 237 931 cl
272 879 589 948 coepiSropi
618 879 669 933 in
696 881 1004 936 civitatibus
1028 922 1041 946 ,
1076 881 1125 935 in
1154 882 1345 949 quibus
1370 883 1600 953 episcopi
1626 899 1782 939 cons-

181 970 489 1036 litttutitur,
535 972 778 1027 videnlur
810 973 958 1028 Valde
987 989 1146 1042 pauca
1175 1013 1187 1038 ,
1242 992 1359 1044 qua:
1390 974 1487 1030 sibi
1527 977 1631 1029 sint
1663 991 1784 1045 pro-

179 1061 306 1133 pria
328 1103 344 1126 ,
381 1063 688 1132 possidere;
736 1064 785 1118 in
826 1065 943 1118 aliis
969 1075 1144 1118 autem
1175 1065 1304 1119 locis
1331 1082 1545 1136 magnas
1573 1082 1783 1137 posscs-

178 1154 413 1219 siunes,
441 1171 504 1209 ex
546 1155 735 1226 quibus
765 1155 921 1209 etiam
969 1167 1185 1224 possunt
1215 1172 1368 1226 Opem
1420 1155 1556 1212 ferre
1588 1173 1782 1227 paupe-

179 1245 376 1300 ribus:
412 1247 477 1300 iis
508 1246 662 1314 igitur
703 1247 772 1298 ita
818 1260 939 1300 esse
983 1246 1381 1302 concedendum
1405 1247 1622 1317 judico,
1654 1259 1709 1302 ut
1738 1249 1780 1301 si

181 1333 238 1389 in
289 1351 424 1390 suas
460 1336 829 1405 possessiones
866 1337 1070 1391 venturi
1108 1347 1265 1402 sunt,
1312 1349 1366 1394 et
1415 1337 1611 1393 fructus
1658 1355 1783 1394 suos

182 1426 516 1492 collectnri,
567 1428 734 1482 tribus
777 1427 965 1482 diebus
1005 1428 1321 1495 dominicis,
1373 1428 1565 1496 idest,
1615 1431 1784 1484 tribus

183 1519 513 1590 septimanis
543 1521 592 1573 in
639 1520 749 1573 suis
795 1519 1220 1589 possessionibus
1250 1520 1477 1589 degant;
1511 1529 1564 1574 et
1612 1521 1662 1574 in
1691 1535 1782 1575 cc-

186 1611 362 1666 clesia
390 1653 403 1676 ,
451 1627 569 1681 qua;
601 1626 764 1681 prope
806 1621 918 1675 est,
964 1613 1015 1666 in
1057 1627 1160 1680 qua
1205 1613 1484 1683 presbyter
1533 1613 1782 1684 pepulttm

188 1713 521 1774 congregat,
567 1720 634 1760 ne
664 1705 1090 1776 congregationis
1115 1720 1306 1775 expers
1351 1709 1469 1761 οπο
1510 1708 1780 1770 videatur,

189 1802 519 1864 conveniat,
548 1809 602 1854 et
629 1775 805 1854 ofﬁcia
833 1799 1007 1853 divina
1051 1800 1239 1867 obeat;
1273 1810 1326 1855 et
1355 1815 1419 1854 ne
1451 1800 1779 1869 frequentius
1813 1775 1857 1833 Β

1953 725 2036 778 ια’.
2075 724 2247 789 Ὅσιος
2275 730 2547 794 ἐπίσκοπος
2572 728 2724 788 εἶπεν·
2748 735 2946 797 Ἐπειδὴ
2985 738 3124 795 οὐδέν
3155 743 3265 799 ἐστι
3287 765 3454 820 παρα-

1879 814 2122 882 λειπτέον,
2151 823 2233 872 καί
2250 827 2400 877 τοῦτο
2422 822 2688 897 ὁρισθήτω.
2720 832 2859 888 Τινὲς
2879 831 3215 907 τῶνξάδελφῶν
3229 841 3310 890 καὶ
3328 859 3425 892 συν
3441 868 3452 878 -

1881 904 2166 963 επισκόπων
2191 910 2239 962 ἐν
2267 921 2379 972 ταῖς
2403 913 2624 977 πόλεσιν,
2658 919 2706 971 ἐν
2723 915 2802 980 αἷς
2821 922 3085 978 ἐπίσκοποι
3109 930 3448 997 καθίστανται,

1882 995 2090 1055 δοκοῦσι
2115 1006 2381 1061 κεκτῆσθαι
2405 1002 2599 1082 σφόδρα
2628 1009 2768 1082 ὀλίγα
2797 1012 3108 1090 ὑπάρχοντα
3125 1016 3244 1074 ἴδια·
3273 1027 3319 1075 δν
3345 1023 3452 1077 έτὲ·

1881 1108 1988 1162 ροις
2012 1087 2064 1143 δέ
2088 1086 2262 1153 τόποις
2302 1098 2499 1155 κτήσεις
2523 1099 2764 1170 μεγάλας,
2791 1104 2839 1166 ιξ
2869 1101 2935 1158 ὧν
2963 1111 3042 1160 καί
3062 1114 3338 1185 ῖπικουρεῖν
3364 1113 3425 1170 δυ
3442 1144 3453 1152 ·

1883 1183 2021 1234 νατοί
2063 1185 2159 1236 εἱσι
2187 1192 2294 1244 τοῖς
2328 1187 2553 1246 πένησιν.
2589 1189 2750 1254 οὕτως
2776 1189 2868 1247 οὖν
2893 1197 3061 1258 αὐτοῖς
3087 1206 3453 1279 συγχωρητέον

1883 1266 2007 1326 εἶναι
2033 1276 2200 1349 κρίνω,
2227 1277 2308 1331 ἵνα
2338 1281 2381 1332 εί
2411 1280 2630 1350 μέλλοιεν
2657 1285 2727 1346 είς
2746 1287 2839 1347 τάς
2866 1287 3056 1344 έαυτῶν
3086 1298 3452 1369 παραγίνεσθαι

1883 1367 2100 1428 κτήσεις,
2125 1369 2206 1420 και
2231 1373 2320 1426 τήν
2349 1372 2654 1441 aur/minaris
2675 1383 2772 1431 τῶν
2793 1388 2998 1455 καρπῶν
3018 1386 3284 1450 ποιεῖσθαι,
3317 1398 3452 1464 τρεῖς

1885 1459 2129 1529 κυριακάς
2159 1460 2368 1533 ἡμέρας.
2409 1465 2546 1520 τοῦτ’
2589 1464 2714 1531 ἔστι,
2768 1480 2904 1546 τρεῖς
2944 1472 3227 1547 ἑϐδομάδας
3263 1487 3310 1536 έν
3346 1459 3454 1546 τοῖς

1885 1545 2078 1601 έαυτῶν
2107 1554 2351 1621 κτήμασιν
2394 1555 2579 1618 αὐτοὺς
2621 1555 2826 1632 διάγειν,
2877 1564 2924 1618 ἐν
2961 1574 3023 1642 τῇ
3066 1569 3452 1642 άγχιστευούση

1886 1635 2137 1716 έκκλησίᾳ,
2161 1640 2211 1696 ἐν
2235 1641 2633 1724 ᾖπρεσϐὐτερος
2660 1654 2892 1726 συνάγοι,
2920 1635 3049 1736 ὑπέρ
3075 1635 3175 1717 τὲῖ
3192 1671 3260 1736 μή
3285 1635 3453 1743 χωρίς

1887 1733 2230 1794 συνελεύσεως
2261 1738 2406 1792 αὐτόν
2429 1737 2587 1795 δοκεῖν
2608 1737 2749 1803 εἶναι,
2774 1733 3117 1823 συνερχεσθαι
3132 1759 3213 1810 καί
3236 1733 3454 1834 λειτουρα

1885 1836 2014 1898 ⁹γεῖν,
2042 1833 2124 1884 καί
2145 1837 2214 1902 μὴ
2239 1835 2611 1908 συνεχέστερον
2650 1839 2719 1900 είς
2748 1847 2838 1899 τήν
2869 1840 3030 1909 πόλιν,
3050 1845 3101 1902 έν
3171 1848 3304 1908 έστιν
3345 1833 3456 1912 έπέ-

191 1893 248 1948 in
278 1893 530 1956 civitate,
565 1894 615 1948 in
664 1909 764 1964 qua
814 1903 897 1949 est
942 1893 1259 1961 episeonus,
1309 1893 1465 1948 adsit.
1518 1893 1594 1948 Eo
1637 1894 1779 1947 enim

192 1985 365 2042 modo
394 1994 447 2039 et
474 2000 557 2039 res
595 1984 710 2053 ejus
751 1993 965 2053 propter
995 1985 1158 2054 ipsius
1202 1985 1494 2038 absentiam
1529 1983 1656 2038 nihil
1686 1985 1782 2039 de-

197 2077 443 2132 trinxemi
472 2077 759 2146 patientur,
785 2086 835 2130 ct
856 2077 1173 2145 arrogantiae
1197 2090 1258 2129 ac
1284 2075 1548 2145 superbia:
1577 2077 1780 2131 crimen

198 2166 442 2238 cﬂ‘ugere
473 2167 755 2222 videbitur.
801 2168 999 2222 Omnes
1027 2165 1260 2237 episcopi
1289 2166 1563 2221 dixerunt:
1606 2166 1785 2222 l’lacet

201 2261 325 2317 lucc
347 2277 559 2332 quoque
584 2261 913 2316 constitutio.

280 2417 398 2473 XII.
449 2419 603 2473 Osius
632 2419 911 2487 episcopus
949 2417 1113 2472 dixit:
1148 2416 1256 2471 lloc
1294 2431 1506 2487 quoque
1535 2415 1782 2470 omnibus

207 2511 448 2580 placeat,
480 2521 536 2564 ut
562 2511 605 2564 si
633 2509 919 2576 diaconus,
943 2510 1026 2564 vel
1061 2509 1359 2581 presbyter,
1387 2510 1468 2563 vel
1500 2511 1659 2562 etiam
1687 2509 1784 2561 aii-

204 2605 329 2674 quis
354 2619 416 2658 ex
467 2603 675 2658 clericis
723 2603 795 2658 sit
838 2604 1368 2670 excotnmunieatus,
1415 2611 1470 2657 et
1517 2602 1579 2656 ad
1624 2603 1784 2658 alium

207 2698 554 2765 episcopum,
603 2697 693 2766 qui
740 2713 861 2752 eum
912 2699 1093 2760 novit,
1145 2697 1466 2768 confugerit,
1529 2699 1783 2754 scientem

208 2806 333 2847 eum
365 2805 392 2843 a
436 2791 648 2860 DI‘Opl‘lO
688 2792 940 2860 episc0po
983 2806 1103 2845 esse
1130 2793 1499 2846 communione
1545 2800 1779 2855 motum,

207 2898 318 2941 non
347 2893 594 2951 Oporterc
621 2883 874 2952 episcopo
917 2893 970 2936 et
995 2880 1142 2936 fratri
1172 2897 1269 2936 suo
1300 2881 1547 2950 iujuriam
1589 2881 1786 2935 facien-

212 2983 318 3030 tem
340 3015 353 3036 .
385 2975 434 3029 ei
477 2975 905 3029 communionem
953 2973 1209 3044 praebere.
1244 2973 1336 3029 Sin
1367 2983 1542 3027 autent
1575 2972 1674 3027 boc
1705 2971 1784 3026 fa-

209 3081 335 3124 cere
359 3081 521 3121 ausus
565 3065 723 3120 luerit
745 3106 759 3130 ,
789 3066 940 3126 sciat,
967 3062 1466 3119 cumconvenerlnt
1507 3063 1740 3132 episcopi
1767 3103 1782 3127 ,

209 3158 441 3229 seipsum
468 3173 680 3213 causam
712 3172 832 3212 csse
871 3156 1157 3211 dicturum.
1202 3156 1398 3212 Omnes
1426 3155 1659 3226 episcopi
1703 3155 1783 3209 di-
1814 3149 1858 3212 C

209 3261 403 3306 xerunt
428 3267 442 3304 :
470 3250 580 3304 lloc
606 3248 864 3320 judicium
893 3260 946 3304 et
975 3264 1154 3319 pacem
1197 3264 1360 3321 usque
1387 3248 1680 3313 custodiet,
1730 3258 1787 3305 et

210 3344 450 3402 omnium
477 3341 818 3404 cancer-diam
851 3341 1102 3399 tuebitur.

285 3521 422 3576 Xlll.
454 3520 610 3577 Osius
651 3522 928 3593 episcopus
972 3521 1136 3577 dixit:
1166 3521 1317 3590 Quod
1357 3531 1534 3578 autem
1564 3538 1647 3578 me
1687 3541 1783 3580 un.

212 3615 491 3685 dequaque
517 3624 730 3680 movet,
775 3615 996 3670 reticere
1025 3629 1128 3670 non
1168 3615 1354 3670 debeo.
1383 3616 1439 3671 Si
1485 3615 1785 3672 inveniatur

213 3707 331 3775 quis
357 3706 640 3777 episcopus
679 3707 741 3759 ad
783 3709 913 3760 iram
948 3721 1239 3775 preponsus
1270 3705 1432 3778 (quod
1468 3706 1680 3777 quidem
1715 3709 1782 3763 ab

212 3797 472 3868 ejusmodi
520 3798 734 3853 homine
771 3798 958 3854 abesse
987 3795 1167 3869 debet)
1203 3808 1257 3854 et
1285 3799 1538 3854 adversus
1567 3801 1784 3869 presby-

214 3898 380 3952 terum
403 3930 418 3956 ,
451 3890 533 3944 vel
560 3889 838 3945 diaconum
868 3891 972 3945 cito
1000 3899 1330 3950 commotus.
1363 3906 1483 3946 cum
1509 3907 1572 3946 ex
1613 3892 1783 3947 eccle-

211 3980 286 4036 sia
333 3980 528 4048 ejicere
572 3980 828 4045 voluerit;
903 3979 1284 4050 providendum
1353 3989 1472 4039 est.
1511 3995 1577 4035 ne
1607 3981 1651 4042 is
1699 3997 1782 4036 re-

215 4083 370 4144 pente
412 4071 816 4135 condemnetur,
847 4083 902 4126 et
924 4075 1297 4125 comnmnione
1319 4073 1548 4141 privetur
1583 4072 1782 4129 Omnes

214 4165 444 4232 episcopi
482 4163 758 4219 dixerunt:
804 4163 902 4230 Qui
943 4163 1172 4234 ejicitur,
1224 4173 1534 4234 potestatem
1593 4165 1782 4220 habeat

214 4252 544 4323 confugiendi
592 4253 656 4306 ad
702 4253 1007 4322 episcopum
1039 4253 1347 4322 metropolis
1374 4253 1614 4320 ejusdem
1660 4270 1783 4324 pro-

216 4345 400 4404 vineim
420 4362 433 4398 :
454 4347 496 4397 si
525 4352 700 4398 autem
730 4344 1169 4414 nietmpolitanns
1187 4346 1339 4400 abest
1358 4385 1372 4409 ,
1404 4345 1470 4400 ad
1501 4347 1779 4401 linitimnm

214 4433 598 4513 concurrendi,
628 4443 680 4487 et
703 4435 922 4504 rogandi
951 4475 962 4497 ,
989 4443 1044 4488 ut
1067 4450 1221 4488 suum
1245 4435 1512 4504 negotium
1537 4447 1782 4491 accurate

1887 1924 2673 1994 σκοπος,παρα7ίγνοιτο.τοῦτον
2687 1931 2783 2002 γὰρ
2803 1933 2889 1988 τόν
2907 1932 3095 2006 τρόπον
3115 1943 3198 1994 καὶ
3215 1944 3280 1996 τά
3300 1947 3455 2002 οἰκεῖα

1885 2011 2038 2066 αὐτοῦ
2054 2015 2330 2087 πράγματα
2355 2019 2496 2094 παρά
2517 2026 2606 2078 την
2623 2023 2778 2078 αὐτοῦ
2804 2025 3059 2083 ἀπουσίαν
3080 2029 3307 2104 οὐδεμίαν
3326 2035 3455 2096 ὐπο-

1884 2111 2023 2170 μενεῖ
2048 2105 2244 2174 ζημίαν,
2284 2110 2368 2161 καί
2410 2109 2467 2164 τό
2487 2109 2779 2178 ἀλαζονείας
2798 2118 2880 2170 καὶ
2907 2125 2997 2172 τοῦ
3033 2119 3192 2193 τύφου
3225 2124 3455 2184 ἐκκλίνειν

1885 2190 2118 2268 ἒρλημα.
2151 2196 2371 2260 ἅπαντες
2397 2199 2445 2254 οἱ
2481 2198 2745 2260 ἐπίσκοποι
2790 2202 2948 2263 είπον’
2980 2209 3194 2288 ’Δρέσκει
3215 2221 3298 2272 καί
3326 2217 3456 2286 αὕτη

1887 2285 1917 2342 ἡ
1952 2283 2284 2349 διατύπωσις.

1957 2443 2020 2496 ιϐ’
2031 2484 2043 2497 .
2073 2441 2249 2506 Ὀσιος
2277 2445 2557 2512 ίπίσκοπος
2572 2446 2698 2508 εἶπε·
2715 2458 2806 2510 Καὶ
2828 2462 2978 2513 τοῦτο
3005 2465 3160 2519 πᾶσιν
3187 2466 3452 2542 άρεσάτω,

1885 2534 1966 2590 ἵνα
2009 2533 2060 2589 εἴ
2078 2557 2155 2597 τις
2181 2535 2405 2600 διάκονος
2427 2583 2438 2598 .
2469 2539 2500 2600 ἦ
2528 2546 2896 2622 πρεσϐύτερος,
2927 2549 2957 2609 ἢ
2987 2553 3071 2607 καί
3097 2577 3173 2616 τις
3201 2533 3300 2614 {an
3339 2533 3454 2622 κληὲ

1886 2634 2036 2702 ρικῶν
2076 2628 2397 2691 ἀκοινώνητος
2434 2633 2651 2705 γένηται,
2699 2641 2778 2690 καί
2829 2641 2957 2715 πρὸς
2993 2643 3160 2720 ἕτερον
3187 2644 3458 2709 ἐπίσκοπον

1887 2719 1972 2773 τόν
1998 2716 2166 2773 εἰδότα
2207 2721 2355 2775 αὐτόν
2404 2727 2695 2799 καταφύγοι.
2736 2732 3048 2800 γινώσκοντα
3077 2736 3460 2800 άποκεκινῆσθαε

1890 2813 2038 2867 αὐτόν
2060 2820 2150 2873 τῆς
2178 2816 2435 2875 κοινωνίας
2461 2820 2605 2892 παρά
2629 2825 2716 2873 τοῦ
2736 2817 2864 2874 ἰδίου
2892 2823 3191 2891 ἐπισκόπου,
3219 2836 3290 2900 μὴ
3317 2842 3456 2909 χρῆ-

1887 2926 1970 2960 ναι
1994 2913 2067 2979 τῷ
2095 2906 2352 2980 ίπισκόπῳ
2375 2910 2455 2962 καί
2475 2907 2663 2984 ἀδελφῷ
2694 2913 2848 2967 αὐτοῦ
2884 2913 3030 2990 ὕϐριν
3057 2927 3297 2979 ποιοῦντα
3322 2906 3458 3002 παρ-

1886 2999 2029 3067 έχειν
2075 2999 2213 3069 αὖτῷ
2251 3003 2525 3055 κοινωνίαν.
2584 3004 2628 3056 εἰ
2655 3002 2709 3058 δέ
2748 3005 2994 3078 τολμήσοι
3025 3031 3104 3071 τις
3131 3019 3282 3071 τοῦτο
3309 2999 3457 3079 noti?-

1890 3107 2000 3148 σαι,
2029 3089 2314 3160 γινωσκέτω
2341 3090 2668 3147 συνελθόντων
2693 3094 2981 3152 ἐπισκόπων
3007 3103 3249 3180 ἀπολογίᾳ
3277 3106 3457 3165 έαυτόν

1893 3179 2174 3236 ὑπεύθυνον
2193 3183 2498 3239 καθιστάναι.
2531 3184 2751 3248 ἅπαντες
2779 3189 2822 3242 οί
2849 3191 3117 3250 ἐπίσκοποι
3135 3179 3293 3253 εἶπον⁶
3321 3201 3458 3262 Αὕτη

1889 3271 1923 3327 ἦ
1945 3272 2109 3346 κρίσις
2139 3273 2224 3325 καί
2248 3275 2335 3330 την
2376 3273 2572 3346 εἰρήνην
2599 3279 2810 3334 πάντοτε
2838 3278 3142 3356 διαφυλάξει,
3169 3291 3253 3344 καί
3281 3287 3458 3353 διατη-

1889 3365 2038 3437 ρήσει
2061 3367 2154 3422 τήν
2177 3364 2378 3418 πάντων
2405 3363 2655 3437 ὁμόνοιαν.

1961 3539 2040 3613 ιγ’.
2080 3537 2258 3602 Ὀσιος
2287 3542 2558 3604 ἐπίσκοπος
2597 3539 2725 3600 εἶπε’
2752 3548 2820 3603 Τὸ
2846 3546 2899 3602 δέ
2940 3551 3156 3608 πάντοτέ
3182 3574 3245 3626 με
3291 3563 3460 3612 κινοῦν

1888 3631 2253 3690 ἀποσιωπῆσαι
2291 3634 2378 3686 οὐκ
2427 3634 2620 3706 ὀφείλω.
2677 3633 2728 3690 εἴ
2771 3659 2850 3700 τις
2893 3641 3170 3704 ἐπίσκοπος
3209 3647 3457 3718 ὀξύχολος

1888 3723 2192 3799 εὐρισκοιτο’
2227 3721 2350 3800 ὅπερ
2377 3727 2462 3778 οὐκ
2487 3725 2665 3796 ὀφείλει
2687 3729 2737 3781 έν
2761 3732 2975 3803 τοιούτῳ
3003 3733 3146 3807 ἀνδρὶ
3164 3737 3456 3797 πολιτεύεσ-

1887 3813 1988 3866 θαι’
2020 3817 2104 3868 καί
2127 3815 2333 3885 ταχέως
2355 3815 2556 3890 ἀντικρὺ
2591 3819 2946 3896 πρεσϐυτέρου
2991 3821 3021 3882 ἦ
3065 3826 3294 3884 διακόνου
3321 3826 3457 3890 κινη-

1886 3904 1986 3965 θεὶς
2017 3905 2238 3960 ἐκϐαλεῖν
2265 3904 2526 3967 ἐκκλησίας
2540 3908 2693 3963 αὐτόν
2709 3907 2800 3980 (al.
2819 3911 2951 3984 τινὰ)
2978 3913 3210 3975 ἐθελήσοι.
3238 3939 3456 3996 προνοηο

1884 3995 1996 4048 τέον
2021 3995 2130 4049 ἐστὶ
2157 3999 2224 4066 μή
2253 3995 2429 4068 ἀθρόον
2467 3996 2570 4063 (al.
2605 3998 2782 4069 ἁθῳον)
2831 4003 2914 4056 τόν
2962 4012 3191 4063 τοιοῦτον
3221 3995 3457 4087 κατακρί-

1885 4087 2070 4148 νεσθαι,
2100 4089 2180 4140 καί
2204 4094 2293 4147 τῆς
2322 4091 2574 4148 κοινωνίας
2603 4091 3011 4166 ἀποστερεῖσθαι.
3042 4099 3225 4160 πάντες
3254 4103 3455 4173 εἰρήκα-

1887 4192 1990 4230 σιν·
2018 4175 2074 4229 Ὀ
2103 4176 2459 4248 ἐκϐαλλόμενος
2509 4181 2676 4249 έχέτω
2698 4182 2930 4246 έξουσίαν
2959 4187 3040 4241 έπί
3067 4188 3151 4243 τόν
3177 4192 3453 4251 έπίσκοπον

1885 4277 1977 4329 τῆς
2005 4270 2361 4345 μητροπόλεως
2386 4279 2476 4331 τῆς
2504 4274 2656 4336 αὐτῆς
2682 4275 2942 4351 ἔπαρχίας
2980 4293 3298 4357 καταφυγεῖν·
3330 4289 3374 4342 ιι
3401 4287 3455 4343 δέ

1886 4360 1913 4415 ό
1936 4371 2026 4423 τῆς
2050 4363 2403 4439 μητροπόλεως
2432 4361 2671 4429 ἄπεστιν,
2702 4367 2784 4420 έπί
2806 4370 2890 4423 τόν
2914 4372 3273 4450 πλησιόχωρον
3300 4401 3455 4434 κατα-

1885 4452 2115 4526 τρέχειν,
2141 4457 2227 4506 καὶ
2245 4454 2435 4517 ἀξιοῦν,
2464 4454 2539 4519 ἵνα
2567 4459 2696 4525 μετὰ
2722 4458 2976 4532 ἀκριϐείας
2997 4465 3145 4518 αὐτοῦ
3165 4467 3455 4534 ἐξετάζηται

215 4527 558 4585 exatninetur.
601 4525 781 4596 Neque
804 4518 945 4583 enim
991 4542 1096 4581 non
1125 4539 1246 4582 sunt
1285 4541 1441 4583 aures
1487 4528 1780 4597 praabendze

1888 4545 1945 4597 τὸ
1988 4548 2223 4618 πρᾶγμα.
2274 4545 2330 4596 οὐ
2374 4550 2484 4618 χρὴ
2523 4548 2622 4620 γάρ
2672 4553 2740 4616 μή
2785 4549 3004 4622 ὑπέχειν
3043 4557 3136 4616 τάς
3166 4558 3320 4621 ἀκοὰς
3345 4572 3455 4625 τοῖς

219 4622 280 4677 iis
305 4621 389 4691 qui
424 4630 629 4690 rogant.
677 4620 768 4676 Ille
811 4635 1018 4692 quoque
1056 4621 1336 4690 episcopus
1360 4663 1374 4684 ,
1407 4621 1495 4690 qui
1534 4621 1654 4690 jure
1697 4623 1778 4676 vel

220 4713 402 4781 injuria
428 4728 550 4767 eum
577 4713 814 4781 expulit,
858 4727 1009 4781 aequo
1034 4713 1210 4766 animo
1253 4710 1390 4765 ferre
1433 4712 1591 4767 debet
1620 4725 1674 4766 ut
1702 4714 1777 4768 rei

220 4804 307 4859 ﬁat
348 4804 700 4868 examinatio,
749 4814 801 4858 et
847 4803 926 4858 vel
955 4802 1070 4872 ejus
1105 4805 1453 4858 conﬁrmetur
1480 4806 1776 4870 sententia,

220 4899 296 4952 vel
321 4897 634 4963 corrigatur.
662 4896 970 4967 Priusquam
1001 4906 1176 4950 autem
1207 4896 1485 4966 diligenter
1509 4906 1562 4952 et
1588 4915 1652 4952 ex
1678 4899 1778 4952 lide

218 4987 416 5056 singula
462 4988 756 5040 examinata
803 4987 1032 5051 fuerint,
1084 4988 1171 5056 qui
1215 4990 1776 5044 comtnunionemnon

221 5075 406 5141 habet,
437 5094 542 5129 non
576 5077 735 5132 debet
769 5087 892 5131 ante
920 5079 996 5132 rei
1029 5079 1382 5147 cognitionem
1414 5080 1511 5136 sibi
1540 5096 1779 5135 commu-

220 5167 424 5232 nionem
471 5181 735 5238 arrogare.
779 5167 834 5224 Si
863 5178 1040 5223 autem
1083 5170 1258 5225 clerici
1303 5171 1460 5241 aliqui
1508 5187 1774 5227 convene-

219 5259 354 5325 rint,
385 5269 439 5314 et
465 5261 580 5329 ejus
599 5261 898 5330 superbiam
921 5271 974 5316 et
994 5265 1345 5332 arrogantiam
1381 5264 1625 5326 viderint;
1655 5266 1777 5336 quia

220 5365 319 5406 non
360 5353 610 5406 convenit
651 5354 1022 5406 contumeliam
1065 5355 1146 5409 vel
1196 5355 1442 5425 injustam
1474 5357 1776 5425 expostula-

223 5443 409 5498 tionem
441 5442 577 5510 pati,
607 5443 968 5498 acerbioribus
1009 5454 1064 5499 et
1089 5445 1418 5515 gravioribus
1454 5446 1629 5501 verbis
1654 5463 1774 5502 cum

222 5531 401 5598 debent
428 5533 729 5602 corrigere;
761 5546 814 5587 ut
846 5536 893 5589 ei
921 5537 1005 5605 qui
1033 5535 1180 5605 jubet
1205 5551 1322 5606 quae
1347 5539 1573 5602 decent,
1603 5539 1774 5594 inser-

221 5624 356 5678 viant
379 5632 430 5678 et
460 5624 730 5679 obediant.
763 5626 913 5680 Sicut
941 5628 1082 5682 enim
1103 5628 1257 5683 debet
1279 5632 1560 5700 episcOpus
1592 5633 1776 5687 minis-

224 5714 308 5771 tris
333 5713 592 5771 sinceram
627 5715 968 5772 dilectionem
1014 5728 1068 5773 et
1109 5718 1354 5774 allectum
1381 5723 1653 5791 praebere;
1686 5737 1777 5779 eo-

1884 4635 2097 4698 ἀξιοῦσι.
2133 4637 2352 4707 κᾴκεῖνος
2392 4634 2446 4690 δὲ
2472 4635 2497 4689 ό
2525 4639 2796 4700 ἐπίσκοπος
2826 4641 2852 4696 ό
2877 4641 3079 4708 δικαίως
3106 4648 3135 4708 ἧ
3162 4652 3344 4716 ἀδίκως
3370 4658 3454 4711 ἐκ..

1886 4726 2045 4780 ϐαλὼν
2073 4728 2156 4782 τόν
2185 4735 2429 4790 τοιοῦτον,
2449 4733 2680 4798 γενναίως
2702 4735 2863 4809 φέρειν
2890 4736 3084 4808 ὀφείλει,
3130 4742 3209 4798 ἵνα
3236 4748 3266 4803 ἡ
3287 4749 3455 4813 ἐξέτα-

1883 4839 1965 4878 σις
2003 4825 2091 4874 τοῦ
2145 4820 2444 4894 πράγματος
2496 4823 2712 4894 γένηται·
2771 4829 2851 4880 καὶ
2902 4826 2932 4886 ἦ
2974 4834 3171 4908 κυρωθῇ
3223 4840 3373 4893 αὐτοῦ
3417 4845 3450 4902 ἦ

1883 4905 2157 4981 ἀπόφασις,
2206 4909 2235 4968 ἢ
2265 4909 2575 4985 διορθώσεως
2615 4911 2776 4987 τύχῃ·
2825 4920 2944 4990 πρίν
2970 4905 3045 4974 δέ
3077 4905 3321 4996 ἐπιμελῶς
3369 4939 3454 4990 καὶ

1879 5003 2010 5070 μετά
2037 5003 2260 5060 πίστεως
2283 5002 2473 5057 ἕκαστα
2499 5005 2760 5080 ὲξετασθῇ,
2813 5005 2837 5060 ό
2869 5014 2939 5080 μὴ
2982 5008 3137 5082 ἔχων,
3158 5023 3454 5080 τὴν’χοινω,

1880 5095 2005 5152 νέαν,
2058 5094 2159 5165 πρὸ
2199 5101 2289 5153 τῆς
2332 5092 2646 5166 διαγνώσεως
2675 5103 2765 5150 τοῦ
2792 5100 3116 5173 πράγματος.
3157 5109 3320 5174 έαυτῷ
3362 5120 3453 5174 οὐκ

1881 5181 2058 5251 ὀφείλει
2101 5180 2309 5235 έκδικεῐν
2334 5189 2422 5241 την
2449 5189 2717 5240 κοινωνίαν.
2749 5188 2837 5241 ὶάν
2867 5187 2921 5243 δέ
2949 5172 3328 5265 συνεληλυθότές
3350 5215 3450 5264 τῶν

1881 5272 2122 5346 κληρικῶν
2150 5292 2301 5336 τινες,
2329 5271 2572 5328 κατίδωσι
2600 5281 2689 5335 τήν
2717 5277 3008 5353 ύπεροχίαν
3035 5290 3119 5341 καί
3156 5297 3245 5350 τήν
3270 5295 3450 5363 ἀλαζο.

1882 5366 2013 5419 νείαν
2042 5366 2218 5420 αὐτοῦ·
2267 5363 2437 5422 ἒπειδὴ
2465 5367 2521 5418 οὐ
2559 5370 2810 5441 προσῆκόν
2852 5372 2990 5428 ἔστιν
3029 5376 3172 5456 ὕϐριν
3199 5385 3233 5442 ἥ
3257 5389 3449 5460 μέμψιν

1881 5451 2054 5509 ἄδικον
2101 5455 2360 5524 ὑπομένειν
2384 5495 2397 5517 ,
2451 5460 2762 5532 πικροτέροις
2790 5463 2872 5513 καί
2903 5451 3205 5544 ϐαρυτέροις
3232 5451 3451 5547 βήμαξ-ιν

1882 5545 2192 5619 ἆπιστρέφειν
2219 5548 2304 5601 τόν
2329 5553 2554 5601 τοιοῦτον
2585 5549 2877 5620 ὀφείλουσιν.
2905 5555 2986 5610 ἶνα
3008 5565 3079 5629 τῷ
3105 5563 3170 5616 τά
3199 5545 3454 5641 πρέποντα

1883 5636 2127 5698 κελεύοντι
2168 5639 2520 5713 ὐπηρετῶνται
2568 5644 2648 5694 καὶ
2698 5644 3041 5703 ὑπακούωσιν.
3097 5636 3272 5733 ὥσπερ
3298 5665 3454 5738 γάρὸ

1884 5724 2162 5788 ἐπίσκοπος
2193 5736 2300 5790 τοῖς
2340 5730 2612 5804 ὑπηρέταις
2661 5732 2890 5808 εἰλικρινῆ
2933 5737 3110 5809 ὀφείλει
3139 5724 3456 5824 maritimi!
