3910 6212
476 273 606 332 1527

1540 286 1732 343 OSIUS
1775 286 2137 345 ιειιιδευιδιιδ
2176 289 2662 354 ροιιυυιιιςκδιε.

3587 315 3720 374 1528

474 395 556 444 καί
585 400 672 452 την
693 393 907 450 διάθεσιν
937 418 1205 471 παρεχειν,
1232 403 1315 453 τόν
1341 402 1489 454 αὐτόν
1509 405 1694 477 τρόπον
1725 409 1804 458 καὶ
1835 408 1878 458 οἱ
1908 407 2021 460 ὑπο

2142 405 2260 460 dem
2295 409 2450 462 modo
2491 421 2545 464 et
2571 411 2790 479 subjecti
2819 414 3301 488 ἀυιιριιιομῑεροιιίε
3350 438 3455 478 non
3503 426 3717 483 fraudu-

475 490 766 558 τεταγμένοι
798 485 950 544 ἄδολα
981 493 1072 548 (al.
1107 489 1337 565 ἀρίδηλα)
1367 505 1469 556 τοῖς
1511 499 1803 559 ἐπισκόποις
1842 505 1904 556 τά
1950 512 2038 562 τῆς

475 577 754 653 ὑπηρεσίας
786 581 991 635 ὲκτελέιν
1019 583 1307 653 ὁμίλουσιν.

543 668 799 731 ιδ’.”Οσιος
826 670 1092 733 Ξπίσκοπος
1121 672 1246 730 εἷπε·
1276 681 1360 731 Καὶ
1380 685 1527 733 τοῦτο
1556 679 1607 733 δὲ
1640 684 1826 742 πάντες
1857 683 2037 757 ὁρίσω-

470 785 577 833 μεν.
610 766 691 818 ἵνα
721 763 770 818 εἴ
797 788 872 826 τις
920 769 1195 830 ἐπίσκοπος
1237 773 1289 835 ἐξ
1330 773 1503 847 ἐτέρας
1536 779 1796 850 παροικίας
1827 779 2036 853 βουληθῇ

467 855 724 924 ἀλλότριον
752 856 1018 932 ὑπηρέτην,
1039 865 1202 934 χωρὶς
1228 871 1315 922 τῆς
1345 868 1758 935 συγκαταθέσεως
1790 875 1876 922 τοῦ
1909 869 2034 922 ἰδίου

467 943 770 1004 ἐπισκόπου.
788 947 855 1009 εἵς
870 971 975 1003 τινα
1001 949 1191 1022 βαθμὸν
1222 964 1562 1020 καταστῆσαι,
1591 955 1776 1034 ἄκυρος
1806 964 1887 1013 καί
1916 960 2036 1014 ἀϐέ-

469 1036 612 1097 ϐαιος
641 1041 670 1096 ἡ
698 1042 1010 1101 κατάστασις
1039 1045 1067 1100 ἡ
1112 1048 1320 1103 τοιαύτη
1361 1052 1631 1119 νομίζοιτο.
1668 1049 1717 1104 εἴ
1736 1073 1866 1112 τινες
1901 1051 1943 1107 δ’
1977 1049 2034 1107 ἂν

463 1134 614 1182 τοῦτο
644 1129 842 1191 ἑαυτοῖς
871 1134 1209 1208 ἐπιτρέψειαν,
1240 1140 1382 1210 παρά
1431 1147 1527 1193 τῶν
1555 1139 1772 1214 ἀδελφῶν
1800 1146 1884 1196 καί
1911 1166 2006 1198 συν

464 1219 755 1278 επισκόπων
801 1228 937 1298 ἡμῶν
993 1231 1070 1281 καί
1109 1230 1578 1301 ὑπομιμνήσκεσθαι
1605 1237 1688 1287 καί
1717 1233 2032 1311 διορθοῦσθαι

461 1317 762 1390 ὀφείλουσιν.
793 1319 1010 1383 ἅπαντες
1039 1325 1280 1398 εἰρήκασι’
1320 1330 1407 1380 Καὶ
1433 1323 1582 1388 οὗτος
1634 1329 1658 1382 ὁ
1707 1328 1822 1406 ὄρος
1861 1337 2029 1390 στήτω

464 1407 555 1479 (al.
589 1413 837 1482 στηκέτω)
877 1416 1170 1478 ἀσάλευτος.

532 1504 605 1556 ιε’.
648 1500 819 1565 Ὀσιος
863 1507 1136 1568 ἐπίσκοπος
1172 1504 1300 1564 εἶπε⁶
1349 1519 1447 1572 Τῆς
1476 1514 1601 1584 ὶμῆς
1641 1514 1968 1587 μετριότητος
1998 1521 2027 1577 ἡ

456 1592 715 1666 ἀπόφασίς·
769 1599 880 1653 ἔστι
927 1599 1073 1657 αὕτη·
1109 1600 1271 1656 ἔπειδί
1297 1604 1497 1674 ἥσυχοι
1544 1609 1625 1658 καί
1669 1609 2027 1678 ῦπομονητικοί

454 1684 708 1756 ὀφείλομεν
723 1683 862 1748 εἶναι,
881 1693 965 1743 καὶ
994 1688 1165 1768 διαρκῆ
1191 1694 1274 1746 τὸν
1304 1696 1430 1768 πρὸς
1456 1696 1645 1756 πάντας
1675 1696 1707 1750 ἴ
1700 1719 1813 1768 χειν
1842 1695 2019 1762 οἶκτον.

451 1773 592 1839 ἅπαξ
617 1779 736 1836 τοὺς
766 1780 835 1839 εἰς
863 1779 1038 1855 κλῆρον
1085 1782 1480 1841 ἐκκλησιαστικὸν
1527 1790 1873 1864 προαχθέντας
1925 1792 2025 1848 ὑπό

449 1889 599 1924 τινων
627 1869 842 1944 ἀδελφῶν
871 1874 1026 1942 ἡμῶν,
1059 1876 1141 1930 ἐάν
1167 1881 1234 1946 μὴ
1264 1877 1520 1948 βούλοιντο
1547 1881 1916 1955 ἐπανέρχεσθαι
1953 1887 2024 1946 εἰς

449 1956 512 2019 ἃς
538 1964 987 2034 κατωνομάσθησαν
1040 1967 1317 2026 ἐκκλησίας,
1368 1976 1456 2023 τοῦ
1497 1969 1672 2025 λοιποῦ
1729 1978 1796 2038 μὴ
1837 1972 2021 2027 ὐποδέ-

452 2054 659 2122 χεσθαι-
690 2057 1005 2126 Εῦτυχιανὸν
1035 2055 1088 2112 δὲ
1114 2063 1236 2131 μήτε
1262 2062 1537 2115 ἐπισκόπου
1569 2062 1732 2133 ἐαυτῷ
1764 2061 2020 2150 διεκδικεῐν

449 2136 624 2211 ὄνομα.
657 2143 758 2196 ἀλλ’
789 2145 902 2200 οῦδέ
933 2157 1190 2204 Μουσαῖον
1230 2153 1296 2211 ὡς
1335 2153 1606 2206 ἐπίσκοπον
1641 2158 1946 2224 νομίζεσθαι.
1979 2160 2023 2211 εἰ

446 2230 500 2286 δέ
525 2233 692 2293 λαῑκην
721 2242 971 2293 κοινωνίαν
998 2242 1280 2306 ἀπαιτοῖεν,
1311 2250 1377 2312 μὴ
1410 2253 1593 2319 χρῆναι
1626 2247 1793 2307 αὐτοις
1817 2250 2020 2322 ἀρνεῖσ-

446 2327 549 2382 θαι.
576 2328 766 2391 πάντες
793 2325 948 2387 εἷπον·
983 2330 1222 2406 Ἀρέσκει.

2144 497 2343 554 lentum
2377 503 2720 557 ministerium
2747 517 2798 558 et
2827 508 3136 578 obsequium
3169 513 3447 570 exhibere.

2214 671 2347 724 XIV.
2371 672 2822 748 Οὸἱιιειιμῐέοοριις
2843 682 3004 736 dixit:
3032 684 3142 739 lloc
3173 704 3385 759 quoque
3413 706 3600 749 omnes
3625 696 3717 750 de-

2140 759 2384 817 ﬁniatuus
2407 806 2420 830 ,
2459 775 2514 819 ιιι
2555 768 2596 820 si
2629 771 2742 838 quis
2783 774 3059 843 episcopus
3087 792 3147 831 ex
3177 781 3280 833 alia
3313 784 3558 849 parochia
3591 789 3716 842 velit

2140 855 2365 910 alienmn
2395 861 2692 916 ministrum
2721 866 2834 921 sine
2874 883 3135 926 consensu
3164 877 3362 942 proprii
3392 881 3631 950 episcopi
3663 883 3714 935 in

2139 943 2313 1014 aliquo
2339 951 2503 1016 gra-lu
2533 955 2854 1010 coastiluere
2878 999 2893 1022 ,
2925 961 3072 1013 irrita
3129 973 3180 1015 et
3208 964 3421 1019 inﬁrma
3450 967 3714 1037 ejusmodi

2136 1039 2444 1095 constitutio
2466 1045 2880 1104 existimi-tm'.Si
2902 1054 2989 1120 qui
3004 1063 3178 1108 autem
3205 1055 3308 1111 hoc
3329 1058 3431 1112 sibi
3454 1060 3582 1129 ipsis
3598 1078 3716 1130 per-

2136 1126 2412 1194 miserint,
2460 1146 2488 1184 a
2521 1135 2769 1188 fratribus
2797 1148 2849 1192 et
2877 1143 3209 1212 coepiscopis
3237 1157 3292 1201 et
3333 1149 3611 1206 admoneri
3661 1162 3713 1207 ct

2132 1222 2322 1291 corrigi
2355 1224 2569 1280 debent.
2600 1229 2797 1286 Omnes
2824 1233 3104 1290 dixerunt:
3139 1237 3252 1294 Hoc
3276 1256 3493 1313 qqune
3521 1244 3710 1301 decre-

2133 1323 2240 1368 ttttn
2263 1326 2366 1370 stet
2393 1318 2601 1373 lirmum
2626 1331 2679 1375 et
2706 1323 2996 1381 immobile.

2203 1445 2314 1501 XV.
2338 1447 2495 1504 Osius
2517 1452 2797 1523 episcopus
2819 1455 2984 1510 dixit:
3022 1457 3150 1514 Mea:
3177 1461 3562 1520 mediocritatis
3593 1467 3711 1524 hac

2129 1548 2210 1592 est
2231 1543 2490 1596 sententia
2519 1561 2530 1595 :
2562 1545 2684 1613 quia
2703 1547 2864 1617 quieti
2891 1560 2938 1602 el
2971 1562 3232 1618 patientes
3259 1570 3380 1611 esse
3409 1558 3666 1616 debemus
3690 1601 3704 1627 ,

2129 1641 2180 1684 ct
2226 1648 2509 1700 perennem
2557 1636 2607 1690 in
2649 1655 2831 1694 oumes
2875 1641 3070 1699 habere
3117 1647 3540 1705 misericiirdiam
3567 1693 3580 1716 ,
3613 1667 3708 1708 eos

2128 1723 2216 1790 qui
2248 1726 2408 1778 semel
2437 1726 2488 1778 in
2518 1727 2715 1783 elerum
2747 1733 3163 1791 t-cdesiaslicum
3194 1741 3260 1792 ab
3303 1740 3570 1810 aliquibus
3599 1744 3706 1799 fra-

2133 1813 2296 1868 tribus
2328 1817 2522 1872 uostris
2552 1823 2774 1886 promoti
2803 1836 2958 1891 sunt,
2989 1828 3031 1878 si
3074 1828 3241 1883 nolint
3269 1830 3446 1888 redire
3474 1832 3538 1888 ad
3564 1849 3657 1890 eas
3681 1876 3698 1901 ,

2129 1903 2192 1958 ad
2222 1922 2350 1976 quas
2392 1910 2646 1965 nominati
2693 1923 2852 1980 sunt,
2877 1917 3155 1986 ecclesias,
3186 1920 3441 1993 deinceps
3485 1941 3586 1980 non
3613 1927 3700 1980 ad-

2127 1998 2297 2051 tnitti:
2348 1999 2732 2070 Eutyeliianum
2764 2018 2938 2062 autem
2979 2024 3044 2064 ne
3074 2011 3312 2083 episcopi
3354 2015 3571 2083 quidem
3599 2017 3703 2073 sibi

2129 2102 2318 2141 nomen
2353 2105 2642 2160 usurpare;
2686 2096 2778 2150 sed
2824 2115 2991 2169 neque
3020 2100 3273 2157 Mus-.eum
3305 2113 3367 2158 ttt
3394 2108 3702 2177 episcopum

2125 2180 2454 2247 existimari;
2503 2185 2546 2236 si
2591 2196 2763 2240 autem
2810 2188 2993 2243 Iaicam
3026 2197 3458 2251 communionem
3510 2201 3703 2268 petive-

2123 2271 2267 2335 rint,
2309 2289 2412 2326 non
2452 2287 2702 2344 oportere
2744 2279 2822 2334 eis
2862 2281 3132 2353 druegari.
3175 2287 3378 2345 Omnes
3419 2290 3696 2349 dixerunt:

2125 2362 2318 2416 Placitl.

1581 2495 1709 2552 OSII
1740 2496 2102 2553 CONCILIUM
2142 2500 2608 2558 CORDUBENSE.

1817 2590 1980 2649 (Coac.
2009 2595 2044 2638 t.
2071 2604 2121 2650 ιι,
2148 2589 2367 2654 €01.01.)

521 2694 699 2765 Διόπερ
755 2691 1072 2769 Κονρδούϐης
1126 2693 1396 2753 ἐπίσκοπος
1449 2690 1473 2746 ό
1528 2691 1767 2755 πανόσιος
1819 2691 2027 2748 σύνοδον

457 2788 590 2840 θείαν
616 2788 701 2838 καὶ
726 2785 861 2859 ίεράν
899 2785 1187 2838 ἐπισκόπων
1212 2787 1259 2838 ἰν
1397 2784 1552 2858 οἰκείᾳ
1578 2785 1714 2838 πόλει
1740 2785 2026 2859 προσκαλε-

459 2876 694 2945 σάμενος.
725 2877 780 2928 τό
815 2876 1048 2949 θεουργὸν
1082 2876 1323 2949 ἐτράνωσε
1351 2877 1580 2946 μαθημα⁹
1610 2878 1914 2951 κατακρίνας
1941 2874 2027 2934 οῦς

460 2972 488 3025 ἡ
511 2966 727 3042 Σαρδική
756 2968 1034 3041 ἀπεκήρυξε
1078 2965 1284 3026 σύνοδος
1305 2983 1316 2995 ·
1352 2970 1432 3020 καί
1460 2965 1545 3026 οὓς
1583 2967 1728 3020 πάλιν
1773 2965 2026 3021 ἐδικαίωσε

456 3057 880 3129 προσδεξάμενος.

2203 2692 2534 2765 Quapropter
2621 2700 2882 2759 Cordubae
2964 2709 3248 2780 episcOpus
3327 2717 3696 2776 sanctissimus

2135 2783 2291 2839 Osius
2315 2788 2574 2855 synodum
2607 2791 2840 2850 divinam
2869 2805 2921 2852 et
2949 2809 3184 2857 sanctam
3212 2806 3588 2878 episcoporum
3607 2826 3694 2866 sua

2138 2874 2186 2926 iit
2218 2877 2429 2931 civitate
2456 2895 2782 2952 cenvocmts,
2806 2887 3062 2947 divinitus
3089 2897 3390 2962 expositam
3421 2899 3697 2958 illustravit

2135 2967 2464 3036 doctrinam,
2507 2977 2866 3034 condemuans
2920 2986 3138 3042 eosdem
3185 3007 3321 3058 quos
3371 2993 3698 3052 Sardicensis

2136 3060 2476 3118 abdicaverat
2492 3069 2746 3137 synodus,
2771 3081 2824 3127 et
2842 3090 2974 3144 quos
2995 3093 3056 3132 ea
3086 3079 3394 3138 absolverat
3416 3088 3692 3157 recipiens.

937 3214 1406 3272 CORDUBENSIS
1447 3217 1748 3273 muscum
1790 3217 2122 3276 EPISTOLA
2162 3221 2250 3275 AD
2281 3224 2764 3290 coxsrmnuu
2802 3237 3200 3300 AUGUSTUM.

505 3330 656 3393 Apud
685 3329 1012 3385 Athanasium
1042 3330 1091 3382 in
1125 3329 1240 3383 hist.
1275 3330 1448 3383 Arian.
1481 3331 1547 3383 ad
1573 3329 1808 3384 Monach.
1843 3330 1870 3400 §
1909 3331 2017 3471 ξιιι

1836 3423 1922 3483 (Cu
1968 3428 2021 3471 .t

2131 3331 2238 3402 )pp.
2273 3345 2393 3391 tom.
2428 3355 2466 3405 t,
2497 3354 2628 3409 part.
2661 3361 2696 3411 ι,
2726 3364 2843 3420 pug.
2877 3352 2998 3417 570,
3023 3357 3144 3410 edit.
3174 3357 3279 3414 BB.
3305 3360 3481 3421 Paris.
3514 3367 3692 3441 1698.)

2131 3436 2171 3479 p.
2199 3425 2300 3487 8|.)

1836 3421 1978 3483 (Call.
2004 3428 2036 3471 ι.
2058 3435 2100 3478 v,
2122 3436 2171 3484 ρ.
2199 3425 2274 3473 8|.

592 3507 766 3568 Ὅσιος
795 3510 1119 3579 Κωνσταντίῳ
1145 3507 1350 3578 βασιλεῖ
1374 3509 1419 3559 ἐν
1450 3511 1607 3583 κυρίῳ
1637 3509 1855 3582 χαίρειν.

521 3622 648 3693 ἐγὼ
676 3625 764 3692 μὲν
793 3621 1085 3690 ὡμολόγησα
1118 3622 1202 3672 καί
1228 3622 1282 3672 τό
1310 3627 1534 3693 πρῶτον,
1577 3618 1655 3673 ὅτε
1687 3617 1904 3691 διωγμὸς
1930 3621 2017 3691 γέ·

451 3735 584 3787 γονεν
624 3717 707 3768 ἐπὶ
742 3723 813 3786 τῷ
854 3716 1049 3785 πάππῳ
1088 3734 1175 3766 σου
1213 3714 1516 3785 Μαξιμιανῷ·
1551 3715 1590 3766 εἰ
1634 3710 1685 3766 δὲ
1733 3715 1813 3766 καὶ
1859 3714 1925 3766 σύ
1957 3733 2017 3782 με

455 3804 669 3868 διώκεις.
701 3807 895 3876 ἕτοιμος
939 3809 1023 3859 καί
1068 3810 1151 3856 νῦν
1189 3809 1288 3857 πᾶν
1323 3803 1487 3858 ὁτιοῦν
1528 3805 1813 3874 ύμομένειν,
1865 3801 1893 3860 ἦ
1939 3804 2018 3856 Ex-

454 3903 619 3952 κενοῦν
659 3898 814 3968 ἀθῷον
846 3893 997 3964 αἷμα,
1030 3898 1110 3947 καί
1145 3891 1431 3964 προδιδόναι
1472 3899 1558 3952 τὴν
1602 3894 1847 3951 ἀληθειαν·
1879 3896 1933 3947 σὲ
1966 3892 2018 3947 δέ

454 3990 542 4042 οὐκ
569 3987 890 4060 ἀποδέχομαι
914 3993 1119 4041 τοιαῦτα
1150 3987 1396 4060 γράφοντα
1421 3989 1503 4038 καὶ
1528 3986 1846 4044 ἀπειλοῦντα.
1887 3992 2017 4038 παῦε

455 4101 543 4134 σαι
571 4086 658 4134 τοῦ
682 4086 890 4134 τοιαῦτα
915 4079 1135 4152 γράφειν,
1169 4081 1252 4131 καὶ
1280 4082 1347 4146 μὴ
1374 4077 1535 4152 φρόνει
1562 4079 1628 4130 τά
1658 4075 1865 4150 Ἄρείου.
1893 4073 2019 4146 μηδέ

454 4170 603 4228 ἄκουε
630 4180 725 4227 τῶν
745 4171 1062 4226 ἀνατολικῶν.
1095 4168 1216 4242 μηδέ
1239 4173 1442 4225 πίστευε
1472 4177 1581 4228 τοῖς
1607 4173 1724 4244 περὶ
1747 4171 2021 4243 Οὐρσάκιον

456 4268 536 4318 καί
557 4265 818 4319 Οὐάλεντα.
865 4262 896 4316 ά
932 4265 1028 4335 γὰρ
1059 4263 1230 4317 ἐκεῖνοι
1273 4263 1521 4334 λέγουσιν,
1556 4265 1610 4315 ο)
1642 4261 1705 4316 δι’
1737 4261 2019 4318 Ἀθανάσιον

451 4358 776 4427 φθέγγονται,
823 4355 944 4408 ἀλλὰ
992 4352 1073 4410 διὰ
1119 4359 1205 4412 την
1253 4352 1381 4406 ἰδίαν
1434 4355 1628 4427 αἵρεσιν
1675 4355 1880 4409 πίστευέ
1910 4377 2019 4424 μοι.

454 4450 797 4510 Κωνστάντιε,
844 4447 1053 4504 πάππος
1096 4448 1195 4515 εἰμί
1243 4466 1334 4498 σου
1377 4445 1483 4497 καθ’
1525 4447 1740 4505 ἡλικίαν,
1786 4447 2020 4518 ἐγενόμην

456 4540 605 4599 αὐτὸς
634 4540 679 4590 ἐν
708 4547 768 4609 τῇ
800 4540 929 4591 κατὰ
964 4538 1037 4606 ll)
1068 4536 1306 4613 Σαρδικήν
1335 4537 1555 4608 συνόδῳ,
1593 4537 1670 4592 ὅτε
1706 4543 1770 4593 συ
1803 4561 1851 4594 τε
1884 4546 1966 4594 καί
1995 4541 2019 4594 ὁ

454 4631 738 4701 μακαρίτης
781 4627 986 4700 ἀδελφός
1024 4649 1116 4682 σου
1148 4632 1410 4694 κὼνστας,
1459 4631 1651 4690 πάντας
1692 4633 1824 4701 ἡμᾶς
1867 4637 2022 4690 συνη-

453 4739 598 4790 γαγε.
632 4715 796 4772 καίδι’
817 4719 1031 4790 ἐμαυτοῦ
1062 4721 1178 4777 τοὺς
1211 4720 1419 4792 ἐχθροὺς
1443 4719 1736 4775 Ἀθανασίου
1767 4743 2018 4797 προσεκα-

452 4811 672 4881 λεσάμην
711 4811 938 4870 ἐλθόντας
970 4812 1150 4868 αὐτοὺς
1192 4812 1259 4869 εἰς
1288 4817 1374 4868 τήν
1405 4812 1662 4870 ἐκκλησίαν
1681 4855 1694 4872 ,
1735 4817 1782 4868 ἓν
1870 4815 2020 4887 ᾤκουν

2046 3507 2090 3568 C
2190 3506 2366 3577 Osiris,
2397 3513 2683 3572 Constantio
2712 3523 3001 3591 imperatori
3028 3527 3078 3582 in
3111 3529 3360 3600 Domino,
3400 3540 3633 3595 salutem.

2199 3622 2307 3694 Ego
2335 3627 2441 3694 jam
2468 3633 2670 3699 pridem
2699 3639 2972 3695 confessus
3000 3657 3116 3698 sum
3141 3687 3154 3709 ,
3188 3661 3307 3702 cum
3350 3659 3451 3706 sub
3482 3670 3581 3707 avo
3605 3664 3688 3710 tuo

2123 3713 3082 3799 Maximianopersecutiogras~aretttr
3107 3779 3119 3801 ,
3148 3740 3287 3808 quod
3313 3740 3359 3795 si
3392 3753 3444 3797 tu
3491 3761 3690 3816 quoque

2125 3821 2208 3861 tne
2251 3825 2588 3884 persequare,
2616 3821 2901 3876 etiamnum
2927 3827 2989 3879 ad
3018 3829 3225 3897 quidvis
3257 3835 3433 3899 potius
3464 3838 3686 3891 toleran-

2123 3897 2246 3952 dum
2279 3913 2489 3970 paratus
2522 3925 2658 3975 sum,
2691 3930 2846 3979 quam
2876 3916 2940 3968 ut'
2963 3918 3231 3975 innoxium
3265 3924 3535 3981 elTundam
3573 3944 3711 3983 san-‘

2121 3991 2332 4057 guinem
2369 3997 2750 4070 veritatemque
2782 4007 2999 4073 prodam
3031 4029 3041 4062 :
3080 4023 3238 4082 teque
3281 4031 3347 4069 eo
3378 4019 3686 4075 moduscri-

2124 4080 2335 4138 bentetn
2378 4103 2440 4141 ac
2468 4091 2895 4151 interminantem
2934 4102 3149 4157 tninime
3191 4111 3456 4176 approbo.
3506 4112 3688 4169 Desine

2125 4173 2300 4244 itaque
2346 4181 2464 4232 talia
2517 4185 2766 4252 set-ibere,
2817 4204 2879 4242 ac
2916 4208 3032 4256 eum
3079 4196 3202 4249 Ario
3245 4214 3312 4252 ne
3338 4201 3564 4270 sentias,
3594 4217 3687 4261 nec

2124 4266 2416 4324 Orientales
2444 4273 2626 4329 audias
2645 4321 2659 4343 ,
2693 4295 2792 4334 neu
2819 4280 3036 4338 Ursacio
3064 4297 3116 4340 et
3145 4287 3353 4345 Valenti
3397 4293 3592 4350 habeas
3624 4298 3683 4351 ll-

2123 4357 2264 4413 dcm.
2293 4360 2420 4417 Nam
2449 4382 2564 4435 qua:
2589 4370 2830 4426 ell‘tttiuut
2857 4375 2928 4428 illi
2952 4417 2966 4440 ,
3019 4393 3121 4433 non
3164 4381 3438 4439 Athanasii
3490 4402 3676 4457 causa,

2123 4451 2215 4505 sed
2246 4453 2462 4511 limt'esis
2494 4474 2602 4513 sum
2629 4464 2793 4530 gratia
2827 4465 3137 4535 loquuntur.
3172 4470 3346 4530 Crede
3372 4479 3524 4543 mihi,
3547 4480 3686 4534 Cou-

2125 4547 2308 4613 stauti,
2339 4552 2425 4619 qui
2461 4569 2553 4618 per
2581 4566 2788 4610 a~tatem
2823 4576 2948 4615 avus
2982 4571 3104 4618 tuus
3146 4581 3266 4622 esse
3300 4573 3504 4638 possim
3533 4591 3544 4626 :
3569 4573 3689 4629 Sar-

2125 4636 2325 4692 diceusi
2361 4642 2570 4698 interfui
2600 4650 2820 4717 synodo,
2855 4669 2960 4720 quo
2989 4665 3229 4726 tempore
3254 4636 3417 4729 tuque
3435 4679 3496 4718 ac
3521 4665 3684 4722 beata

2124 4730 2203 4783 vir
2230 4736 2498 4789 memoria:
2531 4737 2692 4793 frater
2737 4751 2853 4796 tuus
2884 4743 3180 4816 Constans,
3214 4767 3312 4806 nos
3350 4769 3540 4811 omnes
3563 4772 3686 4812 con-

2126 4826 2373 4878 vocastis.
2407 4825 2628 4898 Ipseque
2661 4832 2898 4889 inimiCos
2923 4836 3196 4892 Athanasii
3229 4848 3538 4912 provocari,
3570 4863 3683 4903 cum

453 4904 548 4973 ἐγὼ
568 4943 579 4957 .
606 4901 667 4954 ἶν’
695 4899 807 4955 εἴτι
830 4899 998 4970 ἔχοιεν
1025 4901 1132 4954 κατ’
1154 4903 1323 4961 αὐτοῦ,
1350 4901 1573 4973 λέγωσιν⁶
1603 4907 2018 4978 ἐπαγγειλάμενος

2131 4914 2175 4966 in
2209 4915 2496 4970 Ecclesium
2521 4920 2604 4974 tibi
2633 4926 3003 4981 commorabar
3021 4944 3138 4997 ego,
3169 4932 3507 4989 advenissent
3532 4953 3546 4999 ;
3574 4939 3684 4993 utsi

451 4993 621 5050 αὑτός
647 4991 864 5063 θαρῥεὶν.
897 4995 1071 5061 καίμή
1099 4989 1215 5045 ἄλλο
1254 5014 1302 5046 τι
1345 4991 1665 5067 προσδοκᾲν,
1712 4995 1740 5054 ἦ
1783 4997 1923 5070 ὀρθὸν
1962 5001 2020 5052 τὸ

449 5104 508 5158 κρ
532 5089 697 5155 τήριον
739 5086 820 5137 ἐπὶ
845 5090 1001 5138 πᾶσιν
1027 5083 1243 5138 ἔσεσθαι.
1285 5092 1431 5140 τοῦτο
1475 5086 1526 5141 δὲ
1554 5091 1651 5158 οὐχ
1695 5088 1835 5153 ἅπαξ
1856 5132 1868 5148 .
1898 5093 2018 5146 ἀλλὰ

449 5180 532 5229 καί
555 5175 784 5250 δεύτερον
811 5177 1054 5236 ἐποίησα,
1083 5180 1380 5252 προτρέπων
1399 5222 1410 5240 ,
1443 5184 1486 5233 εἰ
1512 5193 1578 5249 μη
1607 5182 1780 5236 θέλοιεν
1805 5185 1889 5236 ἐπὶ
1917 5187 2018 5239 πά-

448 5289 542 5328 σης
578 5277 667 5327 τῆς
711 5266 953 5328 συνόδου,
987 5263 1074 5338 κᾷν
1109 5268 1184 5319 ἐπ’
1214 5271 1331 5338 ἐμοῦ
1377 5271 1552 5340 μόνον’
1603 5274 2014 5346 ἐπαγγειλάμενος

444 5360 611 5415 πάλιν,
648 5355 723 5412 ὅτι
754 5353 811 5410 ἂν
837 5361 925 5428 μὲν
954 5357 1226 5419 ὑπεύθυνος
1253 5359 1460 5435 δειχθῇ.
1495 5366 1690 5424 πάντως
1730 5368 2005 5426 ἀποϐληθη-

447 5472 593 5506 σεται
631 5454 712 5504 καί
741 5452 862 5522 παρ’
888 5453 1044 5520 ἡμῶν·
1073 5446 1130 5503 ἂν
1161 5450 1210 5505 δέ
1242 5455 1457 5512 ἀναίτιος
1489 5457 1688 5530 εὑρεθῇ,
1737 5463 1818 5510 καὶ
1847 5460 2011 5532 ἐλέγξῃ

445 5546 757 5616 συκοφάντας
779 5544 932 5612 ὑμᾶς,
960 5547 1002 5597 εί
1025 5547 1348 5616 παραιτεῖσθε
1375 5547 1454 5599 τόν
1473 5543 1753 5622 ἄνθρωπον,
1784 5553 1880 5623 ἐγὼ
1901 5555 2010 5624 μετ’

441 5637 662 5703 ἐμαυτοῦ
683 5635 834 5691 πείθω
863 5636 946 5689 τόν
964 5634 1256 5693 Ἀθανάσιον
1286 5638 1440 5692 ἐλθεῖν
1460 5643 1528 5699 εἰς
1555 5641 1645 5701 τὰς
1664 5647 1894 5705 Σπανίας.
1925 5652 2007 5702 καὶ

515 5748 589 5816 (l)
613 5747 807 5818 Regius
830 5745 994 5803 codex
1014 5745 1256 5826 Σερδικήν.

2123 5006 2244 5073 quid
2278 5012 2324 5060 in
2364 5011 2653 5065 Athanasio
2678 5017 2992 5084 culpandum
3024 5020 3304 5089 haberent,
3336 5028 3386 5080 id
3418 5032 3686 5086 renuntia-

2122 5111 2255 5152 rent.
2294 5101 2469 5157 Fnlcm
2506 5106 2625 5158 dedi
2667 5111 3113 5184 securitatemque
3153 5120 3414 5186 promisi,
3465 5135 3518 5176 ut
3562 5125 3685 5179 nihil

2121 5191 2214 5244 nisi
2241 5204 2438 5248 rectum
2466 5198 2514 5249 in
2543 5200 2784 5255 oumiluts
2803 5203 3056 5269 judicium
3078 5224 3477 5279 exspectarent.
3501 5215 3559 5270 l-l
3583 5232 3683 5273 non

2119 5286 2278 5339 semel
2309 5298 2529 5352 tantum,
2556 5292 2646 5343 sed
2666 5302 2718 5345 et
2746 5293 2824 5348 bis
2845 5299 3091 5365 praestiti,
3119 5300 3382 5368 hortatus,
3413 5308 3456 5359 si
3489 5309 3684 5363 nollent

2118 5389 2294 5428 Coram
2329 5388 2433 5430 tota
2463 5382 2698 5450 synodo,
2737 5385 2862 5439 mihi
2891 5389 3075 5443 saltent
3121 5393 3218 5446 soli
3247 5411 3362 5449 rem
3395 5397 3682 5455 deferrent.

2119 5465 2170 5517 ld
2219 5485 2428 5537 quoque
2460 5473 2729 5542 pollicitus
2773 5493 2886 5530 sum
2934 5483 3034 5536 :Si
3080 5501 3203 5538 reus
3249 5487 3684 5556 deprehendatur

2116 5555 2293 5619 homo.
2321 5575 2346 5611 a
2378 5565 2525 5616 nobis”
2551 5568 2706 5630 plane
2733 5570 3041 5637 abjieietur;
3071 5574 3149 5628 sin
3183 5555 3454 5647 innotitts,
3489 5597 3684 5653 vosque

2109 5653 2462 5718 syciiphantas
2507 5660 2760 5727 probarit.
2812 5663 2856 5716 si
2899 5665 3249 5727 nihilominus
3278 5673 3430 5730 illum
3471 5692 3684 5733 recusa-

2107 5742 2305 5808 \CI'iliS,
2352 5746 2636 5804 Athanasio
2669 5753 3027 5822 persuadebo,
3079 5769 3132 5813 ut
3161 5776 3370 5818 mecum
3406 5765 3458 5820 in
3488 5765 3678 5838 Hispa-
