3910 6212
241 240 269 293 1
281 237 397 294 ’5Ξ9

1394 235 1720 293 EPISTOLA
1760 239 1798 292 Α
1811 237 1849 291 D
1887 235 2366 294 CONSTANTIUM

3370 244 3392 297 Ἰ
3403 243 3509 301 550

239 351 374 406 nias
403 351 792 421 proﬁciscatur.
829 352 1025 421 llisque
1061 351 1458 405 conditionibus
1500 352 1632 404 citra
1674 365 1825 418 repu-

1941 349 1965 404 ό
1991 353 2079 421 μέν
2105 348 2389 411 Ἀθανάσιος
2419 351 2502 406 έπί
2525 352 2725 415 τούτοις
2753 356 2994 416 ὶπείθετο,
3011 358 3093 408 καί
3120 358 3205 409 οὐκ
3230 356 3502 428 ἀντέλεγεν.

239 444 533 514 guantiam
570 444 974 512 obtemperabat
1018 443 1358 498 Athanasius.
1391 443 1468 496 Illi
1515 457 1640 495 vero
1671 445 1830 495 rebus

241 536 481 591 omnino
526 539 637 591 suis
662 536 824 592 diftisi
848 578 861 598 ,
896 554 1046 607 atque
1091 537 1140 590 id
1181 537 1498 591 abnuerunt.
1534 536 1833 606 lteruntque

245 628 348 681 ubi
381 628 708 682 Athanasius
745 628 810 682 ad
841 637 983 681 tuum
1016 630 1306 682 exercitum
1340 643 1397 681 se
1426 628 1683 690 contulit;
1711 641 1831 680 cum

244 729 307 774 tu
344 720 497 775 illum
527 722 714 776 litteris
753 722 856 776 luis
892 721 1127 775 accivisti
1149 763 1163 785 ,
1195 721 1436 774 inimicos
1478 720 1564 773 ille
1595 733 1718 771 suos
1743 719 1830 787 qui

245 820 370 865 tum
398 813 495 877 ibi,
525 812 819 867 Antiochia:
849 812 1110 873 videlicet.
1141 813 1505 873 versabantur,
1537 811 1616 864 vel
1647 824 1832 864 omnes

247 919 365 958 uua
393 907 474 958 vel
499 905 736 974 singulos
758 904 1003 959 advocari
1032 907 1255 974 rogavit,
1283 917 1336 958 ιιι
1361 914 1450 956 aut
1477 919 1534 956 sc
1555 903 1833 957 coutincc-

246 1008 401 1062 rent,
428 1008 521 1052 aut
543 999 988 1053 convincerentur
1010 1000 1104 1068 ipsi
1127 1015 1141 1063 ;
1170 1008 1221 1052 et
1243 1015 1298 1050 se.
1324 999 1595 1052 velcoram
1619 998 1829 1065 qualem

246 1103 384 1144 esse
414 1088 664 1143 dicebant
692 1091 1134 1158 comprobarent,
1169 1089 1249 1142 vel
1282 1089 1553 1142 absentem
1597 1104 1699 1141 non
1744 1103 1834 1140 ca-

244 1178 673 1236 lumniarentur.
702 1180 896 1236 Verum
926 1195 1024 1235 nec
1047 1188 1099 1233 tu
1132 1179 1241 1232 ltzec
1271 1179 1466 1235 dicenti
1491 1195 1690 1233 morem
1715 1194 1833 1248 ges-

245 1270 400 1334 sisti,
438 1271 599 1325 imtno
627 1271 702 1324 illi
734 1272 1052 1325 abnuerunt.
1083 1270 1189 1325 Cur
1217 1271 1392 1339 itaque
1418 1271 1705 1324 etiamnum
1735 1270 1832 1324 ob-

247 1371 579 1416 trectatores
622 1361 740 1431 ejus
775 1362 965 1417 audis?
1009 1362 1116 1416 Cur
1147 1362 1420 1417 Ursacium
1449 1361 1829 1431 Valentemque

249 1456 500 1519 toleras,
548 1455 755 1508 tametsi
797 1454 870 1509 illi
917 1456 1278 1525 pmnitentiam
1321 1463 1577 1522 egerunt.
1629 1454 1832 1509 calum-

249 1549 515 1617 niamque
545 1562 693 1602 suatn
725 1548 928 1616 scripto
957 1548 1184 1602 confessi
1212 1557 1333 1600 sunt
1355 1546 1378 1600 ?
1404 1544 1644 1600 Confessi
1685 1553 1826 1612 sunt,

248 1639 515 1708 inquam,
545 1652 646 1692 DOII
677 1639 724 1692 vi
773 1639 978 1704 coacti,
1025 1648 1081 1693 ut
1108 1639 1407 1692 obtendunt
1452 1639 1564 1692 illi:
1602 1653 1704 1692 non
1737 1654 1829 1692 ur-

245 1731 511 1800 gentibus
537 1731 812 1790 militibus.
846 1748 949 1784 uou
976 1746 1190 1785 conseio
1214 1730 1377 1785 fratre
1407 1741 1495 1784 tuo
1521 1749 1532 1783 :
1571 1747 1674 1783 nou
1705 1731 1826 1783 talia

247 1825 456 1892 quippe
487 1823 586 1876 sub
615 1824 736 1889 illo,
769 1823 939 1892 qualia
991 1824 1071 1877 his
1119 1824 1478 1892 temporibus,
1515 1823 1825 1893 agebantur,

247 1916 396 1968 absit
425 1934 437 1968 :
469 1915 564 1969 sed
595 1915 732 1969 ultro
760 1915 858 1983 ipsi
889 1915 1109 1970 Romam
1136 1915 1382 1984 profecti,
1410 1931 1585 1970 coram
1617 1917 1827 1984 episco-

249 2022 325 2076 po
353 2016 409 2060 ct
435 2006 759 2077 presbyteris
794 2007 903 2061 lucc
933 2008 1216 2076 scripsere,
1250 2023 1368 2062 cum
1413 2018 1564 2062 antea
1601 2009 1826 2062 amicam

248 2108 311 2153 et
359 2096 632 2166 pacilicam
679 2099 959 2168 epistulam
1023 2100 1088 2153 ad
1137 2099 1483 2154 Athanasium
1535 2099 1823 2153 misissent.

248 2187 410 2255 Quod
442 2189 486 2242 si
516 2189 618 2242 vim
653 2189 748 2242 sibi
801 2190 997 2244 illatam
1042 2190 1370 2256 obtendunt,
1403 2205 1557 2259 quam
1591 2189 1824 2244 illicitam

249 2292 549 2350 agnoscant
575 2299 588 2337 :
616 2283 766 2351 sique
794 2284 896 2336 vim
945 2294 996 2337 tn
1044 2300 1146 2338 nun
1186 2284 1445 2352 approbes
1465 2325 1480 2351 ,
1510 2284 1695 2339 desine
1719 2285 1823 2339 vim

250 2372 481 2436 inferre.
517 2389 613 2429 nec
643 2375 865 2441 litteras,
897 2392 992 2431 nec
1019 2379 1242 2432 comites
1268 2378 1507 2442 miseris;
1552 2379 1642 2432 sed
1671 2394 1827 2433 exsu-

251 2461 336 2517 les
364 2465 605 2530 remitte,
638 2481 705 2518 ne
729 2480 851 2520 cum
895 2475 946 2519 tu
981 2469 1084 2520 vim
1115 2467 1432 2537 redarguas,
1466 2467 1719 2536 majorem
1752 2469 1826 2523 illi

249 2554 362 2608 vim
387 2564 690 2609 exerceant.
715 2557 977 2622 Quidnam
1005 2557 1262 2626 ejusmodi
1285 2574 1313 2610 a
1339 2559 1626 2614 Constante
1649 2568 1822 2614 actum

256 2647 373 2700 est?
404 2647 522 2715 quis
541 2647 820 2718 episcopus
847 2649 1148 2703 exsulavit?
1176 2650 1510 2719 quandoaam
1539 2651 1626 2704 ille
1655 2652 1822 2706 eccle-

255 2739 494 2794 siasticis
538 2740 750 2805 judiciis
782 2743 988 2796 medius
1030 2743 1296 2796 interfuit?
1319 2744 1438 2812 quis
1477 2744 1577 2798 sub
1603 2743 1694 2797 illo
1724 2745 1824 2798 Pa-

262 2830 462 2887 latinus
504 2841 689 2886 contra
737 2848 894 2902 quem
927 2833 1262 2888 subscribere
1288 2836 1459 2903 coegit
1483 2873 1497 2898 ,
1529 2844 1584 2888 ut
1631 2835 1827 2890 Vah-ns

255 2937 380 2976 cum
409 2924 555 2977 socio
600 2925 722 2978 talia
766 2924 1005 2978 cﬂ'utiat?
1039 2927 1250 2988 Desine,
1301 2943 1479 2996 quzrso
1523 2936 1573 2981 te
1600 2970 1613 2991 ,
1643 2939 1694 2982 et
1719 2944 1828 2982 tuc-

254 3025 441 3068 mcnto
468 3024 518 3068 te
539 3015 811 3069 mortalem
846 3018 1109 3071 hominem
1139 3033 1290 3072 esse:
1316 3019 1638 3086 timejudicii
1663 3019 1825 3084 diem,

254 3114 415 3175 teque
465 3106 575 3176 ipse
602 3107 872 3163 innoxium
915 3109 980 3162 ad
1027 3125 1142 3164 eam
1175 3110 1313 3164 diem
1341 3113 1627 3165 custodias.
1660 3111 1734 3165 Ne.
1774 3121 1824 3166 te

254 3197 416 3252 rebus
445 3199 666 3252 misceas
695 3199 1065 3253 ecclesiaStic-is
1092 3218 1104 3252 :
1139 3216 1238 3255 neu
1272 3201 1420 3254 nobis
1449 3202 1528 3255 his
1557 3203 1621 3256 de
1665 3203 1824 3256 rebus

259 3298 526 3357 precepta
578 3291 831 3352 mandes;
863 3291 955 3344 sed
1001 3307 1026 3342 a
1052 3293 1205 3346 nobis
1237 3293 1408 3362 pmius
1455 3295 1566 3347 haec
1595 3295 1819 3350 ediscas.

256 3376 372 3432 Tibi
405 3378 542 3432 Deus
567 3380 845 3450 imperium
880 3381 1115 3448 tradidit,
1140 3385 1290 3437 nobis
1319 3385 1675 3440 ecclesiastica
1700 3401 1824 3441 cou-

255 3470 500 3524 credidit.
527 3472 603 3525 Ac
632 3472 1076 3541 quemadmodum
1109 3479 1195 3544 qui
1227 3475 1316 3529 tibi
1347 3477 1623 3543 imperium
1652 3478 1824 3531 subri-

253 3560 369 3629 pit,
406 3561 512 3614 Deo
555 3561 816 3615 ordinanti
867 3574 1153 3632 repugnat;
1191 3565 1258 3617 ita
1301 3577 1475 3620 metue
1506 3581 1574 3620 ne
1602 3568 1643 3619 si
1679 3568 1742 3620 ad
1776 3580 1824 3621 te

254 3653 611 3710 ecclesiastica
665 3657 970 3724 pertrahas,
1029 3658 1198 3726 magni
1256 3657 1490 3712 criminis
1538 3673 1657 3711 reus
1706 3659 1820 3711 tias.

263 3744 490 3810 Reddite,
518 3748 773 3815 scriptum
804 3757 886 3801 est
917 3747 1018 3818 (l),
1050 3765 1162 3818 qua:
1187 3762 1299 3803 sunt
1323 3749 1556 3815 Cwsnris,
1587 3748 1778 3804 Cwsari
1804 3769 1821 3806 :

255 3848 300 3891 et
328 3855 439 3906 qua:
467 3849 585 3892 sunt
616 3837 740 3900 Dei,
793 3839 914 3892 Deo.
949 3839 1126 3908 i'x’eqne
1158 3841 1308 3894 nobis
1335 3841 1492 3908 igitur
1535 3851 1691 3896 terra:
1722 3843 1821 3896 itu-

256 3946 440 4000 perare
467 3933 611 3997 licet,
643 3949 813 4002 neque
843 3945 895 3987 tu
937 3935 1221 4003 imperator
1267 3934 1510 3989 adoleudi
1538 3935 1702 3990 babes
1733 3951 1824 4005 pn-

257 4037 519 4080 teSIatem.
568 4026 688 4080 ll:cc
715 4027 854 4096 quod
901 4040 1042 4080 tuam
1088 4043 1267 4081 curem
1297 4029 1520 4080 salutem
1543 4069 1556 4090 ,
1601 4027 1819 4083 scribo:

257 4118 392 4186 quod
420 4133 550 4171 vero
573 4133 656 4171 res
677 4127 881 4188 spectat
903 4121 968 4171 de
990 4120 1179 4188 quibus
1199 4121 1477 4190 scripsiSti,
1495 4135 1620 4175 ecce
1651 4136 1822 4174 meam

257 4213 571 4266 sententiam
602 4229 614 4263 :
648 4213 857 4264 Arianis
907 4211 1124 4266 minime
1153 4212 1409 4282 adjnugor
1433 4253 1448 4276 ,
1501 4215 1659 4266 immo
1707 4228 1822 4266 eam

259 4301 503 4356 lueresim
544 4301 676 4357 ferio
716 4302 1094 4357 anathemate:
1129 4319 1229 4357 ncc
1255 4315 1439 4358 contra
1478 4304 1822 4359 Athanasium

257 4397 450 4459 scribo,
489 4412 643 4465 quam
691 4413 787 4451 nos
836 4407 888 4451 et
942 4413 1153 4452 romana
1198 4400 1455 4463 ecclesia,
1503 4400 1664 4452 immo
1713 4409 1820 4454 tota

1936 441 2104 496 ἐκεῖνοι
2146 441 2198 496 δὲ
2227 444 2356 518 πρὸς
2400 445 2566 499 πάντα
2608 452 2676 516 μη
2721 448 3050 520 θαῤῥοῦντες.
3093 446 3217 508 ἴσως
3260 452 3501 506 ἀνένευον.

1936 529 2128 603 ἐγένετο
2163 531 2215 586 δέ
2257 534 2403 587 πάλιν
2435 535 2459 588 ό
2492 533 2778 597 Ἀθανάσιος
2815 541 2884 596 εἰς
2921 540 2978 592 τὸ
3006 539 3090 591 σόν
3118 541 3464 615 στρατόπεδον
3484 582 3501 606 ,

1936 623 2073 677 ἡνίκα
2101 624 2418 694 μεταπέμψω
2447 626 2647 700 γράψας
2675 629 2838 699 αὐτῷ,
2874 632 2955 681 καὶ
2998 630 3252 703 παρόντας
3291 633 3340 686 έν
3370 636 3502 710 αὐτῇ

1935 719 1995 785 τῇ
2022 711 2304 788 Ἀντιοχείᾳ
2331 719 2448 774 τοὺς
2479 717 2696 792 ἐχθροὺς
2721 720 2948 776 κληθῆναι
2991 723 3181 782 πάντας
3218 721 3247 780 ἦ
3290 723 3501 780 ἕκαστον

1935 805 2099 857 αὐτῶν
2125 807 2353 868 ἠξίωσεν,
2384 807 2445 858 ἶν’
2473 807 2503 865 ἦ
2533 809 2813 880 ἐλέγξωσιν,
2846 809 2874 868 ἦ
2911 810 3222 882 ἐλεγχθῶσι,
3256 817 3340 867 καί
3361 816 3439 868 ’ἱνα
3465 815 3496 874 ἢ

1935 901 2158 972 παρόντα
2205 900 2432 965 δείξωσιν
2460 899 2554 956 οἷον
2601 905 2859 976 λέγουσιν,
2902 906 2932 962 ἥ
2961 906 3154 961 ἀπόντα
3194 912 3263 977 μή
3293 905 3501 961 διαϐάλ-

1935 993 2077 1049 λωσι.
2113 998 2196 1048 καί
2235 993 2354 1050 οὔτε
2385 1017 2450 1050 συ
2481 997 2701 1068 λέγοντος
2741 998 2817 1067 (1)
2847 1000 3093 1070 ἠνέσχου.
3136 999 3257 1053 ἀλλά
3286 1003 3500 1074 κάκεῖνοι

1933 1089 2314 1160 παρῃτήσαντο.
2359 1091 2408 1140 τί
2446 1090 2609 1142 τοίνυν
2638 1090 2832 1148 ἀκούεις
2873 1087 2945 1144 ἔτι
2975 1096 3069 1142 τῶν
3097 1089 3495 1161 κακολογούντων

1934 1177 2111 1236 αὐτόνς
2141 1185 2247 1237 πῶς
2275 1179 2437 1250 ἀνέχῃ
2471 1180 2742 1239 Οὐάλεντος
2769 1183 2850 1233 καὶ
2879 1182 3187 1253 Οὐρσακίου,
3221 1184 3380 1236 καίτοι
3405 1203 3498 1253 με·

1934 1272 2282 1326 τανοησάντων
2303 1313 2316 1331 ,
2358 1276 2440 1325 καί
2479 1274 2734 1346 ἐγγράφως
2763 1275 2926 1326 αὐτῶν
2969 1273 3373 1345 ὁμολογησάντων
3409 1279 3498 1334 τήν

1937 1373 2289 1433 συκοφαντίανς
2320 1363 2643 1436 ὡμολόγησαν
2661 1367 2759 1439 γὰρ
2784 1367 2838 1417 οὐ
2857 1365 2971 1435 βίαν
2989 1366 3247 1426 παθόντες,
3273 1368 3338 1426 ὡς
3359 1369 3502 1421 αὐτοὶ

1934 1457 2327 1527 προφασίζονται
2347 1497 2359 1519 ,
2400 1458 2455 1509 οὐ
2482 1465 2806 1526 στρατιωτῶν
2833 1459 3168 1530 ἓπικειμένων,
3199 1461 3286 1512 οὐκ
3313 1457 3501 1520 εἰδότος

1934 1552 2020 1600 τοῦ
2047 1544 2257 1617 ἀδελφοῦ
2289 1569 2384 1601 σου
2402 1565 2413 1576 ·
2448 1549 2531 1601 οὐκ
2560 1550 2774 1620 ἐγίγνετο
2802 1550 2898 1623 γὰρ
2936 1549 3059 1621 παρ’
3086 1551 3219 1619 αὐτῷ
3257 1557 3463 1606 τοιαῦτα
3482 1592 3496 1612 ,

1933 1631 2010 1688 οἷα
2038 1642 2123 1688 νῦν
2143 1638 2386 1709 γίγνεται,
2413 1644 2480 1708 μή
2508 1639 2694 1710 γένοιτο
2714 1653 2726 1666 ⁶
2757 1638 2857 1690 ἀλλ’
2884 1640 3029 1692 αὐτοί
3051 1640 3267 1700 Θέλοντες
3294 1640 3499 1701 έαυτοῖς

1860 1717 1906 1775 Β
1934 1727 2131 1780 ἀνῆλθον
2159 1732 2228 1787 εἰς
2255 1733 2342 1785 την
2367 1731 2554 1799 ῐδὼμην.
2587 1732 2664 1782 καί
2688 1734 2778 1782 τοῦ
2803 1727 3075 1782 ἐπισκόπου
3105 1733 3185 1782 καὶ
3213 1736 3308 1783 τῶν
3337 1750 3500 1806 πρεσ-

1935 1817 2156 1892 ϐυτέρων
2175 1820 2433 1893 παρόντων
2456 1818 2682 1894 ἔγραψαν
2698 1861 2712 1884 ,
2737 1820 3025 1896 γράψαντες
3151 1823 3394 1898 πρότερον
3415 1825 3501 1877 καί

1930 1908 2201 1982 Ἀθανασίῳ
2232 1911 2416 1981 φιλικὴν
2463 1913 2547 1963 καί
2586 1913 2821 1985 εἰρηνικήν
2862 1912 3143 1970 ὶπιστολήν.
3193 1916 3234 1966 εί
3279 1912 3332 1968 δέ
3378 1914 3496 1987 βίαν

1931 2007 2342 2076 προφασίζονται,
2367 2005 2449 2057 καὶ
2475 2010 2622 2059 τοῦτο
2642 2007 2938 2075 γινώσκωσι
2965 2005 3130 2066 κακόν,
3158 2006 3242 2058 οὐκ
3259 2004 3496 2079 ἀποδέχῃ

1932 2095 1984 2149 δέ
2027 2095 2138 2150 οὐδέ
2182 2095 2276 2151 σύ*
2324 2103 2526 2152 παῦσαι
2570 2104 2656 2151 τοῦ
2696 2097 2991 2168 βιάζεσθαι,
3024 2101 3108 2151 καί
3146 2102 3270 2168 μήτε
3313 2101 3494 2171 γράφε,

1930 2191 2056 2258 μήτε
2096 2189 2261 2260 πέμπε
2417 2189 2665 2259 κόμητας·
2713 2189 2833 2244 ἀλλὰ
2863 2193 2944 2242 καί
2985 2191 3104 2248 τοὺς
3149 2189 3496 2264 ίξορισθίντας

1931 2279 2182 2333 ἀπόλυσον
2204 2319 2216 2340 ,
2244 2280 2324 2331 ἶνα
2362 2285 2429 2348 μὴ
2450 2278 2572 2352 -βίαν
2614 2280 2905 2350 αἰτιωμένου
2952 2299 3078 2341 σου,
3107 2282 3335 2349 μείζονας
3375 2279 3496 2350 βίας

1931 2366 2107 2424 έκεῖνοι
2132 2375 2342 2423 ποιῶσι’
2375 2372 2424 2422 τί
2464 2372 2564 2443 γὰρ
2605 2375 2828 2422 τοιοῦτον
2852 2370 3020 2441 γέγονε
3059 2371 3198 2444 παρὰ
3239 2370 3496 2422 Κώνσταν-

1931 2476 2054 2524 τος;
2082 2463 2154 2518 τίς
2186 2462 2457 2518 ἓπίσκοπος
2483 2460 2758 2534 ἐξωρίσθη;
2787 2459 2909 2513 πότε
2948 2463 3159 2534 κρίσεως
3196 2459 3494 2517 ὶκκλησιασ-

1929 2559 2065 2610 τικῆς
2104 2553 2255 2620 μίσος
2297 2552 2498 2622 γέγονες
2544 2557 2684 2609 ποῖος
2728 2552 2880 2604 αὐτοῦ
2926 2551 3199 2609 Παλατῖνος
3245 2553 3494 2622 ἠνάγκασε

1932 2642 2063 2697 κατά
2087 2663 2215 2702 τινος
2243 2640 2562 2716 ὑπογράψαι.
2590 2642 2672 2694 ’ἱνα
2695 2641 2740 2693 oi
2761 2643 2879 2715 περί
2901 2641 3153 2694 Οὐάλεντα
3178 2646 3386 2694 τοιαῦτα
3415 2641 3496 2695 λέ-

1931 2750 2095 2807 γωσι;
2144 2741 2379 2792 παῦσαι,
2429 2734 2732 2805 παρακαλῷ.
2766 2735 2848 2786 καί
2889 2734 3162 2804 μνήσθητι,
3209 2730 3285 2786 ὅτι
3323 2734 3499 2794 θνητός

1932 2824 2190 2900 ἅνθρωπος
2214 2825 2509 2897 τυγχάνεις.
2541 2825 2775 2897 φοϐήθητε
2799 2829 2886 2882 τήν
2916 2826 3102 2899 ἡμέραν
3126 2833 3215 2886 τῆς
3245 2828 3458 2899 κρίσεως
3478 2865 3492 2888 ,

1934 2918 2140 2988 φύλαξον
2171 2920 2382 2970 σεαυτόν
2408 2918 2476 2976 είς
2506 2918 2686 2974 ἐκείνην
2729 2917 2972 2990 καθαρόν,
3023 2921 3089 2986 μὴ
3117 2918 3240 2970 τίθει
3282 2917 3496 2970 σεαυτὸν

1935 3005 2004 3067 εἷς
2030 3009 2092 3062 τὰ
2119 3008 2496 3065 έκγλησιαστικά
2517 3048 2530 3068 ,
2561 3005 2686 3078 μηδέ
2717 3009 2780 3060 σὺ
2825 3010 2941 3081 περί
2967 3009 3159 3062 τούτων
3185 3009 3297 3077 ἡμῖν
3328 3028 3499 3081 παρα-

1853 3094 1896 3155 C
1928 3101 2127 3154 κελεὺου
2153 3117 2164 3128 ·
2200 3101 2324 3154 ἀλλὰ
2350 3101 2531 3170 μᾶλλον
2556 3100 2677 3172 παρ’
2710 3101 2845 3169 ἡμῶν
2866 3102 2930 3152 σὺ
2958 3099 3174 3169 μάνθανε
3200 3105 3382 3160 ταῦτα.
3413 3105 3497 3154 σοί

1928 3194 2184 3262 βασιλείαν
2233 3192 2256 3246 ό
2301 3195 2420 3252 Θεὸς
2468 3195 2806 3267 ἱνεχείρισεν.
2840 3193 2954 3262 ἡμῖν
2999 3194 3062 3245 τὰ
3101 3201 3192 3252 τῆς
3232 3193 3496 3254 ὶκγλησίας

1926 3283 2218 3344 ἐπίστευσε,
2248 3287 2330 3337 καί
2354 3285 2527 3357 ὥσπερ
2555 3283 2580 3336 ὁ
2607 3287 2696 3340 τήν
2739 3287 2830 3340 σὴν
2863 3283 3034 3356 ἀρχὴν
3059 3283 3382 3337 ὐποκλέπτων
3407 3285 3494 3336 ἀν-

1925 3375 2104 3445 τιλέγει
2140 3383 2212 3446 τῷ
2239 3374 2585 3444 διαταξαμένῳ
2608 3393 2618 3405 ⁸
2653 3374 2783 3429 οὕτω
2821 3375 3059 3445 φοϐήθητι
3099 3379 3167 3445 μή
3215 3379 3292 3429 καί
3322 3378 3388 3429 σε)
3431 3379 3496 3430 τὰ

1925 3474 2014 3526 τῆς
2043 3466 2311 3525 ἐκκλησίας
2352 3471 2421 3525 εἰς
2461 3465 2637 3521 ἑαυτὸν
2679 3467 2859 3529 ἕλκων,
2899 3467 3179 3526 ὑπεύθυνος
3222 3467 3494 3539 ἔγκληματι

1925 3558 2121 3627 μεγάλῳ
2145 3558 2284 3628 γίνῃ·
2319 3554 2578 3613 Ἀπόδοτε.
2603 3557 2916 3630 γέγραπται,
2961 3558 3025 3611 τά
3068 3560 3316 3631 Καίσαρος
3335 3599 3347 3617 ,
3378 3561 3496 3611 Καί-

1927 3671 2066 3722 σαρι.
2099 3653 2182 3702 καὶ
2211 3654 2274 3705 τά
2295 3655 2386 3704 τοῦ
2411 3656 2557 3709 Θεοῦ,
2581 3656 2652 3720 τῷ
2678 3657 2804 3721 Θεῷ,
2837 3647 2950 3704 οὔτε
2979 3653 3144 3704 τοίνυν
3165 3653 3283 3721 ἡμῖν
3307 3648 3493 3726 ἄρχειν

1925 3742 2008 3795 ἐπί
2028 3748 2116 3801 τῆς
2144 3748 2235 3810 γῆς
2265 3739 2475 3804 ἔξεστιν.
2509 3738 2620 3796 οὗτε
2647 3744 2712 3794 σύ
2740 3748 2827 3796 τοῦ
2857 3742 3036 3812 θυμιᾷν
3065 3744 3295 3806 έξουσίαν
3322 3737 3490 3812 ἔχεις,

1923 3831 2148 3902 βασιλεῦ.
2182 3837 2342 3887 ταῦτα
2368 3835 2454 3904 μὲν
2481 3827 2565 3885 οὖν
2594 3831 2672 3900 (4)
2700 3830 2966 3902 κηδόμενος
2991 3841 3078 3893 τῆς
3113 3843 3204 3895 σῆς
3236 3838 3494 3910 σωτηρίας

1922 3926 2116 3996 γράφω·
2149 3927 2266 3998 περὶ
2295 3921 2348 3977 δέ
2377 3921 2441 3976 ὧν
2465 3924 2775 3982 ἐπέστειλας.
2809 3921 2998 3983 ταύτης
3027 3926 3128 3995 εἰμὶ
3155 3933 3243 3984 τῆς
3265 3929 3489 3997 γνώμης·

1925 4017 2021 4088 ἐγὼ
2040 4013 2153 4069 οὔτε
2182 4017 2446 4090 ’Λρειανοῖς
2467 4017 2911 4088 συγκατατίθεμαι,
2928 4015 3050 4070 ἀλλά
3077 4018 3163 4070 καί
3191 4021 3276 4074 τήν
3299 4018 3494 4092 αἰρεσιν

1924 4107 2088 4160 αὐτῶν
2136 4107 2503 4177 ἀναθεματίζω·
2529 4102 2646 4160 οὔτε
2690 4106 2819 4159 κατά
2862 4105 3152 4160 Ἀθανασίου
3199 4107 3403 4180 γράφω,
3439 4104 3492 4160 ὃν

1925 4197 2072 4264 ἡμεῖς
2101 4215 2154 4250 τε
2185 4200 2266 4249 καί
2293 4198 2322 4252 ἡ
2359 4194 2610 4266 Ῥωμαίων
2638 4196 2870 4253 ἐκκλησία
2889 4237 2899 4250 .
2942 4198 3027 4251 καί
3056 4201 3201 4250 πᾶσα
3227 4199 3257 4254 ἡ
3284 4195 3497 4261 σύνοδος

1925 4287 2222 4360 ἐκαθάρισε,
2257 4287 2463 4360 καὶγὰρ
2504 4291 2666 4341 ταῦτα
2707 4289 2790 4340 καί
2818 4287 2881 4339 σὺ
2924 4294 3149 4361 συνορῶν
3186 4286 3496 4359 μετεπέμψω

1926 4380 2009 4436 τὸν
2049 4377 2336 4452 ἄνθρωπον,
2378 4383 2460 4434 καί
2500 4381 2869 4454 συνεχώρησας
2908 4381 3049 4453 αὐτῷ
3093 4380 3220 4451 μετὰ
3247 4389 3394 4451 τιμῆς
3425 4384 3494 4442 εἰς

257 4489 488 4558 synodus
521 4491 780 4544 insontem
803 4489 1107 4544 declaravit.
1127 4490 1253 4544 Nam
1309 4501 1361 4545 tu
1407 4491 1522 4544 baac
1549 4507 1668 4545 cum
1698 4507 1820 4560 per-

1932 4476 2021 4531 την
2041 4469 2263 4547 πατρίδα
2283 4473 2369 4524 καί
2394 4476 2482 4529 τὴν
2508 4471 2760 4527 ἔκκλησίαν
2792 4468 2870 4541 (5)
2901 4471 3195 4525 ἐπανελθεῖν.
3228 4473 3303 4531 τίς
3330 4473 3494 4526 τοίνυν

257 4590 430 4648 specta
461 4580 706 4643 haberes,
740 4581 1008 4636 hominem
1036 4582 1272 4636 accivisti
1298 4597 1360 4636 ac
1410 4583 1741 4648 concessisti,
1766 4591 1825 4636 ut

255 4684 371 4723 cum
395 4669 597 4724 honore
624 4671 674 4723 in
702 4671 924 4738 patriam
958 4672 1043 4726 ille
1064 4681 1118 4726 et
1162 4673 1213 4726 in
1239 4673 1518 4726 ecclesiam
1551 4688 1702 4728 suam
1733 4691 1820 4730 re-

258 4764 523 4831 migrarct.
556 4763 809 4829 Quaenam
842 4765 1045 4819 exstitit
1082 4775 1238 4819 tanta:
1271 4767 1578 4821 mutationis
1623 4769 1824 4822 causa?

258 4854 411 4909 Iidem
441 4855 583 4908 enim
617 4854 714 4922 ipsi
736 4864 860 4908 sunt
881 4855 994 4926 ejus
1019 4855 1214 4910 inimici
1244 4857 1459 4926 qttijam
1491 4870 1613 4913 ante
1641 4858 1819 4914 fuere:

258 4955 308 5000 ct
333 4961 448 5015 qua:
469 4944 577 5013 jam
608 4955 887 5000 susurrant
919 4948 1047 5017 (non
1070 4946 1209 5000 enim
1232 4961 1294 5000 ea
1323 4962 1504 5001 coram
1543 4949 1632 5003 illo
1654 4949 1826 5018 prole-

260 5037 400 5108 runt)
451 5038 561 5092 ltzcc
604 5038 748 5108 prius
775 5039 936 5092 ctiam
978 5054 1134 5109 quam
1178 5038 1531 5095 Athanasium
1577 5041 1778 5096 aceires
1804 5083 1819 5108 ,

257 5131 672 5202 obloquebantur
697 5130 838 5183 :lt:rc
851 5145 970 5185 cum
1002 5131 1066 5184 ad
1085 5131 1343 5201 synodum
1363 5131 1702 5186 advenissent
1726 5135 1821 5187 ob-

258 5224 650 5278 murmurabant
675 5242 687 5277 :
717 5238 936 5291 meque,
989 5225 1063 5278 uti
1111 5239 1270 5292 supra
1308 5224 1448 5289 dixi,
1483 5225 1819 5291 probationes

255 5315 565 5384 postulante,
599 5313 836 5382 proferre
878 5314 976 5382 ipsi
1021 5316 1342 5385 nequivere;
1379 5329 1499 5368 nam
1530 5315 1574 5368 si
1607 5314 1819 5371 habuis—

319 5481 397 5549 (l)
421 5479 531 5534 Hac
553 5478 774 5547 epistola
803 5479 1046 5542 recitata,
1072 5478 1250 5532 subdit
1269 5478 1588 5549 Athanasius
1613 5499 1624 5534 :
1647 5488 1826 5536 Ταῦτα

255 5548 337 5628 μὲν
362 5554 387 5628 ῤ
412 5550 740 5628 ’Λϐραμιαῖος
764 5551 926 5628 γέρων
943 5550 1015 5628 ..ὁ
1047 5550 1247 5628 Δδιλιοᾷὤς
1273 5548 1449 5628 ἶοσιος
1470 5552 1744 5628 cepam“?
1765 5573 1822 5628 τε

257 5576 337 5628 μεν
361 5577 387 5642 2
425 5571 740 5663 Αδραμιαιος
764 5571 926 5630 γερων
943 5594 974 5632 ,⁸
990 5573 1015 5604 ο
1058 5571 1247 5609 αΑηυως
1287 5571 1449 5631 ρσιος
1470 5571 1744 5630 ,εφρονησεν
1765 5573 1822 5631 τε

257 5629 335 5699 καὶ
353 5642 590 5699 ιγραςγιν.
624 5620 758 5699 Ἠιιξε
784 5623 873 5675 illa
898 5623 994 5699 [ιιιι
1026 5621 1344 5699 ἶίιννιιρςιηιιςι
1374 5636 1529 5684 senis,
1551 5637 1661 5676 vere
1689 5621 1823 5687 Οειὲ,

257 5651 335 5680 και
353 5651 590 5741 ιγρΈΫιν.
624 5651 756 5702 ἰιωυ
784 5651 871 5675 mu
898 5651 994 5703 lu"
1026 5651 1344 5702 ,ιυιιέηιυιιιιρ
1374 5651 1477 5672 acut

255 5696 304 5749 id
328 5705 417 5758 est,
455 5726 471 5744 Α
499 5701 633 5746 ιιιισιι
703 5701 946 5746 sententia
977 5708 994 5743 :
1024 5690 1102 5743 lim
1130 5690 1272 5744 illius
1299 5691 1480 5743 (imm

1923 4565 2091 4636 γέγονε
2121 4565 2371 4638 πρόφασις
2397 4572 2486 4623 τῆς
2521 4565 2778 4622 τοσαύτης
2813 4564 3120 4635 μεταϐολῆςς
3155 4565 3199 4617 οί
3226 4565 3372 4618 αὐτοί
3393 4566 3492 4640 γὰρ

1924 4657 2098 4728 ἐχθροί
2134 4656 2177 4708 οἱ
2212 4658 2295 4709 καί
2319 4656 2560 4728 πρότερον
2598 4651 2736 4714 ὄντες
2765 4658 2849 4709 καί
2876 4660 2960 4707 νῦν
2989 4658 3112 4709 εἰσιν
3137 4657 3288 4711 αὐτοῦ
3306 4697 3320 4721 ,
3351 4660 3436 4711 καί
3463 4656 3491 4712 ἃ

1923 4753 2010 4798 νῦν
2035 4746 2381 4820 ψιθυρίζουσιν
2404 4761 2418 4774 ⁶
2451 4747 2507 4799 οὐ
2550 4748 2648 4820 γὰρ
2688 4746 2932 4819 παρόντος
2972 4747 3127 4800 αὑτοῦ
3169 4749 3492 4821 φθέγγονται·

1921 4843 2115 4899 ταῦτα,
2149 4840 2232 4890 καί
2254 4839 2370 4910 πρὶν
2401 4834 2478 4907 (ὓ)
2509 4835 2820 4909 μεταπέμψῃ
2846 4839 2930 4891 τὸν
2949 4835 3256 4897 Ἀθανάσιον,
3285 4838 3494 4894 κατελά-

1924 4930 2071 4989 λουν.
2099 4934 2263 4983 ταῦτα
2300 4930 2386 4982 καί
2429 4928 2639 4987 ἐλθόντες
2676 4929 2744 4987 είς
2773 4932 2862 4986 τήν
2910 4925 3119 4982 σύνοδον
3160 4925 3495 5001 διεθρΰλλουν.

1927 5023 2004 5076 καί
2037 5022 2391 5092 ἀπαιτούμενοι
2418 5019 2543 5093 παρ’
2573 5022 2719 5091 ἐμοῦ,
2763 5021 2889 5074 καθά
2930 5027 3204 5092 προεῖπον,
3246 5021 3339 5078 τὰς
3369 5022 3498 5074 ἀπο·

1927 5111 2100 5177 δείξεις
2146 5113 2236 5166 οὐκ
2278 5109 2516 5182 ἴσχυσαν
2543 5117 2840 5183 παρασχεῖν
2861 5127 2874 5139 ⁶
2905 5113 2950 5162 εἰ
2986 5111 3085 5185 γάρ
3131 5105 3296 5180 εἶχον,
3323 5109 3408 5164 οὐκ
3438 5105 3498 5166 ἂν

2025 5244 2077 5315 1)
2102 5245 2175 5298 Ita
2200 5245 2330 5315 Reg.
2358 5254 2412 5298 et
2432 5244 2512 5315 sic?
2536 5241 2832 5315 legendum.
2859 5240 2994 5295 Editi
3015 5242 3259 5314 ἠνέσχου.

2025 5246 2077 5315 l)
2102 5246 2175 5298 Ita
2200 5246 2330 5315 Reg.
2358 5254 2412 5298 et
2432 5246 2508 5298 sic
2536 5246 2828 5309 legendum.

1999 5246 2082 5388 i2)
2114 5315 2202 5388 §ic
2227 5314 2356 5388 Reg.
2385 5314 2828 5388 l‘fditi,_1:péﬂpov.

2033 5387 2087 5453 ὅ)
2114 5385 2245 5458 Reg.
2271 5387 2500 5458 κόμιςας.
2530 5385 2790 5436 ιΙσιιιυΐθ.

1990 5450 2082 5524 Κι)
2115 5455 2170 5509 lu
2197 5450 2436 5522 Κηδῶν
2455 5455 2623 5524 άοεει.

2028 5525 2083 5590 5)
2111 5526 2239 5590 Reg.
2272 5525 2516 5587 ἀπελθεῖν,
2546 5522 2715 5575 minus
2743 5531 2908 5578 recte.

2005 5525 2059 5596 (5
2111 5526 2239 5590 Reg.
2272 5525 2516 5587 ἀπελθεῖν,
2546 5525 2715 5575 minus
2743 5531 2908 5578 recte.

2003 5525 2083 5667 (6)
2111 5595 2184 5650 Ita
2208 5597 2338 5665 Reg.
2366 5595 2500 5674 Etliti
2517 5593 2863 5674 veromt'miop.
2888 5592 3006 5647 Mox
3027 5591 3160 5664 Reg.
3196 5591 3501 5670 διεθρῦλουν,

1934 5663 2177 5723 «leniore
2203 5663 2320 5722 eum
2348 5663 2504 5716 unico
2527 5663 2572 5714 λ
