3910 6212
434 219 575 278 1345

1792 212 2097 271 LliiERlUS
2152 213 2349 271 PAPA.

3558 215 3682 271 15H

433 337 563 387 tunc
605 329 782 386 habita
838 330 1073 403 synodus
1125 331 1207 386 vel
1249 329 1314 385 ad
1345 343 1541 384 annum
1572 328 1675 384 555
1695 338 1974 385 exeuntem
1997 368 2012 393 ,
2040 328 2091 386 Α
2119 341 2230 380 χιιι.
2250 324 2537 381 -ιίιιειοω
2564 326 2920 398 ιαιιιριαεειιω
2941 328 3123 398 synodi
3139 336 3186 381 et
3206 328 3432 381 aliarum
3460 329 3527 381 ad
3550 326 3691 383 Libe-

438 422 526 477 vel
556 422 623 477 ad
646 423 916 478 ineuntem
955 424 1059 478 551s
1090 422 1367 478 referenda
1397 421 1483 475 sit.

439 571 532 611 vn.
562 586 633 595 —
652 554 860 609 Eusebii
897 555 1114 608 Vercell.
1148 555 1217 608 ad
1246 554 1499 609 Liberium
1519 552 1733 624 epistola
1762 567 1894 605 anno
1916 551 2021 606 354

1148 663 1322 701 τηιεεα.

515 783 569 836 8.
602 782 867 837 Eusebius
930 780 1287 837 Vercellensis
1316 781 1599 850 episcopus
1643 795 1672 833 a
1714 779 1923 833 Liberio
1939 794 2023 832 ro-

443 883 596 945 gatus
625 881 682 928 ut
702 874 887 942 legatis
907 874 1017 927 suis
1042 871 1287 926 Lucifero
1307 912 1321 935 ,
1352 871 1631 925 Pancratio
1659 880 1714 925 et
1742 869 1939 923 llilario
1958 868 2022 921 ad

448 967 794 1022 obtinendum
826 983 852 1017 a
884 964 1194 1019 Constantio
1224 963 1505 1019 concilium
1531 978 1646 1017 sese
1676 962 2021 1031 adjungeret,

447 1060 707 1115 voluntati
736 1059 903 1128 ipsius
931 1072 990 1113 se
1020 1057 1200 1112 libenti
1230 1057 1409 1110 animo
1436 1055 1654 1123 obsequi
1685 1054 2021 1108 renuntiavit.

455 1151 709 1221 Epistula:
760 1152 914 1219 hujus
969 1149 1206 1203 netitiam
1240 1148 1391 1202 nobis
1419 1154 1637 1215 prtestat
1661 1145 1854 1199 Liberii
1885 1145 2027 1213 epis-

452 1245 563 1300 tola
596 1246 659 1298 ad
692 1243 913 1311 Euseb.,
945 1243 1186 1311 adeoque
1218 1238 1374 1311 paulo
1402 1245 1524 1293 ante
1560 1237 1694 1291 banc
1729 1251 1869 1290 anno
1925 1237 2027 1291 55l

454 1336 652 1406 scripta
695 1344 797 1391 est.

456 1489 569 1530 vut.
593 1471 866 1526 -—Liberii
887 1471 954 1525 ad
983 1470 1411 1525 Fortunatianum
1440 1468 1650 1538 epistola
1671 1508 1684 1531 ,
1718 1466 1889 1520 eodem
1911 1475 2032 1519 tent-

1095 1580 1215 1633 pore
1243 1563 1383 1615 data.

2363 421 2495 472 rium
2524 428 2567 471 et
2599 420 2943 473 Occidentales
2970 437 3089 474 ann.
3120 420 3223 475 565
3252 422 3442 474 missa.

2192 509 2279 563 M.
2330 510 2629 565 Orientales
2676 527 2704 563 c
2734 510 3090 580 Lampsacena
3160 512 3369 582 synodo
3431 513 3694 582 variisque

2121 602 2360 657 conciliis
2392 604 2440 655 in
2467 602 2589 657 Asia
2612 643 2627 667 ,
2653 603 2989 674 Pamphylia,
3017 603 3212 657 Isauria
3268 613 3320 657 et
3369 602 3529 674 Lycia
3558 606 3696 660 cele-

2124 691 2288 746 bratis
2317 694 2519 747 litteras
2546 693 2824 748 Eustathio
2847 735 2861 758 ,
2893 694 3108 748 Silvano
3134 709 3196 749 ac
3226 694 3528 765 Theophilo
3555 696 3698 765 lega—

2122 782 2190 836 tis
2217 781 2546 838 tradiderunt
2598 786 2662 838 ad
2715 785 2979 841 Liberium
3035 794 3087 839 et
3133 785 3415 855 episcopOs
3438 784 3699 841 Occiden-

2126 876 2258 927 tales
2291 876 2662 944 perferendas,
2698 875 2886 946 quibus
2908 917 2921 941 ,
2952 886 3005 929 ut
3028 881 3330 931 summatim
3388 879 3701 948 perstringit

2126 966 2451 1021 Sozomenus
2476 968 2567 1023 lib.
2603 984 2675 1032 τι,
2708 985 2754 1022 e.
2794 970 2875 1031 il,
2911 988 2927 1019 ι
2950 984 3043 1023 eos
3064 969 3437 1035 hortabantur,
3472 979 3528 1024 ut
3556 971 3705 1040 lega-

2127 1065 2210 1109 tos
2262 1072 2388 1111 suos
2431 1058 2575 1111 omni
2631 1074 2733 1126 npc
2788 1059 3131 1127 a-ljuvarent,
3188 1070 3241 1115 et
3282 1077 3403 1114 cum
3438 1061 3544 1114 illis
3570 1061 3701 1130 quid

2130 1146 2387 1217 agendum
2420 1157 2564 1203 esset
2622 1151 3036 1217 perpenderent,
3088 1158 3142 1203 et
3194 1159 3387 1204 statum
3448 1152 3703 1205 Ecclesiae

2132 1250 2285 1308 prout
2313 1240 2441 1306 ipsis
2470 1241 2737 1294 videretur
2760 1242 3118 1309 corrigerent;
3151 1242 3345 1309 quippe
3367 1244 3455 1311 qui
3481 1244 3703 1310 probam

2131 1346 2191 1385 ac
2218 1332 2457 1385 stabilem
2488 1331 2644 1385 ﬁdem
2671 1331 2980 1395 retinerent,
3000 1346 3061 1386 ac
3087 1347 3195 1401 prie
3218 1334 3429 1385 czeteris
3455 1334 3707 1387 otnnibus

2132 1424 2403 1493 religionis
2451 1438 2629 1478 curam
2686 1439 2869 1494 gerere
2919 1423 3196 1477 deberent.
3226 1443 3243 1475 ι
3305 1423 3533 1477 Litteras
3584 1424 3705 1477 illas

2133 1514 2349 1568 Liberio
2375 1529 2402 1566 a
2430 1514 2691 1581 pnudictis
2722 1516 2903 1583 legatis
2925 1513 3159 1568 redditas
3210 1529 3329 1567 esse
3368 1514 3614 1567 Socrates
3646 1522 3709 1567 et

2134 1604 2458 1659 Sozomcuns
2490 1605 2719 1659 tradunt.
2745 1604 2873 1657 Cum
2902 1614 3076 1658 autem
3093 1604 3450 1672 Lampsacena
3470 1606 3707 1675 synodus

529 1700 583 1755 9.
633 1699 874 1755 Liberius
903 1698 953 1752 in
987 1697 1171 1752 eadem
1188 1696 1409 1766 epistola
1438 1695 1501 1749 ad
1533 1693 1729 1748 Euseb.
1774 1699 2033 1746 memorat

2154 1719 2249 1770 lum
2273 1704 2415 1772 prior
2445 1704 2644 1772 legatos
2669 1702 2975 1761 destinavit,
3000 1709 3054 1755 et
3077 1702 3227 1771 cujus
3276 1702 3446 1754 instar
3473 1702 3584 1755 alia:
3611 1718 3710 1764 sy-

462 1792 670 1848 litteras
702 1808 730 1845 a
778 1808 835 1847 se
882 1791 947 1845 ad
973 1790 1407 1845 Fortunati-anum
1442 1788 1696 1857 Aquileia:
1721 1786 2029 1855 episcopum

462 1885 708 1953 scriptas,
731 1882 921 1951 quibus
948 1898 1068 1935 eum
1101 1882 1352 1950 rogabat,
1385 1887 1442 1933 ut
1473 1882 1584 1949 ipse
1615 1893 1709 1948 pro
1733 1877 2033 1931 sinceritate

465 1975 696 2045 pectoris
731 1982 785 2028 et
816 1989 909 2043 pro
936 1972 1058 2040 ﬁde,
1089 1988 1245 2043 quam
1276 1988 1333 2027 se
1363 1973 1566 2027 sciebat
1595 1973 1753 2025 etiam
1782 1986 1899 2023 cum
1926 1968 2035 2021 dis-

463 2066 691 2121 crimine
730 2066 852 2119 vita:
889 2066 1169 2135 pra-sentis
1199 2064 1526 2127 custodisse,
1572 2078 1693 2117 cum
1747 2062 1932 2131 legatis
1970 2059 2035 2114 ad

468 2156 837 2212 Constantium
860 2158 1037 2211 missis
1065 2157 1373 2226 dignaretur
1394 2155 1675 2210 excubare.

591 2308 665 2347 ιιι.
684 2290 1047 2346 —Constantii
1063 2291 1129 2343 ad
1152 2289 1405 2344 Liberium
1430 2290 1609 2343 littera
1629 2305 1761 2342 anno
1791 2288 1914 2343 555.

542 2406 628 2461 it).
676 2402 1018 2458 Constantius
1066 2404 1223 2473 paulo
1263 2411 1383 2472 post
1421 2402 1809 2456 Mediolanense
1862 2400 2038 2453 conci-

469 2496 597 2551 lium
624 2510 763 2549 anno
785 2497 890 2550 555
918 2495 1155 2549 habitum
1189 2496 1423 2548 minaces
1451 2493 1516 2547 ad
1548 2492 1811 2547 Liberium
1840 2490 2042 2543 litteras

468 2602 590 2642 cum
623 2587 929 2640 nnmeribus
956 2602 1047 2655 per
1080 2587 1361 2641 Eusebium
1385 2586 1681 2638 eunuchum
1711 2583 1884 2646 misit,
1930 2582 2045 2651 qui-

470 2681 569 2735 bus
598 2696 718 2734 eum
741 2680 806 2733 ad
835 2679 1192 2733 damnandum
1248 2680 1593 2733 Athanasium
1626 2686 1679 2731 et
1708 2680 1771 2729 ad
1802 2691 2041 2729 rommu-

473 2776 754 2827 nicandum
777 2790 894 2827 cum
923 2773 1135 2827 Arianis
1163 2772 1378 2826 ﬂectere
1410 2773 1663 2823 tentahat.
1714 2770 1908 2822 llarum
1958 2767 2042 2820 Iit-

474 2876 709 2923 terarum
765 2865 964 2919 mentio
1042 2872 1221 2918 exstat
1272 2863 1408 2931 apud
1458 2862 1801 2915 Athanasium
1861 2859 2043 2912 histor.

473 2963 657 3017 Arian.
694 2958 756 3012 ad
783 2958 1029 3012 monacli.
1056 2974 1107 3011 ιι.
1134 2958 1225 3022 35,
1253 2957 1379 3024 ipsis
1409 2963 1584 3007 autem
1642 2954 1795 3005 minis
1820 2950 2049 3005 admixta

477 3054 639 3109 fuisse
682 3054 1040 3107 blandimenta
1079 3068 1198 3105 cum
1247 3052 1423 3103 innata
1465 3048 1760 3103 Constantii
1805 3046 2008 3099 indoles

476 3154 588 3201 tum
612 3146 860 3213 adjuncta
889 3161 1106 3199 mUnera
1140 3144 1290 3197 facile
1324 3142 1659 3211 persuadent.

478 3275 532 3314 ι.
551 3290 620 3299 --
642 3258 826 3313 Liberii
848 3259 916 3313 ad
941 3259 1129 3312 clerum
1155 3257 1302 3311 Rom.
1333 3256 1513 3309 littera:
1536 3270 1668 3307 anno
1698 3251 1799 3305 557
1830 3251 2049 3322 scriptae.

554 3372 639 3425 11.
674 3371 919 3425 Liberius
946 3370 1124 3423 statim
1158 3376 1215 3422 ut
1244 3367 1389 3423 exilii
1440 3366 1598 3421 tudio
1628 3382 1691 3419 ac
1734 3364 1888 3423 minis
1920 3364 2054 3417 irac-

480 3470 565 3518 tus
590 3464 931 3533 Imperatoris
983 3460 1241 3516 voluntati
1287 3460 1587 3526 consensit,
1643 3459 1942 3528 priusquam
1987 3456 2053 3509 de

482 3556 585 3611 hoc
625 3571 888 3611 consensu
942 3557 1233 3625 Imperator
1268 3555 1466 3609 certior
1496 3554 1675 3617 ﬂeret,
1709 3567 1766 3605 sc
1796 3551 1863 3604 ab
1889 3548 2053 3603 Atha—

482 3648 617 3703 nasii
643 3647 854 3701 nomine
903 3654 957 3700 et
1000 3647 1373 3699 COIIIIIlllIllOllO
1425 3643 1710 3697 recessisse
1749 3641 1895 3694 clero
1951 3639 2057 3691 llo-

484 3753 641 3791 mano
668 3737 1000 3803 signiﬁcavit.
1030 3736 1284 3803 QIIOt‘lrczl
1336 3744 1389 3788 ct
1416 3735 1569 3801 hujus
1597 3732 1904 3785 mutationis
1948 3745 2056 3783 sua:

484 3837 674 3883 testem
703 3829 903 3881 clerum
934 3843 1085 3880 suum
1110 3826 1267 3894 epist.
1287 3827 1351 3879 ad
1373 3826 1647 3880 Ursacium
1667 3840 1719 3877 ιι.
1739 3824 1792 3884 2,
1810 3822 2054 3891 appellat.

488 3965 564 4005 ιι.
584 3979 652 3990 --
672 3946 911 4019 Ejusdem
964 3948 1143 4001 littera:
1165 3948 1232 3999 ad
1251 3946 1602 4002 Constantium
1627 3944 1798 3998 eodem
1820 3954 2054 4013 tempore.

561 4061 647 4117 13.
705 4061 901 4116 Eodem
938 4072 1173 4130 tempore
1201 4059 1444 4113 Liberius
1473 4060 1677 4112 litteras
1717 4073 1872 4126 super
1896 4058 2061 4112 Atha-

489 4154 627 4209 nasii
654 4155 865 4208 nomine
882 4170 974 4224 per
991 4153 1422 4208 Fortunatianum
1444 4152 1832 4222 Aquileiensem
1850 4150 2029 4219 episco
2046 4177 2060 4189 -

488 4261 611 4314 pum
644 4246 708 4299 ad
738 4243 1106 4299 Coitstantium
1141 4244 1488 4313 perferendas
1513 4242 1692 4306 dedit,
1726 4251 1781 4296 ut
1807 4243 1962 4309 epist.
1995 4241 2059 4294 ad

484 4337 787 4390 Orientales
815 4338 925 4404 ipse
968 4337 1217 4406 loquitur.
1246 4336 1474 4390 Litteras
1502 4334 1715 4389 easdem
1763 4332 1961 4386 indicat
2009 4341 2062 4386 ct

485 4432 642 4501 epist.
672 4432 735 4483 ad
769 4430 1062 4497 Ursacium,
1096 4447 1149 4485 ιι.
1178 4432 1233 4485 2.

490 4545 1104 4617 stt.—Liberiiepistola
1131 4540 1397 4599 decretalis
1444 4562 1532 4617 per
1581 4545 1862 4613 provincias
1912 4544 2063 4596 missa

1072 4638 1209 4691 circa
1233 4654 1352 4691 mm.
1387 4636 1511 4689 562.

567 4754 653 4808 15.
681 4753 903 4809 Siricius
920 4768 1050 4822 papa
1072 4752 1229 4822 epist.
1247 4751 1309 4805 ad
1338 4751 1544 4814 Osinm,
1577 4766 1629 4803 ιι.
1655 4749 1711 4813 2,
1736 4764 1850 4816 eos,
1887 4749 1974 4817 qui
1997 4748 2062 4803 ab

496 4846 705 4902 Ariaois
721 4848 1012 4914 baptizatos
1040 4845 1214 4899 denuo
1244 4842 1949 4911 baptizabant,vehemeuter
1968 4842 2066 4893 im-

497 4941 707 5010 probat,
726 4953 846 4993 cum
875 4940 1007 4993 alias
1036 4938 1106 4993 ob
1131 4951 1337 5003 causas,
1365 4945 1474 4991 tum
1491 4937 1560 4990 ob
1577 4938 1711 4990 hanc
1730 4935 2061 5000 nominatim,

497 5031 635 5103 quod
666 5031 801 5085 istud
820 5036 1211 5098 postcassatum
1239 5032 1273 5081 Α
1287 5028 1575 5082 riminense
1603 5027 1881 5080 concilium
1906 5030 2065 5079 missa

497 5126 563 5179 ad
609 5123 905 5194 provincias
937 5137 965 5175 a
991 5119 1305 5174 veneranda:
1360 5118 1634 5174 memoria:
1676 5117 2067 5185 prmdccessore

1915 5206 2065 5261 Unde

496 5305 746 5375 colligere
772 5312 854 5358 est
875 5346 888 5368 ,
913 5303 1180 5357 Liberium
1238 5310 1356 5371 post
1402 5299 1683 5355 infaustum
1718 5298 2067 5353 Ariminensis

495 5398 710 5454 concilii
732 5398 930 5451 exitum
960 5397 1225 5452 celebrata
1253 5396 1487 5468 synodo,
1518 5394 1798 5451 concilium
1831 5393 1956 5448 illud
1996 5394 2069 5447 ir-

494 5491 654 5546 ritum
713 5489 1046 5553 declarasse,
1099 5502 1161 5543 ac
1191 5489 1330 5542 varia
1388 5486 1629 5542 sanxisse
1658 5487 1901 5549 decreta,
1948 5500 2066 5554 qua:

497 5585 761 5638 universa:
785 5581 1036 5636 Ecclesiae
1057 5581 1269 5635 utilitati
1321 5580 1715 5644 conducerent,
1765 5594 1932 5649 eaque
1976 5592 2069 5647 per

498 5231 619 5271 meo
666 5214 876 5268 Liberio
920 5212 1186 5282 generalia
1241 5211 1454 5265 decreta
1502 5206 1833 5278 prohibeant.

496 5674 804 5745 synodalem
845 5671 1123 5742 epistolam
1156 5672 1208 5725 in
1243 5670 1538 5741 provincias
1557 5668 1781 5724 misisse.

2138 1794 2259 1847 nodi
2314 1794 2515 1847 litteras
2565 1808 2687 1847 suas
2738 1794 2934 1847 eisdem
2983 1796 3360 1855 crediderunt,
3418 1808 3553 1847 anno
3594 1795 3705 1847 565

2135 1886 2272 1939 circa
2306 1900 2541 1939 mensem
2571 1884 2932 1954 Septembrem
2961 1884 3202 1939 absoluta
3250 1887 3350 1945 sit.
3384 1885 3615 1954 seqnitur
3645 1893 3706 1938 ut

2138 1990 2323 2030 omnes
2353 1978 2453 2030 illm
2480 1977 2665 2030 littera:
2697 1976 2759 2030 ad
2788 1977 3029 2031 eumdem
3058 1991 3255 2029 aunttm
3302 1975 3414 2045 jam
3442 1976 3702 2031 labentem

2138 2070 2453 2137 pertineant.

2142 2177 2251 2215 ιιιν.
2271 2164 2432 2216 -Αιι
2459 2161 2687 2217 Liberius
2711 2164 2900 2216 litteras
2930 2164 2995 2216 ad
3025 2163 3308 2220 Orientales
3353 2164 3605 2233 scripserit
3642 2165 3706 2220 de

2706 2256 2901 2328 Spiritu
2917 2257 3126 2311 Sancto.

2215 2348 2298 2403 15.
2341 2349 2671 2403 Sozomenus
2706 2351 3119 2403 controversiam
3170 2350 3237 2404 de
3282 2350 3515 2421 Spiritus
3544 2353 3705 2407 saneti

2144 2441 2340 2495 deitate
2367 2442 2415 2493 in
2438 2439 2655 2495 Oriente
2685 2440 2963 2496 excitatam
2996 2450 3205 2506 notans,
3241 2444 3310 2495 ita
3342 2444 3435 2500 lib.
3463 2460 3545 2503 v1.
3572 2460 3615 2498 c.
3638 2444 3705 2497 22

2146 2530 2378 2598 loquitur
2410 2549 2420 2583 :
2457 2551 2473 2581 ι
2508 2530 2636 2585 Cum
2667 2533 2777 2585 hare
2796 2533 3017 2602 quantio
3042 2534 3356 2603 agitaretur,
3403 2545 3458 2589 et
3500 2544 3709 2590 conten-

2145 2620 2305 2675 dcndi
2338 2623 2515 2676 studio
2542 2626 2710 2692 magis
2737 2624 3005 2693 magisque
3033 2624 3083 2678 in
3112 2626 3227 2679 dies
3248 2640 3553 2693 cresceret,
3578 2628 3710 2694 epis—

2147 2728 2311 2782 copas
2343 2715 2486 2767 urbis
2519 2715 2727 2781 Boium,
2761 2730 2817 2769 re
2847 2726 3115 2783 comperta
3138 2758 3152 2778 ,
3196 2718 3414 2785 scripsit
3435 2718 3501 2771 ad
3530 2719 3709 2772 Orien-

2152 2805 2217 2856 tis
2246 2805 2527 2865 ecclesias,
2563 2812 2621 2857 ut
2648 2806 2957 2859 'l'rinitatem
3013 2807 3521 2863 consubstantialem
3544 2823 3589 2862 et
3622 2809 3712 2862 ho-

2153 2910 2281 2949 nore
2334 2896 2607 2965 gloriaque
2658 2898 2912 2966 mqualem
2971 2912 3072 2951 una
3118 2913 3238 2953 eum
3288 2897 3712 2953 Occidentalibus

2154 2988 2416 3055 episeopis
2469 2990 2875 3042 conﬁterentur.
2906 2988 3019 3055 Quo
3053 2989 3222 3053 facto,
3281 3000 3467 3057 utpote
3511 3002 3713 3046 contro-

2032 3085 2047 3111 ’
2079 3073 2122 3135 C
2155 3080 2321 3132 versia
2343 3077 2545 3147 judicio
2589 3080 2837 3134 Romana:
2883 3083 3119 3136 ecclesia:
3160 3082 3476 3145 terminata,
3532 3084 3712 3152 singuli

2150 3169 2430 3237 quievere:
2456 3184 2621 3238 eaque
2648 3172 2871 3239 quaestio
2902 3170 3056 3224 linem
3086 3173 3359 3239 accepisse
3385 3174 3703 3227 videbatur.»

2152 3260 2351 3327 Quibus
2373 3261 2528 3315 dictis
2559 3262 2923 3326 Sozomenus,
2953 3278 3068 3331 cap.
3101 3262 3202 3329 23,
3248 3262 3453 3318 Liberii
3503 3277 3714 3319 mortem

2156 3368 2370 3408 narrare
2400 3353 2585 3424 incipit
2612 3354 2690 3407 his
2724 3353 2898 3408 verbis
2928 3372 2939 3405 :
2976 3372 2993 3405 ι
3022 3354 3122 3407 Per
3150 3354 3287 3409 idem
3332 3364 3537 3421 tempus
3585 3372 3716 3408 mor-

2154 3455 2246 3501 tuo
2270 3445 2479 3500 Liberio
2500 3487 2513 3507 ,
2547 3446 2799 3499 Damasus
2851 3446 3103 3499 Romana:
3133 3447 3275 3499 sedis
3305 3447 3715 3500 administratio-

2158 3552 2277 3591 nem
2307 3538 2559 3606 suscepit.
2593 3559 2609 3586 ι
2640 3536 2901 3603 Quocirca
2921 3536 2963 3589 si
2992 3552 3075 3589 res
3102 3536 3396 3589 secundum
3422 3547 3714 3591 accuratum

2160 3631 2409 3696 temporis
2431 3628 2671 3682 ordinem
2695 3628 3025 3683 Sozmnenus
3056 3637 3264 3697 narrat,
3298 3631 3598 3684 censendus
3642 3639 3718 3683 est

2160 3720 2401 3774 Liberius
2422 3720 2691 3789 aliquanto
2720 3729 2843 3774 ante
2874 3732 3096 3775 mortem
3124 3722 3188 3774 ad
3213 3722 3469 3776 ecclesias
3496 3721 3717 3777 Orientis

2160 3812 2361 3865 litteras
2388 3812 2627 3876 dedisse,
2664 3813 2852 3881 quibus
2892 3812 3275 3866 et'l‘riuitvtem
3306 3828 3337 3866 c
3362 3816 3720 3867 -n5nhstantia-

2160 3904 2282 3963 lem,
2306 3914 2358 3957 ct
2386 3902 2635 3972 Spiritum
2660 3911 2896 3957 sanctum
2925 3903 3063 3956 Patri
3082 3916 3132 3955 et
3166 3903 3298 3956 Filio
3331 3906 3589 3972 aequalem
3613 3918 3720 3956 eSse

2160 3995 2474 4058 deﬁniebat;
2506 3997 2601 4047 nisi
2634 3997 2764 4047 forte
2795 3996 2859 4047 ad
2888 3994 3079 4049 Liberii
3118 4002 3361 4063 tempora
3411 3994 3465 4047 id
3512 3993 3643 4063 quod
3694 4008 3718 4043 a

2164 4086 2387 4139 Damaso
2414 4088 2483 4139 sit
2510 4095 2751 4156 gestum,
2798 4096 3119 4156 prtupostere
3167 4086 3503 4141 Sozomcnus
3540 4087 3720 4141 retule-

2163 4178 2261 4243 rit;
2288 4177 2429 4247 quod
2465 4178 2671 4233 videtur
2694 4179 3038 4249 probabilius.

2658 4288 2742 4325 xv.
2768 4270 3024 4325 —Liberii
3043 4270 3240 4325 Sermo.

2232 4363 2317 4417 16.
2353 4363 2627 4418 Tacendus
2682 4364 2764 4417 hic
2791 4379 2910 4417 νιιοιι
2950 4375 3029 4417 est
3065 4364 3254 4419 Sermo
3287 4379 3313 4416 a
3344 4363 3586 4427 Liberio,
3616 4378 3721 4420 cum

2088 4445 2135 4505 Ι)
2164 4454 2212 4507 in
2235 4455 2525 4508 Salvatoris
2547 4455 2740 4520 natali,
2774 4472 2791 4505 ι
2819 4454 2883 4509 ad
2915 4456 3226 4524 Apostolum
3258 4455 3499 4519 Petrum,
3528 4475 3545 4506 ι
3603 4455 3725 4508 Mar-

2165 4547 2409 4603 cellinam
2437 4549 2702 4603 Ambrosii
2755 4562 2994 4601 sororem
3030 4546 3156 4602 dato
3211 4548 3536 4616 virginitatis
3588 4546 3723 4601 vela-

2166 4640 2305 4694 mine
2334 4639 2644 4693 sulemnitcr
2691 4653 2753 4693 ac
2785 4639 2990 4706 publice
3016 4646 3389 4703 consecraret,
3423 4638 3659 4699 habitus,
3679 4642 3725 4689 et

2165 4733 2231 4787 ab
2262 4733 2543 4785 Ambrosio
2573 4735 2683 4802 ipso
2716 4732 2784 4786 lib
2833 4747 2888 4785 ιιι
2910 4731 2975 4787 de
3006 4732 3305 4801 Virginibus
3340 4745 3389 4784 c.
3416 4747 3454 4791 ι,
3484 4730 3520 4783 2
3563 4738 3618 4784 et
3668 4730 3720 4792 5,

2170 4826 2263 4882 sed
2282 4870 2294 4892 ,
2324 4834 2385 4880 ut
2405 4828 2626 4881 eruditis
2660 4826 2865 4895 placet,
2890 4834 3091 4879 mutata
3117 4823 3323 4878 dicendi
3356 4824 3558 4878 ratione
3603 4824 3724 4877 rela-

2170 4932 2277 4977 tus.
2324 4921 2435 4975 lloc
2483 4922 2533 4975 in
2581 4928 2807 4974 tractatu
2861 4919 3101 4973 Liberius
3148 4919 3316 4987 primo
3380 4900 3721 4971 Mareellinam

2169 5030 2287 5085 qua:
2314 5014 2378 5067 ad
2409 5012 2563 5067 ﬁdem
2592 5013 2815 5065 attinent
2843 5010 3033 5075 docet,
3059 5019 3169 5063 tum
3192 5010 3239 5062 ei
3266 5016 3528 5077 prmccpta
3579 5005 3725 5059 tradit

2169 5104 2465 5175 virginibus
2511 5118 2783 5172 congrua:
2818 5117 2936 5171 qua:
2983 5100 3195 5170 quidem
3254 5099 3569 5152 Ambrosius
3622 5098 3723 5150 ideo

2170 5199 2441 5254 revolvere
2468 5211 2525 5251 se
2551 5197 2652 5259 ait;
2683 5214 2701 5247 ι
2733 5203 2789 5249 ιιι
2810 5209 2911 5264 quo
2933 5194 3012 5248 vir
3039 5193 3293 5256 sanctior,
3336 5204 3400 5245 eo
3435 5205 3612 5245 sermo
3654 5202 3725 5242 ac-

2136 5356 2139 5357 ,
2168 5290 2320 5346 cedat
2346 5288 2596 5359 gratior.»

2484 5395 2590 5434 χνι.
2610 5408 2679 5421 —-
2695 5378 2899 5447 Scripta
2926 5376 3125 5429 Liberio
3144 5376 3429 5446 supposita.

2239 5476 2324 5529 17.
2367 5473 2629 5527 Praeterea
2670 5486 2825 5524 unam
2861 5468 3131 5523 Liberiiad
3147 5465 3721 5534 Orientalesepistolam

2168 5567 2234 5622 ab
2276 5565 2487 5621 Arianis
2532 5562 2888 5632 suppositam,
2927 5558 3057 5613 item
3109 5558 3361 5626 scriptum
3411 5556 3608 5611 Liberii
3675 5551 3724 5606 ad

2169 5661 2550 5721 Athanasium,
2587 5666 2638 5711 et
2665 5652 2935 5709 Athanasii
2991 5652 3059 5705 ad
3101 5650 3347 5707 eumdem
3392 5651 3721 5720 rescriptum,

3844 74 3865 305 ξι
