3910 6212
173 260 324 320 1543

936 266 1284 327 OttATOHIO
1323 267 1571 326 LIBERI!
1614 267 2103 326 MARCELLINASI
2141 266 2674 327 CONSECRANTIS.

3281 269 3421 328 1546

167 392 388 432 necnon
419 380 628 450 antiqua
649 420 664 446 ,
718 380 810 436 sed
851 380 1130 438 falsissima
1175 385 1367 441 Liberii
1410 396 1551 455 gesta
1575 427 1588 452 ,
1623 387 1745 440 tomi
1773 387 1826 445 Α
1852 385 2037 440 diebus
2069 385 2224 439 nullae
2257 384 2401 445 lites.
2438 403 2456 436 ι
2483 380 2901 451 e~tCapitularis
2931 378 3205 436 Theodulﬂ
3254 381 3424 437 Aure-

167 468 338 536 Itnjus
370 473 630 540 appendix
660 473 944 530 exhibebit.

244 564 339 619 18.
365 567 544 622 Eidem
579 583 726 637 papae
745 569 975 624 Isidorus
1012 570 1266 627 Mercator
1282 574 1555 644 supposuit
1591 573 1753 627 Atha-

167 656 313 708 nasii
357 669 409 710 et
430 658 799 730 Egyptiornm
822 663 1037 718 nomine
1057 679 1118 718 ex
1152 664 1510 719 Alexandrina
1549 667 1750 735 synodo

166 749 433 817 scriptam
460 751 734 820 epistolam
759 795 772 818 ,
797 754 880 808 cui
908 770 1059 821 teque
1089 753 1329 810 ﬁctilium
1360 755 1552 821 adjecit
1596 755 1750 810 Libe-

167 837 237 890 rii
273 838 439 907 ipsius
464 840 527 894 ad
549 841 762 896 eosdem
787 845 1122 914 rescriptum.
1157 844 1449 915 Utrumqtte
1470 861 1603 916 opus
1629 861 1747 902 cum

168 932 390 986 caeteris
415 933 529 1003 ejus
553 933 812 1004 ﬁgmentis
852 936 939 990 alii
969 946 1111 993 totno
1131 953 1422 994 servamus.

364 1066 688 1123 Dccretorum
714 1069 909 1125 Liberio
934 1071 1299 1141 adscriptorunt
1334 1071 1574 1126 Censura.

253 1202 344 1258 19.
380 1201 434 1254 ln
461 1202 780 1257 editionibus
821 1204 1165 1258 conciliorum
1207 1205 1305 1258 tria
1347 1205 1752 1260 rel'erunturLi-

170 1293 317 1350 berii
346 1311 479 1350 nova
503 1294 712 1350 decreta
738 1311 802 1350 ex
823 1296 1006 1352 codice
1031 1307 1235 1352 vetusto
1269 1298 1354 1362 l6,
1380 1297 1632 1352 libromtn
1657 1298 1745 1352 lib.

171 1403 298 1453 xm,
326 1402 443 1454 cap.
502 1389 556 1454 9,
594 1389 658 1444 10
705 1398 758 1443 et
787 1389 872 1442 12.
907 1389 1100 1445 Eadem
1131 1390 1318 1445 eodem
1363 1392 1576 1447 nomine
1626 1400 1680 1446 et
1719 1407 1749 1445 a

171 1479 493 1534 Bnrcltardo
516 1480 608 1534 lib.
646 1496 730 1533 χιιι
750 1521 764 1542 ,
794 1495 842 1535 c.
873 1480 955 1546 15,
996 1481 1057 1535 14
1085 1489 1138 1535 ct
1162 1481 1248 1547 l8,
1276 1497 1480 1537 necnon
1503 1482 1570 1536 ab
1594 1481 1752 1537 Itone

172 1588 230 1643 p.
265 1575 325 1631 5.
350 1587 398 1627 c.
429 1573 496 1628 46
520 1614 534 1638 ,
560 1574 623 1626 47
654 1582 707 1628 et
738 1573 806 1628 50
837 1572 1135 1629 laudantur.

229 1663 312 1719 Ex
339 1667 420 1720 his
441 1665 688 1736 primum,
715 1667 850 1736 quod
875 1665 943 1720 ita
965 1667 1180 1736 incipit:
1212 1685 1230 1719 ι
1260 1668 1315 1722 In
1331 1667 1751 1738 hisjejuniorum

1861 475 2112 530 lianensis
2139 476 2371 546 episc0pi
2398 476 2684 543 capitulum
2706 473 2794 529 4‘2.

1928 569 2196 632 Alterum,
2247 567 2396 637 cujus
2441 577 2523 620 est
2572 568 2674 621 hoc
2724 565 2960 628 initium,
2993 565 3425 620 «Abstinendum

1859 667 1940 713 est
1968 660 2107 713 enim
2142 660 2190 712 in
2223 660 2304 713 his
2327 658 2703 712 sacratissimis
2750 655 2939 710 diebus
2967 675 2993 708 a
3025 657 3367 726 conjugibus,
3400 674 3421 710 ι

1859 760 1938 803 est
1958 749 2276 817 Capitularis
2304 748 2542 817 ejusdem
2568 762 2796 817 sequens
2823 747 3128 817 capitulum.

1931 841 2198 909 Tertium,
2221 841 2362 911 quod
2388 841 2693 895 enuntiatur
2750 843 2800 894 in
2853 841 2991 895 hunc
3023 840 3234 895 modum
3257 883 3272 907 ,
3311 860 3330 894 ι
3369 842 3426 898 Si

1859 931 2097 985 evenerit
2128 931 2329 995 fames,
2381 931 2712 1001 inatqualitas
2763 930 2941 995 aeris,
2999 931 3294 1001 pestilentia
3343 932 3430 986 vel

1856 1028 1959 1082 alia
1982 1029 2380 1097 qualiscumque
2412 1026 2682 1081 tribulatio
2705 1067 2717 1087 .
2770 1027 2946 1080 statim
2986 1026 3236 1096 jejuniis,
3284 1027 3428 1082 clee-

1857 1119 2094 1189 mosynis
2122 1126 2175 1173 et
2199 1117 2659 1173 obsecrationibus
2690 1117 2895 1170 Domini
2943 1116 3305 1171 misericordia
3335 1117 3431 1173 tle-

1857 1222 2121 1281 precetur,
2160 1228 2177 1262 |
2235 1225 2551 1280 expressum
2591 1225 2654 1265 ex
2703 1209 2841 1264 libro
2889 1225 2904 1264 ι
2943 1209 3428 1278 Capitularinm,c.

1853 1306 1986 1370 118,
2049 1305 2135 1360 ubi
2162 1305 2385 1376 legimus
2432 1319 2446 1357 :
2504 1321 2523 1355 ι
2585 1303 2660 1358 De
2701 1302 2800 1359 hoc
2857 1303 2900 1357 si
2950 1304 3188 1360 evenerit
3229 1303 3430 1370 fames,

1855 1395 2153 1466 pestilentia
2176 1436 2190 1460 ,
2233 1395 2563 1466 inmqualitas
2588 1398 2764 1464 aeris,
2790 1394 2873 1448 vel
2903 1394 3003 1447 alia
3035 1394 3431 1464 qualiscumque

1855 1487 2162 1550 tribulatio.
2213 1502 2317 1540 non
2357 1494 2695 1552 exSpectctur
2740 1486 2974 1540 cdictunt
3022 1493 3294 1553 nostrum,
3337 1485 3430 1540 sed

1854 1579 2030 1633 statim
2059 1577 2376 1648 deprecetur
2399 1577 2760 1633 misericordia
2787 1578 2929 1633 Dei.»

1131 1911 1513 1996 OPERA
1579 1914 1850 2022 QUJE
1906 1909 2474 1999 EXSTANT.

238 2159 496 2216 ORATIO
533 2157 1019 2215 MARCELLINAM
1060 2157 1115 2215 S.
1158 2155 1483 2213 AMBROSII
1519 2154 1842 2211 SOROREM
1882 2155 2063 2210 DATO
2103 2155 2561 2214 VIRGINITATIS
2604 2157 2784 2214 VELO
2821 2156 3358 2218 CONSECRANTIS.

1473 2269 1594 2342 (Ea:
1620 2270 1860 2325 Bibliutlt.
1890 2270 2156 2344 Galland.)

261 2387 302 2441 1.
334 2387 526 2452 Bonas.
559 2387 683 2448 lilia.
712 2387 923 2457 nuptias
944 2384 1371 2463 (l)desiderasti.
1391 2383 1555 2440 Vides
1585 2399 1749 2453 quan-
1777 2387 1826 2448 B
1854 2385 2085 2451 inquam,
2119 2385 2301 2457 dilige.
2331 2387 2448 2457 Ipse
2492 2398 2574 2444 est
2601 2404 2758 2460 quem
2791 2389 2948 2446 Pater
2986 2393 3170 2464 genuit
3193 2403 3318 2449 ante
3343 2392 3429 2450 luv

178 2489 276 2534 tus
296 2481 365 2534 ad
390 2481 620 2535 natalem
651 2481 841 2550 Sponsi
868 2482 938 2535 tui
963 2482 1188 2551 populus
1209 2479 1536 2543 convenerit,
1568 2487 1621 2533 et
1651 2492 1747 2533 ne-

175 2587 274 2625 mo
303 2571 557 2640 impastus
596 2573 831 2629 recedit?
858 2572 950 2626 llic
976 2583 1056 2626 est
1085 2573 1172 2642 qui
1202 2581 1416 2641 rogatus
1446 2570 1508 2625 ad
1540 2570 1750 2639 nuptias

175 2680 376 2734 aquam
409 2663 459 2717 in
492 2667 608 2718 vina
636 2665 896 2720 eonvertit
931 2664 1109 2736 (Joan.
1144 2680 1205 2729 tt,
1233 2665 1265 2719 9
1295 2662 1335 2734 ).
1369 2663 1426 2717 In
1461 2673 1510 2717 te
1543 2677 1752 2734 quoque

177 2755 456 2811 sincerum
508 2770 897 2812 sacramennnn
947 2757 1184 2812 conferet
1227 2757 1572 2827 virginitatis,
1633 2771 1750 2826 qua:

181 2852 340 2920 prius
371 2866 488 2905 eras
517 2853 742 2906 obnoxia
769 2851 959 2905 vilibus
981 2861 1181 2904 naturte
1203 2850 1493 2905 materialis
1518 2850 1755 2905 elemen-

186 2942 278 2996 tis.
316 2942 411 2996 llic
439 2951 520 2996 est
548 2941 634 3011 qui
657 2942 885 3011 quinque
914 2942 1133 3010 panibus
1175 2949 1230 2995 et
1271 2941 1475 2996 duobus
1521 2940 1758 3010 piscibus

186 3041 422 3105 quatuor
452 3032 613 3088 millia
655 3033 831 3102 populi
861 3033 911 3087 in
941 3033 1155 3088 deserto
1197 3035 1355 3102 pavit.
1387 3031 1533 3102 (Luc.
1566 3048 1640 3100 ιι,
1673 3033 1758 3086 15.

189 3135 242 3181 et
269 3127 421 3194 seq).
461 3125 644 3180 Plures
674 3125 862 3195 pmuit,
893 3125 935 3178 si
969 3125 1146 3194 plures
1172 3125 1281 3194 jam
1314 3133 1437 3179 tunc
1462 3124 1550 3194 qui
1586 3138 1763 3193 pasce-

192 3228 409 3283 rentur,
443 3217 682 3272 fuissent.
719 3217 962 3286 Denique
1000 3216 1064 3271 ad
1095 3227 1209 3272 tuas
1234 3217 1442 3287 nuptias
1473 3218 1647 3284 plures
1678 3233 1768 3272 vo-

193 3314 376 3366 cavit:
407 3309 499 3364 sed
526 3309 634 3379 jam
660 3325 762 3363 non
796 3311 948 3378 panis
976 3324 1039 3364 ex
1065 3309 1286 3378 hordeo,
1333 3309 1424 3365 sed
1453 3325 1644 3381 corpus
1671 3311 1770 3366 mi-

191 3403 454 3458 nistratur
477 3418 506 3456 e
533 3402 689 3458 etelo.

271 3495 335 3551 ll.
381 3493 545 3548 ilodic
571 3494 781 3564 quidem
816 3492 1110 3549 secundum
1133 3493 1402 3549 hominem
1433 3493 1589 3548 homo
1616 3506 1770 3550 natus

1853 2474 2074 2529 cil‘erum
2101 2475 2270 2546 (I’sal.
2301 2491 2410 2544 εις,
2440 2481 2473 2533 5
2504 2482 2547 2546 ),
2578 2490 2632 2534 ιιι
2657 2489 2913 2536 teternnm
2940 2501 2954 2538 :
2981 2499 3049 2538 ex
3093 2495 3244 2540 utero
3268 2500 3432 2556 gene-

1855 2565 2009 2628 ravit.
2043 2575 2098 2618 ut
2126 2565 2318 2620 Filium
2344 2584 2355 2619 :
2386 2583 2451 2622 cx
2478 2568 2640 2624 corde
2666 2571 2926 2625 eructavit
2951 2571 3121 2643 (Prol.
3149 2589 3294 2638 thv,
3325 2574 3359 2628 9.
3387 2575 3430 2646 ),

1857 2664 1915 2708 ut
1938 2653 2188 2709 Verbum.
2223 2654 2341 2726 Ipse
2363 2668 2438 2713 est
2466 2659 2516 2712 itt
2543 2674 2650 2730 quo
2677 2661 3000 2729 complacuit
3022 2663 3180 2719 Pater
3209 2664 3423 2735 (Muttlt.

1857 2762 1989 2813 xvu,
2023 2746 2056 2801 ὅ
2088 2749 2105 2818 )
2135 2767 2147 2802 :
2180 2751 2292 2818 ipse
2319 2761 2399 2806 est
2429 2751 2601 2806 Patris
2629 2753 2924 2820 brachium,
2966 2757 3088 2825 quia
3115 2767 3329 2812 creator
3349 2767 3433 2814 est

1858 2841 2092 2894 omnium
2125 2858 2136 2893 :
2167 2830 2338 2896 Patris
2363 2843 2643 2912 sapientia,
2676 2847 2796 2914 quia
2826 2862 2892 2900 ex
2920 2846 3010 2901 Dei
3037 2862 3130 2900 ore
3169 2849 3432 2917 processit

1863 2929 1904 3000 (ι
1952 2929 2067 2984 Cor.
2105 2947 2142 2997 ι,
2181 2931 2289 3002 50)
2320 2952 2331 2988 ;
2364 2934 2534 2988 Patris
2579 2935 2765 3002 virtus,
2805 2937 2924 3006 quia
2954 2936 3243 2992 divinitatis
3272 2938 3324 2993 in
3367 2954 3434 2995 co

1863 3024 2210 3092 corporaliter
2249 3023 2450 3080 habitat
2490 3026 2763 3094 plenitudo
2809 3029 3026 3099 tColoss.
3056 3047 3113 3096 ιι,
3139 3032 3170 3087 9
3203 3031 3244 3102 ).
3272 3033 3440 3101 Quem

1866 3118 2021 3170 Pater
2043 3118 2111 3170 ita
2140 3117 2323 3188 diligit,
2356 3130 2411 3172 ut
2441 3120 2491 3174 in
2520 3121 2637 3176 sinu
2661 3131 2854 3190 portet,
2885 3123 2949 3178 ad
2977 3125 3248 3181 dexteram
3276 3127 3435 3198 locet;

1869 3217 1923 3260 ut
1950 3208 2256 3276 sapientiam
2279 3209 2471 3277 discas,
2505 3214 2748 3267 virtutem
2781 3217 3006 3270 noveris.

1939 3299 2024 3354 IV.
2065 3300 2117 3354 Si
2167 3302 2323 3371 igitur
2369 3303 2535 3359 virtus
2584 3306 2675 3360 Dei
2720 3306 2983 3376 Christus,
3037 3312 3289 3381 numquid
3340 3314 3440 3370 ali-

1870 3393 2079 3464 quando
2117 3395 2230 3450 sinc
2274 3396 2464 3452 virtute
2495 3398 2672 3453 Deus?
2718 3398 2982 3469 Numquid
3009 3403 3292 3474 aliquando
3319 3408 3439 3466 sine

1871 3485 2005 3540 Filio
2036 3485 2227 3542 Pater?
2258 3487 2311 3542 Si
2356 3503 2567 3556 semper
2595 3491 2774 3558 utique
2807 3493 2979 3557 Pater,
3027 3495 3206 3565 utique
3230 3512 3444 3569 semper

197 3603 267 3642 cx
298 3587 519 3656 virgine,
554 3587 645 3641 sed
689 3595 812 3641 ante
839 3587 1011 3641 omnia
1041 3598 1320 3658 genemus
1361 3604 1423 3643 ex
1452 3588 1606 3643 patre
1634 3607 1647 3642 ε
1671 3589 1766 3658 qui
1792 3588 1836 3651 ρ
1869 3585 1917 3630 et
1953 3576 2129 3630 Filius.
2187 3577 2406 3632 Perfecti
2455 3595 2582 3650 ergo
2623 3580 2792 3635 Patris
2822 3583 3086 3651 perfectus
3126 3595 3207 3641 est
3253 3587 3440 3644 Filius.

201 3690 429 3735 matrem
466 3694 710 3748 corpore,
743 3678 935 3733 virtute
963 3679 1154 3734 referat
1193 3680 1422 3735 Patrem.
1456 3679 1767 3749 Unigenitus

201 3772 257 3827 in
293 3771 468 3837 terris,
502 3771 802 3838 unigenitus
846 3771 898 3824 in
937 3773 1071 3826 ccelo
1101 3789 1112 3824 :
1147 3771 1282 3826 Deus
1319 3787 1381 3826 ex
1412 3771 1542 3837 Deo,
1588 3781 1768 3842 partus

203 3881 272 3920 ex
316 3864 515 3932 virgine
545 3881 556 3915 ε
581 3864 783 3932 justitia
810 3862 877 3918 de
918 3863 1094 3927 Patre,
1132 3864 1300 3917 virtus
1327 3862 1393 3918 de
1425 3871 1656 3932 potente,
1691 3864 1769 3916 lu-

203 3972 333 4013 men
360 3973 421 4010 ex
447 3956 643 4011 lumine
675 3974 687 4008 :
720 3971 821 4010 non
847 3957 1015 4025 impar
1038 3955 1359 4024 generantis,
1384 3970 1487 4008 non
1511 3963 1770 4025 potestate

205 4050 505 4105 discretus:
537 4066 639 4104 nun
668 4049 812 4104 verbi
843 4050 1172 4110 extensione,
1205 4058 1292 4101 aut
1322 4046 1616 4116 prolatione
1645 4061 1771 4102 con-

208 4142 380 4205 fusus,
415 4150 470 4193 ut
498 4155 616 4195 cum
643 4139 797 4194 Patre
836 4141 1054 4205 mixtus,
1088 4138 1179 4194 sed
1221 4149 1274 4193 ut
1306 4153 1334 4191 τι
1369 4138 1523 4192 Patre
1551 4153 1773 4209 genera-

210 4232 372 4286 tionis
393 4231 514 4300 jure
539 4232 817 4285 distinctus
838 4230 906 4285 sit
930 4247 942 4282 :
973 4231 1082 4299 ipse
1103 4239 1184 4286 est
1210 4229 1470 4285 fraternus
1493 4239 1631 4294 tuus,
1663 4229 1776 4284 sine

211 4337 320 4392 quo
343 4337 438 4374 nec
460 4322 692 4376 caelestia
716 4336 812 4376 nec
831 4320 1030 4374 marina
1054 4335 1150 4374 nec
1171 4320 1438 4374 terrestria
1459 4320 1772 4374 consistunt.

216 4412 448 4467 Verbum
469 4413 638 4467 Patris
668 4412 864 4466 bonum
893 4410 1064 4482 (Cant.
1094 4427 1149 4475 ν,
1176 4411 1247 4481 1),
1273 4411 1412 4481 quod
1439 4420 1561 4476 erat,
1588 4411 1774 4481 inquit,

211 4508 267 4560 in
296 4505 545 4572 principio
571 4502 748 4574 (Joan.
779 4520 818 4570 ι,
848 4505 882 4558 '5
925 4512 969 4556 et
998 4502 1128 4572 seq.)
1157 4518 1174 4556 :
1221 4503 1382 4556 habes
1429 4502 1544 4572 ejus
1571 4503 1780 4556 a'terni-

213 4607 400 4652 tatem.
452 4595 516 4649 Et
555 4607 680 4663 erat,
727 4596 917 4664 inquit,
947 4596 1086 4664 apud
1123 4592 1376 4648 Patrem:
1406 4593 1569 4648 habes
1616 4593 1774 4647 indis-

212 4697 416 4743 cretam
447 4702 476 4739 a
516 4687 689 4753 Patre,
722 4685 1229 4756 inseparabilemque
1256 4686 1520 4739 virtutem.
1556 4683 1622 4738 Et
1649 4683 1783 4739 Deus

214 4791 323 4834 erat
363 4777 573 4833 Verbum
603 4795 620 4832 :
647 4778 810 4833 habes
838 4779 1121 4847 ingenitam
1169 4776 1284 4846 t'jUS
1312 4777 1670 4842 divinitatem;
1717 4775 1784 4830 de

217 4871 534 4941 compendio
573 4872 711 4926 enim
745 4871 837 4925 tibi
865 4869 993 4926 ﬁdes
1015 4882 1093 4925 est
1119 4869 1427 4924 haurienda.

293 4962 377 5017 Ill.
423 4963 590 5028 llunc,
615 4963 742 5028 lilia,
766 4961 944 5032 dilige,
970 4962 1088 5031 quia
1112 4961 1283 5016 bonus
1305 4971 1386 5016 est
1413 4979 1425 5015 :
1457 4960 1621 5015 Nemo
1643 4961 1783 5017 enim

222 5056 382 5109 bonus
426 5055 522 5108 nisi
545 5071 672 5108 unus
694 5053 851 5108 Deus.
899 5051 1046 5124 (Luc.
1078 5069 1227 5118 xvut,
1260 5053 1368 5120 19).
1428 5053 1481 5108 Si
1513 5053 1655 5108 enim
1685 5069 1790 5108 non

221 5146 494 5202 dubitatur
522 5148 643 5218 quia
695 5148 829 5201 Deus
853 5145 1039 5208 Filius,
1075 5144 1215 5200 Deus
1242 5154 1417 5200 autem
1458 5145 1626 5200 bonus
1671 5154 1789 5200 est:

226 5241 407 5309 utique
432 5253 537 5292 non
565 5238 854 5304 dubitatur,
887 5238 1008 5307 quia
1038 5237 1178 5293 Deus
1213 5251 1381 5293 nonus
1407 5236 1590 5292 Filius.
1621 5237 1790 5305 IIunc,

299 5458 377 5531 (l)
402 5457 672 5531 Huicloco
709 5461 804 5510 ista
843 5455 1111 5531 prtemytit
1158 5455 1214 5510 S.
1261 5453 1604 5517 Ambrosiusi,
1638 5467 1792 5506 soro-

229 5526 367 5587 rem'
397 5545 543 5584 suam
595 5526 904 5597 alloquens:
950 5548 965 5577 ι
1005 5526 1235 5594 Tempus
1279 5533 1394 5597 est,
1446 5539 1598 5578 soror
1641 5539 1795 5597 sanc-

232 5610 305 5664 ta,
338 5616 398 5655 ea
430 5617 546 5669 quas
589 5595 794 5654 mecum
836 5599 1077 5652 conlcrre
1125 5600 1282 5659 soles,
1329 5596 1494 5669 beata:
1525 5595 1794 5669 memoria:

235 5666 726 5742 Ltssntt'prtecepta
769 5670 1071 5742 revolvere;
1104 5678 1160 5722 ut
1189 5682 1291 5742 quo
1331 5666 1412 5722 vir
1450 5666 1702 5742 sanctior,
1729 5679 1796 5742 e_o

239 5760 416 5801 sermo
453 5734 666 5798 accedat
704 5741 918 5814 gratior.
967 5734 1222 5809 Namque'
1257 5738 1332 5805 is,
1361 5751 1481 5793 cum
1506 5734 1796 5791 Salvatoris

1867 3669 2000 3722 Nam
2029 3670 2114 3737 qtti
2144 3669 2321 3724 virtuti
2348 3670 2584 3741 derOgat,
2615 3675 2660 3726 ei
2703 3673 2921 3745 derogat
2960 3677 3112 3746 cujus
3144 3690 3226 3734 est
3252 3681 3438 3738 virtus.

1870 3761 2283 3830 Inazqualitatem
2324 3778 2428 3817 non
2470 3765 2658 3834 recipit
2695 3765 2922 3835 perfecta
2973 3770 3239 3828 divinitas.
3277 3775 3444 3848 Dilige

1877 3854 2034 3924 igitur
2064 3871 2218 3926 quem
2281 3856 2436 3910 Pater
2463 3856 2628 3928 diligit
2660 3876 2674 3912 :
2703 3858 3013 3926 honoriﬁca.
3047 3879 3203 3934 quem
3234 3867 3451 3925 honori-

1874 3947 1992 4002 ﬁcat
2022 3949 2209 4003 Pater:
2244 3949 2342 4014 Qui
2360 3950 2501 4004 enim
2527 3968 2626 4005 non
2655 3952 2955 4022 honori/ient
2981 3955 3192 4024 Filium,
3229 3978 3328 4014 non
3352 3963 3448 4016 Ito-

1879 4041 2106 4109 nori/icat
2154 4040 2373 4096 Patrem.
2410 4041 2476 4096 Et
2517 4045 2603 4112 qui
2642 4055 2790 4114 negat
2837 4046 3048 4114 Filium,
3098 4067 3189 4106 nec
3239 4052 3447 4111 Patrem

1881 4133 2030 4186 habet
2062 4130 2235 4200 (latnt.
2263 4149 2314 4197 ν,
2346 4133 2458 4202 23).
2489 4133 2612 4190 Ilaec
2642 4147 2894 4206 quantum
2921 4140 2986 4194 ad
3015 4140 3191 4198 (idem.

1955 4223 2016 4279 ν.
2061 4223 2164 4280 Sed
2190 4225 2449 4278 interdum
2478 4227 2639 4281 etiam
2677 4244 2795 4283 cum
2829 4229 2959 4287 ﬁdes
2998 4243 3106 4289 tttta
3138 4235 3227 4302 sit,
3255 4238 3448 4302 juven-

1883 4321 1966 4366 tus
1992 4322 2235 4383 suspecta
2260 4320 2361 4369 est.
2397 4315 2603 4371 Modico
2639 4317 2814 4390 itaque
2840 4322 2964 4376 vino
2991 4334 3163 4392 utere,
3203 4343 3270 4383 ne
3303 4331 3451 4384 intir-

1882 4405 2116 4460 mitatem
2166 4406 2402 4475 corporis
2450 4423 2641 4478 augeas
2692 4408 2730 4479 (t
2783 4409 2912 4466 Tim.
2967 4429 3019 4480 v,
3050 4416 3120 4469 23
3149 4418 3189 4485 ),
3241 4433 3345 4474 non
3394 4428 3454 4477 ut

1877 4497 2198 4567 voluptatem
2220 4498 2451 4563 excites;
2494 4501 2781 4558 incendunt
2809 4503 2949 4559 enim
2986 4510 3184 4576 pariter
3211 4509 3336 4579 duo,
3373 4513 3451 4567 vi-

1882 4603 2006 4642 num
2028 4598 2081 4642 et
2101 4589 2473 4646 adolescentia.
2499 4589 2768 4648 lnl'renent
2797 4598 2954 4652 etiam
2980 4609 3217 4657 teneram
3241 4614 3453 4662 tetatem

1879 4679 2098 4750 jejunia,
2131 4691 2184 4736 et
2214 4683 2538 4750 parcimunia
2568 4685 2672 4739 cibi
2701 4689 3007 4746 retinaculis
3029 4693 3344 4763 quibusdam
3374 4699 3458 4753 in-

1886 4773 2111 4828 domitas
2139 4773 2384 4830 cohibeat
2410 4776 2746 4847 cupiditates.
2795 4780 2950 4838 Ratio
2985 4796 3218 4853 revocet,
3253 4790 3462 4860 mitiget

1887 4881 2028 4936 spes,
2058 4868 2342 4939 restringat
2369 4878 2565 4924 metus.
2595 4870 2726 4926 Nam
2758 4875 2847 4945 qui
2876 4877 3144 4934 moderari
3171 4885 3335 4937 nescit
3368 4900 3466 4940 cu-

1892 4959 2218 5027 piditatibus,
2241 4962 2284 5015 is
2305 4962 2608 5032 sicutequis
2628 4974 2864 5034 raptatus
2891 4969 3185 5037 indomitis.
3211 4974 3462 5046 volvitur,
3529 4985 3534 4990 “

1890 5051 2168 5117 obteritur,
2202 5053 2447 5118 laniatur,
2477 5052 2749 5124 afﬂigitur.

1963 5143 2050 5200 VI.
2090 5145 2239 5212 Quod
2262 5147 2544 5216 aliquando
2563 5147 2743 5217 juveni
2768 5153 2838 5206 ob
2862 5169 3102 5212 amorem
3136 5158 3317 5215 Diana:
3338 5175 3467 5218 cono

1895 5237 2075 5308 tigisse
2103 5238 2358 5308 proditur.
2394 5236 2498 5294 Sed
2531 5243 2753 5311 poeticis
2775 5246 3066 5303 mendaciis
3093 5249 3362 5307 coloratur
3388 5253 3469 5308 fa-

1899 5451 2057 5531 n_atali
2117 5452 2181 5506 ad
2246 5455 2542 5531 apostolum
2615 5457 2828 5531 Petrum
2892 5459 3211 5526 virginitatis
3274 5463 3478 5531 profes-

1899 5524 2103 5599 sionem
2146 5527 2311 5599 vestis
2361 5542 2572 5599 quoque
2622 5529 2916 5583 mutatione
2967 5524 3231 5599 signares,
3261 5524 3478 5589 adstan-

1899 5594 2040 5670 tibus
2086 5595 2245 5670 etiam
2279 5594 2606 5670 puellis‘Dei
2637 5599 3000 5670 compluribus
3020 5594 3162 5670 'qua:
3208 5594 3479 5661 certarent

1902 5665 2126 5744 invicem
2156 5665 2222 5744 de
2251 5674 2337 5720 tua
2364 5667 2620 5724 societate
2649 5685 2663 5722 :
2690 5665 2881 5738 Bonas,
2902 5665 3093 5742 inquit,
3113 5673 3245 5740 ﬁlia,
3275 5676 3480 5744 nuptias

1903 5733 2222 5802 desiderasti,
2255 5745 2360 5792 clc.
