3910 6212
489 238 624 294 1547

1848 237 2160 295 LIBERIUS
2195 240 2391 297 PAPA.

3598 247 3719 303 1548

487 351 629 416 Ιιυιει,
675 359 733 405 ut
773 349 1047 421 Neptunus
1091 350 1293 421 prrclati
1337 350 1515 406 rivalis
1553 351 1738 407 dolore
1781 352 2045 420 incitatus,
2076 354 2130 414 Α
2159 353 2213 407 ll
2249 364 2296 407 et
2331 354 2416 425 ιε)
2446 372 2459 407 :
2485 368 2583 411 nec
2611 355 2742 412 flere
2768 356 3035 422 desiisset,
3069 358 3168 412 nisi
3204 361 3510 429 proximum
3534 374 3721 432 ceguo-

484 443 633 511 equis
659 441 864 497 dicatur
904 441 1136 497 furorem
1183 442 1501 508 immisisse,
1547 457 1653 514 quo
1697 444 1812 512 ejus
1860 458 2050 514 magna

484 534 715 603 potentia
742 532 1088 602 prmdicetur;
1117 534 1257 604 quod
1282 534 1531 603 juvenem
1562 549 1667 589 non
1692 535 1884 590 virtute
1908 535 2049 601 vicit,

481 624 575 677 scd
609 624 792 680 fraude
816 624 1041 695 decepit.
1076 624 1229 681 Unde
1247 626 1405 679 etiam
1431 625 1750 680 sacrificium
1770 623 2053 693 quotannis

482 713 777 770 instaurant
818 715 1018 782 Dianae,
1051 725 1108 770 ut
1135 731 1301 786 equus
1330 716 1395 770 ad
1432 715 1547 785 ejus
1578 716 1880 773 immoletur
1908 729 2049 769 aras.

480 808 647 876 Quam
670 809 925 879 virginem
948 808 1151 873 dicunt,
1174 824 1292 879 qua:
1315 807 1388 879 (id
1411 807 1547 877 quod
1568 808 1725 864 etiam
1746 808 2052 862 meretrices

479 901 797 957 erubescere
823 902 1016 970 solent)
1046 915 1225 955 amare
1268 902 1438 971 potuit
1484 914 1591 955 non
1630 910 1916 955 amantem.
1944 897 2051 954 Sed

477 992 729 1059 habeant,
764 1009 857 1061 per
877 1008 960 1048 me
983 994 1128 1059 licet,
1154 992 1343 1049 fabulae
1362 1008 1471 1047 sua:
1491 992 1859 1049 auctoritatem
1879 1006 1893 1055 ;
1922 990 2045 1060 quia

475 1085 600 1141 licet
628 1085 911 1141 scelestum
954 1096 1269 1154 utrumque,
1312 1084 1485 1139 minus
1507 1092 1683 1140 tamen
1707 1085 1775 1139 sit
1797 1083 2048 1154 juvenem

472 1192 655 1232 amore
690 1177 948 1233 adulterae
975 1178 1054 1233 sic
1090 1176 1342 1248 ﬂagrasse
1374 1186 1430 1231 ut
1460 1178 1681 1247 periret,
1711 1192 1868 1247 quam
1890 1175 2044 1240 duos,

472 1281 531 1325 ut
559 1270 657 1340 ipsi
678 1268 877 1335 dicunt,
903 1268 1034 1325 deos
1056 1268 1124 1324 de
1152 1269 1413 1325 adulterio
1436 1277 1673 1325 certasse
1697 1286 1710 1323 :
1740 1267 1926 1327 Jovem
1957 1282 2051 1322 ιλιι-

471 1368 578 1416 teut
610 1359 849 1415 dolorem
876 1358 1163 1414 scortantis
1207 1356 1327 1412 illia:
1373 1358 1426 1413 in
1454 1357 1715 1413 medicum
1750 1356 2048 1415 vindicasse

469 1454 713 1517 adulteri,
748 1453 887 1523 quod
915 1456 1029 1523 ejus
1054 1451 1251 1507 curarit
1272 1451 1512 1515 vulnera,
1535 1450 1623 1522 qui
1650 1449 1866 1508 Dianam
1886 1449 1939 1505 in
1958 1449 2050 1507 sil-

468 1548 548 1601 vis
577 1546 971 1605 adulteraverit.
1004 1545 1329 1600 venatricem
1360 1558 1486 1598 sane
1523 1544 1800 1614 optimam,
1834 1558 1939 1596 non
1961 1540 2044 1596 fe-

468 1652 667 1699 rarum.
718 1636 809 1691 sed
844 1634 1156 1701 libidinum;
1203 1634 1295 1689 sed
1326 1632 1554 1688 ferarum
1585 1634 1765 1699 etiam,
1816 1642 1877 1686 ut
1903 1632 2043 1686 nuda

474 1739 783 1785 venaretur.

548 1822 651 1877 VII.
701 1823 835 1877 Deut
865 1819 1021 1891 igitur
1069 1818 1312 1888 Neptuno
1342 1817 1670 1873 dominatum
1714 1816 1929 1881 furoris,
1986 1824 2043 1870 ut

475 1915 753 1967 ndslruant
780 1914 979 1965 crimen
1008 1912 1191 1965 incesti
1216 1909 1429 1963 amoris.
1466 1908 1601 1963 Dent
1624 1907 1802 1961 Dianm
1825 1922 2045 1975 regnum

477 2005 528 2059 in
561 2004 707 2057 silvis
753 2016 883 2072 quas
926 2000 1220 2064 incolebat,
1273 2008 1329 2054 ut
1369 2000 1685 2053 coulirtncnt
1729 1996 2045 2052 adulterium

473 2093 613 2165 quod
637 2094 876 2163 gerebat.
913 2091 1047 2146 Dent
1074 2089 1385 2163 Esculapio
1413 2090 1551 2161 quod
1580 2098 1846 2145 mortuum
1877 2088 2047 2144 refor-

473 2189 717 2253 maverit,
746 2186 1032 2241 dummodo
1061 2189 1405 2255 profiteantur
1433 2184 1570 2254 quod
1600 2183 1903 2237 fulminatus
1932 2183 2045 2251 ipse

476 2296 581 2336 nou
604 2278 853 2335 evaserit.
880 2278 1011 2332 Dent
1028 2276 1186 2331 ctiam
1202 2275 1318 2331 Iovi
1342 2275 1557 2329 fulmina
1579 2288 1695 2344 quae
1713 2288 1815 2327 non
1841 2272 2043 2339 habuit,

475 2381 534 2426 ut
566 2370 912 2427 testificantur
949 2382 1067 2439 qua:
1097 2368 1278 2423 habuit
1306 2367 1608 2438 opprobria.
1642 2365 1747 2421 Sed
1793 2381 1821 2419 a
1850 2364 2042 2421 fabulis

473 2462 540 2517 ad
573 2462 896 2532 prepositum
928 2468 1274 2515 revertamur.

552 2554 679 2609 VIII.
725 2554 875 2609 Escis
900 2567 1110 2623 quoque
1136 2552 1379 2607 omnibus
1408 2567 1523 2621 qure
1549 2550 1764 2621 gignant
1796 2546 2049 2605 membris

475 2646 728 2709 calorem,
776 2659 936 2715 parce
982 2644 1233 2699 utendum
1282 2653 1660 2714 putozcarnes
1701 2642 1842 2696 enim
1888 2639 2048 2694 etiam

476 2738 680 2807 aquilas
706 2738 943 2793 volantes
966 2738 1259 2806 deponunt.
1282 2736 1336 2792 In
1362 2736 1510 2791 vobis
1539 2750 1747 2806 quoque
1775 2734 1887 2789 sies
1914 2733 2050 2788 inte—

473 2831 584 2886 rior
607 2832 715 2899 illa,
749 2831 816 2886 de
844 2845 944 2899 qua
974 2831 1196 2900 legimus
1222 2846 1235 2882 :
1263 2827 1605 2883 Renovabitur
1622 2827 1752 2882 sicut
1773 2828 1943 2896 aquila
1966 2822 2048 2896 (1)

464 2926 706 2996 juventus
742 2936 827 2977 tua
854 2921 1074 2993 (Psalm.
1109 2937 1201 2987 cu,
1230 2920 1263 2975 5
1292 2924 1330 2990 ),
1373 2921 1600 2976 sublime
1655 2930 1861 2982 tenens,
1890 2917 2050 2987 virgi-

477 3033 581 3073 neo
609 3032 814 3087 praepes
842 3017 1018 3070 volatu
1043 3013 1325 3085 superfluat
1355 3014 1532 3067 carnis
1557 3012 1757 3067 nesciat
1787 3019 2047 3079 appeten-

2157 446 2357 501 vissct?
2388 447 2460 501 Ita
2504 458 2557 501 et
2597 447 2813 517 pudoris
2853 452 3082 504 servavit
3120 450 3381 516 oflicium,
3415 461 3470 507 et
3516 452 3717 521 pietatis

2153 551 2258 594 non
2278 539 2456 593 omisit
2484 536 2750 593 affectum.
2785 539 2935 607 Quod
2979 540 3024 594 si
3067 543 3180 595 viro
3209 541 3442 596 dicitur:
3479 540 3719 613 Virginem

2151 647 2213 685 ne
2231 631 2535 697 consideres,
2556 648 2616 686 ne
2634 635 2836 702 quando
2859 633 3166 687 scmtdofizet
3214 643 3263 687 te
3303 635 3322 705 (
3346 633 3506 688 Eccli.
3543 650 3616 697 rx,
3654 633 3716 704 5)

2155 722 2279 790 quid
2307 723 2589 778 dicendum
2617 734 2698 778 est
2725 734 2946 779 sacratae
2968 724 3177 795 virgini,
3208 742 3327 796 qua:
3349 726 3393 781 si
3422 735 3581 794 amet,
3608 726 3714 781 ani-

2152 830 2241 870 mo
2272 827 2456 883 peccat
2483 834 2496 869 :
2526 816 2568 870 si
2601 826 2826 879 amatur,
2856 825 2909 870 et
2938 816 3114 871 facto?

2224 907 2316 962 XI.
2359 907 2581 961 Maxima
2604 917 2689 963 est
2709 908 2874 963 virtus
2900 907 3127 973 tacendi,
3159 910 3455 977 praesertim
3480 911 3532 964 in
3558 910 3715 965 eccle-

2150 997 2249 1052 sia.
2282 996 2433 1052 Nulla
2466 1008 2518 1052 te
2543 996 2837 1052 divinarum
2864 998 3125 1053 sententia
3147 998 3313 1067 fugiet
3336 999 3641 1062 lectionum,
3668 1000 3717 1053 si

2149 1106 2332 1146 aurem
2359 1090 2664 1159 admoveas,
2695 1105 2878 1146 vocem
2904 1106 3134 1161 premas.
3165 1089 3375 1145 Nullum
3400 1107 3463 1146 ex
3494 1106 3584 1146 ore
3610 1107 3715 1146 ver-

2148 1182 2273 1240 bum
2304 1182 2445 1253 quod
2474 1198 2728 1240 revocare
2768 1184 2917 1248 velis,
2966 1181 3205 1253 proferas
3234 1199 3248 1237 :
3278 1183 3372 1239 sed
3419 1182 3622 1251 parcior
3650 1182 3715 1238 lo-

2148 1275 2341 1344 quendi
2386 1274 2574 1329 fiducia
2604 1274 2692 1328 sit.
2726 1271 3012 1343 Copiosum
3048 1276 3243 1345 quippe
3286 1274 3340 1329 in
3385 1274 3707 1343 multiloquio

2150 1375 2420 1436 peccatum
2487 1362 2691 1437 (Prov.
2752 1380 2807 1429 ι,
2857 1365 2972 1436 l9).
3027 1364 3315 1420 Homicida:
3365 1365 3562 1420 dictum
3607 1376 3712 1421 est:

2153 1454 2399 1522 Peccasti,
2427 1457 2624 1525 quiesce
2650 1453 2801 1524 (Gen.
2831 1471 2911 1521 tv,
2941 1456 2973 1509 7
3003 1457 3046 1527 ),
3081 1472 3148 1512 ne
3186 1464 3434 1527 peccaret
3461 1457 3713 1526 amplius:

2152 1549 2245 1603 sed
2279 1548 2463 1618 virgini
2495 1548 2772 1602 dicendum
2809 1558 2890 1603 est
2918 1566 2930 1600 :
2960 1548 3207 1616 Quiesce,
3241 1564 3308 1603 ne
3338 1563 3548 1617 pecces.
3579 1548 3715 1603 Con-

2147 1639 2393 1695 servabat
2417 1640 2558 1693 enim
2593 1640 2773 1703 Maria,
2802 1648 2858 1694 ut
2887 1639 3130 1708 legimus,
3162 1638 3339 1693 omnia
3364 1641 3415 1693 in
3436 1640 3599 1695 corde
3622 1653 3712 1695 δυο

2079 1726 2127 1787 Β
2152 1746 2270 1801 qua:
2296 1730 2361 1783 de
2390 1729 2523 1785 Filio
2551 1730 2861 1786 dicebantur
2888 1728 3039 1796 (Luc.
3068 1746 3127 1794 ιι,
3157 1729 3222 1785 I9
3249 1730 3267 1801 )
3294 1748 3309 1784 :
3340 1740 3393 1787 et
3428 1743 3481 1784 tn
3512 1748 3625 1786 cum
3652 1734 3720 1787 le-

2148 1823 2289 1891 gitur
2312 1820 2523 1891 aliquod
2548 1836 2654 1892 quo
2683 1820 2923 1875 Christus
2949 1831 3035 1876 aut
3067 1831 3320 1876 venturus
3350 1822 3705 1891 annuntiatur,

2147 1923 2237 1967 aut
2284 1912 2497 1967 venisse
2536 1912 2866 1978 ostenditur;
2900 1912 3008 1967 noli
3060 1912 3345 1967 fabulando
3391 1916 3712 1983 obstrepere,

2147 2003 2239 2060 sed
2286 2013 2516 2059 mentem
2562 2002 2806 2059 admove.
2855 2003 2933 2057 An
2978 2001 3266 2073 quidquam
3297 2013 3383 2058 est
3433 2004 3709 2073 indignius,

2146 2114 2302 2170 quam
2331 2096 2546 2152 oracula
2582 2096 2759 2151 divina
2795 2096 3186 2165 circumstrepi,
3222 2111 3288 2151 ne
3316 2095 3621 2161 audiantur,
3647 2110 3705 2152 ne

2147 2188 2451 2253 credantur,
2486 2202 2553 2241 ne
2591 2186 2892 2241 reveleutur
2916 2202 2928 2238 :
2951 2187 3351 2242 circumsonare
3393 2197 3711 2247 sacramenta

2146 2278 2383 2333 confusis
2411 2278 2652 2343 vocibus,
2682 2286 2739 2331 ut
2771 2276 3087 2348 impediatur
3114 2278 3287 2332 oratio
3310 2292 3412 2348 pro
3437 2278 3607 2333 salute
3632 2277 3713 2333 de-

2154 2379 2397 2443 prompta
2427 2371 2664 2424 omnium
2697 2369 2811 2442 (5)?

2221 2461 2333 2518 XII.
2375 2460 2612 2517 Gentiles
2644 2461 2796 2515 idolis
2836 2461 2944 2515 suis
2976 2461 3327 2517 reverentiam
3373 2464 3599 2517 tacendo
3624 2462 3709 2518 deo

2150 2554 2344 2609 ferunt.
2394 2552 2545 2609 Unde
2584 2552 2713 2607 illud
2757 2551 3056 2623 exemplum
3101 2552 3343 2621 proditur
3377 2571 3390 2605 :
3424 2553 3710 2608 Alexandro

2154 2647 2485 2703 sacriﬁcante
2500 2644 2844 2701 Macedonum
2867 2660 3011 2715 rege,
3035 2644 3308 2714 puerulum
3334 2647 3616 2700 barbarum
3634 2645 3711 2716 qui

2151 2743 2198 2796 ei
2231 2742 2404 2795 lumen
2434 2737 2771 2801 accenderet,
2796 2738 3072 2807 excepisse
3100 2738 3275 2807 ignem
3304 2736 3545 2803 brachio,
3570 2746 3710 2806 atque

2151 2833 2337 2889 adusto
2361 2847 2606 2902 corpore,
2656 2831 2914 2885 mansisse
2944 2830 3295 2897 immobilem,
3342 2846 3445 2885 nec
3487 2831 3709 2886 dolorem

2152 2923 2446 2995 prodidisse
2471 2922 2688 2992 gemitu,
2721 2936 2820 2977 nec
2854 2922 3011 2975 tacito
3041 2936 3248 2991 poenam
3285 2922 3551 2977 indicasse
3580 2922 3709 2977 ﬂetu.

2152 3016 2316 3071 Tanta
2349 3016 2402 3069 in
2428 3029 2590 3083 puero
2611 3012 2840 3067 barbaro
2866 3010 2963 3066 fuit
2990 3012 3264 3082 disciplina
3297 3013 3629 3075 reverentia,
3661 3023 3710 3065 ut

478 3108 626 3163 tiam.
657 3106 1034 3162 Conviviorum
1063 3102 1358 3161 devitanda:
1384 3101 1749 3167 celebritatem
1784 3098 2047 3171 fugienda!
2072 3095 2118 3160 C
2152 3118 2336 3163 natura
2350 3108 2668 3168 vinceretur.
2684 3104 2856 3175 Atque
2871 3104 2961 3159 ille
2979 3120 3081 3159 non
3100 3102 3251 3165 deos.
3275 3104 3364 3175 qui
3392 3104 3522 3159 nulli
3544 3114 3706 3163 erant.

476 3198 845 3254 salutationes.

548 3290 639 3346 IX.
680 3289 826 3359 Ipsas
854 3286 1187 3344 visitatioues
1215 3285 1269 3340 in
1294 3284 1596 3355 junioribus
1625 3298 1745 3339 esse
1774 3282 2048 3353 parciores

474 3383 616 3449 volo,
648 3383 691 3435 si
722 3380 860 3435 forte
884 3378 1227 3435 deferendum
1265 3377 1333 3433 sit
1362 3375 1675 3447 parentibus
1704 3385 1789 3429 aut
1832 3374 2049 3443 aequali-

476 3473 597 3536 bus.
644 3472 859 3527 Teritur
900 3471 1043 3525 enim
1072 3468 1262 3525 ofliciis
1308 3469 1517 3539 pudor,
1566 3467 1783 3523 audacia
1833 3468 2046 3533 emicat,

475 3568 615 3622 risus
645 3565 902 3635 subrepit,
944 3562 1200 3618 modestia
1227 3562 1473 3626 solvitur,
1500 3561 1626 3616 dum
1652 3559 1932 3616 affectator
1961 3576 2048 3615 ur-

474 3659 719 3715 banitas:
751 3656 1097 3727 interroganti
1128 3670 1232 3710 non
1265 3653 1610 3721 respondere,
1641 3650 1857 3707 infantia
1886 3670 1898 3707 :
1930 3665 2049 3706 res-

474 3752 729 3823 pondere,
765 3750 941 3805 fabula
965 3758 1068 3805 est.
1103 3748 1296 3804 Deesse
1320 3748 1479 3818 igitur
1508 3760 1808 3801 sermonem
1835 3744 2045 3814 virgini,

473 3858 630 3910 quant
674 3854 957 3909 superesse
995 3839 1194 3893 malim.
1226 3836 1357 3892 Nam
1387 3836 1431 3891 si
1479 3836 1732 3891 mulieres
1783 3836 1942 3889 etiam
1983 3834 2049 3889 de

473 3934 634 3988 rebus
659 3930 852 3987 divinis
880 3930 934 3985 in
964 3930 1199 3985 Ecclesia
1221 3928 1473 3998 jubentur
1503 3936 1699 3987 tacere.
1735 3926 1873 3980 domi
1904 3925 2047 3980 viros

479 4041 607 4081 suos
640 4026 967 4094 interrogare
1010 4021 1068 4093 (ι
1107 4019 1223 4075 Cor.
1267 4036 1355 4075 xw
1382 4061 1396 4085 ,
1433 4017 1539 4090 54)
1589 4036 1602 4072 :
1644 4017 1711 4073 de
1758 4018 2049 4087 virginibus

474 4114 598 4184 quid
616 4124 828 4169 cautum
848 4123 1113 4181 putamus,
1137 4113 1189 4166 in
1212 4111 1404 4181 quibus
1431 4110 1601 4179 pudor
1627 4118 1778 4163 ornat
1809 4117 2044 4174 mlatem,

474 4207 804 4263 taciturnitas
829 4202 1166 4259 commendat
1193 4201 1485 4271 pudorem?

546 4297 612 4355 Χ.
655 4298 736 4353 Λη
760 4310 888 4351 vero
906 4293 1169 4348 mediocre
1190 4292 1406 4365 pudoris
1435 4292 1737 4362 exemplum
1769 4301 1871 4353 est.
1900 4291 2041 4361 quod

476 4390 713 4445 Rebecca
735 4403 856 4443 cum
881 4390 1085 4441 veniret
1104 4386 1170 4439 ad
1196 4384 1425 4453 nuptias,
1448 4393 1501 4438 et
1521 4398 1773 4450 sponsum
1801 4383 2042 4449 vidisset,

2150 3199 2242 3254 sed
2275 3214 2452 3270 regem
2484 3197 2717 3253 timebat.
2749 3196 2883 3263 Quid
2924 3198 3063 3252 enim
3106 3196 3322 3252 timeret
3363 3212 3480 3263 eos,
3508 3212 3638 3268 quos
3665 3196 3706 3251 si

2152 3290 2289 3346 idem
2317 3290 2451 3359 ignis
2477 3279 2807 3357 contigisset,
2837 3287 3138 3341 arsissent?

2220 3379 2357 3435 XIII.
2375 3380 2586 3448 Quanto
2603 3378 2790 3435 melius
2812 3378 2950 3450 quod
2964 3378 3175 3448 quidam
3191 3379 3268 3449 (4)
3296 3379 3348 3433 in
3364 3380 3611 3435 convivio
3628 3394 3710 3449 pa.

2151 3472 2246 3526 tris
2272 3472 2579 3527 adolescens
2608 3470 2844 3541 jnbetur,
2886 3485 2953 3525 ne
2985 3470 3316 3525 meretricios
3343 3487 3558 3527 amores
3585 3470 3710 3525 indi-

2150 3566 2247 3619 ciis
2268 3564 2615 3619 insolentibus
2637 3561 2854 3633 prodat?
2884 3562 2949 3616 Et
2970 3569 3023 3616 tu
3045 3560 3097 3615 iu
3122 3562 3398 3629 mysterio,
3431 3563 3523 3618 Dei
3544 3564 3699 3633 virgo,

2148 3656 2396 3727 gemitus,
2428 3664 2689 3717 screatus,
2723 3653 2902 3718 tussis,
2944 3653 3082 3706 risus
3108 3653 3339 3707 abstine.
3371 3652 3528 3719 Quod
3557 3654 3640 3710 ille
3664 3654 3709 3708 in

2150 3748 2394 3803 convivio
2423 3756 2616 3815 potest,
2648 3755 2702 3800 tu
2731 3746 2781 3799 iu
2812 3744 3066 3817 mysterio
3090 3759 3193 3798 non
3221 3744 3415 3813 potes?
3454 3745 3589 3800 Voce
3614 3745 3710 3800 vir-

2149 3842 2339 3912 ginitas
2362 3842 2527 3911 prima
2553 3840 2809 3911 signetur,
2833 3836 3043 3893 claudat
3063 3852 3155 3891 ora
3177 3836 3371 3907 pudor,
3398 3837 3711 3892 debilitatem

2150 3934 2403 3990 excludat
2426 3932 2635 4004 religio,
2663 3933 2901 3987 instituat
2928 3929 3260 3985 consuetudo
3306 3938 3574 3984 naturam.
3608 3928 3714 3983 Vir-

2151 4025 2326 4096 ginem
2352 4025 2477 4079 mihi
2504 4024 2648 4093 prius
2673 4023 2904 4092 gravitas
2930 4035 3022 4075 sua
3050 4021 3276 4086 nuntiet,
3303 4020 3510 4089 pudore
3540 4019 3709 4082 obvio,

2150 4116 2314 4186 gradu
2343 4115 2556 4181 sobrio,
2587 4114 2735 4168 vultu
2768 4112 3041 4178 modesto;
3090 4122 3143 4166 et
3171 4112 3476 4181 praenuntia
3508 4109 3715 4181 integri-

2151 4208 2275 4263 tatis
2326 4215 2571 4261 anteeant
2615 4206 2763 4276 signa
2807 4204 3037 4259 virtutis.
3084 4203 3194 4258 Non
3242 4218 3392 4257 SATIS
3433 4202 3714 4273 probabilis

2150 4299 2298 4366 virgo
2318 4306 2419 4362 est,
2450 4312 2569 4368 qua:
2596 4296 2901 4367 requiritur,
2931 4310 3050 4349 cum
3080 4294 3306 4349 videtur.

2222 4390 2357 4445 XIV.
2390 4390 2663 4459 Frequens
2690 4403 2870 4443 sermo
2902 4399 2983 4443 est
3010 4407 3022 4441 :
3054 4403 3171 4442 cum
3218 4387 3444 4457 plurima
3476 4402 3712 4442 ranarum

475 4486 717 4538 velamen
756 4482 961 4550 accepit
1002 4477 1156 4551 (Gen.
1203 4493 1324 4532 xxrv
1349 4518 1365 4543 ,
1419 4475 1538 4547 65,)
1566 4492 1633 4531 ne
1661 4476 1806 4546 prius
1840 4476 2049 4531 videre-
2074 4467 2126 4528 D
2154 4496 2425 4536 murmura
2467 4481 2728 4549 religiosae
2770 4478 2984 4533 auribus
3012 4478 3182 4546 plebis
3217 4478 3612 4547 obstreperent,
3642 4492 3716 4532 sa-

475 4588 579 4638 tur,
611 4590 767 4645 quam
809 4572 1155 4643 iungeretur?
1187 4570 1253 4623 Et
1293 4569 1474 4639 utique
1514 4567 1731 4638 pulchra
1763 4568 1909 4637 tirgo
1940 4582 2045 4623 non

469 4669 652 4725 decori
685 4667 877 4731 timuit,
905 4663 998 4719 sed
1037 4662 1243 4733 pudori.
1282 4661 1415 4730 Quid
1448 4661 1674 4725 Rachel;
1704 4660 2047 4730 quemadmo-

471 4763 598 4817 dum
624 4767 833 4815 extorto
862 4755 1047 4811 osculo
1070 4754 1177 4825 (2),
1206 4753 1353 4809 ﬂevit
1389 4764 1441 4808 et
1488 4753 1685 4824 gemuit
1717 4752 1865 4823 (Gen.
1893 4770 2044 4824 xxix,

546 4918 627 4989 (I)
660 4918 731 4971 Ita
763 4928 889 4970 mss.
916 4913 1028 4989 fere
1052 4912 1120 4969 ad
1144 4928 1306 4969 unum
1328 4931 1341 4969 :
1363 4911 1602 4968 nonnulli
1627 4921 1823 4977 tamen,
1846 4921 1902 4968 et
1921 4928 2007 4969 om
2023 4944 2036 4953 -

475 4993 537 5046 ed
546 4984 637 5055 ili',
669 4988 799 5041 sicut
826 4984 1028 5055 aquila.

549 5053 629 5132 (2)
660 5058 841 5113 Versio
868 5054 1024 5126 Vulg.
1047 5063 1108 5132 et
1138 5055 1254 5109 alia:
1280 5070 1401 5110 cum
1416 5065 1576 5132 _tex_tu
1608 5053 1854 5132 Hebrgeo,
1886 5073 2039 5132 oscu-

472 5125 618 5187 latus
651 5140 724 5185 est
751 5125 1201 5192 eant;etielevata
1242 5143 1358 5180 voce
1399 5125 1556 5195 ﬂeuit,
1602 5138 1647 5180 et
1681 5126 1923 5181 iudicavit
1968 5130 2036 5192 ei,

473 5214 578 5259 elo.
613 5202 651 5256 Ε
678 5201 869 5270 quibus
894 5199 1068 5253 verbis
1112 5196 1252 5267 quod
1296 5198 1380 5252 hic
1417 5198 1482 5250 de
1517 5195 1642 5270 ﬂetu
1691 5198 1946 5270 pudicum
1980 5199 2041 5252 il-

472 5274 559 5328 lud
597 5267 836 5328 osculum
882 5282 1167 5324 consecuto
1206 5276 1469 5328 narratur,
1517 5267 1788 5336 eleganter
1824 5267 2037 5337 quidem

470 5353 526 5399 et
554 5342 791 5413 apposite
819 5342 883 5413 ad
914 5340 1212 5413 materiam,
1253 5339 1500 5413 tribuitu_r
1531 5337 1745 5392 Racheli
1770 5354 1785 5401 ;
1812 5353 1931 5392 cum
1965 5348 2045 5413 ta-

470 5407 601 5471 meu'
624 5407 702 5467 'ad
733 5411 897 5468 Iacob
936 5410 1127 5465 referri
1154 5420 1415 5477 oporteat.
1448 5407 1517 5461 Et
1544 5422 1689 5464 certe
1715 5414 1915 5462 ntesset
1938 5408 2004 5462 ali
2024 5437 2043 5449 -

468 5504 569 5557 qua
600 5486 652 5539 in
678 5484 797 5538 aliis
827 5482 1091 5537 idiomatis
1113 5478 1646 5557 ambiguitas,aperte
1670 5477 1805 5546 apud
1827 5493 1931 5533 ιιι
1964 5479 2042 5533 Ie»

468 5546 722 5631 gurges},
747 5559 832 5612 καὶ
853 5556 1049 5631 βοήςᾳς
1159 5546 1292 5626 pervii:
1319 5546 1754 5631 αὐςοῦ,⁷ἷκλαυσε.

543 5627 619 5697 (3)
661 5618 863 5681 Omnes
889 5622 1037 5691 editi,
1070 5618 1215 5693 dep}.
1257 5618 1511 5689 omnium,
1566 5635 1682 5675 cunt
1738 5619 2038 5697 gemitu...

468 5689 718 5769 deferant.
791 5696 919 5752 Mss.
967 5689 1147 5750 autem
1206 5705 1398 5762 magno
1450 5704 1715 5747 consensu
1742 5689 2042 5747 ίιιοιιίεειιιιι

2153 4572 2421 4627 cerdotem
2454 4570 2541 4624 Dei
2573 4570 2886 4639 praecepisse
2917 4579 2973 4623 ut
2997 4571 3440 4634 conticescereut,
3475 4584 3538 4624 ac
3574 4583 3717 4623 reve-

2152 4664 2375 4718 rentiam
2404 4676 2570 4716 sacrm
2603 4660 2875 4716 deferrent
2919 4659 3183 4724 orationi;
3232 4669 3358 4714 tunc
3402 4659 3580 4714 subito
3621 4660 3713 4714 circ

2152 4755 2423 4811 cumfusos
2465 4754 2724 4824 strepitus
2750 4752 3033 4823 quievisse.
3065 4750 3239 4807 Silent
3283 4752 3445 4822 igitur
3481 4750 3711 4821 paludes,

2151 4915 2370 4971 faciunt.
2427 4915 2595 4969 Porro
2643 4913 2935 4983 subiectam
2994 4913 3185 4981 ephebi
3233 4913 3454 4983 hujusce
3512 4912 3711 4983 barbari

2152 4931 2370 4971 tactunt.
2429 4931 2595 4969 rorro
2643 4931 2742 4970 suo
2765 4931 2935 4969 eccam
2994 4931 3185 4981 epneot
3233 4931 3454 4983 nujnsce
3513 4931 3711 4968 uaroan

2152 4986 2423 5070 historiam
2453 4995 2713 5040 memorat
2834 4985 3089 5040 Maximus
3112 4984 3204 5040 lib.
3228 4999 3307 5049 tu,
3337 4998 3456 5053 cap.
3475 4985 3511 5040 3
3538 4986 3599 5038 de
3622 4982 3713 5037 Pa-

2145 5068 2335 5111 tientia.

2216 5125 2292 5197 (4)
2332 5126 2490 5188 Editi,
2522 5124 2659 5192 Quid
2695 5126 2827 5197 quod
2856 5123 3077 5197 quidam.
3111 5123 3329 5197 Etinl’ra
3353 5164 3369 5188 ,
3388 5123 3455 5197 ξπ
3496 5124 3711 5177 ministe-

2144 5192 2310 5252 rio....
2338 5207 2520 5262 tusses,
2550 5197 2681 5250 risus
2709 5195 2967 5249 abstine...
2999 5196 3051 5248 in
3077 5194 3352 5249 ministerio
3380 5192 3479 5248 Dei
3503 5211 3604 5248 non
3628 5210 3712 5263 po.

2147 5268 2257 5321 tes?
2286 5266 2453 5326 Vocis.
2468 5277 2573 5321 etc.
2596 5264 2720 5319 Mss.
2745 5280 2869 5320 vero
2896 5277 2948 5319 ut
2975 5266 3176 5319 intexto
3194 5307 3208 5329 ,
3238 5264 3339 5319 nisi
3377 5264 3519 5332 quod
3557 5263 3710 5332 aliqui

2150 5352 2251 5420 pro
2267 5338 2499 5420 mysterio
2523 5339 2693 5417 legunt
2726 5351 2849 5420 culo.
2867 5335 3024 5420 editis
3039 5334 3615 5420 utinisterio:_C:Iste.rttnt
3630 5333 3710 5388 hic

2150 5403 2406 5463 indicatur
2426 5403 2757 5461 Terentianae
2783 5404 2973 5460 fabulae
2991 5420 3089 5474 qua
3116 5404 3422 5459 insrribitur
3458 5403 3710 5461 Hecatone

2149 5479 2524 5541 timorumenos,
2546 5478 2711 5531 Actus
2732 5490 2797 5538 ιι,
2819 5475 2907 5529 ubi
2952 5475 3051 5530 sub
3089 5474 3247 5529 finem
3276 5489 3457 5530 scena:
3501 5491 3587 5538 ιιι,
3617 5475 3707 5527 ad-

2150 5557 2393 5627 monetur
2420 5543 3023 5627 Clitipho-adolescens,
3054 5554 3110 5599 ut
3138 5554 3402 5627 preseute
3430 5555 3579 5627 patre
3604 5560 3708 5627 rno-

2150 5617 2372 5674 destiam
2394 5633 2456 5686 ιιιΔ
2475 5615 2718 5671 convivio
2738 5616 2963 5671 retineat
2990 5633 3001 5668 :
3032 5615 3194 5686 quoin
3223 5615 3341 5670 loco
3364 5629 3428 5686 ea
3459 5616 3615 5671 verba
3644 5615 3707 5671 le-

2149 5698 2385 5760 guntur:
2415 5684 2660 5753 Gemitus,
2691 5695 2934 5748 screatus.
2967 5684 3142 5742 tussis.
3174 5686 3311 5740 risus
3337 5685 3553 5741 abstine.
