3910 6212
204 225 233 279 1
253 227 370 285 369

188 437 571 492 reverentiam
600 448 950 513 recognoscit,
979 449 1117 519 quod
1143 464 1235 519 per
1263 462 1501 508 naturam
1533 455 1740 525 ignorat
1768 476 1780 512 :

190 518 496 582 hominum
542 540 681 587 tanta
720 547 802 591 est
825 518 1179 610 immodestia,
1224 555 1280 598 ut
1311 518 1784 616 plerique‘delerre

581 232 941 298 EPISTULA:
993 241 1086 300 AD
1124 244 1356 316 osum,
1397 251 1489 306 AD
1526 253 1957 315 CEtlLlANUM
1996 246 2084 319 Er
2123 264 2213 319 AD
2256 264 2491 324 coscs.
2535 267 3097 332 VERCELLENSEM.

190 334 469 401 homines
498 361 600 403 non
629 351 900 409 silcbunt?
950 355 1012 412 Et
1055 360 1413 417 irrationabilc
1456 366 1652 420 animal
1692 384 1787 437 per
1814 387 1858 443 Α

3317 275 3455 333 Isso

1891 373 2129 429 nesciant
2172 379 2423 433 mentium
2466 381 2737 455 religioni,
2782 385 2923 457 quod
2958 386 3202 443 deferunt
3242 388 3450 445 aurium

1892 464 2147 534 voluptati
2176 469 2293 537 (i)?

286 670 368 740 (t)
403 670 707 741 Huiusmodi
736 675 1069 734 Liberianam
1102 682 1393 737 orationem
1421 683 1492 738 ita
1520 686 1857 744 concluditS.
1887 688 2082 746 Doctor
2105 709 2118 744 :
2156 690 2280 747 Haec
2300 703 2459 748 tecum
2482 706 2669 751 sancta:
2687 700 2943 755 memerita
2966 700 3234 757 Ltssaws.

1224 927 1812 1013 EPISTOL/E
1865 933 2014 1016 ET
2071 938 2453 1022 DICTA.

1552 1064 1729 1130 (Const.
1756 1062 1851 1119 col.
1877 1068 2126 1137 ιᾱι-ιϐι.)

760 1266 1089 1327 EPISTOLA
1123 1272 1202 1344 (t)

301 1370 494 1412 ιιιιειιιι
520 1373 665 1413 ΡΔΡΑΕ
696 1375 762 1414 Αἰ)
789 1375 943 1417 OSIUI
973 1379 1253 1421 EPISCOPUI
1284 1366 1683 1425 (ῖοιιιιυιιειιεειι.

485 1456 644 1519 (Anno
665 1459 756 1508 353
782 1466 1016 1519 exeunte,
1039 1470 1122 1510 aut
1142 1463 1234 1513 δδι
1258 1465 1502 1530 ineunte.)

242 1532 325 1588 De
366 1535 612 1593 Vincentii
654 1540 877 1610 episcopi
922 1540 1151 1615 Capitoni
1195 1546 1440 1616 legatione
1478 1556 1523 1611 et
1569 1548 1737 1623 lapsu.

281 1628 415 1694 Quia
445 1628 494 1683 in
524 1632 666 1685 nullo
693 1636 1069 1692 conscientiam
1099 1648 1239 1693 tuam
1267 1640 1436 1697 debeo
1461 1642 1733 1711 praeterire
1758 1660 1771 1697 :

192 1718 363 1779 multi
400 1735 463 1774 ex
512 1721 652 1777 italia
700 1726 931 1796 episcopi
978 1740 1373 1797 convenerunt,
1428 1734 1515 1804 qni
1566 1749 1771 1791 mecum

191 1801 662 1872 religiosissimum
721 1809 1090 1879 imperatorem
1145 1801 1504 1870 Constantium
1570 1818 1777 1881 fuerant

190 1890 514 1963 deprecati,
565 1906 619 1949 ut
641 1896 888 1967 jnberct,
930 1902 1067 1957 sicut
1105 1904 1200 1973 ipsi
1243 1906 1510 1975 placuerat
1551 1908 1770 1972 dudum,

186 1984 485 2039 Concilium
549 1988 611 2041 ad
676 1990 967 2059 Aquileiam
1038 1997 1363 2066 congregari.
1442 1997 1773 2055 Vincentium

185 2070 533 2143 C:.pucnsem
576 2091 694 2133 cum
734 2080 979 2136 Marcello
1004 2099 1152 2151 teque
1197 2100 1263 2140 ex
1313 2085 1597 2157 Cainpania
1629 2091 1772 2160 epis-

186 2179 339 2232 c0po
385 2167 695 2237 legationem
746 2184 977 2229 nostram
1013 2178 1309 2245 suscepisse
1358 2182 1618 2235 sanctitati
1672 2194 1772 2237 tua:

184 2258 432 2311 insinuo.
462 2260 533 2315 De
574 2276 677 2332 quo
705 2278 824 2317 cum
852 2264 1013 2319 multa
1062 2282 1353 2336 sperarem,
1385 2271 1521 2338 quod
1562 2281 1613 2325 et
1642 2286 1775 2326 cau-

183 2359 313 2401 sam
367 2351 562 2415 Optime
622 2353 903 2419 retineret,
951 2365 1003 2409 ct
1054 2356 1211 2423 judex
1272 2357 1321 2411 in
1377 2360 1558 2414 eadem
1613 2376 1771 2417 causa

182 2451 318 2493 cum
370 2440 646 2495 sanctitate
694 2454 777 2497 tua
821 2445 1123 2514 frequenter
1171 2448 1487 2515 resedisset;
1528 2450 1771 2506 credide-

182 2543 311 2583 ram
337 2530 411 2599 (2)
436 2531 692 2604 integrum
728 2535 816 2590 Dei
844 2536 1179 2608 EVangelinm
1205 2556 1297 2593 sua
1328 2540 1587 2611 legatione
1616 2558 1772 2613 posse

184 2619 419 2674 SCI'V-ll‘i.
454 2620 565 2675 Non
608 2632 806 2678 tantum
838 2626 967 2681 nihil
999 2628 1297 2698 impetravit
1319 2670 1334 2695 ,
1367 2632 1458 2687 sed
1485 2644 1538 2687 et
1576 2634 1688 2701 ipse
1719 2637 1769 2690 in

188 2709 344 2764 illam
377 2711 565 2767 ductus
591 2726 672 2769 est
702 2716 779 2786 (3)
810 2717 1216 2774 simulationem.
1252 2721 1377 2775 Post
1400 2723 1549 2791 cujus
1577 2722 1769 2779 factum

181 2802 391 2869 duplici
417 2820 644 2863 interere
664 2810 954 2875 confectus,
980 2812 1105 2867 mihi
1131 2814 1461 2869 moriendum
1488 2817 1652 2886 magis
1677 2832 1771 2885 pro

185 2894 309 2949 Deo
329 2894 557 2958 decrevi,
577 2913 641 2952 ne.
656 2900 863 2956 viderer
878 2903 1192 2957 novissimus
1210 2904 1413 2959 delator
1431 2905 1532 2977 (4),
1548 2916 1637 2961 ant
1651 2923 1771 2962 sen-

188 2987 381 3039 tcutiis
409 3001 588 3043 contra
622 2988 961 3058 Evangelinm
994 2994 1399 3051 accommodare
1426 3011 1766 3055 consensum.

748 3081 1078 3139 EPISTULA
1116 3084 1215 3156 (5).

227 3183 423 3227 ιιΒειιιι
453 3188 599 3229 PAPE
627 3190 695 3231 AD
718 3191 1049 3232 CECILIANUI
1078 3194 1397 3234 SPOLETINUI
1430 3196 1731 3238 EPISCOPUII.

742 3266 945 3330 (Eodem
970 3268 1234 3333 tempore.)

787 3350 862 3404 De
900 3354 1074 3405 eadem
1102 3368 1175 3408 re.

264 3439 395 3494 Nolo
425 3449 475 3495 te
502 3441 697 3497 factum
728 3442 986 3497 Vincentii
1011 3446 1076 3499 ab
1105 3445 1306 3501 intentu
1338 3446 1458 3503 boni
1489 3449 1666 3518 operis
1688 3464 1771 3505 re-

184 3541 369 3596 vocet,
401 3533 561 3588 frater
589 3535 884 3590 carissime.

740 3626 1069 3683 EPISTOLA
1122 3628 1198 3700 (6)

187 3734 386 3775 LIBERI!
430 3734 575 3773 ΡΛΡιΕ
614 3734 681 3773 AD
720 3734 977 3774 EUSEBIUII
1022 3736 1430 3778 νεηεειιειιδειι
1462 3739 1765 3781 EPISCOPUI.

748 3809 951 3873 (Eodem
977 3813 1239 3876 tempore.)

186 3897 267 3952 Dc
311 3897 557 3967 legatione
593 3895 817 3966 Luciferi
855 3894 1133 3950 Calaritani
1162 3898 1384 3967 episcopi
1421 3900 1489 3953 ad
1516 3899 1767 3957 Constan-

261 4033 344 4099 (ι)
387 4031 569 4084 Exstat
599 4031 734 4085 inter
768 4031 1056 4096 fragmenta
1089 4032 1270 4085 Hilarii
1304 4032 1490 4100 fragm.
1514 4051 1569 4089 vt
1614 4053 1667 4089 ιι.
1696 4037 1766 4101 2,

186 4116 397 4156 necnon
426 4102 563 4168 apud
596 4103 877 4155 Baronium
909 4102 973 4154 ad
1005 4118 1127 4155 ann.
1159 4103 1283 4164 353,
1322 4119 1375 4157 ιι.
1409 4105 1461 4171 9,
1490 4107 1650 4159 edita.
1686 4106 1770 4161 ln-

185 4184 394 4237 tegrum
443 4186 545 4224 non
579 4187 730 4234 esse.
766 4171 929 4240 prima
963 4172 1076 4239 ejus
1107 4172 1261 4227 verba
1291 4174 1429 4241 apud
1472 4174 1725 4229 Hilarium
1750 4218 1765 4237 ,

187 4241 335 4297 Inter
356 4243 483 4313 lucc,
506 4243 843 4311 persuadent.
869 4242 1075 4313 Scripta
1098 4254 1179 4297 est
1200 4256 1317 4313 post
1345 4256 1612 4300 recentem
1645 4248 1768 4301 Vin-

184 4312 349 4368 eentii
395 4312 446 4365 in
490 4313 769 4385 :irelatensi
816 4312 1307 4385 synodolapsum,
1350 4315 1587 4385 adeoque
1626 4318 1766 4372 circa

186 4384 387 4438 exitum
417 4383 537 4436 anni
568 4382 673 4437 555
702 4394 787 4434 ant
816 4383 954 4436 circa
984 4382 1184 4437 initimn
1214 4385 1334 4437 anni
1368 4384 1492 4440 554.

1956 1278 2078 1332 tium
2106 1281 2226 1350 imp.
2260 1292 2315 1335 ut
2335 1285 2625 1353 concilium,
2648 1304 2746 1359 quo
2772 1305 2849 1345 res
2876 1290 3119 1348 Ecclesia!
3145 1310 3452 1366 componan-

1954 1378 2057 1435 tur,
2099 1371 2161 1424 ab
2203 1388 2260 1426 eo
2295 1376 2530 1443 postulet.
2562 1376 2629 1431 Ut
2670 1377 2916 1435 Eusebius
2941 1382 3049 1454 ipse
3083 1384 3223 1441 illius
3247 1388 3452 1461 adjutor

1952 1464 2015 1516 sit
2040 1480 2139 1533 quo
2158 1468 2442 1537 petitionem
2468 1469 2715 1539 impetret.

1918 1577 2157 1633 Liberius
2184 1580 2263 1650 (7)
2290 1581 2570 1654 episcopus
2600 1585 2944 1644 dilectissimo
2970 1589 3118 1647 fratri
3160 1592 3409 1651 Eusebio.

1952 1669 1992 1723 Ι.
2034 1670 2142 1736 Me,
2174 1671 2336 1727 frater
2361 1675 2673 1744 carissime,
2704 1680 2767 1733 ad
2796 1682 3040 1736 solatium
3066 1685 3185 1739 vita:
3217 1701 3447 1755 pra-sen-

1882 1757 1945 1812 tis
1970 1760 2125 1829 erigit
2152 1761 2341 1817 invicta
2372 1762 2502 1819 fides
2526 1774 2613 1819 tua
2636 1808 2649 1831 ,
2676 1783 2775 1838 qua
2803 1778 3019 1827 secutus
3046 1773 3444 1844 Evangeliorum

1879 1862 2170 1919 prmcepta,
2204 1854 2347 1908 nullo
2373 1871 2567 1924 genere
2605 1873 2635 1913 a
2662 1862 2927 1916 consortio
2964 1863 3106 1919 sedis
3139 1868 3444 1935 apostolica:

1873 1941 2185 2012 discrepasti
2221 1945 2400 2015 :quod
2444 1949 2602 2004 credo
2634 1967 2738 2005 non
2772 1955 2888 2008 sine
2936 1954 3024 2010 Dei
3046 1956 3311 2027 impulsu,
3353 1962 3443 2031 qui

1874 2032 2032 2103 digno
2060 2034 2148 2106 (F.
2176 2035 2386 2108 dignos)
2415 2041 2513 2095 sibi
2539 2042 2589 2096 in
2620 2044 2917 2099 sacerdotio
2945 2046 3179 2114 detinet,
3209 2050 3443 2108 benevo-

1874 2123 2035 2179 lentia
2077 2128 2392 2196 complesse.
2424 2132 2556 2186 Cum
2602 2132 2761 2205 igitur
2806 2147 2923 2205 post
2968 2136 3282 2211 legationem
3320 2144 3445 2199 Vin-

1873 2216 2079 2269 centius
2107 2216 2157 2271 in
2186 2218 2327 2273 illam
2357 2221 2543 2277 ductus
2568 2222 2648 2295 (8)
2673 2234 2754 2280 est
2790 2225 3217 2298 simulationem,
3249 2234 3443 2304 reliqui

1875 2319 1969 2373 per
2000 2306 2198 2362 Italiam
2224 2311 2455 2381 episcopi
2486 2313 2690 2379 publica
2720 2309 3071 2374 conventione
3106 2323 3278 2378 coacti
3315 2324 3443 2380 fuis-

1870 2406 1990 2453 sent
2008 2401 2283 2455 sententiis
2307 2401 2655 2461 Orientalium
2677 2408 2929 2475 obedire;
2962 2411 3072 2467 Deo
3103 2428 3441 2484 procurante,

1874 2488 2036 2545 frater
2059 2500 2113 2546 et
2137 2495 2483 2566 coepiscopus
2515 2507 2696 2553 noster
2720 2498 2929 2557 Lucifer
2966 2502 3034 2559 de
3071 2502 3311 2567 Sat-diuit
3354 2522 3445 2563 su-

1875 2580 2148 2647 pervenit.
2195 2584 2427 2653 quicum
2471 2586 2700 2645 latebras
2738 2606 2911 2649 causae
2951 2593 3219 2659 interioris
3248 2612 3445 2668 cogno-

1874 2671 2069 2737 visset,
2117 2680 2170 2727 et
2212 2677 2538 2743 pervenisset
2596 2680 2660 2734 ad
2725 2681 2840 2751 ejus
2884 2687 3294 2756 conscientiam,
3340 2690 3443 2747 sub

1874 2763 2155 2817 occasione
2208 2766 2436 2821 nominis
2486 2767 2759 2826 Athanasii
2811 2771 3091 2832 haereticos
3143 2776 3257 2834 btcc
3305 2781 3444 2837 velle

1876 2864 2114 2921 tentare;
2146 2873 2239 2927 pro
2264 2857 2547 2915 devotione
2572 2861 2690 2918 fidei
2712 2878 2821 2918 sua:
2849 2866 3029 2923 subire
3058 2868 3219 2925 voluit
3241 2871 3441 2938 justum

1879 2943 2153 3010 laborem,
2202 2960 2255 3004 et
2300 2949 2365 3003 ad
2394 2949 2712 3008 Comitatum
2759 2954 2990 3025 religiosi
3040 2958 3290 3028 principis
3321 2976 3440 3029 per-

1796 3064 1840 3126 ρ
1872 3052 1997 3107 gere
2027 3055 2041 3093 :
2072 3050 2128 3094 ut
2155 3041 2366 3097 tandem
2392 3044 2636 3113 exposito
2659 3046 2843 3105 ordine
2874 3049 3034 3104 totius
3057 3065 3251 3120 causa,
3277 3054 3445 3125 impe-

1880 3137 2042 3185 traret
2072 3140 2127 3187 ut
2162 3133 2337 3187 omnia
2359 3174 2374 3200 ,
2402 3150 2520 3203 quae
2554 3136 2607 3191 in
2642 3138 2870 3195 medium
2900 3152 3185 3209 venerunt,
3222 3144 3273 3200 in
3301 3154 3447 3203 cortu

1878 3234 2094 3290 possent
2114 3224 2445 3280 sacerdotqu
2476 3226 2564 3283 Dei
2596 3230 2825 3288 tractari.

1952 3313 2014 3368 ll.
2044 3313 2225 3385 Itaque
2245 3320 2364 3387 quia
2386 3323 2497 3375 scio
2521 3332 2757 3378 sanctum
2788 3322 2908 3380 ﬁdei
2940 3336 3041 3384 tua:
3065 3328 3297 3391 calorem
3322 3345 3445 3389 cum

1878 3403 1992 3474 ejus
2021 3408 2198 3461 animo
2223 3411 2575 3475 concordare,
2605 3413 2940 3483 prudentiam
2971 3427 3113 3477 tuam
3143 3430 3284 3491 peto,
3309 3431 3366 3477 ut
3400 3423 3445 3479 si

1877 3510 2196 3567 procurante
2240 3501 2351 3559 Deo
2393 3503 2633 3559 habuerit
2679 3514 2731 3561 te
2778 3520 3088 3576 praesentem
3113 3550 3129 3576 ,
3165 3527 3258 3581 per
3284 3526 3447 3583 quos-

1876 3602 2102 3656 cumque
2153 3592 2385 3657 potueris
2410 3632 2426 3655 .
2471 3594 2695 3650 sollicite
2740 3603 3004 3653 excubare
3027 3600 3317 3657 contendas
3340 3643 3356 3668 ,
3388 3611 3447 3658 ut

1878 3680 2090 3748 possitis
2120 3682 2382 3747 universa,
2415 3698 2533 3751 qua:
2560 3684 2688 3739 lides
2716 3685 2974 3743 catholica
3000 3692 3185 3760 exigit,
3212 3692 3447 3748 clemen-

1877 3773 2081 3827 tissimo
2128 3774 2431 3842 imperatori
2476 3774 2787 3832 insinuare:
2821 3787 2877 3837 ut
2916 3780 3127 3835 tandem
3158 3781 3445 3851 aliquando

1874 3862 2113 3932 deposita
2162 3864 2323 3919 animi
2370 3866 2771 3937 indignatione,
2813 3868 2970 3924 faciat
3014 3871 3154 3941 quod
3194 3883 3249 3928 et
3282 3874 3449 3945 quieti

1874 4032 1978 4083 est,
2007 4030 2319 4076 cmterormn
2355 4023 2567 4079 exilium
2612 4040 2716 4079 non
2758 4024 2825 4081 sit
2853 4027 3023 4085 serius
3048 4028 3437 4087 disserendum.

1945 4090 2023 4161 (4)
2058 4092 2205 4161 Apud
2240 4092 2279 4147 Β
2296 4109 2430 4149 ιιόη.
2455 4096 2651 4148 delator
2672 4097 2882 4152 existere
2914 4114 2929 4154 :
2961 4115 3079 4153 nam
3104 4100 3305 4159 videtur
3328 4118 3444 4157 sen-

1876 4163 2041 4216 tentiis
2067 4166 2470 4218 accommodasse
2491 4182 2809 4221 consensuros.

1947 4234 2027 4303 (5)
2061 4234 2203 4307 llzmc
2230 4234 2468 4301 epistan
2496 4244 2707 4292 tenuem
2738 4239 3044 4307 particulam
3075 4241 3231 4297 nobis
3262 4251 3442 4299 trans-

1874 4308 2017 4379 misit
2048 4306 2273 4359 tlilarius
2308 4307 2598 4373 fragmento
2634 4324 2711 4373 vt,
2742 4306 2797 4361 ιι.
2828 4309 2881 4362 2.
2911 4310 3137 4379 Epistola
3167 4322 3344 4369 autem
3375 4330 3441 4370 eo

1875 4376 1991 4445 ipso
2015 4385 2272 4448 tempore,
2306 4394 2407 4444 quo
2438 4379 2699 4447 superior,
2727 4380 2920 4448 scripta
2949 4376 3048 4435 est.

263 4451 342 4523 (2)
363 4522 368 4523 ν
388 4452 533 4519 Apud
564 4455 753 4505 liaron.
800 4451 1132 4523 desideratur
1170 4457 1439 4523 integrum.
1476 4456 1528 4510 In
1560 4455 1769 4512 duobus
1794 4444 1847 4504 Ῑ)
1944 4447 2022 4517 (δ)
2130 4444 2363 4523 ῐξθτοηίρ
2390 4449 2455 4502 ⁵δά
2472 4444 2908 4523 ,έηηβηῖδδδιής
2937 4450 3027 4523 2ον
3050 4460 3149 4523 3L3"
3173 4452 3443 4523 Stephano

187 4522 329 4577 mss.
360 4522 580 4593 habetur
607 4523 855 4591 integrum
882 4530 968 4591 )us
1001 4522 1413 4593 anngeliorum.

268 4593 344 4664 (5)
389 4592 444 4665 lu
477 4595 563 4647 illa
589 4595 923 4665 Sitltlllulitttie
965 4610 1085 4648 eum
1126 4592 1189 4647 ad
1225 4595 1272 4647 id
1306 4598 1491 4649 saltem
1529 4605 1765 4665 tempus,

186 4679 298 4734 quo
326 4664 563 4718 Liberius
589 4674 642 4715 et
666 4664 821 4718 Osius
851 4664 905 4717 in
936 4665 1150 4735 exilium
1173 4666 1326 4727 eiecti
1356 4674 1499 4730 sunt,
1528 4664 1771 4735 perseve-

189 4749 339 4787 rasse
384 4734 644 4805 colligitur
671 4749 733 4786 ex
774 4735 949 4787 verbis
980 4734 1248 4788 Athanasii
1290 4737 1495 4805 apolog.
1528 4734 1591 4788 ad
1623 4738 1764 4792 Con-

186 4812 350 4857 stant.
393 4821 445 4856 n.
474 4803 561 4856 27.
597 4802 997 4877 Postea__tamen
1043 4820 1071 4857 a
1106 4802 1336 4877 Damaso‘
1364 4823 1393 4859 c
1420 4802 1631 4877 synodo
1663 4809 1766 4862 lio-

190 4888 348 4927 mana
372 4874 435 4926 ad
466 4876 741 4941 episcopos
770 4873 959 4943 illyrici
1002 4874 1269 4929 scribente
1312 4873 1508 4930 laudari
1551 4880 1765 4943 tnernit,

187 4954 247 4996 ut
278 4946 363 5010 qui
405 4954 474 4997 tot
505 4946 648 4996 annis
689 4946 1023 4997 sacerdotium
1055 4945 1245 4999 illibata
1277 4957 1537 5000 servasset.
1570 4947 1771 5002 Notan-

188 5013 318 5066 dum
345 5023 427 5069 est
451 5015 791 5068 Athanasium
821 5014 938 5067 loco
961 5030 1082 5068 mox
1111 5017 1271 5070 citato
1301 5017 1481 5083 paucis
1510 5020 1770 5085 perstrin-

186 5098 350 5152 gere,
382 5101 498 5152 qnze
532 5096 639 5137 tum
688 5085 1028 5149 Arelatense,
1065 5095 1173 5138 tum
1208 5085 1596 5142 Mcdiolanense
1635 5104 1767 5141 con-

188 5153 371 5207 cilium
415 5166 697 5209 consecuta
743 5163 893 5216 sunt;
944 5154 1181 5224 adeoque
1222 5157 1341 5210 licet
1387 5154 1455 5210 de
1508 5157 1768 5214 Vincentii

189 5224 528 5280 simulatione
570 5225 820 5293 loquens,
855 5224 1285 5279 Fortunatiauum
1336 5227 1765 5295 Aquileiensem,

190 5293 495 5348 llcrcminm
525 5296 1070 5353 Thessalonicensem.
1096 5312 1385 5365 omnesque
1407 5293 1767 5353 Occidentales

190 5366 470 5433 episcopos
495 5368 541 5419 ei
575 5364 841 5434 adiungat,
874 5369 1087 5420 minime
1114 5367 1238 5420 inde
1268 5364 1446 5435 séqui,
1478 5378 1533 5420 ut
1562 5369 1612 5421 bi
1646 5384 1768 5422 om-

190 5450 287 5507 nes
312 5436 525 5507 Arelate
552 5436 679 5507 lapsi
722 5437 861 5507 sint;
889 5438 1026 5507 sicut
1052 5451 1149 5491 nec
1186 5452 1254 5489 ex
1297 5452 1361 5491 eo
1400 5436 1539 5507 quod
1573 5440 1766 5493 ibidem

189 5505 345 5577 simul
378 5503 593 5577 Liberii.
624 5504 757 5569 Osii,
784 5506 1014 5571 Paulini,
1046 5507 1314 5577 Dionysii,
1347 5503 1556 5563 Eusebii
1580 5549 1592 5569 ,
1618 5508 1773 5565 Luci-

190 5574 321 5637 leri.
349 5585 453 5630 etc.
484 5575 636 5629 exilia
665 5587 1072 5637 commemorat.
1098 5574 1426 5647 consequens
1449 5588 1531 5633 est
1564 5589 1619 5636 ut
1646 5581 1767 5705 Ὲιίε

190 5644 441 5702 Paulinus
490 5646 557 5699 ab
606 5646 902 5700 Arelatensi
954 5646 1159 5705 synodo
1212 5646 1262 5702 in
1317 5647 1533 5702 exilium
1582 5664 1649 5705 nu
1704 5664 1767 5703 us

189 5644 441 5702 Paulinus
490 5646 557 5699 ab
606 5646 902 5700 Arelatensi
954 5646 1159 5720 synodo
1212 5644 1533 5713 in'esilium
1582 5644 1770 5720 pulsus

1877 4516 2119 4589 Ferrcrio
2159 4516 2485 4589 Vercellensi
2512 4520 2765 4588 episcOpo
2792 4535 2856 4575 ex
2886 4519 3051 4589 ipsius
3093 4516 3444 4581 Vercellensis

1872 4588 2124 4660 ecclesia:
2152 4587 2374 4660 archiva
2406 4587 2668 4660 exscripta
2695 4598 2853 4660 atque
2878 4587 3019 4646 edita
3045 4601 3146 4648 est.
3183 4593 3237 4648 In
3269 4596 3367 4653 hac
3388 4605 3447 4650 ut

1873 4658 1926 4711 in
1954 4657 2313 4725 snperiorilms
2352 4657 2595 4715 Liberius
2630 4657 2891 4714 Vincentii
2920 4662 3309 4719 simulationem
3354 4664 3447 4722 de-

1874 4727 1963 4781 ﬂet
1982 4738 2080 4809 ;.at
2109 4729 2306 4811 solatii,
2334 4730 2473 4811 quod
2504 4746 2642 4784 nunc
2665 4745 2730 4811 ex
2757 4729 2985 4786 Luciferi
3012 4732 3294 4788 Calaritani
3329 4737 3446 4803 epi-

1872 4800 2019 4863 scopi
2053 4798 2482 4870 magnanimitate
2519 4804 2821 4870 percepisse
2861 4817 2919 4857 se
2949 4816 3236 4865 memorat.
3268 4821 3323 4860 tn
3356 4798 3449 4859 su-

1877 4869 2171 4937 periorihus
2200 4869 2418 4942 minime
2447 4869 2727 4942 meminit:
2759 4871 2997 4942 adeoque
3036 4871 3174 4927 hanc
3208 4874 3313 4931 illis
3351 4876 3450 4931 ali-

1872 4952 2071 5014 quanto
2112 4940 2374 5014 posterius
2401 4941 2650 5009 scriptam
2672 4956 2790 4997 esse
2812 4940 2994 5014 liquet.
3030 4944 3109 5000 Ad
3131 4958 3326 5001 annum
3343 4946 3451 5004 554

1872 5010 2081 5063 videtur
2117 5011 2411 5066 referenda.

1943 5079 2020 5156 (7)
2059 5080 2130 5156 [ta
2156 5080 2452 5156 Ferrarius.
2479 5083 2545 5156 At
2570 5080 2766 5139 Barea.
2791 5081 3019 5156 Liberius
3042 5086 3192 5156 fratri
3216 5084 3451 5141 Eusebio.

1948 5151 2025 5221 (8)
2054 5151 2321 5207 Orationis
2352 5154 2627 5223 integritas
2656 5154 2905 5222 postulat,
2933 5151 3111 5208 ductus
3140 5166 3265 5211 esset
3289 5156 3453 5211 simu-

1874 5222 2114 5299 lationem
2142 5235 2187 5277 et
2207 5223 2406 5299 reliqui.
2545 5224 2683 5279 hanc
2713 5224 3028 5299 violentiam
3052 5228 3315 5296 episcopis
3350 5227 3454 5299 Ita:

1877 5293 1943 5349 lis
1985 5296 2172 5348 factam
2206 5291 2406 5349 referre
2448 5294 2571 5348 licet
2598 5294 2737 5365 quod
2778 5291 3098 5349 Athanasius
3138 5291 3349 5365 apo'log.
3384 5297 3453 5353 ad

1877 5365 2157 5420 Constant.
2184 5382 2235 5418 n.
2263 5365 2331 5420 29
2356 5382 2368 5417 :
2388 5364 2736 5437 Occidentales
2756 5366 3013 5437 episcopos
3033 5368 3081 5420 oi
3100 5364 3199 5437 non
3222 5366 3453 5431 minima.

1878 5440 1980 5492 imo
2010 5436 2244 5491 violentia
2272 5436 2493 5489 maxima
2514 5433 2846 5506 gravibusque
2864 5433 3071 5507 injuriis
3094 5433 3299 5503 olfectos
3324 5454 3452 5502 esse.

1881 5510 2039 5588 donec
2065 5508 2419 5588 pollicere‘nlur
2443 5522 2497 5562 se
2524 5507 2577 5588 in
2605 5505 2858 5588 posterum
2898 5505 3176 5588 nobiscum.
3196 5522 3297 5559 non
3316 5523 3457 5561 corn-

1882 5574 2248 5658 municatur‘os.
2277 5574 2718 5658 Communionem
2744 5574 3217 5658 igituroAthanasio
3237 5592 3455 5648 negare,

1882 5649 1986 5704 hoc
2010 5656 2127 5703 erat
2145 5646 2495 5704 Orientalium
2524 5644 2732 5717 placitis
2753 5644 2993 5703 obedire.
