3910 6212
469 261 600 317 1551
1811 250 2030 308 LIBERI

2184 249 2380 306 PAPA.
3615 243 3740 303 1552

460 384 654 429 nostrai
683 380 735 426 et
757 369 909 425 saluti
939 370 1016 442 (l)
1041 387 1149 426 Suae.
1177 369 1340 439 possit
1367 368 1416 423 in
1440 367 1685 422 onmibus
1732 367 2035 420 convenire.
2067 367 2113 424 A
2144 365 2282 434 quid
2311 365 2609 432 specialiter
2636 374 2780 436 optat
2813 365 3005 420 mentis
3036 374 3134 419 tum
3165 380 3288 436 erga
3324 365 3499 418 Deum
3537 361 3743 414 sincera

459 465 538 520 Ex
569 463 835 532 superfluo
867 474 1040 518 autem
1072 463 1308 525 credidi,
1339 460 1725 514 ordinationem
1755 475 1929 512 causa!
1963 468 2040 510 to-
2145 459 2374 520 devotio,
2408 474 2526 510 cum
2577 457 2694 512 fidei
2743 473 2899 512 causa
2922 499 2935 519 ,
2971 458 3020 512 in
3054 473 3151 527 qua
3203 457 3374 527 prima
3417 456 3590 510 nobis
3630 465 3748 521 spes

458 556 562 611 tius
590 555 1007 608 honorificentia:
1039 565 1141 606 ιιιιιξ
1172 553 1360 607 litteris
1393 551 1683 612 insinuare,
1708 565 1826 602 cum
1856 563 2042 617 snpra-
2144 561 2222 603 est
2253 550 2316 602 ad
2365 550 2563 615 Deum,
2598 550 2876 622 diligenter
2916 551 3096 605 fuisset
3129 560 3384 615 tractata,
3432 549 3521 622 (ὃ)
3563 562 3634 602 ne
3661 561 3747 601 eo-

454 649 626 704 tliCtus
651 648 810 702 frater
848 663 996 702 meus
1029 647 1107 700 vel
1152 646 1266 715 ejus
1295 644 1516 698 comites
1571 641 1648 712 (2)
1698 641 1748 695 in
1792 639 2036 710 prmseuti

2148 656 2294 705 rum,
2338 642 2425 711 qui
2468 652 2699 696 nostram
2731 642 2870 698 circa
2913 643 3078 697 Deum
3107 644 3512 699 observantiam
3561 637 3747 694 mirari

453 743 654 813 possint
684 740 858 793 omnia
905 740 1161 795 relatione
1191 753 1283 792 sua
1318 735 1542 790 referre.
1580 733 1716 787 lteus
1748 743 1798 787 te
1837 730 2038 786 incolu-
2143 735 2372 799 debent,
2403 745 2621 805 possent
2649 735 2806 798 finiri,
2845 737 2906 790 Et
2936 737 3152 806 dignum
3180 735 3354 791 fuerat
3383 735 3476 790 Dei
3508 734 3744 795 cultore,

457 849 593 889 metu
621 832 902 898 custodiat,
931 831 1143 886 domine
1168 830 1330 883 frater
1357 827 1650 882 carissime.
2142 827 2358 897 d'guunt
2393 828 2616 893 huperio
2645 837 2735 882 tuo
2757 871 2769 891 ,
2798 829 2939 898 quod
2972 828 3168 884 Christi
3215 830 3414 899 pietate
3441 827 3662 897 regitur
3697 831 3748 878 et

998 963 1322 1019 Evtswm
1383 961 1460 1034 (δ)
2142 922 3746 1034 ἒξιξὲξιεξῖςενίῖέὲξιιῑέξῖ,³1ρῖειεξιξι),ντέλνενέτειίέῖεῖτιξιξ

2141 1011 2440 1082 religionis,
2495 1014 2577 1066 cui
2629 1013 2914 1082 prudenter
2965 1015 3198 1069 intentus
3247 1032 3337 1077 es,
3387 1012 3745 1068 clementiam

451 1097 597 1140 ιιιεεΑ
623 1097 688 1137 AD
714 1093 1075 1136 CONSTANTIUM
1098 1089 1474 1132 ΙΙΙΡΕΒΑΤΟΠΕΜ
1499 1089 1528 1127 Δ
1561 1086 1769 1127 ιιΒιῖιιιο
1795 1083 2038 1126 ειηεοῡρο
2143 1113 2282 1157 lum“
2316 1105 2466 1159 "nbis
2490 1103 2553 1158 3d
2582 1108 2692 1158 “mc
2715 1105 3038 1176 impetranda
3073 1116 3349 1175 prmsmre.

680 1189 825 1228 ΠΜ]ιό
856 1186 1014 1226 ΒΟΙιΕ
1044 1184 1142 1223 PER
1175 1181 1471 1222 ιυωιέιιωι
1503 1178 1810 1218 EPISCOPUI.

1089 1194 1142 1223 δ’*
1175 1194 1471 1222 δυυ¹¹δ¹⁸υ³¹
1504 1194 1810 1218 “"ww'
2210 1195 2271 1250 ll.
2314 1194 2544 1250 Liberius
2573 1197 2636 1251 de
2679 1198 2965 1266 suppressis
3006 1199 3343 1252 Orientalium
3373 1199 3561 1254 litteris
3607 1196 3747 1266 [also

1089 1261 1252 1325 (Αηηο
1273 1259 1407 1319 554-)
2140 1289 2420 1325 ..ηειηιηιηε
2447 1287 2617 1325 ...ροιι
2653 1290 2798 1325 nntlli
2838 1290 3085 1325 anlncirn
3111 1291 3346 1325 mra-nlan
3370 1291 3742 1325 κωμικὴ.-

1089 1287 1252 1325 “‘"W
1273 1287 1407 1319 ’ΝΜ
1448 1344 1457 1355 ,
1843 1340 1852 1350 ,
2139 1287 2620 1360 postulatus.—Sed
2653 1290 2799 1342 ntulti
2836 1290 3085 1344 Ecclesia:
3111 1291 3348 1345 membra
3370 1292 3616 1347 lacerare
3631 1291 3742 1347 fes-

451 1353 802 1410 Constantium
829 1351 922 1405 sibi
951 1351 1170 1420 placare,
1203 1356 1248 1401 et
1279 1345 1542 1398 concilium
1588 1359 1687 1414 quo
1741 1357 1852 1412 pact
1879 1337 2033 1393 eccle-
2142 1388 2301 1420 “Mm
2373 1386 2460 1420 nn:
2490 1387 2859 1420 mmmam“.
2891 1402 2974 1420 mn
3005 1387 3204 1420 “HM”
3234 1387 3607 1420 “mundun
3675 1402 3742 1420 Μ

829 1386 1850 1462 θῖν’ξςὲέζρξζβζῖΔζῖζζςςςμῖχηῖῖζ
2142 1388 2341 1454 tinant,
2373 1386 2462 1456 qui
2490 1387 2862 1442 confinxerurrt
2891 1402 2974 1440 me
3005 1387 3207 1440 litteras
3234 1387 3643 1458 suppressisse,
3674 1402 3743 1440 ne

607 1461 798 1501 "arum
826 1443 1138 1506 consulum"
1163 1439 1223 1492 ab
1252 1455 1308 1492 eo
1336 1447 1606 1504 mmmam
1635 1445 1864 1488 ωηαωῆ
2141 1478 2363 1533 crimina
2405 1478 2518 1547 ejus
2542 1521 2555 1542 ,
2601 1493 2754 1546 quem
2798 1478 3112 1532 dicebautur
3153 1478 3542 1534 condemnasse
3592 1477 3740 1548 apud

450 1559 847 1616 Gloriosissimo
867 1555 1179 1612 Constantio
1212 1555 1446 1622 Augusto
1471 1549 1713 1604 Liberius
1732 1549 2030 1617 episcopus.

525 1673 566 1728 1.
613 1671 895 1728 Constantii
943 1686 1060 1741 erga
1115 1667 1366 1722 Liberium
1413 1664 1757 1735 implacabilis
1810 1663 2030 1715 animus.

2139 1586 2324 1625 omnes
2359 1580 2615 1638 paterent.
2651 1569 2791 1636 Quas
2816 1571 2892 1641 (7)
2927 1570 3044 1623 illas
3071 1570 3309 1624 litteras?
3341 1571 3737 1639 EpiSCopurum

2138 1660 2528 1725 Orientalium,
2579 1669 2631 1714 et
2680 1661 3089 1730 zEgyptiortnn,
3141 1661 3330 1732 quibus
3379 1663 3429 1716 in
3478 1662 3736 1716 omnibus

449 1770 729 1825 Concilium
777 1770 1006 1838 petitum.
1055 1796 1124 1806 —
1173 1764 1407 1819 Obsecro
1439 1760 1516 1831 (Δ)
1541 1801 1553 1819 .
1599 1757 2028 1828 tranquillissime
2064 1754 2112 1814 B
2139 1754 2324 1810 eadem
2356 1755 2406 1808 in
2439 1754 2784 1808 Athanasimn
2817 1755 3038 1808 crimina
3073 1753 3519 1809 continebantur?
3548 1757 3621 1808 At
3649 1767 3736 1807 sa-

453 1861 761 1930 imperator,
794 1868 851 1913 ut
880 1859 1006 1912 mihi
1038 1857 1292 1925 benignas
1321 1868 1475 1907 aures
1505 1852 1786 1906 clementia
1822 1859 1905 1901 tua
1936 1848 2028 1900 tri-

448 1955 594 2015 buat.
627 1967 730 2024 quo
760 1951 929 2024 possit
955 1947 1346 2004 mansuetudini
1377 1955 1479 2000 tnze
1512 1945 1702 1998 mentis
1735 1956 1867 1996 mea:
1902 1954 2028 2010 pro-

449 2047 676 2117 positum
707 2061 985 2115 apparere.
1024 2044 1096 2098 De
1127 2041 1431 2096 Christiano
1457 2040 1598 2094 enim
1630 2039 1950 2102 imperatore
1971 2045 2025 2090 et

451 2149 649 2192 sancta:
697 2136 966 2189 memoria:
1010 2131 1342 2187 Constantini
1389 2131 1498 2184 tilio
1545 2132 1644 2184 hoc
1697 2132 1865 2195 ipsum
1913 2127 2032 2180 sine

451 2227 787 2282 cunctatione
812 2240 1022 2279 mereor
1044 2225 1349 2292 impetrare.
1375 2221 1477 2277 Sed
1508 2222 1557 2274 in
1589 2237 1652 2273 eo
1680 2236 1762 2274 me
1792 2220 2034 2273 laborare

454 2319 713 2388 intelligo,
743 2319 863 2389 quia
896 2317 1116 2385 repetita
1150 2314 1510 2368 satisfactione
1541 2313 1850 2382 placabilem
1875 2313 2035 2366 etiam

456 2413 594 2468 circa
626 2410 706 2483 (5)
743 2426 862 2466 reos
889 2409 1125 2464 animum
1156 2419 1300 2462 tuum
1347 2408 1395 2460 in
1425 2409 1646 2477 gratiam
1679 2421 1847 2459 meatn
1879 2421 2036 2459 revo-

455 2521 578 2562 care
609 2522 712 2558 non
745 2519 978 2574 possum.
1011 2501 1202 2557 Sermo
1234 2500 1376 2554 enim
1412 2499 1620 2568 pietatis
1648 2507 1750 2552 tute
1778 2539 1792 2562 ,
1824 2496 2036 2566 jamdu-

458 2597 583 2652 dum
607 2595 673 2651 ad
698 2598 945 2666 populum
972 2596 1189 2658 missus,
1221 2610 1306 2648 me
1328 2593 1560 2662 quidem,
1587 2607 1749 2662 quem
1778 2591 2040 2660 patienter

459 2691 634 2745 omnia
666 2689 802 2745 ferre
834 2702 1052 2742 necesse
1079 2695 1187 2751 est,
1221 2685 1502 2753 plurimum
1536 2684 1733 2738 lacerat
1760 2701 1771 2737 :
1804 2683 1895 2738 sed
1926 2682 2041 2736 ani-

460 2799 605 2839 mum
637 2794 802 2844 tuum,
827 2781 914 2852 qui
941 2780 1142 2836 lenitati
1165 2793 1376 2848 semper
1407 2789 1574 2839 vacat,
1610 2785 1695 2844 qni
1728 2791 2034 2842 numquam,

463 2884 518 2930 ut
546 2873 797 2944 scriptum
825 2883 940 2940 est,
976 2874 1026 2924 in
1056 2885 1302 2925 occasum
1335 2870 1437 2923 diei
1472 2866 1797 2923 iracundiam
1828 2877 2036 2930 sentiat,

465 2969 692 3023 retinere
709 2968 843 3021 circa
865 2980 949 3020 me
973 2963 1382 3034 indignationem
1403 2961 1657 3016 miraculo
1674 2959 1799 3013 mihi
1816 2959 2038 3027 csttEgO

463 3064 624 3126 enim,
640 3058 1032 3130 religiosissime
1050 3057 1360 3127 Imperator,
1379 3066 1548 3111 tecum
1566 3069 1744 3109 verant
1762 3069 1942 3124 pacem
1958 3069 2039 3106 re-

2139 1850 2203 1901 tis
2232 1847 2477 1902 omnibus
2506 1848 2707 1904 clarum
2755 1859 2876 1912 ρει,
2922 1864 3022 1904 nec
3062 1848 3342 1920 quisquam
3387 1857 3579 1919 negat,
3633 1860 3734 1902 nos

2138 1939 2482 1994 Orientalium
2519 1939 2719 1994 litteras
2763 1939 3037 1994 intimasse
3064 1981 3077 2006 ,
3111 1941 3300 2008 legi~se
3340 1942 3579 1995 ecclesia:
3605 1983 3620 2005 ,
3655 1943 3732 1996 le-

2137 2035 2275 2104 gisse.
2306 2034 2555 2092 concilio.
2590 2045 2747 2103 atque
2779 2034 2856 2105 (8)
2888 2033 3001 2089 hare
3031 2036 3186 2088 etiam
3219 2034 3581 2089 Orientalibus
3614 2051 3729 2090 res-

2145 2129 2395 2196 pondisse
2429 2147 2440 2181 :
2472 2131 2557 2197 qui
2591 2129 2746 2182 ﬁdem
2780 2139 2831 2182 et
2859 2130 3173 2184 sententiain
3206 2145 3312 2185 non
3355 2132 3717 2187 ctitnmotiavi-

2140 2235 2258 2273 ntus
2309 2231 2581 2286 nostram,
2633 2219 2771 2290 quod
2819 2223 3006 2276 eodem
3059 2233 3296 2290 tempore
3347 2223 3425 2296 (9)
3456 2225 3723 2294 octoginta

2140 2311 2512 2380 episeoporunt
2560 2310 2932 2383 Egyptiorum
2991 2313 3058 2367 de
3113 2313 3410 2369 Athanasio
3461 2317 3722 2372 sententia

2142 2405 2499 2473 repugnabat,
2567 2420 2724 2474 quam
2818 2405 3067 2459 similiter
3150 2407 3492 2462 recitavimus
3553 2417 3714 2478 atque

2141 2496 2525 2552 insinuavimus
2601 2499 2866 2569 episcopis
2948 2499 3111 2554 ltalis.
3176 2499 3327 2555 Unde
3395 2510 3576 2554 contra
3642 2501 3719 2556 di—

2143 2592 2315 2644 vinam
2385 2593 2553 2661 legem
2642 2594 2811 2646 visum
2886 2602 2967 2647 est
3036 2593 3236 2656 etiam,
3307 2609 3431 2650 cum
3511 2596 3718 2665 episeo-

2144 2701 2330 2753 porum
2365 2702 2617 2740 numerus
2675 2702 2771 2756 pro
2829 2686 3120 2743 Athanasio
3178 2688 3348 2757 major
3406 2689 3716 2756 exsisteret,

2146 2777 2195 2831 in
2269 2788 2414 2845 parte
2481 2779 2650 2845 aliqua
2739 2780 3080 2833 cottttntnlare
3169 2794 3512 2835 censetISnm.
3599 2781 3720 2836 Ilmc

2144 2869 2338 2936 scripta
2363 2910 2375 2930 ,
2408 2871 2449 2922 si
2484 2870 2588 2922 Deo
2619 2869 2773 2924 fidem
2805 2870 2916 2940 (lO)
2939 2872 3098 2925 debet
3125 2872 3382 2927 Eusebius
3412 2876 3500 2944 qui
3533 2874 3720 2930 missus

2147 2962 2316 3016 fuerat
2349 2963 2604 3018 festinans
2647 2963 2712 3017 ad
2744 2963 3001 3028 Africani,
3026 2966 3176 3018 nobis
3210 2967 3416 3035 reliquit
3453 2984 3465 3017 :
3499 2982 3613 3036 qua:
3640 2977 3718 3020 ta-

2148 3072 2265 3109 men
2301 3066 2477 3124 postea
2510 3057 2684 3109 onnda
2719 3058 2934 3125 scripta,
2971 3073 3037 3112 ne
3075 3059 3138 3111 ad
3170 3058 3556 3126 impetrandum
3587 3058 3718 3114 forte

466 3155 770 3224 quiro,qua‘.
785 3169 887 3205 non
901 3151 964 3205 sit
981 3151 1154 3204 verbis
1168 3149 1676 3217 compositainterua
1695 3147 2041 3214 dispositione
2073 3142 2118 3204 C
2149 3149 2430 3202 concilium
2461 3149 2730 3214 deessent,
2760 3149 3071 3205 Vincentius
3097 3153 3182 3221 qui
3208 3167 3328 3206 cum
3357 3154 3567 3208 exteris
3596 3153 3721 3206 mis-

468 3245 804 3312 fallaetaused
822 3243 1096 3314 precer-ptis
1112 3241 1512 3309 Evangeliornm
1529 3240 1908 3294 rationabiliter
1923 3254 2051 3292 COn-

467 3339 691 3393 ﬁrmata.
713 3338 823 3392 Non
839 3336 1109 3391 Athanasii
1131 3346 1329 3390 tantunt
1345 3334 1631 3404 negotium,
1653 3332 1746 3386 sed
1768 3333 1926 3385 multa
1946 3332 2049 3386 alia

469 3433 521 3488 in
554 3430 782 3484 medium
808 3439 1063 3482 venerunt
1093 3436 1438 3498 pr0pterqua:
1454 3424 1734 3479 coacilium
1768 3423 1877 3478 fieri
1904 3439 2049 3478 man-

467 3523 799 3582 suetudinem
832 3533 969 3576 tuam
1001 3520 1202 3574 fuerant
1233 3521 1545 3586 depreCattts
1577 3533 1588 3568 :
1624 3526 1815 3570 utante
1846 3517 2042 3584 omnia,

539 3651 617 3726 (ί)
645 3654 794 3719 Apud
831 3655 1020 3709 Baron.
1055 3653 1205 3708 saluti
1237 3662 1354 3706 tuaz.
1399 3652 1616 3706 Rectius
1657 3653 1794 3720 apud
1827 3651 2040 3706 Ferrer.

468 3727 621 3780 saluti
649 3742 771 3780 suat.

539 3796 621 3864 (2)
651 3797 776 3850 Seii.
811 3796 1116 3850 Pancratins
1137 3796 1414 3864 presbyter
1439 3804 1490 3847 et
1515 3793 1742 3847 Hilarius
1763 3793 2039 3862 diaconus,

467 3868 540 3920 uti
565 3867 872 3921 declaratur
895 3867 945 3919 iu
973 3867 1192 3934 epistola
1221 3866 1486 3934 sequenti.

540 3938 620 4006 (ὅ)
648 3938 720 3990 Et
753 3938 933 3991 Hilarii
966 3937 1310 4005 fragmenth
1370 3937 1522 3989 nobis
1545 3937 1929 4002 suppeditatur.
1964 3936 2037 3990 lbi

465 4008 676 4078 epistola
697 4009 991 4078 legatorum,
1027 4010 1126 4061 huc
1155 4017 1255 4078 est,
1284 4023 1440 4075 quam
1477 4007 1630 4076 legati
1662 4008 2033 4075 pet-ferendam

465 4077 802 4146 auceperutil,
838 4078 1159 4132 inscribitur.
1193 4077 1324 4144 lpsis
1351 4094 1450 4129 una
1483 4092 1600 4130 cum
1625 4081 1898 4145 superiore
1930 4088 2037 4132 tra—

465 4147 572 4201 dita
599 4161 698 4201 eSt.
737 4149 992 4202 Baronius
1022 4148 1086 4201 ad
1118 4165 1312 4201 anntnn
1355 4147 1476 4209 554,
1524 4163 1575 4200 η.
1602 4147 1655 4204 2.
1693 4148 1934 4202 eamdem
1966 4165 2030 4203 ex

466 4217 786 4272 bibliotheca
821 4218 1034 4272 Patrum
1064 4217 1194 4271 edit.
1235 4217 1402 4270 l’aiis.
1428 4218 1733 4284 exscripsit.

541 4287 618 4359 (4)
657 4290 806 4357 Apud
838 4289 1025 4343 BJI'OII.
1061 4287 1224 4358 Opto:
1255 4297 1306 4340 et
1330 4302 1594 4354 mox,quo
1625 4290 1889 4357 possint...
1911 4307 2034 4359 ape-

467 4361 589 4423 rire,
624 4376 717 4425 pro
743 4376 838 4425 qua
869 4361 1142 4428 possit....,
1173 4373 1434 4428 apparere.

539 4429 619 4500 (5)
651 4431 842 4484 Allntlit
870 4432 932 4482 ad
959 4431 1005 4484 id
1039 4433 1174 4500 quod
1214 4430 1525 4482 Athanasius
1552 4429 1601 4483 in
1631 4429 1848 4485 historia
1886 4433 2033 4485 Aria-

2151 3256 2241 3294 sns
2268 3240 2435 3294 fuerat
2458 3241 2725 3295 Arelatmri
2751 3243 2981 3309 pertulit.

2225 3331 2310 3383 lll.
2343 3334 2384 3384 Α
2413 3333 2704 3387 criminibus
2741 3334 2835 3386 sibi
2864 3335 3045 3387 oblatis
3071 3351 3124 3390 se
3151 3347 3354 3406 purgat.
3380 3336 3536 3392 Videt
3572 3337 3724 3406 igitur

2150 3423 2428 3494 prudentia
2481 3435 2600 3490 tua,
2645 3425 2777 3479 nihil
2827 3427 2877 3478 in
2933 3427 3166 3480 animum
3228 3444 3405 3483 meum
3455 3430 3718 3495 introisse,

2146 3519 2284 3589 quod
2317 3519 2421 3573 |)eo
2462 3519 2814 3574 servientibus
2845 3535 2948 3574 non
2990 3521 3204 3589 dignum
3254 3520 3426 3577 fuerat
3466 3522 3718 3591 cogitare.

2146 3658 2292 3711 lisse.
2339 3655 2392 3709 Id
2428 3657 2675 3710 nimirum
2711 3666 2831 3710 tunc
2859 3656 2926 3712 ab
2969 3667 3191 3724 utraque
3219 3671 3366 3724 parte
3398 3661 3710 3728 repetitum,

2145 3729 2282 3796 qnnd
2312 3728 2455 3781 Julin
2480 3730 2841 3794 pontificatum
2874 3731 3086 3782 ineunte
3109 3736 3366 3781 tentatum
3388 3732 3495 3794 jam
3529 3728 3715 3782 fuerat.

2143 3799 2255 3852 lloe
2285 3800 2350 3852 de
2373 3798 2638 3868 Aﬂgynttis
2678 3799 2988 3852 nominatim
3037 3799 3264 3852 llilariu~
3312 3798 3442 3868 frag.
3479 3816 3546 3858 tv.
3581 3817 3632 3853 η.
3664 3797 3716 3863 Ξ,

2146 3880 2366 3924 testatur
2401 3889 2412 3922 ε
2451 3868 2636 3939 Quales
2683 3871 2860 3922 littera:
2905 3887 2967 3922 ex
3016 3869 3246 3939 .Egypto
3289 3873 3427 3921 omni
3479 3882 3623 3934 atque
3659 3873 3717 3922 ab

2143 3942 2450 3994 Alexandria
2500 3940 2566 3992 ad
2612 3938 2810 3992 .Iulittm
2866 3942 3057 4009 pridem
3098 3938 3163 3993 de
3190 3940 3448 3994 reddenda
3474 3939 3719 3995 exsulanti

2142 4012 2419 4064 Athanasio
2449 4012 2795 4065 communione
2822 4023 2964 4064 erant
2990 4014 3208 4081 scriptas,
3242 4013 3366 4063 tales
3399 4029 3622 4065 nunc....
3654 4011 3719 4063 ad

2140 4081 2393 4135 Liberium
2418 4082 2550 4134 datte
2590 4091 2707 4133 sunt
2749 4082 2809 4133 de
2836 4084 3041 4134 tuenda.
3074 4081 3536 4146 Quemadmodum
3562 4082 3718 4136 etiam

2137 4152 2307 4205 Julius
2336 4152 2491 4220 epist.
2525 4168 2557 4214 I,
2597 4168 2649 4204 ιι.
2681 4151 2734 4218 9,
2763 4153 3046 4220 quominus
3078 4153 3428 4205 Athanasium
3460 4168 3524 4205 ex
3560 4153 3718 4220 Euse-

2138 4219 2418 4276 bianorutn
2451 4225 2754 4276 testimonio
2775 4223 3070 4284 damnaret,
3107 4223 3228 4276 inde
3258 4238 3315 4277 se
3347 4221 3617 4283 prohiberi
3642 4219 3720 4275 af-

2139 4294 2424 4356 ﬁrmabat,
2485 4293 2624 4361 qunti
2681 4295 3036 4348 innocentiam
3093 4295 3232 4346 illius
3281 4292 3522 4362 Egyptii
3571 4294 3718 4362 longe

2141 4365 2678 4430 pluresteSIabantur,
2697 4365 2762 4416 ita
2786 4379 2837 4417 et
2868 4379 3005 4418 nunc
3028 4363 3271 4418 Liberius
3297 4368 3486 4419 eadem
3520 4366 3717 4418 ratione

2135 4435 2454 4488 Arimortnn
2497 4436 2945 4499 expostulationes
2985 4435 3190 4489 refellit.
3233 4433 3491 4502 Quocirca
3522 4436 3563 4487 is
3592 4448 3717 4499 papa

466 4502 737 4575 norumad
764 4503 1050 4575 monachos
1092 4519 1143 4554 n.
1295 4502 1371 4554 sic
1413 4501 1639 4575 explicat
1671 4520 1682 4553 :
1716 4501 1849 4575 Dum
1893 4505 2028 4572 epis-
2057 4514 2109 4573 1)
2135 4511 2345 4559 Orienta
2371 4507 2476 4559 ium
2524 4502 2998 4575 Egyptiorumque
3046 4500 3272 4560 litteras‘
3320 4509 3540 4558 minime
3585 4507 3718 4560 inter

465 4573 580 4636 capi
620 4572 970 4642 ablegarentur
1005 4573 1056 4623 in
1101 4572 1326 4630 exilium,
1377 4572 1558 4623 accidit
1613 4572 1856 4641 quosdam
1901 4575 2030 4625 alios

468 4644 618 4696 credis
663 4645 737 4695 vel
773 4643 1032 4695 seditionis
1069 4643 1147 4695 vel
1184 4643 1308 4710 furti
1361 4658 1471 4694 reos
1505 4659 1594 4709 pro
1634 4644 1837 4696 sceleris
1885 4644 2037 4696 modo

467 4714 851 4767 condemnari:
915 4729 1038 4780 quos
1119 4714 1319 4780 quidem
1387 4722 1495 4779 post
1578 4729 1768 4766 menses
1854 4730 2039 4780 paucos

467 4785 792 4853 rogatusille,
824 4785 1241 4853 quemadmodum
1274 4782 1552 4835 Barabbam
1591 4782 1805 4847 Pilatus,
1838 4802 1867 4836 a
1893 4799 2038 4849 pruna

467 4855 676 4906 absolvit
702 4872 718 4909 :
740 4859 892 4908 servis
913 4865 1078 4908 autent
1116 4854 1422 4910 CItrt'sti.....
1443 4855 1726 4907 immortale
1760 4871 1812 4907 se
1847 4856 2035 4907 malum

468 4925 715 4980 exhibuit.

540 4994 617 5066 (6)
647 4997 796 5065 Apud
832 4997 1022 5051 Baron.
1059 5013 1147 5050 nec
1174 5013 1364 5050 eorum.
1406 4994 1678 5050 Mallemus
1720 5007 1834 5048 tttnc
1865 5012 2035 5049 eorunt

468 5068 762 5133 suiiplendn
795 5084 979 5122 causar.
1029 5069 1135 5121 lloe.
1181 5071 1322 5120 enim
1365 5069 1462 5120 sibi
1507 5068 1616 5120 vult
1655 5066 1898 5121 Liberius
1929 5068 2030 5130 hic,

467 5137 607 5204 quod
638 5136 768 5192 infra
794 5139 949 5200 epist.
990 5154 1081 5192 seu
1119 5138 1146 5207 §
1173 5140 1227 5201 υ,
1279 5138 1562 5191 Eusebium
1591 5137 1880 5206 spadonem
1908 5138 2037 5189 allo-

467 5223 635 5274 quens
677 5209 864 5278 repetil
904 5229 916 5263 :
956 5209 1365 5262 Primuntontnis
1404 5207 1466 5261 de
1489 5209 1588 5274 ﬁde.
1617 5209 1857 5261 dissensio
1878 5208 2037 5260 absci-

468 5278 632 5331 denda
656 5291 747 5342 est,
772 5296 831 5333 ac
859 5280 1040 5333 deinde
1065 5281 1165 5331 alia
1195 5280 1392 5349 negotia
1415 5279 1731 5332 excutienda.

541 5349 688 5419 (7)in
718 5366 814 5404 IIIS.
845 5351 981 5404 Pith.
1009 5349 1106 5402 hoc
1129 5353 1281 5403 estin
1307 5349 1596 5420 archetypo
1621 5352 2038 5416 fragmentorum

468 5417 674 5490 Hilarii,
730 5421 872 5490 quasi
909 5422 1049 5474 illas.
1086 5421 1161 5473 Ex
1212 5422 1310 5472 hoc
1341 5421 1459 5473 loeti
1496 5417 1664 5489 liquet
1717 5420 2035 5482 Oriensales,

467 5489 567 5543 hoc
589 5504 671 5547 est
701 5489 945 5553 Arianos,
972 5493 1150 5545 statim
1182 5502 1236 5545 ut
1262 5491 1528 5544 Liberium
1555 5491 1678 5545 Julii
1709 5491 1826 5545 loeti
1848 5490 2041 5544 sulTec-

471 5571 580 5616 tum
603 5565 918 5628 rescierunt,
950 5564 1152 5615 litteras
1183 5564 1246 5615 ad
1270 5578 1389 5616 eum
1407 5562 1615 5616 misisse
1643 5561 1923 5615 eatnmniis
1948 5563 2042 5616 ad-

473 5646 661 5689 versus
705 5634 1052 5688 Athanasium
1079 5632 1302 5688 refertas
1324 5673 1338 5698 ,
1370 5632 1710 5702 vicissimque
1741 5632 2038 5702 Egyptius,

474 5703 646 5761 missis
677 5705 862 5760 eodem
888 5717 1122 5774 tempore
1154 5703 1344 5761 litteris
1365 5745 1378 5770 ,
1406 5704 1696 5760 calumnias
1729 5703 1847 5759 illas
1875 5705 2040 5773 depu-

2139 4594 2197 4630 se
2227 4579 2626 4630 consentientes
2647 4576 2937 4638 exstitisse,
2965 4587 3125 4644 atque
3151 4585 3207 4628 ut
3235 4577 3422 4630 eadem
3466 4578 3716 4629 adversus

2144 4647 2491 4701 Athanasiun't
2526 4649 2742 4700 erimina
2772 4649 3130 4710 CttttliItCI‘CItl,
3166 4649 3348 4714 procul
3374 4647 3609 4699 abfuisse
3635 4661 3720 4701 os-

2142 4720 2330 4771 tendit.
2361 4718 2452 4771 llle
2480 4719 2690 4785 quidem
2723 4719 2922 4771 litteras
2947 4716 3226 4770 calumniis
3257 4729 3360 4771 tam
3390 4720 3590 4779 apertis
3615 4720 3718 4784 ple-

2141 4805 2236 4843 n-is
2267 4790 2599 4856 supprimere
2640 4788 2702 4842 iis
2750 4789 3044 4842 rationibus
3072 4798 3297 4855 poterat,
3343 4787 3538 4854 quibus
3569 4799 3718 4841 antea

2141 4861 2436 4929 Cyprianus
2459 4928 2464 4929 γ
2486 4860 2771 4925 epistolisl
2806 4869 2857 4911 et
2880 4859 2936 4921 2,
2968 4859 3031 4911 ad
3079 4861 3388 4913 Cornelium
3431 4857 3637 4912 cavisse
3664 4872 3719 4912 se

2142 4928 2287 4994 dicit,
2314 4946 2375 4982 ne
2396 4928 2853 4983 schismaticorum
2880 4930 3085 4983 libellus
3105 4931 3362 4983 eotiviciis
3383 4929 3610 4982 refertus
3633 4945 3720 4993 pu-

2144 5000 2277 5054 blice
2308 5016 2485 5053 enram
2518 5004 2709 5063 po,»qu
2741 5000 3002 5069 legeretur
3029 5017 3038 5052 :
3064 4999 3155 5053 sed
3194 5000 3546 5068 querimonim
3571 5000 3717 5052 cuili-

2141 5072 2230 5124 bet
2253 5071 2579 5139 pr.ecludere
2606 5074 2791 5125 volens
2819 5072 3040 5134 aditum,
3068 5069 3341 5125 ambarum
3376 5072 3604 5140 partium
3627 5071 3705 5124 lit-

2145 5152 2283 5196 teras
2314 5143 2363 5194 in
2391 5141 2614 5196 ecclesia
2640 5142 2845 5204 reeitari
2873 5144 3094 5195 curavit.

2213 5235 2288 5306 (8)
2321 5235 2472 5297 Apud
2521 5234 2720 5289 Baron.
2741 5236 2811 5288 aa‘
2838 5236 2976 5299 lucc;
3008 5234 3240 5290 abundat
3281 5236 3592 5305 praepositio
3630 5236 3710 5288 ad.

2144 5305 2275 5359 Mox
2302 5308 2465 5375 magis
2519 5308 2769 5372 placeret,
2803 5308 2922 5375 quia
2962 5307 3024 5359 iis
3065 5307 3214 5370 ﬁdem
3242 5323 3258 5360 :
3290 5317 3346 5361 ut
3391 5307 3478 5362 hic
3525 5306 3712 5362 indicet

2145 5378 2389 5432 Liberius
2419 5378 2542 5444 quid
2567 5377 2924 5431 Orientalibus
2955 5377 3313 5446 respoaderit.

2218 5469 2295 5540 (9)
2321 5469 2466 5538 Apud
2493 5470 2682 5523 Baron.
2707 5470 3023 5539 septuaginta
3051 5469 3711 5538 quinque:exemplaribus

2149 5541 2330 5596 Hilarii
2357 5551 2411 5594 ut
2441 5551 2493 5593 et
2521 5541 2740 5609 episto'a
2769 5556 2822 5595 ιιι
2851 5540 3040 5610 synodi
3069 5541 3405 5596 Sardicensis
3431 5542 3499 5595 ad
3523 5541 3710 5596 Julium

2150 5630 2200 5666 ιι.
2229 5613 2283 5677 2,
2319 5613 2723 5680 refragantibus.

2218 5702 2402 5775 (lOHn
2442 5702 2573 5758 bibl.
2601 5703 2701 5759 PP.
2743 5705 2884 5760 debet
2930 5702 3261 5760 Theoscbius.
3317 5706 3510 5764 ὕει-οη.
3564 5703 3713 5760 habet
