3910 6212
495 263 630 316 1565

1829 249 2136 307 LIBERIL'S
2208 249 2402 302 PAPA.

3617 244 3736 298 ιδδι

493 360 671 406 τοῦται
693 351 833 423 λόγος
857 364 867 376 ⁸
903 351 981 401 καί
1006 349 1102 420 γὰρ
1132 348 1254 401 κατά
1281 348 1337 400 τό
1368 346 1600 409 παλαιὸν,
1633 353 1772 413 τρεῖς
1812 346 1947 417 μόνοι
1977 345 2061 398 εύκ

2171 359 2187 390 ε
2217 339 2430 392 Etiamsi
2455 338 2732 400 >OillS‘silli,
2759 337 2877 390 fidei
2905 353 3059 391 causa
3095 354 3124 390 η
3149 354 3197 389 ιιι
3232 336 3432 391 idcirco
3464 339 3732 389 minuitur:

498 446 750 519 ρίσκονται
797 441 1117 498 ἀντιστάντες
1180 439 1468 513 προστάξει.
1524 438 1764 497 Εὐσέϐιος
1818 439 2062 507 εὐνοῦχος

497 530 605 588 εἷπε
623 550 635 562 ⁵
665 536 759 587 Τόν
797 531 1002 585 Βασιλέα
1026 533 1161 599 ἡμῶν
1180 527 1632 601 Ναϐουχοδονόσορ
1662 529 1905 586 ἐποίησας
1929 542 1943 590 ;
1975 540 2061 581 Λι-

503 626 664 699 ϐέριος
690 617 823 676 εἶπεν
846 639 857 651 ⁸
888 623 1046 689 Ούχί,
1076 619 1178 672 ἀλλ’
1210 617 1370 678 οὕτως
1403 618 1590 690 ἀλόγως
1615 616 1955 682 καταδικάζεις
1977 615 2064 671 ἆν-

499 717 726 792 θρωπον,
777 711 828 767 ὃν
869 714 952 765 οὐκ
997 713 1266 784 ἐκρίναμεν.
1311 710 1434 764 ἀλλά
1478 712 1616 783 κάγὼ
1659 711 1779 774 ἀξιῶ
1822 710 2065 784 πρότερον

502 809 839 878 οἰκουμενικήν
867 804 1157 876 ὑπογραφὴν
1197 809 1582 875 προχωρῆσαι,
1631 799 1936 871 βεϐαιοῦσαν
1976 804 2062 857 τήν

501 902 673 952 πίστιν
725 900 812 954 τήν
850 895 976 947 κατά
1013 895 1209 946 Νίκαιαν
1239 893 1545 945 έκτεθεῖσαν·
1574 891 1632 943 ἶν’
1661 890 1820 949 οὕτως
1853 890 2064 947 ἀνακλη-

500 990 679 1042 θὲντων
708 993 806 1040 τῶν
833 983 1048 1056 ἀδελφῶν
1085 985 1222 1054 ἡμῶν
1247 984 1347 1036 ἀπὸ
1385 987 1473 1035 τοῦ
1504 982 1791 1056 έξορισμοῦ,
1828 984 1914 1034 καί
1937 982 2068 1034 ἀπο-

503 1079 912 1134 κατασταθέντων
957 1081 1060 1133 τοῖς
1105 1072 1245 1133 ἰδίοις
1273 1071 1479 1135 τόποις,
1523 1074 1566 1125 εἰ
1611 1072 1869 1142 ὀφθείησαν
1895 1071 1938 1124 οἰ
1980 1075 2066 1122 νῦν

505 1172 752 1246 θορυϐούς
793 1171 1084 1240 ἰσγγενῶντες
1114 1173 1221 1224 ταῖς
1260 1165 1566 1227 ἐκκλησίαις,
1599 1165 2068 1236 συγκατατιθέμενοι

505 1269 565 1336 τῇ
614 1259 915 1332 ἀποστολικῇ
958 1260 1162 1320 πίστει,
1211 1255 1320 1309 τότε
1370 1257 1453 1308 έπί
1497 1259 1583 1312 τήν
1629 1252 1972 1328 Ἀλεξανδρέων
2024 1253 2070 1307 οἰ

506 1353 692 1411 πάντες
717 1353 1093 1407 ἀπαντήσαντες
1110 1388 1123 1408 ,
1152 1344 1264 1399 ἔνθα
1295 1344 1318 1398 ό
1357 1345 1707 1417 ἐγκαλούμενος
1734 1348 1817 1397 καί
1842 1345 1885 1396 οἰ
1923 1345 2069 1415 ἐγκα-

507 1443 703 1501 λοῦντές
747 1444 844 1495 εἰσι
864 1482 878 1504 ,
920 1444 1005 1494 καί
1031 1438 1055 1491 ό
1096 1439 1499 1508 ἀντιποιούμενος
1529 1439 1718 1502 αὐτῶν,
1750 1438 2071 1501 ἐξετάσαντες

507 1535 570 1587 τὰ
598 1536 715 1607 περὶ
741 1533 900 1586 αὐτῶν
931 1529 1455 1606 συμπεριενεχθῶμεν.
1485 1527 1767 1587 Ἐπίκτητος
1805 1529 2072 1588 ἐπίσκοπος

509 1622 642 1680 εἶπεν
666 1627 684 1654 ί
708 1622 885 1679 tum
929 1621 1111 1697 δρόμος
1149 1629 1245 1674 τῶν
1285 1619 1534 1691 δημοσίων
1578 1621 1682 1690 οὐχ
1726 1620 2073 1678 ύποστήσεταε

2167 447 2286 483 nam
2314 440 2367 482 et
2394 430 2516 483 olim
2547 438 2653 482 tres
2685 438 2884 481 tantum
2917 429 3109 497 reperti
3138 438 3281 492 sunt,
3309 428 3400 497 qui
3431 428 3571 498 regis
3602 444 3739 480 mau-

2163 519 2286 573 dato
2311 521 2668 573 resisterent.)
2710 518 2968 572 Eusebius
2994 520 3267 572 eunuchus
3297 519 3430 572 dixit
3449 536 3491 570 :t
3516 520 3737 589 Impera-

2167 622 2334 666 torem
2391 620 2624 667 nostrum
2679 610 3164 665 Nalmchodonosor
3228 609 3451 664 facis?»
3500 610 3735 667 Liberius

2165 705 2298 758 dixit
2321 722 2331 755 :
2366 721 2384 754 t
2404 703 2761 772 Nequaquam,
2783 703 2873 755 sed
2901 712 2953 755 ιιι
2978 712 3173 757 temere
3203 704 3471 758 hominem
3487 705 3736 757 eundem.

2167 813 2282 860 nas,
2325 812 2476 866 quem
2546 811 2648 849 non
2698 796 3062 864 judicavitnus.
3114 798 3223 865 Ego
3267 812 3397 850 vero
3440 797 3651 866 [KbIUIO
3687 807 3736 852 ut

2166 888 2391 957 primum
2437 886 2696 955 generalis
2737 896 3019 954 pt'atcurrat
3047 885 3386 955 subscriptio,
3434 903 3552 954 qua:
3583 888 3732 942 tidem

2167 980 2355 1034 Nicmae
2383 980 2672 1047 expositam
2712 981 2986 1033 conlirmet
3027 997 3039 1032 :
3071 980 3262 1034 deinde
3301 989 3356 1032 ut
3386 981 3646 1034 revocatis
3674 981 3735 1034 ab

2169 1071 2326 1124 exilio
2374 1069 2619 1123 fratribus
2649 1069 2842 1124 tto-tris
2865 1111 2879 1133 ,
2907 1082 2961 1124 et
2987 1070 3037 1122 in
3068 1070 3223 1124 sedes
3245 1087 3365 1125 suas
3393 1072 3670 1138 restitutis,
3697 1075 3735 1127 sl

2171 1162 2243 1225 ii,
2278 1162 2363 1229 qui
2395 1161 2644 1215 tumultus
2683 1161 2732 1214 in
2763 1163 3000 1216 ecclesiis
3030 1179 3169 1216 nunc
3195 1164 3418 1217 excitant
3443 1206 3457 1228 ,
3488 1167 3587 1220 visi
3631 1168 3734 1221 fue-

2172 1255 2595 1323 rintapostolicte
2621 1254 2737 1308 lidei
2765 1255 3082 1318 consentire,
3113 1264 3237 1310 tunc
3262 1256 3489 1310 universi
3517 1257 3737 1311 Alexan-

2173 1349 2339 1402 driam
2375 1348 2781 1411 convenientes,
2822 1348 2907 1400 ttbi
2936 1358 2985 1402 et
3011 1359 3286 1402 accusatus
3315 1357 3368 1403 et
3409 1360 3738 1403 accusatores

2174 1450 2327 1502 sunt,
2365 1452 2418 1494 et
2454 1439 2699 1494 defensor
2726 1455 2942 1506 eorum,
2979 1439 3275 1494 examinata
3310 1440 3514 1493 illorum
3545 1455 3732 1504 causa,

2173 1533 2487 1587 concordem
2516 1534 2831 1586 sententiam
2861 1531 3209 1600 proferamus.
3245 1550 3263 1582 ι
3303 1532 3570 1600 Epictetus
3591 1532 3732 1600 epis-

2173 1641 2338 1693 e0pus
2376 1624 2508 1679 dixit
2533 1639 2546 1678 :
2573 1643 2591 1676 t
2618 1624 2805 1679 Verum
2836 1639 3020 1678 cursus
3047 1625 3286 1693 publicus
3311 1624 3445 1677 haud
3474 1640 3728 1692 quaquam

507 1724 596 1776 τήν
627 1722 806 1792 χρείαν
845 1725 934 1775 τῆς
959 1721 1057 1768 τῶν
1096 1713 1380 1768 ἐπισκόπων
1421 1711 1667 1787 παρόδου.
1707 1713 1966 1787 Διϐέριος’
1998 1713 2064 1765 Ού

2175 1718 2394 1772 suftlciel
2437 1717 2801 1785 episcoporum
2842 1714 3190 1770 subvectioni.
3230 1735 3246 1767 ι
3280 1716 3518 1770 Liberius
3555 1715 3685 1767 dixit
3716 1732 3728 1767 :

510 1811 691 1883 χρείαν
717 1806 831 1878 ἔχει
855 1809 920 1860 τά
942 1805 1325 1862 ἰκκλησιαστικά
1358 1801 1597 1874 δημοσίου
1638 1800 1844 1876 δρόμου.
1887 1802 1937 1858 αἰ
1976 1802 2071 1874 γάρ

509 1900 766 1956 ἐκκλησίαι
809 1899 966 1951 ίκαναί
991 1898 1112 1950 εἰσιν
1139 1896 1231 1957 έως
1265 1904 1356 1956 τῆς
1392 1895 1652 1956 θαλάσσης
1693 1893 2072 1966 διαπέμψασθαι

509 1991 626 2048 τούς
656 1989 846 2042 έαυτῶν
874 1983 1202 2048 έπισκόπους.

579 2079 644 2133 Δ’.
685 2079 740 2133 Ὀ
789 2079 1021 2139 Βασιλεύς
1042 2094 1056 2108 ⁸
1086 2080 1149 2133 τά
1173 2076 1266 2135 ἤδη
1290 2080 1448 2131 τύπον
1469 2076 1748 2148 έσχηκότα,
1773 2077 2072 2132 ἀναλύεσθαι

509 2171 567 2223 ού
593 2169 798 2224 δυνατόν
828 2172 964 2224 ἐστι·
1006 2176 1104 2222 τῶν
1142 2171 1240 2243 γάρ
1269 2167 1496 2223 πλειόνων
1536 2168 1816 2222 έπισκόπων
1843 2171 1874 2226 ἠ
1912 2168 2072 2240 ψῆφος

508 2260 715 2328 ἰσχύειν
744 2260 936 2332 ὀφείλει.
971 2262 1035 2312 σύ
1063 2261 1206 2330 μόνος
1241 2255 1333 2313 εἶό
1361 2260 1762 2329 ἀντιποιούμενος
1789 2267 1878 2319 τῆς
1914 2260 2074 2329 φιλίας

507 2356 598 2404 τοῦ
641 2352 842 2404 ἀνοσίου
884 2352 1086 2404 έκείνου.
1115 2352 1344 2426 Λιϐέριος
1371 2347 1504 2406 εἶπεν
1525 2368 1538 2380 ⁸
1571 2351 1777 2405 Βασιλεῦ
1810 2349 1923 2405 οὐδέ
1949 2372 2071 2406 ποτε

508 2443 791 2512 ἠκούσαμεν
821 2447 887 2507 μὴ
927 2438 1176 2518 παρόντος
1214 2449 1300 2496 τοῦ
1331 2443 1716 2514 έγκαλουμένου,
1756 2448 1928 2517 κριτοῦ
1957 2445 2071 2496 ἀνσ-

509 2529 720 2590 σιότητα
759 2533 1202 2603 καταγγέλλοντος,
1245 2535 1311 2592 ὠς
1359 2531 1482 2586 ἰδίαν
1527 2530 1715 2605 ἔχθραν
1757 2534 2076 2607 εἰσφέροντος

508 2622 636 2696 πρὸς
683 2623 764 2677 τόν
810 2620 1082 2696 ἄνθρωπον.
1131 2620 1185 2676 Ὀ
1227 2623 1490 2682 Βασιλεύς·
1539 2625 1728 2682 Πάντας
1770 2625 1861 2693 μέν
1904 2629 2074 2681 κοινῶς

508 2697 768 2775 ἠδίκησεν,
811 2711 987 2767 οὐδένα
1015 2711 1066 2767 δέ
1093 2709 1256 2773 οὕτως
1294 2715 1358 2772 ὡς
1385 2714 1489 2783 ἐμὲ.
1521 2710 1573 2773 ὃς
1595 2734 1671 2771 τις
1709 2718 1777 2784 μή
1817 2713 2075 2787 ἀρκεσθεὶς

507 2804 592 2858 ἐπὶ
620 2813 679 2875 τῇ
703 2805 926 2878 ἀπωλείᾳ
945 2811 1033 2857 τοῦ
1059 2804 1343 2880 μειζοτέρου
1365 2825 1460 2874 μου
1483 2803 1713 2876 ἀδελφοῦ,
1744 2802 1853 2857 ούδί
1874 2807 1956 2858 τόν
1981 2826 2076 2876 μα·

507 2896 711 2968 καρίτην
751 2900 1047 2949 Κώνσταντα
1085 2897 1344 2949 ὶπαύσατο
1384 2897 1673 2971 παροξύνων
1711 2897 1781 2955 εἰς
1827 2897 2073 2968 ἡμετέραν

505 2982 699 3059 ἔχθραν
724 3029 737 3046 ,
770 2989 811 3038 εἰ
841 2992 908 3054 μή
935 2989 1084 3055 ἡμεῖς
1108 2986 1292 3039 πλείονι
1318 2986 1589 3059 ήμερότητι
1614 2987 1954 3056 ὑπηνέγκαμεν
1984 2991 2072 3043 τήν

2181 1826 2200 1857 ε
2242 1807 2604 1861 Ecclesiastica
2653 1807 2855 1872 negetia
2902 1820 3005 1858 non
3054 1805 3288 1876 indigent
3321 1806 3526 1874 publico
3551 1819 3734 1866 cursu;

2175 1897 2409 1952 ecclesia:
2439 1897 2575 1949 enim
2604 1898 2880 1965 episcopos
2918 1909 3042 1948 suos
3080 1895 3144 1948 ad
3192 1911 3336 1950 mare
3364 1910 3527 1964 usque
3554 1896 3737 1964 perdu-

2175 2003 2296 2042 cere
2323 1989 2431 2040 suis
2458 1988 2749 2056 sumptibus
2777 1987 2926 2042 facile
2952 1995 3189 2057 possunt.
3231 2005 3249 2039 ι

2247 2081 2333 2136 Ν.
2361 2079 2480 2134 Non
2509 2084 2822 2136 accusandus
2863 2082 3054 2135 absens.
3090 2079 3368 2149 Indignum
3409 2089 3480 2133 est
3513 2080 3737 2146 episcopo

2174 2175 2391 2245 priratas
2441 2175 2692 2227 uindicare
2741 2175 2982 2243 principis
3020 2174 3330 2226 inimicitias.
3359 2200 3430 2212 —
3461 2171 3736 2241 imperator

2174 2266 2305 2320 dixit
2335 2284 2348 2319 :
2381 2286 2398 2318 ι
2423 2266 2548 2333 Qua:
2570 2267 2676 2334 jam
2708 2266 2923 2319 formam
2947 2282 3224 2334 excepere,
3242 2280 3302 2319 ea
3319 2264 3731 2330 resolviamplitts

2177 2373 2278 2410 non
2324 2366 2542 2425 possunt
2580 2373 2592 2408 :
2641 2357 2814 2410 valere
2854 2358 2991 2409 enim
3031 2355 3186 2410 debet
3217 2355 3444 2421 plurium
3475 2355 3732 2422 episcopo-

2175 2464 2289 2502 rum
2320 2448 2597 2502 sententia.
2631 2447 2708 2500 Tu
2735 2447 2878 2501 solus
2903 2462 2979 2508 es,
3011 2448 3096 2515 qui
3128 2445 3271 2513 impii
3301 2445 3441 2498 illius
3467 2444 3728 2496 amicitiam

2177 2540 2422 2592 retineas.
2461 2556 2480 2590 ε
2511 2538 2750 2592 Liberius
2795 2537 2924 2591 dixit
2965 2555 2978 2590 :
3027 2555 3044 2587 t
3098 2535 3374 2601 Nunquam
3427 2534 3722 2596 audivimus,

2177 2629 2480 2695 imperator,
2509 2627 2738 2695 judicem
2767 2627 2968 2681 absenti
3012 2641 3104 2680 reo
3133 2626 3455 2692 impietatem
3484 2625 3724 2690 olijieere,

2174 2721 2320 2790 quasi
2360 2719 2588 2788 privatas
2617 2719 2917 2773 inimicitias
2947 2734 3064 2772 eum
3099 2733 3162 2773 eo
3193 2727 3360 2786 gerat.
3399 2737 3417 2768 ε
3462 2716 3728 2784 Imperator

2175 2812 2306 2866 dixit
2334 2830 2345 2864 :
2381 2829 2399 2862 t
2435 2812 2627 2865 Omnes
2653 2811 2862 2880 quidem
2894 2810 2979 2863 ille
3019 2810 3069 2863 in
3099 2824 3380 2862 commune
3404 2807 3571 2860 affecit
3605 2804 3723 2872 inju-

2176 2905 2273 2968 ria,
2305 2906 2567 2958 nemiuem
2601 2913 2770 2956 tamen
2795 2918 2944 2971 arque
2970 2917 3032 2956 ac
3059 2917 3141 2956 me
3174 2942 3188 2964 ,
3218 2903 3304 2969 qtti
3338 2915 3443 2954 non
3471 2907 3725 2952 contentus

2178 2997 2337 3050 exitio
2369 2995 2543 3048 fratris
2572 2997 2670 3048 mei
2701 2995 2915 3060 maioris
2953 3002 3107 3056 natu,
3148 2993 3305 3046 etiam
3357 2991 3522 3044 felicis
3549 3001 3724 3041 memo-

504 3082 594 3130 τοῦ
624 3078 988 3150 παροξύνοντος
1033 3080 1114 3130 καί
1142 3083 1232 3131 τοῦ
1261 3079 1661 3151 παροξυνομένου
1706 3079 1881 3150 ῥοπήν.
1931 3076 2064 3131 οὐδέν

2175 3092 2267 3144 riae,
2309 3091 2648 3144 Constantem
2687 3088 2750 3141 ad
2791 3085 3152 3154 suscipiendis
3199 3084 3472 3136 nobiseum
3525 3078 3724 3134 inimici-

504 3163 556 3220 δέ
581 3187 666 3236 μοι
698 3173 914 3220 τοιοῦτον
948 3168 1242 3241 κατόρθωμα
1262 3211 1273 3227 .
1303 3167 1416 3221 οὐδέ
1443 3170 1498 3222 τό
1520 3171 1649 3223 κατά
1671 3169 1959 3240 Μαγνέντιον
1985 3173 2067 3222 καί

503 3257 730 3310 Σιλϐανόν
750 3299 761 3321 ,
791 3262 855 3316 ὡς
879 3264 967 3312 τοῦ
1001 3265 1181 3334 μιαροῦ
1208 3259 1388 3311 ἐκείνου
1430 3262 1840 3334 περιαιρουμένου
1867 3267 1964 3313 τῶν
1988 3262 2067 3313 ὲκ·

502 3348 868 3405 κλησιαστικῶν
893 3352 1220 3424 πραγμάτων.
1253 3350 1505 3421 Λιϐἐριος
1536 3357 1609 3408 Μὴ
1639 3349 1719 3404 διὰ
1746 3358 1842 3404 τῶν
1868 3352 2065 3405 immeri-

502 3459 610 3490 πων
633 3440 818 3508 ἀμύνου
844 3444 930 3497 τὴν
960 3438 1154 3512 ἔχθραν
1185 3441 1407 3493 Βασιλεῡ.
1441 3441 1492 3493 αἰ
1515 3443 1612 3511 γὰρ
1650 3449 1822 3514 χεῖρες
1854 3449 1952 3494 τῶν
1993 3443 2065 3494 έκ-

499 3529 859 3587 χλήσιαατικών
896 3534 964 3590 εἰς
994 3532 1048 3584 τὸ
1085 3531 1302 3602 ἀγιὰζειν
1333 3534 1579 3607 εύκαιρεῐν
1606 3534 1900 3601 ὀφείλουσιν.
1933 3532 2060 3595 ὅθεν,

501 3620 543 3671 εἶ
572 3640 651 3674 σοι
678 3618 812 3674 δοκεῖ
824 3660 836 3681 ,
868 3622 1099 3675 κέλευσον
1129 3623 1445 3680 ἀνακληθῆναι
1485 3626 1601 3682 τούς
1641 3623 1950 3682 έπισκόπους
1991 3628 2064 3684 εἰς

500 3714 619 3770 τοὺς
653 3709 807 3772 ἰδίους
834 3708 1040 3769 τόπους.
1080 3716 1156 3765 καί
1181 3714 1223 3764 εἰ
1250 3713 1509 3784 ὀφθείησαν
1557 3711 1821 3787 ὁμόφρονες
1855 3721 1939 3768 τοῦ
1970 3719 2061 3773 σή-

498 3819 648 3873 μερον
681 3803 1089 3873 ἀντιποιουμένου
1121 3811 1209 3862 τῆς
1235 3806 1363 3856 κατά
1400 3805 1600 3858 Νίκαιαν
1627 3807 1903 3866 ίκτεθείσης
1930 3807 2063 3883 ὀρθο-

494 3889 640 3953 δόξου
664 3893 905 3955 πίστεως,
934 3895 1047 3947 τότε
1077 3891 1388 3954 συνελθόντες
1414 3896 1496 3947 ἐπὶ
1521 3897 1577 3949 τό
1605 3898 1727 3948 αύτό
1753 3894 1901 3949 ἴδοιεν
1931 3899 2059 3970 ύπέρ

497 3985 692 4054 εἰρήνης
717 3991 805 4037 τοῦ
835 3990 1021 4054 κόσμου
1040 4025 1054 4046 ,
1081 3986 1162 4038 ἵνα
1191 3991 1258 4056 μὴ
1293 3987 1374 4040 τόν
1410 3991 1476 4052 μή
1508 3986 1872 4059 ἁμαρτήσαντα
1898 3985 2062 4062 ἄνδρα

499 4076 831 4148 χαραχθῆναι
859 4074 1154 4149 δοκιμασθῇ.
1181 4075 1237 4131 Ὀ
1265 4079 1498 4139 Βασιλεύς
1520 4096 1528 4107 ’
1560 4075 1644 4132 Ἐν
1671 4081 1781 4134 ἑστι
1804 4082 1858 4134 τό
1882 4084 2058 4144 ζητού·-

492 4185 654 4232 μενον.
698 4168 938 4239 Βούλομαι
967 4171 1064 4243 γάρ
1097 4189 1152 4222 σε
1179 4172 1536 4240 ἀσπασάμενον
1575 4176 1661 4228 τήν
1699 4173 1826 4245 πρός
1863 4174 1953 4231 τὰς
1984 4173 2060 4225 έκ-

492 4255 697 4316 κλησίας
724 4260 970 4311 κοινωνίαν
991 4300 1002 4318 .
1030 4261 1176 4313 πάλιν
1215 4265 1284 4319 εἰς
1312 4265 1400 4318 τήν
1421 4261 1606 4332 Ῥώμην
1631 4263 1944 4319 ἀποστεῖλαι.
1979 4263 2060 4319 διὰ

490 4351 637 4400 τοῦτο
660 4348 892 4407 πείσθητε
911 4358 970 4424 τῇ
993 4353 1179 4424 εἰρήνῃ,
1205 4354 1288 4405 καί
1312 4352 1618 4429 ὑπογράψας
1640 4353 1962 4429 ύπόστρεφον
1989 4359 2059 4414 εἰς

2172 3183 2270 3235 tias
2301 3183 2378 3252 (l)
2419 3182 2638 3235 incitare
2679 3194 2941 3247 nunquam
2982 3176 3184 3231 destitit
3229 3192 3242 3228 :
3289 3175 3386 3226 nisi
3429 3186 3522 3226 nos
3559 3167 3722 3234 πιτύιτί

2169 3274 2565 3327 mansuetudine
2624 3273 2886 3327 incitautis
2929 3283 2979 3323 et
3038 3268 3230 3322 incitati
3281 3270 3533 3334 impetum
3581 3261 3721 3317 susti-

2170 3368 2484 3419 nuissenius.
2536 3363 2738 3417 Nullam
2782 3364 2952 3430 itaque
2985 3359 3254 3414 victoriam
3297 3358 3429 3410 tanti
3470 3355 3626 3413 facio,
3667 3366 3722 3404 ne

2169 3458 2309 3511 illam
2356 3457 2564 3526 quidem
2613 3474 2766 3524 quatn
2810 3457 2874 3510 de
2921 3456 3218 3522 Magnentio
3255 3452 3412 3504 retuli
3449 3465 3509 3503 ac
3533 3451 3594 3502 de
3637 3446 3722 3499 Sil-

2167 3567 2326 3612 vano,
2361 3551 2538 3618 quanti
2581 3558 2637 3602 ut
2675 3549 2760 3602 hic
2804 3548 3091 3601 sceleratus
3137 3546 3202 3596 ab
3243 3543 3490 3597 Ecclesia‘
3522 3537 3720 3593 admini-

2167 3643 2420 3698 stratione
2449 3643 2841 3696 subtnovcatur.
2885 3659 2901 3691 ι
2939 3639 3176 3693 Liberius
3203 3638 3332 3689 dixit
3366 3654 3378 3688 :
3420 3653 3437 3684 ι
3478 3634 3607 3693 Noli,
3639 3635 3719 3685 itu-

2167 3747 2405 3803 perator,
2462 3735 2763 3787 inimicitias
2817 3745 2928 3785 tuas
2981 3747 3072 3800 per
3119 3730 3397 3798 episcopos
3451 3727 3715 3780 vindicire.

2167 3826 2658 3880 Ecclesiasticorum
2698 3825 2836 3877 enim
2889 3836 3076 3875 manus
3119 3820 3183 3872 ad
3227 3817 3720 3872 sanctificandumct

2165 3915 2577 3969 benedicendum
2609 3928 2792 3967 vacare
2821 3913 3033 3966 debent.
3065 3910 3197 3965 Jube
3236 3909 3412 3978 igitur,
3454 3910 3494 3960 si
3541 3909 3715 3976 placet,

2164 4015 2220 4059 ut
2249 4007 2478 4076 episcopi
2523 4004 2586 4058 ad
2625 4005 2863 4074 proprias
2902 4003 3056 4056 St'dCS
3096 4010 3430 4062 revocentur,
3465 4009 3515 4052 et
3553 4000 3593 4050 si
3637 3995 3716 4050 visi

2164 4097 2354 4150 fuerint
2399 4098 2700 4151 consentire
2740 4111 2859 4150 eum
2912 4095 3002 4147 illo
3042 4093 3129 4162 qui
3179 4092 3336 4146 ﬁdem
3391 4090 3717 4143 orthodoxam

2165 4190 2350 4242 Nicane
2383 4189 2506 4242 olim
2548 4189 2839 4255 eXpositatn
2879 4195 3074 4250 tuetur,
3109 4196 3230 4238 tunc
3271 4185 3320 4236 in
3350 4199 3511 4237 unum
3540 4197 3714 4236 conve-

2161 4280 2395 4342 nientes,
2451 4281 2561 4347 paci
2621 4279 2761 4332 orbis
2801 4289 3056 4332 terrarum
3088 4276 3429 4344 provideant;
3465 4289 3530 4326 ne
3567 4274 3714 4324 vit-unt

2161 4370 2247 4440 qui
2272 4369 2399 4423 nihil
2443 4349 2677 4438 deliquit,
2728 4380 2959 4421 notatum
2999 4383 3117 4422 esse
3156 4365 3548 4433 comprobctnr.
3583 4382 3600 4414 ι
3634 4361 3714 4416 lm-

491 4443 579 4494 τήν
605 4437 812 4510 Ῥώμην.
855 4442 1079 4515 Λιϐέριος
1098 4459 1110 4472 °
1141 4439 1261 4499 ἰιδη
1288 4450 1399 4502 τοῖς
1437 4442 1662 4514 ἀδελφοῖς
1692 4454 1799 4503 τοῖς
1826 4448 1874 4498 ὲν
1900 4444 2059 4519 Ῥώμῃ

2169 4472 2379 4531 perator
2416 4463 2586 4515 dixit;
2625 4480 2642 4512 ι
2678 4460 2847 4516 Unum
2893 4470 2970 4514 est
3001 4460 3137 4528 quod
3169 4459 3454 4527 qumritur:
3503 4469 3551 4508 te
3588 4471 3715 4508 nam-

489 4533 833 4602 ἀπεταξαμην.
866 4533 1066 4602 μεΐςους
1090 4537 1184 4607 γάρ
1211 4538 1335 4588 εἰσιν
1363 4537 1408 4588 oi
1436 4536 1836 4592 ἓκγλησιαστικοί
1861 4539 2056 4608 θεσμοὶ,

485 4628 575 4678 τῆς
597 4621 646 4672 ἓν
667 4619 825 4692 Ῥώμῃ
852 4620 1132 4696 διατριϐῆς.
1165 4623 1220 4678 Ὀ
1244 4625 1482 4685 Βασιλεύς
1504 4642 1515 4653 ·
1550 4629 1738 4680 Ούκοῦν
1762 4636 1911 4703 τριῶν
1937 4632 2062 4698 ἠμε-

483 4717 584 4782 ρῶν
638 4710 780 4781 ἔχεις
829 4714 1050 4783 σκέψεως
1097 4714 1389 4788 διάστημα,
1447 4723 1489 4772 εἰ
1535 4721 1705 4790 βούλει
1759 4723 2059 4796 ὑπογράψας

485 4800 804 4876 ὑποστρέψαι
833 4807 900 4861 εἰς
921 4810 1009 4861 τὴν
1036 4803 1242 4876 Ῥώμην,
1270 4807 1298 4865 ἦ
1329 4811 1556 4868 ἐννοῆσαι
1582 4814 1631 4865 ἓν
1656 4814 1779 4883 ποίῳ
1808 4811 1948 4884 τόπῳ
1975 4835 2059 4884 με-

482 4895 745 4951 τατεθῆναι
787 4893 978 4964 βούλει.
1025 4899 1293 4972 Λιϐέριος³
1342 4904 1406 4956 Τό
1450 4910 1546 4955 τῶν
1591 4912 1742 4977 τριῶν
1787 4907 1981 4980 ἡμερῶν
2022 4905 2052 4964 ἧ

481 4989 647 5052 μηνῶν
673 4983 927 5057 διάστημα
953 4989 1006 5040 ού
1024 4991 1314 5058 μετατίθησι
1333 4991 1588 5065 λογισμόν*
1611 4993 1717 5048 ὅθεν
1739 4994 1864 5050 ὅπου
1886 4996 2056 5067 βούλει

484 5073 779 5130 ἀπόστειλον
805 5098 890 5148 με.

485 5166 636 5260 velis,
665 5177 754 5220 aut
797 5168 859 5220 ad
894 5170 1230 5238 cogitandum
1274 5190 1428 5243 quem
1474 5176 1524 5232 in
1567 5179 1737 5234 locum
1767 5185 1949 5251 cupias
1975 5187 2265 5260 deportari,
2306 5213 2324 5246 ι
2358 5194 2598 5250 Liberius
2627 5194 2754 5247 dixit

1539 5289 1551 5325 :
1599 5275 1843 5342 quocirca
1881 5280 2028 5337 mitte
2060 5300 2145 5340 me
2169 5300 2274 5355 quo
2302 5286 2465 5341 voles.
2507 5305 2526 5338 ε

479 5258 810 5315 intervallum
857 5279 959 5317 non
991 5274 1154 5318 mutat
1182 5268 1498 5323 sententiam

555 5369 637 5456 (ΙΔ).
681 5373 828 5456 Hane
869 5376 1544 5456 calumniam}thanasius
1573 5387 1780 5456 apolog.
1811 5389 1873 5442 ad
1911 5392 2050 5448 Con-

479 5444 731 5528 stantium
777 5444 1017 5528 pluribus
1056 5447 1308 5528 depellit,
1350 5444 1619 5528 abfaqne'
1662 5444 1779 5512 Sese
1829 5444 2051 5528 purgare

479 5523 532 5587 rt.
570 5509 604 5562 5
633 5511 903 5587 iocipithin
939 5517 1077 5587 Intnc
1107 5509 1316 5572 modum
1361 5539 1372 5573 :
1424 5509 1640 5578 Eat'nsa
1680 5509 1959 5587 "tartara-uti

476 5577 715 5669 Apostefo
742 5577 916 5669 didici,
933 5583 1109 5669 "Deth
1141 5599 1307 5641 testem
1331 5591 1518 5646 advoco
1545 5597 1594 5648 in
1619 5577 2047 5669 3.25;,

472 5665 543 5717 ει,
588 5652 722 5705 utin
765 5652 985 5712 historiis
1028 5656 1220 5732 Regum
1247 5662 1501 5737 scriptum
1541 5666 1766 5740 habetur,
1816 5652 2052 5732 testiswe‘ii

2163 4569 2284 4622 que,
2318 4554 2403 4606 ubi
2431 4542 2772 4606 ecclesiarum
2797 4551 3220 4604 communienem
3254 4547 3529 4612 amplexus
3552 4546 3712 4607 fueris,

2166 4647 2382 4699 Romam
2425 4644 2689 4698 remittere
2718 4643 2854 4694 volo.
2883 4643 3158 4695 Assentlre
3185 4641 3340 4708 igilllr
3367 4641 3500 4706 paci,
3534 4647 3584 4691 et
3611 4637 3716 4690 sub.

2165 4740 2357 4799 scribe,
2393 4747 2548 4806 atque
2575 4737 2641 4789 ita
2678 4736 2893 4788 Romam
2927 4744 3211 4788 revertere.
3246 4750 3263 4782 ›
3299 4731 3538 4784 Libet-im
3564 4731 3712 4784 dixit:

2167 4849 2184 4881 t
2228 4829 2517 4890 Fratribus,
2545 4829 2631 4894 qui
2660 4826 2842 4881 Romae
2874 4835 3016 4887 sunt,
3041 4825 3146 4891 jam
3175 4823 3289 4875 vale
3317 4823 3447 4876 dixi.
3495 4823 3714 4875 Poziorcs

2161 4923 2298 4976 enim
2343 4929 2464 4974 sunt
2499 4920 2866 4974 ecclesiastica:
2905 4918 3066 4983 leges,
3095 4931 3250 4984 quam
3281 4916 3604 4968 domicilimn
3628 4915 3716 4966 lto-

2163 5029 2278 5066 mm.
2295 5012 2611 5079 ilmperator
2627 5010 2755 5064 dixit
2778 5010 2968 5076 :tErgo
2986 5007 3144 5060 trium
3170 5008 3372 5061 dierum
3397 5009 3620 5074 Spatium
3642 5009 3716 5058 ba-

2161 5103 2252 5156 bes
2265 5104 2327 5154 ad
2356 5101 2749 5157 deliberandum
2774 5111 2943 5154 utrum
2959 5099 3296 5154 subscribens
3315 5099 3537 5152 Romam
3561 5099 3716 5153 redire

2798 5209 2811 5244 :
2849 5210 2868 5243 t
2904 5191 3087 5246 Trium
3116 5191 3320 5247 dierum
3356 5193 3439 5246 vel
3471 5194 3714 5248 mensium

2155 5399 2418 5472 Dominus,
2467 5401 2602 5472 testis
2645 5409 2688 5452 et
2717 5395 2944 5452 Christus
2987 5401 3093 5472 ejus
3137 5399 3290 5468 (quod
3330 5410 3378 5453 et
3413 5403 3538 5453 milii
3566 5419 3715 5472 quiem

2152 5468 2316 5522 dicere
2341 5469 2604 5532 concedas)
2629 5511 2643 5529 ,
2676 5484 2752 5519 me
2777 5485 3026 5536 nunquam
3055 5471 3116 5522 de
3144 5481 3229 5521 ttm
3254 5472 3438 5538 pietate
3463 5474 3514 5524 in
3544 5468 3714 5525 motam

2153 5549 2341 5608 partem
2375 5541 2522 5592 verba
2551 5539 2874 5604 fecisseapud
2900 5540 3107 5599 fratrem
3132 5550 3267 5592 tuum
3298 5543 3454 5593 beati:
3479 5546 3713 5596 memoria

2153 5606 2470 5663 Constantem
2502 5609 2775 5676 piissimum
2817 5620 3105 5677 augustum,
3153 5627 3311 5680 neque
3347 5613 3513 5680 illum,
3555 5624 3607 5666 ut
3644 5631 3713 5672 ca-

2153 5680 2459 5739 lumniantur
2486 5682 2589 5752 isti,
2620 5680 2674 5739 in
2704 5689 2748 5738 te
2773 5680 3070 5738 concitasse.
