3910 6212
272 220 422 277 1365

1318 226 1646 282 EPISTOLA
1679 226 1926 284 LIBERI]
1965 230 2055 284 AD
2094 229 2540 290 ORIENTALES.

3394 241 3530 296 1566

355 333 418 391 γ.
442 333 653 389 Munera
677 335 770 389 sibi
791 335 891 389 lata
916 337 1197 406 respuit.--
1222 336 1385 390 Biduo
1411 347 1528 405 post
1544 339 1825 406 imperator

2024 341 2088 395 Ε’-
2121 346 2210 397 Kal
2238 342 2264 397 ὁ
2310 347 2573 413 Βασιλεὺς,
2603 351 2732 420 μετά
2759 348 2848 404 δύο
2874 354 3064 428 ἡμέρας
3084 351 3337 413 κληθέντος
3382 354 3531 408 Λιϐεεο

270 439 403 480 cum
432 425 692 481 Liberium
717 427 1010 490 accivisset,
1041 438 1090 480 et
1118 426 1162 480 is
1190 427 1256 481 de
1284 423 1544 481 sententia
1567 443 1670 480 non
1697 427 1851 483 dece-

271 517 464 582 deret,
507 531 626 571 eum
654 515 924 582 Bormam,
955 516 1191 571 Thracite
1224 519 1430 578 urbem,
1467 519 1692 587 relegari
1721 535 1852 587 prae-

270 610 441 678 cepit.
482 609 716 680 Cumque
762 625 1006 680 egressus
1053 621 1194 666 esset
1239 611 1510 676 Liberius,
1559 612 1851 681 imperator

268 703 594 773 quingentos
639 704 684 758 ei
725 705 922 758 solidos
967 705 1106 758 misit
1153 704 1217 758 ad
1266 713 1507 772 sumptus
1558 704 1843 759 iaciendos.

268 793 519 848 Liberius
547 809 671 848 vero
700 794 827 848 dixit
865 796 911 848 ei
952 795 1038 863 qui
1071 797 1319 848 attulerat
1369 813 1382 847 :
1435 813 1451 845 t
1499 795 1628 860 Abi,
1684 796 1848 851 redde

266 882 375 939 bos
402 885 735 953 imperatori;
769 900 899 953 opus
921 886 1059 938 enim
1092 885 1171 938 his
1215 884 1373 939 habet
1404 894 1462 938 ut
1487 886 1719 954 pra-beat
1749 886 1844 941 mi.

261 976 456 1032 litibus
492 979 618 1032 suis.
657 995 674 1028 ι
708 977 963 1032 Similiter
1002 985 1055 1032 ct
1092 978 1322 1048 Augusta
1353 979 1554 1033 totitetn
1593 981 1640 1034 ei
1682 981 1841 1035 misit.

262 1067 513 1123 Liberius
544 1069 671 1122 dixit
702 1086 714 1122 :
753 1087 771 1119 ι
807 1068 984 1123 Redde
1024 1069 1120 1122 hos
1148 1071 1487 1138 imperatori;
1531 1071 1676 1127 hisce
1701 1072 1842 1127 enim

258 1177 403 1230 opus
430 1161 584 1215 habet
624 1161 687 1214 ad
725 1162 1040 1230 stipendium
1080 1162 1324 1216 militum.
1382 1162 1531 1230 Quod
1577 1165 1621 1217 si
1677 1165 1846 1234 impe-

256 1261 413 1307 rator
443 1252 523 1306 his
553 1266 685 1320 opus
715 1269 819 1306 non
849 1253 1042 1316 habet,
1068 1253 1156 1306 det
1183 1253 1448 1307 Auxentio
1475 1263 1528 1308 et
1555 1254 1796 1324 Epicteto
1824 1297 1839 1323 ,

255 1344 344 1398 bis
379 1346 519 1398 enim
547 1360 678 1415 opus
717 1343 930 1398 habent.
971 1363 988 1394 ι
1022 1345 1150 1398 Cum
1185 1344 1340 1412 igitur
1377 1343 1445 1398 ab
1475 1344 1557 1399 his
1587 1346 1842 1402 noluisset

251 1436 544 1500 accipere,
596 1435 851 1490 Eusebius
899 1436 1172 1489 eunuchus
1216 1437 1348 1490 alios
1401 1436 1448 1490 ei
1502 1437 1697 1491 attulit.
1745 1436 1838 1493 Cui

249 1525 508 1580 Liberius
549 1525 679 1578 dixit
721 1542 734 1579 :
785 1543 802 1577 t
851 1525 1114 1581 Ecclesias
1156 1526 1300 1580 orbis
1341 1537 1597 1581 terrarum
1648 1545 1838 1584 vacuas

247 1631 318 1671 ac
339 1617 576 1671 desertas
605 1615 772 1671 fecisti
791 1658 805 1680 ,
835 1625 886 1670 et
927 1617 1052 1670 mihi
1081 1627 1325 1686 tanquam
1359 1620 1515 1673 noxio
1541 1620 1836 1692 eleemosy-

247 1724 380 1763 nam
419 1708 579 1764 affers
604 1726 617 1760 :
644 1709 749 1777 abi,
777 1719 829 1765 et
859 1711 1083 1779 primum
1109 1710 1430 1766 christianos
1458 1708 1554 1766 llas
1578 1711 1679 1782 (1).
1704 1732 1723 1765 ι

836 1820 1167 1877 EPISTULA
1195 1821 1276 1893 (ε)

625 1928 816 1968 LIBERI]
847 1929 991 1968 PAP/E
1021 1929 1087 1968 AD
1116 1928 1460 1970 ORIENTALES.

791 2004 949 2067 (Anno
971 2003 1145 2055 Christi
1167 2003 1301 2068 357.)

247 2091 326 2145 Se
356 2091 420 2144 ab
447 2090 714 2143 Athanasii
743 2091 1034 2160 defensioue
1057 2090 1303 2144 destitisse
1327 2132 1341 2154 ,
1371 2108 1542 2162 pacem
1574 2109 1686 2146 vero
1716 2111 1831 2147 cum

323 2183 450 2252 ipsis
479 2182 657 2235 habere
681 2220 696 2246 ,
737 2197 796 2235 ac
827 2182 979 2250 ﬁdem
1011 2180 1191 2235 Sirmii
1223 2182 1499 2248 expositam
1532 2185 1625 2236 sibi
1670 2201 1700 2236 a
1732 2184 1833 2239 De-

325 2272 552 2342 nwpltilo
585 2263 801 2324 oblatam
828 2272 1123 2342 suscepisse.
1179 2270 1434 2325 Laborem
1465 2282 1511 2325 et
1551 2273 1650 2342 ipsi
1688 2286 1739 2327 ut
1767 2277 1828 2329 ab

327 2366 480 2418 exilio
504 2365 805 2419 dimittatur.

256 2455 628 2512 Dilectissimis
669 2456 916 2512 fratribus
948 2457 1029 2527 (⁸5)
1059 2457 1384 2529 presbyteris
1412 2467 1467 2513 et
1496 2462 1830 2532 coepiscopis

727 2549 1084 2605 Orientalibus
1115 2548 1353 2603 ialutetn.

329 2638 367 2694 I.
408 2640 513 2694 Pro
554 2640 742 2694 deiﬁco
777 2645 962 2694 timore
986 2651 1164 2694 sancta
1197 2639 1329 2695 ﬁdes
1360 2651 1528 2696 vestra
1583 2643 1689 2699 Deo
1741 2659 1834 2700 co-

252 2732 399 2801 gnita
427 2740 504 2784 est
531 2740 583 2786 et
609 2731 911 2785 hominibus
941 2732 1092 2785 bona:
1125 2732 1432 2786 voluntatis.
1464 2733 1611 2788 Sicut
1643 2736 1722 2790 lex
1755 2739 1831 2792 lo-

253 2823 437 2892 quitur
459 2839 473 2875 ;
498 2820 910 2894 Justajudicate,
937 2822 1033 2890 ﬁlii
1058 2823 1316 2875 hominum
1366 2823 1536 2894 (Psal.
1569 2841 1691 2889 Lvn,
1721 2828 1755 2880 2
1783 2827 1825 2897 ),

251 2928 356 2984 ego
384 2912 729 2967 Athanasium
760 2930 864 2967 non
903 2912 1167 2968 defendo:
1219 2913 1312 2967 Sed
1357 2916 1476 2984 quia
1522 2928 1829 2982 susceperat

1953 432 2084 503 ρίου,
2114 439 2192 489 καί
2219 441 2289 508 μή
2322 441 2672 508 μετατεθέντος
2690 447 2782 496 τοῦ
2809 442 3072 514 λογισμοῦ,
3108 439 3244 500 εἶπεν
3270 445 3523 519 ὶξορισθιῆ⁹

1949 547 2026 578 ναι
2052 529 2122 586 εἰς
2145 531 2233 585 τὴν
2265 530 2464 604 Βέροιαν
2489 540 2578 592 τῆς
2606 534 2827 607 Θρᾴκης·
2857 535 3088 596 ἓκϐἁντος
3115 533 3168 590 δέ
3207 537 3467 609 Λιϐερίον.
3497 534 3525 590 ὃ

1950 616 2189 679 Βασιλεὺς
2218 621 2481 677 ἀπέστειλε
2521 627 2882 687 πεντακοσίους
2926 626 3236 688 ὁλοκοτίνους
3275 632 3409 701 αὐτῷ
3452 633 3523 690 εἰς

1949 710 2193 774 δαπάνας.
2224 715 2455 791 Λιϐίριος
2477 711 2584 772 εἶπε
2609 727 2680 791 τῷ
2701 721 2989 792 κομίσαντι⁸
3011 718 3215 777 "Andes
3234 763 3246 779 .
3277 721 3360 782 δὸς
3388 725 3522 778 αὐτὰ

1947 812 2020 875 τῷ
2044 806 2265 869 Baetici,
2305 810 2487 880 χρείαν
2527 811 2624 884 ’γὰρ
2665 809 2778 881 ἔχει
2816 811 2987 866 δοῦναι
3028 821 3139 873 τοῖς
3183 818 3523 888 στρατιώταις

1945 895 2121 949 αὐτοῦ.
2151 895 2363 966 Ὀμοίως
2391 902 2476 953 καὶ
2507 901 2537 956 ri
2566 902 2844 956 Βασίλισσα
2873 902 3093 974 ἔπεμψεν
3114 906 3253 976 αὐτῷ
3273 906 3338 958 τὰ
3363 906 3512 958 αὐτὰ.

1945 987 2176 1059 Λιϐίριος
2223 983 2357 1043 εἶπεν
2407 989 2618 1049 ’Δπόδος
2655 994 2781 1045 αὐτὰ
2826 1000 2897 1062 τῷ
2937 996 3164 1048 Βασιλεῖ·
3201 998 3382 1070 χρείαν
3421 997 3516 1070 γὰρ

1945 1079 2111 1130 αὐτῶν
2139 1076 2255 1148 ἔχει
2286 1081 2355 1140 εἰς
2384 1086 2472 1138 τὴν
2509 1088 2607 1136 τῶν
2638 1090 2872 1157 στρατῶν
2917 1083 3183 1147 ἑξοδίασιν.
3227 1087 3310 1140 ὶὰν
3355 1085 3407 1140 δέ
3449 1093 3519 1156 μὴ

1945 1171 2128 1238 χρείαν
2176 1167 2277 1242 ἔχῃ
2317 1170 2342 1224 ὁ
2387 1172 2652 1236 Βασιλεὺς,
2696 1173 2826 1229 δότω
2867 1179 2995 1231 αὐτὰ
3035 1185 3108 1248 τῷ
3152 1179 3394 1249 Δυξεντίῳ
3436 1184 3519 1233 καί

1942 1256 2252 1318 Ἐπικτήτωο
2300 1264 2482 1337 χρείαν
2524 1265 2620 1339 ’γὰρ
2664 1264 2878 1335 ἔχουσιν
2923 1266 3248 1329 τούτων.Ὠς
3292 1269 3345 1324 δὲ
3385 1273 3513 1347 παρ’

1943 1349 2104 1403 αὐτῶν
2141 1353 2229 1404 οὐκ
2256 1351 2451 1413 ἔλαϐεν,
2487 1355 2723 1414 Εὐσέϐιος
2756 1356 2780 1410 ὁ
2815 1359 3063 1429 εὐνοῦχος
3086 1362 3357 1436 προσφέρει
3383 1363 3519 1434 αὐτῷ

1941 1440 2168 1511 ἑτέρους.
2210 1445 2442 1519 Λιϐἐριος
2487 1444 2540 1499 δέ
2588 1441 2722 1501 εἶπεν
2769 1450 2924 1519 αὐτῷ·
2958 1451 3057 1510 Τὰς
3110 1440 3377 1513 licuitne-iac
3424 1461 3516 1513 τὴς

1939 1536 2230 1605 οἰκουμένης
2277 1543 2558 1607 ἡμήμωσας
2583 1581 2595 1602 ,
2645 1544 2727 1594 καὶ
2775 1543 2842 1600 ὡς
2890 1540 3135 1614 καταδίκῳ
3183 1545 3516 1615 ἐλεημοσύνην

1938 1645 2024 1694 μοι
2051 1628 2372 1700 προσφέρεις.
2398 1625 2622 1689 "Andes,
2659 1638 2858 1705 πρῶτον
2882 1639 3026 1703 γενοῦ
3053 1636 3373 1707 χριστιανός.

1937 1810 2083 1863 illutn
2109 1811 2261 1865 honre
2283 1814 2554 1868 memoritc
2575 1812 2748 1869 Julius
2770 1816 3047 1885 episcopus
3069 1817 3320 1873 decessor
3341 1833 3515 1879 meos,

1936 1901 2159 1955 verebar
2188 1918 2254 1956 ne
2281 1903 2347 1956 ab
2374 1905 2549 1972 aliquo
2577 1908 2958 1971 prmvarieator
2981 1906 3269 1976 iudicarer.
3326 1912 3384 1964 At
3425 1913 3509 1965 ubi

1936 1993 2146 2055 agnovi,
2177 1994 2389 2061 quando
2418 1996 2523 2048 Deo
2552 1995 2766 2062 placuit,
2791 1997 2934 2064 juste
2963 2014 3058 2051 vos
3089 2001 3234 2053 illum
3257 2005 3508 2058 COﬂdOilt-

1939 2099 2114 2144 nasse.
2149 2097 2268 2139 mox
2297 2100 2615 2140 consensum
2639 2091 2970 2142 commodavi
2994 2093 3272 2146 sententiis
3297 2095 3504 2156 veStris.

1939 2178 2250 2244 litterasque
2277 2193 2434 2248 super
2461 2178 2692 2233 momine
2718 2180 2833 2249 ejus
2853 2180 2931 2250 (4)
2979 2197 3070 2250 per
3125 2182 3336 2237 fratrem
3388 2202 3508 2238 uos-

1940 2280 2077 2323 trum
2104 2269 2539 2324 Fortunatianum
2562 2270 2641 2340 (5)
2667 2271 2788 2324 dedi
2821 2272 3165 2339 perferendas
3186 2274 3249 2326 ad
3280 2275 3507 2343 impera-

1939 2367 2105 2413 torem
2134 2360 2520 2414 Con~tantimn.
2568 2360 2750 2430 Itaque
2793 2371 2971 2415 amoto
3019 2361 3309 2416 Athanasio
3347 2364 3423 2433 (6i
3477 2381 3507 2418 ιι

1937 2454 2312 2508 communione
2340 2457 2571 2506 omnimn
2606 2463 2846 2506 nostrum
2874 2495 2886 2517 ,
2937 2453 3088 2522 cujus
3129 2469 3224 2509 nec
3262 2457 3506 2523 epistolia

1938 2561 1964 2599 a
1989 2559 2072 2599 me
2098 2543 2434 2613 suscipienda
2462 2553 2584 2596 sunt
2610 2583 2624 2608 ,
2669 2544 2788 2597 dico
2821 2561 2904 2597 me
2935 2560 3053 2598 cum
3083 2545 3326 2599 omuilms
3357 2547 3505 2600 vobis

1937 2648 1991 2692 et
2019 2654 2138 2691 cum
2171 2637 2430 2691 universis
2457 2635 2810 2690 Orientalibus
2839 2637 3100 2706 episcopis
3140 2654 3232 2690 seu
3265 2654 3358 2704 per
3388 2641 3504 2691 ttni-

1937 2744 2117 2784 versas
2143 2729 2438 2797 provincias
2467 2743 2647 2795 pacem
2679 2738 2731 2780 et
2761 2729 3159 2782 unauitnitatem
3193 2729 3408 2786 habere.

2009 2821 2068 2875 ll.
2096 2820 2223 2874 Nam
2257 2830 2311 2872 ut
2338 2821 2512 2874 verius
2543 2820 2721 2873 st'iatis
2751 2834 2835 2872 me
2864 2819 2938 2890 (7)
2970 2836 3088 2874 vera
3118 2819 3218 2873 ilde
3249 2836 3340 2886 per
3367 2821 3504 2874 hanc

1933 2911 2214 2980 epistolam
2247 2924 2307 2963 ea
2341 2911 2506 2977 loqui,
2536 2908 2784 2962 dominus
2815 2918 2867 2961 ct
2896 2911 3055 2962 frater
3087 2924 3235 2962 meus
3262 2925 3504 2964 commu-

332 3057 408 3130 (1)
440 3059 528 3113 His
557 3059 1186 3143 adjttngit_'l‘_heodorettts
1219 3077 1231 3112 :
1264 3060 1326 3114 Et
1353 3071 1461 3131 post
1493 3062 1712 3116 triduum
1741 3081 1822 3118 re-
1855 3082 1900 3143 ρ
1932 3074 2289 3118 tormentorum
2419 3071 2598 3142 pra'ter
2631 3062 2847 3143 priorem
2876 3062 3168 3141 sententiam
3210 3061 3498 3143 eliciuntur,

254 3130 452 3199 legatus
484 3140 575 3193 est,
597 3147 708 3183 cum
737 3132 864 3185 nihil
893 3131 1182 3200 accepisset.

352 3200 405 3264 ‘2)
461 3200 746 3266 Epistulam
795 3202 926 3255 hane
975 3217 1092 3253 cum
1137 3201 1340 3253 duabus
1379 3201 1825 3271 subsequentilms

255 3271 412 3344 nobis
455 3271 747 3344 transmisit
797 3273 1035 3344 Hilarius
1067 3271 1252 3344 itagm.
1295 3287 1376 3336 v1,
1410 3289 1466 3344 ιι.
1497 3272 1530 3324 5
1582 3283 1634 3326 et
1673 3290 1819 3344 stqu.

256 3341 484 3393 Easdem
517 3339 774 3394 Baronius
803 3357 865 3395 ex
898 3341 1089 3407 duplici
1121 3343 1449 3394 collectionis
1470 3383 1483 3406 ,
1527 3355 1577 3394 ιιι
1629 3339 1820 3407 vocat,

252 3409 630 3463 Cresconianae
675 3413 967 3478 exemplari
1014 3412 1077 3463 ad
1121 3428 1312 3464 :mmuu
1343 3410 1473 3475 557,
1515 3430 1566 3464 ιι.
1619 3414 1686 3468 Si
1725 3432 1821 3479 pu-

257 3479 426 3532 blicas
475 3479 612 3534 fecit.
652 3483 751 3534 llas
783 3494 955 3534 autem
1003 3484 1050 3533 in
1097 3482 1396 3548 prmdirtam
1428 3482 1819 3550 Collectimtem,

254 3551 491 3618 cujusvis
544 3554 644 3613 sit,
693 3568 793 3604 non
842 3551 1052 3604 aliunde
1099 3554 1194 3603 nisi
1245 3568 1305 3605 ex
1353 3554 1618 3605 Hilariauo
1663 3570 1825 3620 opere

257 3621 540 3673 translatas
580 3621 740 3676 fuisse
766 3663 779 3685 ,
811 3625 1034 3690 ipsemet
1067 3621 1244 3674 llilarii
1276 3624 1351 3674 vel
1386 3624 1709 3688 interpositu:
1742 3627 1823 3679 vel

254 3691 508 3760 subject-.2
542 3702 675 3745 nota:
704 3733 716 3754 ,
764 3708 894 3761 quas
923 3693 1178 3745 liaronius
1219 3695 1266 3744 in
1298 3693 1408 3745 suis
1435 3695 1824 3760 exetnplarihus

255 3761 544 3832 offendisse
565 3777 621 3815 se
651 3764 699 3815 in
730 3763 970 3816 secundis
992 3763 1310 3816 editionibus
1330 3767 1500 3815 l'aSSus
1525 3774 1624 3828 cst,
1651 3767 1822 3832 palam

257 3830 475 3884 faciunt.
506 3832 755 3900 Tempus.
786 3848 888 3902 quo
919 3843 1022 3885 tres
1056 3831 1154 3884 illa-
1183 3831 1419 3899 epistol:e
1450 3830 1821 3900 scriptaisuut,

253 3903 386 3954 satis
414 3903 606 3955 indicat
637 3901 953 3956 Athanasius
983 3901 1034 3955 in
1071 3903 1281 3954 historia
1318 3902 1494 3955 Arian.
1540 3905 1604 3956 ad
1638 3921 1818 3958 mona-

253 3971 407 4037 chos,
443 3990 492 4025 ιι.
518 3972 617 4034 41,
666 3975 750 4027 ubi
792 3978 899 4026 ait:
951 3971 1178 4025 Liberius
1217 3974 1432 4044 extorris
1470 3973 1672 4040 foetus,
1715 3986 1824 4044 post

253 4045 509 4095 biennium
532 4045 742 4111 denique
772 4049 960 4106 fractus
987 4054 1078 4106 est,
1111 4042 1352 4111 minisque
1381 4044 1554 4096 mortis
1585 4042 1820 4112 perterri-

252 4124 333 4165 tus
362 4115 656 4177 subscripsit
702 4115 1067 4169 Theodoreltts
1093 4127 1300 4181 quoque
1331 4113 1418 4165 lib.
1452 4129 1508 4173 tt,
1538 4129 1584 4167 c.
1615 4115 1698 4174 l7.
1735 4117 1822 4171 tibi

251 4183 451 4236 Liberii
487 4186 710 4251 lapsum,
739 4188 781 4237 si
814 4201 914 4237 non
947 4184 1230 4247 ignoravit,
1260 4198 1474 4248 prorsus
1502 4184 1818 4251 dissimulat,

249 4269 374 4307 eum
398 4266 674 4322 postquam
726 4255 847 4308 exui
871 4256 1003 4306 duos
1026 4267 1191 4306 annos
1212 4253 1492 4320 exegisset,
1524 4258 1822 4320 petentibus

251 4324 512 4376 nobilium
544 4323 897 4377 Romanorum
951 4322 1261 4392 conjugibus
1293 4324 1342 4374 iu
1373 4327 1556 4376 urbem
1602 4342 1819 4380 revoca-

253 4405 365 4446 tttm
411 4409 531 4448 esse
579 4396 756 4448 tradit.
804 4395 1070 4447 Liberium
1102 4403 1274 4445 autem
1303 4409 1441 4444 anno
1467 4393 1570 4448 555
1613 4396 1822 4451 labente

1930 3153 1986 3189 ea
2016 3153 2114 3186 non
2144 3133 2595 3201 retorntiduntium,
2631 3133 2718 3183 sed
2743 3132 3022 3184 vexutttinm
3049 3142 3165 3183 sunt
3195 3133 3398 3201 placita.

1998 3207 2075 3274 (5)
2113 3205 2259 3271 Λιιυά
2289 3206 2478 3256 llaron.
2512 3202 2747 3274 fratribus
2769 3213 2812 3254 et
2841 3204 3106 3274 epismpis.

2003 3271 2077 3341 (4)
2109 3277 2158 3328 lu
2191 3289 2315 3327 mss.
2354 3285 2405 3324 ιιι
2433 3286 2478 3326 et
2497 3275 2631 3337 apud
2666 3273 2856 3324 Barott.
2892 3271 2973 3324 hic
3001 3272 3324 3335 adiungitur,
3352 3273 3500 3323 idest

1928 3347 1990 3398 de
2019 3345 2429 3398 condenmatione
2467 3345 2663 3408 ipsius:
2707 3345 2845 3409 quod
2875 3359 2937 3394 ex
2973 3342 3152 3394 llilurii
3186 3343 3501 3408 interpretu-

1929 3419 2072 3468 tione
2096 3417 2348 3467 inscrtum
2380 3413 2623 3466 Nicolaus
2653 3412 2824 3465 Faber
2850 3412 3122 3479 judit'awt.
3158 3413 3218 3466 Li
3257 3413 3498 3464 Liberius

1926 3486 2136 3554 quidem
2161 3483 2312 3545 epist.
2345 3484 2397 3546 ὅ,
2432 3501 2484 3536 ιι.
2517 3484 2565 3546 l,
2596 3493 2648 3535 et
2677 3484 2833 3550 epist.
2872 3485 2953 3542 il,
2993 3499 3044 3554 ιι.
3076 3485 3097 3534 1
3125 3495 3174 3534 et
3197 3482 3252 3543 ‘2,
3287 3497 3496 3535 rutsttm

1927 3553 2050 3608 suas
2096 3556 2158 3607 de
2199 3554 2397 3606 nomine
2424 3555 2582 3618 ipsius
2626 3568 2686 3624 ac
2712 3569 2866 3624 super
2895 3553 3092 3604 nomine
3136 3556 3246 3624 ejus
3295 3554 3498 3624 literas

1930 3627 2068 3679 nulla
2129 3625 2566 3692 interpretatione
2622 3621 2796 3675 addita
2850 3621 3252 3676 ctnnmemoi'at.
3308 3622 3361 3674 ln
3415 3621 3497 3673 his

1925 3707 2100 3748 autem
2144 3697 2270 3748 locis
2317 3697 2373 3748 τὸ
2421 3711 2597 3747 nomen
2641 3708 2917 3761 personam
2951 3695 3122 3759 potius
3151 3695 3229 3744 vel
3257 3706 3491 3750 causam,

1926 3782 2082 3836 quam
2115 3767 2633 3836 condemnationettt,
2673 3780 2764 3828 per
2794 3778 2850 3816 se
2878 3774 3050 3815 Sonat.
3086 3764 3241 3816 Certe
3273 3763 3496 3836 decon-

1926 3834 2265 3890 demuatione
2289 3835 2386 3888 hoc
2416 3837 2728 3888 vocabulum
2765 3849 2919 3886 tiento
2950 3837 3327 3896 interpretetur
3352 3834 3402 3883 in
3429 3845 3494 3883 et)

1926 3908 2065 3973 quod
2099 3909 2234 3959 idem
2268 3906 2508 3958 Liberius
2534 3911 2691 3973 epist.
2721 3903 2807 3962 12,
2834 3922 2885 3955 ιι.
2914 3902 3262 3973 2,5cribit,se
3289 3904 3351 3954 de
3369 3918 3495 3952 rou-

1927 3972 2144 4030 tentioue
2172 3978 2261 4028 illa
2290 3994 2320 4028 a
2352 3979 2551 4028 nomine
2571 3972 2840 4027 Athanasii
2871 3973 3148 4025 recessisse.
3205 3972 3294 4026 llis
3336 3974 3494 4024 alliue

1926 4059 2005 4101 est
2057 4049 2195 4116 quod
2244 4047 2490 4100 Zozimus
2540 4044 2872 4116 papa,apnd_
2909 4044 3254 4116 Augustinum
3300 4045 3388 4095 lib.
3419 4057 3493 4116 ιι,

1925 4113 2106 4170 contra
2153 4118 2284 4170 duas
2325 4119 2476 4180 epist.
2509 4116 2719 4183 Pelag..
2760 4131 2810 4168 c.
2847 4113 2879 4164 4
2920 4115 2983 4164 ad
3025 4113 3334 4165 leeSlittttt
3383 4113 3492 4165 ait:

1925 4186 2029 4240 lllu
2070 4191 2237 4240 omnia
2279 4189 2489 4239 damnas
2529 4201 2642 4255 qua?
2673 4189 2869 4257 jactota
2912 4196 3025 4257 sunt
3064 4184 3124 4235 de
3154 4186 3355 4234 nomine
3377 4192 3495 4242 tuo;

1924 4259 2167 4326 quodque
2190 4259 2514 4326 Augustinus
2543 4254 2870 4310 mox'subdit
2903 4274 2914 4306 ;
2961 4254 3098 4326 Inter
3121 4264 3298 4305 ca'tera
3329 4262 3496 4303 autem

1924 4325 2036 4387 ante
2060 4325 2121 4380 de
2152 4325 2349 4380 nomine
2389 4332 2497 4400 ejus
2530 4331 2725 4398 jactuta
2764 4330 2980 4400 fuerant.
3035 4325 3098 4376 Et
3141 4333 3259 4392 post
3285 4338 3446 4390 pauca
3479 4339 3491 4372 :

1928 4399 2190 4463 Quomodo
2219 4415 2335 4467 ergo
2372 4414 2484 4466 qua:
2512 4402 2573 4450 de
2605 4401 2802 4449 nomine
2824 4399 2929 4467 tjus
2952 4399 3146 4467 juctata
3173 4404 3289 4446 sunt
3315 4432 3326 4445 .
3362 4433 3373 4445 .
3406 4434 3416 4444 .
3446 4408 3497 4446 se

252 4466 544 4537 relegatum
590 4481 709 4519 esse
755 4464 1316 4537 SU||CFlUS_p|:0llalUlll
1365 4469 1462 4537 est.
1531 4466 1619 4537 lla:
1660 4465 1820 4534 igitur
1848 4469 1897 4527 D
1924 4471 2190 4522 danmasse
2219 4464 2513 4537 respondit?

250 4536 447 4588 littera:
472 4537 609 4590 circa
638 4537 832 4588 exitum
861 4538 980 4606 anni
1007 4535 1109 4588 557
1136 4534 1529 4601 consignaudm.
1564 4536 1663 4588 Eas
1706 4538 1819 4606 epi—

249 4607 404 4659 stolis
420 4610 484 4659 ad
500 4607 858 4660 Constantium
882 4605 1086 4674 scriptis
1117 4607 1267 4672 paulo
1295 4606 1616 4670 posteriores
1635 4605 1819 4660 existi-

251 4686 363 4729 mat
393 4678 470 4729 vir
495 4679 766 4741 eruditus;
819 4675 910 4730 sed
958 4678 999 4728 si
1047 4675 1458 4728 additamentum
1486 4674 1819 4741 admittatur,

251 4748 392 4814 quod
427 4748 477 4800 in
510 4749 726 4814 epistula
759 4762 832 4810 xi,
865 4764 916 4799 u.
945 4746 998 4806 2,
1029 4760 1092 4800 ex
1122 4759 1248 4797 mss.
1276 4744 1377 4799 [ide
1407 4747 1734 4810 supulemus.
1769 4748 1819 4801 in

251 4819 500 4872 confesso
547 4835 665 4873 esse
706 4819 862 4872 debet
901 4833 1060 4870 unum
1102 4815 1452 4882 eumdemque
1482 4815 1818 4869 Fortunatia-

253 4904 380 4942 nutn
410 4904 528 4941 cum
555 4889 788 4959 epistolas
820 4887 972 4956 hujus
994 4903 1022 4939 χ
1051 4885 1364 4959 exetuplar..
1397 4896 1502 4959 tum
1537 4886 1727 4940 [ιὼς-ιιι
1757 4888 1820 4942 ad

252 4957 619 5013 Constantium
667 4961 871 5014 litteras
912 4958 1068 5011 simul
1111 4957 1408 5022 pertulisse.
1453 4957 1514 5009 Et
1552 4959 1823 5024 probabile

253 5029 468 5098 quidem
509 5041 619 5093 est,
677 5029 1052 5094 Imperatorem
1100 5025 1244 5098 illum
1289 5027 1338 5078 in
1389 5026 1666 5098 Pannonia
1713 5037 1819 5081 tum

252 5095 496 5153 extitisse
517 5142 530 5160 .
564 5112 723 5166 atque
776 5098 1047 5153 Ursicium
1077 5137 1089 5161 ,
1117 5096 1389 5150 Valentem
1420 5110 1470 5149 et
1493 5095 1820 5152 Germiuimn

255 5171 305 5223 in
339 5171 477 5223 illius
509 5170 670 5224 fuisse
697 5169 979 5223 Comitatu.
1015 5166 1164 5232 Quod
1195 5169 1235 5217 si
1264 5166 1333 5218 ita
1364 5181 1443 5219 eSt
1465 5207 1480 5230 ,
1512 5172 1671 5220 etiam
1702 5184 1820 5235 quae

252 5240 493 5308 sequitur
514 5241 576 5292 ad
609 5241 704 5293 bos
736 5240 941 5292 Ariona:
965 5237 1206 5308 factionis
1238 5239 1610 5303 antesignanos
1625 5238 1820 5292 Liberii

251 5307 475 5380 epistola
508 5351 521 5370 ,
579 5326 672 5378 per
725 5309 968 5362 eumdem
1022 5307 1455 5380 Fortunatiamuu
1512 5310 1820 5362 transmissa

251 5377 534 5436 οῖιιιιιιιωιιθ
567 5377 891 5448 intelligitur.
941 5381 1102 5430 i’ort'o
1134 5377 1184 5429 itt
1217 5378 1316 5429 hoc
1348 5387 1455 5430 toto
1485 5381 1698 5437 negotio
1719 5422 1732 5440 ,
1767 5389 1821 5431 ut

252 5449 574 5506 Athanasius
620 5451 737 5504 loctt
778 5465 894 5501 tuox
937 5451 1095 5500 citato
1134 5448 1418 5516 observat,
1468 5449 1823 5516 comprobatur

251 5531 358 5574 tum
388 5521 622 5573 violentia
647 5520 972 5579 Arianorum,
1018 5529 1119 5570 tum
1144 5515 1324 5569 Liberii
1353 5518 1402 5568 in
1431 5515 1657 5569 Itan-usuri.
1680 5520 1822 5571 illuni

249 5594 421 5645 odium
463 5593 665 5661 ejusque
714 5606 804 5657 pro
833 5588 1114 5661 Athanasio
1151 5585 1448 5656 tiu/fragium
1477 5627 1490 5651 ,
1535 5603 1683 5661 quam
1733 5589 1822 5640 diu

247 5661 460 5721 liberam
480 5655 733 5721 habebunt
760 5659 1026 5718 voluntatis
1045 5673 1151 5716 stite
1185 5665 1500 5731 potestatem.
1541 5655 1678 5713 Nunt
1707 5674 1820 5729 qua:

1999 4538 2076 4609 (5)
2130 4541 2243 4593 Νοιι
2290 4535 2430 4600 alio,
2477 4538 2567 4592 sed
2609 4537 2792 4590 eodem
2837 4544 3090 4602 tempore.
3145 4535 3324 4602 Neque
3358 4548 3498 4609 vero

1926 4607 2146 4670 summis
2177 4611 2511 4672 pontiﬁcibus
2540 4610 2587 4662 id
2619 4609 2848 4660 inst-lens
2871 4616 2951 4658 est
2980 4646 2995 4671 ,
3047 4616 3101 4658 ut
3148 4623 3264 4657 eum
3321 4607 3497 4672 plures

1927 4679 2129 4734 litteras
2154 4681 2219 4734 de
2257 4681 2440 4732 eadem
2481 4695 2537 4732 re
2577 4679 2638 4729 ad
2688 4678 2922 4730 divi-.rsos
2966 4677 3202 4730 scribunt
3231 4717 3243 4736 ,
3294 4691 3387 4728 eos
3431 4675 3494 4724 ad

1926 4769 2057 4811 quos
2083 4752 2322 4804 scrilnmt
2351 4761 2402 4804 et
2437 4765 2659 4818 quorum
2691 4751 2905 4800 interest
2930 4786 2945 4810 ,
2998 4747 3062 4798 de
3104 4750 3310 4818 ca'trpis
3341 4743 3496 4796 simul

1925 4822 2062 4874 (latis
2089 4821 2273 4876 eadem
2307 4816 2536 4888 loquenti
2576 4821 2777 4870 ratione
2827 4830 3095 4888 moueant.
3237 4816 3497 4888 Fortuna-

1928 4894 2098 4946 tiauus
2144 4885 2496 4956 Aquileiensis
2539 4892 2818 4956 episropus
2865 4886 3167 4956 Hieronymi
3205 4887 3270 4937 de
3312 4885 3496 4956 script.

1927 4964 2058 5016 ccci.
2086 4979 2133 5016 c.
2167 4953 2285 5023 107,
2313 4961 2530 5026 judicio,
2559 4953 2611 5011 in
2649 4960 2738 5010 hoc
2767 4959 2968 5008 habetur
2999 4953 3298 5009 deiestabilis
3321 4997 3332 5014 ,
3366 4953 3501 5023 quod

1928 5032 2181 5085 Libertum
2208 5032 2454 5084 Romana:
2475 5031 2614 5082 urbis
2636 5030 2926 5094 episcopum
2957 5044 3046 5093 pro
3071 5029 3168 5092 [ide
3199 5026 3263 5076 ad
3295 5026 3501 5077 exilium

1927 5114 2209 5171 pergentem
2235 5105 2423 5169 primus
2453 5102 2735 5152 sollicitavit
2763 5113 2823 5150 ac
2849 5099 3032 5166 fregit,
3076 5109 3121 5148 et
3149 5098 3213 5148 ad
3249 5095 3504 5161 subscrip-

1924 5176 2107 5227 tionem
2139 5176 2380 5225 Itwreseos
2413 5172 2671 5235 compulit.

1997 5243 2076 5314 (6)
2122 5245 2269 5309 Apud
2304 5245 2518 5302 tiaram,
2553 5249 2718 5291 amoto
2748 5238 3019 5314 Athanasio
3041 5277 3064 5314 .l
3086 5251 3236 5304 super
3263 5250 3366 5312 quo.
3398 5242 3504 5314 sta-

1927 5305 2032 5366 tuta
2059 5305 2286 5365 omnium
2322 5322 2537 5364 vestrum
2570 5325 2683 5360 cum
2722 5309 2838 5360 sede
2868 5307 3145 5373 apostolica
3181 5305 3502 5383 suscipienda

1923 5394 2058 5444 sttnt,
2080 5389 2212 5443 dico,
2244 5396 2372 5436 etc..
2400 5396 2519 5433 mox
2538 5395 2662 5432 vero
2684 5381 2944 5429 unitatem.
2965 5394 3064 5426 non
3097 5381 3499 5426 ttnmmnitatem.

1997 5455 2074 5522 ('7)
2101 5453 2250 5519 Apud
2281 5454 2546 5512 eumdem,
2579 5465 2749 5522 verum
2773 5448 2921 5513 [idem
2951 5462 3034 5507 per
3049 5446 3315 5522 epistolam
3338 5459 3501 5522 meum

1924 5511 2174 5591 proloqui.
2220 5522 2342 5574 Post
2373 5511 2584 5572 rctbum
2617 5519 2750 5583 loqui
2773 5511 2790 5578 ',
2828 5532 2919 5568 seu
2939 5515 3175 5591 proloqui
3198 5554 3210 5571 ,
3243 5511 3502 5591 orationis

1926 5582 2002 5646 ittt
2037 5582 2198 5662 gratas
2230 5591 2453 5662 postulal
2479 5631 2492 5655 ,
2535 5582 2685 5658 quam
2707 5582 2968 5656 proposuit
2991 5625 3003 5649 ,
3037 5591 3125 5636 aut
3149 5582 3269 5650 quid
3300 5582 3499 5636 simile.
