3910 6212
180 275 352 331 1373

623 267 975 328 EPISTULA:
1015 265 1258 322 LIBERI!
1301 265 1390 320 Al)
1434 262 1842 321 VINCENTIUM
1886 267 1972 324 ET
2011 271 2101 325 AD
2137 272 2426 328 CATHOL.
2477 273 2864 332 EPISCOPOS.

3315 279 3450 334 1374

177 391 492 445 domum
519 387 830 456 ξηιρηιιιυηι.
855 401 881 440 r
910 382 1118 438 smviuri
1149 396 1393 442 censura,
1419 379 1516 433 hoc
1547 380 1778 434 a'stima-
1805 381 1854 442 Α
1918 381 2222 440 nonnum
2261 385 2325 440 IN
2367 387 2540 444 DUAS
2583 387 2949 446 EPISTOLAS
2988 390 3410 458 SEQUEN'I'LS.

184 490 414 536 verunt
433 494 484 536 et
518 494 732 539 novare,
763 475 905 545 quod
926 475 1032 543 jam
1064 471 1142 545 (l)
1172 488 1238 526 ex
1283 471 1572 542 apostolica
1598 481 1781 524 aucto-

183 573 373 628 ritate
420 572 677 626 munitum
716 577 794 623 est
837 568 902 622 de
931 567 1145 638 pietate,
1184 580 1300 619 cum
1329 563 1524 618 dictum
1566 572 1644 616 est
1675 579 1778 616 non

185 680 336 721 esse
375 663 694 734 parcendum
738 660 818 713 his
845 659 932 728 qui
973 657 1106 726 apud
1141 655 1432 710 Ariminum
1478 655 1782 723 ignorantes

189 764 464 826 egerunt.
505 753 706 820 Quibus
753 750 959 805 nescire
989 749 1250 812 illicitum,
1295 745 1390 800 fuit
1449 757 1658 813 captum
1689 759 1778 797 er-

191 850 324 903 rori
357 846 621 912 incidere,
676 844 871 898 idcirco
918 842 1111 897 veritas
1160 838 1456 908 repedanda
1517 847 1616 891 est.
1674 837 1778 891 Sed

191 939 383 1001 mihi,
427 939 510 992 cui
567 936 814 991 convenit
865 934 1038 987 omnia
1091 931 1361 984 moderate.
1417 928 1774 997 perpendere,

192 1031 451 1085 maxime
496 1043 612 1081 eum
656 1037 707 1081 et
747 1025 975 1096 AZgyptii
1030 1037 1213 1075 onmes
1243 1034 1293 1075 et
1328 1019 1505 1074 Achivi
1547 1019 1778 1074 accusati

194 1124 538 1176 sententiam
580 1125 932 1187 receperunt.
983 1116 1161 1169 multis
1217 1112 1535 1183 parcendum
1569 1112 1777 1179 quidem

194 1212 323 1277 his,
352 1212 420 1266 de
449 1211 638 1279 quibus
659 1223 817 1277 supra
847 1206 1209 1266 tractavimus,
1241 1215 1484 1257 auctores
1517 1217 1642 1257 vero
1661 1217 1782 1257 esse

193 1306 567 1361 damnandos.
595 1305 681 1373 qui
711 1304 920 1370 obliqua
952 1311 1003 1355 et
1043 1299 1267 1368 maligna
1293 1297 1586 1351 subtilitate
1612 1305 1664 1349 et
1688 1311 1776 1349 ca-

195 1396 383 1466 ligine
427 1393 762 1448 offenderunt
802 1391 1158 1444 innocentium
1181 1401 1390 1451 sensus,
1430 1403 1522 1454 per
1549 1403 1664 1454 qum
1692 1401 1783 1440 vc-

194 1487 390 1541 lamen
422 1484 749 1540 obducerent
781 1477 1004 1545 veritati,
1037 1478 1282 1534 tenebras
1313 1479 1504 1542 lucem,
1533 1486 1585 1530 et
1609 1477 1777 1531 lucem

193 1576 465 1632 tenebras
485 1574 835 1630 venditantes.

280 1672 346 1727 Il.
377 1671 538 1739 Igitur
575 1670 618 1724 si
669 1667 785 1738 quis
815 1664 1158 1736 ignorationis
1205 1673 1414 1733 captum
1459 1661 1779 1729 resipiscens

1950 476 1990 529 Ι.
2021 476 2248 532 Primam
2277 493 2339 533 ex
2369 479 2576 536 duabus
2610 484 2850 550 epistolis
2879 485 3321 554 subsequentibus
3348 487 3448 542 Sa-

1879 567 2034 634 crati,
2059 569 2148 623 lib.
2179 586 2250 636 tv,
2278 587 2325 626 c.
2356 571 2438 636 η,
2471 574 2624 627 simul
2643 586 2696 629 et
2716 575 3032 640 Sozomeno,
3060 578 3147 631 lib.
3176 593 3246 638 vt.
3275 595 3321 639 c.
3356 582 3441 646 ll,

1879 661 2098 714 alteram
2121 663 2218 715 soli
2245 662 2444 717 Socrati
2475 663 2602 718 ibid.
2637 669 2875 735 quamvis
2905 680 2954 720 et
2985 669 3138 736 hujus
3163 671 3319 723 etiam
3343 671 3443 724 So-

1879 765 2130 805 zomenus
2185 753 2502 819 meminerit.
2551 754 2822 810 debemus.
2872 762 3195 825 Quaeautem
3237 761 3442 816 illarum

1878 841 2272 897 scribendarum
2303 845 2508 897 occasio
2538 847 2817 909 exstiterit,
2843 864 2908 902 ex
2945 858 3166 920 utroque
3191 849 3274 905 hic
3305 866 3441 919 pra:-

1880 933 2045 986 libare
2067 950 2240 1004 operm
2272 937 2496 1003 pretium
2531 936 2703 991 fuerit.
2746 939 2945 1010 Nempe
2986 955 3105 994 cum
3153 941 3438 1010 Eudoxius,

1879 1025 2116 1080 Valentis
2159 1027 2488 1097 imperatoris
2535 1032 2844 1086 auctoritate
2884 1032 3067 1100 fretus,
3106 1034 3444 1090 Macedonia-

1881 1133 1977 1172 nos
2005 1134 2192 1173 vexare
2214 1120 2613 1189 aggrederetur,
2651 1125 2700 1178 hi
2728 1126 2982 1178 malorum
3027 1127 3442 1195 impendentium

1883 1220 2044 1276 metu,
2073 1210 2245 1268 missis
2271 1214 2406 1268 inter
2429 1228 2486 1268 si:
2511 1231 2605 1284 per
2627 1217 2861 1289 singulas
2889 1220 3044 1273 nrbes
3069 1220 3440 1290 legationibus,

1881 1303 2046 1356 satius
2086 1303 2517 1372 essejudicaruut
2539 1316 2594 1360 ut
2618 1307 2681 1361 ad
2711 1309 3124 1364 Valentinianum
3150 1321 3202 1364 et
3229 1314 3292 1364 ad
3324 1319 3440 1378 epi-

1881 1411 2096 1466 scopum
2122 1399 2264 1452 urbis
2287 1397 2466 1452 ante
2490 1399 2856 1469 confugerent,
2887 1417 3175 1470 eorumque
3199 1419 3439 1456 commu-

1882 1489 2022 1543 nioni
2044 1489 2409 1559 jungerentur,
2433 1506 2586 1560 quam
2613 1504 2665 1545 ut
2691 1508 2810 1547 cum
2856 1493 3070 1547 Valente
3115 1494 3443 1561 Eudoxiique

1881 1581 2098 1636 asseelis
2121 1582 2168 1635 in
2201 1581 2320 1636 ﬁdei
2349 1582 2582 1636 doctrina
2615 1585 3084 1638 connnuuiearent.
3116 1584 3317 1638 Mittunt
3350 1584 3446 1654 lgi-

1885 1685 1968 1728 tur
1991 1676 2056 1728 de
2079 1691 2172 1727 suo
2202 1689 2421 1729 numero
2449 1682 2554 1729 tres
2590 1677 2885 1744 episcopos.
2924 1677 3252 1729 Enstathimn
3280 1675 3444 1730 Seba.

191 1763 476 1818 sermonis
503 1769 698 1815 nostrae
722 1759 1081 1813 advocationis
1109 1757 1186 1826 (2)
1218 1756 1524 1811 brevissima
1545 1754 1670 1807 illud
1698 1755 1777 1807 vi-

1886 1768 2019 1831 :tiw,
2045 1767 2316 1822 Silvanum
2359 1769 2508 1823 Tarsi
2555 1777 2607 1823 et
2653 1769 3000 1835 Theophilum
3043 1768 3442 1824 Castabalorum

194 1871 301 1909 rus
335 1855 385 1907 in
421 1867 478 1907 se
501 1851 803 1921 pestiferum
827 1848 1282 1917 Arianidngmatis
1309 1845 1585 1900 snlulolum
1617 1859 1676 1898 ac
1708 1855 1786 1898 te-

195 1946 500 2000 nebrosum
530 1942 698 1996 fuerat
717 1949 966 2007 exnertus
987 1979 1001 2003 ,
1027 1950 1301 2007 reparatus
1331 1935 1625 1993 exhauriat.
1657 1949 1785 1989 ron-

194 2037 449 2097 ‘demnet,
468 2033 931 2101 vehementiusque
949 2032 998 2085 in
1017 2041 1257 2084 auctores
1274 2029 1385 2098 ejus
1402 2028 1637 2082 insmviat
1651 2041 1782 2094 quos

197 2127 343 2181 inse
367 2126 622 2180 violentos
652 2134 902 2191 expertus
931 2131 1029 2187 est,
1051 2129 1319 2190 totumque
1341 2135 1398 2174 se
1423 2118 1538 2172 fidei
1567 2129 1783 2189 aposto-

196 2217 330 2272 lica:
366 2227 420 2270 et
457 2215 728 2270 catholica:
766 2230 929 2284 usque
965 2213 1028 2267 ad
1059 2212 1283 2266 Nicaeus:
1331 2210 1516 2280 synodi
1546 2209 1624 2280 (5)
1652 2224 1780 2262 con-

198 2317 430 2361 ventum
463 2307 526 2360 de
557 2307 761 2375 integro
781 2304 1059 2373 tnaucipct.
1082 2303 1358 2371 Pcrquatn
1378 2301 1778 2369 professionem,

199 2400 425 2454 etiamsi
453 2397 763 2467 quibusdam
796 2397 908 2450 leve
952 2404 1004 2449 et
1051 2393 1327 2448 remissum
1353 2393 1580 2455 videtur,
1627 2406 1781 2445 recu-

201 2502 364 2561 peret
394 2489 444 2544 id
466 2490 603 2559 quod
629 2504 719 2559 per
743 2489 985 2543 astutiam
1012 2487 1264 2542 rectltatis
1284 2486 1552 2547 amiserat.
1589 2484 1780 2539 Verum

201 2582 256 2635 si
277 2581 472 2650 aliquis
499 2594 600 2633 tam
622 2579 827 2635 stolida:
857 2578 1067 2638 mentis,
1094 2575 1231 2646 quod
1267 2575 1403 2629 haud
1458 2574 1640 2639 credo,
1669 2575 1783 2629 lue-

204 2674 283 2729 rit
315 2674 582 2738 inventus,
607 2674 692 2739 qui
723 2685 825 2724 nou
857 2670 1026 2724 solum
1050 2668 1178 2722 nolit
1203 2666 1456 2731 converti,
1490 2665 1780 2718 antidotum

205 2767 479 2835 recipiens
533 2764 775 2818 sanitatis
823 2761 934 2832 (4),
979 2773 1238 2814 venenum
1297 2760 1543 2825 virusque
1595 2757 1784 2811 noxius

207 2882 335 2925 sese
364 2864 634 2920 vindicare
657 2858 976 2923 crediderit;
999 2864 1052 2912 et
1082 2855 1281 2908 ratione
1305 2853 1562 2912 vincetur,
1587 2857 1638 2901 et
1667 2861 1785 2900 aue-

207 2964 320 3020 tori
353 2961 590 3035 perﬁdia:
627 2955 827 3026 perdite
873 2952 1171 3020 deputatus,
1210 2942 1466 3000 Ecclesiae
1511 2937 1784 2993 catholica)

209 3053 442 3128 spiritali
473 3052 654 3121 vigore
683 3049 956 3119 plectetur.

210 3202 420 3255 taritate
449 3199 694 3254 munitum
733 3209 803 3253 est
835 3199 895 3252 de
922 3199 1120 3265 pietate,
1143 3193 1506 3248 'contendentes
1544 3207 1643 3245 non
1678 3207 1782 3244 esse

208 3272 523 3344 parcendum
569 3273 644 3344 his
669 3271 918 3344 quiapud
949 3269 1240 3344 Ariminum
1271 3267 1555 3344 ignorantes
1581 3273 1782 3344 egerunt

213 3337 340 3413 (seu
372 3343 654 3412 errarunt),
681 3337 858 3407 quibus
888 3341 1078 3413 nescire
1105 3337 1499 3413 quo-dillicitam
1528 3348 1661 3413 erat,
1688 3338 1784 3406 fuit

209 3407 423 3482 captum
454 3413 566 3480 (ει-ιι
609 3407 876 3482 laqueum)
902 3409 1084 3482 erroris
1118 3407 1368 3482 incidere;
1398 3407 1582 3482 idcirco
1603 3408 1680 3482 eis
1705 3424 1783 3460 se-

211 3478 399 3537 ueritas
431 3478 767 3552 (disciplinac)
791 3479 1111 3547 reprndenda
1135 3489 1228 3552 est.
1265 3478 1366 3531 Sed
1393 3478 1535 3552 mihi,
1566 3478 1646 3530 cui
1665 3495 1782 3530 cou-

214 3557 350 3607 venit
401 3549 871 3604 omnia—moderate
925 3549 1267 3621 perpendere,
1318 3550 1533 3621 maxime
1571 3564 1683 3621 cum
1735 3556 1780 3600 et

221 3623 460 3692 (Egyptii
483 3640 650 3675 omnes
671 3635 713 3675 ct
741 3617 1464 3692 Achiviadunatisententiam
1497 3617 1782 3692 (hanc)__rc-

213 3688 462 3761 cep'r'rint,
496 3695 652 3746 visunt
697 3703 769 3747 est
814 3692 1114 3758 parcendum
1156 3688 1353 3758 quidem
1392 3689 1468 3740 Itis
1511 3693 1573 3740 de
1605 3689 1781 3757 quibus

211 3760 375 3822 supra
403 3765 743 3823 tractavimus,
775 3765 861 3830 qui
891 3766 1006 3815 scil.
1036 3762 1086 3814 in
1108 3762 1304 3813 erroris
1332 3760 1569 3826 laqueum
1601 3761 1665 3810 ita
1696 3761 1776 3812 in-

211 3835 488 3894 cideruut,
523 3845 577 3885 ut
621 3833 780 3886 illaesa
822 3831 1141 3886 Conscientia
1181 3830 1444 3882 haereticis
1494 3843 1781 3883 consense-

213 3903 344 3956 rint.
383 3903 580 3957 Deinde
624 3904 760 3967 quod
792 3901 857 3955 de
895 3899 1178 3967 impietatis
1221 3899 1520 3952 attctOribus
1564 3898 1774 3954 dicitur.

213 3990 324 4025 non
362 3974 428 4026 ita
451 3973 870 4042 intelligendum,
896 3970 1312 4042 quaslcisrvenia
1338 3969 1494 4042 etiam
1527 3978 1774 4042 negetur:

213 4044 312 4096 sed
335 4045 452 4110 quia
479 4044 553 4096 eis
579 4040 793 4096 in‘clero
815 4041 1156 4111 permanendi
1180 4055 1307 4111 Aspes
1334 4040 1643 4111 sublatasit.
1671 4040 1778 4097 lloc

212 4122 302 4165 est
325 4109 640 4166 Athanasius
667 4116 716 4166 in
743 4109 962 4181 epistola
992 4110 1054 4162 ad
1086 4109 1419 4181 Ruﬁniauum
1453 4109 1646 4181 tradit,
1673 4127 1776 4166 non

211 4184 390 4253 solum
423 4186 470 4235 in
497 4182 744 4253 Egyptu,
780 4179 1775 4253 SedinGrmcia,inllispania,inGallia

213 4264 270 4305 et
317 4251 508 4318 ubique
535 4250 796 4321 episcopis
823 4251 1100 4321 placuis.~e,
1129 4259 1181 4302 ut
1209 4251 1270 4301 iis
1299 4252 1383 4321 qui
1413 4250 1544 4316 lapsi
1569 4262 1704 4312 sunt,
1734 4269 1776 4305 st

210 4322 490 4390 impietatis
519 4325 702 4394 fuerint
724 4320 976 4382 auctores.
1015 4321 1155 4394 venia
1183 4320 1504 4394 concedatur,
1532 4321 1776 4394 siquidem

212 4389 546 4464 resipiscunt',
575 4410 664 4446 nec
690 4395 848 4464 (detur
880 4404 1041 4444 tamen
1082 4391 1134 4441 in
1158 4391 1288 4442 clero
1335 4389 1506 4464 locus;
1547 4390 1608 4464 iis
1638 4406 1773 4454 vero,

212 4464 304 4531 qui
349 4463 600 4533 iniquitati
644 4461 943 4532 patrocinati
989 4478 1086 4514 non
1130 4471 1266 4519 sunt,
1291 4461 1376 4533 sed
1412 4463 1697 4533 necessitate
1717 4479 1774 4514 ac

1885 1876 2005 1916 cum
2052 1863 2258 1924 litteris,
2292 1873 2398 1916 ttun
2436 1863 2501 1914 ab
2531 1864 2658 1916 urbe
2697 1862 2918 1932 Smyrna
2965 1861 3016 1915 in
3044 1861 3190 1924 A~ia,
3243 1872 3348 1913 tum
3379 1877 3444 1915 ex

1886 1951 2212 2024 Pamphylia,
2247 1953 2441 2007 lsauria
2479 1969 2539 2007 ac
2564 1953 2720 2023 Lycia
2772 1955 2856 2007 ubi
2884 1953 3106 2006 concilia
3147 1952 3449 2007 celebrave-

1886 2049 2024 2107 rant,
2069 2043 2130 2095 ad
2157 2041 2421 2097 Liberium
2455 2058 2725 2096 romanum
2759 2043 3062 2112 episeopum
3093 2053 3144 2096 et
3183 2042 3444 2097 Occiden-

1886 2131 2015 2187 tales
2069 2133 2328 2186 antistites
2370 2134 2598 2203 scriptis,
2634 2151 2652 2184 ι
2686 2133 2895 2202 quibus,
2935 2151 2954 2185 ›
2991 2133 3159 2202 inquit
3195 2131 3448 2187 Snznme-

1885 2240 2002 2287 nus,
2041 2243 2060 2277 ι
2095 2239 2188 2280 eos
2239 2224 2602 2286 hortabantur.
2649 2237 2700 2278 ut
2756 2225 2954 2294 legatos
2988 2241 3111 2278 suos
3160 2222 3302 2277 omni
3344 2238 3446 2292 ope

1884 2316 2212 2386 adjuvarent,
2240 2325 2432 2371 etcum
2472 2317 2575 2371 illis
2598 2317 2719 2383 quid
2750 2318 3008 2386 agendum
3044 2325 3185 2370 esset
3215 2328 3444 2385 perpen-

1883 2411 2088 2472 derent,
2120 2419 2172 2462 et
2207 2419 2396 2462 statum
2441 2407 2694 2464 Ecclesia:
2737 2418 2886 2478 prout
2935 2408 3060 2477 ipsis
3089 2409 3255 2461 visum
3305 2417 3449 2463 esset

1883 2502 2206 2571 corrigerent
2238 2519 2248 2553 :
2274 2503 2466 2572 quippe
2491 2503 2576 2570 qui
2607 2501 2819 2568 probam
2852 2515 2911 2554 ac
2934 2501 3173 2554 stabilem
3200 2499 3355 2554 fidem
3380 2499 3446 2555 ab

1882 2595 2135 2665 apostolis
2175 2597 2414 2650 traditam
2437 2595 2744 2658 retinerent,
2767 2610 2829 2648 ac
2852 2607 2957 2663 pra:
2977 2595 3183 2649 ca'teris
3199 2597 3446 2649 omnibus

1884 2689 2152 2759 religionis
2179 2705 2354 2743 curam
2379 2702 2564 2757 gerere
2586 2688 2858 2740 deberent.
2890 2704 2908 2737 ι
2947 2687 3166 2740 Prolixa:
3189 2697 3339 2740 erant
3364 2687 3445 2739 Ine

1883 2781 2087 2846 littera',
2116 2781 2337 2850 ideoque
2357 2795 2386 2834 a
2415 2779 2632 2834 Socrate
2673 2779 3057 2847 przetermissaz.
3095 2774 3241 2831 Unde
3277 2780 3448 2831 comi-

1882 2873 1956 2942 git
1982 2889 2028 2926 ιιι
2060 2875 2122 2926 ad
2155 2889 2250 2927 nos
2275 2874 2488 2928 minime
2517 2874 2867 2942 pervenirent.
2900 2871 3079 2938 Legati
3113 2871 3330 2923 Romam
3358 2885 3450 2925 ve-

1884 2967 2109 3025 nientes,
2134 2980 2251 3018 cum
2278 2964 2697 3018 Valentinianum
2725 2964 2863 3019 bello
2891 2965 2940 3017 in
2969 2963 3152 3019 Galliis
3173 2963 3443 3018 detentmn

1885 3058 2032 3112 adire
2061 3058 2188 3128 ipsis
2219 3074 2320 3112 non
2352 3059 2608 3126 licuisset,
2641 3059 2838 3114 litteras
2868 3072 2990 3112 suas
3024 3059 3234 3112 Liberio
3259 3075 3446 3129 porre-

1889 3199 2114 3252 maxime,
2135 3212 2252 3251 cum
2283 3208 2336 3250 et
2363 3199 2410 3251 id
2447 3204 2613 3267 ipsum
2646 3200 2869 3264 [)Osllllcl.
2900 3199 3125 3266 quodam
3161 3200 3316 3254 modo
3348 3201 3446 3254 ibi-

1884 3267 2002 3320 dem
2025 3271 2253 3321 subneva
2279 3269 2829 3332 interlocutioSahbze,
2853 3281 2900 3321 et
2924 3269 3144 3322 aliorum
3161 3271 3442 3324 monacho-

1887 3355 1998 3388 rum
2027 3342 2091 3391 de
2122 3339 2476 3394 Alexandrino
2503 3339 2718 3392 decreto
2746 3340 3063 3392 dicentium:
3102 3338 3217 3392 Non
3249 3354 3316 3393 est
3349 3357 3442 3396 vox

1883 3409 2146 3481 Athanasii
2173 3420 2364 3481 tuatim:
2391 3454 2402 3471 ,
2437 3412 2522 3463 sed
2551 3424 2597 3464 et
2623 3410 2959 3479 synodorum;
2992 3411 3106 3462 nam
3143 3412 3271 3481 idem
3300 3424 3440 3481 pater

1883 3479 2022 3548 dicit,
2062 3481 2178 3546 quia
2212 3491 2253 3531 et
2297 3477 2514 3532 Romani
2553 3493 2595 3532 et
2630 3477 2793 3532 σι’ωεὶ
2834 3491 3142 3548 receperunt.
3185 3479 3255 3533 lbi
3299 3477 3438 3534 enim

1883 3546 2225 3602 liontanorum
2266 3551 2475 3604 norninc
2516 3553 2671 3605 etiam
2706 3546 2992 3603 Rnlttattant
3048 3551 3323 3604 ecclesiam
3363 3551 3442 3603 itt-

1884 3619 2216 3686 telligendam
2247 3634 2363 3672 esse
2405 3623 2502 3673 iste
2549 3619 2742 3674 Liberii
2770 3621 2915 3673 locus
2953 3619 3247 3687 persuadet.
3293 3620 3437 3672 Prur-

1883 3695 2021 3741 terca
2055 3690 2316 3744 Liberium
2347 3706 2406 3744 ac
2439 3691 2726 3743 llomzmam
2754 3690 3031 3743 ecclesiam
3065 3691 3199 3742 circa
3237 3689 3443 3757 episeo-

1881 3773 1974 3826 pos
2003 3761 2220 3814 Arimini
2256 3761 2430 3828 lapsos
2456 3761 2825 3814 Alexandrime
2870 3759 3054 3828 synodi
3097 3762 3309 3813 decreto
3335 3771 3442 3812 ste-

1881 3831 2006 3883 tisse
2056 3840 2163 3884 tum
2206 3846 2269 3884 ex
2320 3831 2414 3884 hac
2444 3833 2551 3900 ipsa
2590 3831 2831 3897 epistola,
2863 3838 2970 3882 tmn
2997 3845 3060 3881 ex
3093 3830 3271 3882 Hilarii
3302 3829 3442 3900 frag-

1880 3912 2056 3952 mento
2082 3916 2170 3964 xu,
2203 3918 2255 3953 ιι.
2283 3903 2336 3964 '5,
2361 3913 2467 3954 tum
2488 3909 2568 3956 est
2592 3902 2815 3955 Historia
2834 3899 3007 3953 Rulini
3038 3900 3126 3952 lib.
3153 3915 3188 3963 ι,
3207 3914 3324 3965 Cap.
3349 3899 3438 3966 .30,

1876 3979 2098 4023 Constat.

1949 4040 2111 4111 (2)1n
2148 4041 2421 4096 Pitltueano
2453 4058 2553 4095 ms.
2597 4042 2880 4104 benissiina,
2917 4040 3050 4094 forte
3072 4055 3164 4106 pro
3187 4039 3441 4094 lenissima

1877 4122 1965 4164 aut
1991 4112 2362 4179 benignissima.
2417 4115 2530 4166 Mox
2565 4115 2613 4164 in
2656 4129 2752 4164 ms.
2784 4111 2944 4167 Sirm.
2989 4111 3308 4174 latebrosum,
3335 4127 3438 4165 non

1878 4182 2207 4234 tenebrosum.
2264 4183 2430 4235 Minus
2484 4199 2608 4236 vero
2666 4183 2887 4235 obscura
2939 4183 3041 4234 erit
3087 4183 3276 4241 oratio,
3309 4196 3440 4234 eon-

1863 4263 2070 4305 strurta
2106 4257 2152 4304 in
2180 4260 2317 4306 nunc
2346 4253 2554 4306 modum
2589 4270 2600 4303 :
2633 4251 2798 4318 Igitur
2849 4253 2893 4304 si
2919 4252 3029 4316 quis
3061 4251 3191 4304 illud
3234 4252 3366 4303 virus
3391 4253 3442 4305 in

1875 4339 1928 4376 se
1955 4326 2244 4391 pestiferum
2276 4324 2449 4375 Ariani
2476 4323 2725 4391 dogmatis
2754 4322 3019 4373 subdolum
3051 4338 3108 4373 ac
3128 4323 3441 4375 tenebrosum

1903 4411 1992 4448 seu
2036 4392 2361 4464 latebrosum)
2405 4397 2568 4461 fuerat
2597 4404 2848 4464 expertus.
2878 4393 3217 4464 ignorationis
3241 4404 3444 4460 captum

1877 4393 1992 4534 (seu
2036 4393 2361 4464 latebrosum)
2405 4397 2568 4461 fuerat
2597 4404 2848 4456 expertus.
2878 4393 3203 4460 ignorationis
3241 4404 3444 4460 captum

1905 4480 1993 4518 seu
2023 4465 2081 4515 ab
2108 4465 2437 4533 ignorationis
2459 4466 2630 4532 captu)
2661 4463 2987 4534 resipiscens,
3006 4463 3246 4534 sermonis
3286 4465 3446 4517 nostri

211 4523 453 4605 uiolenti}
502 4523 655 4586 tracti
683 4537 838 4605 fuere,
878 4542 923 4585 et
964 4533 1103 4585 venia
1143 4531 1441 4583 concedatur
1472 4541 1515 4583 et
1552 4531 1696 4584 detur
1723 4533 1774 4584 in
1800 4523 1854 4582 Ι)
1881 4523 2506 4588 ὶειιὶδδὶηιιῖαιιΙιοι-ιαιὶοηε
2522 4523 2788 4602 reparatus
2819 4533 2942 4585 illttd
2970 4531 3079 4599 jam
3109 4533 3371 4587 exhauriat
3398 4543 3444 4589 et

212 4603 352 4656 clero
380 4604 538 4658 locus.

291 4671 371 4743 (l)
403 4673 504 4728 Seu
538 4676 648 4744 jam
681 4675 814 4728 sedis
856 4672 1488 4744 apostolicwaurtoritate
1531 4674 1778 4744 munitum

213 4742 310 4797 est.
349 4742 476 4797 ttinc
506 4742 570 4797 de
610 4745 924 4812 recipiendis
963 4743 1124 4813 lapsis
1151 4743 1418 4796 decretum
1445 4746 1510 4796 ab
1546 4742 1775 4797 Alexan-

214 4815 368 4868 drina
415 4815 616 4886 synodo
666 4817 888 4886 primum
939 4813 1216 4874 eant-itum,
1251 4814 1397 4886 quod
1430 4816 1624 4886 ubique
1669 4817 1780 4882 pla-

213 4886 392 4938 cuisse
422 4883 469 4937 in
498 4884 756 4951 superiori
783 4892 901 4938 nota
929 4901 991 4938 ex
1026 4884 1297 4936 Athanasui
1336 4883 1399 4935 ad
1442 4884 1775 4938 Rutinianum

215 4956 438 5021 epistola
495 4954 853 5021 probavimus,
907 4957 1065 5008 etiam
1117 4971 1144 5004 a
1195 4954 1445 5006 Romanis
1508 4962 1776 5022 receptum

214 5041 339 5079 esse
375 5027 669 5078 conlicitur.
712 5027 820 5080 llnc
858 5036 910 5080 et
953 5028 1174 5094 ipsamet
1226 5024 1495 5078 Athanasii
1533 5026 1776 5093 epistola,

215 5096 387 5164 qualis
414 5099 462 5147 in
491 5095 705 5149 Nicmno
746 5113 777 5149 ll
805 5095 1028 5150 Concilio
1073 5105 1177 5148 act.
1207 5110 1244 5157 ι,
1275 5095 1410 5162 apud
1442 5095 1592 5160 Lab.,
1623 5107 1660 5148 t.
1687 5113 1777 5162 vn,

217 5182 341 5236 pag.
394 5167 460 5220 75
510 5175 564 5220 et
609 5166 732 5228 6δο,
781 5168 913 5221 lecta
955 5175 1036 5219 est
1089 5164 1288 5236 diserte
1330 5167 1659 5236 teStilicatur.
1705 5168 1774 5221 lbi

213 5234 358 5289 enim
392 5235 569 5291 relatis
600 5237 942 5290 Alexandrini
984 5234 1186 5289 decreti
1228 5235 1426 5298 verbis,
1463 5236 1774 5304 subjicitur:

216 5304 348 5360 Haec
394 5318 437 5359 et
487 5305 659 5360 Ranae
697 5313 812 5375 (seu
862 5319 915 5358 ut
967 5307 1121 5360 habet
1158 5308 1372 5375 antiqua
1412 5307 1777 5365 interpretatio

214 5377 372 5448 Lah.,
409 5392 524 5445 pag.
557 5377 681 5439 (:80,
704 5373 935 5448 Romam)
957 5378 1162 5448 scripta,
1198 5386 1242 5428 et
1275 5373 1307 5428 α
1328 5373 1670 5429 Romanorum
1695 5394 1778 5430 ec-

213 5447 368 5500 clesia
407 5460 525 5500 sunt
570 5458 784 5517 recepta.
833 5447 968 5500 Istud
1013 5447 1225 5516 quidem
1267 5447 1474 5500 sodales
1528 5449 1776 5517 nostriin

212 5519 483 5572 veteribus
507 5515 781 5572 Athanasii
811 5515 1097 5582 codicibus,
1122 5531 1253 5586 quos
1286 5531 1661 5583 recognovere,
1686 5515 1779 5569 de-

211 5589 440 5644 siderari
498 5590 882 5643 ob<ervaruntz
923 5590 1014 5644 sed
1064 5590 1144 5641 his
1193 5589 1516 5656 przclerenda
1577 5589 1779 5643 videtur

210 5661 500 5715 auctoritas
528 5662 860 5728 antiquorum
883 5662 1077 5716 Nica-ni
1111 5677 1152 5715 tt
1177 5663 1409 5727 concilii,
1441 5677 1557 5714 eum
1580 5676 1780 5731 gra-co—

213 5748 335 5795 ruta
386 5743 498 5791 tuin
542 5731 827 5792 latinorum
864 5734 1248 5805 exemplarium
1284 5732 1338 5796 id
1374 5733 1775 5808 eslnbentium;

1881 4606 2193 4657 condemnet.

1951 4674 2028 4745 (ὅ)
2065 4675 2172 4728 lloc
2217 4683 2315 4737 cst,
2351 4673 2399 4726 id
2440 4681 2654 4743 prmstet
2686 4715 2700 4737 ,
2751 4672 2888 4745 quod
2913 4671 3291 4745 illaceduniani
3333 4675 3447 4740 epi-

1880 4742 2025 4811 seopi
2059 4747 2109 4798 in
2149 4747 2366 4812 cpistola
2395 4742 2656 4810 sequenti,
2676 4747 2819 4811 jussu
2848 4742 3062 4802 lnbrrii,
3095 4745 3442 4806 prolitenlur:

1884 4815 2028 4867 Hanc
2050 4825 2215 4868 autem
2239 4815 2534 4866 catholicam
2552 4825 2593 4867 et
2616 4815 2957 4884 apostolicam
2967 4812 3121 4884 [idem
3143 4828 3248 4865 esse
3261 4832 3446 4884 agnos-

1881 4888 2074 4950 cimus,
2126 4902 2238 4956 qua!
2280 4902 2437 4954 usque
2499 4885 2564 4937 ad
2615 4879 2882 4956 concilium
2931 4879 3196 4956 Nirceuum
3253 4879 3445 4950 integra

1881 4966 1925 5008 et
1974 4954 2270 5008 inconcussa
2306 4957 2594 5024 permansit.
2648 4955 2878 5021 Uterque
2924 4954 3008 5005 ille
3050 4954 3194 5005 locus
3237 4958 3444 5023 opinio.

1883 5043 2002 5079 nem
2049 5023 2499 5095 proliigatrenrmn
2523 5065 2536 5087 ,
2571 5026 2762 5094 quibus
2790 5031 3008 5095 patres.
3047 5027 3134 5095 qui
3179 5023 3445 5081 Nic-a-natn

1881 5097 2142 5166 synodum
2201 5092 2614 5163 praecesserunt,
2679 5095 2787 5149 Arii
2842 5092 3044 5162 placitis
3095 5092 3288 5150 favisse
3351 5099 3448 5151 visi

1877 5176 2020 5221 sunt.

1953 5235 2036 5307 (ὁ)
2070 5237 2243 5298 Forte,
2282 5234 2469 5288 Verum
2497 5236 2646 5289 etiam
2680 5251 2918 5288 venenum
2948 5234 3181 5307 virusque
3211 5235 3373 5307 potius
3397 5251 3451 5288 se

1881 5304 2179 5361 “(Lm-um
2212 5307 2350 5360 hunc
2401 5308 2491 5360 illu
2527 5317 2628 5359 trat
2669 5308 2801 5359 alter
2847 5306 3216 5368 subsequentis
3256 5304 3452 5372 episto-

1883 5378 1946 5431 l;t'
1982 5379 2046 5430 Η»
2068 5393 2223 5441 quam
2249 5392 2456 5430 rursum
2486 5377 2726 5430 Liberius
2756 5379 2830 5428 sic
2866 5372 3058 5428 claudit
3089 5388 3100 5422 :
3135 5373 3195 5424 Si
3220 5385 3328 5442 post
3357 5374 3451 5426 hoc

1885 5448 2168 5506 comitium,
2205 5462 2444 5512 perversae
2473 5448 2709 5498 doctrina:
2748 5447 2882 5496 virus
2927 5458 3164 5506 evomere,
3202 5454 3244 5492 et
3283 5459 3453 5496 omnes

1883 5518 1993 5569 Arii
2027 5518 2356 5583 ‘tlasphcmias
2387 5519 2622 5585 reﬁcere,
2653 5531 2831 5585 easque
2857 5512 3170 5585 anathemate
3190 5582 3196 5585 ’
3207 5512 3456 5585 damnare

1883 5581 2156 5647 uoluerint,
2181 5589 2341 5638 sciant
2369 5581 2634 5653 scr—pariter
2661 5601 2772 5636 cum
2795 5583 2914 5635 Aria
2932 5581 3138 5653 ejusque
3164 5581 3452 5645 discipulis,

1882 5657 2168 5724 ueterisque
2187 5650 2564 5720 serpentibus...
2590 5666 2852 5711 extraneas
2875 5667 2977 5706 esse
2997 5659 3041 5704 et
3065 5650 3262 5703 alienos
3275 5665 3303 5703 a
3317 5665 3458 5705 com.

1886 5729 2117 5788 omniane
2147 5727 2402 5788 ιιι-διεξίω.
