  <div class='ocr_page' id='page_1' title='image "/cluster/home/n/w/nwhite01/storage/ocr_20150623/8/uva.x000826528/695.png"; bbox 0 0 3910 6212; ppageno 0'>
   <div class='ocr_carea' id='block_1_1' title="bbox 485 232 625 291">
    <p class='ocr_par' dir='ltr' id='par_1_1' title="bbox 485 232 625 291">
     <span class='ocr_line' id='line_1_1' title="bbox 485 232 625 291; baseline -0.021 -1"><span class='ocrx_word' id='word_1_1' title='bbox 485 232 625 291; x_wconf 72' lang='grc'><strong>1575</strong></span> 
     </span>
    </p>
   </div>
   <div class='ocr_carea' id='block_1_2' title="bbox 1791 222 2341 285">
    <p class='ocr_par' dir='ltr' id='par_1_2' title="bbox 1791 222 2341 285">
     <span class='ocr_line' id='line_1_2' title="bbox 1791 222 2341 285; baseline 0 -2"><span class='ocrx_word' id='word_1_2' title='bbox 1791 225 2101 283; x_wconf 65' lang='grc' dir='ltr'><strong>ιιηιῖιῑιυε</strong></span> <span class='ocrx_word' id='word_1_3' title='bbox 2144 222 2314 285; x_wconf 78' lang='grc' dir='ltr'><strong>ΡΑῘἈ</strong></span> <span class='ocrx_word' id='word_1_4' title='bbox 2328 266 2341 283; x_wconf 89' lang='grc'><strong>.</strong></span> 
     </span>
    </p>
   </div>
   <div class='ocr_carea' id='block_1_3' title="bbox 3593 228 3718 289">
    <p class='ocr_par' dir='ltr' id='par_1_3' title="bbox 3593 228 3718 289">
     <span class='ocr_line' id='line_1_3' title="bbox 3593 228 3718 289; baseline -0.04 0"><span class='ocrx_word' id='word_1_5' title='bbox 3593 228 3718 289; x_wconf 75' lang='grc'><strong>1578</strong></span> 
     </span>
    </p>
   </div>
   <div class='ocr_carea' id='block_1_4' title="bbox 484 340 3720 416">
    <p class='ocr_par' dir='ltr' id='par_1_4' title="bbox 484 340 3720 416">
     <span class='ocr_line' id='line_1_4' title="bbox 484 340 3720 416; baseline -0 -13"><span class='ocrx_word' id='word_1_6' title='bbox 484 352 696 403; x_wconf 80' lang='lat' dir='ltr'><strong>xerunt.</strong></span> <span class='ocrx_word' id='word_1_7' title='bbox 732 362 751 397; x_wconf 78' lang='grc' dir='ltr'>ι</span> <span class='ocrx_word' id='word_1_8' title='bbox 782 342 847 398; x_wconf 82' lang='lat' dir='ltr'><strong>Et</strong></span> <span class='ocrx_word' id='word_1_9' title='bbox 877 341 965 397; x_wconf 88' lang='lat' dir='ltr'><strong>ille</strong></span> <span class='ocrx_word' id='word_1_10' title='bbox 992 341 1204 412; x_wconf 83' lang='lat' dir='ltr'><strong>quidem</strong></span> <span class='ocrx_word' id='word_1_11' title='bbox 1235 341 1386 396; x_wconf 82' lang='lat' dir='ltr'><strong>initio</strong></span> <span class='ocrx_word' id='word_1_12' title='bbox 1412 356 1505 397; x_wconf 81' lang='lat' dir='ltr'><strong>eos</strong></span> <span class='ocrx_word' id='word_1_13' title='bbox 1533 340 1810 396; x_wconf 80' lang='lat' dir='ltr'><strong>admittere</strong></span> <span class='ocrx_word' id='word_1_14' title='bbox 1840 356 2051 395; x_wconf 76' lang='lat' dir='ltr'><strong>rerusa-</strong></span> <span class='ocrx_word' id='word_1_15' title='bbox 2078 346 2121 403; x_wconf 70' lang='grc' dir='ltr'>Α</span> <span class='ocrx_word' id='word_1_16' title='bbox 2152 357 2253 406; x_wconf 83' lang='lat' dir='ltr'><strong>qua</strong></span> <span class='ocrx_word' id='word_1_17' title='bbox 2279 341 2521 396; x_wconf 77' lang='lat' dir='ltr'><strong>Liberius</strong></span> <span class='ocrx_word' id='word_1_18' title='bbox 2552 343 2881 398; x_wconf 86' lang='lat' dir='ltr'><strong>Enstatbium</strong></span> <span class='ocrx_word' id='word_1_19' title='bbox 2909 346 2959 400; x_wconf 92' lang='lat' dir='ltr'><strong>in</strong></span> <span class='ocrx_word' id='word_1_20' title='bbox 2999 346 3179 402; x_wconf 81' lang='lat' dir='ltr'><strong>sedem</strong></span> <span class='ocrx_word' id='word_1_21' title='bbox 3211 363 3360 402; x_wconf 87' lang='lat' dir='ltr'><strong>suam</strong></span> <span class='ocrx_word' id='word_1_22' title='bbox 3392 350 3607 405; x_wconf 84' lang='lat' dir='ltr'><strong>restitui</strong></span> <span class='ocrx_word' id='word_1_23' title='bbox 3644 351 3720 416; x_wconf 88' lang='lat' dir='ltr'><strong>ju-</strong></span> 
     </span>
    </p>
   </div>
   <div class='ocr_carea' id='block_1_5' title="bbox 486 435 2042 504">
    <p class='ocr_par' dir='ltr' id='par_1_5' title="bbox 486 435 2042 504">
     <span class='ocr_line' id='line_1_5' title="bbox 486 435 2042 504; baseline -0.004 -10"><span class='ocrx_word' id='word_1_24' title='bbox 486 436 576 494; x_wconf 87' lang='lat' dir='ltr'><strong>bat</strong></span> <span class='ocrx_word' id='word_1_25' title='bbox 595 478 609 501; x_wconf 88' lang='lat'><strong>,</strong></span> <span class='ocrx_word' id='word_1_26' title='bbox 643 436 941 492; x_wconf 84' lang='lat' dir='ltr'><strong>arianaruni</strong></span> <span class='ocrx_word' id='word_1_27' title='bbox 976 438 1200 504; x_wconf 88' lang='lat' dir='ltr'><strong>partium</strong></span> <span class='ocrx_word' id='word_1_28' title='bbox 1226 435 1342 490; x_wconf 88' lang='lat' dir='ltr'><strong>illos</strong></span> <span class='ocrx_word' id='word_1_29' title='bbox 1368 449 1487 489; x_wconf 86' lang='lat' dir='ltr'><strong>esse</strong></span> <span class='ocrx_word' id='word_1_30' title='bbox 1511 435 1713 501; x_wconf 84' lang='lat' dir='ltr'><strong>dicens,</strong></span> <span class='ocrx_word' id='word_1_31' title='bbox 1740 449 1835 488; x_wconf 88' lang='lat' dir='ltr'><strong>nec</strong></span> <span class='ocrx_word' id='word_1_32' title='bbox 1864 435 1929 486; x_wconf 89' lang='lat' dir='ltr'><strong>ab</strong></span> <span class='ocrx_word' id='word_1_33' title='bbox 1952 435 2042 488; x_wconf 79' lang='lat' dir='ltr'><strong>Ec-</strong></span> 
     </span>
    </p>
   </div>
   <div class='ocr_carea' id='block_1_6' title="bbox 484 524 2045 596">
    <p class='ocr_par' dir='ltr' id='par_1_6' title="bbox 484 524 2045 596">
     <span class='ocr_line' id='line_1_6' title="bbox 484 524 2045 596; baseline -0.005 -13"><span class='ocrx_word' id='word_1_34' title='bbox 484 530 648 584; x_wconf 86' lang='lat' dir='ltr'><strong>clesia</strong></span> <span class='ocrx_word' id='word_1_35' title='bbox 675 528 866 596; x_wconf 75' lang='lat' dir='ltr'><strong>suscipi</strong></span> <span class='ocrx_word' id='word_1_36' title='bbox 893 541 1064 594; x_wconf 81' lang='lat' dir='ltr'><strong>posse,</strong></span> <span class='ocrx_word' id='word_1_37' title='bbox 1094 536 1273 594; x_wconf 89' lang='lat' dir='ltr'><strong>utpote</strong></span> <span class='ocrx_word' id='word_1_38' title='bbox 1302 528 1388 594; x_wconf 89' lang='lat' dir='ltr'><strong>qui</strong></span> <span class='ocrx_word' id='word_1_39' title='bbox 1414 524 1676 579; x_wconf 69' lang='lat' dir='ltr'><strong>Nicmnani</strong></span> <span class='ocrx_word' id='word_1_40' title='bbox 1704 526 1857 578; x_wconf 87' lang='lat' dir='ltr'><strong>lidetn</strong></span> <span class='ocrx_word' id='word_1_41' title='bbox 1888 524 2045 578; x_wconf 87' lang='lat' dir='ltr'><strong>abro-</strong></span> 
     </span>
    </p>
   </div>
   <div class='ocr_carea' id='block_1_7' title="bbox 488 616 2045 689">
    <p class='ocr_par' dir='ltr' id='par_1_7' title="bbox 488 616 2045 689">
     <span class='ocr_line' id='line_1_7' title="bbox 488 616 2045 689; baseline -0.001 -20"><span class='ocrx_word' id='word_1_42' title='bbox 488 629 724 689; x_wconf 80' lang='lat' dir='ltr'><strong>gassent.</strong></span> <span class='ocrx_word' id='word_1_43' title='bbox 771 619 836 671; x_wconf 81' lang='lat' dir='ltr'><strong>At</strong></span> <span class='ocrx_word' id='word_1_44' title='bbox 877 617 947 669; x_wconf 89' lang='lat' dir='ltr'><strong>illi</strong></span> <span class='ocrx_word' id='word_1_45' title='bbox 983 631 1043 670; x_wconf 88' lang='lat' dir='ltr'><strong>se</strong></span> <span class='ocrx_word' id='word_1_46' title='bbox 1086 616 1283 669; x_wconf 91' lang='lat' dir='ltr'><strong>dudum</strong></span> <span class='ocrx_word' id='word_1_47' title='bbox 1341 616 1626 683; x_wconf 81' lang='lat' dir='ltr'><strong>resipuisse</strong></span> <span class='ocrx_word' id='word_1_48' title='bbox 1677 623 1730 668; x_wconf 90' lang='lat' dir='ltr'><strong>et</strong></span> <span class='ocrx_word' id='word_1_49' title='bbox 1770 616 2045 667; x_wconf 81' lang='lat' dir='ltr'><strong>veritatem</strong></span> 
     </span>
    </p>
   </div>
   <div class='ocr_carea' id='block_1_8' title="bbox 485 707 2047 780">
    <p class='ocr_par' dir='ltr' id='par_1_8' title="bbox 485 707 2047 780">
     <span class='ocr_line' id='line_1_8' title="bbox 485 707 2047 780; baseline -0.003 -16"><span class='ocrx_word' id='word_1_50' title='bbox 485 712 769 780; x_wconf 74' lang='lat' dir='ltr'><strong>agnovisse</strong></span> <span class='ocrx_word' id='word_1_51' title='bbox 830 708 1243 777; x_wconf 86' lang='lat' dir='ltr'><strong>responderunt;</strong></span> <span class='ocrx_word' id='word_1_52' title='bbox 1289 716 1342 762; x_wconf 89' lang='lat' dir='ltr'><strong>et</strong></span> <span class='ocrx_word' id='word_1_53' title='bbox 1407 709 1781 761; x_wconf 78' lang='lat' dir='ltr'><strong>Anomreorum</strong></span> <span class='ocrx_word' id='word_1_54' title='bbox 1835 707 2047 774; x_wconf 84' lang='lat' dir='ltr'><strong>quide</strong></span> 
     </span>
    </p>
   </div>
   <div class='ocr_carea' id='block_1_9' title="bbox 487 797 2046 868">
    <p class='ocr_par' dir='ltr' id='par_1_9' title="bbox 487 797 2046 868">
     <span class='ocr_line' id='line_1_9' title="bbox 487 797 2046 868; baseline -0.003 -13"><span class='ocrx_word' id='word_1_55' title='bbox 487 801 781 856; x_wconf 84' lang='lat' dir='ltr'><strong>doctrinam</strong></span> <span class='ocrx_word' id='word_1_56' title='bbox 827 799 1065 868; x_wconf 78' lang='lat' dir='ltr'><strong>ejnrassc</strong></span> <span class='ocrx_word' id='word_1_57' title='bbox 1094 800 1200 866; x_wconf 87' lang='lat' dir='ltr'><strong>jam</strong></span> <span class='ocrx_word' id='word_1_58' title='bbox 1236 798 1467 868; x_wconf 83' lang='lat' dir='ltr'><strong>pridem;</strong></span> <span class='ocrx_word' id='word_1_59' title='bbox 1504 797 1691 851; x_wconf 77' lang='lat' dir='ltr'><strong>Filium</strong></span> <span class='ocrx_word' id='word_1_60' title='bbox 1738 814 1863 851; x_wconf 85' lang='lat' dir='ltr'><strong>vero</strong></span> <span class='ocrx_word' id='word_1_61' title='bbox 1909 798 2046 850; x_wconf 77' lang='lat' dir='ltr'><strong>Patri</strong></span> 
     </span>
    </p>
   </div>
   <div class='ocr_carea' id='block_1_10' title="bbox 487 889 2040 964">
    <p class='ocr_par' dir='ltr' id='par_1_10' title="bbox 487 889 2040 964">
     <span class='ocr_line' id='line_1_10' title="bbox 487 889 2040 964; baseline -0.003 -17"><span class='ocrx_word' id='word_1_62' title='bbox 487 908 583 964; x_wconf 86' lang='lat' dir='ltr'><strong>per</strong></span> <span class='ocrx_word' id='word_1_63' title='bbox 608 894 782 947; x_wconf 88' lang='lat' dir='ltr'><strong>omnia</strong></span> <span class='ocrx_word' id='word_1_64' title='bbox 808 891 1035 945; x_wconf 80' lang='lat' dir='ltr'><strong>similem</strong></span> <span class='ocrx_word' id='word_1_65' title='bbox 1065 891 1337 945; x_wconf 85' lang='lat' dir='ltr'><strong>confessos</strong></span> <span class='ocrx_word' id='word_1_66' title='bbox 1357 906 1495 947; x_wconf 84' lang='lat' dir='ltr'><strong>esse.</strong></span> <span class='ocrx_word' id='word_1_67' title='bbox 1531 905 1627 945; x_wconf 92' lang='lat' dir='ltr'><strong>nec</strong></span> <span class='ocrx_word' id='word_1_68' title='bbox 1655 889 1867 944; x_wconf 72' lang='lat' dir='ltr'><strong>differre</strong></span> <span class='ocrx_word' id='word_1_69' title='bbox 1893 890 2040 943; x_wconf 88' lang='lat' dir='ltr'><strong>simi-</strong></span> 
     </span>
    </p>
   </div>
   <div class='ocr_carea' id='block_1_11' title="bbox 488 981 2048 1039">
    <p class='ocr_par' dir='ltr' id='par_1_11' title="bbox 488 981 2048 1039">
     <span class='ocr_line' id='line_1_11' title="bbox 488 981 2048 1039; baseline -0.003 -1"><span class='ocrx_word' id='word_1_70' title='bbox 488 984 590 1039; x_wconf 89' lang='lat' dir='ltr'><strong>lem</strong></span> <span class='ocrx_word' id='word_1_71' title='bbox 621 999 650 1037; x_wconf 88' lang='lat' dir='ltr'><strong>a</strong></span> <span class='ocrx_word' id='word_1_72' title='bbox 676 982 1133 1038; x_wconf 76' lang='lat' dir='ltr'><strong>consubstantiali.</strong></span> <span class='ocrx_word' id='word_1_73' title='bbox 1170 1002 1188 1034; x_wconf 73' lang='grc' dir='ltr'><strong><em>ι</em></strong></span> <span class='ocrx_word' id='word_1_74' title='bbox 1220 982 1351 1035; x_wconf 88' lang='lat' dir='ltr'><strong>Tum</strong></span> <span class='ocrx_word' id='word_1_75' title='bbox 1375 981 1617 1035; x_wconf 59' lang='lat' dir='ltr'><strong>Liberius</strong></span> <span class='ocrx_word' id='word_1_76' title='bbox 1641 982 1706 1035; x_wconf 89' lang='lat' dir='ltr'><strong>ab</strong></span> <span class='ocrx_word' id='word_1_77' title='bbox 1731 983 1795 1035; x_wconf 84' lang='lat' dir='ltr'><strong>iis</strong></span> <span class='ocrx_word' id='word_1_78' title='bbox 1836 994 2048 1036; x_wconf 85' lang='lat' dir='ltr'><strong>senten—</strong></span> 
     </span>
    </p>
   </div>
   <div class='ocr_carea' id='block_1_12' title="bbox 488 1072 2045 1145">
    <p class='ocr_par' dir='ltr' id='par_1_12' title="bbox 488 1072 2045 1145">
     <span class='ocr_line' id='line_1_12' title="bbox 488 1072 2045 1145; baseline -0.001 -18"><span class='ocrx_word' id='word_1_79' title='bbox 488 1074 575 1129; x_wconf 75' lang='lat' dir='ltr'><strong>tize</strong></span> <span class='ocrx_word' id='word_1_80' title='bbox 604 1090 714 1129; x_wconf 75' lang='lat' dir='ltr'><strong>sua:</strong></span> <span class='ocrx_word' id='word_1_81' title='bbox 746 1072 1126 1145; x_wconf 70' lang='lat' dir='ltr'><strong>profe~sionem</strong></span> <span class='ocrx_word' id='word_1_82' title='bbox 1158 1074 1355 1141; x_wconf 89' lang='lat' dir='ltr'><strong>scripto</strong></span> <span class='ocrx_word' id='word_1_83' title='bbox 1386 1073 1820 1142; x_wconf 71' lang='lat' dir='ltr'><strong>coinprebensam</strong></span> <span class='ocrx_word' id='word_1_84' title='bbox 1854 1074 2045 1141; x_wconf 82' lang='lat' dir='ltr'><strong>exegit.</strong></span> 
     </span>
    </p>
   </div>
   <div class='ocr_carea' id='block_1_13' title="bbox 488 1165 2049 1233">
    <p class='ocr_par' dir='ltr' id='par_1_13' title="bbox 488 1165 2049 1233">
     <span class='ocr_line' id='line_1_13' title="bbox 488 1165 2049 1233; baseline -0.003 -14"><span class='ocrx_word' id='word_1_85' title='bbox 488 1165 587 1232; x_wconf 87' lang='lat' dir='ltr'><strong>Qui</strong></span> <span class='ocrx_word' id='word_1_86' title='bbox 611 1182 730 1219; x_wconf 89' lang='lat' dir='ltr'><strong>cum</strong></span> <span class='ocrx_word' id='word_1_87' title='bbox 759 1165 986 1220; x_wconf 90' lang='lat' dir='ltr'><strong>libellum</strong></span> <span class='ocrx_word' id='word_1_88' title='bbox 1012 1165 1350 1229; x_wconf 62' lang='lat' dir='ltr'><strong>obtulissent,</strong></span> <span class='ocrx_word' id='word_1_89' title='bbox 1372 1165 1422 1217; x_wconf 93' lang='lat' dir='ltr'><strong>in</strong></span> <span class='ocrx_word' id='word_1_90' title='bbox 1446 1179 1551 1233; x_wconf 91' lang='lat' dir='ltr'><strong>quo</strong></span> <span class='ocrx_word' id='word_1_91' title='bbox 1570 1179 1687 1219; x_wconf 86' lang='lat' dir='ltr'><strong>sese</strong></span> <span class='ocrx_word' id='word_1_92' title='bbox 1712 1165 1820 1218; x_wconf 80' lang='lat' dir='ltr'><strong>Arii</strong></span> <span class='ocrx_word' id='word_1_93' title='bbox 1846 1173 1898 1218; x_wconf 88' lang='lat' dir='ltr'><strong>et</strong></span> <span class='ocrx_word' id='word_1_94' title='bbox 1921 1165 2049 1218; x_wconf 86' lang='lat' dir='ltr'><strong>alio-</strong></span> 
     </span>
    </p>
   </div>
   <div class='ocr_carea' id='block_1_14' title="bbox 488 1254 2050 1326">
    <p class='ocr_par' dir='ltr' id='par_1_14' title="bbox 488 1254 2050 1326">
     <span class='ocr_line' id='line_1_14' title="bbox 488 1254 2050 1326; baseline -0.001 -16"><span class='ocrx_word' id='word_1_95' title='bbox 488 1270 605 1310; x_wconf 88' lang='lat' dir='ltr'><strong>rum</strong></span> <span class='ocrx_word' id='word_1_96' title='bbox 652 1255 1015 1309; x_wconf 64' lang='lat' dir='ltr'><strong>haereticorum</strong></span> <span class='ocrx_word' id='word_1_97' title='bbox 1044 1271 1257 1326; x_wconf 79' lang='lat' dir='ltr'><strong>pravam</strong></span> <span class='ocrx_word' id='word_1_98' title='bbox 1288 1256 1581 1309; x_wconf 76' lang='lat' dir='ltr'><strong>doctrinam</strong></span> <span class='ocrx_word' id='word_1_99' title='bbox 1623 1269 1826 1308; x_wconf 89' lang='lat' dir='ltr'><strong>necn0n</strong></span> <span class='ocrx_word' id='word_1_100' title='bbox 1859 1254 2050 1308; x_wconf 79' lang='lat' dir='ltr'><strong>Arimi-</strong></span> 
     </span>
    </p>
   </div>
   <div class='ocr_carea' id='block_1_15' title="bbox 488 1347 2049 1418">
    <p class='ocr_par' dir='ltr' id='par_1_15' title="bbox 488 1347 2049 1418">
     <span class='ocr_line' id='line_1_15' title="bbox 488 1347 2049 1418; baseline -0.001 -16"><span class='ocrx_word' id='word_1_101' title='bbox 488 1348 670 1402; x_wconf 88' lang='lat' dir='ltr'><strong>neusis</strong></span> <span class='ocrx_word' id='word_1_102' title='bbox 723 1348 909 1418; x_wconf 83' lang='lat' dir='ltr'><strong>synodi</strong></span> <span class='ocrx_word' id='word_1_103' title='bbox 959 1358 1104 1415; x_wconf 74' lang='lat' dir='ltr'><strong>gesta</strong></span> <span class='ocrx_word' id='word_1_104' title='bbox 1154 1348 1438 1410; x_wconf 86' lang='lat' dir='ltr'><strong>damnare,</strong></span> <span class='ocrx_word' id='word_1_105' title='bbox 1481 1356 1531 1401; x_wconf 93' lang='lat' dir='ltr'><strong>et</strong></span> <span class='ocrx_word' id='word_1_106' title='bbox 1587 1347 2049 1401; x_wconf 86' lang='lat' dir='ltr'><strong>consubstantialis</strong></span> 
     </span>
    </p>
   </div>
   <div class='ocr_carea' id='block_1_16' title="bbox 488 1437 2048 1507">
    <p class='ocr_par' dir='ltr' id='par_1_16' title="bbox 488 1437 2048 1507">
     <span class='ocr_line' id='line_1_16' title="bbox 488 1437 2048 1507; baseline -0.001 -14"><span class='ocrx_word' id='word_1_107' title='bbox 488 1437 791 1507; x_wconf 70' lang='lat' dir='ltr'><strong>Nicmnique</strong></span> <span class='ocrx_word' id='word_1_108' title='bbox 820 1439 1029 1492; x_wconf 85' lang='lat' dir='ltr'><strong>concilii</strong></span> <span class='ocrx_word' id='word_1_109' title='bbox 1071 1438 1249 1492; x_wconf 88' lang='lat' dir='ltr'><strong>libello</strong></span> <span class='ocrx_word' id='word_1_110' title='bbox 1278 1454 1374 1492; x_wconf 88' lang='lat' dir='ltr'><strong>suo</strong></span> <span class='ocrx_word' id='word_1_111' title='bbox 1408 1438 1657 1491; x_wconf 74' lang='lat' dir='ltr'><strong>insertam</strong></span> <span class='ocrx_word' id='word_1_112' title='bbox 1688 1438 1843 1492; x_wconf 88' lang='lat' dir='ltr'><strong>fidem</strong></span> <span class='ocrx_word' id='word_1_113' title='bbox 1882 1440 2048 1493; x_wconf 86' lang='lat' dir='ltr'><strong>susci-</strong></span> 
     </span>
    </p>
   </div>
   <div class='ocr_carea' id='block_1_17' title="bbox 486 1531 2048 1599">
    <p class='ocr_par' dir='ltr' id='par_1_17' title="bbox 486 1531 2048 1599">
     <span class='ocr_line' id='line_1_17' title="bbox 486 1531 2048 1599; baseline 0.001 -16"><span class='ocrx_word' id='word_1_114' title='bbox 486 1544 615 1599; x_wconf 86' lang='lat' dir='ltr'><strong>pere</strong></span> <span class='ocrx_word' id='word_1_115' title='bbox 661 1541 769 1583; x_wconf 90' lang='lat' dir='ltr'><strong>tum</strong></span> <span class='ocrx_word' id='word_1_116' title='bbox 803 1531 1035 1599; x_wconf 90' lang='lat' dir='ltr'><strong>proprio,</strong></span> <span class='ocrx_word' id='word_1_117' title='bbox 1083 1539 1192 1582; x_wconf 92' lang='lat' dir='ltr'><strong>tum</strong></span> <span class='ocrx_word' id='word_1_118' title='bbox 1237 1545 1416 1584; x_wconf 92' lang='lat' dir='ltr'><strong>eorum</strong></span> <span class='ocrx_word' id='word_1_119' title='bbox 1467 1545 1690 1597; x_wconf 80' lang='lat' dir='ltr'><strong>quorum</strong></span> <span class='ocrx_word' id='word_1_120' title='bbox 1738 1532 2048 1597; x_wconf 79' lang='lat' dir='ltr'><strong>legationem</strong></span> 
     </span>
    </p>
   </div>
   <div class='ocr_carea' id='block_1_18' title="bbox 487 1620 2050 1689">
    <p class='ocr_par' dir='ltr' id='par_1_18' title="bbox 487 1620 2050 1689">
     <span class='ocr_line' id='line_1_18' title="bbox 487 1620 2050 1689; baseline 0.001 -14"><span class='ocrx_word' id='word_1_121' title='bbox 487 1620 731 1684; x_wconf 83' lang='lat' dir='ltr'><strong>obibant.</strong></span> <span class='ocrx_word' id='word_1_122' title='bbox 766 1620 976 1674; x_wconf 80' lang='lat' dir='ltr'><strong>nomine</strong></span> <span class='ocrx_word' id='word_1_123' title='bbox 1015 1620 1422 1689; x_wconf 81' lang='lat' dir='ltr'><strong>profitebantur,</strong></span> <span class='ocrx_word' id='word_1_124' title='bbox 1455 1621 1877 1675; x_wconf 82' lang='lat' dir='ltr'><strong>eutnmuttionem</strong></span> <span class='ocrx_word' id='word_1_125' title='bbox 1908 1638 1937 1675; x_wconf 86' lang='lat' dir='ltr'><strong>a</strong></span> <span class='ocrx_word' id='word_1_126' title='bbox 1963 1622 2050 1677; x_wconf 81' lang='lat' dir='ltr'><strong>Li-</strong></span> 
     </span>
    </p>
   </div>
   <div class='ocr_carea' id='block_1_19' title="bbox 2148 432 3720 509">
    <p class='ocr_par' dir='ltr' id='par_1_19' title="bbox 2148 432 3720 509">
     <span class='ocr_line' id='line_1_19' title="bbox 2148 432 3720 509; baseline 0.005 -22"><span class='ocrx_word' id='word_1_127' title='bbox 2148 432 2298 487; x_wconf 86' lang='lat' dir='ltr'><strong>beret</strong></span> <span class='ocrx_word' id='word_1_128' title='bbox 2331 452 2343 487; x_wconf 90' lang='lat'><strong>:</strong></span> <span class='ocrx_word' id='word_1_129' title='bbox 2374 435 2603 487; x_wconf 67' lang='lat' dir='ltr'><strong>maxime</strong></span> <span class='ocrx_word' id='word_1_130' title='bbox 2630 450 2748 488; x_wconf 87' lang='lat' dir='ltr'><strong>cuni</strong></span> <span class='ocrx_word' id='word_1_131' title='bbox 2780 436 3025 490; x_wconf 80' lang='lat' dir='ltr'><strong>Sut‘ralcs</strong></span> <span class='ocrx_word' id='word_1_132' title='bbox 3057 452 3106 491; x_wconf 89' lang='lat' dir='ltr'><strong>et</strong></span> <span class='ocrx_word' id='word_1_133' title='bbox 3139 438 3490 503; x_wconf 67' lang='lat' dir='ltr'><strong>Sozamenus,</strong></span> <span class='ocrx_word' id='word_1_134' title='bbox 3522 442 3617 509; x_wconf 89' lang='lat' dir='ltr'><strong>qni</strong></span> <span class='ocrx_word' id='word_1_135' title='bbox 3660 438 3720 495; x_wconf 88' lang='lat' dir='ltr'><strong>de</strong></span> 
     </span>
    </p>
   </div>
   <div class='ocr_carea' id='block_1_20' title="bbox 2150 524 3718 597">
    <p class='ocr_par' dir='ltr' id='par_1_20' title="bbox 2150 524 3718 597">
     <span class='ocr_line' id='line_1_20' title="bbox 2150 524 3718 597; baseline 0.004 -22"><span class='ocrx_word' id='word_1_136' title='bbox 2150 531 2260 576; x_wconf 88' lang='lat' dir='ltr'><strong>toto</strong></span> <span class='ocrx_word' id='word_1_137' title='bbox 2287 524 2385 577; x_wconf 91' lang='lat' dir='ltr'><strong>hoc</strong></span> <span class='ocrx_word' id='word_1_138' title='bbox 2410 526 2621 593; x_wconf 70' lang='lat' dir='ltr'><strong>negatio</strong></span> <span class='ocrx_word' id='word_1_139' title='bbox 2650 529 2778 579; x_wconf 80' lang='lat' dir='ltr'><strong>satis</strong></span> <span class='ocrx_word' id='word_1_140' title='bbox 2803 539 3049 580; x_wconf 82' lang='lat' dir='ltr'><strong>aerurate</strong></span> <span class='ocrx_word' id='word_1_141' title='bbox 3078 528 3428 597; x_wconf 76' lang='lat' dir='ltr'><strong>scripserunt,</strong></span> <span class='ocrx_word' id='word_1_142' title='bbox 3452 533 3524 583; x_wconf 86' lang='lat' dir='ltr'><strong>de</strong></span> <span class='ocrx_word' id='word_1_143' title='bbox 3556 531 3718 582; x_wconf 80' lang='lat' dir='ltr'><strong>altera</strong></span> 
     </span>
    </p>
   </div>
   <div class='ocr_carea' id='block_1_21' title="bbox 2150 613 3691 682">
    <p class='ocr_par' dir='ltr' id='par_1_21' title="bbox 2150 613 3691 682">
     <span class='ocr_line' id='line_1_21' title="bbox 2150 613 3691 682; baseline 0.006 -16"><span class='ocrx_word' id='word_1_144' title='bbox 2150 613 2234 667; x_wconf 88' lang='lat' dir='ltr'><strong>illa</strong></span> <span class='ocrx_word' id='word_1_145' title='bbox 2259 616 2479 682; x_wconf 80' lang='lat' dir='ltr'><strong>epistola</strong></span> <span class='ocrx_word' id='word_1_146' title='bbox 2506 630 2719 682; x_wconf 91' lang='lat' dir='ltr'><strong>prorsus</strong></span> <span class='ocrx_word' id='word_1_147' title='bbox 2746 617 3007 671; x_wconf 76' lang='lat' dir='ltr'><strong>silurrint.</strong></span> <span class='ocrx_word' id='word_1_148' title='bbox 3038 619 3088 671; x_wconf 93' lang='lat' dir='ltr'><strong>ld</strong></span> <span class='ocrx_word' id='word_1_149' title='bbox 3120 630 3293 673; x_wconf 87' lang='lat' dir='ltr'><strong>tamen</strong></span> <span class='ocrx_word' id='word_1_150' title='bbox 3320 636 3382 673; x_wconf 83' lang='lat' dir='ltr'><strong>ex</strong></span> <span class='ocrx_word' id='word_1_151' title='bbox 3415 621 3577 675; x_wconf 86' lang='lat' dir='ltr'><strong>dietis</strong></span> <span class='ocrx_word' id='word_1_152' title='bbox 3610 635 3691 675; x_wconf 88' lang='lat' dir='ltr'><strong>me</strong></span> 
     </span>
    </p>
   </div>
   <div class='ocr_carea' id='block_1_22' title="bbox 2150 707 3717 782">
    <p class='ocr_par' dir='ltr' id='par_1_22' title="bbox 2150 707 3717 782">
     <span class='ocr_line' id='line_1_22' title="bbox 2150 707 3717 782; baseline 0.001 -24"><span class='ocrx_word' id='word_1_153' title='bbox 2150 717 2365 759; x_wconf 75' lang='lat' dir='ltr'><strong>morata:</strong></span> <span class='ocrx_word' id='word_1_154' title='bbox 2388 707 2625 775; x_wconf 64' lang='lat' dir='ltr'><strong>epistola:</strong></span> <span class='ocrx_word' id='word_1_155' title='bbox 2648 708 2713 761; x_wconf 62' lang='lat'><strong>75</strong></span> <span class='ocrx_word' id='word_1_156' title='bbox 2742 710 3035 770; x_wconf 75' lang='lat' dir='ltr'><strong>Conﬁcitur,</strong></span> <span class='ocrx_word' id='word_1_157' title='bbox 3060 709 3393 780; x_wconf 83' lang='lat' dir='ltr'><strong>Tyanensem</strong></span> <span class='ocrx_word' id='word_1_158' title='bbox 3426 711 3717 782; x_wconf 75' lang='lat' dir='ltr'><strong>synodum,</strong></span> 
     </span>
    </p>
   </div>
   <div class='ocr_carea' id='block_1_23' title="bbox 2149 795 3717 856">
    <p class='ocr_par' dir='ltr' id='par_1_23' title="bbox 2149 795 3717 856">
     <span class='ocr_line' id='line_1_23' title="bbox 2149 795 3717 856; baseline 0.004 -7"><span class='ocrx_word' id='word_1_159' title='bbox 2149 795 2236 849; x_wconf 90' lang='lat' dir='ltr'><strong>ubi</strong></span> <span class='ocrx_word' id='word_1_160' title='bbox 2268 795 2596 850; x_wconf 58' lang='lat' dir='ltr'><strong>Eustatbinm</strong></span> <span class='ocrx_word' id='word_1_161' title='bbox 2620 812 2648 850; x_wconf 86' lang='lat' dir='ltr'><strong>a</strong></span> <span class='ocrx_word' id='word_1_162' title='bbox 2675 798 2881 852; x_wconf 86' lang='lat' dir='ltr'><strong>Liberio</strong></span> <span class='ocrx_word' id='word_1_163' title='bbox 2907 800 2957 851; x_wconf 88' lang='lat' dir='ltr'><strong>iii</strong></span> <span class='ocrx_word' id='word_1_164' title='bbox 2989 804 3412 854; x_wconf 86' lang='lat' dir='ltr'><strong>communionem</strong></span> <span class='ocrx_word' id='word_1_165' title='bbox 3440 818 3596 855; x_wconf 84' lang='lat' dir='ltr'><strong>suam</strong></span> <span class='ocrx_word' id='word_1_166' title='bbox 3624 804 3717 856; x_wconf 87' lang='lat' dir='ltr'><strong>ad-</strong></span> 
     </span>
    </p>
   </div>
   <div class='ocr_carea' id='block_1_24' title="bbox 2152 885 3716 962">
    <p class='ocr_par' dir='ltr' id='par_1_24' title="bbox 2152 885 3716 962">
     <span class='ocr_line' id='line_1_24' title="bbox 2152 885 3716 962; baseline 0.005 -25"><span class='ocrx_word' id='word_1_167' title='bbox 2152 885 2368 939; x_wconf 87' lang='lat' dir='ltr'><strong>missum</strong></span> <span class='ocrx_word' id='word_1_168' title='bbox 2397 901 2515 940; x_wconf 88' lang='lat' dir='ltr'><strong>esse</strong></span> <span class='ocrx_word' id='word_1_169' title='bbox 2541 888 2729 941; x_wconf 71' lang='lat' dir='ltr'><strong>litteris</strong></span> <span class='ocrx_word' id='word_1_170' title='bbox 2766 890 2928 956; x_wconf 80' lang='lat' dir='ltr'><strong>ipsius</strong></span> <span class='ocrx_word' id='word_1_171' title='bbox 2956 891 3208 958; x_wconf 82' lang='lat' dir='ltr'><strong>c0mperit</strong></span> <span class='ocrx_word' id='word_1_172' title='bbox 3258 892 3428 945; x_wconf 76' lang='lat' dir='ltr'><strong>eidem</strong></span> <span class='ocrx_word' id='word_1_173' title='bbox 3458 908 3716 962; x_wconf 83' lang='lat' dir='ltr'><strong>episcopo</strong></span> 
     </span>
    </p>
   </div>
   <div class='ocr_carea' id='block_1_25' title="bbox 2148 979 3719 1038">
    <p class='ocr_par' dir='ltr' id='par_1_25' title="bbox 2148 979 3719 1038">
     <span class='ocr_line' id='line_1_25' title="bbox 2148 979 3719 1038; baseline 0.006 -9"><span class='ocrx_word' id='word_1_174' title='bbox 2148 986 2202 1029; x_wconf 89' lang='lat' dir='ltr'><strong>et</strong></span> <span class='ocrx_word' id='word_1_175' title='bbox 2230 979 2653 1032; x_wconf 79' lang='lat' dir='ltr'><strong>counmtninnem</strong></span> <span class='ocrx_word' id='word_1_176' title='bbox 2694 987 2746 1032; x_wconf 89' lang='lat' dir='ltr'><strong>et</strong></span> <span class='ocrx_word' id='word_1_177' title='bbox 2774 980 2951 1033; x_wconf 88' lang='lat' dir='ltr'><strong>sedem</strong></span> <span class='ocrx_word' id='word_1_178' title='bbox 2979 996 3126 1033; x_wconf 81' lang='lat' dir='ltr'><strong>suam</strong></span> <span class='ocrx_word' id='word_1_179' title='bbox 3168 981 3480 1038; x_wconf 80' lang='lat' dir='ltr'><strong>reddidisse.</strong></span> <span class='ocrx_word' id='word_1_180' title='bbox 3513 984 3625 1037; x_wconf 83' lang='lat' dir='ltr'><strong>Sed</strong></span> <span class='ocrx_word' id='word_1_181' title='bbox 3666 996 3719 1038; x_wconf 88' lang='lat' dir='ltr'><strong>et</strong></span> 
     </span>
    </p>
   </div>
   <div class='ocr_carea' id='block_1_26' title="bbox 2152 1067 3712 1143">
    <p class='ocr_par' dir='ltr' id='par_1_26' title="bbox 2152 1067 3712 1143">
     <span class='ocr_line' id='line_1_26' title="bbox 2152 1067 3712 1143; baseline 0.006 -23"><span class='ocrx_word' id='word_1_182' title='bbox 2152 1067 2249 1121; x_wconf 91' lang='lat' dir='ltr'><strong>hoc</strong></span> <span class='ocrx_word' id='word_1_183' title='bbox 2271 1081 2471 1122; x_wconf 89' lang='lat' dir='ltr'><strong>certum</strong></span> <span class='ocrx_word' id='word_1_184' title='bbox 2499 1086 2617 1124; x_wconf 87' lang='lat' dir='ltr'><strong>cum</strong></span> <span class='ocrx_word' id='word_1_185' title='bbox 2658 1085 2719 1125; x_wconf 72' lang='lat' dir='ltr'><strong>et</strong></span> <span class='ocrx_word' id='word_1_186' title='bbox 2753 1072 2996 1140; x_wconf 65' lang='lat' dir='ltr'><strong>praedicta</strong></span> <span class='ocrx_word' id='word_1_187' title='bbox 3020 1073 3198 1127; x_wconf 85' lang='lat' dir='ltr'><strong>Basilii</strong></span> <span class='ocrx_word' id='word_1_188' title='bbox 3222 1076 3444 1143; x_wconf 85' lang='lat' dir='ltr'><strong>epistola</strong></span> <span class='ocrx_word' id='word_1_189' title='bbox 3474 1076 3567 1141; x_wconf 72' lang='grc'><strong>74,</strong></span> <span class='ocrx_word' id='word_1_190' title='bbox 3607 1089 3712 1129; x_wconf 89' lang='lat' dir='ltr'><strong>tum</strong></span> 
     </span>
    </p>
   </div>
   <div class='ocr_carea' id='block_1_27' title="bbox 2150 1160 3716 1224">
    <p class='ocr_par' dir='ltr' id='par_1_27' title="bbox 2150 1160 3716 1224">
     <span class='ocr_line' id='line_1_27' title="bbox 2150 1160 3716 1224; baseline 0.006 -10"><span class='ocrx_word' id='word_1_191' title='bbox 2150 1176 2213 1214; x_wconf 81' lang='lat' dir='ltr'><strong>ex</strong></span> <span class='ocrx_word' id='word_1_192' title='bbox 2242 1160 2311 1214; x_wconf 69' lang='lat' dir='ltr'><strong>b2</strong></span> <span class='ocrx_word' id='word_1_193' title='bbox 2357 1161 2682 1216; x_wconf 84' lang='lat' dir='ltr'><strong>Eustathiuni</strong></span> <span class='ocrx_word' id='word_1_194' title='bbox 2721 1163 2873 1217; x_wconf 84' lang='lat' dir='ltr'><strong>fidem</strong></span> <span class='ocrx_word' id='word_1_195' title='bbox 2908 1165 3085 1219; x_wconf 72' lang='lat' dir='ltr'><strong>llomte</strong></span> <span class='ocrx_word' id='word_1_196' title='bbox 3129 1166 3303 1220; x_wconf 85' lang='lat' dir='ltr'><strong>datam</strong></span> <span class='ocrx_word' id='word_1_197' title='bbox 3340 1171 3593 1223; x_wconf 86' lang='lat' dir='ltr'><strong>continuo</strong></span> <span class='ocrx_word' id='word_1_198' title='bbox 3642 1170 3716 1224; x_wconf 55' lang='lat' dir='ltr'><strong>fec</strong></span> 
     </span>
    </p>
   </div>
   <div class='ocr_carea' id='block_1_28' title="bbox 2150 1250 2367 1305">
    <p class='ocr_par' dir='ltr' id='par_1_28' title="bbox 2150 1250 2367 1305">
     <span class='ocr_line' id='line_1_28' title="bbox 2150 1250 2367 1305; baseline -0.005 -2"><span class='ocrx_word' id='word_1_199' title='bbox 2150 1250 2367 1305; x_wconf 82' lang='lat' dir='ltr'><strong>fellisse.</strong></span> 
     </span>
    </p>
   </div>
   <div class='ocr_carea' id='block_1_29' title="bbox 2219 1342 3710 1418">
    <p class='ocr_par' dir='ltr' id='par_1_29' title="bbox 2219 1342 3710 1418">
     <span class='ocr_line' id='line_1_29' title="bbox 2219 1342 3710 1418; baseline 0.005 -22"><span class='ocrx_word' id='word_1_200' title='bbox 2219 1342 2304 1396; x_wconf 86' lang='lat' dir='ltr'><strong>ill.</strong></span> <span class='ocrx_word' id='word_1_201' title='bbox 2334 1342 2513 1413; x_wconf 89' lang='lat' dir='ltr'><strong>Neque</strong></span> <span class='ocrx_word' id='word_1_202' title='bbox 2535 1359 2661 1399; x_wconf 79' lang='lat' dir='ltr'><strong>vero</strong></span> <span class='ocrx_word' id='word_1_203' title='bbox 2691 1355 2962 1414; x_wconf 87' lang='lat' dir='ltr'><strong>propterea</strong></span> <span class='ocrx_word' id='word_1_204' title='bbox 2991 1348 3285 1417; x_wconf 75' lang='lat' dir='ltr'><strong>culpandus</strong></span> <span class='ocrx_word' id='word_1_205' title='bbox 3310 1362 3423 1405; x_wconf 86' lang='lat' dir='ltr'><strong>erat</strong></span> <span class='ocrx_word' id='word_1_206' title='bbox 3446 1352 3710 1418; x_wconf 73' lang='lat' dir='ltr'><strong>Libﬂ’itls,</strong></span> 
     </span>
    </p>
   </div>
   <div class='ocr_carea' id='block_1_30' title="bbox 2150 1435 3709 1506">
    <p class='ocr_par' dir='ltr' id='par_1_30' title="bbox 2150 1435 3709 1506">
     <span class='ocr_line' id='line_1_30' title="bbox 2150 1435 3709 1506; baseline 0.009 -21"><span class='ocrx_word' id='word_1_207' title='bbox 2150 1435 2296 1503; x_wconf 88' lang='lat' dir='ltr'><strong>quasi</strong></span> <span class='ocrx_word' id='word_1_208' title='bbox 2324 1438 2747 1489; x_wconf 84' lang='lat' dir='ltr'><strong>communionem</strong></span> <span class='ocrx_word' id='word_1_209' title='bbox 2780 1438 2962 1506; x_wconf 81' lang='lat' dir='ltr'><strong>legatis</strong></span> <span class='ocrx_word' id='word_1_210' title='bbox 2988 1439 3093 1495; x_wconf 74' lang='lat' dir='ltr'><strong>illis</strong></span> <span class='ocrx_word' id='word_1_211' title='bbox 3126 1441 3329 1495; x_wconf 76' lang='lat' dir='ltr'><strong>facilius</strong></span> <span class='ocrx_word' id='word_1_212' title='bbox 3358 1444 3661 1499; x_wconf 59' lang='lat' dir='ltr'><strong>indulsisset</strong></span> <span class='ocrx_word' id='word_1_213' title='bbox 3695 1468 3709 1499; x_wconf 90' lang='lat'><strong>:</strong></span> 
     </span>
    </p>
   </div>
   <div class='ocr_carea' id='block_1_31' title="bbox 2152 1525 3711 1605">
    <p class='ocr_par' dir='ltr' id='par_1_31' title="bbox 2152 1525 3711 1605">
     <span class='ocr_line' id='line_1_31' title="bbox 2152 1525 3711 1605; baseline 0.01 -31"><span class='ocrx_word' id='word_1_214' title='bbox 2152 1525 2341 1594; x_wconf 89' lang='lat' dir='ltr'><strong>quippe</strong></span> <span class='ocrx_word' id='word_1_215' title='bbox 2369 1526 2457 1595; x_wconf 89' lang='lat' dir='ltr'><strong>qui</strong></span> <span class='ocrx_word' id='word_1_216' title='bbox 2499 1526 2654 1579; x_wconf 87' lang='lat' dir='ltr'><strong>etiam</strong></span> <span class='ocrx_word' id='word_1_217' title='bbox 2684 1528 2750 1579; x_wconf 90' lang='lat' dir='ltr'><strong>ab</strong></span> <span class='ocrx_word' id='word_1_218' title='bbox 2791 1528 2867 1581; x_wconf 63' lang='lat' dir='ltr'><strong>eis</strong></span> <span class='ocrx_word' id='word_1_219' title='bbox 2910 1531 3146 1583; x_wconf 90' lang='lat' dir='ltr'><strong>nonnilnl</strong></span> <span class='ocrx_word' id='word_1_220' title='bbox 3187 1535 3416 1600; x_wconf 85' lang='lat' dir='ltr'><strong>amplius</strong></span> <span class='ocrx_word' id='word_1_221' title='bbox 3451 1539 3711 1605; x_wconf 79' lang='lat' dir='ltr'><strong>exegerit,</strong></span> 
     </span>
    </p>
   </div>
   <div class='ocr_carea' id='block_1_32' title="bbox 2151 1620 3709 1691">
    <p class='ocr_par' dir='ltr' id='par_1_32' title="bbox 2151 1620 3709 1691">
     <span class='ocr_line' id='line_1_32' title="bbox 2151 1620 3709 1691; baseline 0.008 -23"><span class='ocrx_word' id='word_1_222' title='bbox 2151 1634 2305 1688; x_wconf 90' lang='lat' dir='ltr'><strong>quam</strong></span> <span class='ocrx_word' id='word_1_223' title='bbox 2338 1620 2474 1687; x_wconf 89' lang='lat' dir='ltr'><strong>quod</strong></span> <span class='ocrx_word' id='word_1_224' title='bbox 2502 1622 2819 1674; x_wconf 76' lang='lat' dir='ltr'><strong>Athanasius</strong></span> <span class='ocrx_word' id='word_1_225' title='bbox 2847 1624 2997 1690; x_wconf 57' lang='lat' dir='ltr'><strong>epist.</strong></span> <span class='ocrx_word' id='word_1_226' title='bbox 3034 1624 3098 1677; x_wconf 90' lang='lat' dir='ltr'><strong>ad</strong></span> <span class='ocrx_word' id='word_1_227' title='bbox 3135 1624 3487 1691; x_wconf 73' lang='lat' dir='ltr'><strong>lluliuianum,</strong></span> <span class='ocrx_word' id='word_1_228' title='bbox 3514 1643 3709 1680; x_wconf 75' lang='lat' dir='ltr'><strong>secun—</strong></span> 
     </span>
    </p>
   </div>
   <div class='ocr_carea' id='block_1_33' title="bbox 489 1708 3709 1783">
    <p class='ocr_par' dir='ltr' id='par_1_33' title="bbox 489 1708 3709 1783">
     <span class='ocr_line' id='line_1_33' title="bbox 489 1708 3709 1783; baseline 0.002 -19"><span class='ocrx_word' id='word_1_229' title='bbox 489 1710 638 1765; x_wconf 84' lang='lat' dir='ltr'><strong>berio</strong></span> <span class='ocrx_word' id='word_1_230' title='bbox 662 1722 819 1781; x_wconf 90' lang='lat' dir='ltr'><strong>atque</strong></span> <span class='ocrx_word' id='word_1_231' title='bbox 847 1727 935 1766; x_wconf 83' lang='lat' dir='ltr'><strong>eas</strong></span> <span class='ocrx_word' id='word_1_232' title='bbox 962 1711 1160 1766; x_wconf 81' lang='lat' dir='ltr'><strong>litteras</strong></span> <span class='ocrx_word' id='word_1_233' title='bbox 1190 1712 1553 1778; x_wconf 89' lang='lat' dir='ltr'><strong>obtinuerunt,</strong></span> <span class='ocrx_word' id='word_1_234' title='bbox 1586 1729 1714 1780; x_wconf 87' lang='lat' dir='ltr'><strong>quas</strong></span> <span class='ocrx_word' id='word_1_235' title='bbox 1743 1729 1804 1767; x_wconf 80' lang='lat' dir='ltr'><strong>ex</strong></span> <span class='ocrx_word' id='word_1_236' title='bbox 1829 1714 2047 1770; x_wconf 75' lang='lat' dir='ltr'><strong>Socrate</strong></span> <span class='ocrx_word' id='word_1_237' title='bbox 2077 1715 2122 1773; x_wconf 81' lang='grc' dir='ltr'><strong>Β</strong></span> <span class='ocrx_word' id='word_1_238' title='bbox 2152 1708 2271 1762; x_wconf 88' lang='lat' dir='ltr'><strong>dtitii</strong></span> <span class='ocrx_word' id='word_1_239' title='bbox 2294 1709 2702 1764; x_wconf 76' lang='lat' dir='ltr'><strong>Alexandrinam</strong></span> <span class='ocrx_word' id='word_1_240' title='bbox 2727 1713 3005 1782; x_wconf 80' lang='lat' dir='ltr'><strong>synodum,</strong></span> <span class='ocrx_word' id='word_1_241' title='bbox 3040 1714 3104 1766; x_wconf 81' lang='lat' dir='ltr'><strong>aii</strong></span> <span class='ocrx_word' id='word_1_242' title='bbox 3131 1715 3192 1769; x_wconf 85' lang='lat' dir='ltr'><strong>iis</strong></span> <span class='ocrx_word' id='word_1_243' title='bbox 3219 1716 3306 1783; x_wconf 91' lang='lat' dir='ltr'><strong>qni</strong></span> <span class='ocrx_word' id='word_1_244' title='bbox 3328 1717 3392 1768; x_wconf 87' lang='lat' dir='ltr'><strong>ad</strong></span> <span class='ocrx_word' id='word_1_245' title='bbox 3424 1717 3709 1772; x_wconf 84' lang='lat' dir='ltr'><strong>Ecclesiain</strong></span> 
     </span>
    </p>
   </div>
   <div class='ocr_carea' id='block_1_34' title="bbox 490 1802 1140 1869">
    <p class='ocr_par' dir='ltr' id='par_1_34' title="bbox 490 1802 1140 1869">
     <span class='ocr_line' id='line_1_34' title="bbox 490 1802 1140 1869; baseline 0 -12"><span class='ocrx_word' id='word_1_246' title='bbox 490 1802 786 1869; x_wconf 87' lang='lat' dir='ltr'><strong>descriptas</strong></span> <span class='ocrx_word' id='word_1_247' title='bbox 810 1806 1140 1859; x_wconf 78' lang='lat' dir='ltr'><strong>exhibemus.</strong></span> 
     </span>
    </p>
   </div>
   <div class='ocr_carea' id='block_1_35' title="bbox 562 1894 2049 1963">
    <p class='ocr_par' dir='ltr' id='par_1_35' title="bbox 562 1894 2049 1963">
     <span class='ocr_line' id='line_1_35' title="bbox 562 1894 2049 1963; baseline 0.002 -15"><span class='ocrx_word' id='word_1_248' title='bbox 562 1894 623 1949; x_wconf 85' lang='lat' dir='ltr'><strong>ll.</strong></span> <span class='ocrx_word' id='word_1_249' title='bbox 658 1895 857 1950; x_wconf 67' lang='lat' dir='ltr'><strong>Przeter</strong></span> <span class='ocrx_word' id='word_1_250' title='bbox 880 1896 972 1947; x_wconf 89' lang='lat' dir='ltr'><strong>has</strong></span> <span class='ocrx_word' id='word_1_251' title='bbox 1002 1897 1222 1958; x_wconf 85' lang='lat' dir='ltr'><strong>litteras,</strong></span> <span class='ocrx_word' id='word_1_252' title='bbox 1256 1895 1297 1947; x_wconf 93' lang='lat' dir='ltr'><strong>si</strong></span> <span class='ocrx_word' id='word_1_253' title='bbox 1326 1895 1441 1963; x_wconf 85' lang='lat' dir='ltr'><strong>quis</strong></span> <span class='ocrx_word' id='word_1_254' title='bbox 1470 1896 1643 1950; x_wconf 80' lang='lat' dir='ltr'><strong>verbis</strong></span> <span class='ocrx_word' id='word_1_255' title='bbox 1676 1896 1871 1951; x_wconf 68' lang='lat' dir='ltr'><strong>hasreat</strong></span> <span class='ocrx_word' id='word_1_256' title='bbox 1905 1897 2049 1951; x_wconf 87' lang='lat' dir='ltr'><strong>Basi-</strong></span> 
     </span>
    </p>
   </div>
   <div class='ocr_carea' id='block_1_36' title="bbox 488 1986 2052 2057">
    <p class='ocr_par' dir='ltr' id='par_1_36' title="bbox 488 1986 2052 2057">
     <span class='ocr_line' id='line_1_36' title="bbox 488 1986 2052 2057; baseline 0.003 -18"><span class='ocrx_word' id='word_1_257' title='bbox 488 1986 543 2039; x_wconf 88' lang='lat' dir='ltr'><strong>lii</strong></span> <span class='ocrx_word' id='word_1_258' title='bbox 574 1986 763 2057; x_wconf 78' lang='lat' dir='ltr'><strong>Magni,</strong></span> <span class='ocrx_word' id='word_1_259' title='bbox 797 1986 952 2055; x_wconf 75' lang='lat' dir='ltr'><strong>epist.</strong></span> <span class='ocrx_word' id='word_1_260' title='bbox 986 1986 1073 2053; x_wconf 72' lang='lat'><strong>74,</strong></span> <span class='ocrx_word' id='word_1_261' title='bbox 1099 1989 1162 2039; x_wconf 91' lang='lat' dir='ltr'><strong>ad</strong></span> <span class='ocrx_word' id='word_1_262' title='bbox 1185 1987 1561 2051; x_wconf 69' lang='lat' dir='ltr'><strong>occidentales,</strong></span> <span class='ocrx_word' id='word_1_263' title='bbox 1595 1989 1745 2042; x_wconf 81' lang='lat' dir='ltr'><strong>faetle</strong></span> <span class='ocrx_word' id='word_1_264' title='bbox 1764 1990 2052 2043; x_wconf 82' lang='lat' dir='ltr'><strong>adducetur</strong></span> 
     </span>
    </p>
   </div>
   <div class='ocr_carea' id='block_1_37' title="bbox 490 2076 2049 2145">
    <p class='ocr_par' dir='ltr' id='par_1_37' title="bbox 490 2076 2049 2145">
     <span class='ocr_line' id='line_1_37' title="bbox 490 2076 2049 2145; baseline 0.004 -16"><span class='ocrx_word' id='word_1_265' title='bbox 490 2084 547 2130; x_wconf 91' lang='lat' dir='ltr'><strong>ut</strong></span> <span class='ocrx_word' id='word_1_266' title='bbox 570 2092 688 2130; x_wconf 82' lang='lat' dir='ltr'><strong>rum</strong></span> <span class='ocrx_word' id='word_1_267' title='bbox 731 2076 955 2131; x_wconf 80' lang='lat' dir='ltr'><strong>Barotiio</strong></span> <span class='ocrx_word' id='word_1_268' title='bbox 991 2079 1053 2131; x_wconf 83' lang='lat' dir='ltr'><strong>ad</strong></span> <span class='ocrx_word' id='word_1_269' title='bbox 1084 2094 1207 2131; x_wconf 93' lang='lat' dir='ltr'><strong>ann.</strong></span> <span class='ocrx_word' id='word_1_270' title='bbox 1233 2078 1336 2133; x_wconf 79' lang='grc'><strong>565</strong></span> <span class='ocrx_word' id='word_1_271' title='bbox 1367 2080 1567 2145; x_wconf 86' lang='lat' dir='ltr'><strong>credat,</strong></span> <span class='ocrx_word' id='word_1_272' title='bbox 1610 2080 1764 2133; x_wconf 87' lang='lat' dir='ltr'><strong>aliam</strong></span> <span class='ocrx_word' id='word_1_273' title='bbox 1790 2098 1817 2134; x_wconf 90' lang='lat' dir='ltr'><strong>a</strong></span> <span class='ocrx_word' id='word_1_274' title='bbox 1842 2081 2049 2135; x_wconf 89' lang='lat' dir='ltr'><strong>Liberio</strong></span> 
     </span>
    </p>
   </div>
   <div class='ocr_carea' id='block_1_38' title="bbox 487 2168 2049 2239">
    <p class='ocr_par' dir='ltr' id='par_1_38' title="bbox 487 2168 2049 2239">
     <span class='ocr_line' id='line_1_38' title="bbox 487 2168 2049 2239; baseline 0.003 -15"><span class='ocrx_word' id='word_1_275' title='bbox 487 2168 663 2224; x_wconf 83' lang='lat' dir='ltr'><strong>datam</strong></span> <span class='ocrx_word' id='word_1_276' title='bbox 696 2184 814 2224; x_wconf 85' lang='lat' dir='ltr'><strong>esse</strong></span> <span class='ocrx_word' id='word_1_277' title='bbox 844 2172 1144 2238; x_wconf 85' lang='lat' dir='ltr'><strong>epistolam,</strong></span> <span class='ocrx_word' id='word_1_278' title='bbox 1177 2188 1273 2239; x_wconf 87' lang='lat' dir='ltr'><strong>qua</strong></span> <span class='ocrx_word' id='word_1_279' title='bbox 1310 2172 1635 2226; x_wconf 74' lang='lat' dir='ltr'><strong>Eustaihimn</strong></span> <span class='ocrx_word' id='word_1_280' title='bbox 1666 2176 1968 2228; x_wconf 84' lang='lat' dir='ltr'><strong>nominatim</strong></span> <span class='ocrx_word' id='word_1_281' title='bbox 1999 2176 2049 2228; x_wconf 94' lang='lat' dir='ltr'><strong>in</strong></span> 
     </span>
    </p>
   </div>
   <div class='ocr_carea' id='block_1_39' title="bbox 487 2263 2050 2332">
    <p class='ocr_par' dir='ltr' id='par_1_39' title="bbox 487 2263 2050 2332">
     <span class='ocr_line' id='line_1_39' title="bbox 487 2263 2050 2332; baseline 0.002 -17"><span class='ocrx_word' id='word_1_282' title='bbox 487 2278 637 2315; x_wconf 75' lang='lat' dir='ltr'><strong>suam</strong></span> <span class='ocrx_word' id='word_1_283' title='bbox 671 2263 851 2315; x_wconf 81' lang='lat' dir='ltr'><strong>sedem</strong></span> <span class='ocrx_word' id='word_1_284' title='bbox 902 2263 1101 2315; x_wconf 88' lang='lat' dir='ltr'><strong>restitui</strong></span> <span class='ocrx_word' id='word_1_285' title='bbox 1148 2264 1516 2332; x_wconf 62' lang='lat' dir='ltr'><strong>praecipiebat;</strong></span> <span class='ocrx_word' id='word_1_286' title='bbox 1555 2264 1883 2319; x_wconf 73' lang='lat' dir='ltr'><strong>Ettstalhitlm</strong></span> <span class='ocrx_word' id='word_1_287' title='bbox 1926 2281 2050 2319; x_wconf 82' lang='lat' dir='ltr'><strong>vero</strong></span> 
     </span>
    </p>
   </div>
   <div class='ocr_carea' id='block_1_40' title="bbox 487 2354 2051 2427">
    <p class='ocr_par' dir='ltr' id='par_1_40' title="bbox 487 2354 2051 2427">
     <span class='ocr_line' id='line_1_40' title="bbox 487 2354 2051 2427; baseline 0.002 -19"><span class='ocrx_word' id='word_1_288' title='bbox 487 2354 846 2408; x_wconf 80' lang='lat' dir='ltr'><strong>Orientalibus</strong></span> <span class='ocrx_word' id='word_1_289' title='bbox 891 2354 941 2407; x_wconf 93' lang='lat' dir='ltr'><strong>in</strong></span> <span class='ocrx_word' id='word_1_290' title='bbox 972 2357 1174 2424; x_wconf 86' lang='lat' dir='ltr'><strong>synodo</strong></span> <span class='ocrx_word' id='word_1_291' title='bbox 1206 2356 1466 2426; x_wconf 80' lang='lat' dir='ltr'><strong>Tyanensi</strong></span> <span class='ocrx_word' id='word_1_292' title='bbox 1493 2361 1820 2427; x_wconf 78' lang='lat' dir='ltr'><strong>congregatis</strong></span> <span class='ocrx_word' id='word_1_293' title='bbox 1856 2361 2051 2427; x_wconf 85' lang='lat' dir='ltr'><strong>episto-</strong></span> 
     </span>
    </p>
   </div>
   <div class='ocr_carea' id='block_1_41' title="bbox 488 2445 2051 2515">
    <p class='ocr_par' dir='ltr' id='par_1_41' title="bbox 488 2445 2051 2515">
     <span class='ocr_line' id='line_1_41' title="bbox 488 2445 2051 2515; baseline 0.002 -16"><span class='ocrx_word' id='word_1_294' title='bbox 488 2445 593 2499; x_wconf 87' lang='lat' dir='ltr'><strong>lam</strong></span> <span class='ocrx_word' id='word_1_295' title='bbox 621 2445 784 2511; x_wconf 88' lang='lat' dir='ltr'><strong>illam,</strong></span> <span class='ocrx_word' id='word_1_296' title='bbox 816 2460 929 2515; x_wconf 70' lang='lat' dir='ltr'><strong>qua:</strong></span> <span class='ocrx_word' id='word_1_297' title='bbox 955 2446 1053 2499; x_wconf 82' lang='lat' dir='ltr'><strong>sibi</strong></span> <span class='ocrx_word' id='word_1_298' title='bbox 1081 2445 1299 2509; x_wconf 81' lang='lat' dir='ltr'><strong>faveret,</strong></span> <span class='ocrx_word' id='word_1_299' title='bbox 1324 2448 1578 2501; x_wconf 75' lang='lat' dir='ltr'><strong>obtulisse</strong></span> <span class='ocrx_word' id='word_1_300' title='bbox 1605 2459 1929 2513; x_wconf 80' lang='lat' dir='ltr'><strong>Contentum,</strong></span> <span class='ocrx_word' id='word_1_301' title='bbox 1969 2451 2051 2502; x_wconf 90' lang='lat' dir='ltr'><strong>lit-</strong></span> 
     </span>
    </p>
   </div>
   <div class='ocr_carea' id='block_1_42' title="bbox 487 2536 2046 2609">
    <p class='ocr_par' dir='ltr' id='par_1_42' title="bbox 487 2536 2046 2609">
     <span class='ocr_line' id='line_1_42' title="bbox 487 2536 2046 2609; baseline 0.004 -21"><span class='ocrx_word' id='word_1_302' title='bbox 487 2543 627 2588; x_wconf 81' lang='lat' dir='ltr'><strong>teras</strong></span> <span class='ocrx_word' id='word_1_303' title='bbox 647 2536 777 2589; x_wconf 71' lang='lat' dir='ltr'><strong>alias</strong></span> <span class='ocrx_word' id='word_1_304' title='bbox 799 2539 1019 2591; x_wconf 86' lang='lat' dir='ltr'><strong>celasse.</strong></span> <span class='ocrx_word' id='word_1_305' title='bbox 1044 2538 1130 2593; x_wconf 79' lang='lat' dir='ltr'><strong>Sir</strong></span> <span class='ocrx_word' id='word_1_306' title='bbox 1154 2540 1347 2607; x_wconf 82' lang='lat' dir='ltr'><strong>quippe</strong></span> <span class='ocrx_word' id='word_1_307' title='bbox 1368 2539 1431 2592; x_wconf 88' lang='lat' dir='ltr'><strong>de</strong></span> <span class='ocrx_word' id='word_1_308' title='bbox 1458 2540 1547 2591; x_wconf 90' lang='lat' dir='ltr'><strong>illo</strong></span> <span class='ocrx_word' id='word_1_309' title='bbox 1572 2540 1790 2593; x_wconf 79' lang='lat' dir='ltr'><strong>Basilius</strong></span> <span class='ocrx_word' id='word_1_310' title='bbox 1813 2582 1825 2603; x_wconf 92' lang='lat'><strong>,</strong></span> <span class='ocrx_word' id='word_1_311' title='bbox 1850 2557 1933 2609; x_wconf 80' lang='lat' dir='ltr'><strong>ep.</strong></span> <span class='ocrx_word' id='word_1_312' title='bbox 1961 2541 2046 2601; x_wconf 70' lang='grc'><strong>74.</strong></span> 
     </span>
    </p>
   </div>
   <div class='ocr_carea' id='block_1_43' title="bbox 486 2627 2049 2700">
    <p class='ocr_par' dir='ltr' id='par_1_43' title="bbox 486 2627 2049 2700">
     <span class='ocr_line' id='line_1_43' title="bbox 486 2627 2049 2700; baseline 0.003 -21"><span class='ocrx_word' id='word_1_313' title='bbox 486 2627 714 2680; x_wconf 78' lang='lat' dir='ltr'><strong>sei-ibit:</strong></span> <span class='ocrx_word' id='word_1_314' title='bbox 751 2646 768 2678; x_wconf 73' lang='grc' dir='ltr'>ι</span> <span class='ocrx_word' id='word_1_315' title='bbox 802 2628 927 2694; x_wconf 78' lang='lat' dir='ltr'><strong>Qua:</strong></span> <span class='ocrx_word' id='word_1_316' title='bbox 970 2645 1093 2682; x_wconf 83' lang='lat' dir='ltr'><strong>vero</strong></span> <span class='ocrx_word' id='word_1_317' title='bbox 1132 2631 1237 2683; x_wconf 91' lang='lat' dir='ltr'><strong>sint</strong></span> <span class='ocrx_word' id='word_1_318' title='bbox 1280 2631 1350 2683; x_wconf 87' lang='lat' dir='ltr'><strong>illi</strong></span> <span class='ocrx_word' id='word_1_319' title='bbox 1384 2646 1410 2682; x_wconf 90' lang='lat' dir='ltr'><strong>a</strong></span> <span class='ocrx_word' id='word_1_320' title='bbox 1455 2631 1756 2683; x_wconf 87' lang='lat' dir='ltr'><strong>beatissimo</strong></span> <span class='ocrx_word' id='word_1_321' title='bbox 1802 2633 2049 2700; x_wconf 85' lang='lat' dir='ltr'><strong>episcopo</strong></span> 
     </span>
    </p>
   </div>
   <div class='ocr_carea' id='block_1_44' title="bbox 488 2716 2049 2790">
    <p class='ocr_par' dir='ltr' id='par_1_44' title="bbox 488 2716 2049 2790">
     <span class='ocr_line' id='line_1_44' title="bbox 488 2716 2049 2790; baseline 0.004 -19"><span class='ocrx_word' id='word_1_322' title='bbox 488 2716 697 2771; x_wconf 83' lang='lat' dir='ltr'><strong>Liberio</strong></span> <span class='ocrx_word' id='word_1_323' title='bbox 745 2720 1030 2787; x_wconf 79' lang='lat' dir='ltr'><strong>proposita.</strong></span> <span class='ocrx_word' id='word_1_324' title='bbox 1070 2737 1254 2789; x_wconf 71' lang='lat' dir='ltr'><strong>qurere</strong></span> <span class='ocrx_word' id='word_1_325' title='bbox 1300 2723 1409 2787; x_wconf 88' lang='lat' dir='ltr'><strong>ipse</strong></span> <span class='ocrx_word' id='word_1_326' title='bbox 1461 2736 1642 2790; x_wconf 85' lang='lat' dir='ltr'><strong>pactus</strong></span> <span class='ocrx_word' id='word_1_327' title='bbox 1671 2725 1756 2786; x_wconf 85' lang='lat' dir='ltr'><strong>sit,</strong></span> <span class='ocrx_word' id='word_1_328' title='bbox 1787 2726 1920 2777; x_wconf 89' lang='lat' dir='ltr'><strong>clam</strong></span> <span class='ocrx_word' id='word_1_329' title='bbox 1956 2741 2049 2778; x_wconf 91' lang='lat' dir='ltr'><strong>nos</strong></span> 
     </span>
    </p>
   </div>
   <div class='ocr_carea' id='block_1_45' title="bbox 486 2812 2045 2883">
    <p class='ocr_par' dir='ltr' id='par_1_45' title="bbox 486 2812 2045 2883">
     <span class='ocr_line' id='line_1_45' title="bbox 486 2812 2045 2883; baseline 0.004 -18"><span class='ocrx_word' id='word_1_330' title='bbox 486 2820 588 2877; x_wconf 90' lang='lat' dir='ltr'><strong>est,</strong></span> <span class='ocrx_word' id='word_1_331' title='bbox 615 2812 712 2865; x_wconf 84' lang='lat' dir='ltr'><strong>nisi</strong></span> <span class='ocrx_word' id='word_1_332' title='bbox 740 2815 877 2881; x_wconf 84' lang='lat' dir='ltr'><strong>quod</strong></span> <span class='ocrx_word' id='word_1_333' title='bbox 904 2814 1181 2881; x_wconf 83' lang='lat' dir='ltr'><strong>epistolam</strong></span> <span class='ocrx_word' id='word_1_334' title='bbox 1212 2815 1402 2878; x_wconf 79' lang='lat' dir='ltr'><strong>attulit,</strong></span> <span class='ocrx_word' id='word_1_335' title='bbox 1437 2831 1528 2883; x_wconf 84' lang='lat' dir='ltr'><strong>per</strong></span> <span class='ocrx_word' id='word_1_336' title='bbox 1552 2833 1707 2883; x_wconf 84' lang='lat' dir='ltr'><strong>quam</strong></span> <span class='ocrx_word' id='word_1_337' title='bbox 1740 2818 2045 2871; x_wconf 75' lang='lat' dir='ltr'><strong>restituere-</strong></span> 
     </span>
    </p>
   </div>
   <div class='ocr_carea' id='block_1_46' title="bbox 486 2906 2047 2978">
    <p class='ocr_par' dir='ltr' id='par_1_46' title="bbox 486 2906 2047 2978">
     <span class='ocr_line' id='line_1_46' title="bbox 486 2906 2047 2978; baseline 0.004 -20"><span class='ocrx_word' id='word_1_338' title='bbox 486 2913 592 2968; x_wconf 87' lang='lat' dir='ltr'><strong>tur,</strong></span> <span class='ocrx_word' id='word_1_339' title='bbox 620 2921 775 2971; x_wconf 89' lang='lat' dir='ltr'><strong>qnatn</strong></span> <span class='ocrx_word' id='word_1_340' title='bbox 829 2906 914 2958; x_wconf 91' lang='lat' dir='ltr'><strong>ubi</strong></span> <span class='ocrx_word' id='word_1_341' title='bbox 965 2907 1168 2976; x_wconf 81' lang='lat' dir='ltr'><strong>synodo</strong></span> <span class='ocrx_word' id='word_1_342' title='bbox 1219 2908 1481 2978; x_wconf 76' lang='lat' dir='ltr'><strong>&#39;l‘yanensi</strong></span> <span class='ocrx_word' id='word_1_343' title='bbox 1525 2912 1784 2970; x_wconf 81' lang='lat' dir='ltr'><strong>exhibuit.</strong></span> <span class='ocrx_word' id='word_1_344' title='bbox 1816 2913 1865 2965; x_wconf 94' lang='lat' dir='ltr'><strong>in</strong></span> <span class='ocrx_word' id='word_1_345' title='bbox 1897 2928 2047 2965; x_wconf 89' lang='lat' dir='ltr'><strong>suum</strong></span> 
     </span>
    </p>
   </div>
   <div class='ocr_carea' id='block_1_47' title="bbox 485 2994 2044 3064">
    <p class='ocr_par' dir='ltr' id='par_1_47' title="bbox 485 2994 2044 3064">
     <span class='ocr_line' id='line_1_47' title="bbox 485 2994 2044 3064; baseline 0.006 -16"><span class='ocrx_word' id='word_1_346' title='bbox 485 2994 659 3048; x_wconf 89' lang='lat' dir='ltr'><strong>locum</strong></span> <span class='ocrx_word' id='word_1_347' title='bbox 690 2997 967 3050; x_wconf 87' lang='lat' dir='ltr'><strong>restitutus</strong></span> <span class='ocrx_word' id='word_1_348' title='bbox 999 3007 1097 3050; x_wconf 88' lang='lat' dir='ltr'><strong>est.</strong></span> <span class='ocrx_word' id='word_1_349' title='bbox 1137 3018 1153 3048; x_wconf 71' lang='grc' dir='ltr'><strong><em>ι</em></strong></span> <span class='ocrx_word' id='word_1_350' title='bbox 1183 3000 1435 3064; x_wconf 81' lang='lat' dir='ltr'><strong>Quocirca</strong></span> <span class='ocrx_word' id='word_1_351' title='bbox 1484 3000 1619 3053; x_wconf 88' lang='lat' dir='ltr'><strong>idem</strong></span> <span class='ocrx_word' id='word_1_352' title='bbox 1655 3002 1879 3055; x_wconf 60' lang='lat' dir='ltr'><strong>Basilius</strong></span> <span class='ocrx_word' id='word_1_353' title='bbox 1927 3020 2044 3057; x_wconf 86' lang='lat' dir='ltr'><strong>mox</strong></span> 
     </span>
    </p>
   </div>
   <div class='ocr_carea' id='block_1_48' title="bbox 2153 1806 3709 1874">
    <p class='ocr_par' dir='ltr' id='par_1_48' title="bbox 2153 1806 3709 1874">
     <span class='ocr_line' id='line_1_48' title="bbox 2153 1806 3709 1874; baseline 0.008 -20"><span class='ocrx_word' id='word_1_354' title='bbox 2153 1813 2485 1855; x_wconf 72' lang='lat' dir='ltr'><strong>revertuntur</strong></span> <span class='ocrx_word' id='word_1_355' title='bbox 2545 1806 2856 1874; x_wconf 61' lang='lat' dir='ltr'><strong>exigendum</strong></span> <span class='ocrx_word' id='word_1_356' title='bbox 2904 1809 3105 1861; x_wconf 87' lang='lat' dir='ltr'><strong>statuit.</strong></span> <span class='ocrx_word' id='word_1_357' title='bbox 3161 1808 3301 1861; x_wconf 88' lang='lat' dir='ltr'><strong>Salis</strong></span> <span class='ocrx_word' id='word_1_358' title='bbox 3356 1825 3493 1863; x_wconf 81' lang='lat' dir='ltr'><strong>enim</strong></span> <span class='ocrx_word' id='word_1_359' title='bbox 3549 1812 3709 1865; x_wconf 85' lang='lat' dir='ltr'><strong>habet</strong></span> 
     </span>
    </p>
   </div>
   <div class='ocr_carea' id='block_1_49' title="bbox 2152 1894 3709 1969">
    <p class='ocr_par' dir='ltr' id='par_1_49' title="bbox 2152 1894 3709 1969">
     <span class='ocr_line' id='line_1_49' title="bbox 2152 1894 3709 1969; baseline 0.004 -22"><span class='ocrx_word' id='word_1_360' title='bbox 2152 1894 2491 1951; x_wconf 80' lang='lat' dir='ltr'><strong>Athanasius.</strong></span> <span class='ocrx_word' id='word_1_361' title='bbox 2534 1914 2551 1946; x_wconf 74' lang='grc' dir='ltr'>ι</span> <span class='ocrx_word' id='word_1_362' title='bbox 2585 1906 2640 1949; x_wconf 88' lang='lat' dir='ltr'><strong>ttt</strong></span> <span class='ocrx_word' id='word_1_363' title='bbox 2665 1897 3000 1951; x_wconf 84' lang='lat' dir='ltr'><strong>anathemate</strong></span> <span class='ocrx_word' id='word_1_364' title='bbox 3040 1899 3293 1953; x_wconf 78' lang='lat' dir='ltr'><strong>damnent</strong></span> <span class='ocrx_word' id='word_1_365' title='bbox 3331 1917 3577 1969; x_wconf 71' lang='lat' dir='ltr'><strong>expresso</strong></span> <span class='ocrx_word' id='word_1_366' title='bbox 3615 1919 3709 1956; x_wconf 84' lang='lat' dir='ltr'><strong>no-</strong></span> 
     </span>
    </p>
   </div>
   <div class='ocr_carea' id='block_1_50' title="bbox 2154 1984 3706 2054">
    <p class='ocr_par' dir='ltr' id='par_1_50' title="bbox 2154 1984 3706 2054">
     <span class='ocr_line' id='line_1_50' title="bbox 2154 1984 3706 2054; baseline 0.007 -18"><span class='ocrx_word' id='word_1_367' title='bbox 2154 1984 2293 2037; x_wconf 90' lang='lat' dir='ltr'><strong>mine</strong></span> <span class='ocrx_word' id='word_1_368' title='bbox 2333 1984 2551 2038; x_wconf 75' lang='lat' dir='ltr'><strong>Endoxii</strong></span> <span class='ocrx_word' id='word_1_369' title='bbox 2578 1996 2629 2037; x_wconf 82' lang='lat' dir='ltr'><strong>et</strong></span> <span class='ocrx_word' id='word_1_370' title='bbox 2668 1987 2843 2039; x_wconf 69' lang='lat' dir='ltr'><strong>liuzoii</strong></span> <span class='ocrx_word' id='word_1_371' title='bbox 2885 1988 3211 2054; x_wconf 82' lang='lat' dir='ltr'><strong>doctrinam,</strong></span> <span class='ocrx_word' id='word_1_372' title='bbox 3265 2000 3319 2044; x_wconf 91' lang='lat' dir='ltr'><strong>ct</strong></span> <span class='ocrx_word' id='word_1_373' title='bbox 3364 1996 3706 2047; x_wconf 77' lang='lat' dir='ltr'><strong>contueantur</strong></span> 
     </span>
    </p>
   </div>
   <div class='ocr_carea' id='block_1_51' title="bbox 2152 2072 3701 2151">
    <p class='ocr_par' dir='ltr' id='par_1_51' title="bbox 2152 2072 3701 2151">
     <span class='ocr_line' id='line_1_51' title="bbox 2152 2072 3701 2151; baseline 0.008 -26"><span class='ocrx_word' id='word_1_374' title='bbox 2152 2072 2306 2126; x_wconf 83' lang='lat' dir='ltr'><strong>fidem</strong></span> <span class='ocrx_word' id='word_1_375' title='bbox 2336 2074 2523 2127; x_wconf 63' lang='lat' dir='ltr'><strong>Nirann</strong></span> <span class='ocrx_word' id='word_1_376' title='bbox 2548 2093 2573 2126; x_wconf 90' lang='lat' dir='ltr'><strong>a</strong></span> <span class='ocrx_word' id='word_1_377' title='bbox 2600 2077 2830 2143; x_wconf 84' lang='lat' dir='ltr'><strong>patribus</strong></span> <span class='ocrx_word' id='word_1_378' title='bbox 2859 2076 3200 2142; x_wconf 82' lang='lat' dir='ltr'><strong>declaratam,</strong></span> <span class='ocrx_word' id='word_1_379' title='bbox 3233 2082 3525 2151; x_wconf 84' lang='lat' dir='ltr'><strong>nullamque</strong></span> <span class='ocrx_word' id='word_1_380' title='bbox 3549 2084 3701 2137; x_wconf 76' lang='lat' dir='ltr'><strong>aliam</strong></span> 
     </span>
    </p>
   </div>
   <div class='ocr_carea' id='block_1_52' title="bbox 2153 2167 3702 2244">
    <p class='ocr_par' dir='ltr' id='par_1_52' title="bbox 2153 2167 3702 2244">
     <span class='ocr_line' id='line_1_52' title="bbox 2153 2167 3702 2244; baseline 0.009 -26"><span class='ocrx_word' id='word_1_381' title='bbox 2153 2168 2410 2235; x_wconf 73' lang='lat' dir='ltr'><strong>synodum</strong></span> <span class='ocrx_word' id='word_1_382' title='bbox 2444 2167 2564 2221; x_wconf 90' lang='lat' dir='ltr'><strong>huic</strong></span> <span class='ocrx_word' id='word_1_383' title='bbox 2593 2179 2935 2236; x_wconf 85' lang='lat' dir='ltr'><strong>anteponant.</strong></span> <span class='ocrx_word' id='word_1_384' title='bbox 2961 2190 2978 2221; x_wconf 78' lang='lat' dir='ltr'><strong>i</strong></span> <span class='ocrx_word' id='word_1_385' title='bbox 3012 2172 3073 2223; x_wconf 76' lang='lat' dir='ltr'><strong>Et</strong></span> <span class='ocrx_word' id='word_1_386' title='bbox 3101 2173 3313 2241; x_wconf 79' lang='lat' dir='ltr'><strong>quidem</strong></span> <span class='ocrx_word' id='word_1_387' title='bbox 3346 2175 3553 2229; x_wconf 71' lang='lat' dir='ltr'><strong>minime</strong></span> <span class='ocrx_word' id='word_1_388' title='bbox 3575 2193 3702 2244; x_wconf 80' lang='lat' dir='ltr'><strong>opus</strong></span> 
     </span>
    </p>
   </div>
   <div class='ocr_carea' id='block_1_53' title="bbox 2153 2261 3702 2324">
    <p class='ocr_par' dir='ltr' id='par_1_53' title="bbox 2153 2261 3702 2324">
     <span class='ocr_line' id='line_1_53' title="bbox 2153 2261 3702 2324; baseline 0.008 -12"><span class='ocrx_word' id='word_1_389' title='bbox 2153 2272 2283 2323; x_wconf 86' lang='lat' dir='ltr'><strong>crat,</strong></span> <span class='ocrx_word' id='word_1_390' title='bbox 2317 2274 2364 2313; x_wconf 93' lang='lat' dir='ltr'><strong>ut</strong></span> <span class='ocrx_word' id='word_1_391' title='bbox 2398 2261 2701 2316; x_wconf 77' lang='lat' dir='ltr'><strong>Eustathius</strong></span> <span class='ocrx_word' id='word_1_392' title='bbox 2725 2277 2784 2315; x_wconf 91' lang='lat' dir='ltr'><strong>ac</strong></span> <span class='ocrx_word' id='word_1_393' title='bbox 2809 2263 2931 2316; x_wconf 74' lang='lat' dir='ltr'><strong>smii</strong></span> <span class='ocrx_word' id='word_1_394' title='bbox 2960 2264 3024 2316; x_wconf 89' lang='lat' dir='ltr'><strong>ab</strong></span> <span class='ocrx_word' id='word_1_395' title='bbox 3056 2263 3278 2319; x_wconf 74' lang='lat' dir='ltr'><strong>Eudoxii</strong></span> <span class='ocrx_word' id='word_1_396' title='bbox 3314 2266 3543 2321; x_wconf 77' lang='lat' dir='ltr'><strong>daeirina</strong></span> <span class='ocrx_word' id='word_1_397' title='bbox 3586 2285 3702 2324; x_wconf 81' lang='lat' dir='ltr'><strong>sese</strong></span> 
     </span>
    </p>
   </div>
   <div class='ocr_carea' id='block_1_54' title="bbox 2152 2353 3700 2428">
    <p class='ocr_par' dir='ltr' id='par_1_54' title="bbox 2152 2353 3700 2428">
     <span class='ocr_line' id='line_1_54' title="bbox 2152 2353 3700 2428; baseline 0.006 -24"><span class='ocrx_word' id='word_1_398' title='bbox 2152 2353 2440 2407; x_wconf 63' lang='lat' dir='ltr'><strong>abhorrere</strong></span> <span class='ocrx_word' id='word_1_399' title='bbox 2458 2354 2629 2406; x_wconf 89' lang='lat' dir='ltr'><strong>denuo</strong></span> <span class='ocrx_word' id='word_1_400' title='bbox 2653 2356 3042 2423; x_wconf 75' lang='lat' dir='ltr'><strong>proﬁterentur,</strong></span> <span class='ocrx_word' id='word_1_401' title='bbox 3058 2372 3174 2409; x_wconf 90' lang='lat' dir='ltr'><strong>cum</strong></span> <span class='ocrx_word' id='word_1_402' title='bbox 3194 2359 3417 2412; x_wconf 82' lang='lat' dir='ltr'><strong>concilio</strong></span> <span class='ocrx_word' id='word_1_403' title='bbox 3440 2358 3700 2428; x_wconf 74' lang='lat' dir='ltr'><strong>Lampsaci</strong></span> 
     </span>
    </p>
   </div>
   <div class='ocr_carea' id='block_1_55' title="bbox 2154 2441 3698 2516">
    <p class='ocr_par' dir='ltr' id='par_1_55' title="bbox 2154 2441 3698 2516">
     <span class='ocr_line' id='line_1_55' title="bbox 2154 2441 3698 2516; baseline 0.006 -22"><span class='ocrx_word' id='word_1_404' title='bbox 2154 2441 2350 2507; x_wconf 87' lang='lat' dir='ltr'><strong>habito,</strong></span> <span class='ocrx_word' id='word_1_405' title='bbox 2384 2445 2531 2510; x_wconf 87' lang='lat' dir='ltr'><strong>cujus</strong></span> <span class='ocrx_word' id='word_1_406' title='bbox 2560 2444 2817 2512; x_wconf 80' lang='lat' dir='ltr'><strong>legatione</strong></span> <span class='ocrx_word' id='word_1_407' title='bbox 2845 2446 3212 2513; x_wconf 81' lang='lat' dir='ltr'><strong>fungebantur.</strong></span> <span class='ocrx_word' id='word_1_408' title='bbox 3248 2446 3298 2501; x_wconf 88' lang='lat' dir='ltr'><strong>id</strong></span> <span class='ocrx_word' id='word_1_409' title='bbox 3333 2449 3497 2516; x_wconf 83' lang='lat' dir='ltr'><strong>palam</strong></span> <span class='ocrx_word' id='word_1_410' title='bbox 3525 2451 3698 2505; x_wconf 77' lang='lat' dir='ltr'><strong>decla-</strong></span> 
     </span>
    </p>
   </div>
   <div class='ocr_carea' id='block_1_56' title="bbox 2152 2543 2378 2587">
    <p class='ocr_par' dir='ltr' id='par_1_56' title="bbox 2152 2543 2378 2587">
     <span class='ocr_line' id='line_1_56' title="bbox 2152 2543 2378 2587; baseline -0.013 0"><span class='ocrx_word' id='word_1_411' title='bbox 2152 2543 2378 2587; x_wconf 69' lang='lat' dir='ltr'><strong>ra~Sent.</strong></span> 
     </span>
    </p>
   </div>
   <div class='ocr_carea' id='block_1_57' title="bbox 2222 2622 3699 2696">
    <p class='ocr_par' dir='ltr' id='par_1_57' title="bbox 2222 2622 3699 2696">
     <span class='ocr_line' id='line_1_57' title="bbox 2222 2622 3699 2696; baseline 0.005 -19"><span class='ocrx_word' id='word_1_412' title='bbox 2222 2622 2309 2678; x_wconf 88' lang='lat' dir='ltr'><strong>IV.</strong></span> <span class='ocrx_word' id='word_1_413' title='bbox 2340 2624 2555 2677; x_wconf 79' lang='lat' dir='ltr'><strong>Miratur</strong></span> <span class='ocrx_word' id='word_1_414' title='bbox 2586 2624 2662 2677; x_wconf 77' lang='lat' dir='ltr'><strong>vir</strong></span> <span class='ocrx_word' id='word_1_415' title='bbox 2702 2625 2940 2678; x_wconf 91' lang='lat' dir='ltr'><strong>eruditus</strong></span> <span class='ocrx_word' id='word_1_416' title='bbox 2977 2624 3077 2680; x_wconf 90' lang='lat' dir='ltr'><strong>hoc</strong></span> <span class='ocrx_word' id='word_1_417' title='bbox 3106 2626 3173 2679; x_wconf 89' lang='lat' dir='ltr'><strong>ab</strong></span> <span class='ocrx_word' id='word_1_418' title='bbox 3204 2628 3285 2682; x_wconf 89' lang='lat' dir='ltr'><strong>eis</strong></span> <span class='ocrx_word' id='word_1_419' title='bbox 3324 2638 3570 2696; x_wconf 63' lang='lat' dir='ltr'><strong>praetcrea</strong></span> <span class='ocrx_word' id='word_1_420' title='bbox 3612 2632 3699 2684; x_wconf 85' lang='lat' dir='ltr'><strong>fla-</strong></span> 
     </span>
    </p>
   </div>
   <div class='ocr_carea' id='block_1_58' title="bbox 2150 2718 3694 2792">
    <p class='ocr_par' dir='ltr' id='par_1_58' title="bbox 2150 2718 3694 2792">
     <span class='ocr_line' id='line_1_58' title="bbox 2150 2718 3694 2792; baseline 0.003 -22"><span class='ocrx_word' id='word_1_421' title='bbox 2150 2718 2365 2786; x_wconf 88' lang='lat' dir='ltr'><strong>gitatum</strong></span> <span class='ocrx_word' id='word_1_422' title='bbox 2396 2733 2499 2769; x_wconf 90' lang='lat' dir='ltr'><strong>non</strong></span> <span class='ocrx_word' id='word_1_423' title='bbox 2535 2718 2710 2779; x_wconf 66' lang='lat' dir='ltr'><strong>lni~se,</strong></span> <span class='ocrx_word' id='word_1_424' title='bbox 2748 2728 2800 2770; x_wconf 91' lang='lat' dir='ltr'><strong>ut</strong></span> <span class='ocrx_word' id='word_1_425' title='bbox 2831 2718 3055 2786; x_wconf 84' lang='lat' dir='ltr'><strong>Spiritus</strong></span> <span class='ocrx_word' id='word_1_426' title='bbox 3086 2722 3251 2773; x_wconf 88' lang='lat' dir='ltr'><strong>sancti</strong></span> <span class='ocrx_word' id='word_1_427' title='bbox 3280 2720 3528 2775; x_wconf 85' lang='lat' dir='ltr'><strong>deitatem</strong></span> <span class='ocrx_word' id='word_1_428' title='bbox 3552 2739 3694 2792; x_wconf 78' lang='lat' dir='ltr'><strong>aper-</strong></span> 
     </span>
    </p>
   </div>
   <div class='ocr_carea' id='block_1_59' title="bbox 2153 2808 3695 2875">
    <p class='ocr_par' dir='ltr' id='par_1_59' title="bbox 2153 2808 3695 2875">
     <span class='ocr_line' id='line_1_59' title="bbox 2153 2808 3695 2875; baseline 0.004 -14"><span class='ocrx_word' id='word_1_429' title='bbox 2153 2809 2372 2862; x_wconf 88' lang='lat' dir='ltr'><strong>tioribus</strong></span> <span class='ocrx_word' id='word_1_430' title='bbox 2404 2808 2577 2862; x_wconf 78' lang='lat' dir='ltr'><strong>verbis</strong></span> <span class='ocrx_word' id='word_1_431' title='bbox 2611 2808 2998 2875; x_wconf 87' lang='lat' dir='ltr'><strong>prolitercntur.</strong></span> <span class='ocrx_word' id='word_1_432' title='bbox 3035 2809 3091 2863; x_wconf 84' lang='lat' dir='ltr'><strong>id</strong></span> <span class='ocrx_word' id='word_1_433' title='bbox 3124 2826 3250 2864; x_wconf 84' lang='lat' dir='ltr'><strong>vero</strong></span> <span class='ocrx_word' id='word_1_434' title='bbox 3272 2813 3563 2868; x_wconf 61' lang='lat' dir='ltr'><strong>miranuum</strong></span> <span class='ocrx_word' id='word_1_435' title='bbox 3591 2831 3695 2869; x_wconf 85' lang='lat' dir='ltr'><strong>ma-</strong></span> 
     </span>
    </p>
   </div>
   <div class='ocr_carea' id='block_1_60' title="bbox 2149 2900 3696 2973">
    <p class='ocr_par' dir='ltr' id='par_1_60' title="bbox 2149 2900 3696 2973">
     <span class='ocr_line' id='line_1_60' title="bbox 2149 2900 3696 2973; baseline 0.005 -22"><span class='ocrx_word' id='word_1_436' title='bbox 2149 2902 2227 2970; x_wconf 84' lang='lat' dir='ltr'><strong>gis</strong></span> <span class='ocrx_word' id='word_1_437' title='bbox 2262 2900 2414 2963; x_wconf 88' lang='lat' dir='ltr'><strong>foret,</strong></span> <span class='ocrx_word' id='word_1_438' title='bbox 2464 2900 2505 2952; x_wconf 82' lang='lat' dir='ltr'><strong>si</strong></span> <span class='ocrx_word' id='word_1_439' title='bbox 2552 2900 2871 2954; x_wconf 87' lang='lat' dir='ltr'><strong>admittenda</strong></span> <span class='ocrx_word' id='word_1_440' title='bbox 2924 2912 3064 2956; x_wconf 89' lang='lat' dir='ltr'><strong>esset</strong></span> <span class='ocrx_word' id='word_1_441' title='bbox 3117 2903 3250 2965; x_wconf 70' lang='lat' dir='ltr'><strong>haec.</strong></span> <span class='ocrx_word' id='word_1_442' title='bbox 3298 2920 3417 2969; x_wconf 69' lang='lat' dir='ltr'><strong>quin</strong></span> <span class='ocrx_word' id='word_1_443' title='bbox 3468 2907 3696 2973; x_wconf 66' lang='lat' dir='ltr'><strong>subjectze</strong></span> 
     </span>
    </p>
   </div>
   <div class='ocr_carea' id='block_1_61' title="bbox 2150 2990 3695 3062">
    <p class='ocr_par' dir='ltr' id='par_1_61' title="bbox 2150 2990 3695 3062">
     <span class='ocr_line' id='line_1_61' title="bbox 2150 2990 3695 3062; baseline 0.003 -19"><span class='ocrx_word' id='word_1_444' title='bbox 2150 2990 2384 3058; x_wconf 62' lang='lat' dir='ltr'><strong>epistolae</strong></span> <span class='ocrx_word' id='word_1_445' title='bbox 2420 2992 2479 3044; x_wconf 77' lang='lat' dir='ltr'><strong>l5</strong></span> <span class='ocrx_word' id='word_1_446' title='bbox 2500 3006 2525 3041; x_wconf 89' lang='lat' dir='ltr'><strong>a</strong></span> <span class='ocrx_word' id='word_1_447' title='bbox 2550 2991 2768 3044; x_wconf 81' lang='lat' dir='ltr'><strong>Socrate</strong></span> <span class='ocrx_word' id='word_1_448' title='bbox 2798 2994 3082 3059; x_wconf 58' lang='lat' dir='ltr'><strong>praeligitur</strong></span> <span class='ocrx_word' id='word_1_449' title='bbox 3106 2993 3402 3061; x_wconf 88' lang='lat' dir='ltr'><strong>inscriptio,</strong></span> <span class='ocrx_word' id='word_1_450' title='bbox 3433 3013 3449 3044; x_wconf 75' lang='grc' dir='ltr'>ι</span> <span class='ocrx_word' id='word_1_451' title='bbox 3484 2995 3695 3062; x_wconf 72' lang='lat' dir='ltr'><strong>Epi~tola</strong></span> 
     </span>
    </p>
   </div>
   <div class='ocr_carea' id='block_1_62' title="bbox 484 3083 3693 3161">
    <p class='ocr_par' dir='ltr' id='par_1_62' title="bbox 484 3083 3693 3161">
     <span class='ocr_line' id='line_1_62' title="bbox 484 3083 3693 3161; baseline 0.002 -27"><span class='ocrx_word' id='word_1_452' title='bbox 484 3098 656 3155; x_wconf 69' lang='lat' dir='ltr'><strong>rogat,</strong></span> <span class='ocrx_word' id='word_1_453' title='bbox 696 3106 711 3137; x_wconf 69' lang='grc' dir='ltr'><em>ς</em></span> <span class='ocrx_word' id='word_1_454' title='bbox 748 3089 1083 3143; x_wconf 75' lang='lat' dir='ltr'><strong>utscribatttr</strong></span> <span class='ocrx_word' id='word_1_455' title='bbox 1110 3091 1369 3154; x_wconf 74' lang='lat' dir='ltr'><strong>ccclesiis,</strong></span> <span class='ocrx_word' id='word_1_456' title='bbox 1402 3092 1590 3159; x_wconf 72' lang='lat' dir='ltr'><strong>quibus</strong></span> <span class='ocrx_word' id='word_1_457' title='bbox 1621 3094 1829 3161; x_wconf 69' lang='lat' dir='ltr'><strong>quidem</strong></span> <span class='ocrx_word' id='word_1_458' title='bbox 1866 3094 2041 3147; x_wconf 73' lang='lat' dir='ltr'><strong>eundi.</strong></span> <span class='ocrx_word' id='word_1_459' title='bbox 2072 3088 2114 3148; x_wconf 82' lang='lat' dir='ltr'>C</span> <span class='ocrx_word' id='word_1_460' title='bbox 2149 3084 2411 3137; x_wconf 85' lang='lat' dir='ltr'><strong>Lilierii...</strong></span> <span class='ocrx_word' id='word_1_461' title='bbox 2444 3084 2507 3137; x_wconf 89' lang='lat' dir='ltr'><strong>ad</strong></span> <span class='ocrx_word' id='word_1_462' title='bbox 2553 3086 2830 3153; x_wconf 83' lang='lat' dir='ltr'><strong>episcnpos</strong></span> <span class='ocrx_word' id='word_1_463' title='bbox 2863 3083 3377 3149; x_wconf 81' lang='lat' dir='ltr'><strong>Macedonianortnn,</strong></span> <span class='ocrx_word' id='word_1_464' title='bbox 3420 3106 3436 3137; x_wconf 73' lang='grc' dir='ltr'><strong><em>ι</em></strong></span> <span class='ocrx_word' id='word_1_465' title='bbox 3472 3090 3563 3141; x_wconf 87' lang='lat' dir='ltr'><strong>hoc</strong></span> <span class='ocrx_word' id='word_1_466' title='bbox 3604 3098 3693 3150; x_wconf 85' lang='lat' dir='ltr'><strong>est,</strong></span> 
     </span>
    </p>
   </div>
   <div class='ocr_carea' id='block_1_63' title="bbox 488 3178 2051 3247">
    <p class='ocr_par' dir='ltr' id='par_1_63' title="bbox 488 3178 2051 3247">
     <span class='ocr_line' id='line_1_63' title="bbox 488 3178 2051 3247; baseline 0.004 -16"><span class='ocrx_word' id='word_1_467' title='bbox 488 3178 721 3231; x_wconf 88' lang='lat' dir='ltr'><strong>tionibus</strong></span> <span class='ocrx_word' id='word_1_468' title='bbox 744 3179 807 3231; x_wconf 90' lang='lat' dir='ltr'><strong>ad</strong></span> <span class='ocrx_word' id='word_1_469' title='bbox 836 3182 1259 3233; x_wconf 87' lang='lat' dir='ltr'><strong>eommnuionem</strong></span> <span class='ocrx_word' id='word_1_470' title='bbox 1294 3191 1568 3247; x_wconf 80' lang='lat' dir='ltr'><strong>susceptus</strong></span> <span class='ocrx_word' id='word_1_471' title='bbox 1608 3184 1705 3245; x_wconf 88' lang='lat' dir='ltr'><strong>sit;</strong></span> <span class='ocrx_word' id='word_1_472' title='bbox 1740 3184 1893 3237; x_wconf 65' lang='lat' dir='ltr'><strong>simul</strong></span> <span class='ocrx_word' id='word_1_473' title='bbox 1926 3201 2051 3239; x_wconf 77' lang='lat' dir='ltr'><strong>vero</strong></span> 
     </span>
    </p>
   </div>
   <div class='ocr_carea' id='block_1_64' title="bbox 486 3269 2051 3344">
    <p class='ocr_par' dir='ltr' id='par_1_64' title="bbox 486 3269 2051 3344">
     <span class='ocr_line' id='line_1_64' title="bbox 486 3269 2051 3344; baseline 0.004 -23"><span class='ocrx_word' id='word_1_474' title='bbox 486 3269 785 3337; x_wconf 82' lang='lat' dir='ltr'><strong>adjiciatur,</strong></span> <span class='ocrx_word' id='word_1_475' title='bbox 818 3286 923 3340; x_wconf 90' lang='lat' dir='ltr'><strong>quo</strong></span> <span class='ocrx_word' id='word_1_476' title='bbox 964 3282 1114 3336; x_wconf 85' lang='lat' dir='ltr'><strong>pacto</strong></span> <span class='ocrx_word' id='word_1_477' title='bbox 1157 3272 1264 3339; x_wconf 85' lang='lat' dir='ltr'><strong>jam</strong></span> <span class='ocrx_word' id='word_1_478' title='bbox 1306 3273 1575 3326; x_wconf 89' lang='lat' dir='ltr'><strong>immutata</strong></span> <span class='ocrx_word' id='word_1_479' title='bbox 1626 3277 1887 3328; x_wconf 79' lang='lat' dir='ltr'><strong>sententia</strong></span> <span class='ocrx_word' id='word_1_480' title='bbox 1931 3292 2051 3344; x_wconf 84' lang='lat' dir='ltr'><strong>gra-</strong></span> 
     </span>
    </p>
   </div>
   <div class='ocr_carea' id='block_1_65' title="bbox 491 3360 2053 3434">
    <p class='ocr_par' dir='ltr' id='par_1_65' title="bbox 491 3360 2053 3434">
     <span class='ocr_line' id='line_1_65' title="bbox 491 3360 2053 3434; baseline 0.004 -21"><span class='ocrx_word' id='word_1_481' title='bbox 491 3360 639 3423; x_wconf 88' lang='lat' dir='ltr'><strong>tiam,</strong></span> <span class='ocrx_word' id='word_1_482' title='bbox 665 3375 691 3411; x_wconf 90' lang='lat' dir='ltr'><strong>a</strong></span> <span class='ocrx_word' id='word_1_483' title='bbox 725 3361 961 3428; x_wconf 83' lang='lat' dir='ltr'><strong>patribus</strong></span> <span class='ocrx_word' id='word_1_484' title='bbox 986 3364 1072 3429; x_wconf 87' lang='lat' dir='ltr'><strong>qui</strong></span> <span class='ocrx_word' id='word_1_485' title='bbox 1106 3373 1213 3415; x_wconf 89' lang='lat' dir='ltr'><strong>tum</strong></span> <span class='ocrx_word' id='word_1_486' title='bbox 1245 3374 1391 3426; x_wconf 81' lang='lat' dir='ltr'><strong>erant</strong></span> <span class='ocrx_word' id='word_1_487' title='bbox 1436 3364 1575 3432; x_wconf 91' lang='lat' dir='ltr'><strong>(cum</strong></span> <span class='ocrx_word' id='word_1_488' title='bbox 1604 3364 1834 3430; x_wconf 86' lang='lat' dir='ltr'><strong>Liberio)</strong></span> <span class='ocrx_word' id='word_1_489' title='bbox 1869 3381 2053 3434; x_wconf 67' lang='lat' dir='ltr'><strong>accep-</strong></span> 
     </span>
    </p>
   </div>
   <div class='ocr_carea' id='block_1_66' title="bbox 488 3451 2048 3522">
    <p class='ocr_par' dir='ltr' id='par_1_66' title="bbox 488 3451 2048 3522">
     <span class='ocr_line' id='line_1_66' title="bbox 488 3451 2048 3522; baseline 0.005 -19"><span class='ocrx_word' id='word_1_490' title='bbox 488 3459 618 3509; x_wconf 87' lang='lat' dir='ltr'><strong>tam.</strong></span> <span class='ocrx_word' id='word_1_491' title='bbox 651 3452 853 3503; x_wconf 88' lang='lat' dir='ltr'><strong>irritam</strong></span> <span class='ocrx_word' id='word_1_492' title='bbox 885 3451 1085 3508; x_wconf 86' lang='lat' dir='ltr'><strong>reddat.</strong></span> <span class='ocrx_word' id='word_1_493' title='bbox 1122 3470 1139 3503; x_wconf 73' lang='grc' dir='ltr'><strong><em>ι</em></strong></span> <span class='ocrx_word' id='word_1_494' title='bbox 1175 3452 1277 3507; x_wconf 88' lang='lat' dir='ltr'><strong>Sed</strong></span> <span class='ocrx_word' id='word_1_495' title='bbox 1302 3456 1473 3506; x_wconf 89' lang='lat' dir='ltr'><strong>nullus</strong></span> <span class='ocrx_word' id='word_1_496' title='bbox 1508 3455 1625 3507; x_wconf 88' lang='lat' dir='ltr'><strong>huic</strong></span> <span class='ocrx_word' id='word_1_497' title='bbox 1653 3459 1940 3522; x_wconf 82' lang='lat' dir='ltr'><strong>sUspicioni</strong></span> <span class='ocrx_word' id='word_1_498' title='bbox 1972 3459 2048 3511; x_wconf 85' lang='lat' dir='ltr'><strong>lo-</strong></span> 
     </span>
    </p>
   </div>
   <div class='ocr_carea' id='block_1_67' title="bbox 488 3543 2051 3615">
    <p class='ocr_par' dir='ltr' id='par_1_67' title="bbox 488 3543 2051 3615">
     <span class='ocr_line' id='line_1_67' title="bbox 488 3543 2051 3615; baseline 0.006 -20"><span class='ocrx_word' id='word_1_499' title='bbox 488 3555 583 3595; x_wconf 89' lang='lat' dir='ltr'><strong>cus</strong></span> <span class='ocrx_word' id='word_1_500' title='bbox 603 3543 937 3611; x_wconf 87' lang='lat' dir='ltr'><strong>relinquitur,</strong></span> <span class='ocrx_word' id='word_1_501' title='bbox 971 3558 1088 3597; x_wconf 90' lang='lat' dir='ltr'><strong>cum</strong></span> <span class='ocrx_word' id='word_1_502' title='bbox 1120 3546 1425 3614; x_wconf 84' lang='lat' dir='ltr'><strong>pervenitur</strong></span> <span class='ocrx_word' id='word_1_503' title='bbox 1450 3547 1515 3599; x_wconf 88' lang='lat' dir='ltr'><strong>ad</strong></span> <span class='ocrx_word' id='word_1_504' title='bbox 1542 3547 1775 3615; x_wconf 52' lang='lat' dir='ltr'><strong>ejusdem</strong></span> <span class='ocrx_word' id='word_1_505' title='bbox 1820 3549 2051 3603; x_wconf 85' lang='lat' dir='ltr'><strong>doctoris</strong></span> 
     </span>
    </p>
   </div>
   <div class='ocr_carea' id='block_1_68' title="bbox 489 3635 2051 3711">
    <p class='ocr_par' dir='ltr' id='par_1_68' title="bbox 489 3635 2051 3711">
     <span class='ocr_line' id='line_1_68' title="bbox 489 3635 2051 3711; baseline 0.004 -22"><span class='ocrx_word' id='word_1_506' title='bbox 489 3635 766 3704; x_wconf 79' lang='lat' dir='ltr'><strong>epistolam</strong></span> <span class='ocrx_word' id='word_1_507' title='bbox 798 3637 884 3690; x_wconf 68' lang='grc' dir='ltr'><strong>εἰ.</strong></span> <span class='ocrx_word' id='word_1_508' title='bbox 937 3638 1005 3690; x_wconf 89' lang='lat' dir='ltr'><strong>lbi</strong></span> <span class='ocrx_word' id='word_1_509' title='bbox 1037 3638 1175 3691; x_wconf 89' lang='lat' dir='ltr'><strong>enim</strong></span> <span class='ocrx_word' id='word_1_510' title='bbox 1216 3638 1441 3693; x_wconf 70' lang='lat' dir='ltr'><strong>Basilius</strong></span> <span class='ocrx_word' id='word_1_511' title='bbox 1471 3640 1537 3694; x_wconf 84' lang='lat' dir='ltr'><strong>de</strong></span> <span class='ocrx_word' id='word_1_512' title='bbox 1568 3642 1726 3695; x_wconf 87' lang='lat' dir='ltr'><strong>rebus</strong></span> <span class='ocrx_word' id='word_1_513' title='bbox 1760 3646 1920 3711; x_wconf 62' lang='lat' dir='ltr'><strong>gestis</strong></span> <span class='ocrx_word' id='word_1_514' title='bbox 1945 3645 2051 3711; x_wconf 86' lang='lat' dir='ltr'><strong>jam</strong></span> 
     </span>
    </p>
   </div>
   <div class='ocr_carea' id='block_1_69' title="bbox 488 3726 2052 3797">
    <p class='ocr_par' dir='ltr' id='par_1_69' title="bbox 488 3726 2052 3797">
     <span class='ocr_line' id='line_1_69' title="bbox 488 3726 2052 3797; baseline 0.006 -21"><span class='ocrx_word' id='word_1_515' title='bbox 488 3726 683 3779; x_wconf 87' lang='lat' dir='ltr'><strong>certior</strong></span> <span class='ocrx_word' id='word_1_516' title='bbox 706 3726 893 3789; x_wconf 87' lang='lat' dir='ltr'><strong>faetos,</strong></span> <span class='ocrx_word' id='word_1_517' title='bbox 932 3743 1047 3795; x_wconf 86' lang='lat' dir='ltr'><strong>pag.</strong></span> <span class='ocrx_word' id='word_1_518' title='bbox 1086 3728 1183 3782; x_wconf 74' lang='grc'><strong>155</strong></span> <span class='ocrx_word' id='word_1_519' title='bbox 1210 3728 1404 3782; x_wconf 88' lang='lat' dir='ltr'><strong>diserte</strong></span> <span class='ocrx_word' id='word_1_520' title='bbox 1440 3730 1627 3797; x_wconf 85' lang='lat' dir='ltr'><strong>docet,</strong></span> <span class='ocrx_word' id='word_1_521' title='bbox 1665 3751 1683 3783; x_wconf 83' lang='grc'><strong><em>‹</em></strong></span> <span class='ocrx_word' id='word_1_522' title='bbox 1722 3733 2052 3786; x_wconf 86' lang='lat' dir='ltr'><strong>Eustathiutn</strong></span> 
     </span>
    </p>
   </div>
   <div class='ocr_carea' id='block_1_70' title="bbox 490 3814 2052 3891">
    <p class='ocr_par' dir='ltr' id='par_1_70' title="bbox 490 3814 2052 3891">
     <span class='ocr_line' id='line_1_70' title="bbox 490 3814 2052 3891; baseline 0.004 -23"><span class='ocrx_word' id='word_1_523' title='bbox 490 3814 839 3869; x_wconf 79' lang='lat' dir='ltr'><strong>Sebastenum</strong></span> <span class='ocrx_word' id='word_1_524' title='bbox 864 3818 1027 3871; x_wconf 65' lang='lat' dir='ltr'><strong>lioma</strong></span> <span class='ocrx_word' id='word_1_525' title='bbox 1054 3818 1288 3888; x_wconf 75' lang='lat' dir='ltr'><strong>&#39;l‘yanani</strong></span> <span class='ocrx_word' id='word_1_526' title='bbox 1312 3820 1552 3874; x_wconf 87' lang='lat' dir='ltr'><strong>attulisse</strong></span> <span class='ocrx_word' id='word_1_527' title='bbox 1582 3820 1837 3883; x_wconf 82' lang='lat' dir='ltr'><strong>chartam,</strong></span> <span class='ocrx_word' id='word_1_528' title='bbox 1874 3825 1921 3875; x_wconf 91' lang='lat' dir='ltr'><strong>in</strong></span> <span class='ocrx_word' id='word_1_529' title='bbox 1953 3839 2052 3891; x_wconf 90' lang='lat' dir='ltr'><strong>qua</strong></span> 
     </span>
    </p>
   </div>
   <div class='ocr_carea' id='block_1_71' title="bbox 487 3909 2052 3981">
    <p class='ocr_par' dir='ltr' id='par_1_71' title="bbox 487 3909 2052 3981">
     <span class='ocr_line' id='line_1_71' title="bbox 487 3909 2052 3981; baseline 0.005 -21"><span class='ocrx_word' id='word_1_530' title='bbox 487 3909 953 3962; x_wconf 75' lang='lat' dir='ltr'><strong>consubstantialis</strong></span> <span class='ocrx_word' id='word_1_531' title='bbox 1008 3911 1163 3964; x_wconf 84' lang='lat' dir='ltr'><strong>fidem</strong></span> <span class='ocrx_word' id='word_1_532' title='bbox 1212 3915 1572 3980; x_wconf 80' lang='lat' dir='ltr'><strong>prolitehatur.</strong></span> <span class='ocrx_word' id='word_1_533' title='bbox 1631 3934 1649 3965; x_wconf 75' lang='grc' dir='ltr'><strong><em>ι</em></strong></span> <span class='ocrx_word' id='word_1_534' title='bbox 1701 3914 1825 3981; x_wconf 69' lang='lat' dir='ltr'><strong>Qua-</strong></span> <span class='ocrx_word' id='word_1_535' title='bbox 1882 3927 2052 3969; x_wconf 88' lang='lat' dir='ltr'><strong>autem</strong></span> 
     </span>
    </p>
   </div>
   <div class='ocr_carea' id='block_1_72' title="bbox 488 3998 2053 4073">
    <p class='ocr_par' dir='ltr' id='par_1_72' title="bbox 488 3998 2053 4073">
     <span class='ocr_line' id='line_1_72' title="bbox 488 3998 2053 4073; baseline 0.004 -21"><span class='ocrx_word' id='word_1_536' title='bbox 488 3998 754 4053; x_wconf 76' lang='lat' dir='ltr'><strong>fueritilla</strong></span> <span class='ocrx_word' id='word_1_537' title='bbox 781 3999 982 4062; x_wconf 85' lang='lat' dir='ltr'><strong>charta,</strong></span> <span class='ocrx_word' id='word_1_538' title='bbox 1016 4003 1143 4054; x_wconf 86' lang='lat' dir='ltr'><strong>ibid.</strong></span> <span class='ocrx_word' id='word_1_539' title='bbox 1194 4019 1312 4071; x_wconf 75' lang='lat' dir='ltr'><strong>pag.</strong></span> <span class='ocrx_word' id='word_1_540' title='bbox 1351 4004 1450 4055; x_wconf 64' lang='lat'><strong>1:32</strong></span> <span class='ocrx_word' id='word_1_541' title='bbox 1487 4005 1734 4073; x_wconf 62' lang='lat' dir='ltr'><strong>explicat,</strong></span> <span class='ocrx_word' id='word_1_542' title='bbox 1776 4007 1842 4058; x_wconf 89' lang='lat' dir='ltr'><strong>de</strong></span> <span class='ocrx_word' id='word_1_543' title='bbox 1868 4007 2053 4060; x_wconf 88' lang='lat' dir='ltr'><strong>eodem</strong></span> 
     </span>
    </p>
   </div>
   <div class='ocr_carea' id='block_1_73' title="bbox 490 4091 2056 4166">
    <p class='ocr_par' dir='ltr' id='par_1_73' title="bbox 490 4091 2056 4166">
     <span class='ocr_line' id='line_1_73' title="bbox 490 4091 2056 4166; baseline 0.001 -21"><span class='ocrx_word' id='word_1_544' title='bbox 490 4091 764 4145; x_wconf 77' lang='lat' dir='ltr'><strong>Eustatbio</strong></span> <span class='ocrx_word' id='word_1_545' title='bbox 799 4108 860 4146; x_wconf 92' lang='lat' dir='ltr'><strong>ac</strong></span> <span class='ocrx_word' id='word_1_546' title='bbox 906 4095 1063 4147; x_wconf 86' lang='lat' dir='ltr'><strong>sociis</strong></span> <span class='ocrx_word' id='word_1_547' title='bbox 1106 4095 1182 4147; x_wconf 90' lang='lat' dir='ltr'><strong>sic</strong></span> <span class='ocrx_word' id='word_1_548' title='bbox 1225 4094 1535 4149; x_wconf 87' lang='lat' dir='ltr'><strong>disserens:</strong></span> <span class='ocrx_word' id='word_1_549' title='bbox 1577 4115 1594 4147; x_wconf 87' lang='grc'><em>‹</em></span> <span class='ocrx_word' id='word_1_550' title='bbox 1634 4096 1740 4149; x_wconf 86' lang='lat' dir='ltr'><strong>Hoc</strong></span> <span class='ocrx_word' id='word_1_551' title='bbox 1782 4112 1883 4149; x_wconf 91' lang='lat' dir='ltr'><strong>non</strong></span> <span class='ocrx_word' id='word_1_552' title='bbox 1912 4099 2056 4166; x_wconf 76' lang='lat' dir='ltr'><strong>engi-</strong></span> 
     </span>
    </p>
   </div>
   <div class='ocr_carea' id='block_1_74' title="bbox 487 4182 2054 4255">
    <p class='ocr_par' dir='ltr' id='par_1_74' title="bbox 487 4182 2054 4255">
     <span class='ocr_line' id='line_1_74' title="bbox 487 4182 2054 4255; baseline 0.004 -21"><span class='ocrx_word' id='word_1_553' title='bbox 487 4189 621 4247; x_wconf 85' lang='lat' dir='ltr'><strong>tant,</strong></span> <span class='ocrx_word' id='word_1_554' title='bbox 657 4182 795 4251; x_wconf 88' lang='lat' dir='ltr'><strong>quod</strong></span> <span class='ocrx_word' id='word_1_555' title='bbox 842 4186 1095 4252; x_wconf 88' lang='lat' dir='ltr'><strong>scriptum</strong></span> <span class='ocrx_word' id='word_1_556' title='bbox 1144 4185 1400 4251; x_wconf 70' lang='lat' dir='ltr'><strong>ipsorum,</strong></span> <span class='ocrx_word' id='word_1_557' title='bbox 1441 4202 1544 4255; x_wconf 87' lang='lat' dir='ltr'><strong>quo</strong></span> <span class='ocrx_word' id='word_1_558' title='bbox 1590 4185 1853 4240; x_wconf 73' lang='lat' dir='ltr'><strong>Nicaeuam</strong></span> <span class='ocrx_word' id='word_1_559' title='bbox 1899 4188 2054 4241; x_wconf 70' lang='lat' dir='ltr'><strong>fidrm</strong></span> 
     </span>
    </p>
   </div>
   <div class='ocr_carea' id='block_1_75' title="bbox 485 4272 2055 4349">
    <p class='ocr_par' dir='ltr' id='par_1_75' title="bbox 485 4272 2055 4349">
     <span class='ocr_line' id='line_1_75' title="bbox 485 4272 2055 4349; baseline 0.004 -22"><span class='ocrx_word' id='word_1_560' title='bbox 485 4272 719 4327; x_wconf 81' lang='lat' dir='ltr'><strong>confessi</strong></span> <span class='ocrx_word' id='word_1_561' title='bbox 748 4286 891 4338; x_wconf 90' lang='lat' dir='ltr'><strong>sunt,</strong></span> <span class='ocrx_word' id='word_1_562' title='bbox 916 4274 1100 4327; x_wconf 76' lang='lat' dir='ltr'><strong>Ruina:</strong></span> <span class='ocrx_word' id='word_1_563' title='bbox 1130 4288 1467 4341; x_wconf 78' lang='lat' dir='ltr'><strong>aSseivatur;</strong></span> <span class='ocrx_word' id='word_1_564' title='bbox 1501 4294 1597 4332; x_wconf 90' lang='lat' dir='ltr'><strong>nec</strong></span> <span class='ocrx_word' id='word_1_565' title='bbox 1623 4280 1763 4346; x_wconf 88' lang='lat' dir='ltr'><strong>qttod</strong></span> <span class='ocrx_word' id='word_1_566' title='bbox 1789 4278 2055 4349; x_wconf 66' lang='lat' dir='ltr'><strong>Tyanensi</strong></span> 
     </span>
    </p>
   </div>
   <div class='ocr_carea' id='block_1_76' title="bbox 490 4365 2050 4433">
    <p class='ocr_par' dir='ltr' id='par_1_76' title="bbox 490 4365 2050 4433">
     <span class='ocr_line' id='line_1_76' title="bbox 490 4365 2050 4433; baseline 0.004 -17"><span class='ocrx_word' id='word_1_567' title='bbox 490 4365 695 4431; x_wconf 83' lang='lat' dir='ltr'><strong>synodo</strong></span> <span class='ocrx_word' id='word_1_568' title='bbox 728 4366 953 4433; x_wconf 85' lang='lat' dir='ltr'><strong>propriis</strong></span> <span class='ocrx_word' id='word_1_569' title='bbox 983 4366 1225 4420; x_wconf 88' lang='lat' dir='ltr'><strong>manibus</strong></span> <span class='ocrx_word' id='word_1_570' title='bbox 1264 4369 1590 4422; x_wconf 91' lang='lat' dir='ltr'><strong>tradiderunt</strong></span> <span class='ocrx_word' id='word_1_571' title='bbox 1631 4369 1795 4423; x_wconf 72' lang='lat' dir='ltr'><strong>Koma</strong></span> <span class='ocrx_word' id='word_1_572' title='bbox 1838 4371 2050 4423; x_wconf 79' lang='lat' dir='ltr'><strong>allatum</strong></span> 
     </span>
    </p>
   </div>
   <div class='ocr_carea' id='block_1_77' title="bbox 2153 3175 3693 3244">
    <p class='ocr_par' dir='ltr' id='par_1_77' title="bbox 2153 3175 3693 3244">
     <span class='ocr_line' id='line_1_77' title="bbox 2153 3175 3693 3244; baseline 0.001 -15"><span class='ocrx_word' id='word_1_573' title='bbox 2153 3175 2195 3229; x_wconf 82' lang='lat' dir='ltr'><strong>si</strong></span> <span class='ocrx_word' id='word_1_574' title='bbox 2232 3176 2462 3243; x_wconf 85' lang='lat' dir='ltr'><strong>episeopi</strong></span> <span class='ocrx_word' id='word_1_575' title='bbox 2488 3176 2572 3242; x_wconf 86' lang='lat' dir='ltr'><strong>qui</strong></span> <span class='ocrx_word' id='word_1_576' title='bbox 2605 3177 2803 3244; x_wconf 83' lang='lat' dir='ltr'><strong>legatos</strong></span> <span class='ocrx_word' id='word_1_577' title='bbox 2837 3176 2899 3227; x_wconf 90' lang='lat' dir='ltr'><strong>ad</strong></span> <span class='ocrx_word' id='word_1_578' title='bbox 2943 3176 3205 3228; x_wconf 84' lang='lat' dir='ltr'><strong>Liberium</strong></span> <span class='ocrx_word' id='word_1_579' title='bbox 3258 3179 3533 3237; x_wconf 82' lang='lat' dir='ltr'><strong>miserunt.</strong></span> <span class='ocrx_word' id='word_1_580' title='bbox 3563 3191 3610 3233; x_wconf 87' lang='lat' dir='ltr'><strong>et</strong></span> <span class='ocrx_word' id='word_1_581' title='bbox 3639 3178 3693 3231; x_wconf 90' lang='lat' dir='ltr'><strong>ad</strong></span> 
     </span>
    </p>
   </div>
   <div class='ocr_carea' id='block_1_78' title="bbox 2154 3266 3696 3337">
    <p class='ocr_par' dir='ltr' id='par_1_78' title="bbox 2154 3266 3696 3337">
     <span class='ocr_line' id='line_1_78' title="bbox 2154 3266 3696 3337; baseline 0.002 -19"><span class='ocrx_word' id='word_1_582' title='bbox 2154 3280 2285 3335; x_wconf 88' lang='lat' dir='ltr'><strong>quos</strong></span> <span class='ocrx_word' id='word_1_583' title='bbox 2316 3267 2403 3318; x_wconf 89' lang='lat' dir='ltr'><strong>ille</strong></span> <span class='ocrx_word' id='word_1_584' title='bbox 2450 3266 2709 3327; x_wconf 85' lang='lat' dir='ltr'><strong>rescribit,</strong></span> <span class='ocrx_word' id='word_1_585' title='bbox 2742 3266 2807 3317; x_wconf 87' lang='lat' dir='ltr'><strong>ab</strong></span> <span class='ocrx_word' id='word_1_586' title='bbox 2855 3278 3069 3319; x_wconf 88' lang='lat' dir='ltr'><strong>auctore</strong></span> <span class='ocrx_word' id='word_1_587' title='bbox 3116 3275 3276 3319; x_wconf 68' lang='lat' dir='ltr'><strong>Secte</strong></span> <span class='ocrx_word' id='word_1_588' title='bbox 3320 3284 3437 3337; x_wconf 83' lang='lat' dir='ltr'><strong>qua:</strong></span> <span class='ocrx_word' id='word_1_589' title='bbox 3465 3268 3696 3337; x_wconf 87' lang='lat' dir='ltr'><strong>Spiritum</strong></span> 
     </span>
    </p>
   </div>
   <div class='ocr_carea' id='block_1_79' title="bbox 2154 3357 3699 3425">
    <p class='ocr_par' dir='ltr' id='par_1_79' title="bbox 2154 3357 3699 3425">
     <span class='ocr_line' id='line_1_79' title="bbox 2154 3357 3699 3425; baseline 0.001 -15"><span class='ocrx_word' id='word_1_590' title='bbox 2154 3373 2393 3412; x_wconf 83' lang='lat' dir='ltr'><strong>Sanetum</strong></span> <span class='ocrx_word' id='word_1_591' title='bbox 2425 3359 2584 3410; x_wconf 82' lang='lat' dir='ltr'><strong>lleum</strong></span> <span class='ocrx_word' id='word_1_592' title='bbox 2616 3361 2841 3425; x_wconf 73' lang='lat' dir='ltr'><strong>negarit,</strong></span> <span class='ocrx_word' id='word_1_593' title='bbox 2867 3358 2974 3425; x_wconf 87' lang='lat' dir='ltr'><strong>jam</strong></span> <span class='ocrx_word' id='word_1_594' title='bbox 3006 3357 3365 3425; x_wconf 79' lang='lat' dir='ltr'><strong>ceguoniinai</strong></span> <span class='ocrx_word' id='word_1_595' title='bbox 3409 3371 3575 3412; x_wconf 85' lang='lat' dir='ltr'><strong>essent</strong></span> <span class='ocrx_word' id='word_1_596' title='bbox 3606 3361 3699 3411; x_wconf 77' lang='lat' dir='ltr'><strong>Ma-</strong></span> 
     </span>
    </p>
   </div>
   <div class='ocr_carea' id='block_1_80' title="bbox 2154 3450 3699 3515">
    <p class='ocr_par' dir='ltr' id='par_1_80' title="bbox 2154 3450 3699 3515">
     <span class='ocr_line' id='line_1_80' title="bbox 2154 3450 3699 3515; baseline -0.001 -10"><span class='ocrx_word' id='word_1_597' title='bbox 2154 3451 2449 3505; x_wconf 78' lang='lat' dir='ltr'><strong>cedoniani.</strong></span> <span class='ocrx_word' id='word_1_598' title='bbox 2495 3451 2684 3503; x_wconf 75' lang='lat' dir='ltr'><strong>Verum</strong></span> <span class='ocrx_word' id='word_1_599' title='bbox 2739 3466 2856 3503; x_wconf 85' lang='lat' dir='ltr'><strong>cuin</strong></span> <span class='ocrx_word' id='word_1_600' title='bbox 2898 3450 3223 3503; x_wconf 84' lang='lat' dir='ltr'><strong>Sozomenus</strong></span> <span class='ocrx_word' id='word_1_601' title='bbox 3267 3452 3366 3503; x_wconf 84' lang='lat' dir='ltr'><strong>hos</strong></span> <span class='ocrx_word' id='word_1_602' title='bbox 3411 3452 3699 3515; x_wconf 75' lang='lat' dir='ltr'><strong>simpliciter</strong></span> 
     </span>
    </p>
   </div>
   <div class='ocr_carea' id='block_1_81' title="bbox 2157 3541 3698 3603">
    <p class='ocr_par' dir='ltr' id='par_1_81' title="bbox 2157 3541 3698 3603">
     <span class='ocr_line' id='line_1_81' title="bbox 2157 3541 3698 3603; baseline 0.001 -10"><span class='ocrx_word' id='word_1_603' title='bbox 2157 3553 2307 3597; x_wconf 73' lang='lat' dir='ltr'><strong>vocet</strong></span> <span class='ocrx_word' id='word_1_604' title='bbox 2344 3562 2361 3595; x_wconf 73' lang='grc' dir='ltr'>ι</span> <span class='ocrx_word' id='word_1_605' title='bbox 2390 3542 2703 3603; x_wconf 88' lang='lat' dir='ltr'><strong>Orientales,</strong></span> <span class='ocrx_word' id='word_1_606' title='bbox 2744 3559 2763 3592; x_wconf 74' lang='grc' dir='ltr'><strong><em>ι</em></strong></span> <span class='ocrx_word' id='word_1_607' title='bbox 2800 3558 2860 3595; x_wconf 89' lang='lat' dir='ltr'><strong>ac</strong></span> <span class='ocrx_word' id='word_1_608' title='bbox 2890 3541 3127 3595; x_wconf 87' lang='lat' dir='ltr'><strong>Liberius</strong></span> <span class='ocrx_word' id='word_1_609' title='bbox 3164 3560 3181 3591; x_wconf 86' lang='grc'><em>‹</em></span> <span class='ocrx_word' id='word_1_610' title='bbox 3219 3544 3483 3596; x_wconf 78' lang='lat' dir='ltr'><strong>universis</strong></span> <span class='ocrx_word' id='word_1_611' title='bbox 3526 3545 3698 3595; x_wconf 67' lang='lat' dir='ltr'><strong>(trien-</strong></span> 
     </span>
    </p>
   </div>
   <div class='ocr_carea' id='block_1_82' title="bbox 2158 3631 3700 3701">
    <p class='ocr_par' dir='ltr' id='par_1_82' title="bbox 2158 3631 3700 3701">
     <span class='ocr_line' id='line_1_82' title="bbox 2158 3631 3700 3701; baseline 0 -16"><span class='ocrx_word' id='word_1_612' title='bbox 2158 3636 2220 3686; x_wconf 90' lang='lat' dir='ltr'><strong>tis</strong></span> <span class='ocrx_word' id='word_1_613' title='bbox 2246 3633 2508 3701; x_wconf 80' lang='lat' dir='ltr'><strong>episcopis</strong></span> <span class='ocrx_word' id='word_1_614' title='bbox 2539 3632 2850 3685; x_wconf 80' lang='lat' dir='ltr'><strong>orthodoxis</strong></span> <span class='ocrx_word' id='word_1_615' title='bbox 2887 3651 2904 3683; x_wconf 72' lang='grc' dir='ltr'><strong>ι</strong></span> <span class='ocrx_word' id='word_1_616' title='bbox 2937 3632 3218 3699; x_wconf 86' lang='lat' dir='ltr'><strong>epistolam</strong></span> <span class='ocrx_word' id='word_1_617' title='bbox 3244 3646 3394 3685; x_wconf 88' lang='lat' dir='ltr'><strong>suam</strong></span> <span class='ocrx_word' id='word_1_618' title='bbox 3430 3631 3700 3692; x_wconf 85' lang='lat' dir='ltr'><strong>inscrihat;</strong></span> 
     </span>
    </p>
   </div>
   <div class='ocr_carea' id='block_1_83' title="bbox 2158 3722 3702 3789">
    <p class='ocr_par' dir='ltr' id='par_1_83' title="bbox 2158 3722 3702 3789">
     <span class='ocr_line' id='line_1_83' title="bbox 2158 3722 3702 3789; baseline -0.001 -15"><span class='ocrx_word' id='word_1_619' title='bbox 2158 3724 2321 3788; x_wconf 78' lang='lat' dir='ltr'><strong>liquet</strong></span> <span class='ocrx_word' id='word_1_620' title='bbox 2360 3725 2454 3775; x_wconf 86' lang='lat' dir='ltr'><strong>hos</strong></span> <span class='ocrx_word' id='word_1_621' title='bbox 2492 3738 2518 3773; x_wconf 89' lang='lat' dir='ltr'><strong>a</strong></span> <span class='ocrx_word' id='word_1_622' title='bbox 2561 3723 2781 3775; x_wconf 86' lang='lat' dir='ltr'><strong>Soerate</strong></span> <span class='ocrx_word' id='word_1_623' title='bbox 2825 3737 2917 3788; x_wconf 88' lang='lat' dir='ltr'><strong>per</strong></span> <span class='ocrx_word' id='word_1_624' title='bbox 2953 3722 3387 3788; x_wconf 70' lang='lat' dir='ltr'><strong>anticipationem</strong></span> <span class='ocrx_word' id='word_1_625' title='bbox 3445 3722 3702 3789; x_wconf 83' lang='lat' dir='ltr'><strong>quamdam</strong></span> 
     </span>
    </p>
   </div>
   <div class='ocr_carea' id='block_1_84' title="bbox 2157 3811 3702 3881">
    <p class='ocr_par' dir='ltr' id='par_1_84' title="bbox 2157 3811 3702 3881">
     <span class='ocr_line' id='line_1_84' title="bbox 2157 3811 3702 3881; baseline -0.001 -16"><span class='ocrx_word' id='word_1_626' title='bbox 2157 3812 2559 3865; x_wconf 85' lang='lat' dir='ltr'><strong>Macedonianos</strong></span> <span class='ocrx_word' id='word_1_627' title='bbox 2589 3811 2748 3864; x_wconf 85' lang='lat' dir='ltr'><strong>fuisse</strong></span> <span class='ocrx_word' id='word_1_628' title='bbox 2786 3822 3132 3879; x_wconf 75' lang='lat' dir='ltr'><strong>nuntupatos,</strong></span> <span class='ocrx_word' id='word_1_629' title='bbox 3160 3815 3279 3881; x_wconf 88' lang='lat' dir='ltr'><strong>quia</strong></span> <span class='ocrx_word' id='word_1_630' title='bbox 3314 3812 3491 3880; x_wconf 86' lang='lat' dir='ltr'><strong>plures</strong></span> <span class='ocrx_word' id='word_1_631' title='bbox 3518 3828 3702 3876; x_wconf 86' lang='lat' dir='ltr'><strong>eorum,</strong></span> 
     </span>
    </p>
   </div>
   <div class='ocr_carea' id='block_1_85' title="bbox 2157 3905 3705 3975">
    <p class='ocr_par' dir='ltr' id='par_1_85' title="bbox 2157 3905 3705 3975">
     <span class='ocr_line' id='line_1_85' title="bbox 2157 3905 3705 3975; baseline -0.001 -18"><span class='ocrx_word' id='word_1_632' title='bbox 2157 3920 2285 3975; x_wconf 81' lang='lat' dir='ltr'><strong>quos</strong></span> <span class='ocrx_word' id='word_1_633' title='bbox 2313 3905 2552 3959; x_wconf 86' lang='lat' dir='ltr'><strong>Liberius</strong></span> <span class='ocrx_word' id='word_1_634' title='bbox 2580 3906 2883 3958; x_wconf 89' lang='lat' dir='ltr'><strong>nominatim</strong></span> <span class='ocrx_word' id='word_1_635' title='bbox 2911 3905 3158 3973; x_wconf 79' lang='lat' dir='ltr'><strong>appellat,</strong></span> <span class='ocrx_word' id='word_1_636' title='bbox 3188 3905 3309 3957; x_wconf 87' lang='lat' dir='ltr'><strong>huic</strong></span> <span class='ocrx_word' id='word_1_637' title='bbox 3340 3912 3502 3957; x_wconf 80' lang='lat' dir='ltr'><strong>sect:e</strong></span> <span class='ocrx_word' id='word_1_638' title='bbox 3544 3916 3705 3972; x_wconf 80' lang='lat' dir='ltr'><strong>postea</strong></span> 
     </span>
    </p>
   </div>
   <div class='ocr_carea' id='block_1_86' title="bbox 2158 3996 3706 4065">
    <p class='ocr_par' dir='ltr' id='par_1_86' title="bbox 2158 3996 3706 4065">
     <span class='ocr_line' id='line_1_86' title="bbox 2158 3996 3706 4065; baseline 0.001 -19"><span class='ocrx_word' id='word_1_639' title='bbox 2158 3997 2325 4065; x_wconf 86' lang='lat' dir='ltr'><strong>palam</strong></span> <span class='ocrx_word' id='word_1_640' title='bbox 2374 3996 2563 4049; x_wconf 89' lang='lat' dir='ltr'><strong>addicti</strong></span> <span class='ocrx_word' id='word_1_641' title='bbox 2604 3997 2813 4049; x_wconf 87' lang='lat' dir='ltr'><strong>fuerint.</strong></span> <span class='ocrx_word' id='word_1_642' title='bbox 2845 3996 3146 4065; x_wconf 72' lang='lat' dir='ltr'><strong>Negamlum</strong></span> <span class='ocrx_word' id='word_1_643' title='bbox 3186 4004 3360 4048; x_wconf 85' lang='lat' dir='ltr'><strong>tamen</strong></span> <span class='ocrx_word' id='word_1_644' title='bbox 3393 4012 3497 4049; x_wconf 89' lang='lat' dir='ltr'><strong>non</strong></span> <span class='ocrx_word' id='word_1_645' title='bbox 3540 4006 3632 4051; x_wconf 81' lang='lat' dir='ltr'><strong>est.</strong></span> <span class='ocrx_word' id='word_1_646' title='bbox 3664 4003 3706 4049; x_wconf 88' lang='lat' dir='ltr'><strong>et</strong></span> 
     </span>
    </p>
   </div>
   <div class='ocr_carea' id='block_1_87' title="bbox 2156 4088 3705 4158">
    <p class='ocr_par' dir='ltr' id='par_1_87' title="bbox 2156 4088 3705 4158">
     <span class='ocr_line' id='line_1_87' title="bbox 2156 4088 3705 4158; baseline 0 -16"><span class='ocrx_word' id='word_1_647' title='bbox 2156 4104 2217 4142; x_wconf 81' lang='lat' dir='ltr'><strong>ex</strong></span> <span class='ocrx_word' id='word_1_648' title='bbox 2245 4088 2677 4141; x_wconf 80' lang='lat' dir='ltr'><strong>tonioAthanasii</strong></span> <span class='ocrx_word' id='word_1_649' title='bbox 2718 4089 2779 4142; x_wconf 90' lang='lat' dir='ltr'><strong>ad</strong></span> <span class='ocrx_word' id='word_1_650' title='bbox 2825 4089 3205 4143; x_wconf 82' lang='lat' dir='ltr'><strong>Antioclieuses</strong></span> <span class='ocrx_word' id='word_1_651' title='bbox 3254 4090 3587 4158; x_wconf 87' lang='lat' dir='ltr'><strong>perspicuum</strong></span> <span class='ocrx_word' id='word_1_652' title='bbox 3616 4098 3705 4154; x_wconf 87' lang='lat' dir='ltr'><strong>est,</strong></span> 
     </span>
    </p>
   </div>
   <div class='ocr_carea' id='block_1_88' title="bbox 2151 4179 3705 4250">
    <p class='ocr_par' dir='ltr' id='par_1_88' title="bbox 2151 4179 3705 4250">
     <span class='ocr_line' id='line_1_88' title="bbox 2151 4179 3705 4250; baseline 0 -17"><span class='ocrx_word' id='word_1_653' title='bbox 2151 4180 2258 4250; x_wconf 87' lang='lat' dir='ltr'><strong>jam</strong></span> <span class='ocrx_word' id='word_1_654' title='bbox 2283 4181 2348 4234; x_wconf 93' lang='lat' dir='ltr'><strong>ab</strong></span> <span class='ocrx_word' id='word_1_655' title='bbox 2370 4196 2505 4233; x_wconf 86' lang='lat' dir='ltr'><strong>anno</strong></span> <span class='ocrx_word' id='word_1_656' title='bbox 2533 4182 2714 4233; x_wconf 89' lang='lat' dir='ltr'><strong>saltem</strong></span> <span class='ocrx_word' id='word_1_657' title='bbox 2740 4181 2841 4233; x_wconf 67' lang='lat' dir='ltr'><strong>3oz!</strong></span> <span class='ocrx_word' id='word_1_658' title='bbox 2862 4182 3145 4242; x_wconf 84' lang='lat' dir='ltr'><strong>exstitisse,</strong></span> <span class='ocrx_word' id='word_1_659' title='bbox 3165 4181 3250 4248; x_wconf 87' lang='lat' dir='ltr'><strong>qui</strong></span> <span class='ocrx_word' id='word_1_660' title='bbox 3271 4179 3538 4235; x_wconf 69' lang='lat' dir='ltr'><strong>Nicaenam</strong></span> <span class='ocrx_word' id='word_1_661' title='bbox 3567 4181 3705 4234; x_wconf 83' lang='lat' dir='ltr'><strong>fidem</strong></span> 
     </span>
    </p>
   </div>
   <div class='ocr_carea' id='block_1_89' title="bbox 2156 4273 3710 4341">
    <p class='ocr_par' dir='ltr' id='par_1_89' title="bbox 2156 4273 3710 4341">
     <span class='ocr_line' id='line_1_89' title="bbox 2156 4273 3710 4341; baseline 0.001 -16"><span class='ocrx_word' id='word_1_662' title='bbox 2156 4274 2434 4326; x_wconf 90' lang='lat' dir='ltr'><strong>admittere</strong></span> <span class='ocrx_word' id='word_1_663' title='bbox 2456 4288 2512 4326; x_wconf 90' lang='lat' dir='ltr'><strong>se</strong></span> <span class='ocrx_word' id='word_1_664' title='bbox 2538 4273 2865 4337; x_wconf 87' lang='lat' dir='ltr'><strong>simulantes,</strong></span> <span class='ocrx_word' id='word_1_665' title='bbox 2896 4273 3148 4341; x_wconf 89' lang='lat' dir='ltr'><strong>Spiritum</strong></span> <span class='ocrx_word' id='word_1_666' title='bbox 3171 4285 3414 4328; x_wconf 89' lang='lat' dir='ltr'><strong>sanctum</strong></span> <span class='ocrx_word' id='word_1_667' title='bbox 3439 4290 3548 4328; x_wconf 90' lang='lat' dir='ltr'><strong>rem</strong></span> <span class='ocrx_word' id='word_1_668' title='bbox 3577 4290 3710 4329; x_wconf 78' lang='lat' dir='ltr'><strong>crea-</strong></span> 
     </span>
    </p>
   </div>
   <div class='ocr_carea' id='block_1_90' title="bbox 2157 4366 3710 4437">
    <p class='ocr_par' dir='ltr' id='par_1_90' title="bbox 2157 4366 3710 4437">
     <span class='ocr_line' id='line_1_90' title="bbox 2157 4366 3710 4437; baseline 0.001 -18"><span class='ocrx_word' id='word_1_669' title='bbox 2157 4376 2261 4419; x_wconf 86' lang='lat' dir='ltr'><strong>tam</strong></span> <span class='ocrx_word' id='word_1_670' title='bbox 2293 4366 2633 4420; x_wconf 85' lang='lat' dir='ltr'><strong>alfirniarent.</strong></span> <span class='ocrx_word' id='word_1_671' title='bbox 2665 4370 2830 4433; x_wconf 80' lang='lat' dir='ltr'><strong>Quam</strong></span> <span class='ocrx_word' id='word_1_672' title='bbox 2862 4368 2929 4422; x_wconf 91' lang='lat' dir='ltr'><strong>ob</strong></span> <span class='ocrx_word' id='word_1_673' title='bbox 2950 4382 3161 4423; x_wconf 77' lang='lat' dir='ltr'><strong>oausam</strong></span> <span class='ocrx_word' id='word_1_674' title='bbox 3186 4367 3543 4421; x_wconf 80' lang='lat' dir='ltr'><strong>Alexandrina</strong></span> <span class='ocrx_word' id='word_1_675' title='bbox 3566 4382 3710 4437; x_wconf 77' lang='lat' dir='ltr'><strong>syno-</strong></span> 
     </span>
    </p>
   </div>
   <div class='ocr_carea' id='block_1_91' title="bbox 489 4451 3711 4529">
    <p class='ocr_par' dir='ltr' id='par_1_91' title="bbox 489 4451 3711 4529">
     <span class='ocr_line' id='line_1_91' title="bbox 489 4451 3711 4529; baseline 0.001 -21"><span class='ocrx_word' id='word_1_676' title='bbox 489 4455 745 4518; x_wconf 88' lang='lat' dir='ltr'><strong>libellnm,</strong></span> <span class='ocrx_word' id='word_1_677' title='bbox 780 4458 869 4523; x_wconf 90' lang='lat' dir='ltr'><strong>qui</strong></span> <span class='ocrx_word' id='word_1_678' title='bbox 893 4468 943 4510; x_wconf 89' lang='lat' dir='ltr'><strong>et</strong></span> <span class='ocrx_word' id='word_1_679' title='bbox 966 4473 1127 4526; x_wconf 67' lang='lat' dir='ltr'><strong>penes</strong></span> <span class='ocrx_word' id='word_1_680' title='bbox 1151 4474 1245 4511; x_wconf 90' lang='lat' dir='ltr'><strong>nos</strong></span> <span class='ocrx_word' id='word_1_681' title='bbox 1272 4473 1374 4521; x_wconf 81' lang='lat' dir='ltr'><strong>est,</strong></span> <span class='ocrx_word' id='word_1_682' title='bbox 1402 4462 1578 4529; x_wconf 85' lang='lat' dir='ltr'><strong>inquo</strong></span> <span class='ocrx_word' id='word_1_683' title='bbox 1599 4462 1784 4516; x_wconf 87' lang='lat' dir='ltr'><strong>eadem</strong></span> <span class='ocrx_word' id='word_1_684' title='bbox 1810 4463 1893 4515; x_wconf 88' lang='lat' dir='ltr'><strong>illa</strong></span> <span class='ocrx_word' id='word_1_685' title='bbox 1924 4462 2053 4517; x_wconf 73' lang='lat' dir='ltr'><strong>fides</strong></span> <span class='ocrx_word' id='word_1_686' title='bbox 2084 4451 2127 4509; x_wconf 82' lang='grc' dir='ltr'>υ</span> <span class='ocrx_word' id='word_1_687' title='bbox 2154 4459 2250 4513; x_wconf 88' lang='lat' dir='ltr'><strong>dus</strong></span> <span class='ocrx_word' id='word_1_688' title='bbox 2274 4460 2322 4511; x_wconf 87' lang='lat' dir='ltr'><strong>iit</strong></span> <span class='ocrx_word' id='word_1_689' title='bbox 2342 4460 2546 4512; x_wconf 89' lang='lat' dir='ltr'><strong>laudato</strong></span> <span class='ocrx_word' id='word_1_690' title='bbox 2576 4469 2716 4513; x_wconf 87' lang='lat' dir='ltr'><strong>tonio</strong></span> <span class='ocrx_word' id='word_1_691' title='bbox 2748 4477 2798 4512; x_wconf 89' lang='lat' dir='ltr'><strong>ti.</strong></span> <span class='ocrx_word' id='word_1_692' title='bbox 2829 4463 2883 4524; x_wconf 78' lang='grc'><strong>5,</strong></span> <span class='ocrx_word' id='word_1_693' title='bbox 2903 4460 3086 4529; x_wconf 84' lang='lat' dir='ltr'><strong>legatis</strong></span> <span class='ocrx_word' id='word_1_694' title='bbox 3114 4464 3222 4513; x_wconf 71' lang='lat' dir='ltr'><strong>svis</strong></span> <span class='ocrx_word' id='word_1_695' title='bbox 3255 4461 3579 4513; x_wconf 65' lang='lat' dir='ltr'><strong>\ntiochiani</strong></span> <span class='ocrx_word' id='word_1_696' title='bbox 3602 4461 3711 4514; x_wconf 90' lang='lat' dir='ltr'><strong>mis-</strong></span> 
     </span>
    </p>
   </div>
   <div class='ocr_carea' id='block_1_92' title="bbox 488 4546 2050 4613">
    <p class='ocr_par' dir='ltr' id='par_1_92' title="bbox 488 4546 2050 4613">
     <span class='ocr_line' id='line_1_92' title="bbox 488 4546 2050 4613; baseline 0.006 -16"><span class='ocrx_word' id='word_1_697' title='bbox 488 4546 729 4599; x_wconf 83' lang='lat' dir='ltr'><strong>habetnr.</strong></span> <span class='ocrx_word' id='word_1_698' title='bbox 774 4564 790 4596; x_wconf 74' lang='grc' dir='ltr'><strong><em>ι</em></strong></span> <span class='ocrx_word' id='word_1_699' title='bbox 824 4548 1024 4613; x_wconf 83' lang='lat' dir='ltr'><strong>Quihtts</strong></span> <span class='ocrx_word' id='word_1_700' title='bbox 1065 4549 1244 4603; x_wconf 78' lang='lat' dir='ltr'><strong>verbis</strong></span> <span class='ocrx_word' id='word_1_701' title='bbox 1282 4550 1507 4604; x_wconf 88' lang='lat' dir='ltr'><strong>Basilius</strong></span> <span class='ocrx_word' id='word_1_702' title='bbox 1546 4562 1598 4605; x_wconf 89' lang='lat' dir='ltr'><strong>et</strong></span> <span class='ocrx_word' id='word_1_703' title='bbox 1628 4553 1861 4606; x_wconf 90' lang='lat' dir='ltr'><strong>libellum</strong></span> <span class='ocrx_word' id='word_1_704' title='bbox 1903 4569 2050 4607; x_wconf 90' lang='lat' dir='ltr'><strong>com-</strong></span> 
     </span>
    </p>
   </div>
   <div class='ocr_carea' id='block_1_93' title="bbox 488 4642 2051 4710">
    <p class='ocr_par' dir='ltr' id='par_1_93' title="bbox 488 4642 2051 4710">
     <span class='ocr_line' id='line_1_93' title="bbox 488 4642 2051 4710; baseline 0.004 -17"><span class='ocrx_word' id='word_1_705' title='bbox 488 4650 770 4703; x_wconf 85' lang='lat' dir='ltr'><strong>memorat,</strong></span> <span class='ocrx_word' id='word_1_706' title='bbox 796 4657 953 4710; x_wconf 86' lang='lat' dir='ltr'><strong>quem</strong></span> <span class='ocrx_word' id='word_1_707' title='bbox 988 4642 1227 4697; x_wconf 88' lang='lat' dir='ltr'><strong>Liberius</strong></span> <span class='ocrx_word' id='word_1_708' title='bbox 1253 4644 1319 4696; x_wconf 90' lang='lat' dir='ltr'><strong>ab</strong></span> <span class='ocrx_word' id='word_1_709' title='bbox 1342 4644 1619 4699; x_wconf 83' lang='lat' dir='ltr'><strong>Enstatbio</strong></span> <span class='ocrx_word' id='word_1_710' title='bbox 1645 4656 1692 4698; x_wconf 88' lang='lat' dir='ltr'><strong>et</strong></span> <span class='ocrx_word' id='word_1_711' title='bbox 1734 4647 1891 4700; x_wconf 88' lang='lat' dir='ltr'><strong>sociis</strong></span> <span class='ocrx_word' id='word_1_712' title='bbox 1925 4662 2051 4700; x_wconf 73' lang='lat' dir='ltr'><strong>exe-</strong></span> 
     </span>
    </p>
   </div>
   <div class='ocr_carea' id='block_1_94' title="bbox 486 4730 2052 4805">
    <p class='ocr_par' dir='ltr' id='par_1_94' title="bbox 486 4730 2052 4805">
     <span class='ocr_line' id='line_1_94' title="bbox 486 4730 2052 4805; baseline 0.006 -24"><span class='ocrx_word' id='word_1_713' title='bbox 486 4730 580 4799; x_wconf 83' lang='lat' dir='ltr'><strong>git,</strong></span> <span class='ocrx_word' id='word_1_714' title='bbox 614 4739 665 4783; x_wconf 91' lang='lat' dir='ltr'><strong>et</strong></span> <span class='ocrx_word' id='word_1_715' title='bbox 693 4732 892 4784; x_wconf 84' lang='lat' dir='ltr'><strong>litteras</strong></span> <span class='ocrx_word' id='word_1_716' title='bbox 912 4748 1043 4801; x_wconf 84' lang='lat' dir='ltr'><strong>quas</strong></span> <span class='ocrx_word' id='word_1_717' title='bbox 1077 4735 1268 4788; x_wconf 81' lang='lat' dir='ltr'><strong>eximie</strong></span> <span class='ocrx_word' id='word_1_718' title='bbox 1315 4736 1419 4789; x_wconf 85' lang='lat' dir='ltr'><strong>illis</strong></span> <span class='ocrx_word' id='word_1_719' title='bbox 1448 4735 1511 4788; x_wconf 85' lang='lat' dir='ltr'><strong>ad</strong></span> <span class='ocrx_word' id='word_1_720' title='bbox 1551 4736 1845 4789; x_wconf 85' lang='lat' dir='ltr'><strong>Orientales</strong></span> <span class='ocrx_word' id='word_1_721' title='bbox 1876 4736 2052 4805; x_wconf 82' lang='lat' dir='ltr'><strong>perfe-</strong></span> 
     </span>
    </p>
   </div>
   <div class='ocr_carea' id='block_1_95' title="bbox 478 4805 2053 4898">
    <p class='ocr_par' dir='ltr' id='par_1_95' title="bbox 478 4805 2053 4898">
     <span class='ocr_line' id='line_1_95' title="bbox 478 4805 2053 4898; baseline 0.005 -25"><span class='ocrx_word' id='word_1_722' title='bbox 478 4805 678 4874; x_wconf 76' lang='lat' dir='ltr'><strong>rendas</strong></span> <span class='ocrx_word' id='word_1_723' title='bbox 720 4822 856 4875; x_wconf 89' lang='lat' dir='ltr'><strong>idem</strong></span> <span class='ocrx_word' id='word_1_724' title='bbox 911 4824 1145 4891; x_wconf 77' lang='lat' dir='ltr'><strong>pontifex</strong></span> <span class='ocrx_word' id='word_1_725' title='bbox 1192 4825 1355 4891; x_wconf 84' lang='lat' dir='ltr'><strong>dedit,</strong></span> <span class='ocrx_word' id='word_1_726' title='bbox 1398 4828 1589 4893; x_wconf 79' lang='lat' dir='ltr'><strong>quibus</strong></span> <span class='ocrx_word' id='word_1_727' title='bbox 1640 4826 1880 4880; x_wconf 90' lang='lat' dir='ltr'><strong>nimirum</strong></span> <span class='ocrx_word' id='word_1_728' title='bbox 1914 4844 2053 4898; x_wconf 62' lang='lat' dir='ltr'><strong>prie-</strong></span> 
     </span>
    </p>
   </div>
   <div class='ocr_carea' id='block_1_96' title="bbox 486 4910 2052 4987">
    <p class='ocr_par' dir='ltr' id='par_1_96' title="bbox 486 4910 2052 4987">
     <span class='ocr_line' id='line_1_96' title="bbox 486 4910 2052 4987; baseline 0.005 -24"><span class='ocrx_word' id='word_1_729' title='bbox 486 4910 659 4964; x_wconf 86' lang='lat' dir='ltr'><strong>dictus</strong></span> <span class='ocrx_word' id='word_1_730' title='bbox 715 4913 921 4966; x_wconf 76' lang='lat' dir='ltr'><strong>libellus</strong></span> <span class='ocrx_word' id='word_1_731' title='bbox 973 4916 1403 4971; x_wconf 82' lang='lat' dir='ltr'><strong>subnectebatur.</strong></span> <span class='ocrx_word' id='word_1_732' title='bbox 1447 4918 1611 4972; x_wconf 86' lang='lat' dir='ltr'><strong>Simul</strong></span> <span class='ocrx_word' id='word_1_733' title='bbox 1659 4931 1816 4972; x_wconf 86' lang='lat' dir='ltr'><strong>etiam</strong></span> <span class='ocrx_word' id='word_1_734' title='bbox 1874 4920 2052 4987; x_wconf 87' lang='lat' dir='ltr'><strong>tradit,</strong></span> 
     </span>
    </p>
   </div>
   <div class='ocr_carea' id='block_1_97' title="bbox 486 5001 2052 5077">
    <p class='ocr_par' dir='ltr' id='par_1_97' title="bbox 486 5001 2052 5077">
     <span class='ocr_line' id='line_1_97' title="bbox 486 5001 2052 5077; baseline 0.004 -23"><span class='ocrx_word' id='word_1_735' title='bbox 486 5001 690 5055; x_wconf 86' lang='lat' dir='ltr'><strong>litteras</strong></span> <span class='ocrx_word' id='word_1_736' title='bbox 715 5002 830 5056; x_wconf 84' lang='lat' dir='ltr'><strong>illas</strong></span> <span class='ocrx_word' id='word_1_737' title='bbox 859 5004 1122 5073; x_wconf 76' lang='lat' dir='ltr'><strong>Tyanensi</strong></span> <span class='ocrx_word' id='word_1_738' title='bbox 1155 5008 1359 5077; x_wconf 84' lang='lat' dir='ltr'><strong>synodo</strong></span> <span class='ocrx_word' id='word_1_739' title='bbox 1401 5008 1509 5071; x_wconf 88' lang='lat' dir='ltr'><strong>ipsa</strong></span> <span class='ocrx_word' id='word_1_740' title='bbox 1553 5010 1809 5064; x_wconf 86' lang='lat' dir='ltr'><strong>Eustathii</strong></span> <span class='ocrx_word' id='word_1_741' title='bbox 1856 5026 1919 5065; x_wconf 90' lang='lat' dir='ltr'><strong>ac</strong></span> <span class='ocrx_word' id='word_1_742' title='bbox 1964 5028 2052 5063; x_wconf 85' lang='lat' dir='ltr'><strong>so-</strong></span> 
     </span>
    </p>
   </div>
   <div class='ocr_carea' id='block_1_98' title="bbox 486 5096 2056 5169">
    <p class='ocr_par' dir='ltr' id='par_1_98' title="bbox 486 5096 2056 5169">
     <span class='ocr_line' id='line_1_98' title="bbox 486 5096 2056 5169; baseline 0.003 -20"><span class='ocrx_word' id='word_1_743' title='bbox 486 5096 689 5151; x_wconf 87' lang='lat' dir='ltr'><strong>ciorum</strong></span> <span class='ocrx_word' id='word_1_744' title='bbox 732 5113 887 5149; x_wconf 85' lang='lat' dir='ltr'><strong>manu</strong></span> <span class='ocrx_word' id='word_1_745' title='bbox 930 5098 1089 5150; x_wconf 85' lang='lat' dir='ltr'><strong>fuisse</strong></span> <span class='ocrx_word' id='word_1_746' title='bbox 1129 5098 1377 5153; x_wconf 87' lang='lat' dir='ltr'><strong>redditas.</strong></span> <span class='ocrx_word' id='word_1_747' title='bbox 1407 5098 1537 5153; x_wconf 90' lang='lat' dir='ltr'><strong>Cum</strong></span> <span class='ocrx_word' id='word_1_748' title='bbox 1569 5101 1725 5169; x_wconf 82' lang='lat' dir='ltr'><strong>igitur</strong></span> <span class='ocrx_word' id='word_1_749' title='bbox 1769 5103 1816 5153; x_wconf 90' lang='lat' dir='ltr'><strong>itt</strong></span> <span class='ocrx_word' id='word_1_750' title='bbox 1859 5102 1941 5153; x_wconf 69' lang='lat' dir='ltr'><strong>his</strong></span> <span class='ocrx_word' id='word_1_751' title='bbox 1971 5102 2056 5156; x_wconf 86' lang='lat' dir='ltr'><strong>Li-</strong></span> 
     </span>
    </p>
   </div>
   <div class='ocr_carea' id='block_1_99' title="bbox 488 5185 2057 5255">
    <p class='ocr_par' dir='ltr' id='par_1_99' title="bbox 488 5185 2057 5255">
     <span class='ocr_line' id='line_1_99' title="bbox 488 5185 2057 5255; baseline 0.003 -15"><span class='ocrx_word' id='word_1_752' title='bbox 488 5185 686 5251; x_wconf 84' lang='lat' dir='ltr'><strong>berius,</strong></span> <span class='ocrx_word' id='word_1_753' title='bbox 725 5202 825 5255; x_wconf 89' lang='lat' dir='ltr'><strong>qua</strong></span> <span class='ocrx_word' id='word_1_754' title='bbox 864 5188 1170 5243; x_wconf 72' lang='lat' dir='ltr'><strong>caaditionc</strong></span> <span class='ocrx_word' id='word_1_755' title='bbox 1216 5189 1279 5242; x_wconf 86' lang='lat' dir='ltr'><strong>ad</strong></span> <span class='ocrx_word' id='word_1_756' title='bbox 1326 5192 1751 5245; x_wconf 86' lang='lat' dir='ltr'><strong>communionem</strong></span> <span class='ocrx_word' id='word_1_757' title='bbox 1796 5192 2057 5245; x_wconf 86' lang='lat' dir='ltr'><strong>admissus</strong></span> 
     </span>
    </p>
   </div>
   <div class='ocr_carea' id='block_1_100' title="bbox 487 5280 2055 5352">
    <p class='ocr_par' dir='ltr' id='par_1_100' title="bbox 487 5280 2055 5352">
     <span class='ocr_line' id='line_1_100' title="bbox 487 5280 2055 5352; baseline 0.003 -21"><span class='ocrx_word' id='word_1_758' title='bbox 487 5280 579 5346; x_wconf 82' lang='lat' dir='ltr'><strong>sit,</strong></span> <span class='ocrx_word' id='word_1_759' title='bbox 617 5291 800 5339; x_wconf 85' lang='lat' dir='ltr'><strong>aperte</strong></span> <span class='ocrx_word' id='word_1_760' title='bbox 828 5294 1089 5349; x_wconf 81' lang='lat' dir='ltr'><strong>exponat;</strong></span> <span class='ocrx_word' id='word_1_761' title='bbox 1124 5283 1333 5351; x_wconf 87' lang='lat' dir='ltr'><strong>planum</strong></span> <span class='ocrx_word' id='word_1_762' title='bbox 1365 5294 1447 5336; x_wconf 89' lang='lat' dir='ltr'><strong>est</strong></span> <span class='ocrx_word' id='word_1_763' title='bbox 1488 5284 1757 5347; x_wconf 88' lang='lat' dir='ltr'><strong>Basilium,</strong></span> <span class='ocrx_word' id='word_1_764' title='bbox 1791 5300 1910 5336; x_wconf 93' lang='lat' dir='ltr'><strong>cntn</strong></span> <span class='ocrx_word' id='word_1_765' title='bbox 1942 5284 2055 5352; x_wconf 84' lang='lat' dir='ltr'><strong>epi-</strong></span> 
     </span>
    </p>
   </div>
   <div class='ocr_carea' id='block_1_101' title="bbox 486 5371 2056 5445">
    <p class='ocr_par' dir='ltr' id='par_1_101' title="bbox 486 5371 2056 5445">
     <span class='ocr_line' id='line_1_101' title="bbox 486 5371 2056 5445; baseline 0.004 -22"><span class='ocrx_word' id='word_1_766' title='bbox 486 5371 678 5424; x_wconf 76' lang='lat' dir='ltr'><strong>Stolam</strong></span> <span class='ocrx_word' id='word_1_767' title='bbox 712 5372 775 5426; x_wconf 73' lang='grc'><strong>74</strong></span> <span class='ocrx_word' id='word_1_768' title='bbox 807 5373 1084 5437; x_wconf 85' lang='lat' dir='ltr'><strong>scriberet,</strong></span> <span class='ocrx_word' id='word_1_769' title='bbox 1132 5374 1425 5443; x_wconf 79' lang='lat' dir='ltr'><strong>Tyanensis</strong></span> <span class='ocrx_word' id='word_1_770' title='bbox 1466 5377 1650 5445; x_wconf 84' lang='lat' dir='ltr'><strong>synodi</strong></span> <span class='ocrx_word' id='word_1_771' title='bbox 1684 5388 1831 5445; x_wconf 82' lang='lat' dir='ltr'><strong>geSIa</strong></span> <span class='ocrx_word' id='word_1_772' title='bbox 1867 5392 1931 5429; x_wconf 82' lang='lat' dir='ltr'><strong>ex</strong></span> <span class='ocrx_word' id='word_1_773' title='bbox 1977 5378 2056 5429; x_wconf 86' lang='lat' dir='ltr'><strong>itt-</strong></span> 
     </span>
    </p>
   </div>
   <div class='ocr_carea' id='block_1_102' title="bbox 489 5465 2060 5538">
    <p class='ocr_par' dir='ltr' id='par_1_102' title="bbox 489 5465 2060 5538">
     <span class='ocr_line' id='line_1_102' title="bbox 489 5465 2060 5538; baseline 0.004 -19"><span class='ocrx_word' id='word_1_774' title='bbox 489 5479 641 5520; x_wconf 86' lang='lat' dir='ltr'><strong>certo</strong></span> <span class='ocrx_word' id='word_1_775' title='bbox 670 5465 924 5521; x_wconf 78' lang='lat' dir='ltr'><strong>duntaxat</strong></span> <span class='ocrx_word' id='word_1_776' title='bbox 961 5484 1172 5523; x_wconf 91' lang='lat' dir='ltr'><strong>rumore</strong></span> <span class='ocrx_word' id='word_1_777' title='bbox 1207 5470 1492 5531; x_wconf 76' lang='lat' dir='ltr'><strong>didicisse;</strong></span> <span class='ocrx_word' id='word_1_778' title='bbox 1540 5472 1775 5538; x_wconf 80' lang='lat' dir='ltr'><strong>adeoque</strong></span> <span class='ocrx_word' id='word_1_779' title='bbox 1820 5473 1920 5526; x_wconf 83' lang='lat' dir='ltr'><strong>leri</strong></span> <span class='ocrx_word' id='word_1_780' title='bbox 1965 5473 2060 5526; x_wconf 84' lang='lat' dir='ltr'><strong>atl-</strong></span> 
     </span>
    </p>
   </div>
   <div class='ocr_carea' id='block_1_103' title="bbox 489 5556 2059 5635">
    <p class='ocr_par' dir='ltr' id='par_1_103' title="bbox 489 5556 2059 5635">
     <span class='ocr_line' id='line_1_103' title="bbox 489 5556 2059 5635; baseline 0.005 -24"><span class='ocrx_word' id='word_1_781' title='bbox 489 5556 705 5611; x_wconf 87' lang='lat' dir='ltr'><strong>modutu</strong></span> <span class='ocrx_word' id='word_1_782' title='bbox 747 5574 809 5611; x_wconf 91' lang='lat' dir='ltr'><strong>ac</strong></span> <span class='ocrx_word' id='word_1_783' title='bbox 836 5559 978 5613; x_wconf 87' lang='lat' dir='ltr'><strong>lahili</strong></span> <span class='ocrx_word' id='word_1_784' title='bbox 1013 5558 1354 5615; x_wconf 88' lang='lat' dir='ltr'><strong>fundamento</strong></span> <span class='ocrx_word' id='word_1_785' title='bbox 1385 5564 1479 5616; x_wconf 90' lang='lat' dir='ltr'><strong>niti</strong></span> <span class='ocrx_word' id='word_1_786' title='bbox 1507 5578 1617 5628; x_wconf 89' lang='lat' dir='ltr'><strong>cos,</strong></span> <span class='ocrx_word' id='word_1_787' title='bbox 1646 5564 1735 5633; x_wconf 93' lang='lat' dir='ltr'><strong>qui</strong></span> <span class='ocrx_word' id='word_1_788' title='bbox 1772 5579 1875 5617; x_wconf 90' lang='lat' dir='ltr'><strong>uno</strong></span> <span class='ocrx_word' id='word_1_789' title='bbox 1903 5563 2059 5635; x_wconf 86' lang='lat' dir='ltr'><strong>hujus</strong></span> 
     </span>
    </p>
   </div>
   <div class='ocr_carea' id='block_1_104' title="bbox 487 5649 2052 5726">
    <p class='ocr_par' dir='ltr' id='par_1_104' title="bbox 487 5649 2052 5726">
     <span class='ocr_line' id='line_1_104' title="bbox 487 5649 2052 5726; baseline 0.006 -23"><span class='ocrx_word' id='word_1_790' title='bbox 487 5650 727 5714; x_wconf 73' lang='lat' dir='ltr'><strong>epistola:</strong></span> <span class='ocrx_word' id='word_1_791' title='bbox 750 5649 911 5703; x_wconf 83' lang='lat' dir='ltr'><strong>allato</strong></span> <span class='ocrx_word' id='word_1_792' title='bbox 933 5650 1049 5705; x_wconf 85' lang='lat' dir='ltr'><strong>loco</strong></span> <span class='ocrx_word' id='word_1_793' title='bbox 1080 5654 1218 5717; x_wconf 80' lang='lat' dir='ltr'><strong>freti,</strong></span> <span class='ocrx_word' id='word_1_794' title='bbox 1243 5653 1522 5721; x_wconf 85' lang='lat' dir='ltr'><strong>epistolam</strong></span> <span class='ocrx_word' id='word_1_795' title='bbox 1547 5656 1701 5711; x_wconf 83' lang='lat' dir='ltr'><strong>aliam</strong></span> <span class='ocrx_word' id='word_1_796' title='bbox 1726 5656 2052 5726; x_wconf 77' lang='lat' dir='ltr'><strong>desiderant,</strong></span> 
     </span>
    </p>
   </div>
   <div class='ocr_carea' id='block_1_105' title="bbox 2158 4551 3711 4621">
    <p class='ocr_par' dir='ltr' id='par_1_105' title="bbox 2158 4551 3711 4621">
     <span class='ocr_line' id='line_1_105' title="bbox 2158 4551 3711 4621; baseline -0.001 -17"><span class='ocrx_word' id='word_1_797' title='bbox 2158 4553 2228 4604; x_wconf 89' lang='lat' dir='ltr'><strong>sis</strong></span> <span class='ocrx_word' id='word_1_798' title='bbox 2253 4553 2594 4619; x_wconf 78' lang='lat' dir='ltr'><strong>pra-scribens</strong></span> <span class='ocrx_word' id='word_1_799' title='bbox 2622 4552 2811 4621; x_wconf 68' lang='lat' dir='ltr'><strong>quibus</strong></span> <span class='ocrx_word' id='word_1_800' title='bbox 2841 4567 2937 4621; x_wconf 74' lang='lat' dir='ltr'><strong>pax</strong></span> <span class='ocrx_word' id='word_1_801' title='bbox 2968 4552 3138 4605; x_wconf 91' lang='lat' dir='ltr'><strong>danda</strong></span> <span class='ocrx_word' id='word_1_802' title='bbox 3170 4551 3360 4614; x_wconf 81' lang='lat' dir='ltr'><strong>fuerat,</strong></span> <span class='ocrx_word' id='word_1_803' title='bbox 3396 4552 3511 4606; x_wconf 67' lang='lat' dir='ltr'><strong>ha&#39;c</strong></span> <span class='ocrx_word' id='word_1_804' title='bbox 3546 4552 3711 4621; x_wconf 68' lang='lat' dir='ltr'><strong>princi-</strong></span> 
     </span>
    </p>
   </div>
   <div class='ocr_carea' id='block_1_106' title="bbox 2157 4644 3708 4712">
    <p class='ocr_par' dir='ltr' id='par_1_106' title="bbox 2157 4644 3708 4712">
     <span class='ocr_line' id='line_1_106' title="bbox 2157 4644 3708 4712; baseline -0.001 -15"><span class='ocrx_word' id='word_1_805' title='bbox 2157 4645 2229 4712; x_wconf 89' lang='lat' dir='ltr'><strong>pil</strong></span> <span class='ocrx_word' id='word_1_806' title='bbox 2261 4661 2274 4695; x_wconf 90' lang='lat'><strong>:</strong></span> <span class='ocrx_word' id='word_1_807' title='bbox 2310 4662 2328 4694; x_wconf 72' lang='grc' dir='ltr'><strong>ε</strong></span> <span class='ocrx_word' id='word_1_808' title='bbox 2358 4644 2493 4697; x_wconf 80' lang='lat' dir='ltr'><strong>Nihil</strong></span> <span class='ocrx_word' id='word_1_809' title='bbox 2516 4645 2740 4712; x_wconf 87' lang='lat' dir='ltr'><strong>amplius</strong></span> <span class='ocrx_word' id='word_1_810' title='bbox 2761 4644 2943 4697; x_wconf 89' lang='lat' dir='ltr'><strong>abillis</strong></span> <span class='ocrx_word' id='word_1_811' title='bbox 2971 4644 3212 4711; x_wconf 83' lang='lat' dir='ltr'><strong>exigatis,</strong></span> <span class='ocrx_word' id='word_1_812' title='bbox 3236 4658 3392 4710; x_wconf 86' lang='lat' dir='ltr'><strong>quam</strong></span> <span class='ocrx_word' id='word_1_813' title='bbox 3414 4655 3468 4696; x_wconf 90' lang='lat' dir='ltr'><strong>ut</strong></span> <span class='ocrx_word' id='word_1_814' title='bbox 3492 4646 3708 4696; x_wconf 85' lang='lat' dir='ltr'><strong>arianam</strong></span> 
     </span>
    </p>
   </div>
   <div class='ocr_carea' id='block_1_107' title="bbox 2158 4734 3711 4802">
    <p class='ocr_par' dir='ltr' id='par_1_107' title="bbox 2158 4734 3711 4802">
     <span class='ocr_line' id='line_1_107' title="bbox 2158 4734 3711 4802; baseline -0.001 -15"><span class='ocrx_word' id='word_1_815' title='bbox 2158 4734 2397 4788; x_wconf 69' lang='lat' dir='ltr'><strong>ha&#39;resim</strong></span> <span class='ocrx_word' id='word_1_816' title='bbox 2450 4735 2783 4789; x_wconf 88' lang='lat' dir='ltr'><strong>anathemate</strong></span> <span class='ocrx_word' id='word_1_817' title='bbox 2835 4735 3114 4794; x_wconf 74' lang='lat' dir='ltr'><strong>damnent.</strong></span> <span class='ocrx_word' id='word_1_818' title='bbox 3149 4734 3410 4802; x_wconf 83' lang='lat' dir='ltr'><strong>fidi-mque</strong></span> <span class='ocrx_word' id='word_1_819' title='bbox 3454 4749 3483 4786; x_wconf 86' lang='lat' dir='ltr'><strong>a</strong></span> <span class='ocrx_word' id='word_1_820' title='bbox 3528 4736 3711 4787; x_wconf 80' lang='lat' dir='ltr'><strong>sanctis</strong></span> 
     </span>
    </p>
   </div>
   <div class='ocr_carea' id='block_1_108' title="bbox 2158 4827 3715 4897">
    <p class='ocr_par' dir='ltr' id='par_1_108' title="bbox 2158 4827 3715 4897">
     <span class='ocr_line' id='line_1_108' title="bbox 2158 4827 3715 4897; baseline 0.001 -17"><span class='ocrx_word' id='word_1_821' title='bbox 2158 4830 2392 4897; x_wconf 90' lang='lat' dir='ltr'><strong>patrihus</strong></span> <span class='ocrx_word' id='word_1_822' title='bbox 2416 4827 2604 4882; x_wconf 58' lang='lat' dir='ltr'><strong>Nicaea:</strong></span> <span class='ocrx_word' id='word_1_823' title='bbox 2643 4828 3020 4897; x_wconf 80' lang='lat' dir='ltr'><strong>promulgatam</strong></span> <span class='ocrx_word' id='word_1_824' title='bbox 3062 4829 3408 4896; x_wconf 88' lang='lat' dir='ltr'><strong>prolileamur</strong></span> <span class='ocrx_word' id='word_1_825' title='bbox 3435 4844 3447 4878; x_wconf 75' lang='grc' dir='ltr'>ε</span> <span class='ocrx_word' id='word_1_826' title='bbox 3477 4829 3715 4881; x_wconf 84' lang='lat' dir='ltr'><strong>condem-</strong></span> 
     </span>
    </p>
   </div>
   <div class='ocr_carea' id='block_1_109' title="bbox 2158 4918 3713 4989">
    <p class='ocr_par' dir='ltr' id='par_1_109' title="bbox 2158 4918 3713 4989">
     <span class='ocr_line' id='line_1_109' title="bbox 2158 4918 3713 4989; baseline -0.001 -15"><span class='ocrx_word' id='word_1_827' title='bbox 2158 4930 2284 4974; x_wconf 91' lang='lat' dir='ltr'><strong>nent</strong></span> <span class='ocrx_word' id='word_1_828' title='bbox 2313 4921 2434 4972; x_wconf 90' lang='lat' dir='ltr'><strong>item</strong></span> <span class='ocrx_word' id='word_1_829' title='bbox 2462 4935 2574 4980; x_wconf 87' lang='lat' dir='ltr'><strong>eos.</strong></span> <span class='ocrx_word' id='word_1_830' title='bbox 2600 4922 2684 4988; x_wconf 85' lang='lat' dir='ltr'><strong>qui</strong></span> <span class='ocrx_word' id='word_1_831' title='bbox 2712 4920 2964 4989; x_wconf 90' lang='lat' dir='ltr'><strong>Spiritum</strong></span> <span class='ocrx_word' id='word_1_832' title='bbox 2996 4930 3236 4973; x_wconf 77' lang='lat' dir='ltr'><strong>sanctum</strong></span> <span class='ocrx_word' id='word_1_833' title='bbox 3273 4918 3538 4972; x_wconf 87' lang='lat' dir='ltr'><strong>affirmant</strong></span> <span class='ocrx_word' id='word_1_834' title='bbox 3580 4934 3713 4973; x_wconf 86' lang='lat' dir='ltr'><strong>crea-</strong></span> 
     </span>
    </p>
   </div>
   <div class='ocr_carea' id='block_1_110' title="bbox 2159 5010 3709 5076">
    <p class='ocr_par' dir='ltr' id='par_1_110' title="bbox 2159 5010 3709 5076">
     <span class='ocr_line' id='line_1_110' title="bbox 2159 5010 3709 5076; baseline -0.003 -11"><span class='ocrx_word' id='word_1_835' title='bbox 2159 5023 2326 5065; x_wconf 85' lang='lat' dir='ltr'><strong>turam</strong></span> <span class='ocrx_word' id='word_1_836' title='bbox 2355 5027 2493 5076; x_wconf 79' lang='lat' dir='ltr'><strong>esse,</strong></span> <span class='ocrx_word' id='word_1_837' title='bbox 2523 5020 2577 5065; x_wconf 87' lang='lat' dir='ltr'><strong>et</strong></span> <span class='ocrx_word' id='word_1_838' title='bbox 2619 5030 2644 5061; x_wconf 90' lang='lat' dir='ltr'><strong>a</strong></span> <span class='ocrx_word' id='word_1_839' title='bbox 2689 5011 2881 5065; x_wconf 83' lang='lat' dir='ltr'><strong>Christi</strong></span> <span class='ocrx_word' id='word_1_840' title='bbox 2937 5011 3227 5064; x_wconf 85' lang='lat' dir='ltr'><strong>substantia</strong></span> <span class='ocrx_word' id='word_1_841' title='bbox 3276 5010 3709 5064; x_wconf 72' lang='lat' dir='ltr'><strong>divisum...Nam</strong></span> 
     </span>
    </p>
   </div>
   <div class='ocr_carea' id='block_1_111' title="bbox 2156 5102 3715 5175">
    <p class='ocr_par' dir='ltr' id='par_1_111' title="bbox 2156 5102 3715 5175">
     <span class='ocr_line' id='line_1_111' title="bbox 2156 5102 3715 5175; baseline -0.002 -19"><span class='ocrx_word' id='word_1_842' title='bbox 2156 5106 2241 5175; x_wconf 88' lang='lat' dir='ltr'><strong>qui</strong></span> <span class='ocrx_word' id='word_1_843' title='bbox 2270 5104 2515 5157; x_wconf 87' lang='lat' dir='ltr'><strong>simulant</strong></span> <span class='ocrx_word' id='word_1_844' title='bbox 2542 5102 2752 5173; x_wconf 86' lang='lat' dir='ltr'><strong>quidem</strong></span> <span class='ocrx_word' id='word_1_845' title='bbox 2785 5118 2841 5158; x_wconf 88' lang='lat' dir='ltr'><strong>se</strong></span> <span class='ocrx_word' id='word_1_846' title='bbox 2867 5103 3127 5157; x_wconf 58' lang='lat' dir='ltr'><strong>Nic—auiam</strong></span> <span class='ocrx_word' id='word_1_847' title='bbox 3156 5103 3310 5156; x_wconf 88' lang='lat' dir='ltr'><strong>fidem</strong></span> <span class='ocrx_word' id='word_1_848' title='bbox 3356 5102 3611 5171; x_wconf 83' lang='lat' dir='ltr'><strong>profiteri,</strong></span> <span class='ocrx_word' id='word_1_849' title='bbox 3648 5114 3715 5154; x_wconf 71' lang='lat' dir='ltr'><strong>aI.-</strong></span> 
     </span>
    </p>
   </div>
   <div class='ocr_carea' id='block_1_112' title="bbox 2161 5195 3712 5265">
    <p class='ocr_par' dir='ltr' id='par_1_112' title="bbox 2161 5195 3712 5265">
     <span class='ocr_line' id='line_1_112' title="bbox 2161 5195 3712 5265; baseline 0.001 -20"><span class='ocrx_word' id='word_1_850' title='bbox 2161 5212 2262 5265; x_wconf 89' lang='lat' dir='ltr'><strong>qne</strong></span> <span class='ocrx_word' id='word_1_851' title='bbox 2311 5200 2509 5251; x_wconf 84' lang='lat' dir='ltr'><strong>interea</strong></span> <span class='ocrx_word' id='word_1_852' title='bbox 2550 5206 2728 5249; x_wconf 81' lang='lat' dir='ltr'><strong>contra</strong></span> <span class='ocrx_word' id='word_1_853' title='bbox 2780 5197 3031 5265; x_wconf 75' lang='lat' dir='ltr'><strong>Spiritum</strong></span> <span class='ocrx_word' id='word_1_854' title='bbox 3073 5204 3311 5248; x_wconf 75' lang='lat' dir='ltr'><strong>sani-tuin</strong></span> <span class='ocrx_word' id='word_1_855' title='bbox 3357 5195 3712 5261; x_wconf 75' lang='lat' dir='ltr'><strong>btasplicmare</strong></span> 
     </span>
    </p>
   </div>
   <div class='ocr_carea' id='block_1_113' title="bbox 2165 5284 3709 5353">
    <p class='ocr_par' dir='ltr' id='par_1_113' title="bbox 2165 5284 3709 5353">
     <span class='ocr_line' id='line_1_113' title="bbox 2165 5284 3709 5353; baseline -0.006 -10"><span class='ocrx_word' id='word_1_856' title='bbox 2165 5306 2269 5343; x_wconf 90' lang='lat' dir='ltr'><strong>non</strong></span> <span class='ocrx_word' id='word_1_857' title='bbox 2298 5290 2558 5351; x_wconf 85' lang='lat' dir='ltr'><strong>dubitant,</strong></span> <span class='ocrx_word' id='word_1_858' title='bbox 2590 5288 2718 5340; x_wconf 91' lang='lat' dir='ltr'><strong>nihil</strong></span> <span class='ocrx_word' id='word_1_859' title='bbox 2757 5288 2897 5342; x_wconf 87' lang='lat' dir='ltr'><strong>aliud</strong></span> <span class='ocrx_word' id='word_1_860' title='bbox 2934 5296 3182 5351; x_wconf 66' lang='grc' dir='ltr'><strong>ςιτιιτξῐτιηι</strong></span> <span class='ocrx_word' id='word_1_861' title='bbox 3229 5300 3384 5353; x_wconf 86' lang='lat' dir='ltr'><strong>quam</strong></span> <span class='ocrx_word' id='word_1_862' title='bbox 3418 5284 3558 5337; x_wconf 87' lang='lat' dir='ltr'><strong>nnod</strong></span> <span class='ocrx_word' id='word_1_863' title='bbox 3586 5284 3709 5336; x_wconf 90' lang='lat' dir='ltr'><strong>aria-</strong></span> 
     </span>
    </p>
   </div>
   <div class='ocr_carea' id='block_1_114' title="bbox 2164 5376 3713 5450">
    <p class='ocr_par' dir='ltr' id='par_1_114' title="bbox 2164 5376 3713 5450">
     <span class='ocr_line' id='line_1_114' title="bbox 2164 5376 3713 5450; baseline -0.008 -13"><span class='ocrx_word' id='word_1_864' title='bbox 2164 5399 2281 5437; x_wconf 84' lang='lat' dir='ltr'><strong>natn</strong></span> <span class='ocrx_word' id='word_1_865' title='bbox 2312 5383 2553 5436; x_wconf 70' lang='lat' dir='ltr'><strong>haeresim</strong></span> <span class='ocrx_word' id='word_1_866' title='bbox 2582 5381 2750 5435; x_wconf 60' lang='grc' dir='ltr'><strong>ηδε-ωε</strong></span> <span class='ocrx_word' id='word_1_867' title='bbox 2780 5382 2990 5450; x_wconf 75' lang='lat' dir='ltr'><strong>quidem</strong></span> <span class='ocrx_word' id='word_1_868' title='bbox 3024 5387 3233 5447; x_wconf 79' lang='lat' dir='ltr'><strong>negant,</strong></span> <span class='ocrx_word' id='word_1_869' title='bbox 3262 5391 3291 5428; x_wconf 93' lang='lat' dir='ltr'><strong>a</strong></span> <span class='ocrx_word' id='word_1_870' title='bbox 3333 5376 3441 5428; x_wconf 83' lang='lat' dir='ltr'><strong>into</strong></span> <span class='ocrx_word' id='word_1_871' title='bbox 3469 5385 3636 5427; x_wconf 81' lang='lat' dir='ltr'><strong>autem</strong></span> <span class='ocrx_word' id='word_1_872' title='bbox 3670 5383 3713 5425; x_wconf 84' lang='lat' dir='ltr'><strong>et</strong></span> 
     </span>
    </p>
   </div>
   <div class='ocr_carea' id='block_1_115' title="bbox 2163 5470 3713 5540">
    <p class='ocr_par' dir='ltr' id='par_1_115' title="bbox 2163 5470 3713 5540">
     <span class='ocr_line' id='line_1_115' title="bbox 2163 5470 3713 5540; baseline -0.008 -10"><span class='ocrx_word' id='word_1_873' title='bbox 2163 5477 2419 5530; x_wconf 84' lang='lat' dir='ltr'><strong>sententia</strong></span> <span class='ocrx_word' id='word_1_874' title='bbox 2450 5476 2696 5529; x_wconf 74' lang='lat' dir='ltr'><strong>retinent.</strong></span> <span class='ocrx_word' id='word_1_875' title='bbox 2740 5494 2755 5524; x_wconf 75' lang='grc' dir='ltr'><strong>ι</strong></span> <span class='ocrx_word' id='word_1_876' title='bbox 2784 5473 3037 5540; x_wconf 85' lang='lat' dir='ltr'><strong>Quocirca</strong></span> <span class='ocrx_word' id='word_1_877' title='bbox 3081 5474 3128 5524; x_wconf 87' lang='lat' dir='ltr'><strong>iii</strong></span> <span class='ocrx_word' id='word_1_878' title='bbox 3157 5471 3260 5523; x_wconf 85' lang='lat' dir='ltr'><strong>fine</strong></span> <span class='ocrx_word' id='word_1_879' title='bbox 3299 5479 3423 5522; x_wconf 80' lang='lat' dir='ltr'><strong>torni</strong></span> <span class='ocrx_word' id='word_1_880' title='bbox 3456 5470 3713 5537; x_wconf 84' lang='lat' dir='ltr'><strong>profitetur</strong></span> 
     </span>
    </p>
   </div>
   <div class='ocr_carea' id='block_1_116' title="bbox 2164 5556 3715 5629">
    <p class='ocr_par' dir='ltr' id='par_1_116' title="bbox 2164 5556 3715 5629">
     <span class='ocr_line' id='line_1_116' title="bbox 2164 5556 3715 5629; baseline -0.007 -9"><span class='ocrx_word' id='word_1_881' title='bbox 2164 5566 2412 5621; x_wconf 88' lang='lat' dir='ltr'><strong>Paulinus</strong></span> <span class='ocrx_word' id='word_1_882' title='bbox 2445 5583 2457 5617; x_wconf 90' lang='lat'>:</span> <span class='ocrx_word' id='word_1_883' title='bbox 2492 5585 2507 5616; x_wconf 77' lang='grc' dir='ltr'>ι</span> <span class='ocrx_word' id='word_1_884' title='bbox 2546 5565 2893 5619; x_wconf 78' lang='lat' dir='ltr'><strong>Anathemate</strong></span> <span class='ocrx_word' id='word_1_885' title='bbox 2939 5563 3132 5614; x_wconf 86' lang='lat' dir='ltr'><strong>damno</strong></span> <span class='ocrx_word' id='word_1_886' title='bbox 3177 5576 3293 5624; x_wconf 64' lang='lat' dir='ltr'><strong>eos,</strong></span> <span class='ocrx_word' id='word_1_887' title='bbox 3324 5559 3413 5629; x_wconf 87' lang='lat' dir='ltr'><strong>qui</strong></span> <span class='ocrx_word' id='word_1_888' title='bbox 3460 5559 3613 5611; x_wconf 82' lang='lat' dir='ltr'><strong>tidem</strong></span> <span class='ocrx_word' id='word_1_889' title='bbox 3638 5556 3715 5609; x_wconf 77' lang='lat' dir='ltr'><strong>N-</strong></span> 
     </span>
    </p>
   </div>
   <div class='ocr_carea' id='block_1_117' title="bbox 2163 5648 3712 5728">
    <p class='ocr_par' dir='ltr' id='par_1_117' title="bbox 2163 5648 3712 5728">
     <span class='ocr_line' id='line_1_117' title="bbox 2163 5648 3712 5728; baseline -0.006 -15"><span class='ocrx_word' id='word_1_890' title='bbox 2163 5674 2288 5713; x_wconf 68' lang='lat' dir='ltr'><strong>etum</strong></span> <span class='ocrx_word' id='word_1_891' title='bbox 2320 5660 2701 5728; x_wconf 81' lang='lat' dir='ltr'><strong>promulgatam</strong></span> <span class='ocrx_word' id='word_1_892' title='bbox 2727 5656 3073 5725; x_wconf 83' lang='lat' dir='ltr'><strong>vilipendunt,</strong></span> <span class='ocrx_word' id='word_1_893' title='bbox 3105 5662 3161 5708; x_wconf 88' lang='lat' dir='ltr'><strong>et</strong></span> <span class='ocrx_word' id='word_1_894' title='bbox 3186 5655 3273 5722; x_wconf 89' lang='lat' dir='ltr'><strong>qtti</strong></span> <span class='ocrx_word' id='word_1_895' title='bbox 3305 5661 3500 5721; x_wconf 72' lang='lat' dir='ltr'><strong>negant</strong></span> <span class='ocrx_word' id='word_1_896' title='bbox 3541 5648 3579 5703; x_wconf 86' lang='lat' dir='ltr'><strong>F</strong></span> <span class='ocrx_word' id='word_1_897' title='bbox 3585 5649 3712 5704; x_wconf 86' lang='lat' dir='ltr'><strong>ilium</strong></span> 
     </span>
    </p>
   </div>
  </div>
