3910 6212
403 251 535 308 1587

1756 233 2066 292 LIBERIUS
2103 234 2275 290 PAPA

3532 223 3676 280 1583

427 349 3648 398 _________________._.__._______________________.______o

1735 460 2100 542 APPEN
2114 459 2360 540 DIX.

1521 597 1805 660 GESTA
1857 597 2213 660 LIBERI]
2269 599 2548 661 PAP/E.

740 814 1024 857 ADIONITIO
1055 813 1104 852 IN
1132 811 1301 853 GESTA
1333 809 1648 859 SEQUENTIA.

871 891 1050 952 (Const.
1073 887 1314 950 Append.,
1342 901 1389 947 ρ.
1425 887 1528 949 87.)

489 979 527 1034 l.
581 975 823 1032 Silvestri
853 971 1342 1045 pseudoconstituto
1381 971 1430 1024 in
1472 969 1638 1024 veteri
1675 967 1990 1022 collectione

420 1067 830 1140 Langobardicis
875 1064 1063 1118 litteris
1107 1070 1321 1116 exarata
1359 1061 1598 1130 proxime
1638 1058 1992 1125 subjiciuntur

422 1159 580 1216 Gesta
626 1156 1018 1224 subsequentia.
1057 1153 1246 1207 Eorum
1294 1150 1479 1205 artifex
1520 1165 1640 1207 sese
1679 1151 1745 1204 ab
1773 1150 1994 1205 exordio

423 1249 732 1306 mendacem
753 1247 925 1315 prodit
952 1243 1445 1313 atqucimperitunt,
1472 1241 1558 1295 ubi
1591 1242 1959 1308 imperatorem
1978 1280 1992 1305 ,

424 1342 514 1412 qui
542 1339 752 1394 Liberio
775 1336 1024 1407 pontifice
1050 1333 1231 1387 Roma:
1255 1331 1527 1401 regnabat,
1555 1345 1658 1384 non
1684 1331 1841 1384 modo
1859 1328 1998 1382 Con-

423 1436 746 1495 stantinum,
791 1430 1130 1483 Constantem
1150 1468 1162 1490 ,
1195 1425 1668 1491 Constantinmque
1698 1421 2000 1490 promiscue

425 1536 616 1587 vocat,
655 1523 747 1576 sed
787 1531 840 1576 et
879 1535 998 1573 eum
1034 1517 1266 1587 appellat
1300 1535 1318 1566 ι
1350 1512 1680 1570 ConSIautini
1713 1513 1881 1581 Magni
1909 1529 2002 1565 ne-

426 1627 625 1688 potem,
660 1633 677 1666 t
721 1629 840 1668 cum
872 1611 1206 1680 imperatoris
1237 1607 1391 1676 hujus
1434 1607 1595 1659 filium
1634 1603 2001 1658 Constantium

429 1721 553 1765 tunc
579 1710 758 1762 Rome
791 1707 1078 1774 imperasse
1107 1711 1334 1757 constet.
1370 1699 1570 1752 Deinde
1600 1697 1740 1766 quod
1771 1697 1836 1750 de
1868 1695 2005 1749 Cou-

430 1801 649 1857 stantini
703 1799 848 1865 lepra
904 1797 1124 1863 ejusque
1177 1791 1438 1860 baptismo
1475 1791 1524 1842 itt
1576 1789 1816 1843 Silvestri
1862 1802 2004 1855 papa:

431 1892 582 1947 falsis
623 1890 786 1958 gestis
849 1903 907 1940 ac
957 1884 1447 1955 pseudoconstituto
1498 1882 1747 1951 tingitur,
1795 1879 2003 1946 repetit.

434 1981 584 2048 Quod
611 1989 788 2034 autem
824 1976 1080 2031 Eusebius
1108 1973 1451 2028 Caesariensis
1477 1975 1756 2040 episcopus
1781 1968 1846 2021 de
1873 1968 2011 2021 Con-

434 2075 655 2128 stantini
685 2073 854 2139 Magui
881 2069 1144 2137 baptismo
1184 2065 1505 2120 Nicomedia:
1531 2064 1597 2115 ab
1635 2061 1864 2114 Eusebio
1885 2059 2010 2112 civi-

2013 796 2065 854 Α
2089 795 2364 861 confinxit,
2394 811 2499 850 non
2526 796 2687 850 alium
2712 810 2829 850 esse
2856 797 3216 866 suspicamur;
3245 793 3404 862 idque
3425 791 3678 854 suadent,

2090 901 2208 940 cum
2242 887 2387 941 locus
2415 903 2572 956 quem
2604 889 2653 941 in
2693 888 3086 956 exemplaribus
3116 902 3276 940 manu
3319 887 3544 938 exaratis
3578 885 3681 936 ob-

2095 978 2284 1041 tinent,
2332 987 2438 1032 tum
2493 978 2712 1032 barbara
2762 978 3007 1047 loquendi
3055 979 3208 1039 ratio,
3244 977 3483 1046 quamvis
3509 973 3680 1043 paulo

2096 1069 2448 1131 tolerabilior,
2481 1078 2588 1122 tum
2636 1069 2795 1124 etiam
2851 1070 2902 1122 in
2957 1067 3326 1138 excogitandis
3386 1064 3680 1120 uendaciis

2096 1160 2362 1228 imperitia
2402 1175 2512 1230 par,
2543 1167 2598 1213 et
2623 1160 2672 1212 in
2705 1161 2766 1213 iis
2797 1159 3124 1229 proferendis
3153 1158 3375 1228 aequalis
3401 1156 3684 1224 impuden-

2099 1251 2188 1304 tia.
2221 1251 2481 1317 Quocirca
2512 1262 2565 1307 et
2603 1267 2663 1306 ea
2709 1251 2973 1319 praedictis
3005 1252 3295 1321 adjungere
3344 1251 3524 1303 inutile
3562 1263 3678 1301 non

2100 1342 2218 1396 erit.
2254 1341 2333 1396 Ad
2362 1344 2459 1396 hoc
2499 1352 2642 1397 certe
2671 1343 2968 1412 proficient,
3004 1352 3060 1396 ttt
3108 1341 3249 1395 unde
3297 1341 3411 1393 vita:
3466 1338 3680 1393 Damasi

2102 1446 2133 1486 e
2170 1448 2268 1485 ms.
2320 1431 2505 1487 codice
2535 1433 2732 1486 arcltivi
2780 1434 3166 1487 Canonicorum
3199 1431 3257 1485 S.
3290 1431 3427 1483 Petri
3455 1446 3482 1483 a
3529 1430 3678 1483 Con-

2103 1523 2334 1577 stantino
2363 1522 2616 1591 Cajetano
2645 1524 2833 1578 abbate
2863 1525 3161 1593 exscriptm,
3209 1533 3264 1576 et
3291 1522 3498 1575 Parisiis
3534 1535 3682 1573 anno

2109 1614 2245 1668 1672
2273 1615 2410 1682 apud
2442 1615 2572 1669 Lud.
2626 1615 2851 1668 Billaine
2878 1621 2996 1668 eum
3029 1616 3234 1668 czeteris
3285 1613 3488 1667 Damasi
3524 1627 3679 1679 papa:

2107 1705 2378 1774 operibus,
2417 1721 2470 1776 p.
2507 1707 2596 1770 Ἦ,
2623 1721 2828 1760 excusse
2864 1707 3003 1759 initia
3032 1714 3242 1774 sumpta
3281 1706 3406 1768 sint,
3437 1718 3682 1771 comper—

2111 1803 2218 1848 tttnt
2249 1796 2525 1850 habeatur.
2561 1796 2721 1863 Hujus
2773 1798 2964 1864 quippe
2995 1797 3115 1849 vitze
3158 1797 3410 1863 scriptor,
3441 1795 3677 1863 quamvis

2111 1902 2208 1942 nec
2237 1891 2498 1942 sermonis
2525 1903 2622 1941 nec
2662 1889 2968 1942 eruditionis
3002 1891 3218 1941 omnino
3249 1903 3467 1957 expers,
3496 1885 3675 1954 negari

2113 1992 2285 2036 tamen
2317 1983 2518 2050 nequit,
2548 1991 2814 2049 gestorum
2849 1984 3058 2035 illorum
3087 1981 3243 2034 dictis
3281 1995 3385 2033 non
3426 1979 3540 2031 satis
3567 1978 3673 2030 cir-

2112 2083 2417 2140 cumspecte
2465 2073 2768 2127 adhaesisse.
2809 2073 2957 2125 Plura
3005 2073 3215 2140 quidem
3271 2073 3540 2137 castigavit
3577 2069 3676 2121 ab-

436 2166 558 2218 tatis
600 2163 754 2231 lmjns
792 2160 1019 2231 praesule
1054 2163 1299 2225 suscepto
1349 2155 1524 2215 tradit,
1556 2154 1621 2206 de
1655 2151 1820 2205 lietitii
1857 2151 2012 2217 hujus

2134 2163 2272 2218 surda
2303 2171 2357 2216 et
2394 2164 2624 2227 absona;
2660 2165 2912 2216 nonnulla
2945 2179 3176 2232 quoque,
3208 2163 3274 2214 ab
3309 2162 3542 2213 historica
3578 2175 3676 2212 vc-

437 2256 646 2322 tthotis
669 2254 931 2322 baptismo
966 2249 1160 2303 stolide
1189 2251 1589 2316 interpretatur.
1627 2244 1810 2312 Neque
1839 2245 2014 2296 minus

438 2345 574 2400 falso
602 2345 901 2398 btet-oticam
944 2342 1010 2395 de
1055 2341 1291 2408 pluribus
1341 2338 1514 2391 Mariae
1548 2335 1670 2388 filiis
1710 2335 2014 2402 opinionem

440 2433 752 2490 Constantio
803 2432 1060 2486 attribuit.
1098 2432 1224 2495 Quis
1251 2445 1374 2482 vero
1397 2443 1516 2481 eum
1546 2427 1766 2494 turpiter
1793 2423 1984 2477 balluéi
2003 2456 2014 2464 -

443 2527 558 2584 uari
589 2541 691 2578 non
719 2523 940 2583 sentiat,
973 2523 1058 2575 ubi
1086 2520 1232 2573 exilii
1259 2519 1450 2572 Liberii
1483 2517 1560 2569 vel
1589 2531 1798 2570 causam
1830 2516 1908 2568 vel
1939 2515 2014 2566 lo-

445 2633 566 2672 cum
611 2616 864 2684 exponit?
909 2613 1147 2667 Liberius
1192 2612 1331 2665 enim
1362 2625 1388 2660 a
1427 2610 1734 2662 Constantio
1767 2622 1869 2661 non
1903 2607 2020 2661 ideo

445 2709 711 2777 relegatus
743 2714 842 2767 est,
874 2707 996 2772 quia
1023 2718 1143 2757 eum
1171 2701 1417 2755 deriserit
1444 2709 1533 2752 aut
1558 2700 1841 2762 accusarit,
1869 2700 2022 2766 eique

448 2797 673 2854 dixerit:
705 2815 721 2845 ι
758 2795 874 2849 Non
905 2811 949 2847 et
967 2794 1006 2847 it
1030 2802 1173 2845 tuum
1205 2807 1445 2859 regnum,
1478 2791 1600 2858 quia
1624 2807 1724 2841 non
1747 2790 1900 2842 times
1922 2788 2025 2840 Do-

448 2889 685 2950 minum;
721 2907 739 2938 ι
774 2887 864 2940 sed
892 2887 1012 2954 quia
1036 2883 1306 2938 Athanasii
1338 2881 1665 2935 damnationi
1689 2880 2024 2935 subscribere

450 2981 702 3035 noluerit.
749 2977 889 3030 Istud
919 2990 1129 3044 quoque
1169 2976 1375 3041 ignorat
1404 2986 1562 3026 nemo
1586 3013 1599 3035 ,
1643 2972 1886 3025 eumdem
1919 2987 2022 3023 non

451 3069 649 3125 Noella:
689 3070 741 3124 in
767 3066 1075 3121 cmmeterio
1103 3064 1267 3117 tribus
1299 3072 1502 3116 tantum
1536 3062 1766 3114 millibus
1793 3061 1858 3113 ab
1886 3060 2026 3115 Urbe

453 3160 688 3225 distanti,
722 3159 814 3212 sed
849 3157 1047 3209 Beroem
1079 3156 1130 3208 in
1157 3154 1306 3222 Syria
1339 3154 1601 3207 exulasse.
1637 3152 1898 3216 Praeterea
1949 3151 2026 3204 sic

455 3267 575 3308 eum
605 3253 658 3302 in
694 3250 792 3304 hoc
822 3246 1128 3302 cwmeterio
1157 3255 1395 3313 agentem
1426 3244 1657 3305 inducit,
1691 3244 1837 3310 quasi
1886 3242 1996 3296 Feli

457 3359 573 3399 cem
621 3342 735 3396 loco
782 3339 896 3407 ejus
924 3338 1262 3402 subrogatum
1312 3335 1532 3387 nesciat.
1586 3334 1862 3386 Damasum
1903 3347 2028 3385 vero

459 3445 607 3500 tum,
649 3447 770 3486 cum
819 3428 1057 3483 Liberius
1108 3427 1158 3478 iu
1203 3426 1417 3478 exiliunt
1457 3426 1618 3489 abiit,
1664 3426 2025 3493 presbytermn

2118 2264 2274 2316 ritate
2301 2259 2661 2320 abhorrentia,
2695 2257 2758 2309 ad
2789 2259 2902 2325 ejus
2947 2273 3184 2309 normam
3233 2256 3493 2310 revocavit
3523 2271 3534 2304 :
3579 2251 3670 2305 sed

2118 2365 2220 2402 non
2256 2350 2323 2400 ita
2350 2350 2579 2401 correxit
2618 2349 2791 2400 omnia
2843 2359 2898 2401 ut
2939 2349 3064 2399 nihil
3105 2345 3476 2414 corrigendum
3519 2342 3670 2396 relin-

2118 2451 2319 2508 queret.
2356 2439 2466 2491 Non
2496 2440 2636 2492 enim
2664 2438 2964 2492 emendavit
2994 2436 3131 2505 quod
3164 2437 3213 2487 in
3248 2435 3330 2486 bis
3352 2435 3482 2486 actis
3510 2434 3569 2484 de
3595 2431 3673 2483 Li-

2120 2529 2250 2582 bet-ii
2284 2528 2442 2580 exilio
2475 2529 2525 2579 in
2558 2527 2866 2581 ccemeterio
2891 2524 3089 2578 Noella:
3123 2523 3276 2576 tertio
3306 2523 3374 2575 ab
3407 2521 3540 2575 Urbe
3569 2518 3672 2570 util-

2119 2617 2271 2674 liario
2298 2617 2513 2670 distanti
2536 2616 2742 2684 legitur.
2766 2615 2828 2666 Et
2846 2613 3083 2682 quamvis
3108 2612 3340 2665 Felicem
3362 2613 3407 2662 ei
3440 2609 3674 2674 subroga-

2129 2717 2234 2760 tum
2252 2722 2367 2759 essc
2387 2720 2487 2757 non
2509 2707 2780 2767 taceat,sic
2796 2713 2968 2756 tamen
2985 2709 3330 2768 repraesentat
3347 2700 3677 2758 Liberium,ut

2121 2799 2208 2866 qui
2239 2798 2458 2849 Damaso
2472 2796 2612 2849 vices
2634 2797 2927 2848 committat
2956 2807 3174 2863 suas,.ac
3195 2791 3452 2845 subinde:
3484 2803 3676 2842 (omnes

2122 2889 2369 2944 catholici
2389 2890 2582 2956 gradus
2604 2886 2991 2940 ecclesiasticos
3020 2902 3038 2934 t
3067 2884 3128 2936 ad
3153 2897 3211 2936 se
3234 2891 3507 2944 convocet,
3531 2880 3680 2948 iisque

2125 2979 2475 3047 praesentibus
2520 2977 2834 3045 ϋψιίκιιιιιιιι
2868 2977 3044 3028 multis
3075 2974 3308 3027 millibus
3353 2973 3512 3025 seruet
3540 2979 3683 3023 etse-

2125 3068 2298 3122 cmido
2329 3068 2586 3122 conferat.
2619 3065 2870 3118 Mittimus
2909 3066 3152 3118 eumdem
3185 3064 3496 3130 scriptorem
3545 3059 3682 3112 Luci-

2128 3158 2223 3212 feri
2275 3159 2508 3226 episcopi
2559 3153 2868 3221 Calaritani,
2905 3154 3165 3208 Pancratii
3211 3165 3370 3220 atque
3417 3151 3584 3204 Hilarii
3622 3149 3682 3202 ad

2128 3245 2494 3300 Censtantium
2525 3247 2835 3312 legationem
2862 3285 2876 3305 ,
2911 3260 3004 3297 nec
3037 3259 3138 3296 non
3172 3241 3410 3309 ejusdem
3442 3240 3644 3293 Luciferi
3672 3279 3683 3298 ,

2134 3337 2345 3390 Eusebii
2398 3337 2788 3399 νει-(ευιιυιιεξε,
2845 3346 3003 3403 atque
3060 3332 3222 3402 ipsius
3274 3331 3472 3387 Liberii
3524 3330 3682 3391 exilia,

2133 3443 2249 3498 qnze
2279 3427 2557 3481 concilium
2606 3426 2925 3480 arimiuense
2971 3426 3133 3478 tribus
3172 3426 3256 3478 vel
3305 3437 3524 3493 quatuor
3552 3419 3686 3472 armis

464 3526 644 3586 fuisse,
703 3534 862 3590 atque
891 3537 915 3572 a
952 3519 1180 3582 Liberio,
1215 3517 1515 3585 priusquam
1546 3516 1709 3568 Roma
1739 3516 1926 3578 exiret,
1958 3513 2005 3566 vi
2057 3521 2101 3582 (ζ
2137 3527 2542 3584 praecesserunt,
2577 3517 2674 3568 hac
2699 3515 2902 3585 synodo
2933 3517 3224 3584 posteriora
3272 3514 3579 3575 credidisse;
3606 3510 3688 3563 lli-

462 3617 662 3673 corium
699 3627 848 3667 suum
877 3621 1108 3666 creatum
1139 3624 1254 3662 esse
1280 3609 1564 3670 mentitur;
1595 3606 1838 3676 quantivis
1887 3605 2031 3658 illuni

467 3721 591 3766 tunc
618 3718 817 3762 tantum
848 3707 1148 3766 diaconum,
1183 3711 1340 3770 atque
1373 3701 1564 3754 Liberii
1605 3701 1848 3752 abeuntis
1877 3697 2039 3752 Comi—

469 3811 578 3860 tem
609 3800 850 3853 extitisse
878 3796 1209 3859 exploratum
1253 3792 1321 3846 sit
1365 3807 1426 3844 ex
1471 3791 1756 3844 Marcellini
1785 3802 1832 3843 et
1878 3789 2040 3842 Faus-

469 3895 565 3951 tini
615 3892 680 3945 ad
735 3891 1077 3954 imperatores
1110 3884 1552 3946 Valtutliniaumu,
1595 3883 1948 3936 Theodosium
1990 3893 2042 3936 et

471 3980 754 4036 Arcadium
801 3976 1058 4045 precibus.
1108 3974 1178 4027 lbi
1229 3976 1391 4037 enim,
1441 3989 1555 4043 pag.
1603 3973 1656 4035 '2,
1707 3974 1879 4042 legere
1906 3983 1987 4027 est
2029 3991 2039 4024 :

478 4092 500 4124 ι
530 4072 656 4127 Cum
712 4070 918 4124 Liberio
961 4069 1216 4121 Damasus
1260 4067 1373 4134 ejus
1417 4065 1674 4120 diaconus
1724 4081 1782 4120 se
1830 4067 2047 4120 simulat

475 4161 777 4230 proficisci:
813 4159 953 4212 unde
975 4159 1182 4226 fugiens
1213 4158 1278 4211 de
1319 4157 1508 4210 itinere
1539 4156 1759 4208 Romam
1802 4155 1978 4208 rediit.
2023 4174 2041 4206 ›

480 4253 623 4307 Sane
661 4267 768 4304 non
818 4249 1185 4316 proficiscendi
1228 4258 1318 4300 aut
1366 4247 1551 4300 saltent
1594 4247 1749 4300 citius
1792 4245 2048 4300 redeundi

479 4341 712 4410 legitima
759 4341 804 4391 ei
850 4341 1112 4391 extitisset
1154 4353 1333 4401 causa,
1378 4339 1421 4389 si
1472 4338 1666 4391 Liberii
1714 4339 1942 4391 vicarius
1985 4336 2051 4391 ab

479 4431 707 4499 ipsemet
737 4429 1005 4480 institutus
1032 4428 1236 4479 fuisset.
1263 4428 1365 4481 Sed
1391 4436 1442 4480 et
1466 4428 1606 4479 aliud
1633 4429 1850 4480 omnino
1872 4441 2048 4491 sonat,

482 4523 620 4593 quod
667 4522 716 4572 in
769 4521 956 4572 iisdem
1001 4521 1246 4587 precibus
1287 4521 1462 4571 statim
1514 4519 1882 4572 subneCtitur:
1921 4537 1939 4569 ‹
1980 4519 2054 4571 Eo

485 4616 590 4676 dic,
625 4628 727 4682 quo
757 4611 996 4665 Liberius
1037 4611 1101 4662 ad
1133 4610 1349 4664 exilium
1392 4610 1844 4675 proﬁciscebatur,
1878 4611 2055 4663 clerus

488 4708 682 4761 omnis.
717 4706 763 4757 id
797 4714 879 4757 est
916 4704 1234 4772 presbyteri,
1280 4712 1331 4754 et
1355 4703 1762 4757 arcltidtactmus
1802 4703 1974 4769 Felix,
2005 4714 2056 4756 et

487 4797 602 4866 ipse
639 4799 890 4848 Damasus
932 4798 1256 4847 diaconus...
1302 4797 1398 4848 sub
1436 4796 1782 4862 jurejurando
1815 4798 2057 4848 fit-utare-

2137 3607 2323 3660 larium
2372 3607 2742 3676 pictavicnsem
2805 3607 3109 3674 episcopum
3175 3621 3298 3659 eum
3359 3605 3549 3658 Hilario
3594 3603 3690 3656 dia-

2141 3713 2300 3762 cono,
2323 3702 2409 3767 qui
2445 3699 2776 3753 Lucifer-iano
2806 3700 3074 3752 schismati
3102 3697 3347 3763 adita‘sit,
3374 3696 3689 3755 confundere,

2141 3801 2193 3844 et
2221 3791 2322 3842 alia
2355 3791 2543 3843 similia
2574 3790 2640 3844 de
2670 3791 2860 3858 quibus
2903 3791 3050 3857 plura
3079 3789 3346 3842 disserere
3381 3804 3482 3841 non
3512 3798 3583 3840 est
3611 3786 3692 3837 hu-

2139 3879 2224 3948 jus
2255 3882 2374 3934 loci.
2409 3879 2503 3933 llic
2533 3892 2816 3933 annotassc
2844 3881 2972 3933 satis
2997 3881 3093 3943 sit,
3121 3881 3438 3947 scriptorem
3467 3879 3598 3932 illum
3624 3876 3694 3928 his

2145 3973 2342 4040 gestis,
2388 3987 2507 4040 qua:
2553 3971 2758 4024 meliori
2807 3970 2971 4024 forma
3015 3972 3320 4038 exprimere
3350 3981 3565 4024 conatus
3591 3977 3692 4031 est,

2147 4063 2432 4116 manifeste
2463 4065 2812 4117 recentiorem
2847 4078 3124 4131 apparere.

2358 4170 2696 4225 thJll’iUNT
2736 4171 2954 4226 GESTA
2994 4171 3245 4226 LIBERI!
3287 4170 3507 4226 ΡΑΡᾸΞ,

2692 4262 2942 4324 (Indidem
2966 4297 2980 4320 ,
3002 4277 3051 4325 p.
3077 4263 3181 4324 89.)
3423 4300 3436 4318 .

2225 4347 2276 4398 ἱ.
2316 4343 2462 4396 Fidei
2501 4345 2773 4412 confessio.
2806 4373 2846 4382 -
2897 4347 3052 4397 Anno
3092 4345 3243 4412 regni
3282 4343 3603 4398 Constantini
3633 4341 3698 4414 (Ι)

2142 4412 2294 4503 fegis
2327 4437 2534 4502 nepotis
2565 4434 2893 4488 Constantini
2927 4437 3099 4504 magni
3133 4434 3230 4487 viri
3261 4447 3376 4490 erat
3403 4437 3605 4505 quidam
3633 4412 3704 4487 sa-

2155 4528 2344 4582 cerdos
2391 4526 2549 4581 Urbis
2593 4529 2806 4581 nomine
2849 4528 3129 4593 Liberius,
3174 4529 3293 4595 pius
3331 4528 3518 4595 pI’JESUI
3549 4526 3704 4582 Chris-

2159 4628 2266 4671 tum
2314 4617 2638 4685 prtrdicans,
2681 4616 2815 4671 sicut
2845 4629 2896 4672 ct
2923 4619 3108 4672 doctus
3139 4619 3308 4671 fuerat
3360 4634 3386 4669 a
3420 4619 3592 4672 Marco
3615 4618 3708 4685 epi-

2159 4723 2319 4776 sc0po
2347 4713 2489 4761 urbis
2537 4709 2746 4775 Romae,
2799 4711 2884 4778 qui
2929 4726 3048 4762 cum
3081 4708 3347 4762 ordinavit
3372 4709 3638 4762 diacnnum
3666 4707 3707 4758 in

2161 4801 2375 4854 civitate
2408 4801 2458 4850 itt
2491 4803 2692 4868 gremio
2725 4801 2955 4853 basilica:
2998 4798 3485 4864 Constantinianzr,
3527 4813 3709 4867 semper

487 4899 611 4942 runt
633 4904 710 4950 se,
730 4887 934 4938 vivente
950 4885 1180 4949 Liberio,
1203 4885 1501 4952 pontificem
1522 4888 1744 4939 alterum
1767 4889 2068 4942 nullatenus
2097 4885 2144 4942 D
2173 4893 2222 4945 in
2255 4892 2512 4944 Trinitate
2543 4892 2699 4956 ﬁxus,
2731 4895 2934 4945 Patrem
2963 4901 3016 4943 et
3045 4891 3231 4944 Filium
3261 4903 3314 4945 et
3338 4890 3584 4960 Spiritum
3613 4906 3711 4942 san-

489 4979 782 5033 babituros.
815 4979 916 5029 Sed
947 4977 1123 5030 clerus
1149 4987 1330 5028 contra
1363 4976 1509 5030 fas...
1546 4976 1773 5031 Felicem
1799 4979 2062 5031 archidia~

491 5085 683 5125 conum
732 5069 1030 5122 ordinatum
1078 5067 1129 5119 in
1175 5068 1345 5121 locum
1390 5067 1583 5122 Liberii
1632 5084 2001 5138 susceperunt.
2041 5090 2058 5122 ι

494 5161 623 5215 Tant
657 5163 854 5228 apertis
881 5171 1056 5214 autem
1089 5161 1378 5213 mendaciis
1412 5161 1702 5215 refutandis
1731 5163 1924 5216 diutius
1963 5165 2062 5216 im-

495 5253 688 5306 morari
723 5249 881 5304 tardet
909 5270 919 5303 :
947 5251 1236 5319 prtescrtim
1269 5267 1385 5304 cum
1413 5261 1604 5306 caetera
1630 5254 1710 5306 vel
1759 5253 1945 5306 fabulis
1975 5272 2065 5323 pa-

496 5345 626 5395 riter
670 5349 935 5404 eonstent,
984 5341 1063 5394 vel
1113 5341 1273 5410 gestis
1323 5355 1598 5410 perperam
1641 5343 1946 5408 intellectis,
1981 5345 2064 5399 vel

501 5442 824 5499 pra-postero
854 5431 1053 5483 relatis.

573 5529 634 5584 ll.
671 5530 868 5582 Horum
898 5539 1166 5598 gestorum
1219 5531 1566 5586 architectum
1598 5533 1664 5586 ab
1694 5548 1758 5586 eo
1789 5534 1876 5604 qui
1907 5552 2068 5604 supe-

499 5620 636 5675 riora
670 5620 954 5672 Marcellini
984 5629 1127 5688 ge~ta
1161 5630 1208 5674 et
1240 5621 1482 5676 Silvesrri
1518 5623 2063 5691 pseudoconstitutum

2167 4993 2308 5037 etmn
2343 4983 2658 5051 praedicans,
2691 4994 2744 5036 et
2778 4984 3033 5035 laudans:
3059 4982 3220 5034 Deum
3250 4982 3314 5035 de
3348 4982 3457 5035 Deo
3480 4994 3530 5036 et
3561 4982 3710 5032 lumen

2168 5075 2233 5127 de
2264 5073 2482 5137 lumine,
2515 5083 2680 5126 totmn
2714 5088 2742 5126 a
2775 5083 2904 5136 toto,
2931 5072 3144 5140 plenunt
3175 5087 3202 5125 a
3233 5072 3417 5139 pleno;
3453 5088 3552 5126 non
3582 5085 3708 5123 crea-

2167 5172 2309 5229 tum,
2361 5164 2454 5217 sed
2499 5166 2766 5234 genitum;
2818 5180 2920 5215 non
2971 5177 3036 5216 ex
3088 5163 3285 5226 nihilo,
3327 5161 3421 5216 sed
3460 5177 3528 5215 ex
3559 5161 3710 5221 Patre,

2241 5278 2318 5348 (Ι)
2352 5279 2504 5332 Anno
2533 5277 2728 5332 Christi
2758 5279 2880 5340 527,
2913 5280 3246 5332 consulatum
3279 5275 3548 5348 gessitgFl.
3583 5272 3711 5348 [ale-

2171 5342 2728 5407 riu‘s'Uonstantiuus,
2771 5349 2838 5418 de
2877 5364 2982 5418 quo
3039 5342 3310 5401 dubitatur
3347 5346 3558 5418 quidem
3595 5342 3714 5397 Con-

2169 5420 2402 5471 stantino
2435 5423 2612 5482 frater,
2657 5435 2719 5470 an
2763 5416 2939 5470 fratris
2966 5418 3101 5470 filius
3131 5419 3322 5469 fuerit:
3364 5416 3538 5474 sedis
3577 5428 3714 5482 regno

2171 5503 2453 5555 numquam
2489 5491 2682 5555 potitus
2711 5487 2927 5555 legitur:
2961 5503 3024 5540 ac
3051 5496 3252 5540 certum
3283 5495 3364 5538 est
3388 5487 3470 5555 id,
3501 5482 3714 5555 quodab

2170 5551 2399 5611 Eusebio
2424 5551 2499 5612 de
2533 5551 2790 5619 baptismo
2824 5555 3160 5610 Constantini
3201 5557 3372 5622 Magni
3410 5551 3712 5610 Nicomedia:

2171 5626 2418 5682 traditmn
2453 5639 2553 5690 cst,
2587 5642 2858 5695 perperam
2888 5626 2953 5680 ad
2981 5627 3118 5679 hunc
3148 5636 3394 5695 nepotem
3428 5624 3621 5680 referri.
