3910 6212
228 300 366 359 i389

1455 283 1674 344 GESTA
1719 276 1963 336 LIBERI!
2000 276 2218 334 ΡΑΡᾹΞ.

3328 281 3467 341 1590

217 414 379 468 unius
408 407 717 467 substantiae
742 419 862 462 cum
897 406 1088 460 Patre:
1115 402 1367 472 Spiritum
1394 414 1519 454 vero
1549 403 1786 452 sanctum
1819 395 1863 452 Α
1894 400 2002 455 post
2032 391 2372 458 negationem.
2413 388 2644 446 Ckrisnta
2671 390 2724 442 in
2763 391 2964 445 nomine
3008 390 3228 447 Domini.
3260 424 3328 436 -—
3360 397 3464 451 vc-

219 506 389 560 Deum
422 510 694 563 nostrum,
729 513 833 554 neu
864 496 1154 566 ingenitum
1191 508 1359 562 neque
1387 491 1654 560 genitum.
1685 501 1789 539 non

217 607 461 650 creatum
495 607 662 661 neque
693 590 919 652 factum,
955 587 1048 642 sed
1079 585 1146 640 de
1184 585 1338 640 Patre
1379 580 1752 651 procedentem
1773 616 1789 637 ,

220 686 398 740 Patris
427 695 479 738 et
509 683 632 736 Filii
654 680 936 752 (spiritum)
956 719 969 743 ,
1001 692 1209 745 semper
1235 690 1354 730 cum
1384 672 1541 725 Patre
1576 678 1629 723 et
1655 669 1792 724 Filio

216 789 544 834 comtcruum
573 787 922 828 veneramur:
953 785 1112 823 unum
1143 779 1317 822 tamen
1350 766 1510 820 Deum
1531 802 1546 825 ,
1575 761 1695 830 quia
1726 774 1790 812 ex

222 883 333 924 uno
365 868 517 921 Patre
546 873 712 918 totum
743 861 884 932 quod
917 860 1089 915 Patris
1118 867 1198 912 est
1229 857 1366 910 Deus
1396 862 1551 907 natus
1587 860 1669 905 est
1704 849 1792 903 Fio

218 965 356 1026 lius,
385 971 438 1016 et
465 961 517 1014 in
559 958 719 1011 Patre
765 965 939 1009 totum
975 953 1114 1022 quod
1169 952 1298 1004 inest
1349 947 1502 1017 (unus
1529 961 1619 998 ms.
1651 941 1788 1011 quod

219 1057 357 1127 eet),
393 1064 558 1108 totum
591 1052 771 1122 genuit
806 1048 1018 1102 Filium.
1069 1045 1223 1098 Pater
1263 1041 1450 1094 Filium
1494 1050 1784 1108 generans,

217 1164 329 1204 non
378 1145 567 1201 minuit
613 1157 713 1198 nec
753 1140 934 1194 amisit
980 1133 1320 1205 plcnitudinis
1364 1145 1472 1183 sure
1512 1128 1784 1182 deitatem.

217 1239 412 1294 Totum
455 1245 658 1298 autem,
712 1229 852 1299 quod
900 1229 1038 1282 Deus
1071 1236 1217 1294 pater
1246 1233 1355 1284 est,
1386 1221 1438 1274 id
1469 1235 1588 1273 che
1613 1229 1665 1273 et
1696 1217 1787 1270 Fi-

217 1331 352 1386 lium
378 1327 678 1383 certissime
700 1323 1009 1377 conﬁtentes
1039 1332 1159 1372 cum
1186 1315 1381 1383 Spiritu
1411 1319 1597 1366 saneto
1625 1322 1786 1361 unum

219 1421 392 1475 Deum
424 1417 661 1488 piissime
694 1412 1028 1468 conﬁtemur.
1072 1407 1349 1460 Credimus
1386 1402 1564 1457 Jesum
1603 1398 1786 1454 Chris.

215 1522 328 1567 tum
363 1510 639 1564 Dominum
674 1516 910 1558 nostrum
943 1502 1032 1556 Dei
1059 1499 1246 1554 Filium
1267 1539 1279 1560 ,
1309 1511 1402 1566 per
1430 1509 1584 1563 quem
1613 1490 1784 1545 omnia

214 1600 354 1655 facta
385 1608 507 1654 sunt
537 1611 655 1667 qua:
685 1597 735 1650 in
764 1595 911 1648 coelis
941 1599 995 1644 et
1023 1591 1072 1642 in
1107 1600 1244 1642 terra
1265 1630 1279 1650 ,
1314 1585 1536 1642 visibilia
1564 1593 1616 1638 et
1655 1582 1790 1635 invi~

212 1694 421 1758 sibilia,
461 1701 678 1761 prepter
708 1696 942 1741 nostram
971 1685 1193 1739 salutem
1222 1676 1561 1734 descendisse
1584 1675 1650 1729 de
1677 1687 1786 1728 (‘03-

1898 480 2048 534 niens
2079 481 2156 550 (3)
2181 490 2356 534 autem
2387 479 2500 534 dies
2525 480 2764 545 Paschm,
2795 485 3001 538 vocavit
3031 486 3303 540 unii-ersos
3343 504 3462 556 pre-

1894 572 2137 640 sbyteros
2154 574 2296 625 cives
2315 588 2560 626 romanos
2598 582 2650 625 et
2690 572 2962 638 diaconos,
2979 585 3033 627 et
3050 576 3182 629 sedit
3200 578 3249 630 in
3271 580 3456 633 eodem

1896 663 2257 730 cymiterio,et
2286 661 2448 715 dixit:
2475 680 2491 711 ι
2513 661 2884 715 Nolitetinterc
2920 665 3168 732 quoniam
3188 667 3459 722 vobiscum

1895 765 1991 818 ego
2011 766 2112 805 nOn
2145 750 2324 805 habito
2342 752 2391 804 in
2409 753 2626 806 civitate
2641 751 2823 816 (tanta,
2843 755 2936 807 sed
2956 753 3157 809 habetis
3175 758 3457 824 vicarium;

1893 857 2016 896 ecce
2043 843 2254 897 fratrem
2273 855 2324 898 et
2343 844 2705 914 presbytermn
2729 846 3030 911 Damasum,
3047 850 3198 918 cujus
3219 855 3458 908 testimoo

1893 949 2036 987 mum
2087 950 2178 987 vos
2222 938 2346 989 mihi
2391 936 2715 1003 perhibetis,
2764 940 2917 1005 cujus
2948 955 3169 1010 corpore
3197 956 3247 998 et
3280 957 3458 1002 mente

1892 1024 2037 1078 clara
2063 1040 2191 1079 voce
2220 1041 2313 1079 vos
2343 1029 2640 1092 prmdicatis
2667 1026 2795 1099 (4).»
2816 1029 3107 1100 ReSpoudit
3134 1043 3305 1091 autem
3334 1039 3456 1092 Dio-

1893 1114 2073 1182 nysius
2116 1116 2394 1186 presbyter
2421 1118 2485 1170 ad
2519 1117 2786 1172 Liberium
2816 1123 3122 1191 episcopum
3165 1127 3310 1182 urbis
3352 1131 3461 1185 Rea

1891 1221 2021 1270 mae,
2054 1219 2106 1260 ct
2132 1207 2294 1261 dixit:
2325 1226 2343 1260 ι
2371 1208 2566 1262 Prtrsul
2598 1221 2778 1265 sancte
2806 1222 2860 1266 et
2898 1214 3152 1270 innocens
3178 1235 3204 1270 a
3236 1233 3458 1290 corrup-

1891 1296 2033 1351 tione
2076 1307 2128 1350 et
2172 1300 2394 1353 fortisin
2437 1301 2745 1369 palmarium
2795 1303 3025 1372 Christi,
3063 1320 3117 1362 tu
3145 1313 3284 1364 enim
3317 1313 3454 1369 bene

1888 1387 2023 1449 scis,
2055 1387 2304 1454 quoniam
2336 1389 2523 1442 Petrus
2563 1395 2832 1459 apostolus
2873 1399 3087 1464 quando
3129 1403 3350 1471 negabat
3377 1424 3452 1460 ze-

1885 1479 2148 1545 grotabat.
2170 1479 2326 1535 Venit
2351 1483 2602 1545 accessio,
2632 1491 2685 1536 et
2707 1484 2893 1540 iterum
2919 1491 3143 1559 negavit.
3173 1494 3324 1548 Venit
3349 1505 3454 1552 ter-

1889 1567 1961 1622 tio
2001 1566 2188 1628 febris,
2216 1578 2266 1624 et
2294 1574 2520 1640 negavit.
2550 1572 2790 1630 Recessit
2827 1577 3016 1644 febris,
3061 1593 3112 1636 et
3152 1586 3374 1653 ploravit
3399 1600 3453 1645 et

1886 1673 2065 1713 amare
2091 1670 2143 1714 et
2163 1661 2336 1716 dulce.
2367 1662 2598 1717 Medicus
2623 1675 2795 1720 autem
2824 1671 3054 1725 nondum
3084 1689 3319 1731 venerat.
3353 1679 3449 1736 γε.

211 1785 300 1852 lo,
346 1784 437 1853 qui
465 1795 728 1849 nuutpiam
759 1778 977 1832 desierit
1006 1789 1124 1828 esse
1154 1773 1203 1826 iu
1237 1771 1394 1833 coelo,
1429 1779 1479 1824 et
1507 1778 1683 1821 natum
1715 1765 1782 1818 de
1811 1752 1856 1812 B
1886 1749 1963 1802 nit
1988 1750 2222 1853 medicus
2249 1765 2360 1820 p051
2391 1757 2599 1808 tertium
2633 1757 2799 1826 tyius,
2830 1759 2950 1815 fecit
2976 1767 3450 1838 medicamentum,

210 1878 417 1946 Spiritu
445 1885 631 1928 sancto
656 1888 720 1928 ex
753 1871 912 1928 Maria
936 1869 1157 1937 virgine.
1185 1866 1413 1920 Verbum
1441 1876 1565 1916 caro
1591 1862 1782 1914 factum

210 1983 325 2022 non
353 1967 530 2019 amisit
557 1964 693 2033 quod
723 1970 836 2016 erat
855 2001 869 2025 ,
901 1961 993 2016 sed
1022 1958 1180 2027 carpit
1205 1972 1326 2011 esse
1353 1954 1490 2024 quod
1519 1969 1620 2007 non
1647 1960 1780 2017 erat,

209 2075 323 2114 non
346 2058 671 2111 dcmutatum
691 2097 704 2120 ,
733 2053 826 2109 sed
854 2053 1016 2106 Deum
1043 2057 1442 2120 permanentem
1463 2087 1476 2112 ,
1505 2047 1660 2100 etiam
1691 2045 1783 2096 ho-

207 2152 410 2205 minem
443 2160 652 2210 natum,
689 2163 789 2200 non
824 2146 1080 2215 putativc.
1113 2143 1204 2197 sed
1235 2158 1376 2205 vere,
1412 2155 1512 2191 non
1545 2151 1779 2198 aereum,

205 2242 302 2296 sed
344 2255 688 2310 corporeum,
735 2256 837 2291 non
883 2237 1307 2306 phantasticum,
1351 2232 1443 2286 sed
1487 2244 1734 2284 carneunt
1761 2269 1777 2294 ,

207 2348 331 2387 ossa
353 2374 366 2396 ,
399 2334 709 2402 sanguinem
729 2374 742 2396 ,
776 2345 989 2385 sensum
1019 2339 1073 2382 et
1101 2328 1329 2380 animam
1364 2325 1676 2386 habentem;
1711 2324 1777 2375 ita

207 2439 394 2478 verum
422 2425 689 2478 hominem
720 2433 777 2476 ιιι
807 2436 987 2476 verum
1021 2421 1181 2474 Deum
1200 2460 1213 2483 ,
1239 2433 1400 2472 unum
1429 2415 1779 2484 eumdemque

205 2530 399 2571 verum
433 2516 696 2570 hominem
728 2514 890 2568 fuisse
919 2513 1064 2567 nullo
1099 2511 1258 2566 modo
1295 2509 1615 2579 ambigimus
1645 2523 1774 2562 con-

205 2605 487 2660 ﬁtendum.
537 2606 685 2660 Hunc
714 2605 956 2660 eumdem
989 2605 1264 2659 Dominum
1295 2602 1475 2656 Jesum
1507 2601 1773 2655 Christum

203 2699 531 2766 udimplesse
556 2700 746 2769 Legem
770 2699 848 2752 vel
875 2697 1193 2767 Prophetas,
1228 2711 1439 2764 passum
1464 2695 1560 2748 sub
1589 2694 1774 2748 Pontio

207 2789 404 2854 Pilato,
432 2790 739 2843 cruciﬁxum
768 2789 1056 2841 secundum
1086 2786 1416 2855 Scripturas,
1452 2785 1603 2838 tertia
1635 2785 1722 2838 die
1745 2798 1772 2836 a

205 2881 434 2935 mortuis
467 2879 837 2939 resurrexisse,
864 2885 1192 2946 assumptum
1224 2879 1272 2928 in
1301 2876 1471 2938 oculis,
1495 2875 1680 2930 sedere
1708 2873 1772 2926 ad

205 2972 483 3026 dexteram
525 2970 725 3035 Patris,
771 2969 892 3023 inde
932 2978 1211 3024 venturum
1248 2967 1488 3034 judicare
1535 2966 1682 3018 vivos
1721 2973 1773 3018 et

203 3074 452 3119 mortuos
483 3071 882 3131 exspectamus,
916 3070 968 3114 et
999 3060 1248 3113 Steculum
1283 3074 1376 3127 per
1405 3058 1576 3126 ignem
1617 3053 1716 3124 (1).
1749 3073 1767 3106 ι

1886 1848 1941 1893 et
1981 1841 2204 1896 curavit.
2250 1843 2346 1910 Qui
2389 1844 2654 1901 defecerat
2701 1857 2779 1902 ter
2824 1855 3065 1921 negando
3089 1868 3211 1913 ante
3242 1863 3450 1929 passio-

1887 1950 2004 1988 nem
2025 1976 2038 2000 ,
2070 1944 2187 2003 post
2213 1938 2654 1993 resurrectionem
2686 1949 2765 1995 ter
2789 1945 3015 1998 amando
3042 1949 3294 2006 reﬁcitur.
3345 1955 3444 2008 Re-

1883 2026 2026 2091 spice
2077 2026 2865 2099 medicamentumchrismatis,
2916 2036 3220 2095 chrismatis
3269 2059 3448 2100 sacra-

1884 2124 2139 2168 mentum.
2172 2115 2283 2169 Non
2315 2132 2410 2170 nos
2440 2131 2651 2173 accuset
2682 2122 2768 2174 illa
2801 2124 3072 2190 columba,
3106 2135 3350 2198 quoniam
3393 2145 3448 2190 tu

1881 2205 2099 2259 conﬁcis
2129 2204 2415 2262 chrismate
2446 2209 2574 2278 (leg.
2606 2211 2873 2284 chrisma)
2907 2225 2961 2269 et
2989 2217 3040 2270 in
3084 2223 3296 2276 nomine
3333 2225 3447 2292 ejus

1879 2311 2035 2365 quem
2097 2313 2226 2353 voce
2272 2301 2413 2354 clara
2462 2305 2808 2369 praedicabas.
2853 2307 3024 2378 Ipsam
3067 2327 3282 2380 vocem,
3325 2320 3446 2386 quia

1879 2404 1980 2444 vox
2016 2391 2221 2446 Domini
2254 2394 2418 2460 repeti
2461 2410 2563 2448 nou
2604 2407 2808 2464 potest,
2851 2405 3046 2456 mutari
3090 2421 3192 2459 non
3236 2420 3445 2478 potest,

1878 2479 2058 2534 audire
2087 2495 2204 2534 cum
2239 2492 2467 2538 tremore
2498 2498 2668 2553 petest
2700 2487 2718 2552 (
2736 2492 2776 2558 f.
2809 2501 3017 2557 oportet
3035 2495 3071 2560 )-.
3101 2513 3119 2545 ι

1947 2572 1999 2624 .5.
2035 2572 2326 2640 Respondit
2365 2583 2542 2628 autem
2583 2576 2824 2632 Liberius
2852 2582 3132 2652 episcopus
3164 2588 3308 2644 urbis
3339 2591 3448 2646 Ro-

1877 2677 1977 2715 mre
1999 2703 2012 2727 ,
2043 2672 2097 2716 et
2121 2663 2284 2718 dixit:
2313 2683 2331 2715 ι
2359 2666 2542 2720 Domni
2573 2677 2626 2721 et
2655 2672 2818 2724 sancti
2847 2678 3262 2749 compresbyteri
3281 2723 3295 2745 ,
3347 2698 3447 2739 no-

1877 2753 1970 2808 lite
2017 2756 2250 2824 cogitare
2291 2759 2356 2811 de
2385 2759 2631 2812 crastina.
2683 2761 2770 2815 Sic
2800 2766 2938 2818 enim
2979 2767 3111 2822 dixit
3158 2770 3445 2841 Magister:

1877 2843 2137 2898 Crastinus
2167 2848 2294 2899 enim
2326 2849 2431 2901 dies
2472 2849 2580 2918 ipse
2607 2851 2670 2902 de
2720 2868 2772 2905 se
2824 2856 3060 2922 cogitabit
3101 2859 3324 2929 (Matth.
3358 2883 3443 2933 vr,

1875 2934 2001 3001 54).
2050 2935 2160 2989 Hoc
2199 2939 2338 2990 enim
2380 2953 2801 2996 commonemus.
2848 2944 3084 3002 Joannes
3131 2951 3181 3004 in
3228 2954 3442 3010 deserto

1875 3027 2231 3095 baptizabatin
2247 3032 2576 3100 posuitentia.
2594 3033 2841 3089 ldeoerat
2857 3038 3148 3105 desertum,
3176 3047 3295 3114 quia
3316 3064 3447 3102 non-

281 3111 451 3119 ρ---η-
487 3111 882 3131 “nr—num“.
924 3111 964 3114 τί
1150 3111 1153 3112 ν
1424 3111 1451 3126 υ
1622 3111 1631 3123 .
1678 3111 1690 3124 ,
3195 3111 3205 3114 -

281 3155 333 3207 2.
369 3151 724 3207 Constantinus
763 3170 796 3205 (ι
833 3152 970 3222 lepra
1009 3150 1302 3202 mundatus.
1347 3148 1590 3201 Constans
1620 3145 1772 3198 Nico-
1799 3111 1844 3171 Ο
1876 3117 1998 3172 dm“
2025 3133 2256 3222 ’νεηθηξ
2292 3133 2475 3222 "Belo"
2505 3124 2768 3192 bap'ismi-
2815 3127 2903 3181 me
2943 3133 3082 3186 enim
3114 3135 3236 3189 dum
3265 3141 3444 3194 venis-

205 3247 390 3300 mdia:
418 3245 722 3314 baptizatus.
758 3243 986 3296 Liberius
1015 3245 1261 3311 relegatus
1295 3237 1551 3292 Noellam.
1574 3266 1645 3277 —-
1669 3237 1776 3290 Iloc

205 3355 329 3396 eum
377 3339 584 3408 legisset
630 3353 692 3393 ex
735 3338 870 3391 libro
909 3336 1153 3404 antiquo,
1187 3333 1407 3387 edoctus
1437 3347 1464 3383 a
1497 3330 1634 3384 libro
1674 3328 1777 3383 Sil—

204 3432 376 3487 veSIri
405 3431 637 3500 episcopi
667 3429 1052 3490 Romanorum,
1084 3443 1147 3479 eo
1170 3424 1306 3493 quod
1335 3433 1386 3478 et
1413 3422 1618 3491 publice
1647 3437 1778 3488 prte-

204 3523 447 3586 dicarct,
479 3521 599 3590 quia
632 3521 778 3589 (dele
805 3519 963 3588 quia)
1005 3519 1056 3572 in
1100 3518 1314 3571 nomine
1353 3515 1476 3568 Jesu
1518 3514 1710 3568 Christi
1747 3529 1774 3564 a

205 3614 355 3682 lepra
391 3611 700 3665 mtnidatum
725 3611 884 3665 fuisse
913 3624 1008 3680 per
1039 3609 1350 3664 Silvestrum
1373 3606 1775 3661 Constantinum

205 3714 456 3775 patruum
481 3701 815 3764 Constantis;
837 3709 949 3753 erat
981 3700 1121 3753 enim
1152 3700 1412 3752 Constans
1442 3714 1544 3750 non
1575 3698 1776 3764 integre

205 3794 565 3862 ehrisﬁanus,
602 3793 693 3846 sed
727 3791 874 3861 quasi
910 3798 1154 3853 tentator,
1192 3789 1485 3856 baptizatus
1516 3797 1690 3839 tamen
1725 3786 1775 3839 in

204 3882 490 3945 'l‘rinitato,
518 3898 621 3935 non
646 3891 820 3934 tamen
849 3881 1050 3949 integre
1073 3877 1423 3931 conﬁtebatur
1441 3877 1774 3930 Trinitatem.

204 3976 512 4044 Baptizatus
542 3983 718 4027 autem
749 3973 816 4026 ab
849 3972 1076 4026 Eusebio
1101 3970 1489 4027 Nicomediensi
1528 3970 1580 4022 in
1621 3968 1775 4024 Nico-

203 4065 382 4120 media
413 4065 462 4117 in
500 4065 757 4133 Aquilone
780 4063 921 4116 villa.
947 4061 1040 4115 Hic
1074 4077 1198 4115 vero
1223 4061 1426 4114 dicebat
1447 4102 1460 4123 ,
1486 4061 1616 4113 alios
1641 4058 1777 4112 ﬁlios

203 4155 458 4209 habuisse
489 4156 554 4209 de
583 4155 740 4207 Maria
763 4153 978 4220 Joseph.
1007 4151 1116 4206 Hoc
1136 4168 1253 4206 cum
1283 4152 1515 4206 audisset
1537 4151 1776 4205 Liberius

202 4247 491 4316 episcopus
515 4245 658 4298 urbis
687 4245 898 4308 Romae,
928 4244 1088 4312 cuipit
1113 4243 1354 4298 deridere
1379 4259 1497 4297 eum
1516 4284 1528 4305 ,
1556 4253 1607 4297 et
1633 4243 1775 4297 clara

205 4351 339 4396 voce
366 4349 644 4399 accusare,
676 4346 727 4388 et
758 4334 933 4387 dicere
959 4348 1022 4387 ex
1061 4334 1203 4387 omni
1236 4333 1457 4386 virtute:
1487 4351 1504 4383 (
1532 4333 1642 4386 Non
1676 4332 1777 4387 erit

203 4435 353 4479 tuum
401 4439 648 4491 regnum,
718 4424 836 4492 quia
905 4439 1006 4475 non
1067 4423 1220 4477 times
1273 4423 1550 4476 Dotninum
1611 4423 1775 4477 Deum

209 4526 383 4573 tuum.
416 4532 432 4567 ι
461 4512 571 4572 Hoc
597 4527 715 4565 cum
744 4512 890 4565 multi
921 4511 1182 4566 referrent
1205 4512 1310 4581 regi
1337 4512 1411 4583 (ἓ)
1434 4511 1740 4566 Constantio
1763 4554 1779 4578 ,

213 4607 382 4661 iratus
411 4613 492 4657 est
523 4603 892 4667 vehementer,
926 4613 978 4656 et
1001 4603 1161 4672 jussit
1187 4619 1306 4657 eum
1337 4612 1486 4657 extra
1516 4603 1779 4657 civitatem

206 4697 470 4752 habitare.
514 4694 797 4748 Hahitabat
839 4703 1013 4748 autem
1054 4694 1120 4749 ab
1161 4694 1288 4748 urbe
1331 4695 1492 4748 Roma
1535 4695 1781 4748 milliario

204 4805 295 4855 nt,
328 4789 479 4858 quasi
511 4789 636 4843 exul
666 4787 716 4840 in
747 4786 1024 4858 cymiterio
1067 4786 1264 4841 Noellte
1298 4787 1379 4839 via
1411 4787 1632 4841 Salaria.

280 4884 334 4938 5.
368 4879 597 4933 Liberius
630 4879 903 4932 Damasum
937 4881 1178 4932 vicarium
1208 4880 1443 4933 instituit.
1478 4878 1617 4932 Petri
1642 4897 1783 4932 amor

283 5015 359 5085 (1)
394 5012 474 5067 Ea:
498 5013 666 5085 libclio
694 5013 811 5073 ﬁdei
836 5013 921 5085 qui
944 5014 993 5065 in
1014 5010 1198 5085 Codice
1223 5011 1484 5085 Quesnelli
1508 5022 1640 5065 extat
1666 5029 1778 5085 cap.

208 5081 303 5146 59,
337 5081 380 5137 et
417 5085 551 5151 apud
596 5082 832 5148 Auquuq
872 5083 924 5136 in
958 5083 1178 5152 append.
1212 5093 1332 5136 tom.
1363 5096 1418 5148 v,
1449 5081 1614 5136 Serm.
1643 5083 1746 5137 ξ’ὅό
1767 5124 1779 5146 ,

209 5154 474 5208 nonnullis
500 5155 726 5204 mutatis.

380 5223 524 5305 Vitae
558 5222 764 5305 Damasi
791 5222 1038 5305 scriptor,
1059 5221 1288 5305 .denqno
1319 5222 1368 5274 in
1401 5220 1784 5305 .Adqionitionc

206 5290 410 5352 “metu
441 5307 652 5355 sumus,
696 5292 761 5346 de
799 5290 1108 5344 Constantio
1139 5290 1467 5344 Consmntini
1509 5291 1675 5359 Magni
1721 5291 1779 5344 ﬁ-

206 5361 305 5428 lio,
335 5364 424 5432 qui
455 5361 800 5415 Cousrantinu
820 5372 874 5415 et
894 5359 1180 5432 Constante
1211 5360 1458 5414 fratribus
1487 5359 1779 5432 defunctis,

207 5428 664 5556 satill'usiioperium
705 5432 960 5493 obtinuit,
996 5430 1132 5484 istud
1172 5446 1276 5484 non
1315 5432 1490 5484 minus
1527 5428 1659 5484 falso
1698 5432 1780 5483 in-

303 5512 428 5556 exit.

205 5505 428 5562 Mllexit.

279 5571 358 5642 (5)
395 5573 515 5626 "838
546 5571 619 5624 ita
644 5571 942 5625 emendavit
972 5579 1024 5625 et
1047 5569 1386 5642 ampliﬁcavit
1417 5571 1534 5642 vitae
1578 5568 1781 5642 Damasi

202 5638 454 5708 nam.
503 5651 559 5695 ut
600 5642 755 5709 longe
795 5643 1002 5709 plenior
1043 5651 1095 5693 et
1140 5640 1542 5710 elegantiorrsit
1589 5638 1780 5691 Liberii

204 5712 406 5777 oratio,
437 5726 497 5765 ac
528 5710 657 5765 nihil
687 5711 756 5764 ab
781 5726 867 5778 eo,
897 5710 1036 5781 quod
1067 5709 1328 5764 summum
1360 5709 1609 5763 dedeceat
1654 5722 1781 5777 pon-

1876 3219 1977 3272 set,
2007 3211 2283 3266 descendit
2309 3212 2536 3280 Spiritus
2563 3228 2777 3272 sanctus
2805 3220 2854 3271 in
2881 3223 3059 3288 specie
3084 3225 3362 3293 columbae,
3392 3240 3445 3285 et

1876 3302 2071 3353 mansit
2109 3316 2270 3370 super
2308 3318 2471 3372 aquas
2501 3315 2552 3356 ct
2582 3321 2742 3373 super
2769 3317 3038 3365 auctorem
3071 3313 3346 3382 baptismi,
3390 3329 3444 3375 et

1878 3393 2128 3447 sacerdos
2160 3394 2297 3461 quod
2327 3396 2530 3463 accepit
2561 3397 2774 3452 exhibet
2803 3414 3212 3459 sacramentum.
3241 3425 3260 3459 ι

1948 3483 1997 3537 5.
2023 3483 2311 3551 Baptisntus
2341 3485 2391 3538 in
2421 3487 2575 3553 pelve,
2600 3489 2827 3554 ﬂumine,
2853 3493 3444 3565 palude.-—Respondit

1879 3569 2134 3624 Damasus
2165 3575 2458 3642 presbyter,
2485 3587 2537 3629 et
2565 3577 2694 3630 dixit
2715 3580 2976 3637 :tExhibe
2997 3585 3150 3639 nobis
3171 3588 3444 3646 celebrare

1877 3660 2095 3715 Pascha.
2133 3663 2242 3730 Ego
2269 3665 2319 3717 in
2351 3665 2645 3720 humilitate
2677 3669 2891 3738 loquor:
2923 3689 3056 3728 unus
3084 3678 3254 3740 enim,
3284 3695 3442 3748 quem

1879 3752 2012 3821 (leg.
2047 3754 2218 3822 quod)
2249 3763 2301 3807 tu
2334 3771 2494 3822 super
2526 3768 2573 3811 te
2609 3757 2842 3827 bajulas,
2876 3778 2974 3816 nos
3013 3766 3295 3824 Sublevare
3337 3788 3444 3828 non

1878 3856 2186 3910 possumus;
2216 3846 2332 3912 quia
2358 3845 2567 3914 ignoras
2592 3848 2675 3901 ubi
2705 3849 2958 3917 baptizes.
2983 3853 3194 3923 Baptiza
3219 3858 3268 3911 in
3294 3861 3448 3928 pelve

1878 3935 1964 3988 ubi
1994 3934 2256 4004 Magister.
2284 3936 2459 3990 Pelvis
2485 3938 2570 3990 illa
2600 3955 2702 3992 non
2736 3941 2931 4009 lignum
2951 3985 2963 4006 ,
2995 3947 3087 3999 sed
3119 3957 3258 4003 totus
3287 3967 3443 4008 mun-

1879 4025 1976 4080 dus
2005 4037 2104 4080 est.
2134 4047 2152 4078 ι
2177 4028 2323 4082 Hunc
2354 4045 2654 4084 sermonem
2684 4034 2888 4101 accepit
2916 4034 3159 4092 Liberius
3185 4054 3304 4094 cum
3336 4059 3445 4100 ma-

1877 4131 1980 4179 gno
2023 4116 2253 4182 honore,
2301 4128 2352 4173 et
2399 4121 2590 4188 gaudio
2637 4121 2900 4189 plorabat,
2945 4134 2999 4180 et
3039 4127 3167 4182 dicit
3193 4130 3258 4185 ad
3287 4147 3445 4189 eum:

1884 4226 1903 4260 ι
1930 4208 2048 4261 Eris
2095 4210 2265 4278 major
2307 4211 2568 4273 minister,
2615 4213 2751 4266 sicut
2792 4225 2845 4269 et
2870 4215 2956 4269 ille
2991 4218 3079 4287 qui
3113 4221 3268 4276 nobis
3301 4224 3447 4281 dedit

1879 4298 2196 4368 baptismum
2215 4343 2229 4367 ,
2257 4303 2333 4356 sic
2359 4302 2489 4357 dixit
2522 4304 2585 4357 ad
2617 4304 2852 4372 plebem:
2878 4306 2978 4371 Qui
3001 4321 3072 4364 est
3099 4322 3256 4367 vester
3282 4318 3450 4372 minor

1808 4472 1861 4531 ι)
1886 4455 2078 4531 tiﬂcem
2099 4497 2117 4531 ,
2137 4457 2358 4531 proferri
2388 4467 2566 4526 ponat.
2591 4459 2814 4531 Tantum
2844 4477 3016 4516 rerum
3043 4464 3301 4522 dictarum
3326 4486 3448 4528 cum

1886 4528 2050 4595 gestis
2089 4527 2419 4579 desideratur
2457 4530 2756 4582 consensio.
2803 4532 2856 4584 ln
2901 4547 2964 4586 eo
3002 4545 3176 4588 autem
3219 4527 3448 4597 maxime

1889 4605 2099 4677 peccat,
2143 4598 2289 4677 quod
2322 4597 2585 4677 Liberium
2626 4601 2834 4677 exulem
2875 4603 2950 4656 sic
2993 4604 3191 4658 illdUt'il
3233 4609 3454 4677 loquen-

1890 4673 2028 4745 tem,
2062 4677 2114 4718 ιιι
2145 4672 2230 4745 qui
2265 4667 2390 4745 {it-io
2421 4683 2602 4720 recens
2633 4670 2882 4745 extincto,
2925 4677 3233 4731 mutationis
3272 4667 3449 4735 rerum

1888 4736 2169 4817 maximam
2203 4736 2321 4817 inde
2351 4752 2497 4816 spem
2516 4740 2732 4817 capiat;
2763 4755 2879 4817 cum
2911 4757 3052 4797 anno
3082 4745 3278 4801 Christi
3319 4750 3448 4817 3'56,

1889 4807 2147 4885 extinctus
2179 4807 2440 4885 sitnttriu‘
2465 4809 2612 4885 ,_hoc
2666 4819 2750 4864 est
2778 4810 2847 4865 20
2873 4814 3025 4867 annis
3053 4827 3332 4885 antequam
3365 4807 3453 4873 Li;

1890 4875 2066 4928 berius
2097 4876 2146 4926 in
2179 4875 2394 4928 exilium
2428 4877 2729 4941 pelleretur.

1960 4943 2037 5024 (ᾖ)
2068 4943 2122 4996 ιιι
2150 4954 2440 5024 incruenta
2478 4947 2680 5024 Damasi
2714 4950 2822 5024 vita
2855 4951 2929 5005 sic
2955 4951 3162 5024 Adesinit
3183 4959 3350 5010 oratiu
3371 4959 3460 5013 Li-

1890 5015 2018 5095 bocrii
2039 5056 2052 5071 .
2084 5016 2513 5095 subnectiturquc
2549 5017 2779 5095 Dionysii
2815 5022 3166 5095 interlocutio,
3194 5037 3247 5078 ut
3278 5030 3455 5083 omnia

1888 5083 1987 5164 sibi
2019 5091 2139 5150 apte
2167 5082 2462 5164 cohaereant
2487 5087 2624 5164 :_sed
2651 5082 2727 5164 ibi
2774 5089 2899 5164 nihil
2943 5092 3009 5146 de
3048 5082 3325 5164 negatione
3361 5115 3457 5152 seu

1889 5153 2036 5232 lapsu
2068 5164 2224 5232 atque
2253 5155 2620 5232 emendatione
2650 5157 2966 5232 PetriLlla-c
2995 5153 3171 5218 aute?"
3202 5167 3321 5220 istic
3351 5184 3455 5221 non

1891 5224 1997 5304 alio
2035 5224 2528 5304 videturnattincre,
2566 5227 2660 5304 ιιίῖὶ
2706 5237 2760 5304 ut
2797 5229 3144 5300 Symmachus
3174 5250 3338 5302 papa,
3371 5241 3454 5292 vel

1890 5295 2064 5361 petitis
2092 5295 2372 5373 coinciliuni
2404 5310 2430 5346 a
2462 5310 2564 5358 quo
2594 5295 2863 5353 absolutus
2893 5311 3035 5373 erat,
3071 5319 3132 5356 cx
3165 5295 3457 5373 cuiparxi-

1893 5373 2083 5434 utatur.
2133 5363 2206 5434 Εο
2251 5363 2458 5430 quidem
2505 5374 2654 5429 parto
2695 5380 2964 5434 gesmrnm
3007 5363 3224 5426 istorum
3256 5363 3457 5429 'artifex

1891 5430 2268 5497 Symmachum
2302 5447 2402 5485 non
2438 5430 2717 5487 innoxinnf
2739 5436 2899 5491 fuisse
2935 5442 3212 5496 iniltltfl‘CI:
3246 5447 3337 5497 Sed
3379 5447 3458 5499 vi-

1889 5501 2262 5579 rum_quadapi
2297 5503 2676 5579 Inrnevolentia;
2705 5508 2880 5569 Specie
2905 5510 3085 5579 petitis
3107 5553 3120 5575 ,
3155 5530 3309 5579 quam
3352 5517 3456 5568 ulla

1889 5570 2186 5649 prudentiae
2213 5569 2365 5623 laude
2395 5576 2854 5649 cemtnendatum,
2901 5569 2949 5629 in
2995 5580 3045 5632 id
3089 5569 3246 5637 unum
3291 5586 3462 5637 inten-

1889 5640 2030 5718 disse
2046 5641 2398 5719 suspicamur,
2426 5650 2482 5694 ut
2505 5659 2651 5719 suam
2677 5645 2997 5713 Symmacho
3023 5648 3329 5719 dignitatem
3351 5669 3462 5708 scr-

1889 5712 1997 5762 vari
2031 5712 2261 5778 potuisse
2294 5712 2652 5778 persuaderet.
