3910 6212
194 249 228 304 1
245 253 364 309 395
1173 263 1492 320 (ΖΕΝΞΗΗΛ
1524 264 1798 320 EPISTDL

1911 267 2003 320 AD
2042 268 2487 333 ORIICNTALFS.
3342 286 3478 344 1396

191 379 334 420 rem
356 407 371 429 ,
403 369 608 435 rcSpice
639 384 798 440 super
833 371 1039 426 vineam
1074 373 1227 428 istam
1249 417 1261 436 .
1297 385 1349 430 ct
1389 378 1616 431 rutunda
1649 379 1714 430 ab
1745 392 1805 431 ea
1840 381 1877 437 A
1910 394 2096 434 onmes
2138 397 2394 451 paterent.
2427 407 2443 439 ι
2480 389 2609 457 Quis
2635 392 2776 447 enim
2807 393 2926 449 huic
2973 396 3251 450 ealumuize
3294 398 3481 456 fuisset

191 455 406 522 spinas
435 467 490 512 et
518 461 774 525 tribulos,
808 474 857 516 et
891 464 1089 530 produc
1122 467 1367 533 palmites
1409 468 1522 536 ejus
1567 469 1616 521 in
1661 469 1808 521 forti-

196 548 460 603 tudincm
483 595 496 616 ,
533 565 582 606 et
614 554 753 607 dona
783 556 861 608 eis
894 557 1120 609 fructum
1154 559 1396 611 veritatis
1427 575 1517 628 per
1548 558 1713 613 Deum
1755 568 1808 613 et

197 638 507 694 Dominum
538 653 778 698 uOstrum
805 645 984 700 .lesum
1009 646 1280 702 Christum
1303 658 1356 703 et
1379 650 1632 719 Spiritum
1655 666 1808 705 sauc-

199 741 333 786 ιιιιη
355 774 368 796 ,
402 735 492 801 qui
524 737 646 789 vivit
679 752 798 790 cum
832 738 939 792 Deo
969 738 1122 793 Patre
1148 743 1509 808 omnipotente
1539 758 1564 794 a
1596 747 1805 798 smcttlis

199 832 276 876 et
303 839 448 878 nunc
479 837 530 879 et
561 843 728 896 usque
756 829 806 881 in
837 831 1027 883 sa-cula
1059 833 1394 886 s.t-Culornm.
1415 833 1505 887 tEt
1534 837 1807 904 reSpondit

201 913 470 969 universa
497 917 678 984 ph-bs:
709 937 727 968 ι
750 919 939 973 Amen.
957 938 975 970 ι
999 921 1063 974 Et
1094 923 1411 977 introierunt
1431 925 1648 977 sabbato
1674 927 1807 981 I’en-

202 1012 496 1074 tecosten,
529 1020 582 1063 et
613 1011 809 1079 placuit
839 1012 1050 1067 Libt'rio
1081 1012 1197 1066 fons
1244 1025 1295 1069 et
1334 1017 1525 1084 gaudio
1569 1019 1806 1086 plorabat

201 1101 442 1152 omnino
475 1117 578 1154 nou
620 1119 830 1169 amare,
872 1105 964 1158 sed
1008 1107 1178 1159 favum
1219 1109 1466 1162 omnibus
1507 1110 1802 1164 videbatur.

201 1190 304 1242 Ab
332 1191 458 1243 hora
483 1207 621 1245 nona
642 1193 1211 1262 eatechizavitomnes,
1237 1209 1286 1251 et
1310 1201 1376 1252 ab
1396 1199 1524 1252 hora
1546 1203 1692 1269 quasi
1724 1201 1802 1274 (1)

195 1279 326 1348 jam
382 1281 447 1334 ad
501 1298 748 1338 occasum
811 1301 976 1355 usque
1033 1289 1080 1341 in
1123 1291 1391 1345 Dominica
1453 1292 1803 1349 Pcutecosteu

209 1387 330 1424 non
376 1370 608 1427 cessavit
653 1376 942 1444 baptizare.
992 1377 1138 1432 Multi
1182 1382 1321 1434 enim
1368 1383 1684 1451 urgebantur
1725 1383 1804 1456 (2)

209 1461 535 1531 baptizare:
587 1469 654 1518 ita
706 1477 761 1519 ut
815 1467 1145 1522 Dominicum
1196 1471 1546 1526 Pcntecosteu
1601 1474 1805 1528 sabbati

205 1553 413 1607 Missas
444 1555 843 1611 celebrarentur
871 1559 999 1612 hora
1031 1561 1178 1629 quasi
1209 1572 1414 1617 octava.
1459 1564 1521 1617 Et
1552 1564 1798 1633 baptizati

1908 1553 2266 1632 Orientalibus
2293 1579 2629 1647 respondisse
2651 1599 2668 1631 ι
2697 1589 2945 1646 testatur;
2976 1592 3085 1635 tum
3108 1598 3202 1636 cur
3227 1584 3290 1636 iis
3315 1589 3477 1637 Atha-

213 1653 351 1697 sunt
382 1649 669 1711 promiscui
701 1664 860 1703 sexus
893 1651 1001 1705 fere
1029 1663 1149 1706 octo
1179 1655 1340 1707 millia
1382 1657 1667 1726 oetingenti
1707 1660 1798 1712 de-

1911 1673 2040 1724 tiasli
2066 1672 2454 1726 damnationem
2485 1673 2840 1743 ﬂagitantibus
2883 1691 3162 1731 assensum
3208 1689 3473 1748 negasset,

207 1748 337 1789 ccm
370 1736 472 1806 (δι.
509 1737 654 1792 Multi
684 1740 871 1795 eodem
908 1754 1146 1812 tempore
1177 1746 1550 1802 desiderabant
1590 1760 1798 1820 tangere

1910 1766 2044 1820 hanc
2082 1765 2252 1820 reddit
2296 1767 2551 1821 ratioiiem
2579 1785 2590 1820 :
2617 1769 2734 1833 quia
2770 1787 2786 1819 ι
2821 1769 3007 1823 eodem
3035 1736 3304 1839 tempore"
3325 1780 3474 1825 octo-

206 1832 540 1929 νθῖίίηξίξξηίί
574 1831 768 1886 Liber”
801 1837 1059 1904 θιιίεοοιιί-
1911 1859 2052 1927 ginta
2098 1860 2466 1926 episcoporum
2514 1858 2886 1929 Egyptiorutu
2925 1860 2991 1914 dc
3026 1861 3317 1915 Athanasio
3356 1875 3478 1914 sen-

286 1920 338 1974 9.
379 1923 494 1975 Alia
523 1937 698 1979 autem
723 1928 828 1992 die,
862 1946 979 1997 qua:
1003 1940 1086 1986 est
1141 1932 1267 1987 feria
1323 1937 1574 2002 secunda,
1609 1939 1798 1993 audivit

1911 1953 2070 2004 tentia
2107 1969 2124 2001 ι
2173 1951 2410 2019 petitioai
2444 1952 2674 2020 ipsorum
2704 1952 3071 2020 repugnabat:
3109 1971 3127 2004 ι
3159 1961 3212 2005 et
3246 1971 3263 2002 ι
3292 1965 3477 2007 comra

208 2015 467 2114 universa
502 2014 670 2083 Plebs.
704 2019 843 2114 (illud
862 2019 1578 2093 Οοιιειειηεθάθρίυε(μήδεαι
1603 2029 1678 2098 (4)
1701 2031 1806 2085 vic—
1908 2044 2138 2096 divinam
2163 2045 2331 2113 legem
2365 2045 2532 2098 visum
2561 2057 2672 2108 est;
2715 2060 2833 2099 cum
2880 2046 3248 2114 episcoporum
3290 2059 3478 2100 nume-

212 2103 353 2156 toria
398 2104 633 2205 fecerat,
691 2108 832 2162 clara
879 2127 1038 2164 sensu
1079 2114 1254 2168 alieno
1301 2115 1544 2170 dicebat:
1582 2137 1598 2169 ι
1635 2120 1682 2170 iit
1713 2120 1805 2172 Ni-
1908 2148 1999 2188 ms
2046 2151 2137 2201 pro
2182 2135 2473 2188 Athanasio
2520 2136 2688 2204 major
2723 2137 2996 2202 existeret,
3036 2155 3053 2188 ι
3102 2152 3257 2205 quant
3290 2151 3475 2190 eorum

209 2197 520 2296 (ξφπτθίίίίηξι
543 2201 753 2296 vada"):
783 2221 802 2254 ³
835 2214 882 2257 εἰ
911 2207 1156 2259 ίττιιιείνὶι
1181 2208 1256 2275 (ὅ)
1283 2210 1530 2276 usquead
1555 2209 1802 2266 Nicmnc-
1907 2226 1994 2292 qui
2027 2226 2198 2279 cidem
2228 2226 2666 2291 adversabantur,
2703 2227 2783 2280 his
2814 2246 2830 2278 ‹
2864 2227 2915 2280 itt
2946 2235 3092 2296 parte
3126 2225 3302 2294 aliqua
3334 2241 3479 2280 com-

212 2287 386 2353 diam,
415 2303 468 2344 et
498 2291 547 2343 iu
575 2295 839 2361 Aquilone
871 2299 1012 2359 villa,
1047 2298 1133 2351 ubi
1166 2299 1462 2367 baptizatus
1492 2311 1574 2356 est
1608 2304 1674 2356 ab
1704 2306 1806 2358 Eu—
1909 2287 2128 2370 moriare
2160 2331 2502 2370 consensum.
2539 2338 2556 2367 ι

1909 471 2073 536 locus,
2098 473 2140 527 si
2167 473 2214 527 id
2244 478 2436 544 egisset
2474 496 2528 534 re
2557 498 2697 547 Vt'l‘ﬂ,
2724 485 2861 552 quod
2894 488 2991 539 hac
3025 488 3248 555 cpistola
3288 490 3478 544 lerisse

1910 575 2169 615 narratur.
2201 564 2339 619 Sane
2373 568 2524 636 hujus
2546 574 2979 637 expostulationis-
3028 576 3359 645 iniquitatem
3383 578 3478 633 de-

1909 664 2203 709 monstrare
2222 657 2272 710 in
2294 671 2534 729 promptu
2555 663 2731 716 fuisset
2751 665 2961 721 Liberio
2980 709 2993 731 ,
3012 674 3053 721 si
3079 669 3268 723 litteris
3288 667 3478 724 Orien-

1909 746 2086 798 talium
2119 760 2404 817 pertuotus,
2426 751 2645 807 Romam
2671 769 2908 810 vocasset
2931 758 3295 819 Athanasium.
3323 775 3473 814 emn-

1907 851 2009 905 qne
2037 852 2153 891 mox
2182 854 2208 891 a
2236 844 2606 898 communione
2634 861 2725 900 sua
2772 861 3122 918 segregasset.
3168 849 3296 904 Inde
3325 851 3469 904 enim

1907 937 2253 994 sequeretur,
2307 941 2358 984 ut
2413 948 2509 986 nec
2551 937 2968 1002 suppres~isset,
3029 953 3125 992 nec
3179 939 3474 1008 sprevisset

1907 1031 2089 1072 eorum
2135 1019 2356 1080 litteras.
2399 1025 2488 1076 sed
2533 1031 2813 1081 maximam
2863 1044 3042 1084 earum
3087 1032 3346 1084 rati-nent
3378 1032 3472 1085 ha-

1909 1111 2124 1164 buisset.
2169 1112 2362 1168 Verum
2406 1117 2645 1171 Liberius
2681 1121 2777 1173 sibi
2826 1123 3076 1175 conscius
3121 1139 3148 1175 a
3191 1138 3248 1178 se
3288 1125 3472 1191 procul

1907 1215 2027 1252 esst:
2057 1204 2190 1256 hanc
2219 1206 2443 1272 culpam,
2490 1217 2545 1262 ut
2575 1223 2662 1262 aut
2693 1219 2892 1264 temere
2929 1212 3206 1267 damnaret
3236 1213 3472 1268 Athana-

1909 1292 2065 1356 sium,
2092 1307 2178 1348 aut
2206 1298 2404 1352 litteras
2430 1302 2530 1354 sibi
2555 1303 2620 1356 ab
2638 1302 2991 1359 Orientalibus
3008 1309 3232 1375 scriptas
3258 1311 3468 1377 suppri-

1911 1394 2104 1448 meret;
2148 1390 2317 1455 primo
2344 1393 2554 1460 quidem
2586 1410 2644 1450 se
2681 1416 2698 1447 ι
2733 1395 3078 1451 Orientalium
3116 1399 3319 1454 litteras
3354 1400 3479 1453 inti-

1909 1493 2101 1540 masse,
2143 1482 2327 1556 legisse
2368 1486 2628 1550 ecclesiae,
2672 1487 2864 1558 legisse
2896 1491 3124 1543 concilio
3161 1503 3318 1559 atque
3353 1495 3476 1562 ipsis

211 2381 369 2433 sehio
415 2381 854 2452 Nicomediense,
892 2389 940 2440 in
975 2389 1289 2442 Arianorum
1324 2392 1516 2458 dogma
1547 2393 1801 2450 declinat.

213 2471 423 2525 Eodem
457 2475 573 2527 loco
605 2487 846 2532 mortuus
871 2489 951 2532 est
977 2490 1026 2533 et
1058 2481 1299 2548 Sepultus
1327 2481 1617 2538 Coastante
1639 2502 1693 2540 ιιι
1724 2485 1801 2559 (6)

209 2573 268 2617 et
297 2561 616 2620 CouSIantio
642 2583 764 2637 aug.
793 2578 847 2622 ct
877 2571 1039 2625 Basso
1080 2574 1388 2626 consulibus
1409 2617 1422 2634 .
1458 2592 1504 2628 ιχ
1536 2577 1804 2634 Kalendas

213 2655 404 2709 Maias.
444 2656 509 2709 Et
537 2658 676 2711 sedit
703 2660 947 2716 eamdem
977 2665 1156 2720 sedem
1201 2661 1342 2718 Petri
1375 2669 1599 2735 apostoli
1632 2685 1802 2723 annos

214 2745 304 2808 17,
333 2763 547 2801 menses
577 2749 658 2814 15,
682 2750 798 2804 dies
826 2754 876 2807 8.
910 2754 964 2807 In
1011 2756 1126 2824 ejus
1157 2767 1398 2827 tempore
1432 2761 1684 2813 fabricata
1723 2773 1804 2814 est

211 2837 361 2892 absis
399 2840 448 2892 in
483 2842 611 2895 urbe
651 2843 817 2896 ltoma
859 2843 909 2897 in
957 2847 1171 2916 regione
1213 2852 1417 2919 quinta,
1461 2862 1509 2903 et
1543 2852 1804 2919 requievit

211 2944 270 2981 In
305 2944 435 2997 pace

332 3044 642 3103 CENSURA
688 3048 1054 3106 EPISTOLA-Z
1096 3054 1186 3106 AD
1226 3054 1677 3109 ORIENTALES.

666 3139 849 3199 (Const.
890 3145 1136 3202 .4ppemt.,
1164 3158 1212 3204 ν.
1246 3142 1349 3203 95.)

286 3237 325 3292 Ξ.
350 3237 608 3307 Epistola:
635 3239 792 3308 hujus
809 3243 1178 3311 antiquitatem
1207 3245 1423 3311 probant
1460 3245 1611 3298 nobis
1635 3255 1800 3300 trans-

207 3327 378 3382 missa
414 3329 596 3382 l-lilarii
624 3329 941 3400 fragmenta,
976 3341 1028 3384 et
1058 3333 1107 3384 in
1139 3348 1253 3385 eam
1295 3334 1516 3402 subjecti
1558 3335 1796 3400 ejusdem

209 3420 462 3488 praesulis
530 3424 924 3474 commentarii.
1005 3421 1254 3490 Ejusdem
1319 3440 1447 3477 vero
1511 3423 1797 3479 falsitatem

207 3511 381 3579 prima
415 3512 554 3563 illius
583 3513 742 3564 verba
779 3513 1028 3579 produnt.
1072 3515 1126 3566 Si
1156 3516 1298 3568 enim
1341 3515 1454 3569 htec
1496 3517 1795 3580 audiamus,

211 3599 468 3653 Liberius
519 3601 886 3670 pontificatum
945 3603 1147 3669 iniens,
1199 3605 1284 3656 tibi
1332 3603 1684 3658 Orientalium
1731 3605 1798 3660 de

192 3684 489 3745 Athanasii
546 3693 759 3746 nomine
817 3693 1022 3747 litteras
1081 3697 1304 3762 accepit,
1380 3699 1557 3770 statim
1622 3700 1798 3752 missis

207 3781 594 3835 Alexandriam
627 3783 814 3852 legatis
842 3784 1193 3839 Athanasium
1233 3788 1415 3840 citavit
1447 3787 1701 3854 Romam,
1735 3806 1798 3844 ac

207 3875 396 3927 venire
439 3888 754 3928 renuentem
796 3891 822 3929 a
866 3893 1100 3930 romanae
1148 3881 1388 3933 ecclesiae
1419 3882 1797 3937 communione

205 3965 654 4034 scparavit.Quod
671 3967 804 4021 adeo
823 3968 1006 4022 falsum
1023 3985 1140 4021 esse
1155 3972 1348 4025 evinc‘t
1362 3971 1583 4039 germina
1602 3971 1794 4027 Liberii

204 4055 433 4124 epistola
455 4059 516 4109 ad
541 4057 853 4112 Orientales.
876 4059 942 4113 de
962 4062 1110 4126 cujus
1132 4062 1353 4114 veritate
1370 4080 1525 4113 neuio
1544 4078 1791 4131 umquam

211 4147 496 4208 dubitavit.
521 4161 575 4201 ιιι
609 4149 704 4214 ipsi
728 4148 1025 4203 Orientales
1047 4152 1183 4217 apud
1212 4151 1578 4205 Constantium
1603 4169 1795 4222 expos-

211 4239 456 4297 tulariut,
481 4240 620 4307 quod
647 4241 914 4309 prioribus
941 4241 1042 4294 illis
1068 4242 1257 4295 litteris
1279 4245 1386 4295 suis
1415 4241 1656 4296 Liberius
1679 4244 1794 4297 nul-

209 4334 314 4386 lam
343 4333 616 4386 habuisset
660 4334 848 4395 fidem.
892 4350 1089 4404 easque
1129 4351 1345 4402 prorsus
1383 4351 1579 4406 suppre
1611 4339 1790 4402 sisset.

212 4444 230 4477 ι
260 4440 329 4479 ne
346 4425 565 4477 erimina
586 4425 721 4493 ejus,
739 4441 895 4495 quem
912 4426 1636 4494 dicebantureondemnasse,
1651 4431 1789 4499 apud

279 4602 358 4674 (1)
388 4602 442 4655 lu
474 4603 579 4654 vita
609 4602 850 4666 Damasi,
877 4603 1021 4671 quasi
1048 4603 1310 4656 undecima
1336 4620 1508 4674 usque.

282 4697 362 4769 (‘1)
391 4697 523 4750 Ibid.
557 4697 865 4769 urgebantur
890 4698 958 4749 ad
984 4698 1316 4766 baptismum.
1345 4709 1396 4750 ut
1436 4701 1487 4752 in
1528 4699 1798 4756 Dominica

209 4765 533 4820 Pentecoste:
561 4766 753 4820 sabbati
785 4765 944 4819 Missa
981 4765 1332 4824 celebraretur.

281 4861 362 4932 (ὅ)
409 4860 479 4912 Ex
510 4859 591 4932 iis
631 4875 748 4928 quas
790 4859 1044 4928 deinceps
1080 4871 1396 4929 sequuntur,
1427 4863 1546 4918 vitm
1583 4862 1796 4920 Damasi

208 4930 442 4998 scriptor
469 4930 596 4984 nihil
618 4932 862 4998 arripuit.

285 5021 365 5094 (4)
388 5021 550 5091 Lege.
577 5021 840 5074 victoriam
868 5025 1056 5091 fuerat,
1088 5021 1230 5075 clara
1258 5038 1376 5077 voce
1397 5040 1564 5077 sensu.

283 5120 362 5192 (5)
386 5120 773 5192 Constantinus
814 5117 1051 5186 Magnus,
1085 5133 1190 5171 non
1229 5117 1612 5192 is_impera_tor_
1645 5120 1796 5187 eujns

206 5187 360 5262 jussu
385 5191 624 5262 Liberim
648 5189 912 5262 relegatus
940 5198 1046 5262 est,
1073 5187 1436 5262 annotihristi
1459 5189 1584 5248 337.
1603 5190 1652 5242 in
1671 5194 1797 5244 sub-

212 5258 430 5316 iit-[mnis
454 5260 728 5314 Nicomedi
749 5279 775 5308 ι·
811 5260 1125 5324 baptizatus,
1167 5258 1468 5326 ibidemque
1514 5263 1618 5312 vita
1649 5263 1797 5316 func-

210 5343 295 5386 tus
316 5335 382 5385 ah
416 5331 647 5385 Eusebio
669 5333 720 5383 in
743 5329 880 5383 libro
911 5345 959 5382 tv
991 5329 1122 5383 Vitae
1143 5331 1280 5397 ejus,
1309 5343 1426 5398 Cap.
1456 5329 1792 5401 61etseqq.,

212 5411 481 5458 narratur.

284 5496 364 5565 (ϐ)
394 5493 702 5548 Constantis
728 5493 916 5545 tertius
941 5492 1248 5545 censulatus
1280 5493 1330 5545 in
1373 5508 1566 5546 annum
1596 5493 1795 5565 Chrisd

214 5567 317 5624 346
350 5563 544 5619 incidit
573 5584 584 5616 :
612 5567 662 5616 in
701 5579 857 5631 quem
891 5577 1084 5614 annum
1134 5579 1305 5626 neque
1339 5563 1672 5618 COHS'altliui
1708 5577 1771 5630 pa

213 5645 327 5705 tris,
363 5651 534 5705 neque
565 5636 658 5689 lilii
685 5636 802 5704 ejus
827 5632 1143 5697 Gottstantii,
1199 5633 1352 5705 longe
1403 5636 1576 5689 minus
1602 5634 1800 5689 Liberii

211 5725 354 5766 mors
375 5705 646 5762 convenit.

1979 2407 2040 2461 11.
2076 2407 2362 2461 Dicendiue
2401 2417 2524 2461 sunt
2558 2407 2860 2462 Orientales
2899 2407 3096 2462 Liberii
3133 2408 3366 2461 animum
3400 2409 3478 2462 sic

1909 2500 2277 2567 praevertisse,
2331 2509 2387 2551 ut
2444 2515 2563 2552 eum
2615 2500 2679 2552 ad
2733 2499 3072 2552 Athanasium
3119 2498 3479 2551 damnandum

1905 2601 2027 2644 ante
2053 2592 2377 2656 induxertnt,
2411 2605 2567 2659 quam
2598 2591 2668 2644 80
2695 2591 3067 2659 epi~cOporutu
3105 2588 3482 2660 Egyntiornm,

1907 2684 2095 2737 littera:
2133 2683 2352 2735 Romam
2390 2681 2791 2750 pervenissent?
2839 2686 2904 2735 At
2949 2681 3044 2735 has
3074 2683 3184 2747 ipse
3233 2679 3479 2734 Liberius

1905 2775 2002 2826 sibi
2034 2793 2049 2824 ι
2078 2773 2263 2825 eodem
2291 2782 2528 2840 tempore
2557 2789 2574 2821 ι
2608 2772 2827 2824 traditas
2851 2770 3179 2833 tcsnficatur,
3208 2786 3312 2839 quo
3343 2773 3480 2823 litte-

1905 2880 1991 2917 ras
2039 2863 2385 2916 Orientalium
2416 2864 2642 2930 accepit.
2691 2861 2880 2914 Verum
2925 2863 3128 2913 etiamsi
3181 2859 3480 2914 Orientales

1907 2954 2002 3006 hac
2035 2956 2084 3004 in
2118 2968 2174 3005 re
2205 2952 2463 3022 Egyptiis
2493 2953 2757 3020 episcopis
2783 2951 3150 3020 diligentiores
3191 2949 3352 3003 fuisse
3382 2966 3478 3016 po-

1907 3059 2175 3106 neremus,
2206 3044 2332 3096 nihil
2361 3055 2534 3098 tamen
2566 3046 2684 3097 inde
2713 3045 3065 3098 conficeretur
3095 3043 3336 3104 omnino.
3371 3041 3474 3094 nisi

1827 3124 1869 3184 C
1905 3136 2059 3189 simul
2094 3136 2430 3204 largiretnur,
2463 3146 2514 3189 et
2543 3135 2838 3194 Liberium.
2869 3147 2983 3204 post
3014 3149 3259 3200 aCCepsas
3281 3132 3470 3186 Orien-

1904 3226 2084 3278 talium
2116 3225 2320 3278 litteras
2343 3266 2355 3285 ,
2388 3225 2592 3293 legatos
2637 3225 3008 3278 Alexandriam
3051 3223 3382 3288 destinasse,
3424 3233 3477 3277 et

1903 3317 2000 3371 hos
2031 3317 2230 3379 legatos
2265 3317 2584 3370 Alexandria
2626 3317 2846 3370 Romam
2888 3329 3011 3370 :mte
3044 3330 3287 3369 reversos
3326 3328 3472 3379 esse,

1901 3424 2056 3476 quam
2089 3407 2460 3478 [Egyptiorum
2490 3408 2679 3462 litterae
2709 3408 2918 3461 Liberio
2955 3408 3323 3460 redderentur.
3364 3403 3477 3456 ltno

1901 3501 2057 3554 etiam
2081 3509 2189 3552 tum
2207 3500 2325 3551 huic
2341 3513 2487 3566 papa:
2500 3499 2781 3552 dicendum
2802 3512 2905 3551 neu
2919 3500 3098 3550 fuisset
3115 3511 3254 3558 sese,
3270 3495 3478 3563 quomi-

1903 3607 2002 3644 nus
2039 3590 2395 3644 Orientalibus
2421 3609 2438 3640 ι
2461 3605 2778 3644 consensum
2818 3589 3202 3644 commodaret.
3227 3607 3245 3638 ι
3279 3586 3480 3657 Aigyp-

1901 3683 2092 3737 tiorum
2118 3683 2305 3737 litteris
2326 3684 2486 3737 fuisse
2519 3682 2863 3751 prohibitum,
2885 3685 2976 3736 sed
3003 3681 3083 3734 his
3106 3680 3479 3749 potiusinduc-

1903 3785 2012 3827 tum
2036 3790 2179 3838 esse,
2204 3785 2260 3828 ut
2286 3789 2602 3829 consensum
2625 3777 2730 3842 jam
2755 3774 3149 3827 commodatum
3175 3781 3472 3825 revocaret.

1900 3865 2151 3920 Mittimus
2172 3865 2309 3934 quod
2347 3863 2667 3917 Athanasius
2705 3863 2996 3927 Liberium,
3029 3879 3184 3931 quam
3213 3863 3300 3915 ditt
3342 3863 3478 3917 liber

1901 3956 1996 4010 fuit
2021 3999 2036 4021 ,
2065 3959 2126 4010 ad
2160 3959 2331 4026 ipsutn
2354 3957 2706 4010 damnandum
2733 3955 2924 4010 inﬂecti
2951 3971 3214 4024 nunquam
3240 3958 3474 4026 potuisse

1897 4047 2124 4111 scribit;
2164 4049 2300 4117 quod
2360 4048 2655 4102 Constantii
2706 4051 3039 4116 imperatoris
3083 4065 3201 4103 eum
3266 4049 3477 4104 Libet-io

1896 4140 2154 4210 dialogus,
2210 4140 2463 4194 hactenus
2506 4139 2851 4193 Athanasium
2896 4143 2962 4191 ab
3010 4141 3124 4205 ipso
3167 4139 3475 4193 damnatttm

1908 4247 2012 4284 nou
2043 4246 2161 4286 esse
2204 4231 2360 4284 ﬁdem
2406 4231 2713 4299 l'.trit;quod
2749 4231 2978 4298 denique
3010 4231 3118 4297 ipse
3167 4230 3403 4284 Liberiu~
3444 4246 3475 4284 a

1894 4319 2211 4375 defendendi
2261 4322 2532 4375 Athanasii
2586 4321 2760 4375 studio
2782 4321 2889 4387 jatu
2948 4319 3220 4389 dejet'tlls,
3253 4335 3310 4372 se
3356 4319 3456 4374 hac

1897 4421 2048 4465 tenus
2097 4413 2147 4465 in
2189 4411 2279 4464 i‘lo
2317 4411 2658 4467 defendendo
2713 4419 3044 4464 constantem
3091 4411 3251 4466 fuisse
3297 4423 3481 4465 naten-

1821 4496 1996 4565 Ddit,
2044 4518 2165 4554 cum
2199 4503 2512 4556 constantia:
2559 4503 2713 4572 hujus
2759 4502 2894 4554 hanc
2942 4500 3108 4554 reddit
3157 4504 3418 4558 rationem
3461 4520 3475 4558 :

1910 4609 1929 4642 ι
1963 4591 2095 4658 Quia
2135 4605 2436 4661 susceperat
2489 4593 2636 4647 illum
2667 4595 2817 4648 bona:
2843 4597 3116 4648 memoria:
3149 4594 3323 4648 Julius
3366 4595 3480 4664 epi-

1904 4699 2096 4753 scopus
2144 4684 2395 4739 decessor
2437 4685 2869 4747 meus;verebar
2905 4701 2973 4740 ne
3015 4687 3082 4739 ab
3133 4685 3313 4755 aliquo
3345 4701 3479 4754 prte-

1904 4776 2168 4829 varicator
2207 4775 2498 4844 judicarer.
2532 4795 2551 4828 ι
2598 4776 2910 4846 Hnjusmodi
2958 4789 3270 4846 argumenta
3312 4777 3480 4833 fusius

1903 4867 2179 4936 exposita,
2223 4875 2277 4922 et
2319 4868 2418 4921 alia
2459 4869 2732 4932 nonnulla,
2773 4885 2890 4939 quae
2933 4869 3204 4938 sequentis
3239 4870 3480 4940 cpistola:

1903 4959 2189 5014 falsitatem
2228 4959 2596 5015 demonstrant
2618 5002 2632 5026 ,
2654 4961 2791 5030 apud
2816 4959 3072 5015 Hilarium
3102 4959 3292 5030 fragm.
3315 4977 3364 5015 tv
3399 4963 3479 5018 vi-

1902 5053 2031 5108 dere
2053 5053 2192 5107 licet.
2246 5053 2311 5107 Et
2354 5068 2478 5107 vero
2501 5052 2732 5107 Hilarius
2772 5053 3299 5118 iuanuotationibus,
3327 5055 3479 5123 quasi

1903 5147 2142 5215 epistola:
2164 5144 2283 5198 huic
2303 5144 2549 5212 subjecit,
2571 5143 2635 5197 de
2663 5144 2750 5198 illa
2778 5143 2855 5197 sic
2884 5144 3137 5214 loquitur.
3164 5155 3218 5197 ιιι
3246 5145 3330 5214 qui
3357 5159 3475 5198 eam

1903 5252 1930 5290 a
1963 5237 2204 5291 Potamio
2228 5246 2282 5290 et
2308 5234 2549 5302 Epttecto
2578 5233 2881 5297 conficunn.
2914 5249 2976 5288 ac
3008 5235 3200 5288 deinde
3221 5251 3249 5286 a
3284 5233 3474 5287 Fortu-

1903 5329 2459 5399 natianoAquileiensi
2505 5329 2757 5396 episcOpo
2799 5326 2864 5380 ad
2907 5327 3147 5380 diversos
3196 5327 3476 5395 episcopos

1905 5423 2118 5474 missam
2139 5435 2256 5473 esse
2275 5420 2610 5472 existunarit.
2638 5417 2787 5473 Unde
2805 5417 3106 5480 confit-itur,
3132 5431 3180 5470 ιιι
3212 5434 3312 5470 ηυιι
3336 5433 3480 5471 anno

1904 5513 2028 5573 569..
2056 5529 2162 5580 quo
2190 5512 2433 5566 Liberius
2456 5511 2570 5564 iniit
2609 5507 2998 5580 pontificatum.
3032 5509 3124 5562 sed
3157 5521 3268 5580 po~t
3301 5510 3479 5562 Conri-

1905 5608 2030 5661 liutn
2058 5604 2449 5658 Mediolanense
2479 5620 2619 5656 anno
2647 5601 2752 5656 305
2774 5600 3125 5659 celebratum,
3156 5616 3259 5669 quo
3288 5599 3478 5655 Furtu-

1909 5702 2154 5755 uatiauus
2175 5713 2204 5752 a
2229 5697 2450 5768 pristina
2475 5696 2628 5752 lattde
2649 5693 2873 5757 excidit.
2901 5691 3168 5762 divulgata
3192 5694 3276 5748 sit.
