3910 6212
478 298 500 350 1
513 297 618 352 595

1118 410 1441 467 EPISTOLA
1455 453 1469 478 ,

479 542 581 591 QUA
630 540 959 582 ATEANASIUB
1012 540 1196 580 ιιοιιλιι
1240 540 1461 579 CITATUS
1512 542 1577 581 ET
1619 542 1650 580 Δ
1689 540 1918 580 ROIANE
1959 539 2048 578 EC-

551 634 745 675 ςιεειλε
784 634 1120 674 εοκιιυκιοκε
1160 633 1454 672 SEPARATUS
1494 633 1757 681 FINCITUR,
1787 628 2044 671 οιιιεΝτΑ·

551 727 697 767 ιιιιυε
729 726 887 765 IPSIUS
924 724 1263 763 ADV’ERSARIIS
1289 724 1320 762 Δ
1350 723 1555 762 ιιβειιιο
1594 724 1643 761 IN
1674 722 2048 761 COMIUNIONEII

550 820 685 859 ευυι
726 817 974 857 Αωίιδδιε.

944 916 1126 977 (Coust.
1153 913 1394 976 Append.,
1419 928 1468 975 p.
1490 912 1593 973 95.)

487 1044 848 1101 Dilectissimis
894 1042 1131 1111 fratribus
1176 1050 1223 1094 et
1262 1038 1571 1105 coepiscopis
1597 1040 1781 1092 nostris
1806 1039 2050 1091 universis

555 1153 643 1209 per
687 1136 940 1188 Orientem
980 1132 1287 1197 constitutis,
1322 1129 1548 1182 Liberius
1579 1130 1713 1181 urbis
1746 1127 1918 1182 Roma:
1942 1130 2050 1199 epi-

553 1242 735 1292 sc0pus
766 1234 1000 1277 retentam
1026 1221 1258 1276 salutem.

556 1334 786 1391 Studens
826 1333 940 1401 paci
981 1342 1033 1385 et
1097 1329 1398 1385 concordiae
1446 1330 1822 1391 ecclesiarum,
1867 1338 2047 1396 postea

484 1441 640 1495 quam
664 1425 865 1477 litteras
886 1422 1004 1475 chai
1020 1422 1159 1475 itatis
1183 1432 1369 1473 vestra:
1392 1420 1455 1471 de
1478 1417 1689 1472 nomine
1710 1417 1979 1475 Athanasii
1999 1428 2050 1471 et

485 1526 796 1571 cacterorum
828 1517 990 1568 factas
1012 1513 1079 1567 ad
1111 1528 1301 1566 nomen
1323 1512 1445 1565 Julii
1468 1511 1619 1565 bona:
1644 1510 1909 1564 memorim
1934 1512 2048 1577 epi-

485 1611 631 1678 scopi
654 1610 862 1677 acci'pi;
888 1621 1097 1663 secutus
1121 1608 1454 1661 traditionem
1475 1606 1752 1675 majorum.
1778 1607 2052 1677 presbyte-

484 1714 576 1754 ros
604 1700 744 1753 urbis
781 1699 963 1752 Romae
1006 1698 1242 1763 Lucium,
1272 1697 1492 1750 Paulum
1532 1709 1584 1749 et
1622 1697 1894 1750 llelianutn
1918 1712 1946 1749 e
1977 1698 2050 1749 Ia-

1854 298 2159 354 LlBEiiIUS
2186 299 2381 353 l'APA.

2082 414 2135 474 Α
2158 412 2397 468 formulis
2438 430 2556 471 esse
2575 416 2745 470 aliena
2770 432 2782 467 :
2809 429 2905 469 nec
2932 415 3048 467 leve
3077 412 3205 467 illud
3238 425 3359 467 esse
3408 413 3711 481 Suppositic-

3600 301 3711 353 i598

2158 505 2238 557 nis
2266 516 2652 573 argumentum,
2685 504 2825 574 quod
2855 505 2903 557 in
2928 512 3069 557 tanta
3104 517 3280 557 rerum
3304 502 3709 572 perturbatione,

2155 602 2347 662 quanta
2372 594 2597 649 Liberio
2630 594 2990 664 pontiﬁcatum
3017 594 3231 647 ineunte
3274 592 3523 645 universa
3547 592 3711 645 Eccle-

2154 686 2229 737 sia
2258 686 2666 752 percellebatur,
2703 686 2843 739 nulla
2882 685 2948 738 de
2989 694 3287 751 temporum
3329 682 3606 750 iniquitate
3635 681 3710 736 fiat

2153 784 2351 829 mentio
2376 795 2388 829 :
2412 778 2624 831 demum
2649 779 2896 846 priorem,
2924 785 2979 829 ut
3000 775 3275 843 marginali
3310 782 3429 827 nota
3464 774 3710 827 indicatur

2152 867 2349 944 codicis
2401 866 2706 922 Coisliniani
2738 909 2752 933 ,
2804 869 2853 921 in
2908 880 3012 936 quo
3062 872 3205 925 Ζήτει
3254 867 3448 941 ἀρχὴν.
3486 883 3502 914 ι
3532 866 3709 929 Quaere

2152 954 2381 1017 initium,
2412 975 2429 1006 ι
2454 957 2778 1025 ad~criptum
2811 965 2913 1020 est,
2946 956 3204 1023 principio
3231 969 3447 1018 carere;
3493 955 3705 1009 alteram

2151 1059 2278 1098 vero
2304 1047 2497 1098 nullam
2533 1062 2638 1112 prae
2666 1062 2724 1100 se
2756 1046 2893 1099 ferre
2920 1046 3159 1113 epistola:
3198 1044 3447 1109 formam,
3474 1045 3567 1098 sed
3602 1060 3707 1100 esse

2150 1151 2247 1190 ceu
2290 1138 2521 1205 ineptam
2562 1137 2842 1206 quamdam
2882 1148 2934 1190 et
2972 1137 3296 1205 implicatam
3347 1136 3467 1190 fidei
3511 1140 3707 1205 exposi-

2150 1230 2368 1282 tionem.

2221 1316 2283 1369 ll.
2308 1318 2397 1369 liis
2426 1315 2691 1380 addimus,
2713 1316 2851 1384 quod
2874 1318 2924 1370 in
2952 1318 3229 1385 utriusque
3251 1315 3539 1385 frontepro
3570 1318 3703 1372 titulo

2152 1415 2203 1459 et
2233 1418 2543 1474 argumento
2564 1417 2905 1475 proponatur,
2935 1426 2953 1456 ι
2981 1405 3133 1473 Quod
3158 1409 3295 1459 Deus
3321 1406 3547 1461 Verbum
3594 1422 3702 1475 pcr-

2150 1497 2343 1551 fecmm
2364 1498 2628 1551 hominem
2646 1499 3025 1565 assumpserit;
3055 1515 3076 1547 ι
3106 1512 3229 1551 cum
3256 1499 3304 1549 in
3325 1505 3504 1550 neutra
3524 1497 3705 1551 harum

2149 1589 2493 1655 epistularum
2526 1587 2713 1642 artifex
2752 1589 2801 1641 id
2840 1590 3135 1657 argumenti
3165 1591 3420 1657 attingat;
3456 1600 3611 1657 atque
3657 1590 3704 1641 in

2152 1680 2315 1745 prima
2354 1680 2419 1732 de
2446 1678 2621 1732 Verbo
2655 1680 2762 1732 Deo
2802 1696 2819 1728 ι
2852 1682 2940 1748 qui
2984 1678 3276 1748 perfectum
3322 1680 3586 1735 hominem
3626 1695 3702 1733 as-

484 1798 600 1843 ιρτε
646 1804 764 1843 meo
786 1788 849 1842 ad
890 1788 1264 1843 Ajexmdriam
1304 1789 1369 1840 ad
1412 1787 1771 1855 supradiclum
1819 1772 2048 1841 Aumn'a-
2078 1773 2125 1832 Β
2153 1769 2511 1837 sumpsitsine
2532 1780 2770 1835 peccato,
2803 1789 2819 1820 ι
2846 1768 3023 1823 dicere
3052 1778 3356 1833 contentus,
3398 1770 3448 1823 in
3470 1770 3698 1824 alterade

485 1881 623 1933 sium
649 1881 840 1943 direxi,
863 1890 916 1932 ut
942 1880 1007 1933 ad
1030 1880 1211 1932 urbem
1237 1878 1456 1932 Romam
1492 1878 1693 1932 veniret
1717 1896 1729 1930 :
1755 1889 1810 1930 ut
1838 1879 1888 1932 in
1914 1894 2048 1948 prte-

484 1973 623 2025 senti
661 1970 711 2023 id
745 1971 880 2038 quod
921 1970 1167 2024 Ecclesiae
1187 1970 1466 2036 disciplina
1487 1969 1693 2021 exstitit
1737 1969 1799 2037 (ι’.
1842 1968 2044 2037 exigit),

485 2064 541 2117 in
583 2078 701 2116 eum
736 2072 1074 2115 statueretur.
1114 2061 1339 2115 Litteras
1374 2062 1531 2114 etiam
1577 2063 1641 2113 ad
1680 2060 1921 2113 eumdem
1956 2077 2051 2130 per

484 2152 817 2221 supradictos
870 2153 1208 2221 presbyteros
1244 2151 1386 2213 dedi,
1420 2152 1613 2220 quibus
1654 2150 2047 2212 continebatur.

484 2241 625 2311 quod
646 2244 687 2293 si
713 2256 815 2295 non
845 2242 1065 2305 veniret,
1094 2242 1251 2293 sciret
1274 2255 1333 2293 se
1355 2241 1589 2295 alienum
1624 2256 1740 2295 esse
1777 2242 1844 2296 ab
1881 2242 2050 2296 θοι-ιο-

484 2334 582 2386 site
631 2346 864 2384 romanae
911 2330 1299 2385 communione.
1333 2331 1547 2383 Reversi
1580 2330 1735 2399 igitur
1755 2331 2050 2398 presbyteri

485 2423 860 2477 nuntiaverunt
892 2436 1013 2475 eum
1044 2422 1223 2475 venire
1266 2422 1517 2477 noluisse.
1558 2422 1786 2476 Secutus
1824 2423 2051 2491 denique

486 2512 693 2567 litteras
730 2511 1002 2564 eharitatis
1029 2521 1242 2574 vestrae,
1265 2525 1395 2579 quas
1414 2510 1483 2565 de
1527 2513 1739 2566 nomine
1764 2513 2052 2580 supradicti

486 2603 762 2660 Athanasii
788 2602 851 2653 ad
875 2615 968 2654 nos
989 2600 1230 2663 dedistis,
1264 2600 1447 2653 sciatis
1477 2601 1558 2652 his
1590 2602 1793 2663 litteris,
1818 2616 1950 2668 quas
1986 2602 2051 2654 ad

486 2692 894 2747 unanimitatem
932 2700 1165 2745 nostram
1208 2690 1349 2755 dedi,
1382 2705 1465 2742 me
1493 2704 1611 2742 cum
1634 2690 1879 2743 munibus
1902 2691 2053 2744 vobis

488 2793 543 2838 et
568 2799 689 2837 cum
712 2782 975 2835 universis
1006 2782 1268 2850 episcopis
1292 2781 1541 2835 Ecclesia:
1570 2783 1845 2835 Catholica!
1868 2797 2050 2849 pacem

488 2876 715 2929 habere:
741 2873 1097 2941 snpradictum
1118 2883 1289 2925 autem
1315 2872 1661 2927 Athanasium
1684 2874 1911 2925 alienum
1935 2888 2053 2927 esse

490 2982 519 3017 a
545 2967 917 3021 Communiooe
940 2980 1079 3029 mea,
1104 2966 1212 3017 sive
1249 2966 1488 3017 ecclesia:
1512 2978 1742 3017 romana:
1764 2975 1815 3017 ct
1836 2978 2051 3017 consor-

489 3056 566 3110 tio
595 3056 889 3109 litterarum
919 3055 1395 3109 ecclesiasticarum
1429 3054 1528 3124 (1).

1109 3162 1415 3218 MUNITUM

595 3294 645 3333 IN
687 3292 969 3332 EPISTOLAS
1009 3291 1279 3331 AIOEBEAS
1317 3293 1510 3332 ιωειιιι
1549 3294 1613 3332 ΕΤ
1652 3293 1949 3332 ΑτιιΑιιΑειι.

959 3387 1139 3444 (Const.
1163 3389 1402 3451 Appiaut,
1429 3404 1477 3450 p.
1501 3388 1603 3450 95.)

559 3493 600 3548 l.
643 3493 696 3546 In
734 3492 1016 3545 novissima
1061 3506 1282 3561 operum
1320 3491 1594 3546 Athanasii
1624 3492 1877 3557 editione,
1902 3500 1975 3546 to.
2000 3508 2055 3559 Il,

488 3597 611 3655 pag.
640 3582 764 3645 667,
788 3590 1109 3636 monuerunt
1127 3584 1319 3646 nostri,
1350 3582 1481 3635 duas
1525 3582 1637 3635 illas
1677 3583 1928 3651 epistolas
1965 3598 2055 3635 ex-

484 3686 628 3728 stare
649 3671 859 3741 quidem
886 3672 934 3725 in
959 3673 1280 3741 perantiquis
1308 3672 1580 3726 Athanasii
1610 3673 1879 3727 codicibus
1900 3690 1914 3739 ;
1934 3674 2050 3736 sed.

490 3774 549 3819 ut
570 3778 634 3816 ex
664 3762 839 3816 verbis
868 3764 1171 3829 conjectare
1194 3762 1335 3827 licet,
1368 3763 1523 3817 unius
1548 3764 1890 3833 ejusdemque
1911 3766 2057 3820 (ira:-

493 3854 596 3908 culi
629 3854 856 3922 imperiti
880 3868 1015 3923 Opus
1049 3854 1147 3909 sibi
1182 3854 1376 3917 videri;
1402 3865 1546 3909 certe
1580 3873 1695 3924 qua:
1718 3858 1827 3911 illic
1855 3858 1921 3913 de
1940 3860 2059 3912 Tri-

503 3944 668 3999 nitate
705 3944 1083 4013 przedicantur,
1117 3944 1183 3998 ab
1238 3945 1439 3999 usitatis
1478 3946 1766 4001 Athanasio
1812 3948 2057 4017 loquendi

2153 1861 2387 1928 perfeeto
2414 1859 2628 1913 homine
2658 1871 2929 1928 assumpto
2974 1875 3038 1915 ne
3066 1863 3277 1913 verbum
3297 1860 3505 1927 quidem
3534 1860 3697 1914 faciat.

2152 1948 2303 2004 Unde
2322 1958 2593 2017 utramque
2621 1951 2859 2003 mutilam
2883 1964 3004 2004 esse
3023 1950 3389 2005 confirmatur.
3404 1950 3570 2020 ipsum
3590 1966 3703 2020 quo-

2152 2054 2255 2108 que
2275 2050 2639 2108 argumentum
2662 2042 2738 2094 eis
2763 2040 3057 2109 jmclixum,
3080 2058 3187 2111 quo
3209 2043 3599 2112 Apollinariana
3619 2057 3699 2097 ex-

2155 2131 2385 2200 ploditur
2409 2132 2647 2196 haeresis,
2670 2132 2722 2185 in
2755 2132 2949 2187 Liberii
2991 2143 3225 2202 tempora
3260 2135 3479 2189 minime
3517 2150 3695 2188 conve—

2154 2224 2271 2279 nire
2321 2224 2475 2278 facile
2530 2225 2803 2293 probatur,
2838 2235 3017 2294 utpote
3063 2240 3182 2279 cum
3229 2225 3343 2280 haec
3399 2227 3609 2280 haeresis
3652 2227 3696 2278 in

2152 2314 2439 2370 Occidente
2463 2316 2683 2369 Damaso
2705 2324 2904 2369 tantum
2930 2318 3177 2384 pontifice
3200 2317 3534 2371 innotescere
3553 2332 3611 2370 ac
3630 2317 3698 2369 di-

2154 2406 2357 2474 vulgari
2388 2408 2629 2473 cmperit.
2654 2406 2757 2462 Sed
2785 2416 2839 2461 et
2866 2409 2909 2461 si
2936 2408 3079 2476 prius
3099 2409 3437 2471 innotuisset,
3466 2424 3697 2476 quorsum

2155 2498 2222 2552 ab
2241 2498 2548 2565 Athanasio,
2574 2499 2662 2568 qui
2690 2498 3100 2565 Apollinarianze
3136 2500 3407 2553 haereseos
3442 2510 3699 2566 suspectus

2155 2604 2440 2657 numquam
2478 2588 2592 2653 fuit,
2633 2590 2848 2656 perfecti
2884 2591 3112 2644 hominis
3168 2607 3195 2642 a
3246 2588 3421 2644 Verbo
3463 2589 3698 2656 assumpti

2156 2677 2414 2746 exigenda
2448 2677 2740 2745 professio?
2761 2678 2865 2729 imo
2888 2679 3011 2747 quid
3035 2678 3129 2732 sibi
3159 2680 3288 2742 vult,
3318 2697 3338 2729 ι
3366 2679 3491 2732 Mihi
3533 2680 3701 2733 rescri-

2157 2767 2270 2830 bas,
2296 2768 2337 2820 si
2362 2768 2581 2835 perinde
2608 2778 2767 2832 atque
2787 2782 2885 2820 nos
2912 2768 2963 2819 in
2984 2781 3108 2820 vera
3140 2767 3243 2820 fide
3269 2769 3491 2830 sentias,
3512 2779 3564 2819 ut
3590 2782 3698 2820 con-

2157 2859 2381 2911 fidenter
2405 2873 2463 2911 ac
2493 2857 2607 2909 sine
2641 2857 2947 2909 discrimine
2974 2873 3090 2925 qua:
3130 2870 3285 2924 rogas
3316 2868 3565 2924 praestare
3595 2871 3700 2924 pos-

2157 2949 2292 3000 sim?
2328 2967 2344 2999 ι
2378 2947 2504 2999 Nam
2533 2947 2657 2999 licet
2682 2948 2747 2999 ab
2776 2946 3050 2999 Athanasii
3076 2947 3447 3001 continuniOne
3482 2948 3701 3001 Liberius

2162 3054 2253 3107 per
2276 3039 2377 3091 vim
2401 3037 2465 3090 ad
2490 3047 2695 3104 tempus
2720 3036 2992 3101 defecerit,
3032 3036 3099 3091 de
3120 3047 3258 3090 recta
3289 3047 3460 3091 tamen
3482 3038 3589 3106 ejus
3614 3037 3701 3091 fide

2087 3126 2131 3189 C
2167 3144 2338 3197 neque
2361 3127 2696 3196 pontificatus
2719 3128 2865 3179 initio
2892 3128 3025 3193 (tum
3057 3126 3122 3180 iis
3141 3142 3258 3195 qua:
3296 3128 3394 3180 sub
3420 3127 3551 3181 .lulio
3570 3137 3700 3197 gesta

2162 3228 2332 3281 erant,
2366 3227 2472 3269 tum
2496 3216 2759 3284 oetoginta
2788 3217 3154 3283 episeoporum
3185 3214 3550 3285 Egyptiorum
3580 3219 3699 3270 litte-

2162 3311 2235 3365 ris
2259 3310 2521 3382 edoctus),
2551 3326 2723 3379 neque
2765 3326 3009 3380 umquam
3051 3312 3331 3365 dubitavit.
3355 3312 3531 3379 Neque
3559 3314 3699 3366 etiam

2160 3401 2426 3456 Liberium
2464 3401 2601 3470 sapit
2644 3415 2866 3469 operosa
2901 3402 2986 3453 illa
3033 3400 3226 3454 divinze
3282 3402 3507 3469 Spiritus
3550 3402 3699 3455 sancti

2163 3504 2367 3547 naturae
2394 3494 2639 3558 assertio,
2671 3508 2787 3561 quae
2810 3494 2860 3545 in
2885 3493 3060 3559 priore
3094 3493 3320 3562 epistola
3355 3494 3592 3546 habetur.
3614 3493 3700 3558 Qui

2163 3584 2304 3638 enim
2331 3582 2591 3637 extremis
2632 3582 2752 3635 vita:
2782 3597 2890 3635 sua:
2919 3582 3239 3649 temporibus
3260 3582 3325 3635 ab
3357 3583 3437 3643 iis,
3471 3582 3551 3649 qui
3572 3594 3701 3649 post-

2160 3690 2222 3729 ea
2290 3674 2652 3727 Macedoniam
2708 3672 3059 3741 cognominati
3116 3682 3258 3735 sunt,
3314 3670 3506 3725 nullam
3558 3673 3698 3723 aliam

2159 3768 2224 3823 de
2246 3767 2441 3834 Spiritu
2472 3746 2675 3821 sancto
2704 3762 3081 3833 professionem
3124 3764 3322 3831 exegit,
3349 3778 3501 3831 quam
3524 3776 3631 3831 qua:
3657 3762 3700 3813 in

2160 3858 2364 3911 nicaano
2400 3856 2641 3927 symbolo
2686 3852 2984 3923 exponitur,
3015 3864 3214 3920 quanto
3248 3854 3418 3922 magis
3455 3853 3551 3905 sub
3588 3866 3700 3919 pcu-

2156 3948 2385 4003 tiiicatus
2425 3947 2572 3999 initia
2610 3946 2794 4000 cadent
2822 3945 3152 4016 professione
3186 3951 3469 3996 contentus
3511 3942 3695 3995 fuisset.

711 4073 1044 4131 EPISTOLA
1074 4073 1322 4129 LIBERI!
1362 4076 1664 4134 EPISCOPI
1707 4078 1917 4136 ΒΟΜᾹΞ
1957 4083 2046 4137 AD
2085 4079 2521 4140 ATHANASIUM
2566 4079 2942 4135 EPISCOPUM
2982 4075 3476 4134 ALEXANDRLIE.

1782 4194 1959 4250 (Const.
1982 4194 2222 4260 Append.,
2248 4208 2294 4255 p.
2321 4192 2428 4254 97.)

1387 4272 1521 4331 Quod
1547 4274 1681 4326 Deus
1704 4277 1919 4328 Verbum
1943 4282 2212 4343 perfectum
2236 4282 2478 4330 hominem
2505 4282 2841 4343 assumpserit.

559 4397 731 4455 Ἐστιν
776 4393 862 4454 οὖν
892 4400 1007 4468 ἡμῖν
1039 4400 1068 4456 ἡ
1096 4397 1350 4470 ὁμολογία,
1377 4400 1645 4458 ἐπιπόθητέ
1667 4424 1748 4472 μοι
1776 4402 2047 4461 meme...

488 4488 635 4561 λόγος
666 4490 797 4541 θεοῦ
836 4488 938 4545 υἱὸς
968 4495 1095 4545 κατὰ
1123 4490 1353 4559 φύσιν’ἐκ
1372 4496 1456 4543 τοῦ
1482 4493 1593 4543 Θεοῦ
1622 4496 1701 4545 καὶ
1726 4496 1918 4568 πατρὸς
1944 4516 2056 4564 γεν-

2232 4405 2352 4459 Haec
2379 4404 2535 4473 igitur
2563 4413 2645 4458 est
2672 4412 2848 4458 nostra
2878 4402 3163 4469 confessio,
3194 4402 3524 4471 optatissime
3552 4402 3698 4458 Atha-

2164 4495 2295 4550 nasi.
2328 4495 2557 4550 Verbum
2584 4495 2674 4548 Dei
2703 4494 2843 4549 filius
2866 4494 3154 4549 secundum
3185 4504 3427 4547 naturam
3452 4510 3513 4547 ex
3543 4493 3640 4547 Deo
3658 4501 3701 4544 et

484 4584 663 4643 νηθεὶς,
696 4582 752 4633 οὐ
777 4583 1010 4645 κτισθεὶς,
1038 4580 1139 4633 ἀ)λ’
1169 4582 1246 4635 ἀεὶ
1279 4580 1344 4634 ὢν
1365 4584 1691 4657 συνάναρχος
1720 4594 1793 4655 τῷ
1836 4588 1929 4656 θεῷ
1977 4610 2049 4641 και

2165 4589 2319 4643 Patre
2350 4589 2579 4658 genitus,
2623 4603 2726 4642 non
2766 4598 3009 4653 creatus;
3042 4588 3137 4642 sed
3175 4603 3387 4656 semper
3425 4589 3536 4641 sine
3573 4586 3701 4641 initio

561 4730 639 4801 (l)
674 4731 796 4803 ilice
823 4730 1042 4803 epistola
1062 4729 1345 4803 adulterina
1367 4740 1466 4793 est,
1484 4731 1794 4799 Liberioque
1819 4738 2049 4803 pontifici

488 4799 626 4855 falso
666 4799 959 4872 adscripta;
1011 4814 1071 4872 ea
1115 4800 1427 4862 occasione,
1479 4816 1543 4872 ne
1590 4799 1856 4866 credatur,
1909 4810 2048 4872 quod

488 4872 673 4932 aiunt,
715 4869 979 4921 Liberium
1024 4870 1069 4920 vi
1110 4879 1381 4933 coactum,
1411 4870 1680 4923 Athanasii
1723 4869 2046 4929 eundemna-

490 4940 619 5011 tioni
663 4942 1028 5011 Consensisse;
1085 4937 1237 5004 idque
1301 4938 1727 5011 hisrratiouibus
1779 4946 2046 5011 probatur.

488 5008 666 5063 Primo
697 5026 709 5060 :
744 5007 989 5073 Quisquis
1018 5007 1349 5061 innocentem
1394 5009 1737 5061 Athanasium
1768 5007 1792 5063 ις
1824 5016 2049 5069 catholi-

486 5093 669 5130 eorum
698 5078 1067 5129 communione
1095 5077 1293 5138 arceri,
1337 5079 1523 5142 impios
1554 5094 1677 5131 vero
1720 5082 1945 5136 Arianos
1984 5086 2047 5137 ad

486 5146 873 5199 communionis
902 5146 1164 5198 vinculum
1210 5144 1411 5198 admitti
1440 5146 1643 5209 laudat;
1674 5164 1793 5203 eum
1825 5169 1926 5206 non
1955 5168 2046 5207 ca-

490 5215 742 5289 tholtcum
767 5256 780 5279 ,
822 5215 912 5289 sed
936 5216 1181 5289 arianum
1210 5226 1580 5289 esseoportet.
1610 5217 1741 5289 Cum
1766 5222 1939 5289 itaque
1969 5224 2047 5288 is,

487 5286 576 5346 qui
606 5285 739 5336 hanc
760 5285 1034 5351 epistolam
1068 5282 1371 5351 fragmentis
1402 5286 1577 5340 llilarii
1610 5282 2046 5354 inseruit,'Atlia¥

490 5357 621 5406 nasii
667 5355 1151 5406 eotnlemnatoriam
1196 5362 1248 5405 et
1289 5356 1877 5412 excommunicatoriam
1922 5376 2045 5415 sen-

490 5425 707 5475 tentiam
753 5422 953 5484 laudet,
1002 5432 1157 5475 nemo
1197 5425 1405 5490 sapiens
1438 5425 1487 5476 id
1518 5428 1582 5479 ab
1625 5427 1817 5480 llilario
1855 5430 2044 5484 factum

491 5492 861 5564 [uiasecrediL
890 5491 1484 5564 Secmtdo,testimonio
1513 5494 1781 5550 Athanasii
1808 5509 2045 5564 constat,

490 5560 760 5615 Liberium
826 5576 989 5629 usque
1050 5561 1114 5613 ad
1158 5562 1313 5614 linem
1370 5563 1547 5629 exilii,
1597 5581 1790 5620 annum
1848 5560 2047 5626 scilicet

491 5631 683 5689 Christi
729 5631 853 5695 357,
906 5644 1271 5699 perseverasse
1312 5643 1639 5690 constantem
1690 5648 1744 5691 et
1790 5636 2042 5695 ﬁdelem:

2152 4740 2414 4809 quomodo
2446 4742 2601 4809 igitur
2630 4742 2776 4795 initio
2808 4742 3141 4811 pontificatus
3181 4744 3530 4797 Athanasium
3563 4744 3699 4797 inno-

2153 4824 2359 4864 centem
2390 4812 2840 4881 condemnaverit,
2872 4813 3184 4881 Arianisque
3215 4814 3699 4867 communicaverit?

2153 4881 2362 4951 Tertio,
2404 4880 2642 4934 Liberius
2679 4882 2768 4934 illa
2823 4885 3075 4949 epistola,
3104 4880 3280 4951 quam
3323 4899 3461 4937 anno
3496 4882 3595 4938 554
3623 4898 3702 4947 per

2153 4950 2437 5003 secundam
2472 4953 2783 5017 legationem
2826 4954 3065 5018 scripsit,
3101 4950 3163 5007 ae
3188 4954 3329 5005 misit
3364 4953 3427 5006 ad
3461 4955 3699 5006 Constan-

2156 5020 2316 5091 tium,
2353 5019 2691 5072 Athanasium
2723 5020 2983 5091 defendit,
3024 5022 3447 5091 Arianorumque
3482 5038 3698 5075 comnm-

2156 5090 2366 5161 nionem
2413 5103 2748 5161 summopere
2790 5090 3084 5144 detestatur
3119 5110 3131 5144 :
3177 5108 3295 5161 qua:
3336 5106 3467 5146 Sane
3509 5092 3570 5144 ab
3605 5093 3701 5157 ipso

2154 5157 2441 5238 prudenter
2480 5159 2649 5238 scribi.
2684 5174 2785 5211 non
2830 5162 3170 5238 potuis_sent_._
3195 5157 3241 5215 si
3280 5162 3572 5238 jam_sedis
3608 5176 3701 5238 suae

2157 5226 2305 5300 initio
2331 5242 2469 5300 eum
2515 5226 2941 5300 condenitiasqet.
2984 5230 3233 5295 Accedit,
3276 5226 3417 5300 quod
3466 5233 3562 5285 hac
3608 5232 3703 5299 ipsa

2158 5298 2376 5363 epistola
2403 5296 2469 5350 ad
2523 5298 2807 5369 orientales
2856 5300 3047 5369 scripta
3098 5296 3345 5366 fateatur,
3374 5316 3455 5363 se,
3483 5296 3705 5369 quodie-

2154 5376 2298 5418 cerat
2353 5375 2471 5418 ante
2523 5368 2880 5434 prtedeceswr
2924 5368 3131 5433 Julius,
3177 5368 3522 5423 Athanasium
3559 5384 3703 5435 usque

2156 5435 2220 5486 ad
2251 5436 2495 5487 ultimum
2519 5451 2710 5489 annum
2735 5440 2967 5491 suiexilii
2992 5454 3202 5505 semper
3222 5439 3545 5493 defendisse.
3568 5442 3707 5492 Coni-

2153 5506 2577 5577 mentumitaque
2591 5521 2706 5560 esse
2724 5507 3304 5574 oportet,Athanasium
3320 5511 3574 5574 principio
3589 5524 3704 5577 pon-

2152 5573 2376 5647 tificatus
2410 5574 2597 5647 Liberii
2616 5573 3245 5647 communioneecclesiaa
3264 5573 3536 5634 catholica:
3558 5573 3706 5647 priva-

2151 5650 2261 5699 tum
2290 5644 2467 5699 fuisse.
2500 5644 2622 5701 Haec
2648 5645 2839 5703 Baron.
2862 5646 3112 5719 pracdicto
3137 5648 3275 5706 loco.
3299 5649 3496 5707 Seven.
3526 5644 3703 5706 Bittius.
