  <div class='ocr_page' id='page_1' title='image "/cluster/home/n/w/nwhite01/storage/ocr_20150623/8/uva.x000826528/706.png"; bbox 0 0 3910 6212; ppageno 0'>
   <div class='ocr_carea' id='block_1_1' title="bbox 236 275 1829 356">
    <p class='ocr_par' dir='ltr' id='par_1_1' title="bbox 236 275 1818 334">
     <span class='ocr_line' id='line_1_1' title="bbox 236 275 1818 334; baseline 0.004 -7"><span class='ocrx_word' id='word_1_1' title='bbox 236 275 261 327; x_wconf 74' lang='grc'><strong>1</strong></span> <span class='ocrx_word' id='word_1_2' title='bbox 274 275 377 330; x_wconf 77' lang='lat'><strong>397</strong></span> <span class='ocrx_word' id='word_1_3' title='bbox 1070 275 1422 334; x_wconf 66' lang='lat' dir='ltr'><strong>EPISTOLE</strong></span> <span class='ocrx_word' id='word_1_4' title='bbox 1481 280 1517 333; x_wconf 84' lang='lat' dir='ltr'><strong>A</strong></span> <span class='ocrx_word' id='word_1_5' title='bbox 1529 276 1818 334; x_wconf 68' lang='grc' dir='ltr'><strong>ΜαξΣΒΕᾸΞ</strong></span> 
     </span>
    </p>
   </div>
   <div class='ocr_carea' id='block_1_2' title="bbox 1936 275 3495 356">
    <p class='ocr_par' dir='ltr' id='par_1_2' title="bbox 1936 279 3495 356">
     <span class='ocr_line' id='line_1_2' title="bbox 1936 279 3495 356; baseline 0.014 -22"><span class='ocrx_word' id='word_1_6' title='bbox 1936 279 2102 339; x_wconf 83' lang='lat' dir='ltr'><strong>BERII</strong></span> <span class='ocrx_word' id='word_1_7' title='bbox 2142 284 2230 340; x_wconf 85' lang='lat' dir='ltr'><strong>ET</strong></span> <span class='ocrx_word' id='word_1_8' title='bbox 2270 287 2652 347; x_wconf 77' lang='lat' dir='ltr'><strong>ATHANASII.</strong></span> <span class='ocrx_word' id='word_1_9' title='bbox 3357 301 3495 356; x_wconf 76' lang='grc'><strong>1598</strong></span> 
     </span>
    </p>
   </div>
   <div class='ocr_carea' id='block_1_3' title="bbox 229 389 1829 481">
    <p class='ocr_par' dir='ltr' id='par_1_3' title="bbox 229 389 1800 458">
     <span class='ocr_line' id='line_1_3' title="bbox 229 389 1800 458; baseline 0.001 -15"><span class='ocrx_word' id='word_1_10' title='bbox 229 404 339 443; x_wconf 87' lang='lat' dir='ltr'><strong>una</strong></span> <span class='ocrx_word' id='word_1_11' title='bbox 365 403 485 444; x_wconf 92' lang='lat' dir='ltr'><strong>cum</strong></span> <span class='ocrx_word' id='word_1_12' title='bbox 515 389 622 443; x_wconf 89' lang='lat' dir='ltr'><strong>Deo</strong></span> <span class='ocrx_word' id='word_1_13' title='bbox 649 398 702 442; x_wconf 90' lang='lat' dir='ltr'><strong>et</strong></span> <span class='ocrx_word' id='word_1_14' title='bbox 727 389 903 453; x_wconf 81' lang='lat' dir='ltr'><strong>Patre,</strong></span> <span class='ocrx_word' id='word_1_15' title='bbox 934 399 987 444; x_wconf 90' lang='lat' dir='ltr'><strong>et</strong></span> <span class='ocrx_word' id='word_1_16' title='bbox 1017 391 1133 445; x_wconf 90' lang='lat' dir='ltr'><strong>sine</strong></span> <span class='ocrx_word' id='word_1_17' title='bbox 1160 389 1260 443; x_wconf 91' lang='lat' dir='ltr'><strong>ﬁne</strong></span> <span class='ocrx_word' id='word_1_18' title='bbox 1288 391 1570 458; x_wconf 88' lang='lat' dir='ltr'><strong>imperium</strong></span> <span class='ocrx_word' id='word_1_19' title='bbox 1598 390 1800 445; x_wconf 83' lang='lat' dir='ltr'><strong>habens</strong></span> 
     </span>
    </p>
   </div>
   <div class='ocr_carea' id='block_1_4' title="bbox 1936 389 3490 481">
    <p class='ocr_par' dir='ltr' id='par_1_4' title="bbox 1936 402 3490 481">
     <span class='ocr_line' id='line_1_4' title="bbox 1936 402 3490 481; baseline 0.011 -31"><span class='ocrx_word' id='word_1_20' title='bbox 1936 402 2086 471; x_wconf 63' lang='grc' dir='ltr'>πατρί,</span> <span class='ocrx_word' id='word_1_21' title='bbox 2114 403 2198 454; x_wconf 75' lang='grc' dir='ltr'><strong>καὶ</strong></span> <span class='ocrx_word' id='word_1_22' title='bbox 2223 403 2634 465; x_wconf 63' lang='grc' dir='ltr'>ἀκαταπαύστως</span> <span class='ocrx_word' id='word_1_23' title='bbox 2676 410 2735 460; x_wconf 86' lang='grc' dir='ltr'>τὸ</span> <span class='ocrx_word' id='word_1_24' title='bbox 2780 409 3032 478; x_wconf 83' lang='grc' dir='ltr'>βασίλειον</span> <span class='ocrx_word' id='word_1_25' title='bbox 3073 413 3213 481; x_wconf 77' lang='grc' dir='ltr'>ἔχων</span> <span class='ocrx_word' id='word_1_26' title='bbox 3259 413 3329 471; x_wconf 83' lang='grc' dir='ltr'>εἰς</span> <span class='ocrx_word' id='word_1_27' title='bbox 3370 417 3490 473; x_wconf 76' lang='grc' dir='ltr'>τοὺς</span> 
     </span>
    </p>
   </div>
   <div class='ocr_carea' id='block_1_5' title="bbox 229 480 1806 551">
    <p class='ocr_par' dir='ltr' id='par_1_5' title="bbox 229 480 1806 551">
     <span class='ocr_line' id='line_1_5' title="bbox 229 480 1806 551; baseline 0.001 -16"><span class='ocrx_word' id='word_1_28' title='bbox 229 495 335 549; x_wconf 87' lang='lat' dir='ltr'><strong>per</strong></span> <span class='ocrx_word' id='word_1_29' title='bbox 363 480 567 534; x_wconf 87' lang='lat' dir='ltr'><strong>inﬁnita</strong></span> <span class='ocrx_word' id='word_1_30' title='bbox 598 481 814 545; x_wconf 76' lang='lat' dir='ltr'><strong>saecula,</strong></span> <span class='ocrx_word' id='word_1_31' title='bbox 840 497 1015 536; x_wconf 91' lang='lat' dir='ltr'><strong>amen.</strong></span> <span class='ocrx_word' id='word_1_32' title='bbox 1047 481 1175 535; x_wconf 88' lang='lat' dir='ltr'><strong>Item</strong></span> <span class='ocrx_word' id='word_1_33' title='bbox 1202 481 1520 551; x_wconf 83' lang='lat' dir='ltr'><strong>(credimus)</strong></span> <span class='ocrx_word' id='word_1_34' title='bbox 1549 483 1806 551; x_wconf 91' lang='lat' dir='ltr'><strong>Spiritum</strong></span> 
     </span>
    </p>
   </div>
   <div class='ocr_carea' id='block_1_6' title="bbox 227 571 1808 631">
    <p class='ocr_par' dir='ltr' id='par_1_6' title="bbox 227 571 1808 631">
     <span class='ocr_line' id='line_1_6' title="bbox 227 571 1808 631; baseline 0.005 -7"><span class='ocrx_word' id='word_1_35' title='bbox 227 580 478 625; x_wconf 79' lang='lat' dir='ltr'><strong>sanctum</strong></span> <span class='ocrx_word' id='word_1_36' title='bbox 520 586 641 625; x_wconf 86' lang='lat' dir='ltr'><strong>vere</strong></span> <span class='ocrx_word' id='word_1_37' title='bbox 679 586 741 626; x_wconf 75' lang='lat' dir='ltr'><strong>ex</strong></span> <span class='ocrx_word' id='word_1_38' title='bbox 776 572 882 626; x_wconf 85' lang='lat' dir='ltr'><strong>Deo</strong></span> <span class='ocrx_word' id='word_1_39' title='bbox 905 571 1196 626; x_wconf 90' lang='lat' dir='ltr'><strong>secundum</strong></span> <span class='ocrx_word' id='word_1_40' title='bbox 1244 583 1487 627; x_wconf 87' lang='lat' dir='ltr'><strong>naturam</strong></span> <span class='ocrx_word' id='word_1_41' title='bbox 1532 584 1587 628; x_wconf 90' lang='lat' dir='ltr'><strong>et</strong></span> <span class='ocrx_word' id='word_1_42' title='bbox 1623 584 1808 631; x_wconf 89' lang='lat' dir='ltr'><strong>natura</strong></span> 
     </span>
    </p>
   </div>
   <div class='ocr_carea' id='block_1_7' title="bbox 233 661 1808 734">
    <p class='ocr_par' dir='ltr' id='par_1_7' title="bbox 233 661 1808 734">
     <span class='ocr_line' id='line_1_7' title="bbox 233 661 1808 734; baseline 0.004 -19"><span class='ocrx_word' id='word_1_43' title='bbox 233 661 430 727; x_wconf 91' lang='lat' dir='ltr'><strong>Deum,</strong></span> <span class='ocrx_word' id='word_1_44' title='bbox 465 662 747 716; x_wconf 77' lang='lat' dir='ltr'><strong>indivisum</strong></span> <span class='ocrx_word' id='word_1_45' title='bbox 772 678 799 714; x_wconf 89' lang='lat' dir='ltr'><strong>a</strong></span> <span class='ocrx_word' id='word_1_46' title='bbox 826 662 934 717; x_wconf 90' lang='lat' dir='ltr'><strong>Deo</strong></span> <span class='ocrx_word' id='word_1_47' title='bbox 964 663 1255 718; x_wconf 90' lang='lat' dir='ltr'><strong>secundum</strong></span> <span class='ocrx_word' id='word_1_48' title='bbox 1277 679 1459 718; x_wconf 90' lang='lat' dir='ltr'><strong>sacras</strong></span> <span class='ocrx_word' id='word_1_49' title='bbox 1486 665 1808 734; x_wconf 86' lang='lat' dir='ltr'><strong>Scripturas;</strong></span> 
     </span>
    </p>
   </div>
   <div class='ocr_carea' id='block_1_8' title="bbox 233 751 1812 824">
    <p class='ocr_par' dir='ltr' id='par_1_8' title="bbox 233 751 1812 824">
     <span class='ocr_line' id='line_1_8' title="bbox 233 751 1812 824; baseline 0.003 -18"><span class='ocrx_word' id='word_1_50' title='bbox 233 752 310 806; x_wconf 86' lang='lat' dir='ltr'><strong>ita</strong></span> <span class='ocrx_word' id='word_1_51' title='bbox 344 761 400 806; x_wconf 87' lang='lat' dir='ltr'><strong>ut</strong></span> <span class='ocrx_word' id='word_1_52' title='bbox 443 752 511 806; x_wconf 91' lang='lat' dir='ltr'><strong>sit</strong></span> <span class='ocrx_word' id='word_1_53' title='bbox 551 767 673 808; x_wconf 87' lang='lat' dir='ltr'><strong>vere</strong></span> <span class='ocrx_word' id='word_1_54' title='bbox 701 751 880 818; x_wconf 88' lang='lat' dir='ltr'><strong>Pater,</strong></span> <span class='ocrx_word' id='word_1_55' title='bbox 910 768 1032 808; x_wconf 87' lang='lat' dir='ltr'><strong>vere</strong></span> <span class='ocrx_word' id='word_1_56' title='bbox 1076 752 1239 808; x_wconf 81' lang='lat' dir='ltr'><strong>Filius</strong></span> <span class='ocrx_word' id='word_1_57' title='bbox 1264 795 1278 816; x_wconf 87' lang='lat'><strong>,</strong></span> <span class='ocrx_word' id='word_1_58' title='bbox 1318 763 1372 809; x_wconf 89' lang='lat' dir='ltr'><strong>et</strong></span> <span class='ocrx_word' id='word_1_59' title='bbox 1415 770 1537 810; x_wconf 87' lang='lat' dir='ltr'><strong>vere</strong></span> <span class='ocrx_word' id='word_1_60' title='bbox 1581 756 1812 824; x_wconf 77' lang='lat' dir='ltr'><strong>Spiritus</strong></span> 
     </span>
    </p>
   </div>
   <div class='ocr_carea' id='block_1_9' title="bbox 233 841 1805 917">
    <p class='ocr_par' dir='ltr' id='par_1_9' title="bbox 233 841 1805 917">
     <span class='ocr_line' id='line_1_9' title="bbox 233 841 1805 917; baseline 0.004 -23"><span class='ocrx_word' id='word_1_61' title='bbox 233 841 819 912; x_wconf 67' lang='lat' dir='ltr'><strong>sanctusNetitumque</strong></span> <span class='ocrx_word' id='word_1_62' title='bbox 848 853 929 897; x_wconf 90' lang='lat' dir='ltr'><strong>est</strong></span> <span class='ocrx_word' id='word_1_63' title='bbox 956 843 1055 896; x_wconf 90' lang='lat' dir='ltr'><strong>sub</strong></span> <span class='ocrx_word' id='word_1_64' title='bbox 1083 844 1435 899; x_wconf 87' lang='lat' dir='ltr'><strong>anathematis</strong></span> <span class='ocrx_word' id='word_1_65' title='bbox 1461 860 1613 914; x_wconf 76' lang='lat' dir='ltr'><strong>pcnna</strong></span> <span class='ocrx_word' id='word_1_66' title='bbox 1637 847 1805 917; x_wconf 92' lang='lat' dir='ltr'><strong>quod-</strong></span> 
     </span>
    </p>
   </div>
   <div class='ocr_carea' id='block_1_10' title="bbox 236 933 1811 1004">
    <p class='ocr_par' dir='ltr' id='par_1_10' title="bbox 236 933 1811 1004">
     <span class='ocr_line' id='line_1_10' title="bbox 236 933 1811 1004; baseline 0.003 -16"><span class='ocrx_word' id='word_1_67' title='bbox 236 933 374 988; x_wconf 89' lang='lat' dir='ltr'><strong>libet</strong></span> <span class='ocrx_word' id='word_1_68' title='bbox 417 949 611 988; x_wconf 85' lang='lat' dir='ltr'><strong>nomen</strong></span> <span class='ocrx_word' id='word_1_69' title='bbox 653 949 682 988; x_wconf 88' lang='lat' dir='ltr'><strong>a</strong></span> <span class='ocrx_word' id='word_1_70' title='bbox 716 936 924 1004; x_wconf 87' lang='lat' dir='ltr'><strong>propria</strong></span> <span class='ocrx_word' id='word_1_71' title='bbox 957 935 1346 1004; x_wconf 83' lang='lat' dir='ltr'><strong>signiﬁcatione</strong></span> <span class='ocrx_word' id='word_1_72' title='bbox 1384 937 1707 1003; x_wconf 70' lang='lat' dir='ltr'><strong>transferre;</strong></span> <span class='ocrx_word' id='word_1_73' title='bbox 1743 939 1811 992; x_wconf 90' lang='lat' dir='ltr'><strong>ita</strong></span> 
     </span>
    </p>
   </div>
   <div class='ocr_carea' id='block_1_11' title="bbox 233 1024 1813 1090">
    <p class='ocr_par' dir='ltr' id='par_1_11' title="bbox 233 1024 1813 1090">
     <span class='ocr_line' id='line_1_11' title="bbox 233 1024 1813 1090; baseline 0.003 -12"><span class='ocrx_word' id='word_1_74' title='bbox 233 1034 298 1078; x_wconf 93' lang='lat' dir='ltr'><strong>ut</strong></span> <span class='ocrx_word' id='word_1_75' title='bbox 320 1024 555 1078; x_wconf 80' lang='lat' dir='ltr'><strong>Trinitas</strong></span> <span class='ocrx_word' id='word_1_76' title='bbox 584 1025 652 1080; x_wconf 87' lang='lat' dir='ltr'><strong>sit</strong></span> <span class='ocrx_word' id='word_1_77' title='bbox 698 1041 824 1080; x_wconf 91' lang='lat' dir='ltr'><strong>vere</strong></span> <span class='ocrx_word' id='word_1_78' title='bbox 859 1027 1092 1080; x_wconf 81' lang='lat' dir='ltr'><strong>Trinitas</strong></span> <span class='ocrx_word' id='word_1_79' title='bbox 1131 1027 1182 1080; x_wconf 91' lang='lat' dir='ltr'><strong>in</strong></span> <span class='ocrx_word' id='word_1_80' title='bbox 1215 1040 1317 1080; x_wconf 90' lang='lat' dir='ltr'><strong>una</strong></span> <span class='ocrx_word' id='word_1_81' title='bbox 1360 1026 1557 1081; x_wconf 89' lang='lat' dir='ltr'><strong>deitate</strong></span> <span class='ocrx_word' id='word_1_82' title='bbox 1580 1069 1594 1090; x_wconf 88' lang='lat'><strong>,</strong></span> <span class='ocrx_word' id='word_1_83' title='bbox 1625 1028 1678 1082; x_wconf 91' lang='lat' dir='ltr'><strong>in</strong></span> <span class='ocrx_word' id='word_1_84' title='bbox 1711 1045 1813 1083; x_wconf 91' lang='lat' dir='ltr'><strong>una</strong></span> 
     </span>
    </p>
   </div>
   <div class='ocr_carea' id='block_1_12' title="bbox 233 1117 1815 1186">
    <p class='ocr_par' dir='ltr' id='par_1_12' title="bbox 233 1117 1815 1186">
     <span class='ocr_line' id='line_1_12' title="bbox 233 1117 1815 1186; baseline 0.004 -17"><span class='ocrx_word' id='word_1_85' title='bbox 233 1125 526 1186; x_wconf 82' lang='lat' dir='ltr'><strong>potestate,</strong></span> <span class='ocrx_word' id='word_1_86' title='bbox 560 1117 610 1170; x_wconf 89' lang='lat' dir='ltr'><strong>in</strong></span> <span class='ocrx_word' id='word_1_87' title='bbox 641 1133 741 1170; x_wconf 88' lang='lat' dir='ltr'><strong>una</strong></span> <span class='ocrx_word' id='word_1_88' title='bbox 779 1120 1038 1186; x_wconf 77' lang='lat' dir='ltr'><strong>essentia,</strong></span> <span class='ocrx_word' id='word_1_89' title='bbox 1070 1128 1124 1172; x_wconf 90' lang='lat' dir='ltr'><strong>et</strong></span> <span class='ocrx_word' id='word_1_90' title='bbox 1155 1119 1204 1171; x_wconf 92' lang='lat' dir='ltr'><strong>in</strong></span> <span class='ocrx_word' id='word_1_91' title='bbox 1235 1135 1336 1173; x_wconf 92' lang='lat' dir='ltr'><strong>una</strong></span> <span class='ocrx_word' id='word_1_92' title='bbox 1365 1119 1681 1174; x_wconf 81' lang='lat' dir='ltr'><strong>substantia.</strong></span> <span class='ocrx_word' id='word_1_93' title='bbox 1712 1122 1815 1176; x_wconf 85' lang='lat' dir='ltr'><strong>Ne-</strong></span> 
     </span>
    </p>
   </div>
   <div class='ocr_carea' id='block_1_13' title="bbox 239 1231 1814 1302">
    <p class='ocr_par' dir='ltr' id='par_1_13' title="bbox 239 1231 1814 1302">
     <span class='ocr_line' id='line_1_13' title="bbox 239 1231 1814 1302; baseline 0.003 -18"><span class='ocrx_word' id='word_1_94' title='bbox 239 1245 506 1300; x_wconf 82' lang='lat' dir='ltr'><strong>quaquam</strong></span> <span class='ocrx_word' id='word_1_95' title='bbox 543 1231 682 1286; x_wconf 90' lang='lat' dir='ltr'><strong>enim</strong></span> <span class='ocrx_word' id='word_1_96' title='bbox 712 1231 963 1286; x_wconf 83' lang='lat' dir='ltr'><strong>dividitur</strong></span> <span class='ocrx_word' id='word_1_97' title='bbox 992 1232 1158 1286; x_wconf 85' lang='lat' dir='ltr'><strong>Filius</strong></span> <span class='ocrx_word' id='word_1_98' title='bbox 1188 1247 1360 1302; x_wconf 85' lang='lat' dir='ltr'><strong>neque</strong></span> <span class='ocrx_word' id='word_1_99' title='bbox 1398 1233 1629 1302; x_wconf 74' lang='lat' dir='ltr'><strong>Spiritus</strong></span> <span class='ocrx_word' id='word_1_100' title='bbox 1658 1250 1814 1289; x_wconf 80' lang='lat' dir='ltr'><strong>sanc-</strong></span> 
     </span>
    </p>
   </div>
   <div class='ocr_carea' id='block_1_14' title="bbox 245 1325 1821 1395">
    <p class='ocr_par' dir='ltr' id='par_1_14' title="bbox 245 1325 1821 1395">
     <span class='ocr_line' id='line_1_14' title="bbox 245 1325 1821 1395; baseline 0.003 -17"><span class='ocrx_word' id='word_1_101' title='bbox 245 1333 334 1378; x_wconf 91' lang='lat' dir='ltr'><strong>tus</strong></span> <span class='ocrx_word' id='word_1_102' title='bbox 355 1337 387 1376; x_wconf 90' lang='lat' dir='ltr'><strong>a</strong></span> <span class='ocrx_word' id='word_1_103' title='bbox 418 1337 634 1392; x_wconf 87' lang='lat' dir='ltr'><strong>paterna</strong></span> <span class='ocrx_word' id='word_1_104' title='bbox 669 1325 962 1379; x_wconf 85' lang='lat' dir='ltr'><strong>substantia</strong></span> <span class='ocrx_word' id='word_1_105' title='bbox 987 1367 1000 1390; x_wconf 90' lang='lat'><strong>,</strong></span> <span class='ocrx_word' id='word_1_106' title='bbox 1030 1341 1147 1395; x_wconf 65' lang='lat' dir='ltr'><strong>quae</strong></span> <span class='ocrx_word' id='word_1_107' title='bbox 1179 1327 1364 1394; x_wconf 84' lang='lat' dir='ltr'><strong>implet</strong></span> <span class='ocrx_word' id='word_1_108' title='bbox 1404 1329 1595 1381; x_wconf 65' lang='lat' dir='ltr'><strong>caelum</strong></span> <span class='ocrx_word' id='word_1_109' title='bbox 1627 1337 1680 1381; x_wconf 89' lang='lat' dir='ltr'><strong>et</strong></span> <span class='ocrx_word' id='word_1_110' title='bbox 1712 1338 1821 1383; x_wconf 82' lang='lat' dir='ltr'><strong>ter-</strong></span> 
     </span>
    </p>
   </div>
   <div class='ocr_carea' id='block_1_15' title="bbox 236 1414 1815 1486">
    <p class='ocr_par' dir='ltr' id='par_1_15' title="bbox 236 1414 1815 1486">
     <span class='ocr_line' id='line_1_15' title="bbox 236 1414 1815 1486; baseline 0.001 -17"><span class='ocrx_word' id='word_1_111' title='bbox 236 1429 377 1469; x_wconf 85' lang='lat' dir='ltr'><strong>ram.</strong></span> <span class='ocrx_word' id='word_1_112' title='bbox 411 1414 507 1468; x_wconf 85' lang='lat' dir='ltr'><strong>Est</strong></span> <span class='ocrx_word' id='word_1_113' title='bbox 538 1415 728 1485; x_wconf 90' lang='lat' dir='ltr'><strong>igitur,</strong></span> <span class='ocrx_word' id='word_1_114' title='bbox 760 1418 834 1469; x_wconf 91' lang='lat' dir='ltr'><strong>uti</strong></span> <span class='ocrx_word' id='word_1_115' title='bbox 862 1431 1018 1486; x_wconf 85' lang='lat' dir='ltr'><strong>supra</strong></span> <span class='ocrx_word' id='word_1_116' title='bbox 1047 1416 1185 1479; x_wconf 82' lang='lat' dir='ltr'><strong>dixi,</strong></span> <span class='ocrx_word' id='word_1_117' title='bbox 1230 1417 1467 1472; x_wconf 87' lang='lat' dir='ltr'><strong>Trinitas</strong></span> <span class='ocrx_word' id='word_1_118' title='bbox 1512 1418 1734 1472; x_wconf 85' lang='lat' dir='ltr'><strong>indivisa</strong></span> <span class='ocrx_word' id='word_1_119' title='bbox 1764 1421 1815 1472; x_wconf 88' lang='lat' dir='ltr'><strong>in</strong></span> 
     </span>
    </p>
   </div>
   <div class='ocr_carea' id='block_1_16' title="bbox 235 1509 1813 1577">
    <p class='ocr_par' dir='ltr' id='par_1_16' title="bbox 235 1509 1813 1577">
     <span class='ocr_line' id='line_1_16' title="bbox 235 1509 1813 1577; baseline 0.003 -15"><span class='ocrx_word' id='word_1_120' title='bbox 235 1523 343 1562; x_wconf 91' lang='lat' dir='ltr'><strong>una</strong></span> <span class='ocrx_word' id='word_1_121' title='bbox 400 1509 696 1562; x_wconf 76' lang='lat' dir='ltr'><strong>substantia</strong></span> <span class='ocrx_word' id='word_1_122' title='bbox 737 1527 748 1561; x_wconf 88' lang='lat'><strong>:</strong></span> <span class='ocrx_word' id='word_1_123' title='bbox 792 1519 977 1577; x_wconf 86' lang='lat' dir='ltr'><strong>estque</strong></span> <span class='ocrx_word' id='word_1_124' title='bbox 1030 1509 1324 1562; x_wconf 87' lang='lat' dir='ltr'><strong>substantia</strong></span> <span class='ocrx_word' id='word_1_125' title='bbox 1371 1525 1556 1573; x_wconf 90' lang='lat' dir='ltr'><strong>unum,</strong></span> <span class='ocrx_word' id='word_1_126' title='bbox 1612 1510 1813 1566; x_wconf 90' lang='lat' dir='ltr'><strong>deitate</strong></span> 
     </span>
    </p>
   </div>
   <div class='ocr_carea' id='block_1_17' title="bbox 235 1601 1810 1671">
    <p class='ocr_par' dir='ltr' id='par_1_17' title="bbox 235 1601 1810 1671">
     <span class='ocr_line' id='line_1_17' title="bbox 235 1601 1810 1671; baseline 0.003 -18"><span class='ocrx_word' id='word_1_127' title='bbox 235 1614 428 1660; x_wconf 88' lang='lat' dir='ltr'><strong>unum,</strong></span> <span class='ocrx_word' id='word_1_128' title='bbox 457 1606 721 1668; x_wconf 67' lang='lat' dir='ltr'><strong>potestate</strong></span> <span class='ocrx_word' id='word_1_129' title='bbox 762 1616 920 1653; x_wconf 90' lang='lat' dir='ltr'><strong>unum</strong></span> <span class='ocrx_word' id='word_1_130' title='bbox 943 1641 957 1664; x_wconf 92' lang='lat'><strong>,</strong></span> <span class='ocrx_word' id='word_1_131' title='bbox 991 1615 1156 1671; x_wconf 81' lang='lat' dir='ltr'><strong>regno</strong></span> <span class='ocrx_word' id='word_1_132' title='bbox 1200 1616 1360 1653; x_wconf 89' lang='lat' dir='ltr'><strong>unum</strong></span> <span class='ocrx_word' id='word_1_133' title='bbox 1383 1641 1396 1664; x_wconf 88' lang='lat'><strong>,</strong></span> <span class='ocrx_word' id='word_1_134' title='bbox 1426 1601 1810 1670; x_wconf 83' lang='lat' dir='ltr'><strong>gloriﬁcatione</strong></span> 
     </span>
    </p>
   </div>
   <div class='ocr_carea' id='block_1_18' title="bbox 233 1689 1819 1762">
    <p class='ocr_par' dir='ltr' id='par_1_18' title="bbox 233 1689 1819 1762">
     <span class='ocr_line' id='line_1_18' title="bbox 233 1689 1819 1762; baseline 0.001 -18"><span class='ocrx_word' id='word_1_135' title='bbox 233 1705 426 1753; x_wconf 90' lang='lat' dir='ltr'><strong>unum,</strong></span> <span class='ocrx_word' id='word_1_136' title='bbox 460 1690 687 1760; x_wconf 78' lang='lat' dir='ltr'><strong>imagine</strong></span> <span class='ocrx_word' id='word_1_137' title='bbox 731 1690 806 1762; x_wconf 83' lang='lat' dir='ltr'><strong>(t)</strong></span> <span class='ocrx_word' id='word_1_138' title='bbox 863 1707 1044 1755; x_wconf 89' lang='lat' dir='ltr'><strong>unum,</strong></span> <span class='ocrx_word' id='word_1_139' title='bbox 1095 1689 1292 1758; x_wconf 82' lang='lat' dir='ltr'><strong>Spiritu</strong></span> <span class='ocrx_word' id='word_1_140' title='bbox 1343 1707 1542 1756; x_wconf 92' lang='lat' dir='ltr'><strong>unum;</strong></span> <span class='ocrx_word' id='word_1_141' title='bbox 1591 1691 1819 1760; x_wconf 84' lang='lat' dir='ltr'><strong>Spiritus</strong></span> 
     </span>
    </p>
   </div>
   <div class='ocr_carea' id='block_1_19' title="bbox 235 1781 1821 1852">
    <p class='ocr_par' dir='ltr' id='par_1_19' title="bbox 235 1781 1821 1852">
     <span class='ocr_line' id='line_1_19' title="bbox 235 1781 1821 1852; baseline 0.001 -16"><span class='ocrx_word' id='word_1_142' title='bbox 235 1796 468 1852; x_wconf 89' lang='lat' dir='ltr'><strong>namque</strong></span> <span class='ocrx_word' id='word_1_143' title='bbox 512 1797 615 1835; x_wconf 90' lang='lat' dir='ltr'><strong>non</strong></span> <span class='ocrx_word' id='word_1_144' title='bbox 656 1781 925 1836; x_wconf 77' lang='lat' dir='ltr'><strong>dividitur.</strong></span> <span class='ocrx_word' id='word_1_145' title='bbox 983 1781 1276 1837; x_wconf 80' lang='lat' dir='ltr'><strong>Auatliema</strong></span> <span class='ocrx_word' id='word_1_146' title='bbox 1320 1783 1478 1852; x_wconf 86' lang='lat' dir='ltr'><strong>igitur</strong></span> <span class='ocrx_word' id='word_1_147' title='bbox 1537 1785 1821 1851; x_wconf 90' lang='lat' dir='ltr'><strong>pronuntio</strong></span> 
     </span>
    </p>
   </div>
   <div class='ocr_carea' id='block_1_20' title="bbox 234 1872 1818 1945">
    <p class='ocr_par' dir='ltr' id='par_1_20' title="bbox 234 1872 1818 1945">
     <span class='ocr_line' id='line_1_20' title="bbox 234 1872 1818 1945; baseline 0.001 -19"><span class='ocrx_word' id='word_1_148' title='bbox 234 1873 289 1926; x_wconf 91' lang='lat' dir='ltr'><strong>in</strong></span> <span class='ocrx_word' id='word_1_149' title='bbox 319 1873 533 1928; x_wconf 81' lang='lat' dir='ltr'><strong>Sabellii</strong></span> <span class='ocrx_word' id='word_1_150' title='bbox 560 1882 614 1927; x_wconf 91' lang='lat' dir='ltr'><strong>et</strong></span> <span class='ocrx_word' id='word_1_151' title='bbox 643 1872 756 1927; x_wconf 78' lang='lat' dir='ltr'><strong>Arii</strong></span> <span class='ocrx_word' id='word_1_152' title='bbox 781 1873 991 1943; x_wconf 79' lang='lat' dir='ltr'><strong>dogma,</strong></span> <span class='ocrx_word' id='word_1_153' title='bbox 1023 1888 1228 1927; x_wconf 90' lang='lat' dir='ltr'><strong>necnon</strong></span> <span class='ocrx_word' id='word_1_154' title='bbox 1260 1874 1310 1926; x_wconf 93' lang='lat' dir='ltr'><strong>in</strong></span> <span class='ocrx_word' id='word_1_155' title='bbox 1366 1883 1518 1926; x_wconf 84' lang='lat' dir='ltr'><strong>antea</strong></span> <span class='ocrx_word' id='word_1_156' title='bbox 1559 1877 1818 1945; x_wconf 86' lang='lat' dir='ltr'><strong>proscrip-</strong></span> 
     </span>
    </p>
   </div>
   <div class='ocr_carea' id='block_1_21' title="bbox 234 1961 1820 2035">
    <p class='ocr_par' dir='ltr' id='par_1_21' title="bbox 234 1961 1820 2035">
     <span class='ocr_line' id='line_1_21' title="bbox 234 1961 1820 2035; baseline 0 -17"><span class='ocrx_word' id='word_1_157' title='bbox 234 1973 319 2019; x_wconf 86' lang='lat' dir='ltr'><strong>tas</strong></span> <span class='ocrx_word' id='word_1_158' title='bbox 350 1961 607 2028; x_wconf 66' lang='lat' dir='ltr'><strong>haereses,</strong></span> <span class='ocrx_word' id='word_1_159' title='bbox 635 1963 700 2015; x_wconf 85' lang='lat' dir='ltr'><strong>ad</strong></span> <span class='ocrx_word' id='word_1_160' title='bbox 748 1965 1125 2031; x_wconf 86' lang='lat' dir='ltr'><strong>sempiternum</strong></span> <span class='ocrx_word' id='word_1_161' title='bbox 1177 1964 1490 2035; x_wconf 86' lang='lat' dir='ltr'><strong>supplicium</strong></span> <span class='ocrx_word' id='word_1_162' title='bbox 1531 1965 1820 2018; x_wconf 88' lang='lat' dir='ltr'><strong>secundum</strong></span> 
     </span>
    </p>
   </div>
   <div class='ocr_carea' id='block_1_22' title="bbox 235 2050 1821 2123">
    <p class='ocr_par' dir='ltr' id='par_1_22' title="bbox 235 2050 1821 2123">
     <span class='ocr_line' id='line_1_22' title="bbox 235 2050 1821 2123; baseline -0.001 -11"><span class='ocrx_word' id='word_1_163' title='bbox 235 2050 537 2112; x_wconf 83' lang='lat' dir='ltr'><strong>Saivatoris</strong></span> <span class='ocrx_word' id='word_1_164' title='bbox 578 2070 781 2109; x_wconf 88' lang='lat' dir='ltr'><strong>vocem.</strong></span> <span class='ocrx_word' id='word_1_165' title='bbox 825 2055 884 2110; x_wconf 90' lang='lat' dir='ltr'><strong>Si</strong></span> <span class='ocrx_word' id='word_1_166' title='bbox 915 2056 1092 2123; x_wconf 77' lang='lat' dir='ltr'><strong>igitur,</strong></span> <span class='ocrx_word' id='word_1_167' title='bbox 1124 2055 1285 2111; x_wconf 76' lang='lat' dir='ltr'><strong>frater</strong></span> <span class='ocrx_word' id='word_1_168' title='bbox 1315 2056 1569 2110; x_wconf 86' lang='lat' dir='ltr'><strong>Athanasi</strong></span> <span class='ocrx_word' id='word_1_169' title='bbox 1596 2099 1609 2122; x_wconf 96' lang='lat'><strong>,</strong></span> <span class='ocrx_word' id='word_1_170' title='bbox 1641 2058 1689 2110; x_wconf 91' lang='lat' dir='ltr'><strong>in</strong></span> <span class='ocrx_word' id='word_1_171' title='bbox 1723 2056 1821 2111; x_wconf 90' lang='lat' dir='ltr'><strong>hac</strong></span> 
     </span>
    </p>
   </div>
   <div class='ocr_carea' id='block_1_23' title="bbox 233 2145 1822 2214">
    <p class='ocr_par' dir='ltr' id='par_1_23' title="bbox 233 2145 1822 2214">
     <span class='ocr_line' id='line_1_23' title="bbox 233 2145 1822 2214; baseline -0.001 -13"><span class='ocrx_word' id='word_1_172' title='bbox 233 2145 597 2210; x_wconf 78' lang='lat' dir='ltr'><strong>confessione,</strong></span> <span class='ocrx_word' id='word_1_173' title='bbox 626 2160 744 2214; x_wconf 78' lang='lat' dir='ltr'><strong>qua:</strong></span> <span class='ocrx_word' id='word_1_174' title='bbox 788 2147 898 2200; x_wconf 85' lang='lat' dir='ltr'><strong>sola</strong></span> <span class='ocrx_word' id='word_1_175' title='bbox 929 2155 982 2199; x_wconf 93' lang='lat' dir='ltr'><strong>et</strong></span> <span class='ocrx_word' id='word_1_176' title='bbox 1010 2161 1132 2200; x_wconf 87' lang='lat' dir='ltr'><strong>vera</strong></span> <span class='ocrx_word' id='word_1_177' title='bbox 1163 2145 1289 2201; x_wconf 88' lang='lat' dir='ltr'><strong>lides</strong></span> <span class='ocrx_word' id='word_1_178' title='bbox 1317 2157 1395 2200; x_wconf 90' lang='lat' dir='ltr'><strong>est</strong></span> <span class='ocrx_word' id='word_1_179' title='bbox 1443 2149 1491 2200; x_wconf 93' lang='lat' dir='ltr'><strong>in</strong></span> <span class='ocrx_word' id='word_1_180' title='bbox 1524 2158 1702 2201; x_wconf 75' lang='lat' dir='ltr'><strong>sant-ta</strong></span> <span class='ocrx_word' id='word_1_181' title='bbox 1734 2161 1822 2201; x_wconf 92' lang='lat' dir='ltr'><strong>ca-</strong></span> 
     </span>
    </p>
   </div>
   <div class='ocr_carea' id='block_1_24' title="bbox 234 2233 1823 2303">
    <p class='ocr_par' dir='ltr' id='par_1_24' title="bbox 234 2233 1823 2303">
     <span class='ocr_line' id='line_1_24' title="bbox 234 2233 1823 2303; baseline -0.001 -13"><span class='ocrx_word' id='word_1_182' title='bbox 234 2235 437 2290; x_wconf 88' lang='lat' dir='ltr'><strong>tholica</strong></span> <span class='ocrx_word' id='word_1_183' title='bbox 469 2244 522 2288; x_wconf 90' lang='lat' dir='ltr'><strong>et</strong></span> <span class='ocrx_word' id='word_1_184' title='bbox 546 2233 834 2303; x_wconf 83' lang='lat' dir='ltr'><strong>apostolica</strong></span> <span class='ocrx_word' id='word_1_185' title='bbox 888 2233 1145 2300; x_wconf 83' lang='lat' dir='ltr'><strong>Ecclesia,</strong></span> <span class='ocrx_word' id='word_1_186' title='bbox 1173 2250 1378 2289; x_wconf 88' lang='lat' dir='ltr'><strong>mecum</strong></span> <span class='ocrx_word' id='word_1_187' title='bbox 1405 2237 1708 2300; x_wconf 81' lang='lat' dir='ltr'><strong>censentis;</strong></span> <span class='ocrx_word' id='word_1_188' title='bbox 1731 2249 1823 2289; x_wconf 89' lang='lat' dir='ltr'><strong>co-</strong></span> 
     </span>
    </p>
   </div>
   <div class='ocr_carea' id='block_1_25' title="bbox 235 2327 1822 2398">
    <p class='ocr_par' dir='ltr' id='par_1_25' title="bbox 235 2327 1822 2398">
     <span class='ocr_line' id='line_1_25' title="bbox 235 2327 1822 2398; baseline -0.001 -14"><span class='ocrx_word' id='word_1_189' title='bbox 235 2343 352 2384; x_wconf 86' lang='lat' dir='ltr'><strong>ratn</strong></span> <span class='ocrx_word' id='word_1_190' title='bbox 379 2328 562 2398; x_wconf 86' lang='lat' dir='ltr'><strong>judice</strong></span> <span class='ocrx_word' id='word_1_191' title='bbox 597 2329 702 2383; x_wconf 89' lang='lat' dir='ltr'><strong>Deo</strong></span> <span class='ocrx_word' id='word_1_192' title='bbox 730 2339 783 2382; x_wconf 90' lang='lat' dir='ltr'><strong>et</strong></span> <span class='ocrx_word' id='word_1_193' title='bbox 811 2327 1046 2394; x_wconf 79' lang='lat' dir='ltr'><strong>Christo,</strong></span> <span class='ocrx_word' id='word_1_194' title='bbox 1077 2344 1280 2398; x_wconf 55' lang='lat' dir='ltr'><strong>quaso,</strong></span> <span class='ocrx_word' id='word_1_195' title='bbox 1312 2328 1438 2382; x_wconf 87' lang='lat' dir='ltr'><strong>mihi</strong></span> <span class='ocrx_word' id='word_1_196' title='bbox 1465 2331 1747 2394; x_wconf 72' lang='lat' dir='ltr'><strong>rescribas,</strong></span> <span class='ocrx_word' id='word_1_197' title='bbox 1779 2331 1822 2383; x_wconf 92' lang='lat' dir='ltr'><strong>si</strong></span> 
     </span>
    </p>
   </div>
   <div class='ocr_carea' id='block_1_26' title="bbox 236 2419 1822 2490">
    <p class='ocr_par' dir='ltr' id='par_1_26' title="bbox 236 2419 1822 2490">
     <span class='ocr_line' id='line_1_26' title="bbox 236 2419 1822 2490; baseline -0.001 -16"><span class='ocrx_word' id='word_1_198' title='bbox 236 2419 464 2489; x_wconf 88' lang='lat' dir='ltr'><strong>perinde</strong></span> <span class='ocrx_word' id='word_1_199' title='bbox 509 2430 666 2490; x_wconf 88' lang='lat' dir='ltr'><strong>atque</strong></span> <span class='ocrx_word' id='word_1_200' title='bbox 713 2435 808 2475; x_wconf 90' lang='lat' dir='ltr'><strong>nos</strong></span> <span class='ocrx_word' id='word_1_201' title='bbox 839 2421 890 2475; x_wconf 93' lang='lat' dir='ltr'><strong>in</strong></span> <span class='ocrx_word' id='word_1_202' title='bbox 923 2435 1042 2475; x_wconf 84' lang='lat' dir='ltr'><strong>vera</strong></span> <span class='ocrx_word' id='word_1_203' title='bbox 1076 2419 1177 2475; x_wconf 86' lang='lat' dir='ltr'><strong>ﬁde</strong></span> <span class='ocrx_word' id='word_1_204' title='bbox 1205 2421 1435 2485; x_wconf 84' lang='lat' dir='ltr'><strong>sentias;</strong></span> <span class='ocrx_word' id='word_1_205' title='bbox 1466 2431 1519 2474; x_wconf 91' lang='lat' dir='ltr'><strong>ut</strong></span> <span class='ocrx_word' id='word_1_206' title='bbox 1546 2421 1822 2475; x_wconf 88' lang='lat' dir='ltr'><strong>conﬁden-</strong></span> 
     </span>
    </p>
   </div>
   <div class='ocr_carea' id='block_1_27' title="bbox 240 2512 1822 2582">
    <p class='ocr_par' dir='ltr' id='par_1_27' title="bbox 240 2512 1822 2582">
     <span class='ocr_line' id='line_1_27' title="bbox 240 2512 1822 2582; baseline 0 -16"><span class='ocrx_word' id='word_1_207' title='bbox 240 2523 324 2566; x_wconf 91' lang='lat' dir='ltr'><strong>ter</strong></span> <span class='ocrx_word' id='word_1_208' title='bbox 372 2521 425 2567; x_wconf 89' lang='lat' dir='ltr'><strong>et</strong></span> <span class='ocrx_word' id='word_1_209' title='bbox 471 2513 587 2567; x_wconf 90' lang='lat' dir='ltr'><strong>sine</strong></span> <span class='ocrx_word' id='word_1_210' title='bbox 635 2512 942 2568; x_wconf 88' lang='lat' dir='ltr'><strong>discrimine</strong></span> <span class='ocrx_word' id='word_1_211' title='bbox 977 2529 1094 2582; x_wconf 69' lang='lat' dir='ltr'><strong>quae</strong></span> <span class='ocrx_word' id='word_1_212' title='bbox 1140 2528 1296 2582; x_wconf 86' lang='lat' dir='ltr'><strong>rogas</strong></span> <span class='ocrx_word' id='word_1_213' title='bbox 1327 2522 1580 2581; x_wconf 62' lang='lat' dir='ltr'><strong>pra&#39;stare</strong></span> <span class='ocrx_word' id='word_1_214' title='bbox 1607 2516 1822 2581; x_wconf 85' lang='lat' dir='ltr'><strong>possim.</strong></span> 
     </span>
    </p>
   </div>
   <div class='ocr_carea' id='block_1_28' title="bbox 237 2603 1824 2673">
    <p class='ocr_par' dir='ltr' id='par_1_28' title="bbox 237 2603 1824 2673">
     <span class='ocr_line' id='line_1_28' title="bbox 237 2603 1824 2673; baseline -0.002 -12"><span class='ocrx_word' id='word_1_215' title='bbox 237 2605 374 2661; x_wconf 81' lang='lat' dir='ltr'><strong>illud</strong></span> <span class='ocrx_word' id='word_1_216' title='bbox 401 2603 559 2659; x_wconf 84' lang='lat' dir='ltr'><strong>etiam</strong></span> <span class='ocrx_word' id='word_1_217' title='bbox 591 2613 640 2658; x_wconf 88' lang='lat' dir='ltr'><strong>te</strong></span> <span class='ocrx_word' id='word_1_218' title='bbox 669 2619 771 2658; x_wconf 92' lang='lat' dir='ltr'><strong>non</strong></span> <span class='ocrx_word' id='word_1_219' title='bbox 817 2606 1060 2673; x_wconf 84' lang='lat' dir='ltr'><strong>ignorare</strong></span> <span class='ocrx_word' id='word_1_220' title='bbox 1091 2605 1284 2670; x_wconf 86' lang='lat' dir='ltr'><strong>velim,</strong></span> <span class='ocrx_word' id='word_1_221' title='bbox 1317 2605 1509 2659; x_wconf 86' lang='lat' dir='ltr'><strong>dilecte</strong></span> <span class='ocrx_word' id='word_1_222' title='bbox 1535 2646 1546 2668; x_wconf 94' lang='lat'><strong>,</strong></span> <span class='ocrx_word' id='word_1_223' title='bbox 1578 2607 1824 2659; x_wconf 89' lang='lat' dir='ltr'><strong>nimirum</strong></span> 
     </span>
    </p>
   </div>
   <div class='ocr_carea' id='block_1_29' title="bbox 237 2693 1826 2762">
    <p class='ocr_par' dir='ltr' id='par_1_29' title="bbox 237 2693 1826 2762">
     <span class='ocr_line' id='line_1_29' title="bbox 237 2693 1826 2762; baseline 0.003 -15"><span class='ocrx_word' id='word_1_224' title='bbox 237 2693 481 2748; x_wconf 83' lang='lat' dir='ltr'><strong>veritatis</strong></span> <span class='ocrx_word' id='word_1_225' title='bbox 517 2693 651 2748; x_wconf 89' lang='lat' dir='ltr'><strong>ﬁlios</strong></span> <span class='ocrx_word' id='word_1_226' title='bbox 695 2693 1038 2762; x_wconf 87' lang='lat' dir='ltr'><strong>impatibiiem</strong></span> <span class='ocrx_word' id='word_1_227' title='bbox 1091 2694 1341 2748; x_wconf 85' lang='lat' dir='ltr'><strong>deitatem</strong></span> <span class='ocrx_word' id='word_1_228' title='bbox 1390 2695 1664 2756; x_wconf 90' lang='lat' dir='ltr'><strong>conﬁteri.</strong></span> <span class='ocrx_word' id='word_1_229' title='bbox 1701 2712 1826 2751; x_wconf 83' lang='lat' dir='ltr'><strong>nec-</strong></span> 
     </span>
    </p>
   </div>
   <div class='ocr_carea' id='block_1_30' title="bbox 240 2786 1826 2857">
    <p class='ocr_par' dir='ltr' id='par_1_30' title="bbox 240 2786 1826 2857">
     <span class='ocr_line' id='line_1_30' title="bbox 240 2786 1826 2857; baseline 0 -15"><span class='ocrx_word' id='word_1_230' title='bbox 240 2802 349 2842; x_wconf 91' lang='lat' dir='ltr'><strong>non</strong></span> <span class='ocrx_word' id='word_1_231' title='bbox 381 2787 680 2841; x_wconf 82' lang='lat' dir='ltr'><strong>Adventum</strong></span> <span class='ocrx_word' id='word_1_232' title='bbox 717 2786 866 2842; x_wconf 89' lang='lat' dir='ltr'><strong>Verbi</strong></span> <span class='ocrx_word' id='word_1_233' title='bbox 899 2797 953 2841; x_wconf 88' lang='lat' dir='ltr'><strong>et</strong></span> <span class='ocrx_word' id='word_1_234' title='bbox 999 2788 1085 2841; x_wconf 76' lang='lat' dir='ltr'><strong>hei</strong></span> <span class='ocrx_word' id='word_1_235' title='bbox 1118 2788 1168 2841; x_wconf 91' lang='lat' dir='ltr'><strong>itt</strong></span> <span class='ocrx_word' id='word_1_236' title='bbox 1195 2803 1382 2851; x_wconf 80' lang='lat' dir='ltr'><strong>carne;</strong></span> <span class='ocrx_word' id='word_1_237' title='bbox 1412 2789 1499 2857; x_wconf 91' lang='lat' dir='ltr'><strong>qui</strong></span> <span class='ocrx_word' id='word_1_238' title='bbox 1542 2788 1826 2857; x_wconf 82' lang='lat' dir='ltr'><strong>perfectum</strong></span> 
     </span>
    </p>
   </div>
   <div class='ocr_carea' id='block_1_31' title="bbox 1915 489 3492 575">
    <p class='ocr_par' dir='ltr' id='par_1_31' title="bbox 1915 489 3492 575">
     <span class='ocr_line' id='line_1_31' title="bbox 1915 489 3492 575; baseline 0.011 -33"><span class='ocrx_word' id='word_1_239' title='bbox 1915 489 2278 551; x_wconf 75' lang='grc' dir='ltr'>ἀτελευτήτους</span> <span class='ocrx_word' id='word_1_240' title='bbox 2305 495 2512 559; x_wconf 81' lang='grc' dir='ltr'><strong>αἰῶνας,</strong></span> <span class='ocrx_word' id='word_1_241' title='bbox 2557 497 2706 567; x_wconf 82' lang='grc' dir='ltr'>ἀμήν⁶</span> <span class='ocrx_word' id='word_1_242' title='bbox 2736 501 2818 550; x_wconf 77' lang='grc' dir='ltr'><strong>καὶ</strong></span> <span class='ocrx_word' id='word_1_243' title='bbox 2861 499 2917 553; x_wconf 78' lang='grc' dir='ltr'>τὸ</span> <span class='ocrx_word' id='word_1_244' title='bbox 2942 506 3142 572; x_wconf 84' lang='grc' dir='ltr'>πνεῦμα</span> <span class='ocrx_word' id='word_1_245' title='bbox 3179 499 3231 554; x_wconf 77' lang='grc' dir='ltr'><strong>δὲ</strong></span> <span class='ocrx_word' id='word_1_246' title='bbox 3261 502 3317 556; x_wconf 86' lang='grc' dir='ltr'>τὸ</span> <span class='ocrx_word' id='word_1_247' title='bbox 3349 503 3492 575; x_wconf 84' lang='grc' dir='ltr'>ἅγιον</span> 
     </span>
    </p>
   </div>
   <div class='ocr_carea' id='block_1_32' title="bbox 1914 580 3488 671">
    <p class='ocr_par' dir='ltr' id='par_1_32' title="bbox 1914 580 3488 671">
     <span class='ocr_line' id='line_1_32' title="bbox 1914 580 3488 671; baseline 0.011 -37"><span class='ocrx_word' id='word_1_248' title='bbox 1914 580 2105 640; x_wconf 82' lang='grc' dir='ltr'>άληθῶς</span> <span class='ocrx_word' id='word_1_249' title='bbox 2131 584 2183 635; x_wconf 81' lang='grc' dir='ltr'><em>ἐκ</em></span> <span class='ocrx_word' id='word_1_250' title='bbox 2209 590 2302 637; x_wconf 88' lang='grc' dir='ltr'><strong>τοῦ</strong></span> <span class='ocrx_word' id='word_1_251' title='bbox 2329 587 2439 639; x_wconf 85' lang='grc' dir='ltr'>θεοῦ</span> <span class='ocrx_word' id='word_1_252' title='bbox 2468 589 2599 641; x_wconf 85' lang='grc' dir='ltr'>κατά</span> <span class='ocrx_word' id='word_1_253' title='bbox 2620 589 2767 660; x_wconf 72' lang='grc' dir='ltr'>φύσιν</span> <span class='ocrx_word' id='word_1_254' title='bbox 2793 600 2854 662; x_wconf 81' lang='grc' dir='ltr'>τῇ</span> <span class='ocrx_word' id='word_1_255' title='bbox 2883 593 3029 663; x_wconf 79' lang='grc' dir='ltr'>φύσει</span> <span class='ocrx_word' id='word_1_256' title='bbox 3058 594 3185 659; x_wconf 81' lang='grc' dir='ltr'>θεὸν,</span> <span class='ocrx_word' id='word_1_257' title='bbox 3216 596 3488 671; x_wconf 74' lang='grc' dir='ltr'><strong>ἀμέριστον</strong></span> 
     </span>
    </p>
   </div>
   <div class='ocr_carea' id='block_1_33' title="bbox 1915 670 3490 755">
    <p class='ocr_par' dir='ltr' id='par_1_33' title="bbox 1915 670 3490 755">
     <span class='ocr_line' id='line_1_33' title="bbox 1915 670 3490 755; baseline 0.013 -34"><span class='ocrx_word' id='word_1_258' title='bbox 1915 670 1966 724; x_wconf 77' lang='grc' dir='ltr'><em>ἐκ</em></span> <span class='ocrx_word' id='word_1_259' title='bbox 1992 676 2102 728; x_wconf 81' lang='grc' dir='ltr'>θεοῦ</span> <span class='ocrx_word' id='word_1_260' title='bbox 2137 676 2267 731; x_wconf 85' lang='grc' dir='ltr'>κατὰ</span> <span class='ocrx_word' id='word_1_261' title='bbox 2291 679 2383 736; x_wconf 87' lang='grc' dir='ltr'><strong>τάς</strong></span> <span class='ocrx_word' id='word_1_262' title='bbox 2411 676 2796 755; x_wconf 49' lang='grc' dir='ltr'>ἁγίαςῗγραφάς.</span> <span class='ocrx_word' id='word_1_263' title='bbox 2820 688 2908 735; x_wconf 91' lang='grc' dir='ltr'><strong>τοῦ</strong></span> <span class='ocrx_word' id='word_1_264' title='bbox 2932 678 3055 738; x_wconf 82' lang='grc' dir='ltr'>εἶναι</span> <span class='ocrx_word' id='word_1_265' title='bbox 3081 684 3269 746; x_wconf 82' lang='grc' dir='ltr'>άληθῶς</span> <span class='ocrx_word' id='word_1_266' title='bbox 3290 670 3373 740; x_wconf 85' lang='grc' dir='ltr'>τὸν</span> <span class='ocrx_word' id='word_1_267' title='bbox 3393 708 3490 741; x_wconf 87' lang='grc' dir='ltr'>πα-</span> 
     </span>
    </p>
   </div>
   <div class='ocr_carea' id='block_1_34' title="bbox 1914 764 3489 838">
    <p class='ocr_par' dir='ltr' id='par_1_34' title="bbox 1914 764 3489 838">
     <span class='ocr_line' id='line_1_34' title="bbox 1914 764 3489 838; baseline 0.008 -19"><span class='ocrx_word' id='word_1_268' title='bbox 1914 767 2054 837; x_wconf 85' lang='grc' dir='ltr'>τέρα,</span> <span class='ocrx_word' id='word_1_269' title='bbox 2085 770 2171 821; x_wconf 81' lang='grc' dir='ltr'>καί</span> <span class='ocrx_word' id='word_1_270' title='bbox 2195 775 2285 821; x_wconf 87' lang='grc' dir='ltr'><strong>τοῦ</strong></span> <span class='ocrx_word' id='word_1_271' title='bbox 2312 764 2436 823; x_wconf 81' lang='grc' dir='ltr'>εἶναι</span> <span class='ocrx_word' id='word_1_272' title='bbox 2464 770 2655 831; x_wconf 78' lang='grc' dir='ltr'>άληθῶς</span> <span class='ocrx_word' id='word_1_273' title='bbox 2687 774 2771 826; x_wconf 85' lang='grc' dir='ltr'>τὸν</span> <span class='ocrx_word' id='word_1_274' title='bbox 2800 775 2923 838; x_wconf 80' lang='grc' dir='ltr'>υἱὸν,</span> <span class='ocrx_word' id='word_1_275' title='bbox 2968 779 3048 828; x_wconf 80' lang='grc' dir='ltr'>καί</span> <span class='ocrx_word' id='word_1_276' title='bbox 3083 783 3171 830; x_wconf 87' lang='grc' dir='ltr'><strong>τοῦ</strong></span> <span class='ocrx_word' id='word_1_277' title='bbox 3201 773 3325 832; x_wconf 77' lang='grc' dir='ltr'>εἶναι</span> <span class='ocrx_word' id='word_1_278' title='bbox 3368 780 3489 838; x_wconf 86' lang='grc' dir='ltr'>άλη-</span> 
     </span>
    </p>
   </div>
   <div class='ocr_carea' id='block_1_35' title="bbox 1914 855 3490 940">
    <p class='ocr_par' dir='ltr' id='par_1_35' title="bbox 1914 855 3490 940">
     <span class='ocr_line' id='line_1_35' title="bbox 1914 855 3490 940; baseline 0.011 -33"><span class='ocrx_word' id='word_1_279' title='bbox 1914 857 2010 915; x_wconf 84' lang='grc' dir='ltr'>θῶς</span> <span class='ocrx_word' id='word_1_280' title='bbox 2046 857 2102 909; x_wconf 85' lang='grc' dir='ltr'>τὸ</span> <span class='ocrx_word' id='word_1_281' title='bbox 2143 855 2281 928; x_wconf 83' lang='grc' dir='ltr'>ἅγιον</span> <span class='ocrx_word' id='word_1_282' title='bbox 2326 865 2544 931; x_wconf 75' lang='grc' dir='ltr'>πνεῦμα,</span> <span class='ocrx_word' id='word_1_283' title='bbox 2591 862 2804 917; x_wconf 81' lang='grc' dir='ltr'>ἕκαστον</span> <span class='ocrx_word' id='word_1_284' title='bbox 2834 861 2990 934; x_wconf 79' lang='grc' dir='ltr'>ὄνομα</span> <span class='ocrx_word' id='word_1_285' title='bbox 3019 871 3087 935; x_wconf 79' lang='grc' dir='ltr'><strong><em>μή</em></strong></span> <span class='ocrx_word' id='word_1_286' title='bbox 3115 868 3490 940; x_wconf 73' lang='grc' dir='ltr'>μεταϐαλλόμει-</span> 
     </span>
    </p>
   </div>
   <div class='ocr_carea' id='block_1_36' title="bbox 1916 948 3490 1029">
    <p class='ocr_par' dir='ltr' id='par_1_36' title="bbox 1916 948 3490 1029">
     <span class='ocr_line' id='line_1_36' title="bbox 1916 948 3490 1029; baseline 0.009 -29"><span class='ocrx_word' id='word_1_287' title='bbox 1916 968 1996 1001; x_wconf 88' lang='grc' dir='ltr'><strong>νον</strong></span> <span class='ocrx_word' id='word_1_288' title='bbox 2048 948 2130 1000; x_wconf 85' lang='grc' dir='ltr'>ἐπί</span> <span class='ocrx_word' id='word_1_289' title='bbox 2177 950 2447 1020; x_wconf 83' lang='grc' dir='ltr'>άναθὲματι</span> <span class='ocrx_word' id='word_1_290' title='bbox 2493 953 2547 1005; x_wconf 76' lang='grc' dir='ltr'><strong><em>ἐκ</em></strong></span> <span class='ocrx_word' id='word_1_291' title='bbox 2599 962 2688 1013; x_wconf 84' lang='grc' dir='ltr'>τῆς</span> <span class='ocrx_word' id='word_1_292' title='bbox 2747 957 2935 1017; x_wconf 78' lang='grc' dir='ltr'><strong>οἰκείας</strong></span> <span class='ocrx_word' id='word_1_293' title='bbox 2989 957 3351 1029; x_wconf 76' lang='grc' dir='ltr'>ἕπονομασίας·</span> <span class='ocrx_word' id='word_1_294' title='bbox 3400 968 3490 1014; x_wconf 91' lang='grc' dir='ltr'><strong>τοῦ</strong></span> 
     </span>
    </p>
   </div>
   <div class='ocr_carea' id='block_1_37' title="bbox 1916 1037 3491 1122">
    <p class='ocr_par' dir='ltr' id='par_1_37' title="bbox 1916 1037 3491 1122">
     <span class='ocr_line' id='line_1_37' title="bbox 1916 1037 3491 1122; baseline 0.006 -27"><span class='ocrx_word' id='word_1_295' title='bbox 1916 1037 2037 1097; x_wconf 82' lang='grc' dir='ltr'>εἶναι</span> <span class='ocrx_word' id='word_1_296' title='bbox 2063 1046 2151 1099; x_wconf 73' lang='grc' dir='ltr'>τήν</span> <span class='ocrx_word' id='word_1_297' title='bbox 2177 1042 2360 1115; x_wconf 82' lang='grc' dir='ltr'>τριάδα</span> <span class='ocrx_word' id='word_1_298' title='bbox 2386 1044 2578 1105; x_wconf 82' lang='grc' dir='ltr'>άληθῶς</span> <span class='ocrx_word' id='word_1_299' title='bbox 2603 1045 2786 1122; x_wconf 81' lang='grc' dir='ltr'><strong>τριάδα</strong></span> <span class='ocrx_word' id='word_1_300' title='bbox 2816 1049 2864 1100; x_wconf 85' lang='grc' dir='ltr'>ἐν</span> <span class='ocrx_word' id='word_1_301' title='bbox 2905 1054 2999 1119; x_wconf 79' lang='grc' dir='ltr'><strong>μιᾷ</strong></span> <span class='ocrx_word' id='word_1_302' title='bbox 3051 1048 3265 1110; x_wconf 83' lang='grc' dir='ltr'>θεότητι,</span> <span class='ocrx_word' id='word_1_303' title='bbox 3311 1055 3393 1104; x_wconf 83' lang='grc' dir='ltr'>καί</span> <span class='ocrx_word' id='word_1_304' title='bbox 3442 1055 3491 1105; x_wconf 81' lang='grc' dir='ltr'>ἐν</span> 
     </span>
    </p>
   </div>
   <div class='ocr_carea' id='block_1_38' title="bbox 1917 1128 3496 1210">
    <p class='ocr_par' dir='ltr' id='par_1_38' title="bbox 1917 1128 3496 1210">
     <span class='ocr_line' id='line_1_38' title="bbox 1917 1128 3496 1210; baseline 0.007 -27"><span class='ocrx_word' id='word_1_305' title='bbox 1917 1138 2008 1202; x_wconf 81' lang='grc' dir='ltr'><strong>μιᾷ</strong></span> <span class='ocrx_word' id='word_1_306' title='bbox 2030 1128 2257 1202; x_wconf 82' lang='grc' dir='ltr'>δυνάμει.</span> <span class='ocrx_word' id='word_1_307' title='bbox 2285 1137 2368 1187; x_wconf 75' lang='grc' dir='ltr'>καί</span> <span class='ocrx_word' id='word_1_308' title='bbox 2398 1134 2448 1184; x_wconf 83' lang='grc' dir='ltr'>ἐν</span> <span class='ocrx_word' id='word_1_309' title='bbox 2472 1140 2563 1205; x_wconf 85' lang='grc' dir='ltr'><strong>μιᾷ</strong></span> <span class='ocrx_word' id='word_1_310' title='bbox 2589 1138 2758 1210; x_wconf 75' lang='grc' dir='ltr'>οὐσίᾳ.</span> <span class='ocrx_word' id='word_1_311' title='bbox 2790 1142 2873 1190; x_wconf 81' lang='grc' dir='ltr'>καί</span> <span class='ocrx_word' id='word_1_312' title='bbox 2897 1139 2944 1191; x_wconf 86' lang='grc' dir='ltr'>ἐν</span> <span class='ocrx_word' id='word_1_313' title='bbox 2972 1145 3065 1209; x_wconf 80' lang='grc' dir='ltr'><strong>μιᾷ</strong></span> <span class='ocrx_word' id='word_1_314' title='bbox 3093 1140 3403 1194; x_wconf 79' lang='grc' dir='ltr'><strong>ὑποστάσει·</strong></span> <span class='ocrx_word' id='word_1_315' title='bbox 3438 1143 3496 1193; x_wconf 80' lang='grc' dir='ltr'><strong>οῦ</strong></span> 
     </span>
    </p>
   </div>
   <div class='ocr_carea' id='block_1_39' title="bbox 1917 1221 3493 1302">
    <p class='ocr_par' dir='ltr' id='par_1_39' title="bbox 1917 1221 3493 1302">
     <span class='ocr_line' id='line_1_39' title="bbox 1917 1221 3493 1302; baseline 0.008 -31"><span class='ocrx_word' id='word_1_316' title='bbox 1917 1221 2016 1294; x_wconf 85' lang='grc' dir='ltr'><strong>γάρ</strong></span> <span class='ocrx_word' id='word_1_317' title='bbox 2051 1223 2309 1296; x_wconf 75' lang='grc' dir='ltr'><strong>μερίζεται</strong></span> <span class='ocrx_word' id='word_1_318' title='bbox 2336 1223 2485 1283; x_wconf 86' lang='grc' dir='ltr'><strong>ὁυὶὸς</strong></span> <span class='ocrx_word' id='word_1_319' title='bbox 2513 1224 2565 1276; x_wconf 82' lang='grc' dir='ltr'><strong>ἐκ</strong></span> <span class='ocrx_word' id='word_1_320' title='bbox 2593 1233 2683 1285; x_wconf 77' lang='grc' dir='ltr'><strong>τῆς</strong></span> <span class='ocrx_word' id='word_1_321' title='bbox 2710 1237 2958 1302; x_wconf 80' lang='grc' dir='ltr'><strong>πατρικῆς</strong></span> <span class='ocrx_word' id='word_1_322' title='bbox 2993 1230 3352 1292; x_wconf 78' lang='grc' dir='ltr'><strong>ὑποστάσεως,</strong></span> <span class='ocrx_word' id='word_1_323' title='bbox 3383 1229 3493 1285; x_wconf 78' lang='grc' dir='ltr'>οὐδὲ</span> 
     </span>
    </p>
   </div>
   <div class='ocr_carea' id='block_1_40' title="bbox 1916 1314 3497 1396">
    <p class='ocr_par' dir='ltr' id='par_1_40' title="bbox 1916 1314 3497 1396">
     <span class='ocr_line' id='line_1_40' title="bbox 1916 1314 3497 1396; baseline 0.006 -31"><span class='ocrx_word' id='word_1_324' title='bbox 1916 1314 1974 1366; x_wconf 87' lang='grc' dir='ltr'>τὸ</span> <span class='ocrx_word' id='word_1_325' title='bbox 2001 1320 2200 1384; x_wconf 86' lang='grc' dir='ltr'>πνεῦμα</span> <span class='ocrx_word' id='word_1_326' title='bbox 2233 1318 2290 1369; x_wconf 88' lang='grc' dir='ltr'>τὸ</span> <span class='ocrx_word' id='word_1_327' title='bbox 2322 1315 2486 1387; x_wconf 78' lang='grc' dir='ltr'>ἅγιον.</span> <span class='ocrx_word' id='word_1_328' title='bbox 2518 1325 2611 1377; x_wconf 79' lang='grc' dir='ltr'>τῆς</span> <span class='ocrx_word' id='word_1_329' title='bbox 2638 1320 2930 1395; x_wconf 75' lang='grc' dir='ltr'>πληρούσης</span> <span class='ocrx_word' id='word_1_330' title='bbox 2958 1322 3042 1376; x_wconf 86' lang='grc' dir='ltr'>τὸν</span> <span class='ocrx_word' id='word_1_331' title='bbox 3071 1324 3271 1396; x_wconf 76' lang='grc' dir='ltr'>οὐρανὸν</span> <span class='ocrx_word' id='word_1_332' title='bbox 3296 1326 3380 1376; x_wconf 80' lang='grc' dir='ltr'>καί</span> <span class='ocrx_word' id='word_1_333' title='bbox 3409 1329 3497 1380; x_wconf 71' lang='grc' dir='ltr'><strong>τήν</strong></span> 
     </span>
    </p>
   </div>
   <div class='ocr_carea' id='block_1_41' title="bbox 1917 1398 3497 1485">
    <p class='ocr_par' dir='ltr' id='par_1_41' title="bbox 1917 1398 3497 1485">
     <span class='ocr_line' id='line_1_41' title="bbox 1917 1398 3497 1485; baseline 0.008 -31"><span class='ocrx_word' id='word_1_334' title='bbox 1917 1412 2028 1474; x_wconf 82' lang='grc' dir='ltr'>γῆν.</span> <span class='ocrx_word' id='word_1_335' title='bbox 2062 1401 2197 1458; x_wconf 71' lang='grc' dir='ltr'>ἔστιν</span> <span class='ocrx_word' id='word_1_336' title='bbox 2222 1398 2307 1459; x_wconf 69' lang='grc' dir='ltr'>οὖν</span> <span class='ocrx_word' id='word_1_337' title='bbox 2333 1447 2346 1469; x_wconf 93' lang='grc'><strong>,</strong></span> <span class='ocrx_word' id='word_1_338' title='bbox 2400 1409 2560 1469; x_wconf 79' lang='grc' dir='ltr'>καθὼς</span> <span class='ocrx_word' id='word_1_339' title='bbox 2591 1417 2854 1478; x_wconf 81' lang='grc' dir='ltr'><strong>προεῖπον,</strong></span> <span class='ocrx_word' id='word_1_340' title='bbox 2905 1414 2935 1468; x_wconf 75' lang='grc' dir='ltr'>ἡ</span> <span class='ocrx_word' id='word_1_341' title='bbox 2977 1415 3119 1485; x_wconf 87' lang='grc' dir='ltr'>τριὰς</span> <span class='ocrx_word' id='word_1_342' title='bbox 3166 1413 3212 1465; x_wconf 83' lang='grc' dir='ltr'>ἐν</span> <span class='ocrx_word' id='word_1_343' title='bbox 3255 1418 3346 1483; x_wconf 83' lang='grc' dir='ltr'><strong>μιᾷ</strong></span> <span class='ocrx_word' id='word_1_344' title='bbox 3375 1413 3497 1466; x_wconf 82' lang='grc' dir='ltr'>ὐπο-</span> 
     </span>
    </p>
   </div>
   <div class='ocr_carea' id='block_1_42' title="bbox 1919 1493 3498 1575">
    <p class='ocr_par' dir='ltr' id='par_1_42' title="bbox 1919 1493 3498 1575">
     <span class='ocr_line' id='line_1_42' title="bbox 1919 1493 3498 1575; baseline 0.004 -29"><span class='ocrx_word' id='word_1_345' title='bbox 1919 1493 2101 1546; x_wconf 86' lang='grc' dir='ltr'>στάσει</span> <span class='ocrx_word' id='word_1_346' title='bbox 2148 1499 2216 1563; x_wconf 82' lang='grc' dir='ltr'><strong><em>μή</em></strong></span> <span class='ocrx_word' id='word_1_347' title='bbox 2246 1515 2305 1564; x_wconf 83' lang='grc' dir='ltr'><strong>με</strong></span> <span class='ocrx_word' id='word_1_348' title='bbox 2315 1499 2568 1569; x_wconf 78' lang='grc' dir='ltr'>ριζομίνη,</span> <span class='ocrx_word' id='word_1_349' title='bbox 2600 1501 2682 1550; x_wconf 81' lang='grc' dir='ltr'>καί</span> <span class='ocrx_word' id='word_1_350' title='bbox 2723 1508 2784 1573; x_wconf 74' lang='grc' dir='ltr'>τῇ</span> <span class='ocrx_word' id='word_1_351' title='bbox 2815 1501 2958 1573; x_wconf 76' lang='grc' dir='ltr'>οὐσίᾳ</span> <span class='ocrx_word' id='word_1_352' title='bbox 2996 1502 3064 1553; x_wconf 85' lang='grc' dir='ltr'><strong>ἓν·</strong></span> <span class='ocrx_word' id='word_1_353' title='bbox 3097 1503 3176 1553; x_wconf 74' lang='lat' dir='ltr'><strong>mi</strong></span> <span class='ocrx_word' id='word_1_354' title='bbox 3219 1509 3280 1575; x_wconf 73' lang='grc' dir='ltr'><strong>τῇ</strong></span> <span class='ocrx_word' id='word_1_355' title='bbox 3305 1501 3498 1558; x_wconf 83' lang='grc' dir='ltr'>Θεότητι</span> 
     </span>
    </p>
   </div>
   <div class='ocr_carea' id='block_1_43' title="bbox 1918 1585 3494 1666">
    <p class='ocr_par' dir='ltr' id='par_1_43' title="bbox 1918 1585 3494 1666">
     <span class='ocr_line' id='line_1_43' title="bbox 1918 1585 3494 1666; baseline 0.005 -29"><span class='ocrx_word' id='word_1_356' title='bbox 1918 1585 1989 1638; x_wconf 77' lang='grc' dir='ltr'><strong>ἶν’</strong></span> <span class='ocrx_word' id='word_1_357' title='bbox 2013 1590 2095 1640; x_wconf 83' lang='grc' dir='ltr'><strong>καί</strong></span> <span class='ocrx_word' id='word_1_358' title='bbox 2119 1594 2182 1660; x_wconf 76' lang='grc' dir='ltr'>τῇ</span> <span class='ocrx_word' id='word_1_359' title='bbox 2214 1585 2418 1657; x_wconf 76' lang='grc' dir='ltr'><strong>δυνάμει</strong></span> <span class='ocrx_word' id='word_1_360' title='bbox 2443 1590 2511 1643; x_wconf 79' lang='grc' dir='ltr'><strong>ἕν·</strong></span> <span class='ocrx_word' id='word_1_361' title='bbox 2541 1592 2625 1643; x_wconf 78' lang='grc' dir='ltr'>καί</span> <span class='ocrx_word' id='word_1_362' title='bbox 2650 1599 2712 1664; x_wconf 78' lang='grc' dir='ltr'><strong>τῇ</strong></span> <span class='ocrx_word' id='word_1_363' title='bbox 2745 1591 2977 1666; x_wconf 80' lang='grc' dir='ltr'>βασιλείᾳ</span> <span class='ocrx_word' id='word_1_364' title='bbox 3004 1591 3073 1645; x_wconf 78' lang='grc' dir='ltr'><strong>ἓν·</strong></span> <span class='ocrx_word' id='word_1_365' title='bbox 3119 1595 3206 1645; x_wconf 84' lang='grc' dir='ltr'>καί</span> <span class='ocrx_word' id='word_1_366' title='bbox 3246 1600 3308 1666; x_wconf 73' lang='grc' dir='ltr'>τῇ</span> <span class='ocrx_word' id='word_1_367' title='bbox 3352 1591 3494 1655; x_wconf 82' lang='grc' dir='ltr'>δοξο-</span> 
     </span>
    </p>
   </div>
   <div class='ocr_carea' id='block_1_44' title="bbox 1919 1680 3498 1756">
    <p class='ocr_par' dir='ltr' id='par_1_44' title="bbox 1919 1680 3498 1756">
     <span class='ocr_line' id='line_1_44' title="bbox 1919 1680 3498 1756; baseline 0.004 -24"><span class='ocrx_word' id='word_1_368' title='bbox 1919 1680 2062 1754; x_wconf 72' lang='grc' dir='ltr'>λογὲᾳ</span> <span class='ocrx_word' id='word_1_369' title='bbox 2089 1681 2159 1734; x_wconf 78' lang='grc' dir='ltr'><strong>ἓν·</strong></span> <span class='ocrx_word' id='word_1_370' title='bbox 2191 1685 2272 1735; x_wconf 81' lang='grc' dir='ltr'>καί</span> <span class='ocrx_word' id='word_1_371' title='bbox 2405 1683 2555 1737; x_wconf 82' lang='grc' dir='ltr'>εἰκόνι</span> <span class='ocrx_word' id='word_1_372' title='bbox 2583 1684 2654 1737; x_wconf 72' lang='grc' dir='ltr'><strong>ἕν’</strong></span> <span class='ocrx_word' id='word_1_373' title='bbox 2704 1687 2789 1738; x_wconf 84' lang='grc' dir='ltr'>καί</span> <span class='ocrx_word' id='word_1_374' title='bbox 2819 1693 2890 1756; x_wconf 83' lang='grc' dir='ltr'>τῷ</span> <span class='ocrx_word' id='word_1_375' title='bbox 2919 1687 3170 1755; x_wconf 77' lang='grc' dir='ltr'>πνεύματι</span> <span class='ocrx_word' id='word_1_376' title='bbox 3196 1686 3266 1740; x_wconf 76' lang='grc' dir='ltr'><strong>ἵν’</strong></span> <span class='ocrx_word' id='word_1_377' title='bbox 3296 1691 3498 1755; x_wconf 87' lang='grc' dir='ltr'>πνεῦμα</span> 
     </span>
    </p>
   </div>
   <div class='ocr_carea' id='block_1_45' title="bbox 1923 1768 3499 1846">
    <p class='ocr_par' dir='ltr' id='par_1_45' title="bbox 1923 1768 3499 1846">
     <span class='ocr_line' id='line_1_45' title="bbox 1923 1768 3499 1846; baseline 0.003 -23"><span class='ocrx_word' id='word_1_378' title='bbox 1923 1773 2019 1843; x_wconf 79' lang='grc' dir='ltr'><strong>γάρ</strong></span> <span class='ocrx_word' id='word_1_379' title='bbox 2043 1773 2098 1824; x_wconf 82' lang='grc' dir='ltr'>οὐ</span> <span class='ocrx_word' id='word_1_380' title='bbox 2123 1775 2397 1845; x_wconf 80' lang='grc' dir='ltr'>μερίζεται.</span> <span class='ocrx_word' id='word_1_381' title='bbox 2428 1772 2650 1845; x_wconf 77' lang='grc' dir='ltr'><strong>ἀνάθεμα</strong></span> <span class='ocrx_word' id='word_1_382' title='bbox 2681 1768 2768 1827; x_wconf 72' lang='grc' dir='ltr'>οὖν</span> <span class='ocrx_word' id='word_1_383' title='bbox 2799 1775 2922 1846; x_wconf 79' lang='grc' dir='ltr'>λέγω</span> <span class='ocrx_word' id='word_1_384' title='bbox 2955 1775 3219 1829; x_wconf 78' lang='grc' dir='ltr'>Σαϐελλίου</span> <span class='ocrx_word' id='word_1_385' title='bbox 3248 1775 3305 1829; x_wconf 81' lang='grc' dir='ltr'>τὸ</span> <span class='ocrx_word' id='word_1_386' title='bbox 3334 1773 3499 1844; x_wconf 76' lang='grc' dir='ltr'>δόγμα</span> 
     </span>
    </p>
   </div>
   <div class='ocr_carea' id='block_1_46' title="bbox 1924 1860 3501 1940">
    <p class='ocr_par' dir='ltr' id='par_1_46' title="bbox 1924 1860 3501 1940">
     <span class='ocr_line' id='line_1_46' title="bbox 1924 1860 3501 1940; baseline 0.004 -25"><span class='ocrx_word' id='word_1_387' title='bbox 1924 1866 2006 1916; x_wconf 83' lang='grc' dir='ltr'><strong>καὶ</strong></span> <span class='ocrx_word' id='word_1_388' title='bbox 2036 1860 2223 1938; x_wconf 81' lang='grc' dir='ltr'>Ἀρείου</span> <span class='ocrx_word' id='word_1_389' title='bbox 2246 1904 2258 1925; x_wconf 88' lang='grc'><strong>,</strong></span> <span class='ocrx_word' id='word_1_390' title='bbox 2300 1868 2378 1918; x_wconf 78' lang='grc' dir='ltr'>καί</span> <span class='ocrx_word' id='word_1_391' title='bbox 2434 1867 2525 1926; x_wconf 83' lang='grc' dir='ltr'>τὰς</span> <span class='ocrx_word' id='word_1_392' title='bbox 2558 1866 3077 1940; x_wconf 85' lang='grc' dir='ltr'>προαπηγορευμένας</span> <span class='ocrx_word' id='word_1_393' title='bbox 3121 1865 3339 1940; x_wconf 80' lang='grc' dir='ltr'>αἱρέσεις</span> <span class='ocrx_word' id='word_1_394' title='bbox 3369 1904 3381 1924; x_wconf 83' lang='grc'><strong>,</strong></span> <span class='ocrx_word' id='word_1_395' title='bbox 3429 1865 3501 1922; x_wconf 77' lang='grc' dir='ltr'>είς</span> 
     </span>
    </p>
   </div>
   <div class='ocr_carea' id='block_1_47' title="bbox 1924 1959 3501 2033">
    <p class='ocr_par' dir='ltr' id='par_1_47' title="bbox 1924 1959 3501 2033">
     <span class='ocr_line' id='line_1_47' title="bbox 1924 1959 3501 2033; baseline -0.001 -21"><span class='ocrx_word' id='word_1_396' title='bbox 1924 1960 2127 2012; x_wconf 84' lang='grc' dir='ltr'>αἰωνίαν</span> <span class='ocrx_word' id='word_1_397' title='bbox 2167 1959 2398 2024; x_wconf 82' lang='grc' dir='ltr'>κόλασιν,</span> <span class='ocrx_word' id='word_1_398' title='bbox 2427 1961 2558 2014; x_wconf 83' lang='grc' dir='ltr'>κατά</span> <span class='ocrx_word' id='word_1_399' title='bbox 2595 1966 2684 2018; x_wconf 70' lang='grc' dir='ltr'>τήν</span> <span class='ocrx_word' id='word_1_400' title='bbox 2724 1966 2813 2014; x_wconf 92' lang='grc' dir='ltr'><strong>τοῦ</strong></span> <span class='ocrx_word' id='word_1_401' title='bbox 2856 1968 3086 2033; x_wconf 80' lang='grc' dir='ltr'>σωτῆρος</span> <span class='ocrx_word' id='word_1_402' title='bbox 3124 1964 3304 2032; x_wconf 78' lang='grc' dir='ltr'>φωνήν.</span> <span class='ocrx_word' id='word_1_403' title='bbox 3338 1961 3501 2030; x_wconf 75' lang='grc' dir='ltr'><strong>ταύτῃ</strong></span> 
     </span>
    </p>
   </div>
   <div class='ocr_carea' id='block_1_48' title="bbox 1923 2044 3501 2126">
    <p class='ocr_par' dir='ltr' id='par_1_48' title="bbox 1923 2044 3501 2126">
     <span class='ocr_line' id='line_1_48' title="bbox 1923 2044 3501 2126; baseline -0.001 -25"><span class='ocrx_word' id='word_1_404' title='bbox 1923 2044 2008 2102; x_wconf 73' lang='grc' dir='ltr'>οὖν</span> <span class='ocrx_word' id='word_1_405' title='bbox 2053 2060 2114 2124; x_wconf 76' lang='grc' dir='ltr'>τῇ</span> <span class='ocrx_word' id='word_1_406' title='bbox 2148 2050 2420 2126; x_wconf 73' lang='grc' dir='ltr'>ὁμολογίᾳ,</span> <span class='ocrx_word' id='word_1_407' title='bbox 2453 2049 2626 2124; x_wconf 65' lang='grc' dir='ltr'>άδελφδ</span> <span class='ocrx_word' id='word_1_408' title='bbox 2673 2050 2923 2107; x_wconf 80' lang='grc' dir='ltr'>Ἀθανάσιε</span> <span class='ocrx_word' id='word_1_409' title='bbox 2945 2092 2959 2115; x_wconf 91' lang='grc'><strong>,</strong></span> <span class='ocrx_word' id='word_1_410' title='bbox 2991 2066 3051 2109; x_wconf 76' lang='grc' dir='ltr'>τῆ</span> <span class='ocrx_word' id='word_1_411' title='bbox 3095 2049 3222 2125; x_wconf 78' lang='grc' dir='ltr'>οῦσῇ</span> <span class='ocrx_word' id='word_1_412' title='bbox 3253 2050 3373 2122; x_wconf 77' lang='grc' dir='ltr'>μόνη</span> <span class='ocrx_word' id='word_1_413' title='bbox 3419 2053 3501 2101; x_wconf 75' lang='grc' dir='ltr'><strong>καὶ</strong></span> 
     </span>
    </p>
   </div>
   <div class='ocr_carea' id='block_1_49' title="bbox 1926 2139 3500 2219">
    <p class='ocr_par' dir='ltr' id='par_1_49' title="bbox 1926 2139 3500 2219">
     <span class='ocr_line' id='line_1_49' title="bbox 1926 2139 3500 2219; baseline -0.004 -22"><span class='ocrx_word' id='word_1_414' title='bbox 1926 2143 2115 2203; x_wconf 85' lang='grc' dir='ltr'>ἀληθῶς</span> <span class='ocrx_word' id='word_1_415' title='bbox 2144 2148 2314 2199; x_wconf 81' lang='grc' dir='ltr'>πίστει</span> <span class='ocrx_word' id='word_1_416' title='bbox 2356 2146 2402 2197; x_wconf 82' lang='grc' dir='ltr'>ἐν</span> <span class='ocrx_word' id='word_1_417' title='bbox 2441 2152 2502 2219; x_wconf 67' lang='grc' dir='ltr'><strong>τῇ</strong></span> <span class='ocrx_word' id='word_1_418' title='bbox 2540 2143 2660 2218; x_wconf 75' lang='grc' dir='ltr'>ἁγίᾳ</span> <span class='ocrx_word' id='word_1_419' title='bbox 2689 2145 2919 2216; x_wconf 76' lang='grc' dir='ltr'>καθολικῇ</span> <span class='ocrx_word' id='word_1_420' title='bbox 2955 2145 3036 2196; x_wconf 80' lang='grc' dir='ltr'><strong>καὶ</strong></span> <span class='ocrx_word' id='word_1_421' title='bbox 3065 2143 3371 2212; x_wconf 75' lang='grc' dir='ltr'>ἀποστολικῇ</span> <span class='ocrx_word' id='word_1_422' title='bbox 3395 2139 3500 2192; x_wconf 69' lang='grc' dir='ltr'><strong>Ἐκι</strong></span> 
     </span>
    </p>
   </div>
   <div class='ocr_carea' id='block_1_50' title="bbox 1927 2233 3502 2312">
    <p class='ocr_par' dir='ltr' id='par_1_50' title="bbox 1927 2233 3502 2312">
     <span class='ocr_line' id='line_1_50' title="bbox 1927 2233 3502 2312; baseline -0.001 -25"><span class='ocrx_word' id='word_1_423' title='bbox 1927 2233 2126 2309; x_wconf 82' lang='grc' dir='ltr'>κλησίᾳ,</span> <span class='ocrx_word' id='word_1_424' title='bbox 2144 2239 2188 2289; x_wconf 84' lang='grc' dir='ltr'>εἰ</span> <span class='ocrx_word' id='word_1_425' title='bbox 2206 2235 2492 2312; x_wconf 72' lang='grc' dir='ltr'>ὀμοφρονεῖς</span> <span class='ocrx_word' id='word_1_426' title='bbox 2521 2257 2624 2307; x_wconf 82' lang='grc' dir='ltr'>μοι,</span> <span class='ocrx_word' id='word_1_427' title='bbox 2645 2239 2711 2295; x_wconf 79' lang='grc' dir='ltr'>ὡς</span> <span class='ocrx_word' id='word_1_428' title='bbox 2738 2237 2821 2288; x_wconf 83' lang='grc' dir='ltr'>ἐπί</span> <span class='ocrx_word' id='word_1_429' title='bbox 2841 2237 3007 2310; x_wconf 83' lang='grc' dir='ltr'>κρίσει</span> <span class='ocrx_word' id='word_1_430' title='bbox 3025 2236 3137 2287; x_wconf 83' lang='grc' dir='ltr'>θεοῦ</span> <span class='ocrx_word' id='word_1_431' title='bbox 3166 2237 3250 2287; x_wconf 84' lang='grc' dir='ltr'><strong>καί</strong></span> <span class='ocrx_word' id='word_1_432' title='bbox 3277 2240 3502 2308; x_wconf 80' lang='grc' dir='ltr'>Χριστοῦ</span> 
     </span>
    </p>
   </div>
   <div class='ocr_carea' id='block_1_51' title="bbox 1927 2320 3505 2404">
    <p class='ocr_par' dir='ltr' id='par_1_51' title="bbox 1927 2320 3505 2404">
     <span class='ocr_line' id='line_1_51' title="bbox 1927 2320 3505 2404; baseline -0.003 -23"><span class='ocrx_word' id='word_1_433' title='bbox 1927 2331 2118 2404; x_wconf 66' lang='grc' dir='ltr'>γράψον</span> <span class='ocrx_word' id='word_1_434' title='bbox 2148 2349 2232 2399; x_wconf 89' lang='grc' dir='ltr'><strong>μοι</strong></span> <span class='ocrx_word' id='word_1_435' title='bbox 2250 2369 2263 2391; x_wconf 91' lang='grc'><strong>,</strong></span> <span class='ocrx_word' id='word_1_436' title='bbox 2296 2331 2339 2382; x_wconf 77' lang='grc' dir='ltr'><strong>εί</strong></span> <span class='ocrx_word' id='word_1_437' title='bbox 2365 2329 2497 2383; x_wconf 80' lang='grc' dir='ltr'>οὕτω</span> <span class='ocrx_word' id='word_1_438' title='bbox 2527 2336 2723 2404; x_wconf 73' lang='grc' dir='ltr'>φρονεῖς</span> <span class='ocrx_word' id='word_1_439' title='bbox 2753 2329 2881 2382; x_wconf 75' lang='grc' dir='ltr'>καθά</span> <span class='ocrx_word' id='word_1_440' title='bbox 2912 2331 2996 2381; x_wconf 78' lang='grc' dir='ltr'>καί</span> <span class='ocrx_word' id='word_1_441' title='bbox 3021 2329 3190 2397; x_wconf 78' lang='grc' dir='ltr'>ἡμεῖς,</span> <span class='ocrx_word' id='word_1_442' title='bbox 3219 2329 3301 2379; x_wconf 76' lang='grc' dir='ltr'>καί</span> <span class='ocrx_word' id='word_1_443' title='bbox 3324 2327 3387 2378; x_wconf 86' lang='grc' dir='ltr'><strong>τά</strong></span> <span class='ocrx_word' id='word_1_444' title='bbox 3412 2320 3505 2378; x_wconf 83' lang='grc' dir='ltr'>ἶσα</span> 
     </span>
    </p>
   </div>
   <div class='ocr_carea' id='block_1_52' title="bbox 1935 2414 3505 2498">
    <p class='ocr_par' dir='ltr' id='par_1_52' title="bbox 1935 2414 3505 2498">
     <span class='ocr_line' id='line_1_52' title="bbox 1935 2414 3505 2498; baseline -0.007 -20"><span class='ocrx_word' id='word_1_445' title='bbox 1935 2428 1982 2480; x_wconf 85' lang='grc' dir='ltr'>ἐν</span> <span class='ocrx_word' id='word_1_446' title='bbox 2010 2433 2072 2498; x_wconf 76' lang='grc' dir='ltr'><strong>τῇ</strong></span> <span class='ocrx_word' id='word_1_447' title='bbox 2099 2424 2296 2496; x_wconf 78' lang='grc' dir='ltr'>ἀληθινῇ</span> <span class='ocrx_word' id='word_1_448' title='bbox 2324 2425 2512 2476; x_wconf 67' lang='grc' dir='ltr'>πίστει</span> <span class='ocrx_word' id='word_1_449' title='bbox 2541 2422 2621 2474; x_wconf 83' lang='grc' dir='ltr'>ἵνα</span> <span class='ocrx_word' id='word_1_450' title='bbox 2652 2423 2791 2491; x_wconf 75' lang='grc' dir='ltr'><strong>κᾲγώ</strong></span> <span class='ocrx_word' id='word_1_451' title='bbox 2820 2420 3072 2477; x_wconf 83' lang='grc' dir='ltr'>πεποιθὼς</span> <span class='ocrx_word' id='word_1_452' title='bbox 3101 2414 3168 2480; x_wconf 76' lang='grc' dir='ltr'>ὦ,</span> <span class='ocrx_word' id='word_1_453' title='bbox 3203 2415 3505 2488; x_wconf 79' lang='grc' dir='ltr'>ἆδιακρίτως</span> 
     </span>
    </p>
   </div>
   <div class='ocr_carea' id='block_1_53' title="bbox 1932 2502 3505 2591">
    <p class='ocr_par' dir='ltr' id='par_1_53' title="bbox 1932 2502 3505 2591">
     <span class='ocr_line' id='line_1_53' title="bbox 1932 2502 3505 2591; baseline -0.008 -22"><span class='ocrx_word' id='word_1_454' title='bbox 1932 2519 2048 2591; x_wconf 70' lang='grc' dir='ltr'>περὶ</span> <span class='ocrx_word' id='word_1_455' title='bbox 2075 2512 2140 2568; x_wconf 86' lang='grc' dir='ltr'>ὦν</span> <span class='ocrx_word' id='word_1_456' title='bbox 2167 2515 2323 2577; x_wconf 80' lang='grc' dir='ltr'>ἀξιοῖς</span> <span class='ocrx_word' id='word_1_457' title='bbox 2352 2513 2562 2565; x_wconf 76' lang='grc' dir='ltr'><strong>κελεύειν</strong></span> <span class='ocrx_word' id='word_1_458' title='bbox 2594 2525 2698 2580; x_wconf 87' lang='grc' dir='ltr'>μοι·</span> <span class='ocrx_word' id='word_1_459' title='bbox 2727 2511 2974 2562; x_wconf 77' lang='grc' dir='ltr'>καὶτοῦτο</span> <span class='ocrx_word' id='word_1_460' title='bbox 3000 2506 3051 2560; x_wconf 81' lang='grc' dir='ltr'><strong>δέ</strong></span> <span class='ocrx_word' id='word_1_461' title='bbox 3079 2527 3137 2561; x_wconf 88' lang='grc' dir='ltr'><strong>σε</strong></span> <span class='ocrx_word' id='word_1_462' title='bbox 3168 2510 3277 2578; x_wconf 72' lang='grc' dir='ltr'><strong>χρὴ</strong></span> <span class='ocrx_word' id='word_1_463' title='bbox 3306 2502 3505 2568; x_wconf 81' lang='grc' dir='ltr'>εἰδέναι,</span> 
     </span>
    </p>
   </div>
   <div class='ocr_carea' id='block_1_54' title="bbox 1932 2594 3508 2678">
    <p class='ocr_par' dir='ltr' id='par_1_54' title="bbox 1932 2594 3508 2678">
     <span class='ocr_line' id='line_1_54' title="bbox 1932 2594 3508 2678; baseline -0.008 -19"><span class='ocrx_word' id='word_1_464' title='bbox 1932 2607 2194 2678; x_wconf 81' lang='grc' dir='ltr'>ὰγαπητέ,</span> <span class='ocrx_word' id='word_1_465' title='bbox 2229 2602 2304 2657; x_wconf 82' lang='grc' dir='ltr'>ὅτι</span> <span class='ocrx_word' id='word_1_466' title='bbox 2339 2606 2384 2655; x_wconf 82' lang='lat' dir='ltr'><strong>oi</strong></span> <span class='ocrx_word' id='word_1_467' title='bbox 2421 2602 2522 2654; x_wconf 78' lang='grc' dir='ltr'>υἱοί</span> <span class='ocrx_word' id='word_1_468' title='bbox 2556 2608 2648 2660; x_wconf 76' lang='grc' dir='ltr'><strong>τῆς</strong></span> <span class='ocrx_word' id='word_1_469' title='bbox 2689 2600 2919 2657; x_wconf 80' lang='grc' dir='ltr'>ἀληθείας</span> <span class='ocrx_word' id='word_1_470' title='bbox 2958 2599 3122 2653; x_wconf 80' lang='grc' dir='ltr'>άπαθῆ</span> <span class='ocrx_word' id='word_1_471' title='bbox 3172 2601 3260 2653; x_wconf 79' lang='grc' dir='ltr'>τῆν</span> <span class='ocrx_word' id='word_1_472' title='bbox 3300 2594 3508 2649; x_wconf 86' lang='grc' dir='ltr'>θεότητα</span> 
     </span>
    </p>
   </div>
   <div class='ocr_carea' id='block_1_55' title="bbox 1935 2685 3508 2767">
    <p class='ocr_par' dir='ltr' id='par_1_55' title="bbox 1935 2685 3508 2767">
     <span class='ocr_line' id='line_1_55' title="bbox 1935 2685 3508 2767; baseline -0.009 -18"><span class='ocrx_word' id='word_1_473' title='bbox 1935 2697 2269 2767; x_wconf 76' lang='grc' dir='ltr'>ὁμολογοῦσι,</span> <span class='ocrx_word' id='word_1_474' title='bbox 2306 2696 2389 2746; x_wconf 86' lang='grc' dir='ltr'>καί</span> <span class='ocrx_word' id='word_1_475' title='bbox 2423 2697 2510 2748; x_wconf 76' lang='grc' dir='ltr'><strong>την</strong></span> <span class='ocrx_word' id='word_1_476' title='bbox 2547 2689 2783 2763; x_wconf 62' lang='grc' dir='ltr'>ὅθσαρκον</span> <span class='ocrx_word' id='word_1_477' title='bbox 2820 2686 3088 2756; x_wconf 78' lang='grc' dir='ltr'>ἐπιδημίαν</span> <span class='ocrx_word' id='word_1_478' title='bbox 3120 2685 3388 2755; x_wconf 77' lang='grc' dir='ltr'>τοῦλόγου</span> <span class='ocrx_word' id='word_1_479' title='bbox 3424 2687 3508 2736; x_wconf 84' lang='grc' dir='ltr'>καί</span> 
     </span>
    </p>
   </div>
   <div class='ocr_carea' id='block_1_56' title="bbox 1936 2775 3505 2855">
    <p class='ocr_par' dir='ltr' id='par_1_56' title="bbox 1936 2775 3505 2855">
     <span class='ocr_line' id='line_1_56' title="bbox 1936 2775 3505 2855; baseline -0.008 -16"><span class='ocrx_word' id='word_1_480' title='bbox 1936 2789 2079 2849; x_wconf 84' lang='grc' dir='ltr'>θεοῦ,</span> <span class='ocrx_word' id='word_1_481' title='bbox 2118 2783 2193 2840; x_wconf 83' lang='grc' dir='ltr'>ὅτι</span> <span class='ocrx_word' id='word_1_482' title='bbox 2233 2786 2414 2839; x_wconf 85' lang='grc' dir='ltr'>τέλειον</span> <span class='ocrx_word' id='word_1_483' title='bbox 2456 2783 2714 2855; x_wconf 80' lang='grc' dir='ltr'>ἄνθρωπον</span> <span class='ocrx_word' id='word_1_484' title='bbox 2753 2778 2984 2832; x_wconf 73' lang='grc' dir='ltr'>ἀνέλαϐεν</span> <span class='ocrx_word' id='word_1_485' title='bbox 3019 2779 3184 2851; x_wconf 85' lang='grc' dir='ltr'>χωρὶς</span> <span class='ocrx_word' id='word_1_486' title='bbox 3224 2775 3505 2849; x_wconf 82' lang='grc' dir='ltr'>ἁμαρτίας,</span> 
     </span>
    </p>
   </div>
   <div class='ocr_carea' id='block_1_57' title="bbox 239 2848 1829 2950">
    <p class='ocr_par' dir='ltr' id='par_1_57' title="bbox 239 2877 1824 2948">
     <span class='ocr_line' id='line_1_57' title="bbox 239 2877 1824 2948; baseline 0.001 -16"><span class='ocrx_word' id='word_1_487' title='bbox 239 2877 514 2932; x_wconf 82' lang='lat' dir='ltr'><strong>hominem</strong></span> <span class='ocrx_word' id='word_1_488' title='bbox 564 2879 851 2947; x_wconf 79' lang='lat' dir='ltr'><strong>assumpsit</strong></span> <span class='ocrx_word' id='word_1_489' title='bbox 896 2879 1010 2932; x_wconf 88' lang='lat' dir='ltr'><strong>sine</strong></span> <span class='ocrx_word' id='word_1_490' title='bbox 1038 2887 1275 2948; x_wconf 89' lang='lat' dir='ltr'><strong>peccato,</strong></span> <span class='ocrx_word' id='word_1_491' title='bbox 1311 2889 1464 2933; x_wconf 86' lang='lat' dir='ltr'><strong>natus</strong></span> <span class='ocrx_word' id='word_1_492' title='bbox 1514 2895 1576 2935; x_wconf 82' lang='lat' dir='ltr'><strong>ex</strong></span> <span class='ocrx_word' id='word_1_493' title='bbox 1625 2880 1824 2948; x_wconf 90' lang='lat' dir='ltr'><strong>Spiritu</strong></span> 
     </span>
    </p>
   </div>
   <div class='ocr_carea' id='block_1_58' title="bbox 1936 2848 3508 2950">
    <p class='ocr_par' dir='ltr' id='par_1_58' title="bbox 1936 2871 3508 2950">
     <span class='ocr_line' id='line_1_58' title="bbox 1936 2871 3508 2950; baseline -0.011 -16"><span class='ocrx_word' id='word_1_494' title='bbox 1936 2883 2017 2934; x_wconf 83' lang='grc' dir='ltr'>τὸν</span> <span class='ocrx_word' id='word_1_495' title='bbox 2053 2871 2339 2950; x_wconf 84' lang='grc' dir='ltr'>γεννηθέντα</span> <span class='ocrx_word' id='word_1_496' title='bbox 2383 2877 2433 2927; x_wconf 77' lang='grc' dir='ltr'><em>ἐκ</em></span> <span class='ocrx_word' id='word_1_497' title='bbox 2483 2875 2770 2944; x_wconf 79' lang='grc' dir='ltr'>πνεύματος</span> <span class='ocrx_word' id='word_1_498' title='bbox 2815 2871 2994 2940; x_wconf 81' lang='grc' dir='ltr'>ἁγίου,</span> <span class='ocrx_word' id='word_1_499' title='bbox 3041 2871 3126 2921; x_wconf 81' lang='grc' dir='ltr'><strong>καί</strong></span> <span class='ocrx_word' id='word_1_500' title='bbox 3179 2871 3370 2941; x_wconf 79' lang='grc' dir='ltr'>Μαρίας</span> <span class='ocrx_word' id='word_1_501' title='bbox 3419 2873 3508 2924; x_wconf 80' lang='grc' dir='ltr'>τῆς</span> 
     </span>
    </p>
   </div>
   <div class='ocr_carea' id='block_1_59' title="bbox 240 2973 1823 3042">
    <p class='ocr_par' dir='ltr' id='par_1_59' title="bbox 240 2973 1823 3042">
     <span class='ocr_line' id='line_1_59' title="bbox 240 2973 1823 3042; baseline -0.001 -14"><span class='ocrx_word' id='word_1_502' title='bbox 240 2983 432 3028; x_wconf 84' lang='lat' dir='ltr'><strong>sancto</strong></span> <span class='ocrx_word' id='word_1_503' title='bbox 483 2983 536 3027; x_wconf 90' lang='lat' dir='ltr'><strong>et</strong></span> <span class='ocrx_word' id='word_1_504' title='bbox 588 2974 748 3026; x_wconf 85' lang='lat' dir='ltr'><strong>Maria</strong></span> <span class='ocrx_word' id='word_1_505' title='bbox 791 2973 1028 3042; x_wconf 77' lang='lat' dir='ltr'><strong>virgine,</strong></span> <span class='ocrx_word' id='word_1_506' title='bbox 1096 2974 1383 3028; x_wconf 88' lang='lat' dir='ltr'><strong>secundum</strong></span> <span class='ocrx_word' id='word_1_507' title='bbox 1429 2975 1743 3042; x_wconf 82' lang='lat' dir='ltr'><strong>Evangelia,</strong></span> <span class='ocrx_word' id='word_1_508' title='bbox 1774 2976 1823 3027; x_wconf 89' lang='lat' dir='ltr'><strong>in</strong></span> 
     </span>
    </p>
   </div>
   <div class='ocr_carea' id='block_1_60' title="bbox 240 3063 848 3130">
    <p class='ocr_par' dir='ltr' id='par_1_60' title="bbox 240 3063 848 3130">
     <span class='ocr_line' id='line_1_60' title="bbox 240 3063 848 3130; baseline 0.002 -11"><span class='ocrx_word' id='word_1_509' title='bbox 240 3063 462 3120; x_wconf 83' lang='lat' dir='ltr'><strong>Christo</strong></span> <span class='ocrx_word' id='word_1_510' title='bbox 492 3065 639 3130; x_wconf 86' lang='lat' dir='ltr'><strong>Jesu,</strong></span> <span class='ocrx_word' id='word_1_511' title='bbox 672 3079 848 3120; x_wconf 91' lang='lat' dir='ltr'><strong>amen.</strong></span> 
     </span>
    </p>
   </div>
   <div class='ocr_carea' id='block_1_61' title="bbox 1933 2957 3508 3044">
    <p class='ocr_par' dir='ltr' id='par_1_61' title="bbox 1933 2957 3508 3044">
     <span class='ocr_line' id='line_1_61' title="bbox 1933 2957 3508 3044; baseline -0.009 -22"><span class='ocrx_word' id='word_1_512' title='bbox 1933 2969 2179 3044; x_wconf 80' lang='grc' dir='ltr'>παρθένου</span> <span class='ocrx_word' id='word_1_513' title='bbox 2200 3007 2213 3030; x_wconf 89' lang='grc'><strong>,</strong></span> <span class='ocrx_word' id='word_1_514' title='bbox 2245 2967 2373 3019; x_wconf 80' lang='grc' dir='ltr'>κατὰ</span> <span class='ocrx_word' id='word_1_515' title='bbox 2411 2966 2476 3019; x_wconf 85' lang='grc' dir='ltr'><strong>τά</strong></span> <span class='ocrx_word' id='word_1_516' title='bbox 2517 2963 2797 3034; x_wconf 78' lang='grc' dir='ltr'>εὐαγγέλια,</span> <span class='ocrx_word' id='word_1_517' title='bbox 2829 2962 2878 3013; x_wconf 83' lang='grc' dir='ltr'>ἐν</span> <span class='ocrx_word' id='word_1_518' title='bbox 2910 2966 3115 3034; x_wconf 79' lang='grc' dir='ltr'>Χριστῷ</span> <span class='ocrx_word' id='word_1_519' title='bbox 3141 2957 3324 3020; x_wconf 72' lang='grc' dir='ltr'>Ἰησοῦ,</span> <span class='ocrx_word' id='word_1_520' title='bbox 3356 2958 3508 3024; x_wconf 71' lang='grc' dir='ltr'>ἁμήν.</span> 
     </span>
    </p>
   </div>
   <div class='ocr_carea' id='block_1_62' title="bbox 440 3197 3321 3274">
    <p class='ocr_par' dir='ltr' id='par_1_62' title="bbox 440 3197 3321 3274">
     <span class='ocr_line' id='line_1_62' title="bbox 440 3197 3321 3274; baseline -0.007 -1"><span class='ocrx_word' id='word_1_521' title='bbox 440 3214 884 3274; x_wconf 81' lang='lat' dir='ltr'><strong>RESCRIPTUM</strong></span> <span class='ocrx_word' id='word_1_522' title='bbox 922 3217 1158 3274; x_wconf 77' lang='lat' dir='ltr'><strong>SANCTI</strong></span> <span class='ocrx_word' id='word_1_523' title='bbox 1203 3213 1444 3274; x_wconf 77' lang='lat' dir='ltr'><strong>PATRIS</strong></span> <span class='ocrx_word' id='word_1_524' title='bbox 1483 3209 1727 3274; x_wconf 81' lang='lat' dir='ltr'><strong>NOSTRi</strong></span> <span class='ocrx_word' id='word_1_525' title='bbox 1771 3214 2134 3273; x_wconf 81' lang='lat' dir='ltr'><strong>ATilANASll</strong></span> <span class='ocrx_word' id='word_1_526' title='bbox 2173 3207 2689 3269; x_wconf 78' lang='lat' dir='ltr'><strong>ARCIIIEPISCOPI</strong></span> <span class='ocrx_word' id='word_1_527' title='bbox 2727 3197 3193 3262; x_wconf 73' lang='lat' dir='ltr'><strong>ALEXANDRINI</strong></span> <span class='ocrx_word' id='word_1_528' title='bbox 3234 3199 3321 3254; x_wconf 80' lang='lat' dir='ltr'><strong>AD</strong></span> 
     </span>
    </p>
   </div>
   <div class='ocr_carea' id='block_1_63' title="bbox 1370 3307 2382 3367">
    <p class='ocr_par' dir='ltr' id='par_1_63' title="bbox 1370 3307 2382 3367">
     <span class='ocr_line' id='line_1_63' title="bbox 1370 3307 2382 3367; baseline -0.009 0"><span class='ocrx_word' id='word_1_529' title='bbox 1370 3309 1695 3367; x_wconf 78' lang='lat' dir='ltr'><strong>LIBERIUM</strong></span> <span class='ocrx_word' id='word_1_530' title='bbox 1729 3309 1944 3365; x_wconf 68' lang='grc' dir='ltr'><strong>[ὶοΜῶ</strong></span> <span class='ocrx_word' id='word_1_531' title='bbox 1985 3307 2382 3364; x_wconf 82' lang='lat' dir='ltr'><strong>EPISCOPUM.</strong></span> 
     </span>
    </p>
   </div>
   <div class='ocr_carea' id='block_1_64' title="bbox 1567 3443 2229 3512">
    <p class='ocr_par' dir='ltr' id='par_1_64' title="bbox 1567 3443 2229 3512">
     <span class='ocr_line' id='line_1_64' title="bbox 1567 3443 2229 3512; baseline -0.011 -14"><span class='ocrx_word' id='word_1_532' title='bbox 1567 3448 1751 3512; x_wconf 79' lang='lat' dir='ltr'><strong>(Const.</strong></span> <span class='ocrx_word' id='word_1_533' title='bbox 1781 3446 2024 3510; x_wconf 75' lang='lat' dir='ltr'><strong>Append.,</strong></span> <span class='ocrx_word' id='word_1_534' title='bbox 2053 3459 2101 3507; x_wconf 88' lang='lat' dir='ltr'><strong>p.</strong></span> <span class='ocrx_word' id='word_1_535' title='bbox 2126 3443 2229 3503; x_wconf 82' lang='lat'><strong>99.)</strong></span> 
     </span>
    </p>
   </div>
   <div class='ocr_carea' id='block_1_65' title="bbox 803 3522 2956 3594">
    <p class='ocr_par' dir='ltr' id='par_1_65' title="bbox 803 3522 2956 3594">
     <span class='ocr_line' id='line_1_65' title="bbox 803 3522 2956 3594; baseline -0.007 -12"><span class='ocrx_word' id='word_1_536' title='bbox 803 3531 942 3590; x_wconf 86' lang='lat' dir='ltr'><strong>Quod</strong></span> <span class='ocrx_word' id='word_1_537' title='bbox 977 3528 1249 3594; x_wconf 79' lang='lat' dir='ltr'><strong>perfectum</strong></span> <span class='ocrx_word' id='word_1_538' title='bbox 1273 3532 1518 3580; x_wconf 87' lang='lat' dir='ltr'><strong>hominem</strong></span> <span class='ocrx_word' id='word_1_539' title='bbox 1542 3531 1680 3582; x_wconf 85' lang='lat' dir='ltr'><strong>Deus</strong></span> <span class='ocrx_word' id='word_1_540' title='bbox 1702 3530 1920 3580; x_wconf 84' lang='lat' dir='ltr'><strong>Verbum</strong></span> <span class='ocrx_word' id='word_1_541' title='bbox 1941 3529 2249 3591; x_wconf 84' lang='lat' dir='ltr'><strong>assumpserit</strong></span> <span class='ocrx_word' id='word_1_542' title='bbox 2273 3533 2470 3588; x_wconf 84' lang='lat' dir='ltr'><strong>propter</strong></span> <span class='ocrx_word' id='word_1_543' title='bbox 2495 3522 2703 3574; x_wconf 89' lang='lat' dir='ltr'><strong>salutem</strong></span> <span class='ocrx_word' id='word_1_544' title='bbox 2728 3526 2956 3570; x_wconf 88' lang='lat' dir='ltr'><strong>nostram.</strong></span> 
     </span>
    </p>
   </div>
   <div class='ocr_carea' id='block_1_66' title="bbox 297 3674 1833 3748">
    <p class='ocr_par' dir='ltr' id='par_1_66' title="bbox 297 3674 1833 3748">
     <span class='ocr_line' id='line_1_66' title="bbox 297 3674 1833 3748; baseline -0.005 -11"><span class='ocrx_word' id='word_1_545' title='bbox 297 3682 450 3738; x_wconf 86' lang='lat' dir='ltr'><strong>Unus</strong></span> <span class='ocrx_word' id='word_1_546' title='bbox 465 3681 604 3737; x_wconf 88' lang='lat' dir='ltr'><strong>Deus</strong></span> <span class='ocrx_word' id='word_1_547' title='bbox 621 3678 958 3744; x_wconf 86' lang='lat' dir='ltr'><strong>immortalis,</strong></span> <span class='ocrx_word' id='word_1_548' title='bbox 975 3678 1062 3748; x_wconf 88' lang='lat' dir='ltr'><strong>qui</strong></span> <span class='ocrx_word' id='word_1_549' title='bbox 1077 3691 1172 3732; x_wconf 91' lang='lat' dir='ltr'><strong>nec</strong></span> <span class='ocrx_word' id='word_1_550' title='bbox 1193 3675 1357 3732; x_wconf 89' lang='lat' dir='ltr'><strong>videri</strong></span> <span class='ocrx_word' id='word_1_551' title='bbox 1376 3691 1473 3730; x_wconf 89' lang='lat' dir='ltr'><strong>nec</strong></span> <span class='ocrx_word' id='word_1_552' title='bbox 1489 3674 1626 3745; x_wconf 80' lang='lat' dir='ltr'><strong>tangi</strong></span> <span class='ocrx_word' id='word_1_553' title='bbox 1643 3683 1833 3745; x_wconf 67' lang='lat' dir='ltr'><strong>potest.</strong></span> 
     </span>
    </p>
   </div>
   <div class='ocr_carea' id='block_1_67' title="bbox 244 3766 1836 3845">
    <p class='ocr_par' dir='ltr' id='par_1_67' title="bbox 244 3766 1836 3845">
     <span class='ocr_line' id='line_1_67' title="bbox 244 3766 1836 3845; baseline -0.006 -16"><span class='ocrx_word' id='word_1_554' title='bbox 244 3773 478 3845; x_wconf 76' lang='lat' dir='ltr'><strong>Spiritus</strong></span> <span class='ocrx_word' id='word_1_555' title='bbox 500 3773 639 3826; x_wconf 86' lang='lat' dir='ltr'><strong>enim</strong></span> <span class='ocrx_word' id='word_1_556' title='bbox 671 3779 740 3824; x_wconf 74' lang='lat' dir='ltr'><strong>eat</strong></span> <span class='ocrx_word' id='word_1_557' title='bbox 775 3769 904 3824; x_wconf 81' lang='lat' dir='ltr'><strong>Deus</strong></span> <span class='ocrx_word' id='word_1_558' title='bbox 934 3768 1107 3840; x_wconf 83' lang='lat' dir='ltr'><strong>(Joan.</strong></span> <span class='ocrx_word' id='word_1_559' title='bbox 1137 3767 1224 3834; x_wconf 90' lang='lat' dir='ltr'><strong>IV,</strong></span> <span class='ocrx_word' id='word_1_560' title='bbox 1253 3766 1364 3838; x_wconf 72' lang='grc'><strong>24).</strong></span> <span class='ocrx_word' id='word_1_561' title='bbox 1401 3766 1516 3834; x_wconf 88' lang='lat' dir='ltr'><strong>ipse</strong></span> <span class='ocrx_word' id='word_1_562' title='bbox 1546 3766 1690 3820; x_wconf 90' lang='lat' dir='ltr'><strong>nullo</strong></span> <span class='ocrx_word' id='word_1_563' title='bbox 1721 3767 1836 3820; x_wconf 89' lang='lat' dir='ltr'><strong>loco</strong></span> 
     </span>
    </p>
   </div>
   <div class='ocr_carea' id='block_1_68' title="bbox 244 3858 1834 3938">
    <p class='ocr_par' dir='ltr' id='par_1_68' title="bbox 244 3858 1834 3938">
     <span class='ocr_line' id='line_1_68' title="bbox 244 3858 1834 3938; baseline -0.006 -18"><span class='ocrx_word' id='word_1_564' title='bbox 244 3873 427 3938; x_wconf 85' lang='lat' dir='ltr'><strong>potest</strong></span> <span class='ocrx_word' id='word_1_565' title='bbox 461 3862 840 3933; x_wconf 85' lang='lat' dir='ltr'><strong>comprehendi</strong></span> <span class='ocrx_word' id='word_1_566' title='bbox 864 3904 878 3928; x_wconf 95' lang='lat'><strong>,</strong></span> <span class='ocrx_word' id='word_1_567' title='bbox 909 3877 1004 3915; x_wconf 90' lang='lat' dir='ltr'><strong>nec</strong></span> <span class='ocrx_word' id='word_1_568' title='bbox 1032 3861 1172 3915; x_wconf 93' lang='lat' dir='ltr'><strong>ul-Ius</strong></span> <span class='ocrx_word' id='word_1_569' title='bbox 1200 3872 1280 3913; x_wconf 87' lang='lat' dir='ltr'><strong>est</strong></span> <span class='ocrx_word' id='word_1_570' title='bbox 1321 3861 1465 3913; x_wconf 80' lang='lat' dir='ltr'><strong>locus</strong></span> <span class='ocrx_word' id='word_1_571' title='bbox 1492 3875 1520 3913; x_wconf 93' lang='lat' dir='ltr'><strong>a</strong></span> <span class='ocrx_word' id='word_1_572' title='bbox 1547 3874 1651 3929; x_wconf 92' lang='lat' dir='ltr'><strong>quo</strong></span> <span class='ocrx_word' id='word_1_573' title='bbox 1678 3858 1834 3912; x_wconf 89' lang='lat' dir='ltr'><strong>absit.</strong></span> 
     </span>
    </p>
   </div>
   <div class='ocr_carea' id='block_1_69' title="bbox 247 3950 1838 4030">
    <p class='ocr_par' dir='ltr' id='par_1_69' title="bbox 247 3950 1838 4030">
     <span class='ocr_line' id='line_1_69' title="bbox 247 3950 1838 4030; baseline -0.006 -18"><span class='ocrx_word' id='word_1_574' title='bbox 247 3958 420 4030; x_wconf 81' lang='lat' dir='ltr'><strong>Hujus</strong></span> <span class='ocrx_word' id='word_1_575' title='bbox 447 3956 679 4012; x_wconf 83' lang='lat' dir='ltr'><strong>Verbum</strong></span> <span class='ocrx_word' id='word_1_576' title='bbox 713 3953 1024 4008; x_wconf 75' lang='lat' dir='ltr'><strong>immortalis</strong></span> <span class='ocrx_word' id='word_1_577' title='bbox 1051 3961 1132 4005; x_wconf 86' lang='lat' dir='ltr'><strong>cst</strong></span> <span class='ocrx_word' id='word_1_578' title='bbox 1159 3951 1440 4019; x_wconf 82' lang='lat' dir='ltr'><strong>sapientia,</strong></span> <span class='ocrx_word' id='word_1_579' title='bbox 1465 3950 1838 4019; x_wconf 79' lang='lat' dir='ltr'><strong>itiCorruplibi-</strong></span> 
     </span>
    </p>
   </div>
   <div class='ocr_carea' id='block_1_70' title="bbox 245 4042 1837 4115">
    <p class='ocr_par' dir='ltr' id='par_1_70' title="bbox 245 4042 1837 4115">
     <span class='ocr_line' id='line_1_70' title="bbox 245 4042 1837 4115; baseline -0.006 -10"><span class='ocrx_word' id='word_1_580' title='bbox 245 4050 337 4115; x_wconf 86' lang='lat' dir='ltr'><strong>iis,</strong></span> <span class='ocrx_word' id='word_1_581' title='bbox 365 4049 660 4115; x_wconf 86' lang='lat' dir='ltr'><strong>invisibilis,</strong></span> <span class='ocrx_word' id='word_1_582' title='bbox 678 4049 814 4101; x_wconf 88' lang='lat' dir='ltr'><strong>ﬁlius</strong></span> <span class='ocrx_word' id='word_1_583' title='bbox 831 4044 1225 4114; x_wconf 75' lang='lat' dir='ltr'><strong>primogenitus,</strong></span> <span class='ocrx_word' id='word_1_584' title='bbox 1244 4058 1460 4112; x_wconf 89' lang='lat' dir='ltr'><strong>operum</strong></span> <span class='ocrx_word' id='word_1_585' title='bbox 1482 4045 1677 4107; x_wconf 90' lang='lat' dir='ltr'><strong>socius,</strong></span> <span class='ocrx_word' id='word_1_586' title='bbox 1696 4042 1837 4110; x_wconf 86' lang='lat' dir='ltr'><strong>prin-</strong></span> 
     </span>
    </p>
   </div>
   <div class='ocr_carea' id='block_1_71' title="bbox 247 4133 1833 4209">
    <p class='ocr_par' dir='ltr' id='par_1_71' title="bbox 247 4133 1833 4209">
     <span class='ocr_line' id='line_1_71' title="bbox 247 4133 1833 4209; baseline -0.008 -13"><span class='ocrx_word' id='word_1_587' title='bbox 247 4140 389 4209; x_wconf 85' lang='lat' dir='ltr'><strong>cipio</strong></span> <span class='ocrx_word' id='word_1_588' title='bbox 418 4152 638 4203; x_wconf 88' lang='lat' dir='ltr'><strong>carens,</strong></span> <span class='ocrx_word' id='word_1_589' title='bbox 668 4139 766 4191; x_wconf 80' lang='lat' dir='ltr'><strong>Sub</strong></span> <span class='ocrx_word' id='word_1_590' title='bbox 795 4146 988 4190; x_wconf 86' lang='lat' dir='ltr'><strong>tactum</strong></span> <span class='ocrx_word' id='word_1_591' title='bbox 1020 4149 1126 4188; x_wconf 93' lang='lat' dir='ltr'><strong>non</strong></span> <span class='ocrx_word' id='word_1_592' title='bbox 1156 4135 1385 4197; x_wconf 87' lang='lat' dir='ltr'><strong>cadens,</strong></span> <span class='ocrx_word' id='word_1_593' title='bbox 1418 4149 1588 4201; x_wconf 87' lang='lat' dir='ltr'><strong>neque</strong></span> <span class='ocrx_word' id='word_1_594' title='bbox 1636 4133 1833 4202; x_wconf 85' lang='lat' dir='ltr'><strong>princi-</strong></span> 
     </span>
    </p>
   </div>
   <div class='ocr_carea' id='block_1_72' title="bbox 247 4224 1834 4302">
    <p class='ocr_par' dir='ltr' id='par_1_72' title="bbox 247 4224 1834 4302">
     <span class='ocr_line' id='line_1_72' title="bbox 247 4224 1834 4302; baseline -0.006 -18"><span class='ocrx_word' id='word_1_595' title='bbox 247 4231 397 4302; x_wconf 85' lang='lat' dir='ltr'><strong>pium</strong></span> <span class='ocrx_word' id='word_1_596' title='bbox 448 4229 648 4284; x_wconf 86' lang='lat' dir='ltr'><strong>habens</strong></span> <span class='ocrx_word' id='word_1_597' title='bbox 677 4229 917 4291; x_wconf 84' lang='lat' dir='ltr'><strong>dierutn,</strong></span> <span class='ocrx_word' id='word_1_598' title='bbox 952 4241 1121 4294; x_wconf 88' lang='lat' dir='ltr'><strong>neque</strong></span> <span class='ocrx_word' id='word_1_599' title='bbox 1167 4224 1320 4277; x_wconf 91' lang='lat' dir='ltr'><strong>ﬁnem</strong></span> <span class='ocrx_word' id='word_1_600' title='bbox 1352 4224 1471 4278; x_wconf 69' lang='lat' dir='ltr'><strong>vita:</strong></span> <span class='ocrx_word' id='word_1_601' title='bbox 1501 4234 1834 4291; x_wconf 72' lang='lat' dir='ltr'><strong>exspectans.</strong></span> 
     </span>
    </p>
   </div>
   <div class='ocr_carea' id='block_1_73' title="bbox 255 4313 1840 4390">
    <p class='ocr_par' dir='ltr' id='par_1_73' title="bbox 255 4313 1840 4390">
     <span class='ocr_line' id='line_1_73' title="bbox 255 4313 1840 4390; baseline -0.007 -12"><span class='ocrx_word' id='word_1_602' title='bbox 255 4324 442 4378; x_wconf 81' lang='lat' dir='ltr'><strong>Omnia</strong></span> <span class='ocrx_word' id='word_1_603' title='bbox 458 4338 545 4390; x_wconf 83' lang='lat' dir='ltr'><strong>per</strong></span> <span class='ocrx_word' id='word_1_604' title='bbox 565 4323 728 4390; x_wconf 84' lang='lat' dir='ltr'><strong>ipsum</strong></span> <span class='ocrx_word' id='word_1_605' title='bbox 745 4319 882 4388; x_wconf 86' lang='lat' dir='ltr'><strong>facta</strong></span> <span class='ocrx_word' id='word_1_606' title='bbox 897 4329 1030 4379; x_wconf 77' lang='lat' dir='ltr'><strong>sunt,</strong></span> <span class='ocrx_word' id='word_1_607' title='bbox 1066 4324 1111 4369; x_wconf 82' lang='lat' dir='ltr'><strong>et</strong></span> <span class='ocrx_word' id='word_1_608' title='bbox 1140 4318 1248 4370; x_wconf 83' lang='lat' dir='ltr'><strong>sine</strong></span> <span class='ocrx_word' id='word_1_609' title='bbox 1276 4317 1384 4386; x_wconf 86' lang='lat' dir='ltr'><strong>ipso</strong></span> <span class='ocrx_word' id='word_1_610' title='bbox 1414 4320 1601 4385; x_wconf 84' lang='lat' dir='ltr'><strong>factum</strong></span> <span class='ocrx_word' id='word_1_611' title='bbox 1616 4325 1686 4368; x_wconf 84' lang='lat' dir='ltr'><strong>est</strong></span> <span class='ocrx_word' id='word_1_612' title='bbox 1712 4313 1840 4367; x_wconf 85' lang='lat' dir='ltr'><strong>nihil</strong></span> 
     </span>
    </p>
   </div>
   <div class='ocr_carea' id='block_1_74' title="bbox 256 4403 1836 4484">
    <p class='ocr_par' dir='ltr' id='par_1_74' title="bbox 256 4403 1836 4484">
     <span class='ocr_line' id='line_1_74' title="bbox 256 4403 1836 4484; baseline -0.009 -14"><span class='ocrx_word' id='word_1_613' title='bbox 256 4415 438 4484; x_wconf 83' lang='lat' dir='ltr'><strong>(Joan.</strong></span> <span class='ocrx_word' id='word_1_614' title='bbox 474 4414 603 4482; x_wconf 76' lang='grc'><strong>1,3).</strong></span> <span class='ocrx_word' id='word_1_615' title='bbox 631 4408 834 4480; x_wconf 86' lang='lat' dir='ltr'><strong>Ipseest</strong></span> <span class='ocrx_word' id='word_1_616' title='bbox 858 4409 942 4477; x_wconf 90' lang='lat' dir='ltr'><strong>qui</strong></span> <span class='ocrx_word' id='word_1_617' title='bbox 974 4407 1239 4462; x_wconf 84' lang='lat' dir='ltr'><strong>hominem</strong></span> <span class='ocrx_word' id='word_1_618' title='bbox 1262 4405 1558 4459; x_wconf 79' lang='lat' dir='ltr'><strong>etiorniavit</strong></span> <span class='ocrx_word' id='word_1_619' title='bbox 1580 4424 1591 4456; x_wconf 93' lang='lat'><strong>:</strong></span> <span class='ocrx_word' id='word_1_620' title='bbox 1615 4408 1726 4472; x_wconf 87' lang='lat' dir='ltr'><strong>ipse</strong></span> <span class='ocrx_word' id='word_1_621' title='bbox 1761 4403 1836 4473; x_wconf 67' lang='lat'><strong>(2)</strong></span> 
     </span>
    </p>
   </div>
   <div class='ocr_carea' id='block_1_75' title="bbox 252 4498 1840 4580">
    <p class='ocr_par' dir='ltr' id='par_1_75' title="bbox 252 4498 1840 4580">
     <span class='ocr_line' id='line_1_75' title="bbox 252 4498 1840 4580; baseline -0.008 -17"><span class='ocrx_word' id='word_1_622' title='bbox 252 4511 344 4580; x_wconf 88' lang='lat' dir='ltr'><strong>qui</strong></span> <span class='ocrx_word' id='word_1_623' title='bbox 373 4508 632 4563; x_wconf 86' lang='lat' dir='ltr'><strong>rationem</strong></span> <span class='ocrx_word' id='word_1_624' title='bbox 668 4503 987 4559; x_wconf 56' lang='lat' dir='ltr'><strong>fabricanda:</strong></span> <span class='ocrx_word' id='word_1_625' title='bbox 1035 4515 1171 4553; x_wconf 66' lang='lat' dir='ltr'><strong>arcae</strong></span> <span class='ocrx_word' id='word_1_626' title='bbox 1203 4500 1554 4560; x_wconf 84' lang='lat' dir='ltr'><strong>monstravit;</strong></span> <span class='ocrx_word' id='word_1_627' title='bbox 1607 4498 1721 4566; x_wconf 86' lang='lat' dir='ltr'><strong>ipse</strong></span> <span class='ocrx_word' id='word_1_628' title='bbox 1749 4498 1840 4566; x_wconf 88' lang='lat' dir='ltr'><strong>qui</strong></span> 
     </span>
    </p>
   </div>
   <div class='ocr_carea' id='block_1_76' title="bbox 256 4589 1845 4673">
    <p class='ocr_par' dir='ltr' id='par_1_76' title="bbox 256 4589 1845 4673">
     <span class='ocr_line' id='line_1_76' title="bbox 256 4589 1845 4673; baseline -0.011 -15"><span class='ocrx_word' id='word_1_629' title='bbox 256 4601 665 4673; x_wconf 85' lang='lat' dir='ltr'><strong>promissionem</strong></span> <span class='ocrx_word' id='word_1_630' title='bbox 689 4595 834 4650; x_wconf 87' lang='lat' dir='ltr'><strong>dedit</strong></span> <span class='ocrx_word' id='word_1_631' title='bbox 857 4593 1116 4655; x_wconf 84' lang='lat' dir='ltr'><strong>Abrahae;</strong></span> <span class='ocrx_word' id='word_1_632' title='bbox 1152 4591 1357 4659; x_wconf 90' lang='lat' dir='ltr'><strong>ipsequi</strong></span> <span class='ocrx_word' id='word_1_633' title='bbox 1379 4589 1652 4644; x_wconf 89' lang='lat' dir='ltr'><strong>descendit</strong></span> <span class='ocrx_word' id='word_1_634' title='bbox 1671 4599 1727 4642; x_wconf 90' lang='lat' dir='ltr'><strong>ut</strong></span> <span class='ocrx_word' id='word_1_635' title='bbox 1756 4603 1845 4656; x_wconf 87' lang='lat' dir='ltr'><strong>po-</strong></span> 
     </span>
    </p>
   </div>
   <div class='ocr_carea' id='block_1_77' title="bbox 2007 3663 3519 3741">
    <p class='ocr_par' dir='ltr' id='par_1_77' title="bbox 2007 3663 3519 3741">
     <span class='ocr_line' id='line_1_77' title="bbox 2007 3663 3519 3741; baseline -0.009 -13"><span class='ocrx_word' id='word_1_636' title='bbox 2007 3671 2088 3733; x_wconf 80' lang='grc' dir='ltr'><strong>Εἷς</strong></span> <span class='ocrx_word' id='word_1_637' title='bbox 2125 3676 2245 3732; x_wconf 83' lang='grc' dir='ltr'>Θεὸς</span> <span class='ocrx_word' id='word_1_638' title='bbox 2294 3669 2573 3730; x_wconf 81' lang='grc' dir='ltr'>ἀθάνατος,</span> <span class='ocrx_word' id='word_1_639' title='bbox 2616 3667 2837 3741; x_wconf 81' lang='grc' dir='ltr'>ἀόρατος</span> <span class='ocrx_word' id='word_1_640' title='bbox 2869 3705 2883 3729; x_wconf 89' lang='grc'><strong>,</strong></span> <span class='ocrx_word' id='word_1_641' title='bbox 2927 3663 3264 3734; x_wconf 73' lang='grc' dir='ltr'>άψηλάφητος⁶</span> <span class='ocrx_word' id='word_1_642' title='bbox 3318 3667 3519 3730; x_wconf 85' lang='grc' dir='ltr'>πνεῦμα</span> 
     </span>
    </p>
   </div>
   <div class='ocr_carea' id='block_1_78' title="bbox 1937 3741 3513 3836">
    <p class='ocr_par' dir='ltr' id='par_1_78' title="bbox 1937 3741 3513 3836">
     <span class='ocr_line' id='line_1_78' title="bbox 1937 3741 3513 3836; baseline -0.011 -18"><span class='ocrx_word' id='word_1_643' title='bbox 1937 3767 2033 3836; x_wconf 87' lang='grc' dir='ltr'><strong>γάρ</strong></span> <span class='ocrx_word' id='word_1_644' title='bbox 2075 3763 2099 3816; x_wconf 87' lang='grc' dir='ltr'><strong>ὁ</strong></span> <span class='ocrx_word' id='word_1_645' title='bbox 2140 3764 2264 3821; x_wconf 85' lang='grc' dir='ltr'>θεὸς.</span> <span class='ocrx_word' id='word_1_646' title='bbox 2305 3757 2454 3819; x_wconf 75' lang='grc' dir='ltr'>οὗτος</span> <span class='ocrx_word' id='word_1_647' title='bbox 2493 3761 2791 3831; x_wconf 81' lang='grc' dir='ltr'>άχὼριστος</span> <span class='ocrx_word' id='word_1_648' title='bbox 2845 3757 3039 3823; x_wconf 79' lang='lat' dir='ltr'><strong>(forte,</strong></span> <span class='ocrx_word' id='word_1_649' title='bbox 3077 3741 3404 3824; x_wconf 82' lang='grc' dir='ltr'>ἁχώρητος),</span> <span class='ocrx_word' id='word_1_650' title='bbox 3445 3756 3513 3818; x_wconf 81' lang='grc' dir='ltr'>μὴ</span> 
     </span>
    </p>
   </div>
   <div class='ocr_carea' id='block_1_79' title="bbox 1937 3839 3512 3928">
    <p class='ocr_par' dir='ltr' id='par_1_79' title="bbox 1937 3839 3512 3928">
     <span class='ocr_line' id='line_1_79' title="bbox 1937 3839 3512 3928; baseline -0.013 -17"><span class='ocrx_word' id='word_1_651' title='bbox 1937 3856 2076 3928; x_wconf 78' lang='grc' dir='ltr'>ἔχων</span> <span class='ocrx_word' id='word_1_652' title='bbox 2101 3857 2255 3911; x_wconf 85' lang='grc' dir='ltr'>τόπον</span> <span class='ocrx_word' id='word_1_653' title='bbox 2283 3853 2408 3908; x_wconf 81' lang='grc' dir='ltr'>ὅπου</span> <span class='ocrx_word' id='word_1_654' title='bbox 2451 3853 2540 3905; x_wconf 79' lang='grc' dir='ltr'><strong>οὐκ</strong></span> <span class='ocrx_word' id='word_1_655' title='bbox 2576 3848 2728 3904; x_wconf 76' lang='grc' dir='ltr'>ἔστιν.</span> <span class='ocrx_word' id='word_1_656' title='bbox 2769 3847 2793 3900; x_wconf 88' lang='lat'><strong>6</strong></span> <span class='ocrx_word' id='word_1_657' title='bbox 2841 3849 3025 3900; x_wconf 81' lang='grc' dir='ltr'>τούτου</span> <span class='ocrx_word' id='word_1_658' title='bbox 3065 3844 3234 3914; x_wconf 81' lang='grc' dir='ltr'>λόγος,</span> <span class='ocrx_word' id='word_1_659' title='bbox 3266 3839 3512 3898; x_wconf 74' lang='grc' dir='ltr'>ἀθάνατος</span> 
     </span>
    </p>
   </div>
   <div class='ocr_carea' id='block_1_80' title="bbox 1937 3930 3510 4019">
    <p class='ocr_par' dir='ltr' id='par_1_80' title="bbox 1937 3930 3510 4019">
     <span class='ocr_line' id='line_1_80' title="bbox 1937 3930 3510 4019; baseline -0.013 -16"><span class='ocrx_word' id='word_1_660' title='bbox 1937 3951 2088 4019; x_wconf 70' lang='grc' dir='ltr'>σοφία</span> <span class='ocrx_word' id='word_1_661' title='bbox 2106 3989 2118 4011; x_wconf 88' lang='grc'><strong>,</strong></span> <span class='ocrx_word' id='word_1_662' title='bbox 2149 3943 2397 4019; x_wconf 63' lang='grc' dir='ltr'>ἄφθαρτος</span> <span class='ocrx_word' id='word_1_663' title='bbox 2418 3983 2431 4007; x_wconf 94' lang='grc'><strong>,</strong></span> <span class='ocrx_word' id='word_1_664' title='bbox 2463 3939 2679 4016; x_wconf 80' lang='grc' dir='ltr'>ἀόρατος</span> <span class='ocrx_word' id='word_1_665' title='bbox 2700 3980 2712 3998; x_wconf 82' lang='grc'><strong>,</strong></span> <span class='ocrx_word' id='word_1_666' title='bbox 2742 3938 2850 3998; x_wconf 77' lang='grc' dir='ltr'>υίὸς</span> <span class='ocrx_word' id='word_1_667' title='bbox 2879 3935 3215 4010; x_wconf 77' lang='grc' dir='ltr'>πρωτότοκος,</span> <span class='ocrx_word' id='word_1_668' title='bbox 3247 3930 3510 4005; x_wconf 82' lang='grc' dir='ltr'>συνεργὸς,</span> 
     </span>
    </p>
   </div>
   <div class='ocr_carea' id='block_1_81' title="bbox 1941 4024 3512 4119">
    <p class='ocr_par' dir='ltr' id='par_1_81' title="bbox 1941 4024 3512 4119">
     <span class='ocr_line' id='line_1_81' title="bbox 1941 4024 3512 4119; baseline -0.015 -20"><span class='ocrx_word' id='word_1_669' title='bbox 1941 4042 2172 4119; x_wconf 79' lang='grc' dir='ltr'>ἄναρχος</span> <span class='ocrx_word' id='word_1_670' title='bbox 2195 4082 2208 4102; x_wconf 88' lang='grc'><strong>,</strong></span> <span class='ocrx_word' id='word_1_671' title='bbox 2237 4038 2559 4110; x_wconf 65' lang='grc' dir='ltr'>άψηλάφητος</span> <span class='ocrx_word' id='word_1_672' title='bbox 2579 4077 2591 4099; x_wconf 94' lang='grc'><strong>,</strong></span> <span class='ocrx_word' id='word_1_673' title='bbox 2620 4039 2743 4106; x_wconf 76' lang='grc' dir='ltr'>μήτε</span> <span class='ocrx_word' id='word_1_674' title='bbox 2775 4035 2944 4105; x_wconf 65' lang='grc' dir='ltr'>ἀρχὴν</span> <span class='ocrx_word' id='word_1_675' title='bbox 2973 4032 3168 4098; x_wconf 71' lang='grc' dir='ltr'>ἡμερῶν</span> <span class='ocrx_word' id='word_1_676' title='bbox 3195 4024 3335 4094; x_wconf 79' lang='grc' dir='ltr'>ἔχων</span> <span class='ocrx_word' id='word_1_677' title='bbox 3353 4066 3365 4085; x_wconf 84' lang='grc'><strong>,</strong></span> <span class='ocrx_word' id='word_1_678' title='bbox 3389 4027 3512 4093; x_wconf 76' lang='grc' dir='ltr'>μήτε</span> 
     </span>
    </p>
   </div>
   <div class='ocr_carea' id='block_1_82' title="bbox 1941 4119 3519 4205">
    <p class='ocr_par' dir='ltr' id='par_1_82' title="bbox 1941 4119 3519 4205">
     <span class='ocr_line' id='line_1_82' title="bbox 1941 4119 3519 4205; baseline -0.015 -14"><span class='ocrx_word' id='word_1_679' title='bbox 1941 4137 2076 4195; x_wconf 79' lang='grc' dir='ltr'>τέλος</span> <span class='ocrx_word' id='word_1_680' title='bbox 2108 4139 2237 4198; x_wconf 79' lang='grc' dir='ltr'>ζωῆς</span> <span class='ocrx_word' id='word_1_681' title='bbox 2273 4129 2581 4205; x_wconf 80' lang='grc' dir='ltr'>προσδοκῶν.</span> <span class='ocrx_word' id='word_1_682' title='bbox 2614 4125 2697 4181; x_wconf 86' lang='grc' dir='ltr'><strong>διά</strong></span> <span class='ocrx_word' id='word_1_683' title='bbox 2728 4130 2904 4179; x_wconf 75' lang='grc' dir='ltr'>τούτου</span> <span class='ocrx_word' id='word_1_684' title='bbox 2930 4123 3114 4193; x_wconf 82' lang='grc' dir='ltr'>ἐγένετο</span> <span class='ocrx_word' id='word_1_685' title='bbox 3139 4121 3204 4171; x_wconf 86' lang='grc' dir='ltr'><strong>τά</strong></span> <span class='ocrx_word' id='word_1_686' title='bbox 3230 4119 3415 4175; x_wconf 84' lang='grc' dir='ltr'>πάντα.</span> <span class='ocrx_word' id='word_1_687' title='bbox 3436 4119 3519 4168; x_wconf 81' lang='grc' dir='ltr'><strong>καί</strong></span> 
     </span>
    </p>
   </div>
   <div class='ocr_carea' id='block_1_83' title="bbox 1943 4203 3519 4300">
    <p class='ocr_par' dir='ltr' id='par_1_83' title="bbox 1943 4203 3519 4300">
     <span class='ocr_line' id='line_1_83' title="bbox 1943 4203 3519 4300; baseline -0.015 -21"><span class='ocrx_word' id='word_1_688' title='bbox 1943 4229 2108 4300; x_wconf 87' lang='grc' dir='ltr'>χωρὶς</span> <span class='ocrx_word' id='word_1_689' title='bbox 2131 4226 2284 4277; x_wconf 76' lang='grc' dir='ltr'>αὐτοῦ</span> <span class='ocrx_word' id='word_1_690' title='bbox 2316 4224 2508 4292; x_wconf 79' lang='grc' dir='ltr'>ἐγένετο</span> <span class='ocrx_word' id='word_1_691' title='bbox 2529 4216 2638 4271; x_wconf 68' lang='grc' dir='ltr'><strong>οὐδὲ</strong></span> <span class='ocrx_word' id='word_1_692' title='bbox 2664 4218 2735 4270; x_wconf 81' lang='grc' dir='ltr'><strong>ἓν.</strong></span> <span class='ocrx_word' id='word_1_693' title='bbox 2765 4214 2916 4272; x_wconf 78' lang='grc' dir='ltr'>αὐτὸς</span> <span class='ocrx_word' id='word_1_694' title='bbox 2942 4211 2965 4264; x_wconf 87' lang='lat'><strong>6</strong></span> <span class='ocrx_word' id='word_1_695' title='bbox 2987 4211 3184 4268; x_wconf 78' lang='grc' dir='ltr'>πλάσας</span> <span class='ocrx_word' id='word_1_696' title='bbox 3209 4208 3293 4260; x_wconf 86' lang='grc' dir='ltr'>τὸν</span> <span class='ocrx_word' id='word_1_697' title='bbox 3327 4203 3519 4278; x_wconf 79' lang='grc' dir='ltr'>ἅνθρω-</span> 
     </span>
    </p>
   </div>
   <div class='ocr_carea' id='block_1_84' title="bbox 1941 4292 3521 4372">
    <p class='ocr_par' dir='ltr' id='par_1_84' title="bbox 1941 4292 3521 4372">
     <span class='ocr_line' id='line_1_84' title="bbox 1941 4292 3521 4372; baseline -0.015 -3"><span class='ocrx_word' id='word_1_698' title='bbox 1941 4333 2055 4370; x_wconf 83' lang='grc' dir='ltr'>πον⁶</span> <span class='ocrx_word' id='word_1_699' title='bbox 2088 4310 2230 4372; x_wconf 78' lang='grc' dir='ltr'>οὗτος</span> <span class='ocrx_word' id='word_1_700' title='bbox 2262 4311 2286 4365; x_wconf 85' lang='grc' dir='ltr'><strong>ὁ</strong></span> <span class='ocrx_word' id='word_1_701' title='bbox 2315 4317 2405 4368; x_wconf 76' lang='grc' dir='ltr'>τήν</span> <span class='ocrx_word' id='word_1_702' title='bbox 2434 4309 2648 4362; x_wconf 75' lang='grc' dir='ltr'>κιϐωτὸν</span> <span class='ocrx_word' id='word_1_703' title='bbox 2679 4305 2860 4368; x_wconf 75' lang='grc' dir='ltr'>δείξας,</span> <span class='ocrx_word' id='word_1_704' title='bbox 2893 4309 3000 4360; x_wconf 81' lang='grc' dir='ltr'>πῶς</span> <span class='ocrx_word' id='word_1_705' title='bbox 3024 4303 3105 4353; x_wconf 84' lang='grc' dir='ltr'>’ἱνα</span> <span class='ocrx_word' id='word_1_706' title='bbox 3132 4300 3350 4370; x_wconf 79' lang='grc' dir='ltr'>γένηται.</span> <span class='ocrx_word' id='word_1_707' title='bbox 3373 4292 3521 4353; x_wconf 70' lang='grc' dir='ltr'>οὗτος</span> 
     </span>
    </p>
   </div>
   <div class='ocr_carea' id='block_1_85' title="bbox 1944 4388 3521 4478">
    <p class='ocr_par' dir='ltr' id='par_1_85' title="bbox 1944 4388 3521 4478">
     <span class='ocr_line' id='line_1_85' title="bbox 1944 4388 3521 4478; baseline -0.016 -15"><span class='ocrx_word' id='word_1_708' title='bbox 1944 4410 1968 4463; x_wconf 84' lang='grc' dir='ltr'>ὁ</span> <span class='ocrx_word' id='word_1_709' title='bbox 1997 4414 2084 4467; x_wconf 72' lang='grc' dir='ltr'><strong>τήν</strong></span> <span class='ocrx_word' id='word_1_710' title='bbox 2115 4406 2411 4478; x_wconf 82' lang='grc' dir='ltr'>ἐπαγγελίαν</span> <span class='ocrx_word' id='word_1_711' title='bbox 2442 4401 2560 4460; x_wconf 78' lang='grc' dir='ltr'>δοὺς</span> <span class='ocrx_word' id='word_1_712' title='bbox 2594 4408 2663 4469; x_wconf 83' lang='grc' dir='ltr'><strong>τῷ</strong></span> <span class='ocrx_word' id='word_1_713' title='bbox 2685 4397 2929 4472; x_wconf 62' lang='grc' dir='ltr'>Ἁϐραάμ.</span> <span class='ocrx_word' id='word_1_714' title='bbox 2960 4390 3104 4452; x_wconf 77' lang='grc' dir='ltr'>οὗτος</span> <span class='ocrx_word' id='word_1_715' title='bbox 3133 4393 3156 4444; x_wconf 90' lang='lat'><strong>6</strong></span> <span class='ocrx_word' id='word_1_716' title='bbox 3187 4388 3408 4446; x_wconf 76' lang='grc' dir='ltr'>καταϐὰς</span> <span class='ocrx_word' id='word_1_717' title='bbox 3437 4389 3521 4439; x_wconf 83' lang='grc' dir='ltr'>ὲπί</span> 
     </span>
    </p>
   </div>
   <div class='ocr_carea' id='block_1_86' title="bbox 1947 4475 3522 4562">
    <p class='ocr_par' dir='ltr' id='par_1_86' title="bbox 1947 4475 3522 4562">
     <span class='ocr_line' id='line_1_86' title="bbox 1947 4475 3522 4562; baseline -0.016 -10"><span class='ocrx_word' id='word_1_718' title='bbox 1947 4501 2004 4552; x_wconf 82' lang='grc' dir='ltr'>τὸ</span> <span class='ocrx_word' id='word_1_719' title='bbox 2035 4505 2201 4554; x_wconf 81' lang='grc' dir='ltr'>σῶσαι</span> <span class='ocrx_word' id='word_1_720' title='bbox 2228 4497 2312 4550; x_wconf 77' lang='grc' dir='ltr'>τὸν</span> <span class='ocrx_word' id='word_1_721' title='bbox 2339 4495 2472 4550; x_wconf 83' lang='grc' dir='ltr'>λαὸν,</span> <span class='ocrx_word' id='word_1_722' title='bbox 2505 4491 2529 4546; x_wconf 89' lang='lat'><strong>6</strong></span> <span class='ocrx_word' id='word_1_723' title='bbox 2558 4497 2710 4562; x_wconf 74' lang='grc' dir='ltr'>Μωσῇ</span> <span class='ocrx_word' id='word_1_724' title='bbox 2741 4489 2822 4542; x_wconf 80' lang='grc' dir='ltr'>τὸν</span> <span class='ocrx_word' id='word_1_725' title='bbox 2848 4488 2996 4556; x_wconf 72' lang='grc' dir='ltr'>νόμον</span> <span class='ocrx_word' id='word_1_726' title='bbox 3018 4483 3155 4541; x_wconf 68' lang='grc' dir='ltr'>δοῦς’</span> <span class='ocrx_word' id='word_1_727' title='bbox 3188 4475 3337 4537; x_wconf 76' lang='grc' dir='ltr'>οὗτος</span> <span class='ocrx_word' id='word_1_728' title='bbox 3365 4477 3388 4530; x_wconf 87' lang='lat'><strong>6</strong></span> <span class='ocrx_word' id='word_1_729' title='bbox 3415 4478 3522 4535; x_wconf 80' lang='grc' dir='ltr'>θεὸς</span> 
     </span>
    </p>
   </div>
   <div class='ocr_carea' id='block_1_87' title="bbox 1949 4575 3525 4667">
    <p class='ocr_par' dir='ltr' id='par_1_87' title="bbox 1949 4575 3525 4667">
     <span class='ocr_line' id='line_1_87' title="bbox 1949 4575 3525 4667; baseline -0.016 -20"><span class='ocrx_word' id='word_1_730' title='bbox 1949 4592 2201 4667; x_wconf 65' lang='grc' dir='ltr'>Ἀϐραὰμ,</span> <span class='ocrx_word' id='word_1_731' title='bbox 2218 4594 2299 4643; x_wconf 81' lang='grc' dir='ltr'><strong>καὶ</strong></span> <span class='ocrx_word' id='word_1_732' title='bbox 2322 4589 2424 4647; x_wconf 79' lang='grc' dir='ltr'>θεὸς</span> <span class='ocrx_word' id='word_1_733' title='bbox 2454 4585 2645 4645; x_wconf 71' lang='grc' dir='ltr'>Ἰσαὰκ,</span> <span class='ocrx_word' id='word_1_734' title='bbox 2663 4585 2746 4635; x_wconf 77' lang='grc' dir='ltr'>καί</span> <span class='ocrx_word' id='word_1_735' title='bbox 2770 4583 2874 4639; x_wconf 81' lang='grc' dir='ltr'>θεὸς</span> <span class='ocrx_word' id='word_1_736' title='bbox 2895 4576 3134 4631; x_wconf 36' lang='lat' dir='ltr'><strong>indigi</strong></span> <span class='ocrx_word' id='word_1_737' title='bbox 3167 4576 3215 4627; x_wconf 81' lang='grc' dir='ltr'>ὲν</span> <span class='ocrx_word' id='word_1_738' title='bbox 3244 4575 3525 4645; x_wconf 48' lang='grc' dir='ltr'>προγήταις</span> 
     </span>
    </p>
   </div>
   <div class='ocr_carea' id='block_1_88' title="bbox 254 4658 1829 4764">
    <p class='ocr_par' dir='ltr' id='par_1_88' title="bbox 254 4658 1829 4764">
     <span class='ocr_line' id='line_1_88' title="bbox 254 4658 1829 4764; baseline -0.01 -18"><span class='ocrx_word' id='word_1_739' title='bbox 254 4658 439 4764; x_wconf 71' lang='lat' dir='ltr'><strong>pulum</strong></span> <span class='ocrx_word' id='word_1_740' title='bbox 486 4689 687 4744; x_wconf 87' lang='lat' dir='ltr'><strong>salvum</strong></span> <span class='ocrx_word' id='word_1_741' title='bbox 723 4687 938 4749; x_wconf 74' lang='lat' dir='ltr'><strong>faceret,</strong></span> <span class='ocrx_word' id='word_1_742' title='bbox 963 4683 1054 4755; x_wconf 90' lang='lat' dir='ltr'><strong>qui</strong></span> <span class='ocrx_word' id='word_1_743' title='bbox 1102 4658 1266 4752; x_wconf 67' lang='lat' dir='ltr'><strong>lloysi</strong></span> <span class='ocrx_word' id='word_1_744' title='bbox 1293 4658 1482 4749; x_wconf 79' lang='lat' dir='ltr'><strong>legem</strong></span> <span class='ocrx_word' id='word_1_745' title='bbox 1532 4679 1720 4732; x_wconf 89' lang='lat' dir='ltr'><strong>dedit:</strong></span> <span class='ocrx_word' id='word_1_746' title='bbox 1754 4678 1829 4731; x_wconf 75' lang='lat' dir='ltr'><strong>hic</strong></span> 
     </span>
    </p>
   </div>
   <div class='ocr_carea' id='block_1_89' title="bbox 1936 4658 3524 4764">
    <p class='ocr_par' dir='ltr' id='par_1_89' title="bbox 1941 4658 3524 4748">
     <span class='ocr_line' id='line_1_89' title="bbox 1941 4658 3524 4748; baseline -0.015 -13"><span class='ocrx_word' id='word_1_747' title='bbox 1941 4682 2163 4739; x_wconf 80' lang='grc' dir='ltr'>λαλήσας</span> <span class='ocrx_word' id='word_1_748' title='bbox 2183 4720 2194 4738; x_wconf 84' lang='grc'><strong>,</strong></span> <span class='ocrx_word' id='word_1_749' title='bbox 2233 4678 2257 4732; x_wconf 85' lang='lat'><strong>6</strong></span> <span class='ocrx_word' id='word_1_750' title='bbox 2286 4677 2566 4748; x_wconf 77' lang='grc' dir='ltr'>διαθέμενος</span> <span class='ocrx_word' id='word_1_751' title='bbox 2599 4679 2690 4730; x_wconf 67' lang='grc' dir='ltr'><strong>τήν</strong></span> <span class='ocrx_word' id='word_1_752' title='bbox 2733 4671 2952 4725; x_wconf 77' lang='grc' dir='ltr'>παλαιάν</span> <span class='ocrx_word' id='word_1_753' title='bbox 2988 4669 3065 4719; x_wconf 78' lang='grc' dir='ltr'>καί</span> <span class='ocrx_word' id='word_1_754' title='bbox 3102 4669 3189 4721; x_wconf 70' lang='grc' dir='ltr'><strong>τήν</strong></span> <span class='ocrx_word' id='word_1_755' title='bbox 3217 4669 3386 4718; x_wconf 71' lang='grc' dir='ltr'>καινήν</span> <span class='ocrx_word' id='word_1_756' title='bbox 3417 4658 3524 4714; x_wconf 82' lang='grc' dir='ltr'>δια-</span> 
     </span>
    </p>
   </div>
   <div class='ocr_carea' id='block_1_90' title="bbox 254 4768 1840 4843">
    <p class='ocr_par' dir='ltr' id='par_1_90' title="bbox 254 4768 1840 4843">
     <span class='ocr_line' id='line_1_90' title="bbox 254 4768 1840 4843; baseline -0.01 -6"><span class='ocrx_word' id='word_1_757' title='bbox 254 4791 340 4837; x_wconf 90' lang='lat' dir='ltr'><strong>est</strong></span> <span class='ocrx_word' id='word_1_758' title='bbox 373 4782 510 4835; x_wconf 90' lang='lat' dir='ltr'><strong>Deus</strong></span> <span class='ocrx_word' id='word_1_759' title='bbox 531 4778 822 4843; x_wconf 81' lang='lat' dir='ltr'><strong>Abraham,</strong></span> <span class='ocrx_word' id='word_1_760' title='bbox 849 4777 988 4831; x_wconf 89' lang='lat' dir='ltr'><strong>Dens</strong></span> <span class='ocrx_word' id='word_1_761' title='bbox 1017 4775 1162 4830; x_wconf 80' lang='lat' dir='ltr'><strong>Isaac</strong></span> <span class='ocrx_word' id='word_1_762' title='bbox 1181 4816 1195 4839; x_wconf 95' lang='lat'><strong>,</strong></span> <span class='ocrx_word' id='word_1_763' title='bbox 1223 4783 1275 4828; x_wconf 88' lang='lat' dir='ltr'><strong>et</strong></span> <span class='ocrx_word' id='word_1_764' title='bbox 1303 4773 1436 4826; x_wconf 88' lang='lat' dir='ltr'><strong>Deus</strong></span> <span class='ocrx_word' id='word_1_765' title='bbox 1459 4770 1644 4833; x_wconf 88' lang='lat' dir='ltr'><strong>Jacob,</strong></span> <span class='ocrx_word' id='word_1_766' title='bbox 1668 4769 1756 4837; x_wconf 91' lang='lat' dir='ltr'><strong>qui</strong></span> <span class='ocrx_word' id='word_1_767' title='bbox 1788 4768 1840 4822; x_wconf 93' lang='lat' dir='ltr'><strong>in</strong></span> 
     </span>
    </p>
   </div>
   <div class='ocr_carea' id='block_1_91' title="bbox 258 4862 1841 4944">
    <p class='ocr_par' dir='ltr' id='par_1_91' title="bbox 258 4862 1841 4944">
     <span class='ocr_line' id='line_1_91' title="bbox 258 4862 1841 4944; baseline -0.011 -13"><span class='ocrx_word' id='word_1_768' title='bbox 258 4873 546 4944; x_wconf 86' lang='lat' dir='ltr'><strong>Prophetis</strong></span> <span class='ocrx_word' id='word_1_769' title='bbox 572 4873 776 4925; x_wconf 86' lang='lat' dir='ltr'><strong>locutus</strong></span> <span class='ocrx_word' id='word_1_770' title='bbox 804 4882 907 4935; x_wconf 86' lang='lat' dir='ltr'><strong>est,</strong></span> <span class='ocrx_word' id='word_1_771' title='bbox 933 4870 1020 4939; x_wconf 89' lang='lat' dir='ltr'><strong>qui</strong></span> <span class='ocrx_word' id='word_1_772' title='bbox 1050 4877 1198 4922; x_wconf 85' lang='lat' dir='ltr'><strong>vetus</strong></span> <span class='ocrx_word' id='word_1_773' title='bbox 1225 4875 1278 4920; x_wconf 90' lang='lat' dir='ltr'><strong>et</strong></span> <span class='ocrx_word' id='word_1_774' title='bbox 1303 4880 1498 4920; x_wconf 88' lang='lat' dir='ltr'><strong>novum</strong></span> <span class='ocrx_word' id='word_1_775' title='bbox 1531 4862 1841 4916; x_wconf 82' lang='lat' dir='ltr'><strong>Testamen—</strong></span> 
     </span>
    </p>
   </div>
   <div class='ocr_carea' id='block_1_92' title="bbox 258 4959 1845 5036">
    <p class='ocr_par' dir='ltr' id='par_1_92' title="bbox 258 4959 1845 5036">
     <span class='ocr_line' id='line_1_92' title="bbox 258 4959 1845 5036; baseline -0.013 -11"><span class='ocrx_word' id='word_1_776' title='bbox 258 4979 370 5025; x_wconf 90' lang='lat' dir='ltr'><strong>tum</strong></span> <span class='ocrx_word' id='word_1_777' title='bbox 403 4965 683 5036; x_wconf 88' lang='lat' dir='ltr'><strong>disposuit,</strong></span> <span class='ocrx_word' id='word_1_778' title='bbox 716 4964 802 5032; x_wconf 89' lang='lat' dir='ltr'><strong>qni</strong></span> <span class='ocrx_word' id='word_1_779' title='bbox 831 4964 884 5018; x_wconf 90' lang='lat' dir='ltr'><strong>in</strong></span> <span class='ocrx_word' id='word_1_780' title='bbox 916 4960 1217 5016; x_wconf 84' lang='lat' dir='ltr'><strong>novissimis</strong></span> <span class='ocrx_word' id='word_1_781' title='bbox 1245 4959 1433 5012; x_wconf 91' lang='lat' dir='ltr'><strong>diebus</strong></span> <span class='ocrx_word' id='word_1_782' title='bbox 1459 4971 1672 5010; x_wconf 81' lang='lat' dir='ltr'><strong>carnem</strong></span> <span class='ocrx_word' id='word_1_783' title='bbox 1701 4968 1845 5007; x_wconf 89' lang='lat' dir='ltr'><strong>sum-</strong></span> 
     </span>
    </p>
   </div>
   <div class='ocr_carea' id='block_1_93' title="bbox 257 5039 1850 5132">
    <p class='ocr_par' dir='ltr' id='par_1_93' title="bbox 257 5039 1850 5132">
     <span class='ocr_line' id='line_1_93' title="bbox 257 5039 1850 5132; baseline -0.011 -17"><span class='ocrx_word' id='word_1_784' title='bbox 257 5059 369 5132; x_wconf 86' lang='lat' dir='ltr'><strong>psit</strong></span> <span class='ocrx_word' id='word_1_785' title='bbox 391 5073 460 5113; x_wconf 81' lang='lat' dir='ltr'><strong>ex</strong></span> <span class='ocrx_word' id='word_1_786' title='bbox 487 5056 698 5127; x_wconf 81' lang='lat' dir='ltr'><strong>Virgine</strong></span> <span class='ocrx_word' id='word_1_787' title='bbox 726 5054 1024 5120; x_wconf 88' lang='lat' dir='ltr'><strong>mortalem,</strong></span> <span class='ocrx_word' id='word_1_788' title='bbox 1051 5051 1174 5105; x_wconf 91' lang='lat' dir='ltr'><strong>licet</strong></span> <span class='ocrx_word' id='word_1_789' title='bbox 1204 5064 1308 5103; x_wconf 89' lang='lat' dir='ltr'><strong>non</strong></span> <span class='ocrx_word' id='word_1_790' title='bbox 1340 5057 1482 5102; x_wconf 85' lang='lat' dir='ltr'><strong>esset</strong></span> <span class='ocrx_word' id='word_1_791' title='bbox 1513 5039 1626 5116; x_wconf 89' lang='lat' dir='ltr'><strong>ipse</strong></span> <span class='ocrx_word' id='word_1_792' title='bbox 1655 5056 1850 5101; x_wconf 84' lang='lat' dir='ltr'><strong>morta-</strong></span> 
     </span>
    </p>
   </div>
   <div class='ocr_carea' id='block_1_94' title="bbox 337 5219 1846 5304">
    <p class='ocr_par' dir='ltr' id='par_1_94' title="bbox 337 5219 1846 5304">
     <span class='ocr_line' id='line_1_94' title="bbox 337 5219 1846 5304; baseline -0.01 -17"><span class='ocrx_word' id='word_1_793' title='bbox 337 5235 414 5304; x_wconf 80' lang='lat' dir='ltr'><strong>(i)</strong></span> <span class='ocrx_word' id='word_1_794' title='bbox 443 5228 855 5304; x_wconf 79' lang='lat' dir='ltr'><strong>Quianimirum</strong></span> <span class='ocrx_word' id='word_1_795' title='bbox 906 5227 1044 5304; x_wconf 78' lang='lat' dir='ltr'><strong>Deus</strong></span> <span class='ocrx_word' id='word_1_796' title='bbox 1093 5224 1360 5304; x_wconf 76' lang='lat' dir='ltr'><strong>hominem</strong></span> <span class='ocrx_word' id='word_1_797' title='bbox 1413 5221 1723 5304; x_wconf 69' lang='lat' dir='ltr'><strong>conditurus</strong></span> <span class='ocrx_word' id='word_1_798' title='bbox 1753 5219 1846 5304; x_wconf 75' lang='lat' dir='ltr'><strong>ait,</strong></span> 
     </span>
    </p>
   </div>
   <div class='ocr_carea' id='block_1_95' title="bbox 263 5292 1848 5366">
    <p class='ocr_par' dir='ltr' id='par_1_95' title="bbox 263 5292 1848 5366">
     <span class='ocr_line' id='line_1_95' title="bbox 263 5292 1848 5366; baseline -0.013 -4"><span class='ocrx_word' id='word_1_799' title='bbox 263 5292 540 5362; x_wconf 49' lang='lat' dir='ltr'><strong>Fa‘cianius</strong></span> <span class='ocrx_word' id='word_1_800' title='bbox 575 5301 824 5354; x_wconf 78' lang='lat' dir='ltr'><strong>hominem</strong></span> <span class='ocrx_word' id='word_1_801' title='bbox 848 5297 914 5349; x_wconf 83' lang='lat' dir='ltr'><strong>ad</strong></span> <span class='ocrx_word' id='word_1_802' title='bbox 952 5297 1220 5366; x_wconf 87' lang='lat' dir='ltr'><strong>imaginem</strong></span> <span class='ocrx_word' id='word_1_803' title='bbox 1253 5293 1382 5365; x_wconf 88' lang='lat' dir='ltr'><strong>(non</strong></span> <span class='ocrx_word' id='word_1_804' title='bbox 1413 5293 1480 5345; x_wconf 86' lang='lat' dir='ltr'><strong>ad</strong></span> <span class='ocrx_word' id='word_1_805' title='bbox 1505 5292 1772 5362; x_wconf 76' lang='lat' dir='ltr'><strong>imagines)</strong></span> <span class='ocrx_word' id='word_1_806' title='bbox 1802 5301 1848 5342; x_wconf 86' lang='lat' dir='ltr'><strong>et</strong></span> 
     </span>
    </p>
   </div>
   <div class='ocr_carea' id='block_1_96' title="bbox 261 5373 916 5433">
    <p class='ocr_par' dir='ltr' id='par_1_96' title="bbox 261 5373 916 5433">
     <span class='ocr_line' id='line_1_96' title="bbox 261 5373 916 5433; baseline -0.021 0"><span class='ocrx_word' id='word_1_807' title='bbox 261 5373 649 5433; x_wconf 76' lang='lat' dir='ltr'><strong>similitudinem</strong></span> <span class='ocrx_word' id='word_1_808' title='bbox 676 5378 916 5422; x_wconf 76' lang='lat' dir='ltr'><strong>nostram.</strong></span> 
     </span>
    </p>
   </div>
   <div class='ocr_carea' id='block_1_97' title="bbox 339 5433 1852 5518">
    <p class='ocr_par' dir='ltr' id='par_1_97' title="bbox 339 5433 1852 5518">
     <span class='ocr_line' id='line_1_97' title="bbox 339 5433 1852 5518; baseline -0.012 -20"><span class='ocrx_word' id='word_1_809' title='bbox 339 5447 422 5518; x_wconf 76' lang='lat'><strong>(2)</strong></span> <span class='ocrx_word' id='word_1_810' title='bbox 455 5443 595 5497; x_wconf 84' lang='lat' dir='ltr'><strong>istud</strong></span> <span class='ocrx_word' id='word_1_811' title='bbox 628 5456 692 5494; x_wconf 84' lang='lat' dir='ltr'><strong>ex</strong></span> <span class='ocrx_word' id='word_1_812' title='bbox 722 5439 983 5493; x_wconf 66' lang='lat' dir='ltr'><strong>sententia</strong></span> <span class='ocrx_word' id='word_1_813' title='bbox 1013 5436 1212 5518; x_wconf 77' lang='lat' dir='ltr'><strong>dictum</strong></span> <span class='ocrx_word' id='word_1_814' title='bbox 1240 5442 1322 5488; x_wconf 86' lang='lat' dir='ltr'><strong>est</strong></span> <span class='ocrx_word' id='word_1_815' title='bbox 1349 5443 1585 5518; x_wconf 39' lang='lat' dir='ltr'><strong>vetariim</strong></span> <span class='ocrx_word' id='word_1_816' title='bbox 1616 5433 1852 5518; x_wconf 60' lang='lat' dir='ltr'><strong>Patrum,</strong></span> 
     </span>
    </p>
   </div>
   <div class='ocr_carea' id='block_1_98' title="bbox 268 5501 1858 5589">
    <p class='ocr_par' dir='ltr' id='par_1_98' title="bbox 268 5501 1858 5589">
     <span class='ocr_line' id='line_1_98' title="bbox 268 5501 1858 5589; baseline -0.013 -18"><span class='ocrx_word' id='word_1_817' title='bbox 268 5501 366 5589; x_wconf 74' lang='lat' dir='ltr'><strong>qui</strong></span> <span class='ocrx_word' id='word_1_818' title='bbox 393 5501 521 5570; x_wconf 77' lang='lat' dir='ltr'><strong>satis</strong></span> <span class='ocrx_word' id='word_1_819' title='bbox 549 5525 743 5589; x_wconf 78' lang='lat' dir='ltr'><strong>magno</strong></span> <span class='ocrx_word' id='word_1_820' title='bbox 772 5524 1038 5589; x_wconf 66' lang='lat' dir='ltr'><strong>consensu</strong></span> <span class='ocrx_word' id='word_1_821' title='bbox 1071 5501 1629 5589; x_wconf 31' lang='lat' dir='ltr'><strong>docueruntsquliutn</strong></span> <span class='ocrx_word' id='word_1_822' title='bbox 1661 5501 1858 5589; x_wconf 24' lang='grc' dir='ltr'>μεθιεὶ-</span> 
     </span>
    </p>
   </div>
   <div class='ocr_carea' id='block_1_99' title="bbox 271 5571 1860 5645">
    <p class='ocr_par' dir='ltr' id='par_1_99' title="bbox 271 5571 1860 5645">
     <span class='ocr_line' id='line_1_99' title="bbox 271 5571 1860 5645; baseline -0.016 0"><span class='ocrx_word' id='word_1_823' title='bbox 271 5571 430 5645; x_wconf 69' lang='grc' dir='ltr'>δτόιο</span> <span class='ocrx_word' id='word_1_824' title='bbox 447 5571 773 5639; x_wconf 60' lang='grc' dir='ltr'>ηιυηὼέεεο</span> <span class='ocrx_word' id='word_1_825' title='bbox 798 5580 958 5633; x_wconf 83' lang='lat' dir='ltr'><strong>variis</strong></span> <span class='ocrx_word' id='word_1_826' title='bbox 981 5579 1156 5631; x_wconf 88' lang='lat' dir='ltr'><strong>modis</strong></span> <span class='ocrx_word' id='word_1_827' title='bbox 1185 5573 1528 5645; x_wconf 71' lang='lat' dir='ltr'><strong>spectabilem</strong></span> <span class='ocrx_word' id='word_1_828' title='bbox 1552 5571 1860 5645; x_wconf 74' lang='lat' dir='ltr'><strong>prtehuisse.</strong></span> 
     </span>
    </p>
   </div>
   <div class='ocr_carea' id='block_1_100' title="bbox 277 5639 1869 5718">
    <p class='ocr_par' dir='ltr' id='par_1_100' title="bbox 277 5639 1869 5718">
     <span class='ocr_line' id='line_1_100' title="bbox 277 5639 1869 5718; baseline -0.016 -2"><span class='ocrx_word' id='word_1_829' title='bbox 277 5639 510 5716; x_wconf 55' lang='lat' dir='ltr'><strong>Eaedem</strong></span> <span class='ocrx_word' id='word_1_830' title='bbox 544 5663 757 5708; x_wconf 76' lang='lat' dir='ltr'><strong>secutus</strong></span> <span class='ocrx_word' id='word_1_831' title='bbox 784 5650 912 5712; x_wconf 86' lang='lat' dir='ltr'><strong>Leo,</strong></span> <span class='ocrx_word' id='word_1_832' title='bbox 941 5649 1098 5718; x_wconf 88' lang='lat' dir='ltr'><strong>epist.</strong></span> <span class='ocrx_word' id='word_1_833' title='bbox 1130 5639 1228 5709; x_wconf 62' lang='lat'><strong>50;</strong></span> <span class='ocrx_word' id='word_1_834' title='bbox 1249 5646 1311 5718; x_wconf 81' lang='lat' dir='ltr'><strong>ad</strong></span> <span class='ocrx_word' id='word_1_835' title='bbox 1332 5639 1674 5718; x_wconf 29' lang='lat' dir='ltr'><strong>_i_’.u_l.cller_ian_i</strong></span> <span class='ocrx_word' id='word_1_836' title='bbox 1703 5639 1869 5718; x_wconf 83' lang='lat' dir='ltr'><strong>scrip-</strong></span> 
     </span>
    </p>
   </div>
   <div class='ocr_carea' id='block_1_101' title="bbox 280 5709 1874 5792">
    <p class='ocr_par' dir='ltr' id='par_1_101' title="bbox 280 5709 1874 5792">
     <span class='ocr_line' id='line_1_101' title="bbox 280 5709 1874 5792; baseline -0.015 -6"><span class='ocrx_word' id='word_1_837' title='bbox 280 5709 408 5787; x_wconf 46' lang='lat' dir='ltr'><strong>sit—5</strong></span> <span class='ocrx_word' id='word_1_838' title='bbox 438 5709 685 5781; x_wconf 76' lang='lat' dir='ltr'><strong>Potnerat</strong></span> <span class='ocrx_word' id='word_1_839' title='bbox 714 5709 908 5792; x_wconf 69' lang='lat' dir='ltr'><strong>quippe</strong></span> <span class='ocrx_word' id='word_1_840' title='bbox 929 5709 1293 5790; x_wconf 73' lang='lat' dir='ltr'><strong>omnipotentia</strong></span> <span class='ocrx_word' id='word_1_841' title='bbox 1319 5712 1447 5769; x_wconf 82' lang='lat' dir='ltr'><strong>Filii</strong></span> <span class='ocrx_word' id='word_1_842' title='bbox 1471 5709 1568 5767; x_wconf 86' lang='lat' dir='ltr'><strong>Dei</strong></span> <span class='ocrx_word' id='word_1_843' title='bbox 1595 5714 1663 5766; x_wconf 86' lang='lat' dir='ltr'><strong>ad</strong></span> <span class='ocrx_word' id='word_1_844' title='bbox 1693 5712 1874 5767; x_wconf 78' lang='lat' dir='ltr'><strong>docen-</strong></span> 
     </span>
    </p>
   </div>
   <div class='ocr_carea' id='block_1_102' title="bbox 1947 4757 3527 4838">
    <p class='ocr_par' dir='ltr' id='par_1_102' title="bbox 1947 4757 3527 4838">
     <span class='ocr_line' id='line_1_102' title="bbox 1947 4757 3527 4838; baseline -0.018 -7"><span class='ocrx_word' id='word_1_845' title='bbox 1947 4776 2097 4830; x_wconf 75' lang='grc' dir='ltr'>οήκην</span> <span class='ocrx_word' id='word_1_846' title='bbox 2119 4813 2132 4833; x_wconf 88' lang='grc'><strong>,</strong></span> <span class='ocrx_word' id='word_1_847' title='bbox 2165 4771 2189 4824; x_wconf 87' lang='grc' dir='ltr'>ὁ</span> <span class='ocrx_word' id='word_1_848' title='bbox 2234 4770 2307 4824; x_wconf 73' lang='grc' dir='ltr'><strong>ἐπ’</strong></span> <span class='ocrx_word' id='word_1_849' title='bbox 2339 4770 2578 4838; x_wconf 83' lang='grc' dir='ltr'>ἐσχάτων</span> <span class='ocrx_word' id='word_1_850' title='bbox 2605 4773 2705 4818; x_wconf 79' lang='grc' dir='ltr'>τῶν</span> <span class='ocrx_word' id='word_1_851' title='bbox 2749 4767 2946 4836; x_wconf 79' lang='grc' dir='ltr'>ἡμερῶν</span> <span class='ocrx_word' id='word_1_852' title='bbox 2986 4763 3152 4833; x_wconf 79' lang='grc' dir='ltr'>σάρκα</span> <span class='ocrx_word' id='word_1_853' title='bbox 3192 4759 3246 4809; x_wconf 79' lang='grc' dir='ltr'><strong>ἐκ</strong></span> <span class='ocrx_word' id='word_1_854' title='bbox 3277 4757 3527 4826; x_wconf 75' lang='grc' dir='ltr'>παρθένου</span> 
     </span>
    </p>
   </div>
   <div class='ocr_carea' id='block_1_103' title="bbox 1948 4845 3529 4924">
    <p class='ocr_par' dir='ltr' id='par_1_103' title="bbox 1948 4845 3529 4924">
     <span class='ocr_line' id='line_1_103' title="bbox 1948 4845 3529 4924; baseline -0.015 -6"><span class='ocrx_word' id='word_1_855' title='bbox 1948 4864 2113 4918; x_wconf 66' lang='grc' dir='ltr'>λαϐὼν</span> <span class='ocrx_word' id='word_1_856' title='bbox 2153 4862 2329 4919; x_wconf 68' lang='grc' dir='ltr'>θνητήν</span> <span class='ocrx_word' id='word_1_857' title='bbox 2355 4899 2370 4924; x_wconf 85' lang='grc'><strong>,</strong></span> <span class='ocrx_word' id='word_1_858' title='bbox 2403 4860 2486 4912; x_wconf 80' lang='grc' dir='ltr'><strong>οὐκ</strong></span> <span class='ocrx_word' id='word_1_859' title='bbox 2531 4857 2677 4915; x_wconf 76' lang='grc' dir='ltr'>αὐτὸς</span> <span class='ocrx_word' id='word_1_860' title='bbox 2711 4853 2776 4907; x_wconf 79' lang='grc' dir='ltr'>ὧν</span> <span class='ocrx_word' id='word_1_861' title='bbox 2811 4852 3000 4910; x_wconf 79' lang='grc' dir='ltr'>θνητός·</span> <span class='ocrx_word' id='word_1_862' title='bbox 3042 4849 3245 4911; x_wconf 75' lang='grc' dir='ltr'>ἀσθενῆ,</span> <span class='ocrx_word' id='word_1_863' title='bbox 3276 4849 3361 4900; x_wconf 77' lang='grc' dir='ltr'><strong>οὐκ</strong></span> <span class='ocrx_word' id='word_1_864' title='bbox 3383 4845 3529 4904; x_wconf 71' lang='grc' dir='ltr'>αὐτὸς</span> 
     </span>
    </p>
   </div>
   <div class='ocr_carea' id='block_1_104' title="bbox 1952 4936 3524 5022">
    <p class='ocr_par' dir='ltr' id='par_1_104' title="bbox 1952 4936 3524 5022">
     <span class='ocr_line' id='line_1_104' title="bbox 1952 4936 3524 5022; baseline -0.011 -13"><span class='ocrx_word' id='word_1_865' title='bbox 1952 4956 2181 5010; x_wconf 74' lang='grc' dir='ltr'>ἀσθενής·</span> <span class='ocrx_word' id='word_1_866' title='bbox 2229 4951 2538 5022; x_wconf 63' lang='grc' dir='ltr'>ὀφειλομένην</span> <span class='ocrx_word' id='word_1_867' title='bbox 2592 4947 2816 5014; x_wconf 82' lang='grc' dir='ltr'>θανάτῳ,</span> <span class='ocrx_word' id='word_1_868' title='bbox 2864 4945 2947 4996; x_wconf 73' lang='grc' dir='ltr'><strong>οὐκ</strong></span> <span class='ocrx_word' id='word_1_869' title='bbox 2995 4942 3146 4999; x_wconf 76' lang='grc' dir='ltr'>αὐτὸς</span> <span class='ocrx_word' id='word_1_870' title='bbox 3199 4936 3524 5008; x_wconf 70' lang='grc' dir='ltr'>ὀφειλόμενος·</span> 
     </span>
    </p>
   </div>
   <div class='ocr_carea' id='block_1_105' title="bbox 1954 5025 3529 5120">
    <p class='ocr_par' dir='ltr' id='par_1_105' title="bbox 1954 5025 3529 5120">
     <span class='ocr_line' id='line_1_105' title="bbox 1954 5025 3529 5120; baseline -0.013 -23"><span class='ocrx_word' id='word_1_871' title='bbox 1954 5043 2159 5120; x_wconf 77' lang='grc' dir='ltr'>ὀρατην,</span> <span class='ocrx_word' id='word_1_872' title='bbox 2192 5043 2281 5095; x_wconf 78' lang='grc' dir='ltr'><strong>οῦκ</strong></span> <span class='ocrx_word' id='word_1_873' title='bbox 2325 5041 2477 5099; x_wconf 76' lang='grc' dir='ltr'>αὐτὸς</span> <span class='ocrx_word' id='word_1_874' title='bbox 2510 5036 2710 5109; x_wconf 79' lang='grc' dir='ltr'>ὁρατός.</span> <span class='ocrx_word' id='word_1_875' title='bbox 2745 5033 2875 5091; x_wconf 71' lang='grc' dir='ltr'>αὕτη</span> <span class='ocrx_word' id='word_1_876' title='bbox 2907 5030 3208 5106; x_wconf 77' lang='grc' dir='ltr'>ἕκρεμάσθη,</span> <span class='ocrx_word' id='word_1_877' title='bbox 3240 5030 3330 5081; x_wconf 77' lang='grc' dir='ltr'><strong>οῦκ</strong></span> <span class='ocrx_word' id='word_1_878' title='bbox 3360 5025 3529 5084; x_wconf 75' lang='grc' dir='ltr'>αὐτὸς.</span> 
     </span>
    </p>
   </div>
   <div class='ocr_carea' id='block_1_106' title="bbox 1951 5196 3535 5285">
    <p class='ocr_par' dir='ltr' id='par_1_106' title="bbox 1951 5196 3535 5285">
     <span class='ocr_line' id='line_1_106' title="bbox 1951 5196 3535 5285; baseline -0.015 -15"><span class='ocrx_word' id='word_1_879' title='bbox 1951 5220 2039 5270; x_wconf 89' lang='lat' dir='ltr'><strong>dos</strong></span> <span class='ocrx_word' id='word_1_880' title='bbox 2054 5213 2511 5285; x_wconf 68' lang='lat' dir='ltr'><strong>jttsliﬁcandosiytte</strong></span> <span class='ocrx_word' id='word_1_881' title='bbox 2533 5209 2756 5285; x_wconf 59' lang='lat' dir='ltr'><strong>(tantine:</strong></span> <span class='ocrx_word' id='word_1_882' title='bbox 2781 5219 3048 5285; x_wconf 69' lang='lat' dir='ltr'><strong>apparere,</strong></span> <span class='ocrx_word' id='word_1_883' title='bbox 3079 5199 3396 5285; x_wconf 39' lang='lat' dir='ltr'><strong>quomodo-et</strong></span> 
     </span>
    </p>
   </div>
   <div class='ocr_carea' id='block_1_107' title="bbox 1952 5278 3537 5350">
    <p class='ocr_par' dir='ltr' id='par_1_107' title="bbox 1952 5278 3537 5350">
     <span class='ocr_line' id='line_1_107' title="bbox 1952 5278 3537 5350; baseline -0.015 -10"><span class='ocrx_word' id='word_1_884' title='bbox 1952 5278 2185 5340; x_wconf 70' lang='lat' dir='ltr'><strong>trini&#39;chis</strong></span> <span class='ocrx_word' id='word_1_885' title='bbox 2215 5295 2261 5336; x_wconf 83' lang='lat' dir='ltr'><strong>et</strong></span> <span class='ocrx_word' id='word_1_886' title='bbox 2315 5278 2578 5350; x_wconf 76' lang='lat' dir='ltr'><strong>Prop/telis</strong></span> <span class='ocrx_word' id='word_1_887' title='bbox 2621 5282 2670 5330; x_wconf 88' lang='lat' dir='ltr'><strong>in</strong></span> <span class='ocrx_word' id='word_1_888' title='bbox 2715 5278 2880 5341; x_wconf 77' lang='lat' dir='ltr'><strong>specie</strong></span> <span class='ocrx_word' id='word_1_889' title='bbox 2906 5278 3072 5350; x_wconf 75' lang='lat' dir='ltr'><strong>carnis</strong></span> <span class='ocrx_word' id='word_1_890' title='bbox 3120 5279 3537 5350; x_wconf 55' lang='lat' dir='ltr'><strong>appat‘utt,fiint</strong></span> 
     </span>
    </p>
   </div>
   <div class='ocr_carea' id='block_1_108' title="bbox 1958 5339 3540 5414">
    <p class='ocr_par' dir='ltr' id='par_1_108' title="bbox 1958 5339 3540 5414">
     <span class='ocr_line' id='line_1_108' title="bbox 1958 5339 3540 5414; baseline -0.015 -4"><span class='ocrx_word' id='word_1_891' title='bbox 1958 5339 2207 5410; x_wconf 81' lang='lat' dir='ltr'><strong>luctamen</strong></span> <span class='ocrx_word' id='word_1_892' title='bbox 2255 5355 2389 5414; x_wconf 80' lang='lat' dir='ltr'><strong>iniit,</strong></span> <span class='ocrx_word' id='word_1_893' title='bbox 2413 5339 2499 5404; x_wconf 72' lang='lat' dir='ltr'><strong>aut</strong></span> <span class='ocrx_word' id='word_1_894' title='bbox 2523 5339 2798 5402; x_wconf 62' lang='lat' dir='ltr'><strong>sermonem</strong></span> <span class='ocrx_word' id='word_1_895' title='bbox 2822 5344 3095 5405; x_wconf 78' lang='lat' dir='ltr'><strong>conseruit,</strong></span> <span class='ocrx_word' id='word_1_896' title='bbox 3125 5355 3239 5414; x_wconf 79' lang='lat' dir='ltr'><strong>cum</strong></span> <span class='ocrx_word' id='word_1_897' title='bbox 3265 5339 3540 5414; x_wconf 72' lang='lat' dir='ltr'><strong>uelo/licia</strong></span> 
     </span>
    </p>
   </div>
   <div class='ocr_carea' id='block_1_109' title="bbox 1961 5408 3534 5492">
    <p class='ocr_par' dir='ltr' id='par_1_109' title="bbox 1961 5408 3534 5492">
     <span class='ocr_line' id='line_1_109' title="bbox 1961 5408 3534 5492; baseline -0.017 -11"><span class='ocrx_word' id='word_1_898' title='bbox 1961 5408 2317 5492; x_wconf 61' lang='lat' dir='ltr'><strong>hospitalitatis</strong></span> <span class='ocrx_word' id='word_1_899' title='bbox 2374 5408 2476 5476; x_wconf 81' lang='lat' dir='ltr'><strong>non</strong></span> <span class='ocrx_word' id='word_1_900' title='bbox 2510 5419 2713 5492; x_wconf 68' lang='lat' dir='ltr'><strong>abnuit.</strong></span> <span class='ocrx_word' id='word_1_901' title='bbox 2740 5413 3136 5492; x_wconf 56' lang='lat' dir='ltr'><strong>etc._Niiiiit&#39;titn</strong></span> <span class='ocrx_word' id='word_1_902' title='bbox 3188 5408 3534 5492; x_wconf 50' lang='lat' dir='ltr'><strong>Angelrm&#39;um,</strong></span> 
     </span>
    </p>
   </div>
   <div class='ocr_carea' id='block_1_110' title="bbox 1962 5475 3540 5567">
    <p class='ocr_par' dir='ltr' id='par_1_110' title="bbox 1962 5475 3540 5567">
     <span class='ocr_line' id='line_1_110' title="bbox 1962 5475 3540 5567; baseline -0.017 -17"><span class='ocrx_word' id='word_1_903' title='bbox 1962 5475 2405 5567; x_wconf 22' lang='lat' dir='ltr'><strong>qiiiri’vatrinrchis</strong></span> <span class='ocrx_word' id='word_1_904' title='bbox 2433 5499 2483 5542; x_wconf 80' lang='lat' dir='ltr'><strong>ct</strong></span> <span class='ocrx_word' id='word_1_905' title='bbox 2507 5489 2783 5555; x_wconf 79' lang='lat' dir='ltr'><strong>i’rnplictis</strong></span> <span class='ocrx_word' id='word_1_906' title='bbox 2812 5485 2904 5536; x_wconf 87' lang='lat' dir='ltr'><strong>visi</strong></span> <span class='ocrx_word' id='word_1_907' title='bbox 2932 5475 3540 5567; x_wconf 36' lang='lat' dir='ltr'><strong>SUIIIL‘IlOl‘tl-lll—etif-limiti</strong></span> 
     </span>
    </p>
   </div>
   <div class='ocr_carea' id='block_1_111' title="bbox 1972 5544 3539 5627">
    <p class='ocr_par' dir='ltr' id='par_1_111' title="bbox 1972 5544 3539 5627">
     <span class='ocr_line' id='line_1_111' title="bbox 1972 5544 3539 5627; baseline -0.017 -6"><span class='ocrx_word' id='word_1_908' title='bbox 1972 5544 2060 5621; x_wconf 59' lang='grc' dir='ltr'><strong>ἶίξὶ</strong></span> <span class='ocrx_word' id='word_1_909' title='bbox 2084 5544 2494 5627; x_wconf 50' lang='lat' dir='ltr'><strong>intelligendum</strong></span> <span class='ocrx_word' id='word_1_910' title='bbox 2526 5544 2643 5612; x_wconf 66' lang='lat' dir='ltr'><strong>esse</strong></span> <span class='ocrx_word' id='word_1_911' title='bbox 2673 5564 3016 5627; x_wconf 58' lang='lat' dir='ltr'><strong>censuerunt.</strong></span> <span class='ocrx_word' id='word_1_912' title='bbox 3054 5551 3115 5603; x_wconf 79' lang='lat' dir='ltr'><strong>Et</strong></span> <span class='ocrx_word' id='word_1_913' title='bbox 3145 5544 3539 5627; x_wconf 48' lang='lat' dir='ltr'><strong>aliter-quidem</strong></span> 
     </span>
    </p>
   </div>
   <div class='ocr_carea' id='block_1_112' title="bbox 1971 5614 3547 5702">
    <p class='ocr_par' dir='ltr' id='par_1_112' title="bbox 1971 5614 3547 5702">
     <span class='ocr_line' id='line_1_112' title="bbox 1971 5614 3547 5702; baseline -0.018 -10"><span class='ocrx_word' id='word_1_914' title='bbox 1971 5614 2390 5702; x_wconf 60' lang='lat' dir='ltr'><strong>intelligi-litibus</strong></span> <span class='ocrx_word' id='word_1_915' title='bbox 2419 5629 2703 5684; x_wconf 86' lang='lat' dir='ltr'><strong>concilium</strong></span> <span class='ocrx_word' id='word_1_916' title='bbox 2737 5624 3030 5702; x_wconf 64' lang='lat' dir='ltr'><strong>Sirmiense</strong></span> <span class='ocrx_word' id='word_1_917' title='bbox 3059 5614 3547 5702; x_wconf 29' lang='lat' dir='ltr'><strong>antiodSJlfgontra</strong></span> 
     </span>
    </p>
   </div>
   <div class='ocr_carea' id='block_1_113' title="bbox 1975 5683 3444 5775">
    <p class='ocr_par' dir='ltr' id='par_1_113' title="bbox 1975 5683 3444 5775">
     <span class='ocr_line' id='line_1_113' title="bbox 1975 5683 3444 5775; baseline -0.021 -9"><span class='ocrx_word' id='word_1_918' title='bbox 1975 5683 2814 5775; x_wconf 25' lang='lat' dir='ltr'><strong>flio—litiumcongiicgatum,can.</strong></span> <span class='ocrx_word' id='word_1_919' title='bbox 2850 5694 2935 5760; x_wconf 79' lang='grc'><strong>15,</strong></span> <span class='ocrx_word' id='word_1_920' title='bbox 2979 5686 3261 5745; x_wconf 80' lang='lat' dir='ltr'><strong>anathema</strong></span> <span class='ocrx_word' id='word_1_921' title='bbox 3291 5683 3444 5738; x_wconf 80' lang='lat' dir='ltr'><strong>dixit.</strong></span> 
     </span>
    </p>
   </div>
  </div>
