3910 6212
187 273 330 331 “Ol

1275 260 1602 320 El’lSTOLA
1649 261 1738 317 AD
1769 259 1996 317 OMNES
2030 259 2410 316 EPISCOPOS.

3327 259 3462 319 MOI

183 387 522 450 tierationis,
560 386 712 454 hujus
743 383 920 438 saacnli
951 381 1257 438 vexationes
1296 380 1524 434 tolerare
1563 393 1777 448 persna-
1806 381 1858 440 Α
1886 391 1981 430 nee
2001 377 2244 430 laudatur
2271 378 2496 440 initium,
2518 377 2608 432 sed
2641 376 2777 431 linis.
2798 376 3062 430 Ncmovos
3080 376 3465 431 seditcatinani-

181 481 376 535 deant.
409 478 674 548 Scriptum
699 493 926 546 namque
955 488 1036 530 est
1062 494 1072 528 :
1109 474 1244 540 Quid
1267 475 1536 527 retribuam
1561 470 1780 523 Domino

180 589 286 642 pro
328 587 409 624 om
431 571 558 623 tibus
591 586 702 638 qua:
737 569 966 623 retribuit
995 570 1117 622 mihi
1146 567 1315 638 (Psal.
1362 566 1529 632 civ)?
1560 561 1781 616 Calicem

182 664 436 717 salutaris
465 663 733 730 aetripimn,
765 674 808 713 et
832 677 1010 714 nomen
1033 659 1237 712 Domini
1264 657 1522 712 invocabo.
1551 656 1779 710 Tantum

181 755 335 809 enim
380 770 407 806 a
448 753 598 807 nobis
645 753 888 822 exigitur,
937 761 1191 820 quantum
1241 765 1520 818 possumus
1559 749 1777 800 famula-

185 855 278 896 tus
308 845 473 897 nostri
495 843 752 913 obsequio
774 843 1136 898 commodare.
1165 842 1315 897 Unde
1338 843 1546 911 quidem
1574 851 1774 893 tantum

183 951 291 992 nos
325 951 542 991 necesse
568 945 649 991 est
677 935 991 1004 importunis
1025 934 1485 1003 pra~dic:itionibus
1513 936 1772 996 insistere,

189 1039 396 1097 quanto
437 1030 589 1082 nobis
632 1027 879 1097 perfecta:
925 1027 1297 1096 negotiationis
1328 1025 1560 1079 Cl‘t'dtlur
1603 1024 1776 1090 dupli-

182 1132 308 1175 cata
340 1119 658 1173 talentorum
684 1118 989 1186 assignatio,
1021 1129 1177 1187 atque
1209 1119 1486 1170 dominicae
1517 1120 1677 1171 \ocis.
1707 1116 1770 1169 ad

181 1210 583 1280 suscipiendam
615 1211 726 1278 ejus
758 1210 1026 1278 requiem,
1063 1209 1343 1278 porsiiadet
1369 1210 1591 1262 assertio
1641 1208 1773 1277 Sug-

181 1314 399 1372 gestum
431 1319 656 1372 namque
686 1305 836 1359 nobis
868 1304 1049 1368 e51(7,
1076 1319 1159 1370 qu.
1181 1317 1227 1363 i,
1261 1302 1559 1370 Suggeslum
1579 1313 1651 1354 est
1677 1317 1769 1351 no~

181 1395 284 1463 bis)
307 1436 322 1458 ,
351 1393 492 1464 quod
523 1410 618 1463 pro
648 1397 928 1462 pra'teritis
973 1393 1239 1445 laboribus
1263 1404 1314 1446 et
1345 1391 1770 1445 iuleSIaIionibus

185 1487 431 1540 nonnulli
472 1498 706 1538 Vestrum
739 1488 1036 1553 assignatas
1064 1485 1306 1540 sibimet.
1340 1493 1392 1536 et
1421 1502 1446 1536 a
1479 1485 1584 1536 Deo
1625 1499 1772 1536 eom-

182 1577 379 1630 IuiSsas
413 1576 714 1645 relinquunt
740 1577 919 1645 plebes
945 1617 958 1638 ,
1004 1585 1055 1629 et
1096 1576 1146 1628 in
1191 1576 1365 1628 futuro
1399 1576 1577 1643 plures
1609 1578 1770 1629 relin-

182 1682 354 1736 queri!
385 1667 547 1721 velint
575 1682 686 1733 eas,
716 1683 846 1736 quas
877 1667 1011 1721 tueri
1042 1668 1254 1731 debent,
1285 1668 1558 1732 cccle~ias,
1589 1679 1641 1721 et
1670 1684 1764 1736 pro

1885 472 1972 523 bus
1993 469 2165 524 verbis.
2193 470 2477 536 Proiiterea
2511 471 2648 522 enim
2683 471 2822 523 venit
2851 471 2925 523 ira
2961 470 3050 524 Di-i
3084 471 3132 523 itt
3165 471 3300 524 lilios
3327 469 3464 524 (ΙίΠὶ-

1882 562 2093 614 dentize.
2115 560 2288 613 Nolite
2306 577 2430 636 ergo
2454 561 2588 615 cllici
2606 563 3010 629 eotnparticipvs
3033 578 3216 614 eorum
3240 562 3461 622 dogma-

1883 663 2014 716 ttun,
2048 668 2218 720 neque
2251 654 2652 706 eomniuuicctis
2681 654 3022 706 intructuosis
3047 655 3218 708 verbis
3247 655 3458 710 illorum

1881 748 2045 821 (Idem
2075 751 2125 802 in
2155 751 2239 802 cit.
2273 749 2514 818 synodica
2545 766 2699 814 usque
2728 754 2829 817 fere
2859 752 2908 802 in
2937 749 3108 820 ﬁnem)
3130 791 3144 814 ,
3179 752 3342 817 magis
3368 766 3462 804 nu-

1880 855 1981 897 tem
2013 845 2311 910 rt'tlargttite
2343 863 2352 895 :
2387 843 2622 910 quoniam
2653 855 2804 896 ca'tus
2845 845 3277 910 pravaricatorum
3316 854 3453 906 sunt,

1877 945 1922 989 et
1953 937 2280 990 extenderunt
2316 937 2538 1004 linguam
2564 952 2702 986 suam
2732 935 2876 1004 quasi
2903 952 3072 987 arcum
3099 936 3379 998 mendacii,
3411 943 3458 990 et

1876 1043 1973 1078 non
2003 1029 2242 1079 veritatis.
2277 1025 2591 1093 Completum
2623 1039 2693 1078 est
2725 1028 2771 1077 in
2796 1027 2990 1094 eis,qui
3013 1028 3076 1079 de
3101 1027 3234 1078 malo
3258 1028 3323 1080 ad
3353 1043 3460 1080 ma-

1875 1119 1978 1170 lum
2010 1119 2195 1184 egressi
2222 1132 2336 1169 sunt
2367 1160 2379 1179 ,
2411 1127 2452 1169 et
2484 1134 2559 1169 me
2605 1135 2702 1169 non
2733 1129 3092 1188 cognoverunt,
3123 1119 3244 1170 dicit
3277 1117 3456 1171 Domi-

1875 1225 1988 1262 nus.
2049 1208 2318 1262 Veritatem
2374 1225 2472 1260 non
2522 1209 2786 1275 loquentur
2837 1207 2967 1277 (Jcr.
3027 1205 3119 1276 vt).
3176 1207 3458 1261 Docuerunt

1873 1305 2002 1353 enim
2033 1302 2260 1370 linguam
2297 1319 2439 1353 suam
2465 1312 2826 1370 persecutores
2855 1300 3222 1364 ecclesiarum,
3249 1317 3460 1355 earunt-

1873 1408 1977 1461 que
2008 1395 2363 1457 sacerdotum,
2396 1395 2530 1459 loqui
2560 1394 2705 1445 mentl
2743 1394 2892 1444 cium.
2930 1390 2995 1446 Ut
3030 1394 3183 1460 impie
3216 1405 3454 1462 agerent,

1873 1486 2255 1548 laboraverunt,
2302 1496 2346 1538 et
2393 1497 2660 1540 renuerunt
2702 1487 2829 1538 scire
2878 1501 2988 1548 me,
3038 1485 3156 1537 dicit
3185 1484 3451 1540 Dominus.

1872 1577 2019 1632 State
2055 1595 2181 1648 ergo
2227 1593 2354 1643 vos,
2388 1578 2715 1631 dilectissimi
2743 1617 2755 1635 .
2797 1590 2956 1642 super
2994 1578 3135 1640 vias,
3170 1587 3222 1630 et
3259 1576 3452 1630 vidi-te.

1875 1671 2198 1739 Interrogate
2223 1672 2289 1724 de
2312 1672 2510 1724 semitis
2542 1670 2746 1722 Domini
2777 1670 3026 1738 antiquis,
3049 1679 3102 1724 et
3122 1670 3316 1734 videte,
3341 1684 3459 1740 qua:

181 1759 383 1812 ovibus
412 1760 510 1812 sibi
539 1759 836 1813 commissis
877 1761 1118 1814 laborare
1141 1761 1432 1830 negligant,
1463 1771 1511 1815 et
1553 1777 1764 1815 monas-
1801 1748 1847 1806 Β
1874 1773 1948 1816 ρει
1986 1763 2064 1815 via
2097 1763 2228 1815 bona
2266 1771 2572 1815 sanctorum
2618 1763 2866 1826 Patrum,
2895 1769 2947 1813 et
2984 1761 3249 1814 ambulate
3280 1761 3330 1814 iu
3358 1774 3456 1825 ea;

183 1851 444 1904 teriarum
475 1865 531 1904 se
551 1851 712 1918 quieti
735 1851 1048 1905 comradcre
1073 1852 1336 1917 festinent,
1361 1864 1413 1907 et
1442 1855 1765 1908 vacationem

181 1940 254 1994 ab
300 1942 638 2012 episcopatus
685 1942 953 1997 laboribus
993 1944 1230 2011 eligere,
1272 1955 1323 1998 et
1363 1945 1574 1999 silentio
1615 1955 1772 2014 atque

183 2035 297 2088 otio
329 2037 487 2088 vitatu
515 2036 708 2104 degere
734 2036 898 2106 magis
925 2047 1209 2106 appetant,
1243 2053 1396 2107 quam
1432 2039 1478 2090 in
1512 2039 1592 2091 liis
1615 2081 1626 2099 ,
1653 2056 1770 2108 quae

184 2130 292 2183 sibi
322 2131 602 2183 commisi
650 2139 800 2194 sunt,
849 2146 1200 2196 permanere,
1249 2132 1454 2184 dicente
1489 2133 1711 2185 Domino
1755 2152 1766 2184 :

184 2217 376 2275 Beatus
411 2220 497 2287 qui
534 2223 911 2289 perseveraverit
952 2238 1107 2290 usque
1143 2223 1192 2273 in
1215 2223 1362 2290 ﬁnem
1390 2223 1599 2289 (Matth.
1637 2240 1689 2288 κ,
1716 2234 1762 2275 et

183 2326 357 2380 XXIV).
395 2311 541 2367 Unde
571 2327 796 2381 namque
826 2323 904 2366 est
938 2315 1085 2366 beata
1131 2319 1541 2383 perseverantia,
1575 2317 1674 2369 nisi
1705 2317 1771 2370 de

181 2402 385 2456 virtute
425 2403 726 2470 patientia?
758 2405 1048 2468 Quoniam,
1095 2407 1385 2458 secundum
1426 2408 1768 2471 apostolicam

185 2495 642 2565 pra-dicationem.
674 2511 841 2548 omnes
873 2499 956 2563 qui
997 2496 1244 2548 voluerint
1273 2499 1322 2547 in
1349 2495 1552 2550 Christo
1593 2499 1671 2565 pie
1695 2499 1768 2550 vi-

183 2602 319 2648 vere,
348 2585 739 2658 persecutionem
775 2587 1038 2654 patittntur
1075 2586 1158 2654 (ΙΙ
1206 2585 1332 2638 Titii.
1376 2589 1475 2653 tu).
1511 2588 1769 2656 Ideoque,

185 2680 383 2735 fratres
404 2678 723 2741 charissiini,
771 2696 874 2733 non
906 2695 1000 2733 νινε
1029 2681 1375 2734 afﬂictiouuin
1411 2682 1706 2733 amaritudo
1736 2697 1761 2733 a

186 2774 278 2843 pio
306 2773 496 2826 mentis
525 2784 713 2826 vestrae
737 2774 1007 2840 proposito
1030 2785 1261 2828 CttaI'CICl
1289 2774 1558 2828 recedere.
1582 2774 1770 2828 Consi-

184 2867 372 2921 derate
405 2881 659 2935 namque.
692 2876 883 2933 quanta
919 2882 1013 2933 pro
1044 2866 1377 2920 absolutione
1415 2868 1581 2920 nostri
1628 2879 1681 2922 et
1709 2869 1770 2921 li-

187 2957 468 3012 beratione
488 2955 729 3020 Creator,
767 2955 1126 3026 Dominusqnc
1148 2969 1198 3011 et
1227 2959 1551 3022 Redemptor
1587 2971 1767 3014 noster

189 3050 504 3118 pertulerit,
534 3050 792 3118 quibusve
820 3067 876 3105 se
911 3051 1245 3105 contumeliis
1296 3050 1629 3104 afﬁciendum
1662 3063 1766 3105 tra-

1877 1865 1927 1909 et
1961 1855 2239 1908 invenietis
2276 1854 2510 1922 requiem
2545 1853 2821 1905 animabus
2867 1850 3076 1905 vestris.
3121 1851 3225 1905 Sed
3253 1853 3295 1906 si
3327 1851 3459 1921 pati-

1876 1947 2002 1998 mini
2035 1955 2246 2012 propter
2270 1945 2536 1997 tlbristnin
2561 1986 2573 2006 ,
2606 1943 2742 1997 beati
2771 1943 2918 1996 erilis
2949 1941 2999 2011 (Ι
3031 1941 3170 1996 Petr.
3200 1943 3299 2011 ιιι).
3349 1942 3460 1997 Me—

1879 2048 1986 2089 tum
2016 2046 2191 2090 autem
2220 2052 2402 2089 eorum
2432 2051 2497 2088 ne
2527 2036 2828 2096 tiniuciitis,
2853 2050 3024 2104 neque
3046 2035 3454 2089 eontnrbemini.

1883 2129 2162 2182 Dominum
2195 2139 2369 2181 autem
2416 2127 2578 2180 Deum
2613 2127 2939 2179 sanctiﬁcate
2973 2127 3021 2179 in
3055 2126 3303 2180 eordibus
3342 2142 3460 2180 ves-

1877 2226 1970 2274 tris
1994 2262 2008 2286 ,
2043 2222 2158 2286 ipso
2187 2220 2394 2272 dicente
2426 2236 2438 2272 :
2470 2217 2640 2270 Nolite
2676 2219 2847 2270 timere
2885 2233 2968 2269 eos
2995 2217 3078 2284 qui
3107 2233 3286 2288 corpus
3328 2218 3460 2270 occi-

1875 2311 2021 2372 dunt,
2053 2311 2272 2362 animam
2302 2321 2464 2360 autem
2494 2325 2594 2361 non
2635 2317 2844 2378 possunt
2880 2309 3107 2360 occidere
3133 2324 3151 2362 :
3179 2308 3267 2361 sed
3293 2309 3460 2376 potius

1871 2418 1987 2453 cum
2019 2402 2201 2462 timete,
2232 2401 2314 2466 qui
2349 2409 2504 2457 potest
2533 2402 2755 2450 animam
2781 2410 2826 2450 et
2854 2414 3037 2467 corpus
3066 2399 3274 2462 ierdere
3299 2399 3351 2451 in
3376 2413 3462 2466 ge-

1875 2490 2108 2543 hennam.
2139 2489 2320 2542 Nonne
2345 2490 2444 2540 duo
2475 2505 2700 2558 passeres
2728 2505 2840 2542 asse
2866 2498 3111 2552 veneunt,
3145 2499 3191 2541 et
3230 2505 3357 2541 untts
3400 2504 3463 2542 ea:

1872 2584 1975 2636 illis
2018 2600 2116 2634 non
2145 2583 2291 2634 cadet
2318 2598 2468 2646 super
2499 2593 2682 2634 terram
2715 2583 2822 2633 sine
2853 2579 3006 2633 Patre
3050 2581 3248 2634 vestro?
3295 2579 3461 2634 Vestri

1873 2686 2038 2727 autem
2067 2677 2240 2743 capilli
2271 2676 2450 2742 capitis
2481 2690 2651 2726 omnes
2683 2675 2934 2726 numerati
2957 2683 3092 2725 sunt.
3140 2672 3315 2725 Nolite
3342 2687 3463 2743 ergo

1875 2769 2069 2826 timere.
2101 2768 2271 2818 multis
2303 2767 2589 2836 passeribus
2619 2765 2848 2818 meliores
2877 2766 2997 2817 estis
3028 2780 3112 2817 vos
3137 2763 3346 2832 (Matth.
3384 2763 3458 2834 ιι).

1873 2859 2300 2912 Rememoramiui
2357 2876 2495 2928 ergo,
2555 2857 2778 2923 fratres,
2833 2874 2975 2922 eum,
3033 2859 3116 2923 qui
3168 2858 3315 2911 talem
3369 2873 3460 2911 su-

1870 2951 2045 3004 stinuit
2087 2967 2115 3001 a
2147 2951 2492 3020 peccatoribus
2531 2950 2770 3001 adversus
2815 2950 3131 3017 semetipsum
3172 2949 3461 3002 contradic-

1873 3045 2098 3105 tionem,
2150 3053 2294 3095 utne
2338 3043 2618 3112 fatigemini
2667 3042 2846 3095 animis
2893 3042 3105 3106 vestris,
3151 3041 3457 3101 deﬁcientes.

185 3138 406 3203 diderit,
437 3148 494 3192 ut
523 3155 616 3193 nos
645 3156 670 3191 a
708 3142 933 3195 vinculis
963 3141 1239 3209 potestatis
1267 3141 1537 3195 diabolica:
1571 3141 1769 3196 libera-
1797 3109 1841 3169 Ο
1885 3136 2127 3189 Nondum
2154 3137 2284 3188 enim
2310 3152 2468 3204 usque
2488 3136 2553 3187 ad
2576 3137 2869 3203 sanguinem
2891 3135 3187 3188 certavimus
3210 3135 3328 3203 (aL,
3355 3150 3464 3188 eer-

190 3237 298 3284 ret.
329 3229 582 3283 Attendite
617 3231 784 3301 itaque
821 3233 958 3285 vobis
995 3243 1040 3284 et
1079 3234 1213 3285 omni
1252 3234 1418 3302 gregi,
1464 3233 1512 3285 in
1552 3250 1649 3300 quo
1692 3250 1776 3286 vos

185 3320 418 3392 Spiritus
473 3331 673 3375 sanctus
735 3325 995 3377 constituit
1055 3325 1316 3391 episcopos
1373 3340 1544 3394 regere
1600 3323 1776 3377 Eccle-

185 3413 320 3468 sium
353 3410 467 3477 Dei,
499 3429 647 3481 quam
679 3416 937 3483 acquisivit
971 3416 1178 3483 proprio
1204 3418 1447 3486 sanguine
1477 3417 1612 3470 (Act.
1645 3415 1770 3487 xx);

186 3513 249 3559 ut
278 3520 379 3558 non
410 3505 499 3568 sit,
526 3506 613 3574 qui
641 3520 734 3558 vos
771 3506 998 3574 decipiat
1029 3517 1118 3560 aut.
1153 3508 1367 3560 scdueat
1399 3508 1447 3559 in
1480 3508 1776 3561 subtilitate

186 3597 492 3658 sermonis,
545 3604 601 3650 ut
653 3595 835 3664 plebes
890 3597 1039 3651 vobis
1092 3597 1400 3650 commissis
1458 3597 1772 3666 relinquatis

186 3686 282 3755 (S.
334 3685 584 3739 Martinus
631 3688 682 3740 in
713 3703 794 3755 ep.
829 3689 1072 3757 synodica
1125 3699 1232 3758 post
1261 3689 1441 3741 concil.
1474 3687 1692 3758 Later.),
1723 3696 1776 3741 et

186 3777 372 3840 alicui,
404 3787 622 3846 propter
641 3779 898 3831 malorum
924 3779 1264 3846 opprobrium
1295 3781 1584 3840 hominum,
1609 3780 1774 3848 quieti

189 3885 290 3923 vos
322 3871 627 3928 tradatis.ct
653 3882 709 3924 ut
727 3886 822 3926 vos
845 3872 1177 3925 solummodo
1205 3873 1505 3936 salvetis,et
1534 3872 1670 3925 lilios
1688 3888 1776 3925 or-

191 3960 402 4031 pbauos
426 3961 752 4030 relinquatis.
779 3964 1128 4034 Apertissiine
1149 3969 1286 4019 enim
1311 3965 1536 4034 Spiritus
1559 3979 1774 4021 sanctus

191 4068 290 4121 per
324 4054 632 4120 Aposmlum
662 4057 804 4118 dicit,
823 4058 940 4125 quia
971 4059 1022 4110 in
1051 4060 1332 4112 novissimis
1364 4060 1671 4126 temporibus
1693 4076 1775 4113 re-

196 4146 374 4198 cedent
426 4146 629 4212 quidam
659 4165 686 4199 a
713 4149 815 4214 ﬁde
836 4159 879 4200 et
897 4149 1488 4211 charitate,attendentes
1517 4152 1772 4222 spiritibus

189 4237 536 4290 seductoribus
566 4248 611 4291 et
639 4239 878 4292 doctrinis
921 4242 1284 4295 daemoniorum
1307 4283 1320 4306 ,
1357 4255 1402 4295 et
1439 4245 1488 4295 in
1517 4246 1776 4314 hypocrisi

189 4328 443 4382 mendacii
485 4328 793 4396 eloquiorum
833 4333 1160 4385 canteriatam
1201 4335 1432 4388 habentes
1481 4353 1624 4388 suant
1652 4353 1774 4389 con-

189 4418 450 4472 scientiam
484 4417 534 4488 (1
566 4417 695 4471 Tim.
730 4422 822 4488 tv).
853 4421 1077 4487 PiOpter
1106 4424 1266 4491 quod,
1295 4426 1498 4494 vigilate
1542 4436 1588 4478 et
1615 4438 1773 4493 orate,

187 4518 365 4562 utnon
399 4509 591 4562 intretis
622 4511 1013 4565 intentationem
1055 4513 1243 4584 (Marc.
1281 4529 1388 4577 xiv;
1441 4514 1566 4567 Luc.
1617 4520 1772 4586 XXII).

189 4603 322 4666 Qua:
358 4615 486 4652 vero
527 4602 716 4655 tuentis
758 4604 1108 4669 transgressio
1152 4617 1402 4673 operatur
1443 4608 1491 4658 in
1535 4608 1645 4673 uis,
1688 4614 1778 4678 qui

191 4706 300 4746 noo
341 4690 664 4744 crediderint
705 4693 1041 4747 serumoibus
1071 4696 1276 4748 Domini
1301 4735 1314 4756 .
1363 4707 1414 4750 et
1457 4701 1780 4755 recesserint

190 4797 292 4854 pro
333 4796 424 4834 sua
456 4783 632 4847 quiete
663 4797 690 4834 a
734 4784 950 4836 servitio
981 4785 1080 4839 sibi
1123 4787 1451 4852 commisso,
1497 4799 1550 4842 et
1582 4790 1690 4842 suis
1721 4805 1778 4844 se

191 4871 530 4928 subdidi-rint
560 4871 952 4940 voluptatibus?
981 4873 1197 4928 Talibus
1227 4878 1420 4944 quippe
1451 4887 1504 4930 et
1532 4878 1649 4932 aliis
1683 4894 1778 4947 pro

194 4965 394 5038 p0pulo
428 4965 515 5018 Dei
543 4964 817 5018 coiistrieti
852 4968 1289 5029 necessitatibus,
1319 4985 1384 5022 ne
1410 4970 1636 5033 pereatis
1678 4986 1776 5024 una

192 5078 315 5118 cum
353 5059 598 5113 omnibus
637 5059 784 5112 vobis
817 5061 1115 5113 commissis
1137 5102 1150 5124 ,
1183 5062 1274 5114 sed
1302 5063 1434 5115 salvi
1462 5063 1574 5116 sitis
1604 5065 1652 5116 in
1694 5063 1779 5118 die

194 5163 412 5208 aeternae
458 5149 818 5204 retributionis
841 5189 856 5214 ,
889 5151 1163 5205 hortamur
1192 5163 1420 5207 vestram
1461 5155 1777 5210 cliaritatem

195 5245 435 5317 (Martia.
457 5262 588 5315 papa
608 5245 657 5296 in
670 5245 754 5296 cit.
773 5261 852 5311 ep.
875 5245 942 5295 ad
965 5245 1024 5298 S.
1045 5246 1373 5313 Amantium),
1409 5249 1779 5318 exemploejus

193 5336 286 5408 qui
313 5350 406 5405 pro
438 5334 586 5388 nobis
605 5332 711 5402 pati
732 5335 897 5388 voluit
918 5376 932 5400 ,
953 5347 1228 5406 promptos
1250 5353 1342 5392 vos
1361 5338 1409 5390 in
1436 5341 1638 5393 cunctis
1666 5342 1782 5407 ejus

197 5440 510 5500 permanere
538 5425 785 5490 servitiis,
816 5441 912 5479 nec
943 5427 1154 5495 quidem
1174 5445 1386 5497 quoquo
1405 5431 1561 5484 modo
1585 5447 1610 5482 a
1633 5446 1780 5485 cont-

196 5522 356 5577 missa
376 5533 503 5574 cura
524 5518 794 5581 recedere,
814 5518 904 5573 sed
931 5521 1056 5574 totis
1078 5521 1279 5576 viribus
1302 5524 1350 5576 in
1367 5524 1665 5577 commissis
1679 5539 1774 5575 vo-

196 5615 278 5670 bis
297 5613 520 5682 negotiis
540 5612 744 5667 lnrtiter
762 5627 926 5680 usque
951 5614 1001 5666 in
1023 5615 1179 5669 linem
1201 5617 1439 5681 perdurat
1457 5634 1485 5670 e
1508 5635 1520 5671 :
1539 5621 1774 5685 quoniam

197 5706 371 5761 beatus
399 5714 490 5768 est,
510 5704 595 5769 qui
612 5706 996 5773 perseveraverit
1013 5721 1166 5776 usque
1197 5708 1247 5762 in
1270 5708 1419 5776 ﬁnem
1441 5705 1651 5776 (Matth.
1673 5710 1726 5779 χ)
1757 5726 1771 5762 :

1882 3225 2129 3295 lavistis),
2161 3227 2398 3278 adversus
2424 3240 2677 3294 peccatum
2701 3237 3036 3293 repugnantes
3063 3223 3243 3294 (Hebr.
3268 3229 3388 3292 xu).

1952 3326 2277 3380 Conlidimus
2303 3335 2476 3379 autem
2501 3325 2566 3380 de
2595 3325 2765 3388 vobis,
2798 3324 3317 3388 iratrescharissimi,
3346 3340 3460 3381 πιθε-

1879 3420 2012 3473 liora
2037 3429 2088 3473 et
2120 3419 2378 3473 viciniora
2435 3419 2621 3471 salutis
2654 3460 2666 3482 ,
2710 3418 2828 3486 quia
2873 3433 3027 3486 ncque
3067 3432 3200 3469 mors
3233 3457 3247 3480 ,
3301 3432 3460 3486 neque

1880 3511 1980 3562 vita
2005 3551 2018 3573 ,
2052 3527 2207 3576 neque
2230 3508 2394 3578 angeli
2429 3551 2443 3571 ,
2475 3525 2629 3577 neque
2654 3509 2967 3579 principatus
2995 3548 3007 3571 ,
3059 3523 3212 3574 neque
3240 3517 3460 3576 potesta-

1879 3612 1948 3653 tes
1970 3643 1984 3665 ,
2017 3617 2176 3665 neque
2215 3601 2451 3653 instantia
2479 3641 2492 3663 ,
2520 3615 2676 3662 neque
2727 3601 2930 3669 futura,
2989 3613 3147 3666 neque
3173 3597 3413 3664 fortitudo
3439 3639 3455 3664 ,

1880 3709 2040 3762 neque
2069 3693 2281 3744 altitudo
2307 3736 2318 3758 ,
2355 3709 2510 3761 neque
2538 3693 2846 3761 profundum
2877 3733 2891 3755 ,
2921 3708 3074 3760 neque
3103 3702 3330 3744 creatura
3355 3691 3462 3745 alia

1883 3783 2131 3852 Magistro
2161 3785 2396 3852 gentium
2443 3785 2667 3837 docente
2705 3784 2878 3854 (Rom.
2914 3784 3032 3848 vui)
3068 3824 3080 3845 ,
3138 3783 3318 3848 poterit
3367 3799 3458 3836 nos

1878 3891 2118 3944 separare
2143 3893 2174 3927 a
2199 3876 2442 3928 cI-aritate
2473 3873 2682 3926 Domini
2709 3875 2866 3926 nostri
2890 3872 3013 3925 Jesu
3036 3873 3222 3926 Christi
3244 3913 3256 3935 ,
3280 3882 3326 3924 et
3349 3887 3463 3938 qua:

1879 3969 1930 4020 in
1964 3969 2071 4037 ipso
2092 3979 2164 4020 est
2185 4009 2198 4032 ,
2229 3979 2363 4020 recta
2392 3969 2510 4034 ﬁde.
2546 3966 2719 4019 Nolite
2742 3968 2908 4032 itaque
2937 3966 3160 4018 amittere
3193 3966 3455 4032 conﬁden-

1878 4060 1999 4111 tiant
2025 4070 2259 4124 vestram,
2291 4078 2402 4127 qua:
2425 4077 2659 4130 magnam
2682 4062 2827 4112 habet
2859 4063 3329 4114 remunerationem.
3351 4057 3458 4112 Pa-

1879 4153 2052 4205 tientia
2081 4153 2212 4204 enint
2245 4151 2386 4204 nobis
2419 4155 2704 4205 necessaria
2751 4163 2820 4206 est
2854 4154 2918 4202 ad
2950 4152 3329 4205 colluctationes
3360 4153 3453 4204 ad:

1880 4245 2212 4296 versarioruut
2243 4284 2256 4307 ,
2301 4254 2544 4312 quatenus
2593 4243 2740 4312 ﬁdem
2764 4245 3105 4295 intemeratum
3141 4259 3294 4309 usque
3317 4244 3368 4294 in
3397 4243 3460 4310 ﬁ-

1879 4351 1992 4388 nem
2016 4345 2364 4388 conservantcs
2392 4377 2405 4398 ,
2436 4337 2871 4406 repromissione»:
2900 4336 3235 4406 percipiamus
3263 4376 3276 4399 ,
3307 4352 3459 4402 quant

1881 4427 2161 4494 repromisit
2192 4428 2268 4478 his
2295 4429 2380 4494 qui
2403 4428 2620 4496 legitime
2659 4438 2850 4478 certare
2878 4427 3211 4496 deprOperant
3277 4426 3458 4479 Adhuc

1886 4517 2014 4567 enim
2043 4517 2296 4567 modicum
2326 4516 2719 4582 aliquantulum.
2751 4517 2835 4579 qui
2862 4527 3099 4568 venturus
3125 4527 3196 4569 est
3220 4517 3460 4578 veniet,“

1882 4624 1980 4659 non
2005 4606 2222 4659 tardabit
2252 4606 2409 4678 (Ileb.
2442 4608 2514 4672 κ).
2571 4605 2699 4659 Ecce
2731 4624 2860 4659 enim
2901 4610 3068 4679 judex
3097 4620 3212 4663 ante
3242 4610 3459 4679 januam

1881 4701 2068 4752 assistit
2124 4699 2328 4767 (Iacob.
2371 4701 2428 4763 ν)
2467 4717 2678 4752 coronas
2746 4702 2976 4752 hilariter
3025 4702 3315 4766 promittens
3345 4701 3458 4768 his,

1883 4795 1969 4862 qui
1988 4809 2077 4861 pro
2103 4809 2160 4845 eo
2203 4795 2519 4864 passionibus
2551 4796 2924 4845 submittuntur.
2981 4792 3127 4858 Quod
3143 4792 3460 4846 sisubtraxc~

1887 4885 1952 4935 rit
1974 4899 2027 4936 se
2052 4885 2185 4952 quis.
2213 4899 2310 4934 non
2338 4883 2550 4952 placebit
2581 4884 2888 4934 animtvsute
2918 4881 3122 4950 (\’ulg.,
3147 4886 3288 4950 metu)
3325 4921 3341 4948 ,
3373 4883 3461 4937 sed

1886 4974 2028 5025 cadet
2059 4975 2119 5024 de
2147 4975 2481 5039 promissione.
2507 5015 2520 5037 ,
2552 4984 2753 5040 propter
2787 4975 3118 5044 negationem.
3158 4973 3268 5026 Nos
3292 4989 3461 5030 autem

1886 5080 1984 5116 non
2014 5065 2171 5118 simus
2223 5065 2578 5117 subtractionis
2607 5064 2701 5132 ﬁlii
2725 5066 2776 5117 in
2795 5065 3145 5132 perditionem,
3170 5066 3256 5118 sed
3273 5066 3392 5132 ﬁdei
3406 5067 3461 5120 in

1885 5156 2263 5224 acquisitionem
2291 5158 2492 5208 animle.
2524 5154 2740 5222 Pr0pter
2761 5156 2896 5224 quod
2915 5157 3156 5209 assumite
3180 5173 3321 5209 arma
3342 5155 3458 5224 Dei,

1886 5257 1940 5300 ut
1967 5250 2166 5316 possitis
2193 5250 2425 5302 resistere
2450 5250 2500 5300 in
2526 5249 2608 5300 die
2648 5247 2802 5309 ntalo,
2835 5247 3092 5300 adversus
3134 5263 3320 5301 omnes
3362 5247 3460 5302 iiii-

1889 5342 2057 5395 mieos
2084 5351 2280 5394 sanctae
2312 5341 2399 5394 Dei
2427 5341 2666 5393 ecclesim
2698 5348 2749 5391 et
2771 5351 2979 5393 vestros
3029 5359 3040 5392 :
3085 5351 3130 5392 et
3155 5339 3347 5392 induite
3375 5355 3459 5393 vos

1886 5433 2090 5484 loricam
2106 5435 2350 5504 justitirr,
2379 5432 2586 5485 calceati
2612 5430 2759 5496 pedes
2785 5434 2835 5482 in
2865 5437 3283 5500 pra'parationem
3311 5447 3460 5484 evan-

1882 5525 1999 5593 gelii
2031 5527 2190 5592 pacis,
2216 5527 2265 5577 in
2294 5524 2520 5576 omnibus
2543 5532 2848 5576 assumentes
2869 5534 3066 5576 scutum
3093 5523 3244 5592 ﬁdei,
3283 5523 3334 5573 in
3363 5537 3460 5588 quo

1882 5617 2090 5683 possitis
2134 5618 2303 5668 omnia
2321 5617 2500 5688 jacu/a
2529 5616 2821 5682 nequissimi
2849 5618 3006 5683 ignita
3037 5617 3104 5685 (al
3137 5654 3152 5680 ,
3183 5615 3353 5682 ignea)
3376 5629 3460 5667 ea:-

1884 5709 2148 5777 tinguere:
2174 5718 2218 5762 et
2259 5709 2460 5780 galeam
2504 5707 2684 5761 salutis
2725 5707 2936 5775 accipite
2964 5718 3008 5760 et
3039 5705 3266 5776 gladiunt
3305 5703 3464 5772 spiri-
