3910 6212
481 285 617 341 Ηοὸ

1848 279 2160 338 LIBERIUS
2200 280 2276 336 PA
2287 281 2393 337 PA.

3612 281 3734 335 ΗΜ

481 409 581 463 tus,
616 398 751 470 quod
771 408 842 452 est
871 398 1073 452 uerbum
1100 397 1213 461 οτι,
1242 414 1331 470 per
1353 413 1548 451 omnem
1579 397 1852 450 orationem
1878 407 1922 450 et
1970 398 2057 449 ob-
2082 399 2136 456 Α
2157 398 2270 454 bris
2295 399 2358 450 ad
2389 397 2570 452 lumen
2595 437 2609 461 ,
2664 397 2731 451 de
2762 397 2908 464 lapsu
2938 396 3001 451 ad
3025 412 3204 453 veram
3250 397 3432 459 ﬁdem.
3473 400 3540 452 de
3571 417 3677 451 nan
3696 412 3736 449 te

478 493 810 546 secrationem
836 490 1054 559 (Epltes.
1091 491 1187 560 vr),
1233 490 1453 544 radicati
1482 499 1533 543 et
1559 489 1756 542 luridati
1786 489 1836 542 in
1862 488 2054 542 solatio

479 583 702 640 fratrum
727 598 823 654 pro
839 584 1054 637 Christo
1072 582 1198 637 lesu
1225 581 1445 634 Domino
1477 591 1678 634 nostro.
1699 579 1804 635 Sed
1833 592 1877 633 et
1899 596 2051 644 nunc,

479 674 700 740 fratres,
746 674 1151 727 commendamus
1193 688 1277 726 vos
1331 688 1498 726 omnes
1527 670 1763 736 Domino,
1817 681 1862 725 et
1907 671 2054 723 verba

481 768 659 840 gratia:
679 769 809 838 ejus.
850 767 934 835 qui
974 775 1134 836 potest
1173 767 1433 835 per/icere,
1473 772 1520 817 et
1548 765 1670 818 dare
1714 764 2053 818 hereditatem

483 859 621 913 vobis
663 875 777 912 cum
808 859 1036 911 omnibus
1078 859 1285 911 sanctis.
1334 856 1359 909 Ι
1368 873 1454 925 pse
1482 870 1650 910 autem
1679 857 1811 909 Deus
1842 858 1980 923 pacis
2009 864 2054 908 et

483 949 839 1005 consolationis
865 950 945 1002 det
973 949 1108 1002 vobis
1139 949 1358 1022 idipsmn
1384 964 1558 1017 sapere
1587 949 1638 1000 in
1667 948 1982 1011 alterutrum,
2003 956 2054 1000 ut

485 1043 620 1096 vobis
644 1041 1193 1106 intricansuccurratis,
1213 1051 1368 1092 etnon
1393 1040 1500 1092 sitis
1522 1039 1700 1102 divisi;
1723 1048 1776 1090 ut
1796 1039 2054 1090 unanimes

484 1151 584 1186 uno
615 1150 700 1187 ore
725 1143 768 1186 et
796 1148 896 1186 uno
924 1133 1051 1201 (aL,
1079 1130 1242 1200 puro)
1271 1132 1419 1183 corde
1449 1129 1836 1197 honoriﬁcentia
1865 1144 1976 1181 eum
2001 1128 2054 1180 in

485 1225 803 1278 concordiam
827 1235 872 1277 et
898 1223 1285 1277 consolationem
1308 1225 1545 1291 fratrum,
1569 1223 1654 1290 qui
1682 1231 1841 1290 potest
1868 1221 2053 1288 confrr-

487 1334 624 1370 mare
653 1333 742 1370 nos
767 1318 1037 1369 secundum
1069 1315 1378 1384 evangelium
1405 1316 1510 1382 ejus
1528 1316 1681 1380 juxta
1703 1313 2054 1366 reuelationem

487 1410 709 1478 mysterii
729 1409 923 1470 a'terni,
949 1399 1254 1471 temporibus
1271 1408 1456 1459 scilicet
1480 1406 1731 1474 perpetuis
1753 1407 1893 1457 taciti
1916 1406 2048 1475 (Act.

487 1515 554 1552 xx
583 1508 626 1551 et
660 1498 808 1552 Rom.
849 1503 986 1568 tm),
1019 1499 1209 1567 quibus
1229 1497 1377 1552 vobis
1411 1497 1704 1549 futurormn
1739 1497 2048 1564 gaudiorum

487 1591 753 1660 largienda
775 1603 895 1644 sunt
914 1607 1153 1644 munera.
1175 1589 1520 1656 Summopere
1537 1589 1692 1640 etiam
1715 1587 2053 1641 considerare

486 1681 712 1741 debetis,
746 1681 882 1750 quod
912 1680 960 1734 ht
989 1683 1076 1749 qui
1111 1679 1361 1732 fratribus
1391 1677 1656 1739 inrident,
1684 1691 1880 1744 eosque
1907 1677 2054 1728 dan:-

2156 490 2222 544 ad
2269 489 2432 542 vitam
2490 487 2733 542 homines
2779 486 2974 542 divinze
3029 489 3510 558 prardestinationis
3571 489 3737 558 gratia

2160 582 2435 652 prtescitos
2464 622 2478 646 ,
2508 581 2832 636 salutaribus
2857 583 3137 652 praeceptis
3164 598 3226 637 ac
3244 584 3456 637 monitis
3478 584 3739 653 perduxe-

2159 683 2304 727 runt.
2334 672 2571 738 Quorum
2603 683 2907 727 sanctorum
2936 675 3294 743 apostolorum
3340 685 3511 730 vestra
3541 674 3736 729 frater-

2159 763 2297 817 nitas
2332 762 2640 816 honoranda
2687 777 2918 832 sequens
2948 765 3134 818 merita
3169 805 3183 831 ,
3241 773 3296 820 et
3327 767 3612 833 perfectius
3643 765 3736 817 im-

2160 855 2311 923 plens
2369 855 2609 921 exempla
2649 893 2661 913 .
2709 855 2986 908 ecclesiam
3045 855 3134 909 Dei
3165 872 3368 908 morum
3395 857 3661 926 probitate
3687 867 3737 910 ct

2157 957 2366 1000 actuum
2391 947 2672 1000 Sanctitate
2688 947 3006 1001 condecorat
3036 989 3050 1011 ,
3098 958 3148 1000 et
3178 949 3280 1002 (ide
3307 963 3451 1002 sacra
3482 951 3734 1004 chriStia-

2157 1040 2346 1106 nisque
2378 1039 2615 1093 moribus
2643 1040 2826 1107 vigens
2851 1081 2864 1104 ,
2904 1056 3019 1106 qua:
3048 1040 3160 1094 lieri
3197 1041 3304 1095 Deo
3333 1043 3515 1110 placita
3542 1044 3732 1112 ιιι-περί-

2157 1132 2270 1197 pit,
2321 1130 2511 1182 studiis
2563 1131 2948 1198 pontiliCuIibus
3002 1132 3364 1187 indesinenter
3405 1144 3651 1202 operatur
3682 1145 3732 1188 et

2156 1220 2362 1290 perlicit
2390 1260 2403 1282 ,
2436 1235 2656 1274 servans
2686 1221 2817 1287 legis
2841 1222 3035 1276 ditius:
3066 1224 3312 1276 mandata
3339 1240 3353 1287 ;
3385 1226 3499 1294 quia
3527 1242 3629 1277 non
3658 1225 3728 1277 le-

2156 1315 2231 1382 gis
2252 1312 2504 1364 auditores
2517 1313 2646 1383 justi
2671 1323 2784 1365 sunt
2815 1315 2950 1383 apud
2981 1313 3142 1366 Deum
3162 1355 3176 1376 ,
3210 1316 3349 1368 sicut
3376 1327 3547 1370 narrat
3575 1319 3728 1382 Apo-

2155 1403 2339 1465 stolus,
2364 1403 2450 1454 sed
2478 1405 2690 1470 {actores
2713 1405 2832 1472 legis
2859 1404 3277 1474 justiﬁeabnntur
3303 1406 3473 1476 (Rom.
3502 1408 3577 1475 tt).
3619 1407 3729 1461 Nos

2157 1494 2296 1546 enim
2316 1496 2426 1546 haec
2459 1495 3011 1565 tnetlitaricupieutes,
3033 1508 3085 1549 et
3112 1512 3170 1551 ea
3199 1513 3318 1566 qua:
3344 1514 3371 1549 a
3399 1509 3565 1551 sancta
3597 1501 3728 1553 sede

2157 1594 2332 1636 vestra
2360 1584 2741 1650 apostolorum,
2763 1600 3051 1653 ein-nmque
3074 1601 3438 1640 successorum
3470 1589 3724 1656 pradica-

2156 1673 2300 1726 tione
2329 1675 2658 1740 suscepimus
2687 1716 2701 1739 ,
2754 1685 2910 1744 atque
2941 1692 3057 1744 qua:
3097 1677 3147 1729 in
3191 1677 3391 1729 nicazna
3411 1679 3605 1746 synodo
3637 1694 3721 1730 ro-

488 1787 616 1826 nare
639 1783 724 1825 aut
751 1771 1042 1840 perducere
1067 1772 1286 1838 tUpiUttl
1305 1811 1318 1830 ,
1348 1785 1442 1839 per
1468 1784 1526 1822 se
1551 1783 1645 1821 sua
1689 1767 1933 1836 dogmata
1961 1767 2052 1820 de-
2085 1773 2128 1831 Β
2157 1765 2334 1818 borata
2364 1766 2710 1834 cognovimus
2732 1807 2746 1829 ,
2784 1769 3072 1835 praedicare
3098 1809 3113 1830 ,
3163 1782 3211 1820 et
3241 1769 3548 1822 Arianorum
3575 1769 3722 1823 blas-

486 1870 719 1916 struunt.
753 1863 887 1916 Dicit
910 1860 1046 1914 enim
1079 1861 1362 1915 Dominus:
1388 1859 1766 1929 Omneregnum
1790 1860 1840 1911 in
1857 1875 1908 1910 se
1928 1859 2054 1910 divi-

487 1970 600 2006 sum
629 1996 642 2016 ,
673 1971 773 2007 non
809 1955 956 2008 stabit
987 1970 1004 2006 :
1055 1964 1098 2006 et
1128 1955 1290 2006 omnis
1316 1953 1521 2006 scientia
1543 1963 1586 2004 et
1617 1954 1698 2005 lex
1724 1953 1983 2004 adversum
2003 1968 2054 2004 se

488 2042 651 2095 divisa
698 2059 796 2095 non
821 2043 963 2096 stabit
997 2041 1216 2114 (Matth.
1272 2042 1386 2111 χιι).
1436 2040 1660 2111 Ideoque
1692 2055 1909 2095 necesse
1939 2052 2050 2102 est,

488 2143 543 2187 ut
568 2137 903 2188 concorditer
945 2137 1188 2189 salubres
1217 2135 1513 2202 suscipiatis
1542 2136 1777 2189 hortatus
1809 2135 1888 2203 (S.
1929 2133 2050 2200 Leo,

487 2237 569 2293 ep.
603 2225 669 2278 87
691 2267 705 2290 ,
757 2243 802 2279 c.
833 2227 890 2298 ἓ)
914 2267 928 2290 ,
981 2237 1034 2281 et
1065 2229 1190 2279 mou
1233 2242 1326 2294 per
1364 2229 1756 2280 contentionem
1791 2237 2006 2296 agentes
2034 2265 2049 2291 ,

488 2317 584 2372 sed
633 2318 698 2370 ad
728 2331 886 2371 omne
926 2317 1156 2371 studimn
1212 2316 1510 2372 devouonis
1559 2318 1832 2370 unanimes
1863 2357 1876 2381 ,
1921 2317 2055 2369 divi-

488 2410 570 2461 nis
613 2417 667 2461 et
719 2408 1024 2476 apostolicis
1073 2407 1539 2462 constitutionibus
1584 2409 1811 2474 parentis
1840 2447 1854 2472 ,
1907 2417 1962 2460 et
2001 2406 2050 2459 in

488 2497 630 2552 nullo
656 2500 922 2567 patiamini
954 2498 1414 2567 providentissima
1436 2512 1696 2552 canonum
1718 2497 1929 2552 decreta
1951 2498 2054 2550 vio-

487 2587 622 2652 lari,
647 2601 906 2658 quatenus
945 2599 998 2642 et
1040 2589 1359 2642 trioanrorum
1407 2603 1668 2643 eanonnm
1722 2588 2004 2642 constituta
2036 2627 2051 2652 ,

487 2689 541 2734 et
565 2694 681 2748 qua:
703 2697 730 2730 a
753 2679 902 2734 nobis
929 2680 1052 2734 vela
1072 2679 1552 2748 prazdecessoribns
1578 2681 1771 2734 nostris
1792 2693 1910 2733 sunt
1934 2695 2056 2748 pro-

487 2769 605 2822 vide
624 2783 676 2822 et
705 2769 986 2824 salubriter
1006 2770 1218 2824 decreta
1256 2769 1517 2837 (Siricius,
1546 2787 1628 2838 ep.
1661 2771 1720 2836 ι),
1746 2771 2053 2824 intemerata

489 2871 830 2930 permaneant
863 2863 912 2915 in
944 2863 1136 2917 futuro.
1185 2862 1271 2934 (In
1313 2879 1434 2917 mss.
1482 2861 1683 2915 Justelli
1730 2873 1842 2930 post
1888 2864 2055 2933 plures

486 2955 811 3023 epistolarum
844 2955 1054 3008 lacinias
1079 2971 1140 3008 ex
1169 2954 1402 3008 Emtodio
1452 2957 1667 3009 alterove
1686 2955 1909 3026 ejusdem
1935 2965 2055 3007 teta-

484 3044 549 3097 tis
577 3055 776 3099 oratore
824 3046 986 3117 inepte
1035 3052 1308 3107 consutas',
1343 3045 1522 3114 legitur
1550 3048 1655 3098 lttec
1683 3045 2007 3111 subscriptio)
2036 3061 2055 3098 :

2157 1858 2391 1926 pltetttias
2409 1869 2567 1924 atque
2596 1859 2814 1912 aliorqu
2837 1859 3223 1924 luereticorum,
3244 1861 3494 1930 repellere
3506 1862 3719 1928 capien-

2157 1959 2255 2010 tes,
2284 1949 2518 2016 quotidie
2547 1950 2611 2000 ab
2645 1950 2724 2002 his
2753 1951 3117 2018 persequimur
3143 1993 3156 2015 ,
3187 1963 3236 2006 et
3265 1952 3579 2005 damnationi
3606 1962 3712 2004 tra-

2153 2038 2327 2090 dimur
2359 2079 2373 2101 ,
2427 2049 2585 2106 atque
2638 2041 3165 2096 mortidestinantur.
3215 2043 3325 2109 Qua
3355 2045 3421 2097 de
3461 2059 3513 2097 re
3539 2058 3713 2111 prcca-

2155 2146 2273 2182 mur
2301 2171 2315 2194 ,
2361 2141 2415 2184 ut
2437 2134 2629 2187 vestris
2676 2134 3133 2189 exhortationilnts
3157 2147 3260 2188 tam
3297 2153 3390 2205 per
3412 2150 3500 2189 vos
3523 2177 3535 2199 ,
3560 2152 3709 2204 quam

2155 2228 2206 2274 et
2238 2236 2330 2288 per
2360 2224 2734 2289 apocrisiarios
2782 2235 2986 2278 vestros
3014 2226 3353 2295 adjuvantur;
3381 2242 3464 2290 ne,
3493 2228 3604 2280 dum
3635 2227 3719 2290 illi,

2156 2322 2442 2378 crescunt,
2498 2324 2549 2367 et
2575 2331 2668 2367 nos
2696 2315 2983 2369 minuimur
3010 2356 3024 2380 ,
3068 2332 3190 2371 vera
3225 2318 3353 2371 lides
3381 2317 3670 2372 destruatur
3692 2360 3705 2382 ,

2155 2413 2209 2456 et
2229 2418 2410 2455 eorum
2439 2402 2658 2458 hzcresis
2695 2405 2828 2459 ultra
2854 2405 3008 2460 ﬁdem
3061 2417 3292 2460 nostram
3320 2419 3520 2462 crescat
3545 2426 3557 2460 :
3587 2423 3709 2478 quo—

2156 2491 2294 2544 niam
2327 2493 2573 2547 timemus
2600 2535 2614 2559 ,
2641 2506 2902 2564 postquam
2920 2497 3245 2550 abundaverit
3273 2499 3506 2566 iniquitas
3525 2540 3538 2563 ,
3565 2500 3705 2567 refri.

2154 2594 2320 2653 gescat
2349 2586 2569 2638 Charitas
2611 2589 2881 2640 multorum
2904 2587 3114 2657 (Matth.
3160 2587 3332 2658 XXIV).
3372 2590 3473 2642 Pro
3502 2606 3593 2656 qua
3624 2606 3703 2654 rc,

2157 2675 2320 2728 multa
2343 2687 2532 2728 veStrze
2553 2691 2717 2730 sacrae
2739 2677 2995 2731 doctrinae
3021 2690 3125 2732 tam
3155 2680 3292 2747 apud
3329 2681 3489 2734 Deum
3516 2722 3528 2742 ,
3562 2696 3702 2749 qnam

2156 2767 2292 2834 apud
2313 2776 2531 2820 cunctos
2554 2767 2738 2821 ﬁdeles
2763 2784 2967 2823 merces
2981 2780 3031 2822 ct
3049 2771 3161 2822 laus
3180 2770 3409 2837 reposita
3438 2780 3535 2836 est,
3554 2774 3594 2826 si
3621 2787 3700 2825 ve-

2158 2866 2266 2909 stra
2295 2857 2406 2911 inec
2428 2868 2735 2912 resecentur
2762 2860 3092 2914 auctoritate.
3117 2859 3357 2912 Nostram
3375 2863 3510 2914 enim
3542 2862 3700 2925 tidem,

2156 2963 2312 3015 quam
2344 2964 2372 3001 a
2397 2949 2590 3001 sanctis
2613 2929 2854 3002 Pati-ibus
2877 2952 3196 3018 accepimus,
3219 2961 3269 3004 et
3291 2965 3544 3014 tenemus,
3567 2965 3706 3020 atque

2160 3038 2433 3106 docemus,
2454 3045 2634 3095 subter
2661 3042 2982 3096 iuseruimus
3004 3084 3016 3104 ,
3045 3053 3100 3096 nt
3121 3045 3163 3094 si
3192 3043 3383 3111 aliquis
3408 3043 3549 3097 vobis
3569 3046 3707 3098 aiter

486 3135 616 3190 Data
653 3152 718 3189 xv
771 3137 886 3190 Kal.
919 3137 1132 3191 Martias
1160 3137 1310 3193 Betio
1336 3149 1388 3192 et
1413 3138 1625 3194 Juliano
1673 3141 1801 3193 viris
1824 3140 2055 3194 clarissi-
2083 3141 2127 3202 C
2163 3144 2260 3182 "05
2288 3131 2526 3193 credere.
2554 3141 2644 3184 θυι
2666 3133 2878 3199 ducere.
2923 3145 3013 3187 θυι
3060 3134 3394 3199 accusando.
3429 3146 3515 3188 θυι
3536 3137 3706 3188 "tu-W-

484 3229 589 3282 mis
618 3230 942 3285 consulibus.

1046 3360 1375 3420 EPISTOLA
1399 3366 1475 3436 (ι)

518 3529 791 3570 ΔΤΒΔΝΔΕΙΙ
828 3532 894 3570 ΕΤ
936 3532 1288 3574 εθϊρτιοκυκ
1335 3534 1718 3588 εριεοοροιιυιι,
1754 3538 1820 3576 AD
1837 3536 2010 3576 ΡΑΡΔΙ

1115 3608 1394 3663 Ltnentuu.

989 3765 1152 3827 (Coac.
1178 3773 1212 3816 t.
1237 3780 1289 3828 tt,
1307 3765 1398 3820 col.
1420 3767 1556 3829 765.)

855 3907 929 3957 De
953 3909 1351 3970 oppressionibus
1382 3906 1686 3958 Arianorum.

487 4035 706 4090 Domino
731 4036 1014 4088 beatissinto
1036 4044 1081 4088 et
1108 4035 1389 4106 honorabili
1410 4076 1422 4098 ,
1472 4047 1642 4090 sancto
1672 4038 1804 4106 potri
1861 4037 2056 4092 Liberio

559 4122 726 4172 papa},
753 4107 1057 4177 Athanasius
1082 4116 1126 4157 et
1153 4103 1520 4174 rEgyptiorum
1545 4103 1768 4177 episcopi
1795 4149 1809 4175 ,
1833 4107 1882 4160 in
1905 4126 2058 4162 unum

558 4177 797 4247 synodica
819 4176 958 4243 apud
981 4177 1343 4229 Alexandriam
1365 4179 1675 4247 congregati.

564 4329 763 4384 Vestrae
801 4330 1118 4384 beatissima:
1135 4331 1212 4399 (‘2)
1232 4331 1689 4401 paternitatisjura
1715 4347 1874 4400 penes
1897 4333 2058 4387 Deum

487 4433 612 4479 sunt
637 4422 945 4485 manifesta,
981 4423 1103 4476 dum
1135 4424 1598 4491 prmdimtiooibus
1618 4426 1815 4479 scilicet
1838 4433 2054 4492 aposto-

489 4516 604 4568 licis
629 4525 677 4568 et
710 4515 966 4568 doctrinis
989 4556 1002 4579 ,
1033 4530 1173 4569 veru:
1198 4515 1315 4569 lidei
1343 4517 1552 4569 cultura
1578 4556 1590 4577 ,
1617 4518 1857 4570 universa
1886 4517 2060 4585 reple-
2089 4497 2139 4556 Ῐ)

488 4613 538 4658 ta
557 4605 625 4659 sit
643 4617 799 4658 terra.
816 4605 917 4658 Per
941 4606 1238 4659 divinorum
1259 4619 1433 4660 tamen
1455 4606 1802 4660 eruditionem
1821 4607 2060 4674 eloquio-

487 4713 628 4762 rmn,
666 4708 839 4751 vestra
873 4699 1162 4752 instruente
1189 4698 1548 4753 admonitione
1570 4699 1949 4759 exhortatoria,
1974 4714 2060 4751 su-

489 4790 880 4859 perazdilicatur
916 4790 1211 4844 orthodoxa
1241 4789 1440 4843 Christi
1463 4791 1715 4855 ecclesia,
1769 4790 2058 4859 apostolica

488 4883 824 4938 institutione
881 4882 1095 4936 fundata
1115 4923 1129 4944 .
1179 4891 1232 4937 et
1261 4899 1289 4934 a
1319 4882 1562 4936 ﬁdelibus
1593 4883 1834 4938 Patribus
1867 4884 2061 4936 lirmis-

489 4974 623 5028 sime
668 4975 953 5027 roborata:
995 4975 1060 5027 ad
1089 4989 1244 5044 quam
1287 4989 1474 5028 omnes
1514 4975 1805 5028 beatissimi
1835 4974 2060 5041 apostoli

488 5065 603 5134 pari
624 5065 841 5119 honoris
870 5073 921 5119 et
960 5065 1236 5133 potestatis
1260 5066 1530 5119 consortio
1557 5065 1760 5133 praediti
1789 5106 1802 5131 ,
1839 5065 2061 5132 pepnlo-

488 5172 604 5212 rum
648 5157 855 5227 agmina
897 5165 1271 5212 convertentes
1301 5195 1314 5222 ,
1369 5156 1454 5225 pie
1481 5166 1773 5225 sancteque
1817 5154 1884 5209 de
1917 5165 2064 5210 tene-

563 5359 640 5428 (l)
672 5357 817 5413 Hanc
842 5371 961 5410 cum
981 5356 1224 5425 sequenti
1243 5355 1440 5428 falsatis
1457 5353 1906 5428 annumerandam
1932 5367 2057 5428 cen-

489 5426 731 5513 sentnon
759 5428 948 5483 eruditi
994 5428 1152 5481 modo
1184 5466 1197 5489 ,
1227 5427 1320 5480 sed
1361 5427 1520 5481 etiam
1547 5426 1814 5495 proletarii
1860 5426 2056 5494 quique

488 5511 800 5567 scriptores.

561 5596 637 5666 (2)
666 5595 1076 5666 (Σοωιιοηθᾼιξιιίη
1097 5591 1256 5666 ΔΙιίειιιε
1295 5591 1497 5646 laciniis
1528 5590 1750 5643 Victoris
1788 5587 2059 5657 Carthagi-

489 5662 671 5749 nensis
695 5662 816 5749 ep;
835 5666 898 5749 ad
928 5662 1272 5749 Theodorum
1299 5677 1707 5749 parisina-quat
1726 5668 1869 5749 extat
1907 5673 2054 5714 cons.

488 5736 526 5792 2
557 5731 766 5791 concilii
795 5735 1165 5790 Lateranensis
1194 5735 1291 5789 sub
1320 5743 1505 5789 sancto
1529 5731 1773 5787 Martino.

2160 3221 2320 3274 tando
2345 3221 2606 3288 retulerit,
2643 3224 2728 3276 vel
2761 3225 3112 3290 detrahendo,
3142 3226 3353 3294 scriptis
3380 3228 3702 3291 mandaverit,

2158 3327 2253 3382 per
2273 3312 2406 3368 hanc
2418 3314 2692 3369 manileste
2709 3330 2806 3370 nes
2822 3318 2888 3369 ita
2902 3317 3119 3371 credere
3137 3326 3190 3370 et
3205 3317 3398 3372 docere
3411 3318 3702 3385 agnoscatis.

2231 3448 2510 3504 Credimus
2538 3465 2763 3519 namque
2796 3452 2847 3506 in
2878 3469 3036 3507 unum
3062 3455 3271 3509 Patrem
3297 3456 3376 3524 (5)
3399 3459 3707 3524 ornnipoten-

2161 3549 2265 3595 tcm
2302 3585 2314 3607 ,
2379 3545 2614 3595 omnium
2662 3543 2943 3597 visibilium
2977 3588 2991 3610 ,
3041 3559 3244 3600 necnon
3295 3555 3350 3600 et
3387 3547 3703 3601 invisibilium

2161 3630 2436 3686 factorem.
2499 3633 2562 3685 Et
2592 3633 2642 3686 in
2677 3651 2834 3688 unum
2873 3635 3152 3690 Dominum
3206 3637 3385 3691 Jesum
3419 3636 3667 3691 ChriStmn
3691 3676 3704 3697 ,

2163 3721 2352 3777 Filium
2390 3723 2500 3788 Dei,
2539 3733 2716 3777 natmn
2746 3741 2807 3779 ex
2842 3727 3030 3791 Patre,
3075 3730 3401 3797 unigenitum
3431 3771 3444 3793 ,
3477 3729 3569 3781 hoc
3590 3737 3662 3781 est
3689 3768 3702 3790 ,

2161 3829 2226 3868 ex
2249 3814 2535 3867 substantia
2560 3813 2754 3878 Patris,
2785 3817 2946 3870 Deum
2971 3832 3033 3872 ex
3068 3819 3194 3883 Deo,
3222 3819 3401 3872 lumen
3425 3835 3487 3872 ex
3509 3818 3706 3879 lumine,

2165 3905 2326 3957 Deum
2369 3920 2548 3958 verum
2577 3921 2641 3959 ex
2690 3907 2797 3961 Deo
2842 3923 2966 3961 vero
2991 3951 3004 3974 ,
3039 3917 3217 3962 natum
3250 3952 3264 3974 ,
3317 3927 3419 3963 non
3455 3921 3668 3964 creatum
3692 3950 3705 3972 ,

2164 3997 2500 4062 homousion,
2537 3999 2634 4051 hoc
2664 4008 2765 4064 est,
2796 3999 3030 4067 ejusdem
3060 4016 3178 4054 cum
3223 4001 3379 4054 Patre
3406 4002 3706 4063 sub-tantae,

2164 4105 2259 4160 per
2287 4105 2440 4159 quem
2496 4091 2671 4144 omnia
2720 4092 2851 4145 facta
2897 4104 3017 4147 sunt
3049 4134 3063 4159 ,
3107 4095 3344 4149 ccclesiis
3368 4104 3420 4148 et
3447 4095 3706 4148 terresxria.

2163 4180 2264 4246 Qui
2294 4192 2506 4249 propter
2535 4196 2628 4235 nos
2661 4182 2904 4238 homines
2933 4192 2989 4238 et
3009 4198 3224 4254 propter
3252 4198 3487 4238 neStram
3512 4186 3709 4238 salutem

2165 4275 2443 4332 descendit
2467 4279 2531 4332 de
2571 4279 2744 4344 caelis,
2793 4287 2846 4333 ct
2875 4280 3183 4334 incarnatus
3213 4290 3294 4333 est
3324 4320 3337 4342 ,
3366 4292 3418 4332 et
3445 4281 3595 4332 homo
3624 4278 3712 4330 [th-

2166 4375 2248 4420 tus
2273 4377 2385 4431 est,
2417 4383 2600 4436 passus
2618 4381 2720 4435 est,
2755 4378 2806 4423 et
2833 4371 3121 4424 resurrexit
3146 4370 3301 4424 tertia
3339 4369 3426 4424 die
3455 4388 3468 4422 :
3497 4369 3712 4423 aSCt‘lldil

2168 4459 2218 4511 in
2252 4460 2441 4513 tmlnm
2464 4501 2478 4525 ,
2513 4469 2764 4514 venturus
2813 4461 3193 4529 indejutlicare
3222 4461 3372 4516 vivos
3399 4471 3451 4514 et
3477 4471 3710 4513 mortuos.

2171 4550 2235 4603 Et
2264 4551 2315 4604 in
2349 4551 2601 4620 Spit-itum
2627 4562 2888 4606 sanctmn.
2925 4553 3028 4605 Eos
3057 4563 3231 4606 autem
3255 4554 3344 4618 qui
3377 4553 3556 4606 dicunt
3578 4571 3587 4604 :
3609 4552 3714 4604 Erat

2169 4652 2391 4712 tempus,
2423 4646 2631 4713 quando
2659 4659 2758 4697 non
2791 4653 2932 4709 erat,
2969 4653 3018 4697 et
3054 4645 3356 4712 priusquam
3385 4651 3709 4701 nasceretur.

2167 4750 2272 4787 non
2299 4745 2414 4788 erat
2440 4777 2453 4800 ,
2479 4749 2526 4788 et
2553 4739 2676 4801 quia
2693 4751 2758 4789 ex
2792 4736 2946 4791 nullis
2971 4735 3384 4789 SUbSiSlemibtts
3413 4736 3578 4787 lactus
3605 4742 3676 4786 cst
3697 4770 3709 4794 ,

2165 4834 2254 4878 aut
2278 4840 2342 4878 ex
2374 4826 2471 4878 alia
2500 4825 2792 4879 substantia
2825 4866 2838 4889 ,
2871 4825 2954 4878 vel
2981 4827 3209 4879 essentia
3250 4825 3431 4877 dicunt
3452 4838 3568 4877 esse
3589 4831 3710 4888 trep-

2165 4925 2253 4969 ton
2279 4959 2293 4982 ,
2324 4917 2423 4970 hoc
2452 4928 2552 4982 est,
2599 4917 3003 4971 convcrtibilem
3029 4928 3187 4983 atque
3217 4915 3521 4970 mutabilem
3548 4915 3710 4968 Filium

2167 5007 2256 5060 Dei
2292 5050 2307 5070 ,
2359 5007 2457 5062 hos
2487 5006 2900 5061 anathematizat
2951 5006 3214 5060 catholica
3243 5017 3294 5059 et
3332 5007 3615 5076 apostolica
3635 5017 3710 5058 ec-

2164 5099 2346 5153 clesia.
2386 5100 2529 5153 Ilanc
2552 5100 2909 5152 venerabilem
2940 5096 3094 5151 [idem
3142 5097 3364 5150 trecenti
3402 5096 3604 5164 quidem
3633 5093 3708 5146 de-

2165 5208 2280 5247 cem
2313 5201 2365 5246 et
2391 5201 2514 5246 octo
2543 5192 2728 5245 Patres
2755 5200 3092 5260 agnoverunt
3119 5201 3171 5244 et
3215 5189 3591 5255 amplexi‘sunt
3615 5228 3627 5250 ,
3672 5195 3713 5238 ct

2164 5294 2520 5340 consonantes
2552 5293 2605 5337 ct
2633 5284 2913 5336 unanimes
2947 5281 3160 5350 scriptis
3195 5281 3624 5351 explanaverunt.

2235 5418 2336 5473 Sed
2371 5417 2528 5471 modo
2561 5458 2575 5482 ,
2616 5418 2867 5487 quoniam
2895 5425 3083 5470 contra
3105 5413 3220 5469 haec
3243 5457 3256 5480 ,
3287 5425 3343 5469 ut
3369 5415 3538 5469 nostis
3561 5456 3575 5478 ,
3620 5410 3718 5465 talia

2167 5519 2433 5580 exurgunt
2456 5549 2471 5574 ,
2499 5509 2677 5578 qualia
2695 5523 2799 5562 non
2832 5508 3029 5562 debent
3056 5548 3070 5572 ,
3095 5507 3276 5562 venite
3302 5548 3316 5573 ,
3342 5519 3395 5562 et
3425 5521 3520 5561 nos
3543 5546 3557 5571 ,
3581 5505 3720 5558 dilec-

2253 5731 2330 5804 (5)
2357 5729 2662 5805 Symbolum
2684 5728 2944 5785 nictenum
2968 5729 3256 5806 interprete
3277 5727 3486 5786 Ruﬁno.
