3910 6212
195 323 225 381 l
239 327 350 383 405

191 438 400 494 tissimi
425 435 720 506 frartes(S.
751 433 1003 487 Martinus
1024 449 1162 486 cons.
1189 430 1222 484 4
1240 471 1255 496 ,
1297 446 1437 484 conc.
1481 427 1792 482 Lateranen-
1815 421 1867 482 Α

185 532 306 600 cis)
333 571 348 596 ,
376 545 497 586 cum
523 530 630 582 Deo
651 526 1042 582 descendamus
1068 524 1134 578 ad
1177 523 1536 578 visitationem
1564 561 1578 582 ,
1607 516 1659 572 id
1688 528 1788 582 est,

192 620 614 690 inquisitionem
659 631 966 671 sermonum
1007 625 1194 669 eorum
1227 657 1241 677 ,
1293 626 1345 667 et
1408 609 1793 665 confundamus

194 727 311 782 per
330 710 767 781 approbationem
787 708 1117 762 verissimam
1143 705 1336 759 ibidem
1361 704 1565 773 linguas
1582 714 1790 763 eorum,

191 805 446 860 elevatus
465 811 650 856 contra
676 801 952 854 scientiam
977 797 1230 866 unigeniti
1259 796 1373 851 Filii
1401 795 1514 859 Dei,
1533 803 1586 846 et
1603 791 1794 860 iniqui-

199 906 380 952 tatem
412 897 461 950 in
486 895 819 950 altitudinem
851 891 1194 946 humanitatis
1215 890 1328 960 ejus
1351 890 1646 958 loquentes.
1671 883 1794 936 Dis-

193 1004 511 1058 rumpamus
547 985 751 1039 vincula
793 1001 962 1039 eorum
1021 1000 1114 1053 per
1151 984 1379 1052 gladium
1427 976 1749 1048 spiritualem
1776 1013 1791 1038 ,

193 1081 356 1150 quod
396 1089 473 1134 est
506 1078 725 1132 verbum
771 1077 905 1140 Dei,
957 1087 1002 1130 et
1029 1075 1356 1144 proficiamus
1380 1089 1408 1124 α
1441 1071 1578 1124 nobis
1613 1073 1794 1142 jugum

196 1171 441 1241 ipsorum
487 1166 602 1238 (Ps.
634 1167 694 1237 ιι)
730 1213 743 1231 ,
766 1182 863 1238 per
895 1169 1339 1237 expugnationem
1362 1163 1566 1234 profani
1609 1176 1796 1217 sensus

198 1263 450 1318 illorum.
479 1261 627 1316 Tunc
669 1262 811 1316 enim
860 1262 974 1330 ipse
1016 1275 1225 1330 quoque
1271 1259 1522 1312 Dominus
1569 1256 1795 1310 irridebit

195 1371 299 1410 eos
323 1365 369 1408 et
397 1352 724 1407 subsannabit
763 1362 808 1406 et
836 1360 954 1405 tunc
977 1351 1203 1419 loquetur
1261 1350 1330 1402 ad
1355 1365 1438 1403 eos
1464 1351 1515 1402 in
1551 1351 1630 1401 ira
1660 1365 1750 1401 sua
1776 1388 1791 1409 ,

199 1448 348 1500 etin
403 1447 575 1514 furore
625 1461 714 1498 suo
759 1445 1072 1497 conturbabit
1123 1458 1203 1496 eos
1234 1483 1248 1506 ,
1295 1440 1478 1513 (Ibid)
1505 1440 1796 1493 secundum

201 1537 277 1592 Β.
324 1537 609 1592 Jcremiam
641 1577 656 1600 ,
706 1536 932 1589 dicens:
998 1533 1156 1587 Falso
1204 1537 1461 1602 propheta:
1500 1531 1582 1583 isti
1625 1530 1798 1583 vatici-

202 1638 404 1681 nantur
456 1629 507 1679 in
531 1627 731 1680 nomine
775 1641 903 1678 meo.
968 1623 1080 1678 Non
1129 1625 1261 1678 enim
1309 1623 1421 1675 misi
1443 1637 1563 1684 eos,
1610 1632 1656 1675 et
1699 1635 1798 1673 non

207 1718 439 1788 prterepi
462 1718 530 1770 eis
557 1758 571 1783 ,
598 1732 756 1785 neque
778 1717 974 1768 locutus
1002 1731 1112 1768 sunt
1142 1713 1208 1766 ad
1224 1729 1326 1767 eos.
1369 1710 1619 1765 Visionem
1661 1727 1799 1763 men-

203 1811 394 1865 dacem
417 1820 464 1864 et
489 1809 849 1862 divinationem
877 1848 891 1872 ,
917 1818 962 1858 et
989 1805 1388 1876 fraudulentiam
1417 1845 1430 1867 ,
1463 1813 1506 1856 et
1548 1802 1797 1856 seducto-

203 1919 328 1957 nem
371 1903 535 1956 cordis
559 1903 638 1955 sui
688 1901 988 1971 prophetarit
1033 1899 1190 1952 vobis.
1236 1897 1358 1950 Ideo
1389 1897 1494 1948 liceo
1533 1893 1655 1947 dicit
1686 1893 1793 1946 Do-

206 1997 388 2050 minus
411 1995 472 2048 de
499 1995 773 2063 prapltetis,
792 1994 878 2062 qui
902 1991 1199 2063 prophetam
1223 1991 1273 2042 in
1297 2005 1496 2042 nomine
1515 2003 1622 2038 meo
1654 2001 1793 2037 ﬂll‘n-

208 2088 459 2140 dacinm:
486 2085 646 2138 Erunt
669 2085 880 2155 projecti
901 2082 1066 2135 inviis
1099 2080 1398 2133 Jerusalem.
1422 2087 1465 2132 et
1488 2077 1797 2130 conculc..tio

209 2176 444 2230 omnium
487 2176 568 2244 pie
588 2172 934 2242 conﬁtentium
980 2187 1090 2233 me,
1146 2180 1192 2223 et
1218 2185 1315 2222 non
1357 2171 1452 2222 erit
1473 2168 1559 2233 qui
1595 2167 1795 2237 sepeliet

208 2284 301 2322 eos
321 2267 537 2338 (λιι-ειη.
583 2261 718 2335 χιγ).
738 2264 904 2318 Nemo
918 2263 1057 2316 enim
1076 2276 1133 2316 se
1153 2259 1478 2316 abscondere
1501 2257 1796 2328 potestqui-

212 2359 447 2415 busdam
475 2357 904 2427 subreptiouibus
931 2353 1323 2415 commentitiis,
1353 2351 1505 2406 sicuti
1536 2365 1634 2404 nec
1657 2348 1796 2403 foliis

215 2453 309 2508 {lci
332 2453 581 2524 antiquus
605 2460 963 2519 trausgressor
993 2448 1244 2516 pratcepti
1278 2443 1444 2499 Adam
1470 2443 1640 2513 potuit
1665 2483 1679 2505 ,
1706 2441 1794 2510 qui

212 2558 318 2614 per
343 2543 610 2612 prapriam
635 2542 864 2610 linguam
890 2537 1248 2593 inverecunde
1277 2536 1526 2590 nudatur.
1564 2534 1795 2602 Laqueus

207 2635 351 2691 enim
380 2635 524 2704 {ortis
549 2635 656 2686 viro
683 2673 698 2698 ,
746 2633 880 2685 labia
903 2633 1014 2704 ejus
1039 2645 1056 2684 :
1078 2639 1124 2683 et
1165 2637 1340 2696 captus
1364 2627 1582 2698 propriis
1607 2641 1796 2678 sermo-

213 2727 369 2780 nibus
389 2765 404 2790 ,
457 2736 504 2780 et
532 2740 681 2795 opere
705 2739 944 2778 manuum
975 2727 1081 2796 ejus
1109 2739 1124 2775 :
1162 2722 1420 2774 retributio
1445 2727 1609 2772 autem
1631 2719 1792 2772 labio-

215 2839 338 2878 rum
360 2825 472 2893 ejus
497 2819 700 2872 dabitur
721 2819 765 2871 ei
790 2858 804 2880 ,
841 2827 885 2870 et
906 2815 1177 2887 impietatis
1199 2814 1536 2884 reprehensio.
1572 2815 1792 2880 Arguam

215 2924 267 2968 te
292 2952 307 2978 ,
334 2913 502 2980 inquit
527 2951 540 2974 ,
571 2920 616 2962 et
637 2919 855 2962 statuam
877 2919 1052 2959 contra
1083 2907 1264 2973 faciem
1287 2915 1445 2956 tuam.
1479 2900 1796 2955 Existimasti

214 3003 394 3071 inique
423 3044 436 3067 ,
471 3001 605 3065 quod
629 3015 784 3053 essem
812 2999 898 3050 tibi
920 2996 1121 3048 similis.
1154 2994 1427 3064 Propterea
1451 3033 1466 3058 ,
1512 2992 1648 3044 sicut
1671 2989 1796 3043 dicit

219 3094 484 3150 Dominus
505 3091 568 3145 ad
595 3090 812 3145 Gedeon
848 3130 863 3154 ,
896 3089 1206 3158 deponamus
1249 3100 1332 3138 eos
1360 3083 1427 3136 ad
1456 3095 1639 3146 aquam
1669 3093 1797 3133 rora!

219 3186 538 3240 discretionis
563 3226 578 3249 ,
606 3193 650 3237 et
676 3183 942 3252 probemus
969 3195 1052 3233 eos
1072 3178 1139 3231 ibi
1163 3176 1382 3246 regulari
1404 3174 1792 3238 examinatione,
1823 3155 1867 3217 C

216 3281 277 3332 in
315 3279 534 3346 idipsum
569 3290 754 3346 pronos
794 3279 1079 3325 corruentes
1109 3266 1260 3336 (Gen.
1289 3282 1348 3321 ιιι
1377 3284 1390 3331 ;
1419 3265 1572 3318 Prov.
1596 3280 1644 3318 vt
1674 3281 1687 3328 ;
1715 3280 1791 3333 ps.

217 3383 350 3424 χιιι
381 3384 394 3432 ;
422 3365 600 3419 Iudith
624 3366 740 3430 vn),
774 3373 893 3430 post
916 3364 1277 3415 ostensionem
1306 3356 1449 3426 pravi
1497 3356 1794 3409 intellectus

218 3476 409 3517 eorum
437 3502 451 3526 ,
490 3470 737 3513 utrumne
761 3456 868 3510 sint
891 3455 1030 3523 apud
1052 3468 1110 3507 se
1131 3453 1398 3520 sapientes
1424 3491 1438 3514 ,
1464 3449 1624 3503 divini
1649 3449 1795 3503 verbi

218 3553 502 3610 scientiam
526 3553 828 3618 ignorantes
853 3564 867 3613 ;
893 3546 1140 3616 quoniam
1162 3544 1377 3597 dicentes
1396 3559 1502 3597 esse
1522 3558 1574 3595 se
1595 3542 1795 3610 sapien-

219 3656 295 3700 tes
321 3686 335 3708 ,
368 3645 506 3697 stulti
530 3642 650 3710 facti
672 3650 787 3694 sunt
820 3680 834 3704 ,
867 3647 911 3692 et
942 3647 1253 3692 mutaverunt
1297 3635 1511 3705 gloriam
1548 3633 1720 3703 (Rom.
1754 3633 1791 3703 ι)

219 3735 502 3789 catholicze
526 3732 767 3786 ecclesiae
793 3729 1003 3798 prOpria
1025 3729 1258 3782 novitate
1279 3737 1332 3781 et
1362 3726 1657 3790 voluntate,
1683 3725 1794 3779 sive

218 3840 321 3896 per
342 3838 427 3888 ea,
458 3837 576 3892 quae
605 3821 789 3875 illicite
813 3822 863 3874 in
896 3820 1009 3890 ejus
1032 3818 1341 3873 delensione
1363 3827 1505 3884 gesta
1531 3825 1672 3879 sunt,
1691 3814 1796 3867 ha:-

219 3914 443 3970 reticam
471 3912 845 3966 turbulentiam
872 3909 1298 3974 introducentes,
1334 3907 1456 3961 illud
1480 3915 1791 3974 competen-

221 4014 308 4058 ter
335 4004 398 4057 ad
425 4017 522 4056 nos
544 4003 867 4065 retinentes,
900 3999 1040 4068 quod
1064 4000 1197 4052 bene
1219 3997 1283 4050 ad
1305 3997 1484 4052 .lesum
1513 3996 1677 4049 lilium
1708 3995 1791 4048 Si-

220 4095 353 4149 raclt
377 4094 574 4146 dictum
601 4101 682 4147 est
714 4111 726 4144 :
763 4091 930 4160 Usque
968 4090 1034 4143 ad
1069 4100 1279 4144 mortem
1295 4099 1430 4143 certa
1455 4103 1549 4158 pro
1571 4088 1790 4152 ueritate,

219 4198 272 4242 et
297 4187 544 4240 Dominus
569 4183 706 4237 Deus
732 4183 967 4254 pugnabit
991 4198 1082 4250 pro
1107 4192 1171 4235 te.
1201 4180 1370 4250 (Eccl.
1402 4178 1496 4248 tv.)
1522 4178 1690 4246 Hujus
1719 4180 1794 4232 rei

221 4279 393 4350 gratia
421 4318 437 4344 ,
485 4276 800 4331 universalis
832 4276 979 4329 vobis
1010 4289 1037 4326 a
1064 4272 1280 4327 Christo
1329 4272 1458 4328 .lesu
1503 4270 1790 4325 commissa

222 4379 311 4424 est
336 4369 557 4424 ecclesia
585 4409 599 4433 ,
646 4377 704 4421 ut
727 4381 822 4436 pro
865 4364 1110 4420 omnibus
1159 4365 1411 4418 laboretis
1437 4403 1451 4427 ,
1498 4372 1552 4416 et
1591 4362 1794 4416 cunctis

222 4475 384 4531 opem
406 4461 544 4514 ferre
561 4477 662 4514 non
680 4459 954 4528 negligatis
972 4476 984 4511 ε
1001 4458 1122 4525 quia
1140 4461 1261 4510 dum
1276 4457 1422 4525 fortis
1443 4465 1663 4508 armatus
1681 4471 1794 4507 cus-

226 4554 356 4607 todit
380 4552 564 4603 atrium
589 4566 738 4602 suum
765 4591 780 4614 ,
823 4551 873 4601 in
897 4565 1020 4619 pace
1039 4558 1156 4601 sunt
1183 4548 1351 4600 omnia
1374 4588 1386 4611 ,
1417 4562 1529 4614 qua'
1553 4546 1792 4616 possidet.

222 4641 379 4711 (Luc.
412 4638 492 4708 ιι).
527 4639 754 4707 Ideoque
780 4649 920 4692 tanta
944 4649 1163 4704 urgente
1181 4637 1497 4690 necessitate
1521 4677 1536 4699 ,
1561 4649 1794 4687 summo-

220 4747 355 4804 pere
380 4729 716 4796 comprimite
745 4740 920 4783 vestra
946 4742 1153 4780 summa
1186 4727 1501 4781 auctoritate
1529 4725 1750 4779 infestos
1777 4765 1792 4789 ,

221 4824 464 4880 relevate
500 4835 802 4889 oppressos,
849 4831 904 4873 ut
928 4821 1124 4888 absque
1159 4821 1324 4892 gravi,
1354 4819 1576 4872 Domino
1617 4818 1794 4888 Opitu-

220 4919 369 4973 Iaute
398 4957 412 4980 ,
444 4913 748 4967 difficultate
771 4912 870 4980 ipsi
890 4921 1161 4979 gratanter
1185 4910 1327 4964 iitnui
1365 4919 1600 4976 tempore
1625 4909 1792 4962 sacri-

221 5007 386 5060 ficare
406 5017 705 5058 mereamur
731 5002 900 5055 illaesi.
927 5000 989 5055 Et
1011 5002 1313 5072 subscriptio
1335 5016 1352 5053 :
1374 4999 1594 5054 IEterna
1613 5011 1662 5053 te
1692 5014 1796 5053 scr-

221 5108 317 5151 vet
345 5095 598 5149 Divinitas
645 5110 738 5162 per
774 5095 967 5148 multos
994 5108 1182 5158 annos,
1221 5093 1551 5146 sanctissime
1577 5092 1791 5145 Patrum

218 5191 401 5247 Pater.
428 5187 617 5242 Amen.
652 5183 863 5257 (Justiti.
897 5199 952 5250 ιι,
983 5184 1049 5237 ad
1070 5183 1320 5238 Joannem
1353 5181 1413 5247 V,
1445 5182 1680 5253 papam.)

858 315 1212 375 EPISTOL/E
1245 311 1582 371 MIG‘JBEE
1620 307 1793 366 .‘EGYI

1927 303 2130 361 Iil‘lSC.
2169 302 2257 357 ΕΤ
2296 295 2548 355 LIBER“
2587 291 2808 347 I’APrE.

3336 273 3473 334 1406

2519 404 2853 464 EPISTULA

2066 564 2259 606 LIBERI!
2285 562 2433 602 ΡΑΡΕ
2466 561 2533 599 ΑΙ)
2564 554 2896 598 ΑἸΊῙΑΝΔΒΙυΙ
2926 554 2993 594 ΕΤ
3025 549 3296 592 εριεεοιιοε

2351 649 2620 693 EGYPTIOS
2649 645 3018 687 BESPONSORIA.

2387 752 2554 808 (Coac.
2579 754 2612 798 t.
2640 763 2671 797 ιι
2692 786 2704 810 ,
2730 745 2821 796 col.
2847 743 2979 804 765.)

1893 865 2067 919 Contra
2087 864 2456 928 perturbatores
2481 857 2608 928 pacis
2634 862 2686 904 et
2708 850 3250 928 quietis'eoclesiamm,
3277 853 3328 899 et
3351 847 3472 898 tales

2438 914 2649 984 qualiter
2675 914 2928 978 puniendi.

1897 1051 2215 1103 Dilectissimo
2249 1047 2355 1113 filio
2392 1046 2680 1113 Athanasio,
2706 1053 2748 1096 et
2773 1045 2987 1113 omm'bus
3010 1047 3058 1113 in
3083 1057 3228 1113 unu_m
3269 1055 3468 1111 congre-

1952 1113 2093 1179 gatis,
2117 1105 2513 1179 etde:1_‘_rm_itatis
2536 1110 2633 1168 fide
2654 1116 2784 1160 recte
2808 1107 3112 1159 sentientibus
3139 1105 3470 1173 JEgyptio'rum

1955 1173 2207 1238 Episcopus,
2237 1173 2451 1223 Liberius
2478 1185 2620 1236 papa.

1967 1300 2102 1357 Olim
2132 1310 2186 1354 et
2215 1300 2282 1351 ab
2307 1298 2460 1352 initio
2489 1305 2688 1350 tantam
2717 1295 2812 1365 (S.
2841 1293 2964 1347 Leo.
2995 1310 3076 1359 ep.
3112 1291 3258 1362 xxiv)
3288 1306 3472 1361 perce-

1899 1396 2071 1464 pimus
2098 1407 2126 1445 a
2158 1391 2216 1444 Β.
2250 1390 2408 1443 Petro
2438 1388 2802 1456 apostolorum
2837 1385 3072 1454 principe
3101 1385 3348 1438 Iiduciam
3370 1425 3382 1446 ,
3419 1390 3474 1436 nt

1902 1484 2189 1538 habeamus
2204 1481 2573 1535 auctoritatem
2590 1493 2683 1547 pro
2698 1477 2978 1530 universali
3003 1476 3258 1538 Ecclesia,
3281 1475 3344 1527 ad
3361 1490 3473 1529 rcc-

1902 1585 2005 1628 tam
2032 1571 2413 1627 defendendam
2443 1570 2622 1632 fidem,
2649 1578 2911 1636 quatenus
2937 1567 3064 1620 nulli
3114 1567 3268 1619 liceat
3306 1577 3473 1618 statu-

1904 1677 2008 1719 tum
2037 1672 2236 1718 sanctae
2264 1661 2513 1716 Ecclesia:
2542 1674 2875 1713 eonuuovere
2895 1701 2907 1724 ,
2937 1659 3000 1710 ad
3035 1659 3301 1711 laesionem
3333 1667 3474 1711 recte

1829 1790 1875 1849 Β
1902 1756 2228 1811 credentium
2249 1795 2263 1818 ,
2295 1755 2492 1822 absque
2521 1751 2600 1806 sui
2633 1751 2866 1820 periculo
2909 1749 3142 1804 honoris.
3186 1749 3471 1819 Epistulam

1901 1848 2158 1918 siquidem
2190 1855 2440 1910 vestram,
2475 1845 2732 1914 nobisque
2760 1845 3036 1908 directam,
3067 1852 3190 1896 ante
3219 1857 3313 1895 nos
3338 1842 3475 1897 reci-

1901 1942 1997 1994 tari
2031 1940 2271 2002 fecimus,
2303 1936 2669 1991 tribulationes
2694 1944 2746 1988 et
2773 1935 3190 2002 persecutiones,
3218 1948 3350 2003 quas
3380 1944 3474 2000 pro

1901 2043 2044 2087 recta
2075 2031 2177 2084 lide
2208 2030 2443 2099 patimini
2479 2027 2850 2081 intelleximus.
2882 2026 3055 2092 Super
3084 2025 3274 2094 quibus
3298 2033 3352 2078 et
3378 2038 3473 2078 nos

1900 2141 2002 2179 una
2033 2125 2302 2178 vobiscum
2329 2122 2708 2184 condolemus,
2738 2128 2793 2173 et
2820 2120 3059 2172 laborare
3088 2133 3186 2188 pro
3217 2117 3386 2177 vobis,
3421 2126 3477 2169 ut

1900 2225 2048 2288 pater
2088 2233 2181 2285 pro
2223 2215 2373 2281 liliis,
2425 2215 2590 2283 parati
2631 2227 2834 2266 sumus.
2877 2211 3060 2265 Fidem
3105 2224 3231 2264 vero
3285 2209 3474 2263 nica'ni

1899 2311 2108 2365 concilii
2141 2310 2192 2363 in
2222 2309 2407 2364 eadem
2436 2307 2660 2374 epistola
2700 2315 2898 2360 rectam
2943 2306 3268 2372 reperimus,
3314 2317 3474 2369 super

1900 2420 2000 2474 qua
2028 2414 2080 2457 et
2109 2404 2215 2456 Deo
2238 2401 2434 2470 gratias
2466 2399 2759 2454 uberrimas
2789 2399 3089 2463 retulimus,
3117 2412 3212 2465 pro
3239 2411 3339 2466 qua
3370 2409 3475 2448 non

1899 2493 2238 2550 solummodo
2270 2492 2663 2562 persecutiones
2695 2500 2746 2543 et
2788 2489 3063 2558 passiones
3093 2489 3357 2542 sustinere
3384 2500 3477 2540 vo-

1899 2587 2103 2641 hiscum
2136 2588 2302 2654 parati
2344 2598 2554 2648 sumus,
2600 2583 2691 2635 sed
2735 2583 2894 2636 etiam
2938 2579 2984 2634 si
3029 2593 3248 2633 necesse
3284 2577 3472 2639 fuerit,

1900 2679 2034 2731 mori
2079 2692 2175 2745 pro
2214 2675 2410 2729 Christi
2458 2673 2704 2737 nomine,
2746 2674 2794 2726 in
2835 2680 3086 2742 quantum
3127 2680 3308 2724 nostra
3348 2671 3475 2723 sinit

1899 2768 2184 2836 fragilitas,
2219 2784 2321 2820 non
2354 2766 2672 2834 respuimus.
2705 2764 2865 2831 Igitur
2895 2763 3202 2831 pra-dictum
3235 2771 3472 2814 sanctum

1900 2857 2215 2922 concilium,
2248 2867 2301 2909 ut
2342 2857 2596 2925 legimus,
2641 2854 2826 2908 delituit
2871 2854 3131 2906 nicmnttm
3180 2851 3475 2922 (Maximus

1900 2949 2220 3019 aquileiensis
2264 2965 2405 3000 conc.
2440 2963 2487 3000 tv
2519 2963 2662 2999 conc.
2692 2945 2866 2998 Later.
2896 2960 3029 2997 anno
3060 2942 3163 2998 659
3195 2942 3472 3011 celebrati).

1900 3042 2054 3093 aliam
2086 3040 2240 3094 tidem
2275 3040 2401 3093 nulli
2431 3039 2589 3093 licere
2619 3038 2879 3106 proferre,
2907 3045 2998 3089 aut
3022 3035 3362 3088 conscribere
3391 3034 3474 3087 vel

1900 3146 2244 3201 componere,
2275 3142 2364 3185 aut
2389 3145 2578 3198 sapere
2610 3131 2688 3182 vel
2719 3128 2914 3182 docere
2956 3127 3130 3190 aliter,
3179 3141 3279 3180 nec
3320 3126 3474 3194 quid-

1900 3242 2057 3296 quam
2091 3226 2141 3278 in
2176 3225 2278 3279 lide
2306 3226 2524 3287 sentire,
2555 3231 2645 3276 aut
2676 3219 2944 3290 proferre,
2976 3219 3116 3288 quod
3150 3218 3232 3272 his
3261 3218 3473 3271 Patrum

1898 3319 2095 3388 regulis
2123 3319 2288 3387 possit
2313 3318 2549 3370 obviare.
2577 3315 2675 3382 Qui
2705 3324 2879 3366 autem
2906 3311 3301 3380 praesumpserit
3323 3324 3475 3364 eom-

1897 3425 2099 3480 ponere
2129 3409 2288 3462 aliam
2320 3407 2479 3461 [idem
2512 3415 2601 3459 aut
2634 3404 2892 3474 proferre,
2922 3403 3119 3456 docere
3148 3402 3233 3455 vel
3261 3401 3476 3455 tradere

1897 3501 2036 3554 aliud
2069 3487 2401 3570 symbolum,
2433 3497 2496 3550 ad
2530 3498 2664 3550 viam
2709 3494 2949 3549 veritatis
2987 3494 3225 3547 converti
3267 3492 3479 3547 deside-

1894 3592 2132 3646 rantibus
2156 3591 2222 3645 de
2243 3602 2574 3660 quacumque
2603 3586 2821 3646 hmrcsi,
2855 3585 2935 3639 Vel
2963 3600 3027 3638 ex
3053 3583 3270 3646 Judasis,
3301 3579 3383 3637 vel
3411 3598 3475 3638 ex

1898 3685 2114 3755 paganis
2143 3683 2469 3736 Christianos
2500 3695 2557 3733 se
2589 3679 2702 3732 ticri
2738 3677 3054 3742 volentibus,
3081 3675 3131 3727 hi
3163 3675 3206 3728 si
3239 3674 3474 3743 episcopi

1896 3775 2118 3839 fuerint,
2163 3784 2252 3826 aut
2295 3773 2506 3836 clerici,
2552 3770 2771 3823 alienari
2816 3768 3028 3837 quidem
3076 3770 3357 3835 episcopos
3411 3769 3477 3821 ab

1897 3869 2236 3937 episc0patu,
2277 3865 2501 3918 clericos
2543 3877 2572 3914 a
2614 3861 2792 3914 clero:
2826 3859 2866 3911 si
2899 3871 3025 3912 vero
3056 3856 3334 3921 monachi,
3385 3869 3475 3912 aut

1897 3959 2016 4014 laici
2051 3960 2273 4021 fuerint,
2301 3954 2640 4010 anathemate
2670 3951 2834 4005 feriri.
2868 3951 3194 4005 Protestatur
3219 3951 3302 4019 (S.
3331 3947 3476 4002 Mar-

1897 4053 2032 4106 tinus
2071 4068 2210 4105 cons.
2253 4066 2309 4116 v,
2347 4052 2573 4120 ejusdem
2613 4047 2847 4116 concilii)
2879 4046 3074 4100 etenim
3121 4046 3304 4099 beatus
3334 4047 3477 4114 Apo-

1900 4147 2092 4208 smlus,
2121 4144 2304 4198 dicens
2332 4159 2345 4196 :
2378 4143 2438 4197 Si
2463 4143 2573 4212 quis
2600 4149 2894 4205 certat,non
2922 4149 3210 4202 coronatur,
3229 4138 3325 4191 nisi
3352 4136 3475 4206 legi-

1901 4239 2018 4291 time
2057 4239 2338 4291 certaverit.
2385 4237 2451 4291 Et
2496 4238 2684 4288 iterum
2720 4235 2975 4287 Dominus
3015 4234 3116 4286 ait:
3163 4230 3260 4295 Qui
3303 4242 3472 4282 autent

1902 4330 2287 4398 perseveraverit
2328 4343 2485 4392 usque
2520 4327 2569 4378 in
2600 4327 2782 4394 ﬁnem,
2813 4325 2893 4376 ltic
2922 4323 3090 4376 salvus
3119 4324 3212 4374 erit
3243 4320 3302 4393 (I
3336 4319 3467 4373 Tim.

1901 4437 1976 4487 vt,
1999 4420 2184 4474 Matth.
2204 4421 2279 4490 κ).
2302 4419 2578 4482 Videlicet,
2603 4415 2980 4470 certaminibus
3002 4415 3168 4468 sacris
3191 4411 3473 4490 propositis

1821 4523 1874 4582 1)
1901 4512 2082 4577 nobis,
2115 4526 2212 4580 pro
2242 4509 2551 4564 defensione
2579 4507 2853 4562 catholica:
2881 4505 3146 4568 ecclesiae,
3179 4511 3478 4572 magnaque“

1898 4605 2067 4659 salute
2094 4619 2156 4657 ex
2205 4606 2305 4655 hoc
2348 4610 2556 4670 sperata
2598 4601 2663 4653 ab
2704 4601 2939 4653 omnium
2984 4599 3242 4651 bonormu
3288 4596 3475 4648 datare

1900 4698 2042 4759 Deo,
2073 4711 2176 4748 non
2206 4694 2454 4750 deficiant
2500 4709 2688 4746 manus
2731 4702 2955 4754 nostra},
2997 4688 3327 4744 dilectissimi
3371 4687 3475 4740 fra-

1900 4799 2026 4852 tres,
2046 4804 2136 4856 pcr
2163 4789 2494 4842 occasionem
2517 4786 2799 4855 cujuslibet
2819 4784 3054 4847 desidiae,
3070 4783 3472 4837 diSsoluttezsed

1898 4879 2064 4934 fortes
2086 4879 2382 4933 efficiamur
2409 4894 2502 4947 per
2525 4879 2747 4947 gratiam
2779 4877 2983 4930 Domini
3030 4885 3187 4944 atque
3226 4875 3472 4927 virtutem

1897 4973 2148 5042 potentias
2169 4972 2302 5041 ejus,
2326 4973 2562 5040 quoniam
2585 4971 2788 5039 perfecit
2815 4970 2964 5039 pedes
2987 4981 3184 5023 nostros
3222 4977 3476 5035 tamquam

1897 5080 2153 5117 cervorum
2185 5063 2362 5128 (Psal.
2399 5062 2533 5134 vn),
2566 5075 2617 5118 et
2647 5078 2805 5132 super
2844 5063 3050 5116 excelsa
3085 5063 3286 5116 firmius
3316 5062 3476 5115 satuit

1897 5153 2220 5208 intellectum
2248 5169 2468 5208 summa:
2493 5155 2610 5222 ejus
2634 5152 2977 5206 humanitatis
3005 5163 3218 5221 propter
3241 5161 3476 5206 nostram

1900 5247 2153 5311 salutem,
2189 5246 2415 5299 maxime
2456 5254 2653 5299 tantam
2706 5244 2962 5298 habentes
2991 5243 3289 5314 illeOsilatll
3319 5256 3474 5295 sanc-

1903 5345 2077 5392 torum
2112 5339 2324 5391 testium
2357 5339 2572 5392 nubem.
2617 5336 2931 5404 Deponentes
2960 5352 3078 5404 ergo
3106 5351 3250 5389 omne
3278 5334 3476 5403 pondus

1901 5439 1949 5483 et
1977 5431 2380 5482 circumstantem
2405 5429 2807 5482 adversariorum
2835 5430 3131 5492 novitatem,
3166 5444 3255 5498 per
3282 5429 3476 5493 patien-

1907 5523 2026 5576 tiam
2044 5537 2326 5583 curramus,
2351 5521 2644 5590 aspicientes
2669 5522 2720 5572 in
2757 5530 3010 5573 auctorem
3038 5521 3158 5586 ﬁdei
3182 5529 3226 5570 et
3246 5533 3479 5569 consum-

1905 5623 2144 5670 mutarent
2172 5612 2349 5668 Jesum
2396 5613 2590 5687 (Hebr.
2623 5610 2762 5682 xu),
2793 5611 2880 5681 qui
2920 5612 2971 5664 in
3014 5609 3285 5680 proposito
3324 5607 3476 5661 nobis

1900 5713 2118 5779 propter
2159 5720 2281 5762 eum
2323 5706 2570 5777 negotio,
2612 5704 2858 5778 spiritum
2895 5701 3052 5763 nobis
3087 5715 3197 5760 Sum
3236 5697 3475 5758 veritatis
