3910 6212
343 205 548 296 ιιοτί”

1689 235 2004 295 LIBERIUS
2039 235 2230 294 PAPA.

3511 229 3659 287 1408

337 327 634 411 cbndonet.
681 351 980 421 loquentem
1029 351 1080 404 in
1127 352 1308 418 nobis,
1351 364 1509 422 atque
1552 354 1916 422 perliibcntem
1945 358 1989 412 Α
2020 354 2257 406 dicentes
2297 367 2415 406 cum
2457 353 2656 408 David:
2705 355 2887 410 Revela
2925 358 3097 411 oculos
3138 373 3310 420 meos,
3371 353 3429 406 'et
3478 344 3657 400 censio

340 442 602 510 magnalia
631 442 750 496 lidci
777 458 867 510 per
888 443 1181 496 doctrinam
1210 455 1512 498 sanctorum
1539 447 1771 508 Patrum,
1797 461 1926 512 quos

341 534 634 589 adversarii
655 535 1042 588 calumniantur
1063 538 1316 602 qttOtidie.
1337 537 1391 590 In
1419 537 1684 604 proiihctis
1706 551 1931 605 namque

345 624 535 693 (Idem
561 635 764 678 sanctus
795 625 948 678 Mart.
977 643 1114 679 cons.
1147 625 1241 698 ιιι)
1275 627 1525 681 habetur:
1563 627 1775 698 Pi-Opter
1807 628 1932 681 Sion

349 732 449 769 non
481 715 671 777 tacebo,
703 726 748 768 et
778 726 977 785 propter
1007 716 1289 768 Jerusaliin
1316 735 1415 769 non
1458 719 1709 786 quiescam
1730 759 1744 780 ,
1780 718 1934 770 donec

352 806 638 876 egrediatur
657 817 708 859 ut
729 808 966 873 splendor
979 807 1151 874 justus
1172 808 1279 876 ejus
1301 819 1344 859 et
1367 809 1583 861 salvator
1605 813 1715 879 ejus
1738 820 1787 860 ut
1811 810 1934 860 lant-

355 913 448 966 pas
468 898 770 950 accendatur
793 895 892 950 (Is.
919 895 1076 966 uti).
1105 897 1350 951 ProleCIo
1377 899 1636 951 catholica
1657 899 1898 952 Eccle~ia
1918 938 1932 963 ,

358 1003 477 1061 qua:
506 1005 626 1042 vera
657 990 898 1042 consistit
927 989 1081 1050 Sion,
1134 1001 1185 1042 et
1216 991 1400 1043 civitas
1439 990 1637 1044 Christi
1676 993 1934 1044 C(PIiirum

361 1081 502 1150 regis
550 1096 641 1148 per
671 1090 745 1134 tot
769 1096 1024 1133 annorum
1054 1083 1219 1149 spatia
1244 1093 1539 1150 expugnata
1564 1085 1630 1134 ab
1650 1086 1941 1136 aversmiti-

362 1174 461 1227 bus
485 1175 640 1226 verba
667 1175 780 1226 liilei
800 1214 814 1238 ,
840 1175 925 1241 qui
953 1189 1121 1242 neque
1149 1175 1308 1226 Drunt
1335 1175 1550 1237 timent,
1579 1190 1746 1241 neque
1772 1175 1942 1227 homi-

365 1279 487 1319 nem
519 1276 853 1329 reverentur,
888 1267 979 1316 St'tl
1012 1267 1272 1317 iucaSsuin
1307 1265 1718 1332 perducentibus
1750 1267 1861 1334 pias
1890 1277 1944 1319 et

365 1358 652 1408 canonicas
684 1357 748 1408 de
782 1358 880 1408 lioc
925 1359 1084 1409 verbo
1129 1357 1435 1420 doetrinas,
1480 1357 1604 1410 dum
1651 1374 1678 1408 a
1721 1358 1944 1411 diversis

369 1451 666 1517 tantisque,
717 1449 916 1516 scripto
961 1459 1014 1502 et
1041 1450 1156 1502 sine
1194 1451 1428 1518 scripto,
1472 1452 1945 1504 cuntestationibns

370 1537 576 1591 invitati
608 1537 835 1592 fuissent
862 1539 1130 1608 corrigere
1163 1541 1431 1609 propriam
1479 1551 1532 1593 et
1572 1557 1599 1592 a
1645 1557 1701 1594 se
1749 1543 1946 1608 pellere

375 1629 621 1685 haeresim
643 1673 656 1694 ,
689 1633 841 1685 siculi
875 1645 924 1685 et
962 1648 1052 1700 per
1085 1634 1406 1687 anteriorem
1460 1635 1812 1704 Cognitionem
1871 1635 1946 1688 Iu-

2031 444 2213 497 dei'abo
2254 444 2507 497 mirabilia
2549 447 2609 498 de
2648 448 2754 516 lege
2796 459 2916 500 tua:
2955 448 3187 501 Lucerna
3230 450 3380 501 enim
3432 441 3668 512 pedibus

2033 536 2152 588 meis
2181 536 2557 599 verbiiintuum,
2577 535 2813 598 Domine,
2840 547 2884 588 et
2903 539 3067 589 lumen
3093 540 3278 591 semitis
3310 536 3463 588 meis
3489 547 3509 591 ,’
3533 543 3665 596 φοοο

2034 627 2168 679 niam
2189 627 2347 693 ipsius
2375 637 2477 690 est,
2507 628 2644 680 sicut
2666 629 2738 679 ait
2765 627 2825 682 Β.
2859 627 3038 681 Daniel
3069 630 3332 696 propheta
3363 670 3380 688 ,
3425 623 3665 690 sapien-

2035 717 2101 768 tia
2125 727 2168 769 et
2190 718 2453 786 fortitudo.
2481 717 2581 770 Dat
2607 720 2902 786 sapientiam
2925 720 3261 783 sapientibus,
3286 728 3334 771 et
3363 712 3666 770 scientiam

2035 807 2426 873 iiitclligentibus
2468 807 2807 874 disciplinam.
2863 807 2979 874 Ipse
3023 809 3208 862 revelat
3255 803 3560 876 profunda
3617 809 3667 852 et

2038 898 2350 958 abscondita,
2374 906 2418 950 et
2443 898 2576 948 novit
2603 898 2651 950 in
2680 899 2892 950 tenebris
2918 901 3209 962 constituta,
3231 910 3273 950 et
3300 901 3409 951 lux
3440 909 3574 948 cum
3607 907 3668 944 eo

2039 998 2144 1048 est,
2189 989 2273 1055 qui
2317 988 2645 1053 sapientiam,
2690 989 2888 1056 inquit,
2941 1001 2984 1041 et
3030 991 3380 1058 [ortitudinem
3444 983 3663 1038 dedisti

2041 1082 2191 1144 mihi,
2239 1091 2282 1133 et
2326 1082 2586 1135 ostendisti
2633 1083 2783 1144 mihi,
2829 1099 2941 1151 qua:
2983 1085 3152 1151 rogavi
3181 1083 3385 1152 Ie(Ps.
3427 1092 3665 1134 cxviii:

2043 1172 2177 1224 Dim.
2207 1172 2302 1239 ii),
2343 1187 2461 1223 cum
2508 1187 2607 1240 ope
2650 1173 2856 1234 divina,
2908 1173 3323 1241 uniuscujusipie
3366 1181 3665 1240 iii-rsinna:

2043 1269 2340 1336 conscripta
2367 1282 2550 1320 eoi-um
2573 1309 2586 1330 ,
2617 1267 2702 1334 qui
2735 1283 2826 1336 pro
2855 1267 3102 1320 novitatis
3129 1278 3446 1320 Commenta
3477 1277 3668 1316 accu-

2046 1361 2143 1413 sati
2188 1371 2338 1422 sunt,
2367 1359 2432 1412 de
2461 1359 2749 1413 venerabili
2791 1359 2986 1411 scrinio
3023 1371 3206 1410 nosam
3250 1355 3668 1409 obsecundan-

2049 1451 2215 1514 tibus,
2247 1461 2297 1502 et
2339 1450 2489 1502 nobis
2535 1449 2918 1502 rationabiliter
2977 1447 3327 1502 oll'ereutibus
3369 1446 3668 1498 sulertius

2049 1543 2413 1604 intendamus;
2457 1542 2522 1594 ita
2569 1551 2623 1594 ut
2650 1543 2735 1608 qui
2769 1542 2878 1594 litec
2910 1541 3342 1609 prmstnnpscrhd
3370 1538 3668 1607 prmvari—

2051 1635 2188 1694 cari,
2214 1634 2439 1700 primum
2465 1632 2674 1701 qu‘dem
2705 1632 3011 1700 subiaceant
3033 1631 3234 1698 judicio
3262 1630 3497 1683 terribili
3534 1642 3668 1679 om-

373 1724 636 1777 culentius
664 1724 1084 1778 demonstratum
1117 1735 1196 1779 est
1217 1765 1231 1786 ,
1267 1735 1370 1778 tam
1406 1742 1498 1794 per
1523 1727 1729 1780 libellos
1751 1769 1764 1791 ,
1791 1743 1946 1797 quam
1979 1718 2024 1775 B
2056 1727 2341 1792 oipotentis
2375 1726 2497 1786 Dei,
2529 1725 2721 1777 deinde
2751 1734 2922 1776 autem
2955 1726 3395 1792 qualemcumque
3423 1721 3664 1792 (Typus

378 1828 474 1884 per
504 1816 876 1885 suggestiones
908 1819 1471 1871 revcrcudissimorum
1503 1820 1868 1876 sacerdotum.
1902 1832 1954 1874 et

379 1907 760 1960 venerabilium
793 1907 1072 1971 abbatum,
1118 1909 1358 1976 apostolo
1403 1919 1728 1978 protestaute
1768 1913 1952 1976 nobis,

381 2005 436 2049 ut
465 1997 716 2050 hominem
747 1997 1032 2050 hmrcticum
1064 2011 1171 2062 post
1204 2003 1415 2068 primum
1447 2011 1492 2053 et
1531 2003 1799 2055 secundant
1843 2019 1954 2055 cor-

379 2089 657 2156 reptionem
698 2090 879 2142 evitare
921 2090 1218 2156 debeamus,
1265 2095 1473 2144 scientes
1513 2093 1629 2159 quia
1671 2093 1958 2164 hujusinodi

386 2180 653 2233 subversas
684 2191 789 2244 est,
824 2191 868 2232 et
896 2181 1140 2246 delinquit
1181 2181 1387 2247 proprio
1418 2182 1617 2252 judicio
1656 2187 1958 2234 condemna-

385 2279 468 2324 tus
497 2269 625 2340 (Tit.
662 2273 782 2337 tit),
817 2272 960 2324 nullo
1001 2274 1160 2325 modo
1211 2283 1418 2340 oportet
1462 2285 1557 2324 nos
1596 2273 1845 2340 deinceps
1887 2283 1964 2324 ta-

385 2373 536 2422 cere.
571 2371 659 2412 aut
684 2361 993 2429 quiescere,
1025 2378 1091 2416 ne
1121 2378 1330 2431 quoquo
1361 2362 1518 2416 modo
1559 2365 1721 2432 iniqui
1762 2364 1964 2432 judice-

387 2469 526 2517 niur,
577 2453 826 2508 odibiteni
877 2455 986 2507 Deo
1031 2469 1212 2523 pacem
1258 2459 1667 2524 amplectentes:
1716 2457 1962 2525 quoiiiam

389 2546 644 2616 scriptum
685 2556 764 2600 est
809 2547 1016 2600 :Zelavi
1048 2550 1096 2598 in
1126 2550 1498 2614 peccatoribus.
1532 2565 1701 2616 pacem
1734 2561 1964 2616 peccato-

392 2655 507 2691 rum
536 2639 739 2692 ridens:
773 2649 826 2692 ct
855 2639 999 2692 dicat
1028 2641 1185 2692 etiam
1217 2642 1282 2694 de
1314 2641 1498 2694 nobis:
1535 2641 1832 2694 Sacerdotes
1874 2642 1968 2691 mei

389 2741 796 2799 contempserunt
838 2733 993 2801 legem
1033 2748 1224 2795 meam,
1264 2743 1307 2784 et
1353 2732 1640 2800 polluerunt
1683 2733 1970 2784 sauciuuria

391 2840 538 2876 mea:
568 2825 695 2875 inter
724 2834 952 2875 sanctum
981 2833 1026 2876 et
1068 2827 1336 2892 profanum
1381 2840 1478 2875 non
1518 2823 1737 2875 habuere
1779 2824 1971 2873 distan-

394 2919 546 2980 tiam,
600 2920 728 2969 inter
779 2918 1022 2984 pollutum
1077 2927 1122 2969 et
1178 2917 1419 2968 mundum
1472 2933 1570 2967 non
1621 2916 1970 2966 intellexerunt

395 3007 566 3078 (Psal.
590 3023 771 3068 Lxxu;
799 3005 993 3074 Sapho.
1020 3023 1106 3070 in;
1134 3006 1317 3059 Ezech.
1341 3014 1508 3076 XXII):
1541 3007 1631 3058 sed
1648 3020 1972 3074 Consurgere

2057 1815 2343 1868 Constantis
2371 1815 2502 1884 Aug.
2532 1832 2670 1868 cons.
2703 1830 2770 1878 iv,
2804 1831 2942 1866 conc.
2973 1813 3142 1866 Later.
3175 1813 3265 1864 sub
3292 1825 3467 1865 sancto
3501 1810 3669 1863 Mar—

2058 1909 2182 1975 tiuo)
2211 1910 2440 1976 ri-galeni
2470 1908 2882 1975 indignatiooem
2915 1918 3280 1970 revereantur,
3313 1922 3403 1974 per
3429 1919 3617 1974 quam
3646 1944 3660 1967 ,

2059 2000 2100 2052 si
2131 1999 2344 2068 quidem
2376 1999 2609 2067 episcopi
2637 2013 2722 2053 aut
2750 2001 2924 2051 clerici
2955 2009 3076 2050 sunt
3095 2039 3108 2058 .
3137 2013 3167 2050 a
3196 1998 3274 2050 sui
3303 1997 3605 2049 sacerdotii
3633 2036 3650 2059 ,

2062 2093 2171 2144 sive
2212 2107 2239 2144 a
2283 2093 2411 2146 clcri
2453 2093 2532 2145 sui
2581 2092 2767 2144 ordine
2799 2092 2967 2144 modis
2998 2090 3247 2143 omnibus
3277 2091 3566 2144 excidant:
3607 2089 3657 2142 si

2061 2192 2234 2235 autem
2276 2182 2513 2235 mouai-hi
2557 2193 2705 2246 sunt,
2747 2191 3112 2249 segregentur.
3153 2190 3204 2233 et
3234 2183 3386 2233 alieni
3425 2180 3548 2232 sint
3581 2176 3655 2231 de

2064 2275 2173 2327 suis
2223 2274 2374 2327 locis.
2423 2274 2476 2328 Si
2524 2284 2698 2326 autem
2745 2273 3087 2342 dignitatem,
3117 2279 3207 2323 aut
3229 2271 3516 2338 cingulum,
3554 2275 3655 2318 aut

2067 2367 2304 2419 militiam
2337 2365 2595 2428 habeant,
2626 2365 2890 2417 nudentur
2917 2366 3014 2417 eis.
3047 2365 3098 2416 Si
3144 2373 3321 2415 autem
3365 2373 3482 2414 sunt
3533 2357 3650 2427 prio

2066 2461 2201 2523 vati,
2245 2460 2286 2513 si
2331 2459 2543 2526 quidem
2592 2457 2798 2510 nobiles
2840 2458 3107 2516 existunt.
3139 2469 3351 2507 suarum
3384 2457 3650 2505 substan-

2070 2553 2259 2605 tiaruui
2290 2551 2728 2619 prusrriptioucm
2759 2551 3046 2616 patiantur.
3072 2547 3126 2600 Si
3153 2555 3327 2598 autem
3356 2542 3643 2612 ignobiles,

2073 2658 2176 2695 non
2206 2641 2375 2694 solum
2407 2642 2457 2694 in
2488 2655 2711 2709 corpore
2739 2639 2879 2693 vei'b-
2906 2651 3112 2699 rentur,
3143 2635 3234 2688 sed
3265 2635 3420 2687 exilio
3451 2646 3646 2700 perpe-

2075 2743 2164 2784 tuo
2203 2731 2560 2798 castigentur:
2604 2740 2658 2782 ut
2687 2745 2868 2782 omnes
2901 2729 3091 2779 timore
3122 2725 3215 2777 Dei
3245 2721 3560 2790 compressi,
3594 2725 3651 2771 et

2073 2824 2391 2876 comminata
2423 2822 2496 2873 i-is
2528 2819 2681 2887 digna
2713 2819 2966 2885 supplicia
3010 2824 3319 2869 rcverentes
3340 2853 3354 2867 .
3398 2809 3644 2862 iinuiobi-

2078 2917 2180 2969 lem
2219 2925 2265 2965 et
2299 2915 2412 2965 sine
2447 2913 2744 2963 turbatione
2787 2925 2966 2978 pacem
3005 2916 3306 2960 Sanctarum
3348 2902 3438 2955 Dei
3477 2900 3650 2952 cccle-

2075 3009 2268 3060 siaruui
2293 3003 2610 3057 custodiant.
2657 3002 2779 3052 Data
2833 3015 2964 3051 rom.
3025 2996 3128 3048 V'lll
3159 2993 3504 3046 K-iletidaium
3551 2987 3646 3041 Ju-

395 3114 515 3152 cum
563 3099 698 3162 Deo,
744 3107 797 3150 et
837 3101 1131 3151 consistere
1179 3110 1455 3165 prompte,
1504 3095 1785 3150 induentes
1826 3110 1969 3148 arma
1999 3101 2040 3161 C
2076 3098 2179 3157 nii,
2218 3095 2458 3158 Asclepio
2485 3103 2535 3144 et
2569 3092 2803 3144 Deoilato
2833 3089 2959 3140 vii-is
2998 3084 3308 3139 clarissimis
3347 3080 3648 3134 consulibus

398 3191 649 3258 Spiritus,
681 3187 942 3242 achrsus
975 3190 1320 3257 malignantes
1346 3198 1534 3241 contra
1564 3187 1718 3239 tidem
1746 3186 1880 3254 ejus.
1913 3195 1968 3237 ut

399 3283 756 3351 approbemus
784 3282 999 3349 spiritus
1027 3281 1313 3349 sapienter,
1345 3280 1394 3333 id
1426 3288 1536 3343 est,
1567 3280 1721 3331 verba
1752 3293 1932 3330 eorum
1955 3317 1970 3340 ,

401 3374 445 3428 si
477 3389 543 3427 ex
581 3373 687 3426 Deo
716 3384 858 3425 sunt.
892 3374 1155 3440 Scriptum
1187 3380 1267 3424 est
1295 3371 1434 3423 enini
1469 3371 1519 3422 iii
1550 3368 1810 3423 Jei'eiiiia:
1847 3365 1975 3418 Pro-

404 3466 624 3517 batorem
653 3462 766 3515 dedi
798 3472 844 3514 te
872 3463 923 3514 in
956 3464 1143 3531 populo
1174 3477 1280 3514 meo
1308 3462 1602 3522 robustum,
1646 3468 1688 3511 et
1733 3459 1854 3510 scies
1875 3497 1890 3521 ,
1933 3466 1976 3508 et

405 3556 636 3628 probabis
659 3556 791 3607 viam
814 3572 983 3608 eorum
1008 3554 1139 3626 (Jer.
1163 3557 1255 3622 VI).
1283 3553 1437 3607 Multa
1463 3566 1689 3620 namque
1717 3552 1862 3603 nobis
1890 3564 1979 3600 ne-

407 3650 639 3704 cessaria
672 3658 753 3702 est
784 3648 1085 3716 vigilantia;
1118 3658 1170 3700 et
1200 3656 1340 3699 tanta
1372 3645 1562 3697 divina:
1593 3643 1868 3712 sapientia:
1910 3641 1982 3692 ri-

409 3743 593 3802 matio,
636 3755 756 3808 quae
787 3740 992 3792 occulta
1026 3740 1361 3792 tenebrarum
1394 3737 1621 3798 revelat,
1649 3733 1713 3786 ad
1756 3732 1949 3800 requisi

409 3839 608 3893 tionem
635 3833 938 3904 huiusmodi
972 3833 1044 3884 rei
1082 3842 1134 3885 et
1157 3831 1534 3885 scrutationem
1553 3869 1566 3892 ,
1587 3827 1834 3896 quoniam
1861 3826 1984 3877 latet

411 3932 641 4000 quodam
671 3927 829 3981 modo
848 3937 900 3979 et
922 3924 1284 3986 absconditur,
1315 3923 1498 3989 visque
1520 3915 1988 3988 eoniprelieuditur

415 4023 600 4077 dolosa
644 4024 881 4075 existens
913 4017 1145 4080 malitia,
1197 4028 1290 4081 pro
1317 4028 1382 4066 eo
1421 4010 1560 4080 quod
1603 4009 1699 4061 sibi
1743 4011 1988 4074 pietatem

416 4115 608 4170 callide
641 4113 961 4173 blandiatur,
996 4121 1051 4162 ut
1083 4111 1252 4162 valeat
1283 4106 1630 4160 scrutantium
1657 4113 1885 4154 utentem
1919 4098 1990 4150 la-

419 4214 552 4261 tere.
577 4203 729 4270 Quod
763 4202 942 4269 utique
968 4203 1143 4252 sciens
1171 4199 1360 4252 beatus
1387 4193 1677 4262 Aposiolus
1719 4193 1790 4242 ait
1813 4207 1822 4240 :
1859 4186 1993 4239 Nam

419 4295 713 4366 liujusmodi
755 4290 1165 4362 pseudoapostoli
1206 4298 1248 4340 et
1279 4286 1498 4350 operarii
1530 4282 1725 4335 subdoli
1749 4321 1762 4340 ,
1794 4277 1996 4343 trans/i-

421 4399 607 4455 guraiit
636 4403 689 4440 se
718 4389 768 4438 in
798 4383 1052 4452 apostolos
1079 4381 1264 4433 Christi
1289 4377 1348 4447 (ll
1373 4375 1492 4429 Cor.
1517 4374 1610 4443 χι).
1636 4371 1738 4426 Sed
1771 4385 1874 4422 non
1904 4372 2000 4420 iiii-

2077 3185 2353 3256 (Consules
2384 3184 2486 3248 ﬁcti
2525 3182 2591 3232 ad
2632 3176 2882 3246 libitum).
2928 3176 3104 3230 Gloria
3141 3173 3354 3227 Christo
3393 3170 3511 3223 Jcsu
3541 3168 3647 3220 Do-

2075 3277 2216 3330 mino
2242 3284 2448 3337 nostro;
2481 3289 2575 3342 pax
2605 3273 2774 3324 vobis.
2808 3272 2973 3324 Amen
3005 3269 3103 3335 (1).

2539 3423 2776 3463 DECRETA
2809 3421 3001 3460 LIBER"
3030 3419 3200 3465 ΡΑῐδιΕ,

2261 3545 2540 3614 Desitmpta
2581 3560 2641 3597 ea:
2680 3542 2851 3594 codice
2890 3547 3077 3590 vetusto
3108 3535 3172 3588 16
3215 3533 3489 3593 librorum,

2615 3635 2702 3685 lib.
2749 3647 2879 3693 xiii,
2921 3644 3038 3696 cap.
3081 3626 3132 3680 9.

2184 3792 2320 3852 Quod
2360 3793 2405 3840 in
2445 3791 2620 3838 diebus
2645 3787 2814 3849 jejunii
2852 3782 2978 3833 nulla
3000 3781 3157 3842 jurgia
3183 3790 3296 3826 esse
3331 3775 3560 3823 debeant.

2091 3939 2148 3994 ln
2209 3939 2292 3992 liis
2347 3937 2665 4006 jejuniorum
2708 3932 2897 3984 diebus
2939 3928 3096 3980 nulla:
3143 3925 3293 3984 lites,
3349 3920 3506 3973 nullce
3542 3932 3661 3970 con-

2097 4041 2363 4086 tentiones
2403 4042 2520 4080 esse
2561 4026 2788 4085 debent,
2823 4022 2913 4074 sed
2945 4022 2996 4071 in
3029 4018 3116 4070 Dei
3151 4014 3397 4068 laudibus
3427 4020 3481 4065 et
3510 4021 3657 4078 opu-re

2097 4120 2398 4176 necessario
2427 4115 2836 4184 persistendum.
2864 4109 3049 4178 Arguit
3078 4109 3217 4161 enim
3248 4118 3374 4166 eos,
3417 4102 3499 4166 qui
3539 4114 3658 4151 con-

2097 4211 2362 4266 tentiones
2393 4218 2444 4261 ct
2476 4208 2594 4258 lites
2624 4203 3043 4270 quadragesiune
3077 4207 3316 4262 tempore
3351 4192 3574 4247 iaciunt.
3614 4198 3659 4242 et

2099 4305 2186 4373 qui
2225 4301 2401 4354 debita
2431 4317 2457 4347 ει
2490 4296 2821 4349 debitoribus
2853 4291 3101 4358 exigunt,
3138 4287 3392 4338 Dominus
3422 4297 3511 4348 per
3548 4294 3660 4348 pru-

2108 4396 2316 4461 plietaui
2348 4389 2559 4442 diccns:
2595 4386 2722 4439 Ecce
2752 4386 2803 4435 in
2836 4381 3006 4435 diebus
3028 4378 3213 4450 jejuni!
3244 4374 3393 4427 vestri
3435 4374 3665 4423 invenitur

423 4495 539 4532 runt
559 4517 573 4542 ,
604 4477 842 4546 quoniam
873 4485 916 4526 et
947 4475 1052 4540 ipse
1081 4471 1299 4524 Satanas
1332 4467 1656 4534 transﬁgurat
1684 4479 1735 4514 se
1754 4462 1881 4512 velut
1908 4476 2000 4510 an-
2029 4472 2076 4529 D
2105 4460 2331 4538 “Iun,”
2374 4489 2570 4539 veslm.’
2615 4487 2658 4529 ει
2700 4491 2871 4527 omnes
2911 4471 3157 4523 άνωιοηδ
3203 4479 3393 4519 ww.“
3437 4460 3663 4530 "pm-"'5.

425 4568 593 4638 gelum
641 4568 789 4619 lucis.
841 4563 906 4616 Et
955 4563 1072 4615 idco
1107 4576 1210 4613 non
1258 4559 1478 4621 iniruiu,
1523 4557 1565 4607 si
1612 4553 1839 4606 ministri
1885 4551 2000 4618 ejus

426 4661 889 4727 traiisligurautur,
918 4655 1060 4708 velut
1089 4652 1327 4704 minister
1351 4647 1598 4717 justitias,
1627 4657 1850 4710 quorum
1883 4640 2000 4692 linis

427 4748 720 4803 secundum
750 4761 909 4814 opera
939 4757 1144 4798 eorum.
1174 4741 1277 4795 Sed
1301 4747 1354 4792 et
1384 4738 1635 4791 Dominus
1666 4734 1714 4785 iu
1739 4733 1835 4785 lioc
1865 4746 2002 4799 prac-

428 4842 674 4898 muniens
705 4855 800 4893 nos
819 4879 833 4902 ,
861 4839 966 4891 ait:
999 4835 1246 4889 Attendite
1269 4851 1299 4885 a
1329 4832 1474 4902 falsis
1501 4828 1777 4898 prophetis,
1807 4825 1890 4894 qui
1920 4839 2000 4876 ve-

429 4935 573 4987 niunt
599 4932 665 4984 ad
693 4945 778 4984 vos
818 4931 869 4982 in
910 4928 1216 4982 vestimentis
1260 4928 1457 4989 ovium,
1498 4922 1794 4974 intrinsecus
1835 4928 2003 4969 autem

429 5034 545 5079 sunt
583 5025 693 5092 lupi
731 5037 958 5093 rapaces.
1002 5021 1045 5073 Α
1085 5019 1331 5089 fructibus
1369 5031 1540 5068 eorum
1577 5011 1883 5082 cognoscetis
1921 5026 2002 5062 eos

431 5118 642 5192 (Matth.
669 5119 778 5184 vii).
811 5115 950 5182 Ergo
975 5115 1025 5166 in
1056 5113 1278 5178 idipsum
1303 5126 1366 5162 ex
1396 5117 1504 5161 toto
1529 5106 1688 5160 corde
1710 5102 2004 5156 referentes

432 5217 556 5263 ante
595 5209 772 5261 omnia
803 5219 961 5270 super
995 5202 1084 5257 tali
1112 5201 1406 5271 quaestione
1445 5197 1908 5265 deprecationem,
1952 5198 2006 5242 et

2106 4577 2233 4630 Ecce
2254 4575 2319 4626 ad
2351 4574 2461 4626 lites
2487 4581 2531 4624 et
2557 4569 2899 4622 contentiones
2925 4563 3165 4632 iejuuatis
3183 4602 3196 4624 ,
3227 4567 3270 4610 et
3300 4555 3556 4626 percutitis
3582 4567 3666 4620 pii-

2103 4684 2198 4738 giio
2229 4665 2399 4732 impie.

2557 4827 2786 4869 ειυειιειι
2813 4824 2998 4866 CAPITE
3026 4818 3220 4862 DECIIO
3230 4840 3241 4853 .

2117 4976 2180 5026 Ut
2214 4977 2266 5024 in
2312 4971 2465 5022 sacris
2499 4968 2673 5017 diebus
2704 4965 3001 5026 ieiuniorum
3022 4957 3265 5020 coniugati
3289 4967 3317 5002 a
3340 4951 3672 5015 conjugibusse

2746 5050 3038 5096 abstineant.

2183 5183 2569 5243 Abstinendum
2610 5189 2691 5235 est
2730 5179 2780 5232 in
2825 5178 2911 5231 his
2947 5172 3323 5228 sacratissimis
3350 5163 3672 5239 quadraginta

2119 5387 2331 5444 Liberio
2361 5384 2555 5447 scripta
2588 5389 2699 5442 est,
2730 5392 2848 5430 eam
2881 5376 2958 5430 vel
2994 5374 3090 5447 sub
3120 5373 3330 5425 .luliano
3357 5367 3439 5419 vel
3469 5365 3563 5417 sub
3588 5363 3673 5445 Vi-

2123 5435 2731 5523 llgt't'lE—s'crilitdtltfuisse
2761 5447 3019 5523 Optirlttil.
3176 5454 3325 5522 “ctum
3367 5435 3676 5523 resinous-tria

2128 5509 2498 5592 adeptsuil'am
2538 5509 2852 5592 Athanasii,
2894 5532 2992 5585 qua
3020 5514 3244 5592 _.~cribit,
3287 5524 3346 5560 se
3387 5509 3461 5592 ab‘
3505 5509 3678 5592 _\riauis

2131 5577 2194 5652 ad
2229 5577 2454 5651 uiui-tein
2486 5589 2719 5659 qu0tidie
2745 5577 2934 5659 qua-iri.
2978 5585 3143 5659 Sitne.
3169 5593 3392 5659 utraque
3420 5581 3472 5656 Ἀ
3505 5577 3677 5629 hanasii

2133 5669 2197 5722 ad
2232 5652 2530 5727 Liberiuui',
2564 5669 2615 5714 Cl
2644 5652 2826 5727 contra
2860 5656 3052 5709 Lilicrii
3084 5653 3147 5727 ad
3179 5652 3526 5727 Athanasium
3547 5687 3558 5707 ,
3589 5657 3682 5698 Stis-

2130 5720 2294 5804 pertzn
2325 5735 2443 5786 liiloi
2467 5774 2478 5791 ,
2511 5720 2774 5784 {laetiores
2799 5726 3057 5790 judicent.
3086 5723 3281 5775 SEVEB.
3316 5720 3513 5768 BlV'Ii's‘.

508 5414 586 5485 (l)
615 5413 876 5469 Consules
897 5410 1020 5464 buic
1046 5407 1288 5476 epistola!
1312 5398 1660 5482 super-additi,
1683 5413 1796 5450 eam
1826 5396 1892 5448 de
1917 5394 2019 5477 fide

438 5466 748 5552 suspici-tant
786 5492 1041 5549 arguunt:
1083 5466 1344 5545 nusquam
1387 5475 1760 5552 enimut-omni
1807 5466 2018 5552 nouiina

440 5539 596 5609 last'is
629 5553 752 5607 alibi
781 5539 1044 5620 adscripta
1071 5539 1308 5602 invenire
1332 5548 1497 5620 potui.
1525 5539 1722 5595 Ultimo
1747 5539 1862 5590 locu
1888 5539 2024 5620 hanc

443 5607 726 5693 epistolatii
757 5607 975 5674 unicam.
1000 5622 1050 5674 iii
1083 5622 1242 5672 tumis
1288 5607 1632 5670 cuneilioruin
1681 5623 1874 5676 prioris
1914 5607 2026 5659 cili-

447 5686 614 5750 tionis
661 5703 930 5748 extantem
979 5693 1079 5745 liuc
1130 5689 1320 5743 retuli.
1353 5686 1818 5754 ψιέτιᾼτιιιιυιτιυιςςε
1843 5691 2027 5754 omnes

448 5747 744 5816 secundum
794 5763 1034 5814 ordinem
1080 5747 1386 5823 teniporom'
1421 5751 1696 5804 collocavi.
1741 5748 1865 5800 llam,
1909 5747 1950 5798 si
1999 5761 2025 5795 τι
