3910 6212
203 276 355 333 1-1ιό

1402 274 1813 331 TRACTATUS
1850 273 1872 330 1
1913 274 1998 328 DE
2029 273 2326 330 LAZARO.

3347 277 3482 334 MM

200 387 341 441 Inde
379 396 482 454 est,
532 385 670 459 quod
711 401 803 456 per
846 387 928 453 (1)
961 386 1263 440 distantiam
1313 404 1491 441 rerum
1534 390 1583 441 in
1630 402 1784 442 unam
1817 392 1862 446 Λ
1892 401 2170 457 resurgere
2192 386 2796 458 possitLazarns,cnjus
2825 388 2984 445 ftetor
3009 389 3483 462 (l2)jamlongius

199 469 652 548 glomeratiouem
725 488 999 548 compacta
1073 477 1244 532 omnis
1299 478 1659 532 membrorum
1708 492 1800 531 na-

205 578 334 624 tura
372 571 644 638 torpescit.
682 569 983 624 Recedeute
1021 568 1180 638 igitur
1207 569 1380 622 anima
1412 584 1529 638 qua:
1559 569 1800 636 corporis

203 660 508 716 ﬂoriarium
563 661 855 725 recolebat,
913 670 1019 715 tota
1051 661 1301 714 materies
1332 660 1512 715 liventi
1561 675 1695 728 gena
1745 659 1798 713 in

211 752 557 822 putredinem
601 752 900 818 relaxatur;
944 761 996 805 et
1041 767 1134 819 pro
1180 766 1306 805 voce
1347 753 1620 806 cadaveris
1663 751 1799 818 nigri

210 846 362 899 fellis
389 857 521 899 teter
559 846 640 915 ('2)
681 843 874 898 mortui
935 846 1092 898 laetor
1124 845 1382 897 hauritur.
1417 843 1585 896 Terra
1619 844 1796 911 igitur,

215 940 465 1007 humore,
495 941 685 1012 frigore
706 951 758 995 et
791 941 967 995 calore
989 941 1282 1005 c0inposita
1306 940 1551 1006 corporis
1578 937 1799 1002 fabrica,

211 1049 340 1103 qua:
385 1044 610 1101 quatuor
656 1041 836 1102 partes
867 1031 941 1100 (5)
972 1047 1184 1099 semper
1211 1031 1424 1083 sibimet
1450 1041 1802 1098 repugnantes

213 1140 414 1194 corpus
442 1127 721 1178 criminum
755 1126 806 1178 in
839 1123 1070 1193 procella
1101 1124 1413 1176 subvertant
1440 1122 1612 1192 (calor
1638 1120 1801 1189 frigus

214 1234 326 1273 non
355 1229 514 1281 amat,
549 1228 600 1272 et
630 1217 795 1286 frigus
820 1218 1000 1271 calore
1047 1227 1340 1284 torquetur,
1373 1217 1639 1269 contraria
1669 1229 1799 1268 con-

218 1310 402 1363 trariis
428 1308 797 1375 mancipantur
830 1323 843 1360 :
879 1317 1018 1361 terra
1050 1307 1211 1359 nimio
1237 1310 1456 1359 humore
1485 1307 1715 1370 vitiatur,
1751 1312 1804 1357 et

218 1401 417 1454 humor
441 1401 504 1454 de
528 1410 666 1455 terra
691 1400 974 1467 sordescit)
1004 1401 1082 1453 bis
1106 1400 1550 1469 quadriformilms
1573 1402 1806 1455 elemen-

222 1497 294 1549 tis
349 1496 398 1547 in
459 1510 619 1547 unum
667 1493 1046 1563 quadripartita
1095 1494 1230 1547 mole
1275 1493 1636 1547 constantibus
1685 1491 1800 1561 (4),

218 1586 512 1640 dissociato
542 1601 636 1655 per
677 1585 960 1638 divortium
1003 1588 1186 1637 mortis
1219 1585 1422 1654 auriga,
1461 1587 1545 1652 qui
1580 1595 1804 1653 quatuor

221 1679 345 1731 lSIlS
392 1678 626 1746 partibus
665 1678 778 1731 loca
808 1677 1045 1740 dederat,
1077 1694 1143 1731 ne
1168 1679 1447 1747 quisquam
1478 1678 1557 1747 (5)
1587 1677 1801 1730 mobili-

1901 477 1966 531 de
1992 480 2234 547 sepulcro
2281 481 2504 546 pomilos
2547 479 2784 533 feriebat.
2831 481 2948 545 Quo
2990 480 3120 545 viso,
3157 490 3264 534 tota
3299 482 3484 538 civitas

1903 572 2211 624 mirabatur.
2237 571 2416 638 Qualis
2449 571 2556 625 illic
2587 587 2727 636 eras,
2758 569 2971 626 Christe
2994 570 3149 626 Jesu?
3176 587 3334 643 quam
3362 587 3483 628 cro-

1902 675 2046 725 ceus,
2095 676 2250 729 quam
2297 660 2544 727 decorus,
2595 661 2740 717 fonte
2780 663 2983 731 purior,
3016 663 3136 717 nive
3187 663 3482 732 candidior,

1903 751 2017 804 sole
2062 752 2393 817 candentior,
2437 764 2491 806 et
2537 753 2658 807 luna
2703 757 2906 822 species
2951 753 3184 808 clarior?
3234 755 3345 808 Heu
3377 771 3483 822 me,

1903 842 2026 908 quid
2069 843 2357 909 interrogo,
2396 859 2551 910 quem
2595 852 2720 898 tunc
2747 846 2925 900 videre
2957 861 3059 899 non
3101 847 3310 901 merui?
3336 847 3486 904 Nunc

1906 941 2103 998 tamen,
2137 933 2254 999 quis
2282 942 2578 1001 quantusve
2618 935 2693 988 sis
2720 937 2933 1004 pietate,
2964 937 3204 1004 cognovi.
3239 938 3375 993 Ecce
3403 940 3483 993 in-

1907 1029 1985 1074 ter
2014 1023 2126 1076 haec
2151 1022 2310 1076 Jesns
2340 1022 2589 1078 Christus
2619 1024 2863 1078 Salvator
2893 1027 3110 1079 humani
3139 1029 3351 1094 generis
3383 1028 3484 1082 ile-

1905 1111 2462 1183 vissenarr.itur(ibid.
2503 1114 2585 1182 l5)
2611 1115 2743 1185 (15).
2771 1115 2903 1183 Age,
2927 1131 3044 1184 age,
3063 1115 3486 1182 Potami,servus

1909 1205 1998 1256 Dei
2032 1205 2130 1256 vivi
2159 1223 2170 1257 :
2205 1205 2246 1258 si
2271 1206 2470 1273 aliquid
2505 1206 2783 1274 praevales,
2811 1206 2878 1258 de
2901 1206 3140 1260 laudibus
3167 1208 3373 1261 Domini
3398 1209 3482 1263 vel

1908 1311 2070 1363 pauca
2100 1307 2332 1351 narrato.
2377 1297 2562 1350 Flebat
2601 1298 2738 1351 Deus
2775 1297 3076 1351 mortalium
3117 1297 3366 1365 lacrymis
3395 1314 3486 1354 ex-

1905 1387 2129 1450 citatus;
2172 1398 2224 1443 et
2252 1404 2373 1442 cum
2399 1388 2654 1442 Lazarum
2685 1399 2943 1457 potestate
2972 1405 3066 1444 sua
3106 1388 3273 1444 fretus
3299 1393 3486 1446 mortis

1905 1481 1972 1536 de
1996 1483 2200 1535 vinculo
2229 1494 2521 1546 revocaret,
2564 1482 2846 1551 praestabat
2879 1483 3086 1550 pietatis
3115 1482 3344 1537 officium
3393 1500 3482 1538 so-

1908 1571 2034 1626 latio
2062 1574 2434 1642 laerymarum.
2463 1572 2645 1627 Flebat
2671 1574 2807 1628 Deus
2833 1589 2935 1628 non
2959 1574 3096 1643 quod
3120 1585 3240 1628 ante
3258 1590 3316 1629 se
3345 1592 3486 1630 mor-

1912 1673 2056 1717 tuum
2083 1665 2302 1733 periisse
2323 1675 2690 1733 cognosceret,
2715 1665 2808 1718 sed
2835 1665 2972 1734 quod
2992 1666 3361 1738 sororumU-i)
3387 1667 3485 1721 ile-

221 1777 386 1822 tatem
434 1770 511 1823 sui
541 1769 905 1822 vehementius
933 1770 1163 1829 tolleret,
1205 1780 1257 1822 et
1302 1769 1606 1822 dOzniuante
1641 1768 1804 1836 llagro

1921 1772 1992 1810 cus
2023 1769 2361 1826 temperaret.
2398 1759 2578 1813 Flebat
2611 1759 2769 1820 Deus,
2803 1758 2943 1828 quod
2970 1773 3064 1812 eos
3085 1759 3275 1828 quibus
3306 1761 3484 1815 omnia

220 1860 412 1914 divisis
456 1860 505 1912 in
554 1877 710 1913 unum
744 1859 1083 1913 concordanti
1121 1861 1365 1926 jUnctura
1415 1860 1603 1912 finibus
1641 1863 1805 1929 agita—

222 1951 308 2004 bat
345 1952 457 2020 (6);
511 1952 613 2018 lim,
643 1955 875 2022 inquam,
911 1960 1132 2021 quatuor
1173 1961 1368 2020 partes,
1398 1952 1678 2006 recedente
1701 1952 1806 2004 ani-

222 2059 332 2106 ma,
385 2045 434 2095 in
480 2044 687 2111 globum
734 2044 976 2112 corporis
1013 2043 1227 2104 viduati,
1281 2058 1505 2097 excusso
1535 2045 1806 2097 societatis

218 2150 462 2198 auctore,
503 2139 808 2190 miscentur.
855 2136 957 2191 Sed
991 2137 1108 2205 quia
1141 2138 1293 2188 istum
1325 2137 1572 2203 juvenem
1620 2135 1807 2206 (Laza-

220 2242 342 2280 rum
387 2228 595 2296 loquor)
627 2228 878 2280 Dominus
908 2226 958 2278 in
991 2228 1186 2280 saeculo
1233 2226 1510 2289 dilexerat,
1555 2227 1806 2294 prcescius

220 2314 525 2370 futurarum
579 2318 846 2385 Apostolis
895 2318 1004 2369 suis
1056 2317 1317 2370 dormisse
1374 2316 1630 2370 Lazarum
1678 2318 1809 2371 dixit

221 2410 404 2478 (loau.
437 2427 513 2472 x1,
550 2411 603 2463 ll
631 2423 683 2462 et
710 2397 893 2478 seqq),
921 2423 1074 2476 quem
1107 2410 1362 2475 promisit,
1394 2409 1438 2462 si
1463 2410 1527 2460 ad
1563 2410 1701 2461 illam
1731 2410 1807 2461 ci-

221 2505 443 2556 vitatem
490 2501 784 2563 accederet,
828 2501 1065 2569 protinus
1118 2500 1476 2555 excitandum.
1537 2499 1618 2570 (7)
1659 2501 1808 2554 lluuc

220 2610 355 2663 ergo
392 2593 667 2655 Lazarum,
697 2594 779 2645 cui
818 2592 996 2646 Iiventi
1028 2603 1237 2646 errante
1260 2593 1487 2644 eonnixn
1520 2607 1611 2659 per
1641 2607 1809 2646 caeru-

222 2687 305 2740 las
356 2701 516 2741 venas
565 2685 798 2740 membra
855 2687 1150 2744 tabuerant.
1203 2701 1357 2753 quem
1422 2686 1705 2738 loculatum
1755 2687 1804 2739 in

220 2795 389 2847 specu
414 2781 589 2832 incisa:
615 2779 779 2847 rupis,
813 2778 1024 2830 immani
1049 2777 1288 2846 obiectus
1311 2793 1372 2831 ex
1408 2777 1640 2844 pondere
1670 2778 1804 2845 lapis

223 2873 449 2943 perenni
476 2874 643 2933 valva,
688 2870 862 2939 gravis
887 2870 1017 2922 libra
1058 2869 1375 2929 detruserat,
1409 2885 1684 2935 resurgere
1727 2871 1809 2936 (8)

226 2978 406 3030 posse,
437 2963 479 3014 si
515 2964 612 3015 ista
644 2961 945 3024 crederent,
977 2961 1332 3013 sacratissima
1365 2975 1486 3013 vera
1516 2960 1606 3012 Dei
1643 2960 1810 3029 pietas

226 3055 260 3105 ii
289 3057 522 3106 tonabat.
554 3052 669 3105 Mox
701 3067 911 3105 sorores
939 3052 1254 3119 constipata:
1277 3049 1357 3119 (9)
1386 3052 1555 3108 tnrba.
1584 3051 1800 3117 ejulatu,

1905 1847 2191 1902 donaverat
2220 1860 2272 1902 et
2298 1850 2348 1901 in
2373 1859 2682 1917 potestatem
2707 1850 3000 1918 redegerat,
3027 1850 3273 1918 paradiso
3293 1851 3476 1916 etiam,

1907 1937 2123 1992 floribus
2163 1950 2214 1992 et
2246 1939 2368 1992 liliis
2413 1941 2528 1994 sine
2569 1939 2678 1993 ullo
2721 1940 2900 1993 labore
2947 1951 3330 2008 praeposuerat,
3374 1941 3492 1996 dia-

1907 2029 2058 2082 bolus
2087 2029 2332 2084 docendo
2375 2039 2648 2099 peccatum
2673 2030 2740 2084 de
2769 2031 3014 2083 omnibus
3057 2046 3189 2098 pene
3219 2030 3337 2100 (l5)
3361 2031 3488 2084 fecit

1905 2134 2164 2175 extorres.
2204 2122 2385 2175 Flebat
2420 2122 2575 2186 Deus,
2619 2121 2759 2190 quod
2792 2135 2885 2174 eos
2925 2135 3057 2189 quos
3104 2121 3303 2176 fecerat
3333 2121 3490 2175 inno-

1906 2228 2109 2276 centes,
2141 2214 2383 2266 diabolus
2429 2229 2520 2281 per
2557 2213 2814 2266 malitiam
2862 2212 2985 2265 fecit
3015 2213 3240 2267 inveniri
3280 2228 3485 2268 nocen-

1911 2314 2006 2357 tes.
2041 2303 2154 2372 (16)
2187 2304 2296 2356 lleu
2327 2305 2496 2358 tenuis
2525 2320 2651 2357 aura
2675 2304 2740 2356 de
2769 2304 2908 2358 caelo
2937 2318 3130 2371 corpus
3159 2304 3296 2372 quod
3331 2320 3486 2359 rexe-

1909 2412 2017 2458 ras,
2043 2397 2307 2449 succiduis
2338 2396 2541 2449 artibus
2579 2395 2885 2450 deserebas.
2919 2395 3022 2451 Sed
3054 2412 3156 2448 non
3203 2405 3273 2458 te,
3306 2396 3483 2458 Pater.

1881 2503 2012 2540 onon
2048 2486 2208 2538 Filius
2244 2486 2528 2554 aliquando
2559 2486 2820 2554 despexit.
2854 2486 2956 2539 Pro
2997 2495 3083 2539 tua
3113 2496 3285 2540 morte
3316 2486 3488 2541 factus

1909 2588 1988 2631 est
2009 2587 2059 2630 et
2080 2578 2320 2630 Christus
2338 2577 2452 2645 ipse
2474 2577 2731 2630 mortalis.
2762 2576 2956 2629 Harum
2981 2576 3044 2628 ad
3069 2578 3349 2645 laerymas,
3370 2575 3483 2648 (l7)

1908 2680 2215 2737 etSparsam
2245 2670 2406 2721 crinis
2421 2667 2703 2721 miserandi
2728 2667 3002 2721 czesariem
3026 2667 3267 2722 Salvator
3292 2669 3487 2736 pietate

1909 2769 2228 2821 commotus,
2278 2757 2432 2810 fletus
2474 2757 2682 2812 ﬂetibus
2729 2757 2844 2828 (l8)
2876 2758 3232 2813 recontrabat.
3265 2760 3328 2813 Et
3367 2761 3489 2830 quia

1912 2853 2024 2919 ipse
2050 2865 2290 2904 sororum
2323 2848 2533 2903 ﬂetibus
2581 2849 2694 2918 (l9)
2729 2850 3058 2913 movebatur,
3104 2848 3352 2920 laerymis
3394 2849 3490 2908 filii

1909 2945 1988 2998 sui
2020 2942 2309 2999 Salvatoris
2337 2943 2503 2996 nostri
2546 2943 2685 2996 inter
2721 2942 2864 3012 ipsos
2898 2943 3063 2998 caios
3090 2941 3206 3013 (20)
3237 2944 3356 3012 ejus
3396 2960 3489 3014 pa-

228 3155 384 3206 a-stu,
427 3146 661 3213 jerniis,
699 3147 1046 3213 lacrymarnm
1077 3146 1402 3198 ubertatibus
1433 3148 1672 3209 ebriatw,
1716 3147 1803 3200 Dei
1833 3139 1877 3198 C
1910 3165 2040 3218 dum
2071 3175 2253 3227 "dum,
2282 3164 2427 3228 servi,
2455 3173 2555 3218 etc.
2587 3163 2641 3218 ιη
2664 3162 3074 3232 duobus-primis
3098 3164 3365 3220 codicibus
3387 3181 3489 3222 vox

226 3237 456 3306 genibus
477 3246 642 3289 Stratn
675 3237 833 3288 totius
856 3236 1094 3301 corporis
1119 3235 1428 3287 miserame
1450 3236 1736 3302 jactantur,
1754 3246 1808 3290 et

231 3329 475 3380 hebraras
504 3341 658 3380 voces
694 3325 802 3390 (10)
835 3325 1205 3394 gravcessando
1233 3325 1415 3379 fractis
1448 3327 1495 3378 in
1526 3343 1682 3378 unum
1708 3328 1808 3381 sin-

224 3418 460 3487 gultibus
513 3422 700 3469 mixtas
743 3416 1029 3470 Salvaturis
1083 3416 1133 3468 in
1196 3415 1432 3468 laudibus
1503 3417 1804 3484 expiabunt.

227 3512 469 3574 Quantus
493 3508 618 3569 illic,
648 3522 773 3575 rogo
807 3522 918 3570 vos,
951 3506 1127 3574 populi
1163 3505 1472 3558 festinatos?
1499 3509 1626 3570 Qum
1653 3521 1806 3575 spec-

229 3602 456 3652 tantinm
491 3598 672 3651 turba?
702 3597 884 3664 Qualis
913 3599 1040 3649 tanti
1074 3597 1312 3648 miraculi
1343 3599 1506 3664 potuit
1536 3611 1653 3650 e~se
1683 3613 1806 3649 con-

226 3701 432 3749 centus,
464 3689 552 3740 ubi
580 3696 759 3740 essent
787 3688 1094 3755 plangentes
1124 3687 1331 3754 puella},
1358 3696 1596 3738 mortuus
1624 3685 1803 3751 frater,

225 3789 276 3833 et
304 3780 550 3832 Christus
583 3778 848 3830 hominem
897 3778 1228 3844 promitteret
1265 3776 1642 3828 excitandum?
1667 3776 1805 3828 Cen-

225 3879 492 3924 vcnernnt
525 3869 730 3937 (credo)
777 3868 842 3920 ad
875 3868 971 3920 hoc
1002 3867 1360 3934 spectaculum
1401 3867 1675 3918 servandae
1703 3882 1812 3918 me—

225 3965 412 4017 moriae
425 3962 802 4026 sempiternum
824 3961 1036 4019 milites,
1057 3959 1246 4020 ιῐιιιιιεὶ,
1264 3959 1508 4026 gentiles,
1535 3959 1806 4028 preselyti,

225 4053 508 4106 clarissimi
550 4062 842 4113 senatores,
875 4051 1080 4104 nobiles
1123 4049 1327 4117 jndices
1354 4053 1496 4120 (ll),
1544 4051 1709 4115 servi,
1759 4059 1810 4104 et

223 4144 406 4199 Omnis
439 4158 570 4211 pene
599 4143 781 4194 civitas
804 4141 1046 4194 certatim
1088 4143 1339 4204 occurrit,
1374 4151 1430 4196 ut
1459 4140 1717 4204 viderent,
1743 4157 1807 4194 an

303 4340 378 4410 (Ι)
411 4339 756 4410 Sparsi/eritis
775 4338 1077 4410 discordium
1108 4337 1388 4410 scriberet.

305 4409 382 4475 (:2)
415 4409 601 4460 Morttti
628 4423 817 4461 nomen
845 4409 1113 4460 abundare
1137 4409 1305 4460 eidem
1337 4409 1562 4462 videtur.

330 4481 385 4550 5)
422 4480 719 4550 Sempernitt
742 4495 838 4550 ms.
869 4479 1019 4550 item.
1056 4493 1156 4529 non
1185 4478 1393 4546 legitur.

331 4549 387 4613 1)
420 4549 473 4602 In
507 4567 603 4602 Ius.
631 4549 746 4602 Tol.
773 4549 976 4599 dissoni
1000 4550 1100 4600 ttio.

331 4620 388 4673 5)
418 4620 512 4671 Ms.
549 4620 730 4683 Pomp.
763 4618 1092 4669 ηυὺιίἰταιωη.

329 4689 386 4756 6)
421 4689 514 4741 Ms.
569 4687 693 4741 Urb.
736 4689 840 4738 lucc
874 4689 1025 4752 igitur
1054 4689 1103 4740 in
1131 4699 1347 4755 quatuor
1374 4700 1540 4756 partes
1569 4689 1818 4742 recedeuti

229 4763 424 4821 animo,
447 4767 546 4810 rte.
569 4759 672 4810 Itazc
699 4760 822 4808 item
853 4759 1040 4824 legitur
1071 4759 1120 4814 in
1146 4775 1242 4808 ius.
1272 4759 1454 4826 Pomp.

306 4830 386 4899 (7)
423 4829 552 4882 Huic
577 4844 692 4898 ergo
724 4826 916 4879 Lazaro
941 4843 1068 4879 mss.
1098 4835 1204 4878 vat.
1232 4827 1417 4896 Pomp.
1452 4829 1573 4882 Urb.
1607 4828 1736 4882 Zen.
1765 4836 1817 4880 et

232 4899 526 4956 εά11.1(οη.

309 4970 388 5038 (8)
421 4969 576 5021 Posse
597 4967 845 5020 Lazarum
869 4965 1078 5019 additur
1102 4967 1150 5019 in
1177 4982 1303 5019 mss.
1329 4967 1443 5020 Tol.
1474 4968 1601 5022 Urb.
1624 4969 1808 5036 Pomp.

235 5040 369 5094 Zen.
402 5050 455 5093 et
485 5041 608 5090 etltt.
641 5039 770 5091 Vea.
800 5038 985 5089 Untttta
1015 5050 1190 5089 tamen
1217 5038 1442 5090 obscura
1465 5048 1516 5090 et
1539 5049 1810 5107 corrupta.

236 5111 368 5165 Post
395 5124 558 5176 pauca
585 5124 692 5160 vere
719 5107 805 5158 Ι)ρὲ
837 5122 930 5172 pro
959 5122 1072 5159 vera
1099 5107 1188 5160 Dei
1215 5107 1264 5159 iu
1300 5122 1396 5159 ms.
1428 5108 1610 5175 Pomp.

313 5198 392 5271 (9)
425 5199 587 5271 Turba
607 5200 836 5271 πυρίνου(ιὶ
859 5213 983 5252 mss.
1015 5199 1161 5271 Bent.
1189 5199 1302 5252 Tol.
1337 5198 1452 5252 Vat.
1477 5197 1604 5253 Urb.
1626 5201 1810 5268 Pomp.

236 5268 379 5325 Zen.
397 5282 447 5323 et
474 5270 598 5323 edit.
625 5269 754 5322 Ven.
784 5268 908 5323 Post
933 5285 1035 5323 non
1062 5269 1199 5321 nulla
1225 5271 1475 5321 ebrietates
1497 5285 1592 5338 pro
1615 5271 1815 5324 ebriam:

235 5344 290 5398 in
316 5355 441 5394 mss.
471 5341 652 5406 POutp.
678 5349 731 5392 et
763 5338 877 5391 Vat.

310 5412 425 5481 (10)
453 5411 558 5463 Vox
577 5411 920 5481 grrecessuudo
938 5423 1005 5461 ex
1027 5410 1267 5462 omnibus
1296 5422 1424 5481 mss.
1451 5409 1648 5481 etgcdit.
1679 5409 1811 5481 Ven.

235 5479 414 5535 addita
472 5492 570 5534 est.
619 5479 1002 5540 Contplicabant
1051 5495 1143 5545 pro
1188 5479 1458 5546 expiabunt
1499 5479 1818 5547 Sparaverio

237 5551 405 5621 magis
433 5552 619 5618 placet,
649 5551 737 5616 qui
761 5555 814 5600 et
837 5549 1144 5617 particulam
1165 5549 1213 5600 in
1238 5549 1305 5602 ab
1328 5550 1558 5605 ablativo
1583 5549 1818 5604 laudibus

241 5622 500 5675 demeret.

306 5692 423 5760 (11)
456 5690 577 5744 Mss.
613 5690 725 5743 Vat.
757 5688 881 5743 Urb.
927 5689 1112 5756 Pomp.
1157 5687 1284 5742 Zen.
1313 5695 1367 5743 et
1396 5688 1523 5744 edit.
1559 5688 1688 5744 Ven.
1720 5688 1816 5742 ad-

1913 3236 2099 3287 nobifei
2131 3251 2232 3287 non
2267 3236 2474 3296 legitur.

1985 3307 2095 3377 (t2)
2122 3304 2241 3356 Jam
2258 3306 2400 3357 abest
2423 3321 2451 3357 a
2478 3319 2576 3357 ms.
2607 3305 2792 3374 Pomp.
2817 3314 2870 3358 et
2898 3303 2946 3357 in
2971 3303 3160 3359 eodem
3184 3306 3368 3361 codice
3395 3324 3487 3375 po-

1913 3379 2084 3444 pulum
2120 3391 2209 3439 pro
2235 3377 2466 3441 papulas.

1985 3447 2093 3516 (l3)
2126 3445 2330 3513 lntegra
2354 3445 2465 3498 lure
2492 3445 2755 3516 sententia
2776 3444 2842 3497 ab
2863 3444 2968 3516 Age
2996 3461 3159 3515 usque
3187 3446 3250 3499 ad
3283 3457 3490 3500 narrato

1912 3515 1999 3569 ex’
2027 3533 2151 3568 mss.
2197 3517 2440 3567 omnibus
2481 3523 2536 3568 ct
2585 3515 2816 3568 editione
2861 3515 3058 3568 Veneta
3102 3517 3340 3570 restituta
3385 3528 3489 3584 est,

1912 3603 2072 3652 quam
2093 3602 2186 3637 cur
2208 3586 2497 3652 abjecerint
2518 3587 2751 3640 editores
2780 3585 3130 3648 Veronenses,
3164 3588 3488 3656 ignoramus,

1915 3658 2015 3716 nisi
2047 3672 2108 3708 ex
2141 3671 2204 3708 eo
2237 3656 2365 3707 Γιννιεε
2400 3656 2720 3723 μτ.υ]ιιιιίείο,
2754 3671 2858 3720 quo
2885 3659 3020 3711 hunc
3049 3664 3351 3714 tractatum.
3384 3659 3488 3712 Ζυο

1915 3728 2066 3777 nonis
2085 3729 2265 3779 {tntum
2286 3726 2581 3778 habendum
2603 3727 2856 3792 putabant
2876 3742 2886 3776 :
2908 3728 3018 3780 lta-c
3032 3737 3207 3780 autem
3230 3730 3492 3782 sententia

1915 3796 2154 3847 Potamto
2182 3806 2363 3863 aperte
2387 3795 2586 3848 tribuit.
2621 3796 2671 3847 ln
2707 3810 2832 3847 mss.
2863 3796 3075 3862 quidem
3113 3796 3277 3848 Pholo
3309 3802 3378 3849 mi
3407 3799 3490 3852 vel

1914 3866 2154 3936 P/totttmi
2184 3882 2274 3931 per
2298 3865 2377 3920 Plt
2405 3865 2690 3919 scuihitur:
2721 3865 2811 3918 sed
2842 3888 2870 3932 ρ
2896 3881 3124 3934 ετωουω
3153 3882 3245 3934 per
3274 3866 3320 3919 P
3351 3884 3494 3936 saepe

1915 3935 2084 3996 reddi,
2119 3937 2198 4005 vel
2233 3938 2528 4002 promiscue
2562 3953 2656 4002 per
2684 3936 2768 3999 p/t,
2819 3937 2896 3987 vel
2928 3953 2978 4000 ρ,
3025 3937 3204 3989 multis
3237 3935 3495 4005 exemplis

1916 4015 2076 4073 patet.
2113 4004 2159 4056 P
2187 4018 2358 4058 autem
2389 4006 2717 4073 prmtulimus
2744 4014 2928 4060 eontra
2970 4009 3311 4072 scriptionetn
3343 4004 3490 4062 codi-

1914 4090 2054 4135 Cum,
2089 4076 2228 4143 quod
2274 4078 2323 4128 bi
2369 4083 2620 4129 tractatus
2663 4087 2936 4128 auctorem
2977 4075 3171 4130 habere
3214 4077 3494 4131 videantur

1915 4146 2155 4199 eumdem
2188 4145 2502 4208 Potatnium,
2537 4147 2618 4199 cui
2649 4147 2784 4198 inter
2807 4158 3147 4198 monumenta
3171 4147 3238 4200 ab
3264 4150 3491 4202 Acherio

1916 4217 2057 4267 edita
2086 4214 2319 4283 ejusdem
2351 4215 2474 4283 styli
2502 4217 2721 4284 epistola
2756 4217 3074 4270 vindit-atur.
3100 4216 3279 4283 Itaque
3307 4219 3390 4271 vel
3422 4220 3492 4273 ibi

1919 4285 2223 4337 Pltotamins
2263 4286 2622 4350 scribendum,
2656 4285 2740 4340 vel
2785 4284 3050 4338 Potentius
3092 4287 3192 4342 hoc
3233 4289 3348 4342 loco
3373 4288 3495 4342 red-

1919 4357 2145 4409 dendum
2178 4357 2288 4409 fuit.

1992 4425 2115 4496 (ti),
2131 4426 2226 4478 Ms.
2251 4427 2396 4496 item.
2420 4433 2473 4478 et
2493 4425 2751 4480 editiones
2763 4423 2962 4480 Veneta
2983 4439 3044 4479 ac
3066 4426 3384 4482 Veronensis
3404 4430 3499 4496 ﬂe-

1838 4508 1894 4565 D
1917 4491 2062 4548 tibus.
2089 4495 2219 4550 Cod.
2241 4495 2426 4567 Pomp.
2457 4496 2592 4548 idem
2617 4496 2816 4558 scribit,
2839 4496 2929 4548 Sed
2958 4496 3292 4567 intnargine.
3317 4491 3490 4567 ﬂetus,

1919 4568 2138 4636 quodin
2165 4566 2398 4636 editione
2439 4569 2678 4635 patavina
2713 4577 2982 4632 receptum
3009 4565 3124 4636 ibit.

1993 4635 2102 4708 (l5)
2121 4637 2212 4708 Ms.
2236 4635 2361 4708 Urb.
2391 4640 2506 4708 fecit
2533 4637 2750 4690 invenire
2771 4644 3010 4708 extorres.
3042 4635 3264 4691 Inferius
3284 4639 3495 4708 quidem

1922 4707 2076 4773 paulo
2121 4706 2432 4759 absimititer
2458 4707 2646 4774 legitur
2669 4708 2718 4760 in
2742 4707 2986 4762 omnibus
3008 4717 3060 4760 et
3087 4722 3214 4762 mss.
3235 4706 3494 4776 et'editis,

1921 4778 2037 4844 fecit
2069 4777 2275 4827 inveniri
2300 4785 2552 4828 nocentes.

1993 4848 2106 4913 (16)
2156 4846 2278 4897 Tria
2321 4850 2592 4912 sequentia
2638 4849 2874 4900 membra
2901 4848 2976 4900 'in
3022 4847 3148 4900 edit.
3199 4847 3495 4904 Veronensi

1919 4918 2114 4968 omissa
2134 4917 2200 4967 ab
2241 4917 2350 4967 Heu
2381 4931 2545 4983 usque
2567 4917 2629 4968 ad
2661 4917 2908 4979 mortalis,
2934 4919 3257 4971 restituimus
3287 4935 3351 4973 ex
3377 4937 3493 4974 om-

1919 4986 2072 5038 nibus
2119 5000 2246 5038 mss.
2279 4999 2329 5038 et
2375 4985 2502 5037 (δόξ’.
2533 4985 2751 5041 Veneta.
2797 4987 2982 5039 Solum
3025 4997 3169 5040 tenus
3215 5004 3310 5055 pro
3338 4991 3499 5043 tenuis

1917 5057 2166 5110 scribitur
2189 5057 2237 5108 in
2270 5071 2368 5108 ms.
2402 5055 2551 5108 Item.
2586 5069 2779 5110 texeras
2804 5072 2898 5124 pro
2920 5073 3121 5109 rexeras
3149 5058 3202 5111 in
3235 5075 3338 5112 me.
3366 5060 3495 5116 Urb.

1915 5126 2122 5180 artubus
2156 5143 2247 5191 pro
2277 5127 2464 5177 artibus
2490 5127 2538 5178 in
2569 5143 2698 5180 mss.
2732 5128 2916 5194 Pomp.
2941 5137 2992 5181 et
3017 5126 3146 5181 Zen.
3171 5141 3224 5183 et
3244 5131 3498 5197 deferebas

1918 5213 2012 5265 pro
2039 5197 2293 5265 deserebas
2327 5198 2375 5248 in
2410 5210 2507 5249 ms.
2546 5197 2662 5265 Vat.

1925 5263 2112 5390 ’dcglz’)
2153 5264 2205 5318 ln
2232 5280 2356 5318 mss.
2395 5266 2576 5333 Pomp.
2603 5263 2731 5319 Zen.
2765 5275 2819 5322 et
2845 5267 2972 5322 edit.
3005 5267 3138 5325 Ven.
3169 5279 3218 5322 et
3245 5270 3500 5338 particula

2027 5354 2049 5387 3'
2083 5375 2094 5386 .

1963 5346 2094 5390 eest.

1998 5404 2108 5476 (13)
2150 5404 2270 5459 Mss.
2297 5404 2445 5476 Rern.
2481 5404 2595 5458 Vat.
2629 5405 2758 5461 Urb.
2791 5406 2977 5476 Pomp.
3020 5407 3175 5474 Spar.
3213 5409 3339 5464 Zen.
3379 5426 3502 5466 cum

1923 5473 2050 5529 edit.
2091 5473 2215 5529 Ven.
2262 5483 2313 5528 et
2356 5473 2548 5529 Veron.
2587 5477 2897 5532 recontabat.
2927 5473 3017 5531 “Αι
3067 5473 3123 5532 in
3153 5479 3282 5535 edit.
3318 5480 3501 5542 Patav.

1924 5546 2300 5599 recontraltebat
2327 5545 2666 5601 emendatum
2696 5558 2797 5600 est.

1996 5616 2112 5682 (l9)
2153 5615 2254 5668 Ms.
2283 5615 2466 5682 Pomp.
2499 5617 2922 5670 commovebatur.

1995 5685 2114 5754 (20)
2151 5685 2237 5740 Sic
2263 5698 2448 5739 omnes
2475 5699 2602 5742 mss.
2633 5696 2688 5741 et
2719 5685 2848 5741 edit.
2873 5684 3002 5742 Ven.
3038 5686 3109 5742 At
3133 5687 3368 5746 editores
3400 5690 3504 5746 Ve-
