3910 6212
452 249 590 306 1415

1408 239 1752 297 POTAMIUS
1793 237 2160 299 El’lSCOPUS
2200 235 2564 299 ULYSSIPON
2574 233 2779 291 ENSIS.

3592 231 3726 289 14111

455 359 676 412 ternitas
714 353 1040 409 ﬂectebatur.
1074 352 1192 405 Mox
1221 367 1348 421 ergo
1384 351 1538 405 Jesus
1573 351 1817 405 Christus
1841 352 1904 404 ad
1945 368 2030 404 se-
2057 357 2106 414 Α
2134 354 2372 408 sionilius
2396 351 2757 404 celebritatem
2789 345 3080 409 advertite;
3115 345 3394 415 qualisque
3438 345 3538 399 illic
3577 345 3732 398 fuerit

454 451 693 520 pulcrum
741 446 924 499 Lazari
954 444 1198 498 accessit.
1233 443 1424 498 Statim
1449 444 1687 512 iussione
1718 443 1833 512 ejus'
1861 445 2029 496 revol-

456 553 651 596 vuntur
677 557 837 604 saxa;
882 541 1226 595 secretarium
1270 541 1494 606 patescit
1531 539 1789 592 horroris.
1824 538 2032 591 Curiosi

457 634 654 688 aﬂ'atim
707 635 757 705 iu
804 649 1018 700 specqu
1063 632 1384 700 gementium
1435 631 1744 697 populorum
1787 631 1921 683 oculi
1956 630 2031 697 (1)

459 726 820 780 mittebantur.
864 723 1020 777 Visus
1061 733 1142 777 est
1171 722 1400 775 Lazarus
1434 733 1569 775 tet-ta
1603 722 1753 782 lat-ie,
1799 724 2037 774 manibus

460 815 788 886 pedibusque
803 815 1047 868 ConstriCI
1059 829 1146 864 us:
1169 823 1220 864 et
1238 813 1300 864 ad
1320 813 1627 864 dncmneutzt
1660 812 1756 864 virt
1768 823 1910 864 ulum
1962 811 2035 879 (‘2)

462 904 578 973 ipse
611 921 666 959 se
694 914 948 963 mortuus,
980 915 1030 957 et
1070 902 1242 956 adhuc
1273 901 1493 971 pedilms
1519 901 1748 961 vinctus,
1780 910 1836 953 ut
1859 899 2042 952 Clitis-

465 973 548 1049 tus
573 997 825 1063 jusserat,
853 995 965 1046 suis
989 993 1231 1046 manibus
1254 993 1569 1046 resolvebat.
1599 991 1749 1058 Qum,
1777 1005 1903 1058 rogo
1928 1004 2039 1053 νος,

465 1086 652 1141 fratres
699 1088 817 1155 (ὅ),
863 1087 972 1140 illic
1029 1086 1222 1141 voces?
1265 1087 1391 1154 Qtne
1435 1102 1678 1156 pressura
1719 1087 2043 1140 videntium?

465 1178 630 1245 Quam
653 1180 857 1232 curiosa
887 1180 1188 1232 mirantium
1216 1177 1409 1230 lumina
1431 1179 1453 1229 ?
1476 1177 1657 1243 Qualis
1680 1179 1730 1229 in
1749 1176 2044 1230 cervicibus

468 1268 900 1335 prmvenientium
945 1268 1228 1321 multitudo
1259 1267 1550 1334 pendebat?
1581 1265 1678 1331 Qui
1714 1266 1900 1319 ﬂetus?
1928 1281 2044 1333 qua:

468 1361 688 1430 gaudia?
716 1361 866 1429 quale
897 1359 1171 1412 murumr‘l
1199 1375 1354 1428 quam
1391 1373 1583 1411 novum
1611 1367 1663 1410 et
1691 1357 1906 1411 cmleste
1943 1355 2044 1407 titi-

472 1451 745 1505 raculum?
781 1452 920 1504 Mors
944 1453 1193 1511 vincitur,
1233 1452 1390 1503 homo
1431 1449 1683 1510 redditur,
1719 1447 2046 1500 infernarum

470 1551 672 1597 calente
703 1542 1030 1609 franguntur,
1061 1551 1111 1595 et
1139 1551 1254 1610 post
1295 1541 1636 1609 quatriduum
1664 1540 1844 1592 Lazari
1877 1541 2047 1608 lingua

473 1639 731 1697 movetur,
766 1646 950 1684 manus
974 1631 1148 1685 oﬂicio
1178 1639 1558 1699 prteparaatur,
1587 1631 1721 1682 oculi
1745 1627 1853 1682 51115
1897 1629 1944 1682 111
1969 1644 2050 1682 or-

2139 445 2379 514 martyrii
2412 443 2678 502 nobilitas,
2712 455 2863 507 quam
2895 439 3146 508 pra'clara
3168 480 3181 500 ,
3211 452 3370 502 quam
3393 438 3560 490 furtis.
3597 437 3726 491 Cum

2138 540 2187 592 iu
2211 539 2402 606 capite,
2423 537 2522 589 huc
2543 545 2644 598 est,
2664 533 2897 587 collecta:
2922 530 3288 584 scnsualitatis
3309 530 3553 584 umbilico
3575 544 3721 583 serra

2139 635 2274 686 viam
2297 632 2516 688 faceret,
2538 639 2587 682 et
2607 627 2832 682 stridore
2852 627 3129 696 reciproco
3152 626 3329 679 sulcos
3351 625 3580 677 dentium
3609 624 3718 693 (15)

2141 725 2381 788 duceret,
2409 721 2682 776 labebatur
2716 718 2944 789 (credo)
2973 719 3189 780 lamina,
3221 717 3346 769 dum
3380 717 3560 771 dentes
3601 715 3720 767 inti.

2141 818 2238 885 git,
2262 827 2312 869 et
2340 831 2431 884 per
2453 827 2676 866 messem
2701 810 3081 876 Capillamcnti,
3113 823 3452 876 crassumque
3479 805 3721 877 tegminis

2144 907 2522 967 velamentum,
2554 902 2632 957 vel
2661 903 2870 956 calloste
2900 904 3160 971 glutinum
3192 903 3327 955 cutis
3361 900 3605 955 Hebr-.cas
3639 915 3720 955 ca-

2147 1001 2265 1066 pitis
2297 1000 2498 1051 litteras
2527 1008 2727 1049 textum
2759 993 3316 1066 verticis(ib)mersit.
3346 994 3458 1047 Mox
3487 1010 3540 1049 se
3570 1005 3629 1047 ut
3653 994 3716 1046 ad

2143 1089 2318 1142 cubile
2339 1088 2514 1141 cordis
2535 1085 2650 1158 (15)
2669 1085 3093 1139 concinnamenti
3126 1085 3245 1155 nisu
3277 1093 3448 1138 sector
3468 1084 3717 1137 sollicitus

2145 1180 2439 1240 deﬁxisset,
2491 1179 2650 1231 fontis
2691 1178 2884 1230 ﬂuenta
2935 1177 3183 1243 purpurei
3231 1175 3418 1230 laxatis
3469 1191 3714 1230 venarum

2147 1272 2400 1338 lapsibus,
2431 1283 2494 1322 ne
2522 1283 2682 1320 venas
2731 1268 3112 1321 vermiculatint
3137 1264 3455 1336 pullice(|6)
3476 1266 3719 1330 profanus

2153 1363 2472 1430 intenderet,
2503 1373 2724 1413 croceus
2756 1373 2811 1411 se
2833 1356 3029 1410 aﬂ'atiut
3063 1357 3234 1411 imber
3259 1358 3463 1418 infudit,
3494 1366 3544 1409 ut
3583 1365 3718 1409 tecta

2148 1454 2351 1521 gurgite
2376 1452 2649 1520 sanguinis
2673 1467 2921 1504 venarum
2957 1451 3154 1517 pictura
3179 1449 3295 1519 (l7)
3328 1465 3426 1502 non
3453 1459 3714 1513 tremeret,

2152 1561 2321 1613 neque
2348 1545 2649 1600 miraretur.
2675 1543 2828 1611 quale
2851 1549 2994 1596 esset
3021 1541 3146 1595 illud
3169 1543 3312 1596 unde
3333 1543 3493 1595 victus
3511 1543 3716 1595 erubes—

2152 1651 2271 1690 cere
2293 1648 2589 1704 cogeretur.
2605 1633 3096 1701 Patueruntquippe
3118 1633 3446 1687 iuternorum
3468 1634 3708 1686 viscerum

472 1722 627 1779 bibus
653 1732 890 1786 currunt,
917 1724 1133 1792 vestigia
1163 1723 1436 1793 gressibus
1467 1723 1814 1789 explicantur,
1833 1723 2046 1774 auribus
2077 1727 2121 1786 Β
2149 1729 2384 1782 casiidici
2413 1726 2880 1796 juvenislaqueam
2909 1728 3254 1790 commercia,
3283 1740 3442 1778 εοιιυε
3463 1723 3567 1795 (18)
3594 1724 3710 1778 huc.

473 1825 758 1869 renovatur
781 1815 1013 1878 auditus,
1045 1815 1186 1869 acies
1215 1816 1455 1882 dirigtur
1479 1815 1528 1866 in
1559 1822 1826 1882 parentes,
1854 1827 2048 1880 cogna-

475 1904 548 1958 tio
577 1904 828 1960 redivivis
858 1905 1129 1958 obtutibus
1178 1905 1258 1973 (4)
1308 1913 1636 1968 numeratur,
1665 1903 1845 1972 frigida
1878 1904 2051 1971 posci-

475 2003 581 2059 tur,
607 2010 710 2050 noo
739 1999 1003 2066 respuitur
1028 1999 1198 2066 panis,
1227 1997 1416 2052 domus
1441 2000 1652 2065 petitur,
1681 1997 1873 2051 Christi
1899 1997 2056 2050 mira-

475 2088 592 2141 cuta
624 2087 924 2142 referuntur
944 2091 1049 2156 (5).

615 2194 921 2235 τιιΑοτΑτυε
950 2197 1004 2234 ll.
1047 2197 1113 2234 DE
1145 2198 1403 2236 IABTYRIO
1426 2197 1574 2237 ιελιτε
1609 2198 1909 2237 ι’ΒΟΡΗΕΤιΕ.

1037 2271 1300 2336 (Indidem
1323 2287 1368 2336 p.
1396 2273 1495 2333 98.)

544 2361 704 2417 Isaias
732 2378 849 2416 cum
879 2363 1145 2417 Christum
1181 2363 1256 2434 (6)
1299 2362 1628 2432 praidicaret,
1661 2362 1744 2415 vel
1773 2377 1888 2415 cum
1923 2361 2058 2414 iutu-

475 2469 550 2508 rte
574 2455 932 2508 damnationis
955 2455 1183 2524 elogium
1216 2457 1498 2509 israelitieo
1518 2455 1712 2524 populo
1743 2456 2056 2519 nuntiasset,

475 2546 641 2598 atroci
694 2543 900 2597 feritate
933 2544 1413 2612 blaspln-mantimn
1442 2555 1706 2598 commota
1763 2543 2054 2606 barbaries,

481 2647 682 2692 sectum
711 2654 738 2692 a
771 2637 942 2708 capite
970 2636 1175 2690 duabus
1200 2651 1320 2690 eum
1351 2636 1580 2689 violento
1621 2635 1882 2703 supplicio
1911 2634 2058 2701 quasi

475 2727 650 2783 oﬂ'ulis
680 2730 756 2802 (Ἰ)
787 2728 1041 2792 bitidavit,
1065 2727 1372 2796 jussitquea
1400 2728 1572 2794 capite
1601 2743 1694 2796 per
1715 2742 1869 2780 aures
1896 2741 2060 2792 usque

475 2821 540 2876 ad
568 2825 807 2890 scapulas
854 2821 1019 2872 secari
1051 2823 1309 2873 cervicem
1353 2835 1364 2870 :
1410 2820 1557 2886 quasi
1592 2833 1771 2886 parum
1813 2817 1969 2870 fuerit
2013 2815 2057 2870 si

477 2912 800 2968 immanitate
820 2913 1135 2982 lynipltatica
1157 2922 1438 2980 martyrem
1457 2911 1544 2963 llei
1565 2921 1720 2963 arutn
1741 2925 1870 2962 ense
1894 2918 2056 2962 trans-

478 3003 682 3058 l'oderet
711 3003 814 3073 (8),
838 3016 925 3054 aut
965 3005 1073 3070 ip~a
1099 3003 1286 3054 lamina
1319 3003 1542 3054 insontis
1568 3001 1664 3053 viri
1700 3016 1792 3066 per
1815 3000 2057 3069 jngerum

2152 1824 2286 1878 cina:
2319 1821 2576 1876 ferientis.
2607 1818 2865 1888 profunda
2896 1818 3146 1870 vivacitas
3170 1828 3221 1871 et
3247 1818 3385 1871 sicca
3409 1817 3592 1887 jejuaia
3620 1831 3706 1871 vo-

2153 1915 2429 1979 luptatum.
2452 1912 2686 1982 Sed(ltt)
2703 1911 2891 1972 Belias,
2921 1910 3057 1963 ﬁlius
3078 1910 3343 1974 Ezechias,
3369 1914 3705 1978 vireruirntus,

2153 2014 2206 2059 et
2236 2005 2482 2073 prodigus
2508 2003 2848 2072 gciiealogim.
2868 2001 3276 2055 mathematicus
3297 2002 3703 2065 catabolicorum,

2154 2101 2266 2171 (ΞΟ)
2294 2100 2650 2156 fatidicorum.
2683 2108 2735 2151 et
2763 2097 2876 2166 (2|)
2907 2096 3314 2167 pythonicorum
3338 2099 3564 2152 antistes.
3583 2098 3703 2149 intra

2158 2193 2372 2246 loricam
2404 2191 2541 2245 sacri
2573 2190 2799 2256 pectoris
2831 2188 2948 2244 ﬂdci
2999 2189 3295 2254 comitium,
3342 2189 3704 2258 pnedicatinuis

2161 2286 2387 2354 political:
2427 2286 2724 2338 litterarunt
2757 2287 2954 2336 curiam
3005 2283 3326 2351 requirebat.
3378 2282 3443 2336 Et
3468 2283 3576 2335 licet
3607 2281 3701 2350 ja

2157 2386 2300 2430 esset
2345 2375 2680 2430 membratim
2731 2373 2967 2442 Corporis
3000 2373 3160 2428 divisa
3193 2377 3481 2443 possiessio,
3525 2374 3699 2429 inferna

2161 2469 2442 2536 proderet,
2493 2468 2668 2521 abdita
2718 2469 3018 2532 revelaret,
3056 2468 3279 2525 obseura
3321 2471 3629 2538 porrigeret,
3660 2473 3702 2521 et

2161 2561 2314 2629 quale
2338 2571 2481 2636 esset
2510 2560 2660 2623 illud,
2685 2561 2824 2615 unde
2847 2562 3013 2616 victus
3044 2563 3362 2617 erttbeSCere
3385 2562 3495 2633 (2‘2)
3520 2577 3702 2631 cogere-

2163 2662 2263 2707 tur.
2293 2662 2347 2705 ut
2376 2635 2683 2720 persecutor
2711 2651 2920 2705 infamis
2949 2635 3215 2708 hominem
3251 2653 3342 2706 Dei
3365 2653 3596 2707 dentibus
3616 2652 3700 2706 dis-

2161 2755 2401 2810 cerperet
2433 2745 2648 2810 alienis;
2676 2749 2926 2813 propheta
2958 2755 3130 2800 tamen
3162 2747 3405 2814 egregius
3438 2755 3488 2800 et
3518 2744 3702 2799 illustris

2164 2836 2302 2889 inter
2325 2837 2656 2902 resupinatos
2680 2849 2935 2900 sectores,
2960 2851 3011 2890 ut
3040 2839 3297 2905 pendulos
3325 2838 3518 2892 tamdiu
3543 2839 3701 2890 immo-

2162 2927 2250 2981 bili
2300 2928 2597 2982 iuconrussi
2637 2929 2876 2997 corporis
2924 2929 3227 2996 perduravit
3279 2940 3441 2995 statu,
3485 2929 3700 3000 quamdiu

2163 3021 2268 3072 duo
2306 3035 2424 3074 esse
2467 3022 2781 3086 inriperent,
2835 3021 2922 3088 qui
2971 3023 3163 3092 figuras
3200 3024 3437 3093 gentium
3469 3040 3579 3078 cum
3625 3037 3703 3078 suo

479 3095 702 3150 ﬁdlClll'JB
729 3093 992 3146 sa-vieutis
1019 3109 1110 3159 per
1149 3104 1324 3146 costas
1364 3093 1622 3146 stridente
1661 3094 1765 3144 ictu
1798 3100 2056 3152 sulcaret;
2087 3090 2131 3152 C
2167 3125 2502 3181 persecutore
2531 3114 2841 3170 damnum
2868 3115 3003 3185 (εὖ).

478 3186 577 3242 niSi
610 3190 660 3241 111
707 3201 866 3239 unum
894 3200 1090 3252 Corpus
1119 3185 1250 3238 duas
1279 3182 1465 3237 oﬂ'ulas
1492 3184 1685 3251 gemini
1727 3199 1858 3250 pene
1897 3183 2056 3235 cada-

476 3281 618 3336 veris
648 3279 826 3334 scissa:
853 3281 1026 3334 carnis
1056 3290 1272 3348 ruptura
1303 3277 1636 3331 truculentus
1677 3287 1971 3343 appeteret,
2005 3285 2058 3330 et

477 3371 609 3426 duas
637 3372 705 3425 de
733 3371 1032 3440 aequalitate
1059 3372 1320 3438 junctum}
1348 3370 1496 3438 quasi
1521 3369 1597 3439 (9)
1627 3368 1878 3422 fortnulas
1905 3385 2057 3423 exse-

477 3473 643 3520 caret.
669 3461 773 3518 Sed
805 3463 853 3514 in
888 3472 1034 3515 tanto
1055 3462 1259 3516 cmlesti
1295 3462 1534 3529 palestrie
1575 3462 1830 3514 miraculo
1861 3463 2052 3527 nullus,

479 3568 535 3612 ut
563 3557 812 3620 arbitror,
836 3555 1136 3624 spectaculo
1168 3553 1277 3623 (to)
1303 3555 1601 3618 resultanti,
1631 3554 1698 3607 ita
1734 3555 1912 3608 videre
1942 3553 2055 3626 (11)

477 3663 597 3702 eum
626 3645 836 3716 poterit.
881 3645 977 3698 nisi
1019 3655 1163 3714 gesta
1211 3660 1492 3698 numerare
1531 3654 1810 3714 pcrleutet.
1855 3644 2056 3698 Idcirco

476 3738 1059 3809 sollicitis(12)visibus
1086 3738 1277 3791 veteris
1307 3738 1598 3806 diseiplinzn
1625 3753 1812 3791 novam
1836 3738 1901 3792 de
1932 3754 2052 3805 pas-

476 3867 595 3907 ron.
637 3866 732 3916 pro
766 3851 872 3918 ejus
898 3851 1169 3920 paternitas
1201 3865 1526 3919 suppc'suere
1550 3862 1713 3918 pater;
1745 3865 1848 3920 quo
1876 3859 2052 3906 autem

479 3932 824 3978 monumento
840 3922 1165 3987 ignoramus.

545 3993 624 4062 (1)
787 3992 1284 4062 Remainitebantur.

544 4058 625 4130 (2)
666 4061 717 4115 111
762 4062 887 4114 edit.
940 4061 1062 4116 Ver.
1097 4073 1244 4113 erat:
1277 4058 1393 4131 Ipse
1421 4064 1504 4126 qui
1539 4065 1699 4131 fuerat
1730 4073 1974 4128 mortuus,
2008 4073 2054 4116 et

473 4132 642 4187 adhuc
661 4132 884 4185 manibus
919 4141 962 4184 et
993 4131 1200 4201 pedibus
1226 4133 1441 4194 vinctus,
1471 4144 1524 4184 ut
1555 4131 1781 4186 Christus
1807 4137 2048 4201 jusserat,

473 4203 826 4256 resolvebatur.
859 4202 1171 4269 (longi-nant
1205 4204 1316 4255 ILI'C
1352 4203 1564 4270 quidem
1599 4205 1761 4271 magis
1795 4205 2049 4269 liismriac,

473 4284 532 4327 ut
559 4275 627 4328 ab
658 4272 1009 4338 Evangeltstis
1032 4275 1295 4335 iuuuitur;
1329 4274 1393 4324 ab
1420 4277 1614 4327 absunt
1639 4292 1664 4324 a
1690 4289 1815 4326 mss.
1849 4275 2045 4328 etcdit.

475 4343 606 4396 Ven.
659 4359 880 4411 quorum
936 4345 1214 4394 lectionem
1284 4345 1614 4397 insi-rendam
1678 4344 2048 4410 judicavintus.

473 4411 622 4468 Unus
645 4430 742 4465 ms.
773 4415 938 4466 Codex
959 4413 1077 4465 Tol.
1111 4413 1446 4465 resolvebatur
1469 4416 1674 4465 si-ribit.

664 4482 784 4536 MSS.
814 4482 932 4536 Tol.
953 4494 1000 4534 et
1033 4482 1216 4545 POtttp.
1242 4483 1434 4534 :tddttul
1456 4484 1782 4536 dilectissimi.

562 4554 618 4620 4)
659 4553 744 4605 Sir
769 4568 895 4606 mss.
921 4551 1070 4606 Rem.
1101 4551 1266 4606 Vatic.
1309 4561 1363 4605 et
1406 4554 1587 4622 Pomp.
1616 4556 1786 4607 Ceteri
1811 4555 1965 4609 codd.
1990 4565 2042 4609 ct

469 4623 597 4680 editi
629 4624 742 4676 libri
776 4633 1082 4677 muneratur.

539 4695 617 4764 (5)
675 4692 768 4746 Ms.
817 4696 962 4745 lirtn.
1001 4692 1220 4764 Explicit
1268 4694 1328 4745 de
1368 4692 1560 4745 Lazaro
1604 4695 1836 4763 feliciter.
1896 4695 2038 4750 Idem

2160 3246 2271 3315 (ﬂii)
2299 3261 2545 3300 EPISTOLA
2571 3263 2637 3299 an
2667 3259 2999 3300 nuamswu
3020 3263 3083 3301 an
3113 3264 3320 3302 ARIANIS
3345 3247 3700 3319 (IMPETITUI),

2230 3352 2497 3401 rosrouut
2537 3353 2587 3390 ιδ
2611 3341 2853 3393 coactuo'
2873 3354 3170 3392 mmmrxsr
3198 3354 3645 3394 suascnwseausr.

2721 3429 2969 3494 (Indidem
2990 3444 3036 3490 ρ.
3063 3432 3122 3480 99
3136 3431 3169 3492 .)

2159 3519 2374 3575 Domino
2412 3520 2586 3575 Fratri
2630 3523 2992 3592 gloriosissimo
3039 3539 3097 3575 ac
3144 3522 3433 3578 beatissimo
3462 3523 3705 3578 Athanasio

2659 3617 2891 3681 episcopo
2933 3611 3217 3668 I’otomius.

2229 3725 2383 3779 Tanti
2429 3726 2661 3780 carceris
2692 3725 2829 3780 fossa
2879 3725 3095 3780 crudam
3127 3727 3364 3782 illuviem
3415 3728 3706 3783 damnabilis

2159 3931 2176 3984 ι
2228 3861 2358 3985 (Ilii):
2383 3863 2474 3916 Ms.
2503 3864 2654 3918 Rem.
2679 3865 2963 3918 duceretur.
2998 3864 3097 3919 Pro
3121 3865 3382 3918 labebatur
3419 3881 3518 3920 ms.
3543 3867 3701 3936 Pomp.

2179 3949 2270 3983 ara
2309 3952 2336 3982 u
2365 3951 2442 3985 nr.

2179 3949 2442 3985 araontnr.

2258 4003 2337 4069 14)
2382 4004 2473 4055 iis.
2510 4003 2658 4055 Rem.
2689 4006 2884 4057 inarsit.

2259 4074 2337 4138 t5)
2382 4073 2652 4146 ldempts.
2684 4073 2833 4127 Rern.
2867 4092 2984 4127 cum
3014 4076 3129 4129 Vat.
3159 4087 3210 4131 et
3239 4077 3427 4146 Pomp.
3454 4077 3704 4131 concinenti

2155 4143 2291 4195 nisus
2321 4154 2500 4196 secter.
2533 4143 2659 4197 Zen.
2691 4147 2967 4198 concinenti
2994 4146 3126 4199 nisu.

2226 4214 2338 4284 (l6)
2383 4215 2433 4266 In
2461 4230 2586 4268 mss.
2613 4215 2725 4269 Tol.
2757 4215 2942 4282 Ρυηηι.
2969 4215 3098 4271 Zen.
3127 4215 3246 4270 Vat.
3277 4218 3404 4273 Urb.
3426 4230 3479 4274 et
3500 4219 3587 4286 Sp.
3604 4235 3702 4287 pro-

2153 4285 2378 4352 fanutus.

2223 4355 2333 4420 (l7)
2376 4354 2498 4408 Mss.
2537 4355 2684 4409 Item.
2715 4356 2833 4410 Vat.
2867 4356 2941 4426 Sp
2992 4357 3176 4423 Ponip.
3202 4357 3328 4411 Zen.
3365 4369 3418 4413 et
3443 4361 3566 4413 edit.
3589 4358 3696 4412 Ven.

2069 4457 2122 4516 Β
2151 4441 2251 4516 ⁷1011
2280 4434 2526 4516 ενρηιεῗορι,
2559 4436 2603 4477 et
2629 4428 2775 4508 quale
2791 4436 2914 4480 essi-t
2936 4428 3087 4516 illttd,
3106 4428 3240 4481 unde
3261 4430 3422 4482 uictus
3444 4432 3701 4482 erubescere

2150 4495 2650 4569 (forti-(erubesceret)
2679 4498 2968 4569 inirttro'tur.
3004 4495 3284 4552 l’ttlueruttl
3309 4517 3511 4569 quippe,
3543 4513 3636 4554 etc.

2220 4565 2330 4631 (18)
2379 4565 2470 4617 Ms.
2502 4565 2647 4618 Item.
2675 4567 2902 4619 bucu'na.

2219 4635 2480 4707 (1918.44
2532 4635 2697 4688 Beliab
2742 4637 2879 4703 ﬁlius
2927 4637 3229 4699 lliezccliiw,
3276 4639 3325 4691 in
3376 4655 3502 4693 mss.
3536 4639 3696 4707 Pomp.

2149 4703 2276 4757 Zen.
2313 4703 2482 4756 Beliab
2507 4707 2629 4757 item
2661 4723 2739 4756 (‘St
2777 4709 2832 4756 in
2862 4724 2941 4758 tus

607 4709 617 4773 1
817 4709 1220 4774 ιενιιιχιξίτριιτιι
1268 4709 1344 4774 σε,
1368 4709 1836 4774 Ρπςεαζο1ε³ι¹ατενο
1896 4709 2038 4750 Ιυεῐη
2149 4709 2276 4757 Zen.
2313 4709 2482 4756 Belial)
2507 4709 2629 4757 item
2661 4723 2739 4756 (‘St
2777 4709 2832 4756 in
2862 4724 2941 4758 tus
3001 4709 3149 4761 lletn.
3179 4719 3230 4761 et
3258 4709 3385 4763 edit.
3422 4712 3546 4766 Ven.
3577 4709 3698 4762 Iere-

467 4763 583 4819 erat
607 4766 654 4817 in
688 4766 866 4825 Potnp.
894 4764 985 4817 sed
1012 4763 1240 4817 deletum
1267 4764 1487 4817 Subinde
1512 4767 1625 4818 fuit.

540 4833 620 4905 (li)
661 4834 748 4889 Sic
778 4849 903 4888 HIS".
940 4837 1087 4887 lieni.
1126 4833 1241 4886 Val.
1286 4833 1408 4888 Urb.
1444 4835 1626 4906 Putnp.
1668 4834 1797 4888 Zen.
1828 4846 1882 4889 et
1909 4837 2037 4890 edit.

469 4903 612 4959 Ven.
654 4907 782 4955 alias
814 4907 1118 4969 praediceret.

535 4975 613 5044 (7)
652 4974 940 5035 Biﬁdurunt
982 4993 1073 5041 pro
1104 4974 1329 5038 biﬁdavit
1366 4976 1554 5044 legitur
1584 4977 1634 5030 in
1677 4993 1805 5031 mss.
1853 4979 2034 5033 Urbin.

466 5043 652 5113 Potttp.
699 5044 827 5098 Zen.
869 5055 921 5096 et
957 5045 1082 5098 edit.
1115 5044 1246 5098 Ven.
1294 5045 1357 5097 ad
1405 5043 1538 5115 quos
1574 5051 1830 5103 accedens
1872 5051 2038 5102 codex

466 5115 599 5170 Rem
648 5117 972 5187 bifmderunl.

533 5191 612 5256 (ὃ)
652 5186 746 5240 Ms.
795 5187 944 5239 Rem.
983 5196 1068 5237 aut
1108 5187 1159 5238 in
1199 5187 1309 5253 ipsa
1346 5186 1547 5240 laniena
1593 5189 1818 5241 insontis.
1865 5187 2038 5241 Eilitio

464 5256 596 5310 Ven.
629 5258 855 5322 ﬁdrcula:
886 5273 978 5324 pro
1019 5257 1258 5321 ﬁdiculw.

533 5328 614 5398 (ελ)
661 5327 913 5380 Formula:
957 5328 1075 5398 beic
1121 5328 1389 5392 pertiones
1439 5329 1669 5396 aequales
1716 5329 2035 5398 signiﬁcant,

462 5411 554 5452 seu
595 5395 712 5466 'quze
741 5398 997 5465 :equalem
1038 5395 1262 5449 formam
1295 5405 1348 5448 rt
1375 5395 1718 5463 quantitatem
1759 5395 2033 5454 baberent.

562 5468 646 5536 10)
687 5469 1033 5536 Sparaverius
1064 5467 1275 5530 corrigit
1308 5469 1580 5521 resistente.

562 5471 624 5522 10
687 5469 1033 5536 Sparaverius
1064 5468 1275 5530 corrigit
1308 5469 1580 5521 resistente.

559 5468 658 5610 111
684 5540 852 5593 Codd.
891 5539 1041 5610 Rem.
1078 5538 1194 5610 Vat.
1227 5537 1353 5592 Urb.
1403 5538 1592 5609 l’omp.
1630 5539 1719 5610 Sp.
1756 5539 1884 5595 Zen.
1917 5554 2035 5595 cum

460 5607 585 5665 edit.
622 5608 753 5664 Ven.
803 5625 854 5678 se
885 5609 1081 5678 poterit,
1108 5609 1194 5677 qui
1224 5619 1379 5677 gesta.

532 5678 644 5750 (12)
692 5678 784 5735 Ms.
812 5677 990 5749 Pomp.
1027 5679 1077 5734 in
1102 5680 1335 5747 margine
1364 5679 1570 5732 nisibus.

2147 4777 2276 4827 cilia:
2304 4785 2476 4826 nuta-nt
2511 4776 2557 4825 in
2591 4775 2822 4827 editione
2858 4776 3075 4830 Veneta.

2219 4845 2332 4914 (‘20)
2379 4843 2752 4896 Phisirlicornm
2800 4846 2849 4898 in
2901 4861 2999 4898 ms.
3047 4848 3196 4900 Rem.
3247 4848 3614 4901 Pltiridirarum
3655 4846 3696 4900 in

2145 4913 2252 4967 mss
2305 4916 2486 4973 l'omp.
2517 4913 2590 4981 Sp
2641 4925 2692 4966 et
2723 4915 2848 4967 edit.
2889 4915 3019 4968 Vv-n.

2185 4984 2325 5065 dﬁl)
2367 4983 2459 5036 Ms.
2493 4984 2639 5038 liem.
2679 4982 3154 5054 Epltitltouicorum.
3209 4988 3348 5042 Edit.
3383 4989 3512 5044 Ven.
3549 4989 3695 5042 Philo-

2145 5071 2368 5106 utrorum
2381 5095 2390 5105 .

2217 5124 2328 5193 (Ἡ)
2372 5123 2496 5177 Heic
2521 5141 2729 5193 quoque
2759 5141 2946 5178 omnes
2991 5142 3117 5179 ntSs.
3151 5136 3204 5179 et
3240 5129 3366 5182 edit.
3405 5129 3533 5182 Ven.
3567 5128 3693 5180 mira-

2144 5207 2298 5275 retur,
2335 5204 2389 5247 ut
2433 5196 2606 5263 paullo
2635 5196 2874 5263 superius
2904 5195 3146 5250 eamdem
3192 5199 3240 5250 iu
3283 5202 3594 5254 sententiam
3630 5199 3692 5253 le-

2149 5275 2310 5334 gttttr.

2218 5335 2331 5406 (‘25)
2377 5336 2532 5388 Addit
2562 5351 2659 5389 ms.
2689 5336 2806 5389 Tol.
2831 5338 2916 5402 qui
2941 5347 3011 5389 est
3040 5338 3325 5390 benedictus
3351 5340 3403 5391 in
3428 5340 3604 5392 srecula
3622 5353 3695 5392 sc-

2146 5405 2504 5476 culorumtAt
2555 5408 2605 5458 in
2655 5422 2780 5476 mss.
2826 5406 2972 5459 Item.
3019 5421 3072 5462 et
3109 5408 3295 5476 l’ump.
3339 5409 3456 5465 lucc
3489 5409 3694 5464 clausula

2145 5475 2355 5547 legitur.
2376 5475 2606 5547 Explicin
2635 5477 2696 5528 de
2726 5473 2882 5528 Esaia
2917 5479 3146 5547 feliciter.

2216 5545 2329 5618 (21)
2372 5545 2735 5618 Haecepistola
2762 5563 2882 5618 cum
2900 5545 3108 5612 pra-lixa
3126 5550 3471 5618 inscriptione
3497 5566 3559 5606 ex
3587 5565 3690 5604 mss.

2145 5615 2463 5691 §b_ba_ti:e_S.
2502 5615 2701 5691 Ebrnlti
2727 5617 2795 5670 ab
2823 5618 3051 5691 t_\_c_|ierio
3077 5619 3268 5691 edita."
3286 5615 3479 5691 legitur
3508 5631 3624 5677 tout.
3650 5635 3694 5677 111

2145 5685 2412 5756 Spicilegii
2445 5686 2745 5741 novissime
2785 5687 3028 5744 editionis
3062 5704 3178 5760 pag.
