3910 6212
204 361 345 417 iii?

1332 364 1658 420 EPISTULA
1695 365 1783 418 Al)
1809 365 2144 420 A'I'HANASI
2157 367 2265 423 UM.

3334 376 3468 432 Ηιὸ

191 475 429 531 officina:
455 478 536 548 (l)
569 485 954 544 coacervatam,
982 485 1038 530 tit
1090 485 1234 532 recte
1288 479 1602 542 conscribis,
1631 492 1784 532 exor—
1816 480 1864 536 A
1893 478 2135 533 Salvator
2163 477 2228 532 ad
2256 480 2538 548 Apostolos
2568 499 2580 533 :
2613 481 2777 537 Tanto
2817 494 3054 555 tempore,
3091 485 3276 556 inquit,
3305 488 3470 542 vobis-

191 567 347 623 dium
369 579 420 624 et
449 571 702 626 Stercoris
725 580 946 625 cruento
975 570 1038 624 de
1066 572 1254 626 faetore
1283 571 1600 625 cadaverum
1644 587 1785 626 mor-
1814 644 1816 646 ν

192 665 414 713 tuorum
439 659 538 730 (9.),
571 675 687 729 qua:
719 661 886 731 magis
925 675 1113 714 manus
1146 661 1402 728 potuisset
1427 662 1594 730 igneis
1623 661 1789 716 virtu-

195 751 348 806 tibus
375 755 640 808 extricare
661 753 744 808 vei
774 753 982 817 radere,
1008 753 1105 807 nisi
1138 754 1224 808 illa
1255 763 1338 808 tua
1365 755 1528 808 castis
1552 754 1618 807 de
1645 754 1779 809 exsi-

195 840 277 895 lio
295 841 480 913 capitis
503 846 740 897 coronati
763 853 1047 912 perennata
1067 844 1236 899 titulis
1265 845 1582 901 exclusisset
1611 845 1787 900 haere-

195 933 281 987 sis
309 943 506 989 sectam
545 936 827 988 anathema
867 935 1215 989 maranatha?
1248 937 1510 1002 Arrisisti,
1552 939 1784 1006 inquam,

197 1023 361 1079 nobis
382 1026 639 1081 catholica
671 1027 972 1097 virginitate
1019 1027 1303 1096 perfectus,
1341 1027 1634 1098 jugulando
1663 1044 1787 1099 per—

199 1113 362 1178 fidos,
391 1114 693 1172 damnando
727 1120 971 1186 perjuros
1002 1136 1014 1169 :
1052 1126 1328 1187 corruptas
1351 1119 1614 1174 adulterio
1641 1137 1790 1174 men-

199 1217 288 1262 tes
314 1210 604 1281 ambiguas,
632 1212 890 1266 maledicti
923 1213 1128 1277 pecoris
1154 1212 1438 1268 libidinoso
1468 1217 1788 1270 eumtnercia

199 1314 414 1356 veneno
442 1302 815 1356 damnabiliter
836 1305 1123 1368 sarcinata,
1155 1303 1309 1358 unius
1354 1304 1474 1360 lidei
1519 1307 1790 1376 runtphma

199 1392 433 1450 feriente
469 1396 658 1450 vicisti.
697 1394 879 1451 iaceat
928 1411 1174 1466 serpens,
1206 1409 1259 1450 ct
1310 1406 1453 1452 terra
1479 1414 1594 1468 quae
1641 1399 1789 1454 illum

200 1488 524 1554 susceperit,
559 1489 844 1557 purulenta
893 1503 1098 1543 veneno
1138 1489 1400 1556 nigrescat
1429 1509 1438 1541 :
1469 1491 1640 1559 jaceat
1680 1506 1792 1546 ser-

203 1593 339 1647 pens
363 1579 567 1633 coeli-sti
599 1580 702 1634 ictu
727 1579 1025 1643 damnatus,
1051 1579 1222 1649 jaceat
1245 1595 1465 1649 serpens
1497 1581 1790 1652 sanguineo

205 1668 431 1722 horrori-
466 1670 541 1743 (5)
575 1681 848 1726 contactus
882 1674 1098 1738 :jacttat
1127 1688 1346 1738 serpens
1373 1672 1505 1725 t‘list)
1533 1673 1790 1728 luminum

203 1762 355 1828 sinu,
389 1762 592 1818 trisulci
631 1763 738 1818 oris
780 1762 1036 1832 patefacta
1081 1764 1288 1818 sentina
1321 1778 1519 1828 vomat,
1558 1764 1788 1818 defluat:

1891 588 2005 625 cum
2034 590 2165 638 sum,
2193 584 2240 626 et
2263 572 2467 628 Patrem
2496 593 2596 630 non
2623 578 2816 630 nostis?

1966 664 2155 718 Dicunt
2196 665 2356 720 etiam
2398 668 2536 736 quod
2579 669 2630 721 in
2667 654 2812 724 libris
2851 669 3134 727 dominicis
3175 673 3472 728 substantia

1891 770 2180 825 numquam
2213 757 2452 812 videatur
2491 776 2610 815 esse
2638 763 2958 831 conscripta.
2988 763 3169 819 R~-dde
3206 764 3345 832 quod
3384 767 3468 821 itt-

1893 846 2188 909 volaveras,
2221 846 2550 904 furacissime
2579 861 2810 906 tentator
2835 869 2847 905 :
2881 869 3003 908 ecce
3027 854 3256 910 vinceris
3281 857 3466 911 Confu-

1893 945 2005 993 tare
2021 938 2087 992 de
2103 940 2419 1007 substantia;
2435 943 2632 997 etenim
2655 945 2777 1000 boni
2796 946 3026 1000 clamant
3047 955 3350 1003 Sanctarum
3374 964 3470 1001 au-

1895 1030 2219 1100 tiqnigreges
2242 1034 2617 1103 prephetarum
2642 1043 2749 1089 tota
2779 1039 3065 1106 praeconia,
3091 1047 3145 1091 ut
3166 1040 3257 1103 ait;
3285 1053 3464 1092 vocem

1894 1121 2207 1176 substantiae
2230 1139 2258 1177 a
2289 1124 2591 1180 Volatilihus
2617 1128 2736 1182 caeli
2757 1131 3003 1199 usquead
3031 1147 3219 1199 pecora
3249 1147 3470 1202 expave-

1894 1221 2038 1275 rnnt,
2055 1225 2104 1266 et
2130 1213 2556 1270 vocilcrabantur
2579 1216 2816 1290 (Ezeclt.,
2840 1219 2956 1285 XII,
2987 1221 3088 1290 ll):
3106 1220 3218 1293 Ego
3235 1224 3364 1277 dabo
3381 1223 3470 1276 Je-

1895 1303 2110 1356 rusalem
2138 1305 2190 1359 in
2230 1309 2736 1378 transmigrationem.
2759 1312 2891 1367 Ecce
2917 1329 3034 1368 cum
3058 1313 3301 1370 Curistus
3333 1317 3471 1372 Deus

1895 1399 2148 1453 anteriori
2195 1401 2257 1453 de
2289 1402 2479 1471 populo
2509 1405 2724 1459 minime
2751 1417 2894 1461 esset
2929 1407 3163 1474 auditus,
3193 1409 3471 1464 tabefactis

1896 1493 2372 1557 cotntnanentibus,
2431 1493 2776 1566 Jero~olytnte
2823 1499 3083 1553 columna:
3143 1503 3466 1556 ceciderunt.

1900 1579 2034 1635 Ecre
2059 1583 2235 1638 ιιιὶμρτ.
2254 1584 2423 1637 adhuc
2450 1583 2566 1639 licet
2591 1602 2692 1640 una
2724 1588 2814 1641 Dei
2843 1591 3103 1644 sententia
3130 1590 3375 1646 sufficere
3401 1593 3468 1648 de

1897 1673 2173 1744 buit,qu0tl
2203 1683 2455 1744 propheta
2478 1682 3228 1751 sanctusintonuit(Jer.xxui.
3253 1684 3344 1756 22)
3369 1702 3383 1738 :
3411 1685 3473 1739 Si

1896 1768 2145 1820 stetissent
2169 1769 2220 1819 iu
2235 1769 2510 1823 substantia
2539 1788 2664 1835 utea,
2695 1782 2739 1825 et
2762 1773 3018 1827 audissent
3039 1791 3289 1829 sermones
3313 1793 3469 1844 meos,

205 1863 522 1922 torqueatur
560 1856 830 1922 culparum
875 1869 1078 1920 anetor,
1103 1858 1187 1910 cui
1217 1872 1398 1922 parum
1429 1856 1615 1914 fuerat,
1646 1855 1785 1924 quod
1825 1863 1864 1919 Β
1893 1869 1938 1910 et
1969 1858 2253 1913 docuissent
2294 1863 2534 1928 populant
2575 1882 2758 1930 meum,
2804 1869 3090 1922 avertissent
3118 1886 3199 1922 eos
3229 1887 3258 1922 a
3303 1869 3472 1923 multis

203 1947 595 2016 prutOpIastunt
649 1949 948 2002 aeternitate
998 1948 1314 2016 privaverat,
1367 1947 1465 1999 ιίίπί
1511 1956 1563 1999 et
1607 1957 1790 2000 contra

207 2039 546 2094 SalVaturem
584 2039 748 2111 hydra
785 2040 1008 2092 virosior
1040 2042 1384 2108 prorupisset.
1417 2039 1675 2108 Separarc
1703 2055 1794 2092 vo-

208 2130 312 2184 luit
350 2133 626 2184 Dominum
659 2141 898 2185 nostrum
921 2130 1107 2185 Jesum
1135 2131 1426 2195 Christum,
1475 2133 1624 2200 quasi
1675 2148 1792 2185 vcr-

204 2222 337 2278 bum
374 2222 571 2278 Christi
604 2232 780 2292 posset
823 2221 1078 2286 incidere,
1111 2223 1418 2284 snb~tautite
1449 2223 1606 2277 fibula
1661 2239 1792 2280 con-

204 2326 454 2370 Cateuata
483 2315 756 2370 Trinitatis
776 2316 996 2375 unitate.
1037 2324 1093 2369 ut
1115 2318 1188 2372 ait
1218 2316 1391 2390 (Joau.
1423 2334 1478 2376 x.
1511 2318 1614 2388 5U)
1684 2319 1794 2389 Ego

206 2415 257 2460 et
292 2406 446 2461 Pater
469 2425 623 2461 unum
641 2426 834 2463 sumus.
865 2413 925 2464 Et
955 2410 1130 2482 (Joan.
1156 2426 1262 2475 xw,
1286 2410 1377 2482 9):
1412 2411 1511 2477 Qui
1541 2427 1617 2463 me
1647 2411 1793 2477 videt,

205 2499 345 2555 videt
372 2512 418 2556 et
441 2501 663 2555 Patrem.
693 2503 754 2556 Et
775 2503 963 2571 (lbid.,
988 2519 1038 2556 v.
1067 2503 1186 2573 ll):
1215 2501 1322 2570 Ego
1343 2505 1394 2556 in
1420 2502 1593 2566 Patre,
1624 2513 1666 2557 et
1695 2503 1797 2556 Pa-

207 2602 284 2646 ter
312 2595 364 2646 in
394 2611 487 2648 me.
522 2594 585 2647 Et
607 2595 795 2666 (Joan.
835 2612 872 2662 I,
908 2595 970 2665 1)
1001 2613 1014 2649 :
1047 2595 1112 2650 In
1137 2597 1384 2667 principio
1424 2607 1529 2651 erat
1561 2596 1794 2664 Verbum,

207 2695 258 2738 et
292 2683 504 2739 Verbum
525 2696 628 2740 erat
649 2688 786 2756 apud
813 2685 996 2753 Deum,
1025 2699 1068 2741 et
1099 2686 1230 2741 Deus
1253 2700 1358 2741 erat
1389 2686 1798 2742 Verbumdmnio

210 2777 568 2838 truculentus,
595 2777 853 2844 parricida
887 2777 1150 2843 desertor,
1183 2778 1499 2841 tuilvinis,ut
1527 2793 1666 2840 reor,
1702 2795 1798 2833 un-

206 2871 423 2938 guibus;
453 2870 533 2923 vel
568 2869 812 2923 dentibus
836 2870 972 2925 male
999 2871 1162 2936 sanis,
1186 2871 1229 2925 si
1255 2873 1528 2940 potuisset,
1564 2872 1784 2926 tentavit

207 2959 481 3014 scindere.
536 2960 601 3013 Et
642 2971 758 3028 post
798 2961 912 3016 lucc
941 2963 1064 3031 quid
1095 2977 1394 3032 opposuere
1424 2962 1799 3029 blasphetniis?

211 3049 394 3112 (Joan.
422 3068 527 3114 xw,
556 3053 647 3124 28)
682 3054 780 3117 Qui
809 3054 1054 3120 memisit,
1092 3055 1362 3124 inquiunt,
1401 3056 1568 3125 major
1602 3072 1678 3108 me
1704 3065 1796 3109 est.

211 3140 294 3195 Es:
343 3159 444 3212 quo
475 3144 683 3213 genitus
730 3155 810 3198 est
842 3145 1034 3199 Pater?
1064 3146 1248 3215 utique
1273 3149 1394 3216 quia
1427 3146 1593 3202 Filius
1638 3149 1800 3201 confi-

1894 1951 2074 2003 studiis
2097 1966 2287 2003 comm.
2321 1951 2454 2007 Ecce
2488 1955 2570 2007 hic
2601 1956 2718 2009 I't-lix
2751 1956 2817 2010 de
2846 1960 3138 2012 substantia
3171 1960 3470 2015 infelicibus

1898 2042 2104 2109 populis
2149 2054 2384 2113 prorupit
2424 2047 2652 2108 auditus,
2685 2056 2741 2100 ut
2780 2057 2830 2099 et
2871 2046 3121 2117 propheta
3153 2066 3217 2104 cx
3246 2065 3472 2118 persona

1895 2131 2023 2184 Adae
2046 2130 2314 2186 Christum
2345 2123 2576 2203 requirat
2605 2139 2653 2189 in
2687 2139 2932 2209 lacrymis
2971 2140 3141 2205 (Paul.
3178 2158 3355 2203 vattt.
3387 2143 3464 2214 '5):

1897 2221 2098 2282 lnfixus
2139 2241 2272 2288 sum,
2303 2225 2492 2294 inquit,
2529 2227 2578 2280 in
2605 2228 2726 2281 limo
2757 2231 3013 2299 profundi,
3045 2243 3091 2284 et
3111 2249 3211 2286 non
3237 2243 3307 2287 est
3353 2234 3470 2286 sub-

1897 2315 2099 2367 stantia.
2134 2316 2347 2371 Scilicet
2375 2318 2493 2387 quia
2527 2320 2751 2372 necdum
2787 2320 2956 2375 Patris
3004 2323 3295 2383 Stlbstultlitt
3327 2325 3468 2394 apud

1898 2403 2167 2459 Christum
2197 2409 2247 2460 in
2275 2423 2435 2463 carne
2458 2420 2795 2464 convenerat.
2831 2413 2978 2466 Sicut
3001 2421 3055 2466 ct
3082 2414 3166 2468 illc
3191 2414 3267 2484 (4)
3300 2416 3474 2470 Evan-

1899 2499 2084 2566 gelisua
2129 2499 2276 2570 (Luc.
2312 2501 2426 2570 xv),
2454 2519 2573 2555 cum
2625 2505 2841 2558 vastatis
2871 2505 3028 2560 rebus
3076 2506 3346 2562 luxuriose
3393 2510 3473 2564 vi-

1901 2590 2071 2642 vendo
2099 2591 2325 2656 perdidit
2351 2608 2562 2646 omnem
2594 2594 2942 2648 substantiam
2973 2610 3142 2660 suam,
3175 2609 3228 2651 ut
3258 2608 3476 2655 sanctus

1902 2678 1995 2732 Dei
2036 2691 2183 2734 Vates
2236 2681 2444 2749 scripsit
2486 2684 2638 2753 (Sup.
2674 2701 2709 2749 t,
2741 2686 2795 2756 5)
2827 2703 2839 2740 :
2872 2685 3096 2750 Spiritus
3142 2689 3230 2743 Dei
3269 2689 3479 2761 e/fugiet

1902 2771 2093 2836 ﬁctum.
2114 2771 2239 2826 Inde
2260 2789 2386 2843 ergo
2405 2776 2754 2830 substantiam
2773 2780 3020 2847 perdidit,
3046 2781 3166 2849 quia
3198 2798 3291 2851 per
3321 2783 3477 2838 luxu-

1901 2863 2032 2916 riam
2062 2865 2340 2920 sanCIitate
2363 2867 2564 2921 earuit:
2593 2870 2632 2921 si
2689 2869 2778 2922 tibi
2825 2871 3041 2937 sufficit,
3070 2874 3231 2939 dixit;
3282 2877 3475 2945 quibus

1902 2954 1944 3005 si
1964 2953 2070 3021 jam
2098 2955 2340 3024 palpitas,
2368 2958 2518 3027 plena
2543 2961 2856 3015 suntntnnia
2883 2979 2894 3013 :
2922 2966 2963 3016 si
2988 2967 3159 3019 adhuc
3187 2969 3471 3036 torqueris,

1903 3046 2149 3109 intendo;
2181 3051 2433 3116 scriptum
2465 3053 2686 3121 legimus
2715 3052 2906 3123 (Eccle.
2946 3071 2999 3119 ll,
3031 3056 3140 3126 8):
3165 3057 3476 3130 Cougregavi

1901 3138 2034 3190 enim
2055 3156 2232 3191 aurum
2261 3151 2408 3209 atque
2427 3153 2690 3211 argentum
2712 3154 2757 3196 et
2782 3147 3111 3198 substantiam
3135 3165 3304 3218 regum
3335 3162 3380 3204 et
3407 3167 3478 3205 re-

215 3241 394 3296 ιείυιις
428 3234 596 3302 ιῃειίοιι
616 3250 742 3305 ει·εο
767 3238 884 3304 quia
911 3237 1065 3290 Pater
1295 3238 1425 3292 οι·άο
1451 3240 1792 3308 ριιίεροῃίιυν,
1825 3235 1870 3297 C
1900 3229 2125 3298 gionunt.
2159 3231 2279 3286 “(BC
2308 3241 2388 3286 εει
2531 3235 2847 3298 substantia,
2875 3252 3029 3304 quam
3065 3237 3318 3306 propltt-ta
3365 3255 3477 3296 "16'

211 3341 324 3381 non
357 3327 647 3382 subsmntia
674 3339 968 3398 separatur.
1001 3329 1135 3395 Quid
1168 3329 1231 3384 ad
1265 3332 1376 3384 hate
1403 3332 1559 3398 dicis,
1591 3331 1799 3386 adulter

214 3417 464 3472 infamis?
517 3420 657 3474 Bene
678 3421 815 3489 quod
844 3431 891 3475 te
919 3423 1207 3490 antiquitas
1255 3432 1457 3490 patrum
1505 3423 1554 3477 in
1595 3423 1799 3493 synodo

213 3509 491 3572 savctiori,
518 3510 788 3565 voluntate
813 3513 1021 3580 viperea
1047 3514 1263 3580 impura-
1283 3513 1570 3567 vit-usitatis
1599 3512 1794 3579 inflata,

213 3600 379 3654 Custis
410 3601 570 3654 etiam
618 3611 669 3655 te
719 3602 1034 3655 translixere
1080 3602 1392 3656 missilibus.
1432 3602 1562 3656 Nam
1611 3613 1665 3655 ct
1716 3604 1798 3657 hic

213 3689 429 3745 docet-is
461 3692 815 3747 calumniandi
851 3693 1061 3761 pedicas
1093 3702 1255 3763 pra-te
1279 3693 1456 3758 ιιιίμ-ο,
1490 3694 1629 3760 quod
1668 3693 1798 3748 Sal-

216 3796 373 3838 Vatttr
396 3785 467 3837 ait
493 3782 680 3856 (Joan.
712 3801 786 3849 γι,
818 3784 920 3855 58)
949 3803 960 3836 :
994 3783 1112 3838 Non
1141 3787 1250 3838 veni
1275 3802 1423 3856 opera
1460 3802 1571 3839 mea
1601 3789 1797 3855 facere,

216 3876 308 3928 sed
336 3878 445 3947 ejus
465 3877 550 3944 qui
577 3877 711 3928 misit
739 3893 832 3929 me.
857 3877 992 3944 Quid
1017 3878 1148 3931 dicis
1171 3877 1426 3944 St'l‘pcttS?
1457 3877 1717 3946 Numquid
1747 3877 1796 3930 in

216 3964 321 4019 hac
347 3967 464 4020 luce
493 3969 741 4022 tenebras
781 3967 1009 4022 infundis
1049 3967 1275 4037 simplici
1303 3968 1424 4022 huic
1456 3967 1794 4036 professioni,

217 4073 377 4124 quam
403 4059 838 4128 qumsﬁunculam
875 4061 1090 4128 putata?
1122 4059 1355 4128 Tempus
1382 4064 1432 4115 in
1479 4078 1636 4115 causa
1669 4071 1748 4117 cst
1780 4080 1794 4116 :

214 4147 462 4205 Salvator
485 4150 622 4220 apud
650 4150 912 4214 homines,
939 4153 1060 4219 quia
1091 4151 1366 4206 hominum
1393 4169 1585 4223 Corpus
1613 4154 1798 4209 indue—

216 4249 322 4306 rat,
351 4240 632 4296 videbatur
653 4241 706 4295 itt
738 4257 990 4312 corpore;
1021 4243 1137 4298 ideo
1161 4245 1331 4298 dixit:
1365 4245 1486 4299 Non
1507 4247 1616 4299 ueni
1635 4250 1800 4317 facere

217 4347 378 4399 opera
404 4349 544 4386 mea:
569 4333 796 4388 hmninis
817 4334 869 4388 in
894 4350 951 4388 se
970 4336 1178 4404 negavit
1199 4335 1399 4390 officia?
1420 4335 1626 4392 Clamat
1649 4353 1794 4403 ergo,

218 4428 281 4474 ut
306 4421 452 4476 illum
484 4425 843 4478 ordinatorem
887 4424 938 4478 in
967 4440 1024 4479 se
1054 4425 1321 4494 praedicet,
1348 4443 1504 4494 quem
1535 4429 1584 4481 in
1613 4443 1672 4482 se
1698 4428 1798 4482 sibi

217 4511 463 4566 meminit
487 4525 759 4567 auctorem
785 4515 1027 4580 Patrem;
1053 4517 1176 4584 quia
1202 4516 1360 4570 Filius
1385 4519 1623 4588 sequitur
1644 4534 1797 4574 voca-

1901 3319 2054 3374 ntinit
2081 3322 2264 3378 dicens
2307 3324 2476 3394 (Psal.
2504 3343 2610 3391 th,
2647 3326 2764 3396 12):
2798 3327 2966 3381 Semel
2994 3330 3189 3383 locutus
3217 3341 3288 3385 est
3313 3331 3475 3402 Deus,

1903 3411 2003 3466 duo
2029 3415 2134 3468 lucc
2176 3417 2363 3469 audivi.
2394 3417 2449 3471 In
2483 3434 2583 3471 una
2613 3419 2806 3489 quippe
2834 3435 2962 3474 voce
2989 3421 3104 3488 duo
3125 3422 3237 3477 haec
3263 3424 3477 3482 audi~sc

1902 3519 1961 3558 se
2010 3506 2263 3573 pmpheta
2296 3517 2536 3574 testatur,
2587 3520 2642 3563 ut
2696 3510 2769 3564 ait
2799 3511 2958 3564 David
3003 3510 3169 3579 (Psal.
3203 3529 3347 3579 xuv,
3380 3516 3476 3585 2):

1901 3594 2100 3666 Lingua
2141 3615 2249 3654 mea
2276 3599 2502 3654 calamus
2532 3603 2727 3655 scribta.
2761 3600 2824 3656 Ut
2870 3603 3009 3655 enim
3042 3605 3275 3657 calamus
3303 3606 3477 3660 denti-

1902 3690 2138 3742 culorum
2171 3691 2436 3747 subdivisa
2482 3694 2782 3762 a-qnalttate
2811 3693 3040 3756 ducitur,
3070 3706 3121 3747 et
3155 3698 3316 3748 radiis
3345 3712 3478 3753 con-

1900 3783 2214 3835 Sonantibns
2259 3785 2555 3852 expeditur;
2589 3785 2654 3837 ita
2708 3784 2952 3838 Salvator
3000 3784 3302 3840 indivisibili
3347 3804 3475 3844 con-

1903 3875 2127 3925 nexione
2153 3888 2271 3926 cum
2303 3874 2470 3926 Patris
2492 3874 2740 3942 Operihus
2766 3875 3016 3929 uoitatur.
3041 3875 3190 3943 Quod
3213 3882 3351 3932 enim
3382 3896 3473 3949 pa-

1903 3968 1982 4013 tcr
2007 3961 2156 4026 dixit,
2183 3962 2344 4018 Filius
2365 3965 2764 4028 exclatnavit;et
2793 3966 2932 4034 quod
2955 3964 3116 4020 Flillla
3134 3967 3339 4023 locutus
3367 3979 3470 4036 est,

1901 4047 2058 4104 Pater
2083 4052 2337 4118 implevit.

1970 4141 2179 4210 Merito,
2209 4145 2398 4214 inquit,
2433 4147 2603 4201 Semel
2628 4149 2824 4201 locutus
2846 4158 2916 4201 est
2937 4147 3096 4213 Deus,
3123 4149 3224 4203 duo
3253 4149 3360 4204 lucc
3381 4168 3478 4205 au-

1901 4241 2021 4296 divi.
2051 4243 2176 4296 Dua:
2204 4255 2446 4310 persona:
2474 4256 2630 4294 unum
2666 4242 2832 4295 tulere
2851 4241 3105 4310 judicium
3125 4281 3140 4306 ,
3167 4250 3223 4295 ut
3245 4244 3295 4296 in
3319 4243 3476 4299 deca-

1902 4331 2024 4402 ιοεο
2072 4348 2172 4386 una
2216 4331 2475 4386 sententia
2524 4330 2763 4399 duplices
2811 4331 3001 4384 tabulae
3050 4332 3476 4388 conscribuntur.

1900 4423 2244 4478 Obmutescat
2270 4422 2493 4477 haeresis
2519 4431 2719 4476 ueterno
2748 4421 2960 4476 silentio
2994 4423 3370 4490 praedamnata,
3402 4423 3482 4479 di-

1901 4514 2035 4567 vinis
2063 4514 2251 4568 iCtibus
2275 4529 2433 4578 caesa,
2459 4513 2708 4566 barathro
2731 4515 3044 4580 tartarisque
3068 4519 3326 4581 deposita.
3355 4513 3481 4570 Sola

218 4602 369 4670 bula,
405 4604 473 4656 ita
501 4605 669 4674 major
698 4618 779 4659 est
808 4605 895 4659 ille
916 4608 1003 4675 qui
1029 4607 1312 4673 praevenit;
1338 4609 1429 4662 sed
1459 4621 1506 4660 et
1541 4609 1799 4664 mittentis
1827 4609 1874 4667 D
1902 4621 2110 4669 semper
2147 4622 2264 4658 cum
2308 4605 2500 4658 laureis
2550 4604 2660 4657 suis
2688 4605 2834 4672 virgo
2884 4619 3162 4673 puerpera,
3206 4605 3314 4656 Deo
3353 4621 3478 4672 una,

219 4703 278 4748 et
295 4697 462 4759 missi,
485 4699 605 4765 quia
627 4709 733 4751 tres
760 4713 919 4750 unum
940 4699 1155 4760 sunt,ile
1178 4697 1464 4751 divinitatis
1482 4701 1683 4753 unitate
1705 4716 1804 4754 una

219 4786 516 4840 Substantia
537 4801 614 4842 εει
644 4786 842 4858 (Joau..
874 4806 927 4852 x,
954 4788 1066 4859 30):
1085 4788 1195 4859 Ego
1209 4801 1252 4842 et
1275 4789 1430 4842 Pater
1443 4807 1800 4844 unumsumus.

221 4874 294 4930 Et
323 4876 501 4946 (Joan.
523 4893 633 4947 xw,
658 4878 712 4947 9)
740 4895 751 4930 :
775 4883 859 4948 qui
881 4897 957 4932 me
978 4879 1126 4944 videt,
1144 4879 1273 4934 videt
1298 4889 1343 4934 ιι
1366 4877 1592 4934 Patrem.
1614 4881 1680 4934 Et
1698 4896 1808 4950 ipse

300 5093 381 5167 (i)
421 5095 476 5150 Iit
510 5097 804 5151 Acheriana
851 5097 1087 5153 editione
1118 5098 1388 5166 legebatur
1428 5109 1804 5164 conservatam;

223 5169 616 5221 correctionem
647 5183 795 5221 nova:
824 5168 1073 5222 editiOuis
1113 5170 1443 5224 retinuimus.

299 5234 379 5375 (2)
419 5235 594 5290 Prima
626 5237 839 5292 Acherii
864 5237 1026 5292 editio
1054 5255 1165 5309 qua
1191 5239 1346 5309 magis
1367 5255 1564 5307 manus,
1598 5240 1793 5297 scribit.

299 5306 357 5375 (5
418 5305 619 5363 Eadem
652 5310 819 5375 prima
848 5309 1013 5364 editio
1042 5320 1346 5364 contractus.

298 5305 379 5377 (5)
418 5305 619 5363 Eadem
652 5310 819 5377 prima
848 5309 1013 5364 editio
1042 5305 1346 5364 contractas.

631 5883 899 5946 ΡΑἰίιυι..
937 5881 1097 5948 V111.

1915 4695 2065 4749 nobis
2101 4697 2345 4750 Columba
2371 4694 2686 4774 fecunditate
2714 4698 3066 4756 numerosior.
3093 4710 3257 4765 usque
3287 4698 3349 4750 ad
3382 4713 3483 4751 nu-

1915 4788 2006 4840 bes
2035 4789 2154 4841 coeli
2181 4796 2338 4856 caput
2361 4798 2668 4842 coronatum
2698 4790 2922 4842 attollat.
2951 4789 3030 4841 Sit
3059 4788 3333 4843 benedicta
3358 4806 3480 4845 cum

1915 4879 2126 4949 populis
2172 4879 2446 4933 Trinztatis
2494 4881 2692 4933 unitate
2721 4891 3098 4948 consegregata
3133 4880 3258 4947 justi
3291 4879 3483 4946 simis;

1913 4971 2064 5040 cujus
2107 4971 2258 5024 laude
2293 4972 2440 5040 plena
2485 4979 2584 5033 est,
2617 4985 2646 5024 a
2690 4986 2831 5024 nunc
2868 4981 2919 5024 et
2950 4971 3000 5023 in
3039 4981 3234 5024 acterna
3271 4985 3484 5039 semper

1908 5062 2101 5116 saecula
2133 5063 2443 5117 saeculorum
2471 5061 2733 5117 beattﬂcet
2761 5061 2919 5116 Pater
2957 5070 3012 5116 et
3040 5060 3206 5116 Filius
3231 5072 3284 5115 et
3310 5056 3482 5130 Spiri-

1909 5161 1997 5209 tus
2017 5163 2252 5208 sanctus.

1983 5312 2061 5384 (4)
2103 5309 2262 5367 Forte
2285 5311 2422 5379 apud
2451 5309 2841 5379 Evangelistam.
