3910 6212
186 291 354 349 1415

1400 288 1811 345 TllACTATUS
1848 287 1870 343 1
1911 288 1995 342 DE
2027 287 2322 343 LAZARO.

3342 289 3477 345 1414

185 403 339 457 little
378 413 479 471 est,
529 403 668 475 quod
709 417 801 472 per
843 404 926 470 (l)
958 403 1260 456 distantiam
1310 418 1488 456 rerum
1532 404 1580 455 in
1628 417 1782 456 unam
1816 406 1860 460 Α
1890 416 2168 471 resurgere
2190 400 2792 472 possitLazarus,cujus
2821 400 3480 472 ftetor(l2)jamlongius

184 486 650 563 glotneratiouem
723 504 996 564 compacta
1070 492 1240 547 omnis
1297 494 1658 546 membrorum
1706 506 1797 546 na—

190 594 333 640 tura
371 587 642 655 torpescit.
680 585 981 640 Recedeute
1019 583 1177 654 igitur
1203 584 1377 638 anima
1409 599 1526 652 qua:
1557 583 1798 650 corporis

188 677 506 732 ﬂoriariuin
561 677 852 739 recolebat.
910 685 1016 730 tota
1048 677 1298 730 materies
1329 674 1510 728 liventi
1559 689 1693 742 gena
1743 673 1796 727 in

196 769 554 838 putredinem
599 768 897 833 relaxatur;
941 777 993 821 et
1039 782 1132 834 pro
1177 781 1304 820 voce
1345 767 1618 820 cadaveris
1662 764 1797 832 nigri

196 862 362 915 fellis
389 873 519 916 teter
557 862 638 932 ('2)
679 859 873 914 mortui
933 861 1089 914 l‘cetor
1121 859 1380 912 hauritur.
1415 858 1583 911 Terra
1618 858 1794 926 igitur,

200 957 464 1023 humore,
493 958 684 1029 frigore
704 966 756 1011 et
788 957 965 1010 calore
987 956 1280 1020 composita
1304 955 1549 1021 corporis
1576 951 1797 1016 fabrica,

198 1066 340 1120 quae
385 1061 609 1118 quatuor
655 1057 835 1118 partes
865 1047 939 1116 (3)
970 1062 1182 1114 semper
1209 1047 1422 1098 sibimet
1448 1056 1800 1113 repugnantes

200 1157 414 1210 corpus
441 1143 720 1194 criminum
755 1142 805 1194 in
838 1139 1068 1209 procella
1099 1139 1412 1191 subvertant
1439 1137 1610 1208 (calor
1637 1135 1800 1204 frigus

202 1251 326 1289 non
353 1245 513 1298 amat,
548 1244 599 1288 et
629 1233 793 1302 frigus
819 1233 998 1287 ealore
1045 1242 1338 1300 torquetur,
1372 1231 1638 1284 contraria
1667 1244 1798 1283 con-

209 1327 402 1379 trariis
427 1324 796 1392 mancipantur
829 1339 842 1376 :
877 1332 1016 1376 terra
1049 1323 1210 1374 nimio
1235 1325 1455 1374 humore
1483 1321 1713 1384 vitiatur,
1750 1326 1802 1372 et

210 1417 417 1471 humor
441 1418 503 1470 de
527 1427 665 1471 terra
689 1415 973 1482 sordescit)
1003 1417 1081 1468 his
1105 1415 1549 1484 quadriformihus
1571 1415 1804 1469 elemen-

215 1513 292 1565 tis
348 1513 398 1563 in
458 1526 618 1563 unum
667 1508 1046 1578 quadripartita
1094 1509 1230 1562 mole
1274 1508 1634 1562 constantibus
1684 1506 1799 1576 (ti),

212 1603 512 1656 dissocialo
541 1617 635 1670 per
677 1601 959 1654 divortium
1003 1603 1186 1652 mortis
1219 1601 1420 1669 auriga,
1460 1601 1544 1667 qui
1579 1609 1804 1667 quatuor

217 1695 345 1748 iSIis
391 1693 625 1762 paitihus
664 1694 777 1746 loca
808 1693 1045 1755 dederat,
1076 1709 1142 1747 ne
1167 1693 1447 1762 quisquam
1477 1692 1556 1762 (5)
1586 1691 1800 1744 mobili-

1899 491 1964 545 de
1990 494 2231 560 sepulcro
2278 494 2500 559 ponulos
2543 492 2780 546 feriebat.
2828 492 2945 557 Quo
2987 492 3118 556 viso,
3153 501 3261 546 tota
3296 493 3482 549 civitas

1901 586 2208 637 mirabatur.
2234 584 2412 651 Qualis
2447 585 2552 638 illic
2583 600 2724 649 eras,
2755 581 2968 638 Christe
2991 583 3146 638 Iesu?
3173 599 3331 654 quam
3359 600 3482 640 cro-

1900 689 2042 738 ceus,
2093 689 2247 742 quam
2294 674 2541 740 decorus,
2592 674 2737 730 fonte
2777 675 2980 744 purior,
3013 675 3134 729 nive
3185 675 3479 744 candidior,

1901 765 2014 818 sole
2060 765 2391 830 candentior,
2434 777 2488 820 et
2534 766 2655 820 luna
2700 770 2904 835 species
2948 765 3182 821 clarior?
3231 767 3342 820 Heu
3375 782 3480 833 me,

1901 856 2024 922 quid
2067 855 2355 923 interrogo,
2393 872 2549 924 quem
2592 865 2717 911 tunc
2745 859 2922 912 videre
2954 873 3057 911 non
3099 859 3307 913 merui?
3334 859 3484 915 Nunc

1904 955 2101 1011 tamen,
2135 946 2252 1012 quis
2280 955 2576 1014 quantusve
2615 947 2690 1000 sis
2718 949 2931 1016 pietate,
2961 949 3201 1017 cognovi.
3236 950 3372 1004 Ecce
3401 951 3482 1004 in-

1905 1043 1983 1088 ter
2012 1036 2124 1089 lnec
2150 1035 2308 1089 Jesus
2338 1035 2587 1091 Christus
2617 1036 2860 1091 Salvator
2891 1039 3108 1092 humani
3137 1041 3349 1106 generis
3381 1039 3482 1093 ile-

1903 1124 2040 1179 visse
2059 1127 2460 1196 narr.itur(ibid.
2501 1127 2583 1195 15)
2609 1127 2742 1197 (15).
2769 1129 2901 1195 Age,
2925 1143 3042 1196 age,
3061 1127 3484 1194 Potami,servus

1907 1219 1997 1270 Dei
2029 1218 2130 1270 vivi
2157 1236 2168 1270 :
2202 1219 2244 1271 si
2269 1219 2468 1286 aliquid
2502 1218 2782 1286 praevales,
2809 1218 2876 1270 de
2899 1218 3139 1271 laudibus
3165 1219 3371 1272 Domini
3395 1221 3480 1275 vel

1906 1324 2067 1378 pauca
2099 1321 2330 1364 narrato.
2376 1310 2560 1362 Flebat
2600 1311 2736 1364 Deus
2773 1309 3074 1363 mortalium
3117 1309 3364 1377 lacrymis
3394 1325 3485 1365 ex-

1903 1401 2128 1464 citatus;
2170 1411 2222 1456 et
2250 1417 2370 1456 cum
2399 1401 2653 1455 Lazarum
2683 1411 2942 1470 potestate
2970 1417 3064 1455 sua
3105 1400 3271 1456 fretus
3297 1405 3484 1458 mortis

1903 1494 1970 1549 de
1994 1496 2199 1549 vinculo
2227 1507 2519 1559 revocaret,
2563 1495 2844 1563 praestabat
2877 1495 3084 1562 pietatis
3113 1493 3342 1548 officium
3391 1512 3481 1550 so-

1907 1585 2032 1639 latio
2061 1589 2432 1656 laerymarum.
2461 1585 2644 1640 Flebat
2670 1586 2805 1640 Deus
2833 1601 2934 1639 non
2957 1585 3095 1654 quod
3120 1596 3239 1640 ante
3257 1601 3315 1641 se
3343 1603 3485 1642 mor-

1911 1687 2055 1731 tuum
2081 1678 2300 1746 periisse
2322 1687 2689 1746 cognosceret,
2714 1677 2807 1730 sed
2833 1677 2972 1746 quod
2991 1677 3359 1749 sororum(t.i)
3386 1680 3484 1733 fle-

218 1794 386 1839 lntem
433 1787 510 1839 sui
540 1785 905 1838 Vehementius
932 1785 1164 1845 tolleret,
1205 1795 1257 1837 et
1302 1785 1605 1837 derninante
1640 1782 1804 1850 flagro

1922 1786 1991 1824 ,us
2023 1783 2360 1839 temperaret.
2397 1772 2578 1826 Flebat
2610 1772 2768 1832 Deus,
2802 1770 2941 1840 quod
2969 1785 3063 1824 eos
3085 1771 3274 1839 quibus
3305 1771 3483 1826 omnia

218 1876 412 1930 divisis
456 1877 505 1929 in
553 1892 711 1928 unum
743 1875 1084 1929 concordanti
1121 1877 1364 1941 junctura
1415 1874 1603 1927 finibus
1640 1877 1804 1943 agita-

220 1967 308 2020 bat
345 1969 457 2037 (6);
511 1968 613 2034 ha),
643 1971 875 2038 inquam,
911 1975 1133 2037 quatuor
1173 1977 1368 2035 partes,
1398 1967 1677 2020 recedente
1700 1966 1806 2018 ani-

220 2075 333 2124 ma,
385 2061 433 2112 in
479 2060 687 2128 globum
734 2060 975 2128 corporis
1014 2058 1228 2119 viduati,
1281 2073 1505 2112 excusso
1535 2059 1806 2111 societatis

217 2167 462 2214 auctore,
503 2155 808 2206 miscentur.
855 2152 957 2207 Sed
991 2153 1108 2221 quia
1142 2153 1292 2203 istum
1324 2151 1572 2217 juvenem
1620 2149 1807 2220 (Laza-

221 2259 343 2296 rum
387 2245 595 2312 loqnor)
627 2244 879 2296 Domith
909 2242 959 2295 in
992 2244 1187 2295 Steculo
1233 2241 1510 2304 dilexerat,
1556 2241 1806 2308 praescius

222 2331 526 2386 futurarum
581 2333 846 2401 Apostolis
896 2334 1004 2385 suis
1056 2333 1318 2386 dormisse
1374 2331 1631 2384 Lazarum
1678 2332 1809 2386 dixit

221 2427 405 2495 (Joan.
437 2443 514 2488 ιι,
551 2427 604 2479 11
632 2439 683 2478 et
711 2412 893 2494 seqq),
922 2439 1075 2492 quem
1107 2425 1363 2490 promisit,
1395 2424 1439 2476 si
1463 2425 1528 2475 ad
1563 2424 1702 2475 illam
1731 2424 1808 2476 εἰς

223 2522 444 2572 vitalem
491 2517 786 2577 accederet,
829 2517 1066 2585 protinus
1119 2515 1477 2569 excitandum.
1537 2513 1619 2585 (7)
1661 2515 1809 2568 llunc

221 2627 357 2680 ergo
393 2610 668 2672 Lazarum,
699 2610 781 2661 cui
820 2608 998 2661 liventi
1029 2618 1238 2661 errante
1261 2607 1488 2659 connixu
1521 2622 1612 2674 per
1642 2622 1810 2660 cat-ru-

223 2704 307 2757 las
357 2718 518 2757 venas
566 2701 800 2756 membra
856 2702 1151 2759 tabuerant.
1205 2716 1358 2768 quem
1423 2700 1706 2752 loculatum
1757 2702 1806 2753 in

221 2811 391 2864 ενα-υ
415 2797 590 2848 incisae
616 2795 781 2862 rupis,
814 2794 1026 2846 immani
1051 2793 1290 2862 objectus
1312 2808 1374 2846 ex
1410 2791 1641 2859 pondere
1671 2793 1806 2860 lapis

225 2889 450 2959 perenni
477 2891 644 2949 valva,
689 2886 864 2954 gravis
889 2885 1019 2938 libra
1060 2884 1377 2944 detruserat,
1411 2899 1686 2950 resurgere
1729 2886 1811 2951 (8)

227 2995 407 3047 posse,
439 2979 481 3030 si
517 2980 614 3031 ista
646 2976 946 3040 crederent,
979 2976 1334 3028 sacratissima
1367 2990 1489 3028 vera
1519 2974 1608 3027 Dei
1645 2975 1810 3044 pietas

229 3071 262 3122 ii
292 3073 524 3122 tonabat.
556 3068 671 3121 Mox
703 3083 912 3121 sorores
941 3066 1255 3134 constipata}
1280 3064 1359 3133 ({l)
1387 3067 1558 3122 turba.
1587 3066 1802 3132 ejulatu,

1905 1861 2190 1915 donaverat
2219 1873 2271 1915 et
2297 1863 2348 1914 in
2372 1871 2682 1930 potestatem
2705 1863 2999 1931 redrgerat,
3027 1862 3272 1930 paradiso
3293 1863 3475 1928 etiam,

1906 1951 2123 2005 floribus
2163 1964 2213 2006 et
2246 1953 2367 2005 liliis
2412 1953 2527 2006 sine
2568 1953 2676 2006 ullo
2719 1953 2900 2005 labore
2946 1963 3329 2020 praeposuerat,
3373 1953 3492 2007 dia-

1906 2043 2058 2096 bolus
2087 2043 2331 2097 docendo
2374 2053 2648 2112 peccatum
2673 2043 2739 2096 de
2768 2043 3013 2096 omnibus
3057 2058 3188 2110 pene
3218 2042 3336 2112 (l5)
3361 2042 3487 2096 fecit.

1905 2148 2164 2189 extorres.
2203 2135 2384 2189 Flebat
2419 2135 2574 2199 Deus,
2619 2134 2759 2203 quod
2791 2147 2884 2187 eos
2925 2148 3056 2200 quos
3104 2133 3302 2188 fecerat
3333 2133 3490 2186 inno-

1906 2241 2109 2289 centes,
2141 2227 2383 2279 diabolus
2429 2243 2520 2294 per
2557 2227 2813 2280 malitiam
2862 2224 2985 2278 fecit
3015 2225 3239 2278 inveniri
3280 2239 3485 2279 nocen-

1910 2329 2007 2372 tes.
2041 2318 2155 2387 (16)
2188 2317 2296 2370 lleu
2327 2318 2496 2371 tenuis
2525 2333 2652 2370 aura
2676 2316 2741 2368 de
2769 2316 2908 2370 caalo
2937 2330 3130 2383 corpus
3159 2316 3296 2384 quod
3331 2331 3487 2369 rexe-

1911 2426 2017 2472 ras,
2044 2411 2308 2463 succiduis
2339 2409 2542 2462 artibus
2580 2408 2885 2462 deserebas.
2919 2407 3022 2462 Sed
3054 2423 3156 2460 non
3203 2417 3273 2470 te,
3306 2407 3484 2469 Pater,

1881 2517 2012 2554 ~non
2048 2500 2208 2552 Filius
2245 2499 2530 2568 aliquando
2561 2498 2821 2566 despexit.
2854 2498 2956 2551 Pro
2997 2507 3083 2551 tua
3114 2508 3286 2552 morte
3317 2497 3488 2552 factus

1909 2602 1988 2645 est
2009 2601 2060 2644 et
2082 2592 2322 2644 Christus
2339 2591 2453 2658 ipse
2475 2589 2731 2642 mortalis.
2762 2588 2954 2642 llarum
2980 2588 3044 2640 ad
3069 2589 3350 2657 laerymas,
3371 2586 3483 2659 (1⁸1)

1909 2694 1964 2737 et
1981 2698 2216 2750 sparsam
2246 2683 2408 2734 crinis
2423 2680 2704 2734 miserandi
2729 2679 3002 2733 caesariem
3027 2679 3268 2734 Salvator
3294 2680 3488 2748 pietate

1910 2783 2229 2835 commotus,
2280 2771 2434 2824 fletus
2475 2770 2682 2825 ﬂetibus
2730 2770 2844 2840 (l8)
2877 2770 3235 2825 recontrabat.
3266 2771 3330 2824 Et
3368 2773 3491 2841 quia

1913 2867 2025 2933 ipse
2050 2879 2291 2917 sororum
2324 2862 2534 2916 fletibus
2582 2861 2695 2931 (l9)
2729 2862 3059 2925 movebatur,
3105 2860 3354 2932 lacrymis
3397 2861 3492 2919 filii

1911 2958 1988 3011 sui
2021 2956 2310 3012 Salvatoris
2339 2957 2504 3010 nostri
2547 2956 2686 3010 inter
2721 2955 2865 3024 ipsos
2900 2956 3065 3010 caelos
3091 2953 3207 3025 (20)
3239 2956 3357 3024 ejus
3399 2972 3490 3026 pa-

230 3171 386 3222 testu,
430 3162 664 3230 jejuuiis,
701 3162 1049 3229 Iacrymarum
1079 3161 1405 3212 ubertatibus
1435 3163 1674 3223 ehriatw,
1718 3161 1805 3214 Dei
1835 3153 1878 3211 C
1911 3179 2042 3231 dum
2072 3189 2255 3241 ηαηηε,
2283 3178 2429 3241 servi,
2457 3186 2556 3230 em
2588 3176 2642 3230 ιη
2665 3174 3076 3244 duobus'primis
3100 3175 3368 3232 codicibus
3390 3193 3491 3234 vox

229 3253 458 3323 genibus
479 3261 645 3305 Stralu
677 3253 836 3303 totius
859 3251 1096 3316 corporis
1120 3251 1431 3302 miserande
1452 3250 1738 3317 jactantur,
1757 3260 1810 3304 et

233 3345 477 3397 hebrayas
506 3357 660 3396 voces
697 3341 805 3405 (l0)
837 3341 1208 3410 grarcessando
1235 3340 1417 3393 fractis
1450 3342 1498 3392 in
1528 3357 1685 3392 unum
1710 3342 1810 3395 sin-

227 3435 464 3504 gultibus
515 3437 702 3485 mixtas
746 3432 1032 3485 Salvatoris
1086 3431 1136 3483 in
1199 3430 1435 3482 laudibus
1507 3431 1806 3498 expiabant.

230 3529 472 3591 Quantus
495 3524 620 3584 illic,
651 3538 776 3591 rogo
810 3538 921 3585 vos,
954 3521 1130 3590 populi
1166 3520 1475 3573 festinatos?
1502 3523 1629 3584 Qua:
1655 3535 1809 3589 spec-

233 3618 460 3669 tantium
494 3614 675 3667 turba?
705 3613 887 3679 Qualis
917 3615 1043 3664 tanti
1077 3612 1314 3664 miraculi
1346 3613 1510 3679 pottiit
1539 3626 1656 3664 esse
1686 3627 1810 3664 con-

229 3717 436 3766 centus,
467 3705 556 3755 ubi
583 3713 762 3756 essent
790 3703 1098 3770 plangenles
1126 3702 1334 3769 puellm,
1361 3711 1600 3753 mortuus
1627 3700 1806 3764 frater,

228 3805 281 3850 ct
309 3795 553 3848 Christus
585 3794 852 3845 hominem
900 3794 1231 3860 promitteret
1269 3791 1645 3843 excitandum?
1671 3790 1808 3843 Coa-

229 3895 496 3940 vcnerunt
528 3885 734 3954 (credo)
780 3884 844 3935 ad
879 3883 975 3935 hoc
1005 3882 1364 3949 spectaculum
1403 3881 1678 3933 servandae
1706 3895 1814 3932 me-

228 3981 416 4033 moriae
429 3978 805 4042 sempiternmn
828 3976 1040 4034 milites,
1061 3974 1512 4041 Judtei,gentiles,
1538 3973 1810 4041 proselyti,

229 4069 513 4124 clarissimi
554 4078 846 4128 senatores,
879 4067 1083 4119 nobiles
1127 4064 1330 4133 judices
1358 4066 1499 4133 (ll),
1548 4065 1713 4129 servi,
1763 4074 1814 4118 et

227 4160 410 4215 Omnis
443 4174 575 4226 pene
603 4158 784 4210 civitas
808 4157 1050 4209 certatim
1091 4157 1343 4218 occurrit,
1377 4166 1433 4210 ut
1463 4155 1722 4218 viderent,
1747 4171 1811 4207 an

309 4357 382 4426 (1)
415 4355 760 4426 Sparaverius
780 4353 1082 4426 discordium
1112 4352 1392 4426 scriberet.

311 4423 386 4491 (ἓ)
418 4425 604 4477 Mortui
632 4438 821 4476 nomen
849 4423 1118 4475 abmulare
1142 4424 1310 4475 eidem
1341 4423 1566 4476 videtur.

335 4497 389 4566 ’5)
426 4496 724 4566 Sempermin
746 4510 842 4566 ms.
874 4494 1023 4566 item.
1049 4508 1161 4566 non
1189 4493 1398 4561 legitur.

337 4563 391 4630 t)
424 4566 478 4618 In
511 4582 607 4618 ms.
635 4564 750 4617 Tol.
777 4563 1104 4614 dissertittio.

337 4636 394 4688 5t
423 4636 517 4687 ills.
553 4635 734 4697 Pontp.
767 4633 1096 4684 nobditatmt.

334 4704 391 4772 6)
427 4704 518 4757 Ms.
574 4703 698 4756 Urb.
741 4705 845 4754 lucc
879 4705 1029 4767 igitur
1059 4705 1107 4754 in
1136 4713 1352 4770 quatuor
1379 4714 1545 4771 partes
1575 4703 1823 4756 recedenti

235 4779 430 4837 anima,
451 4782 551 4826 rte.
574 4775 677 4825 Itwc
705 4776 826 4824 item
858 4775 1045 4839 legitur
1075 4774 1124 4829 in
1151 4789 1246 4822 ms.
1277 4773 1458 4841 l’omp.

311 4846 391 4916 (7)
428 4845 557 4896 Huic
583 4859 697 4914 ergo
729 4842 920 4895 Lazaro
946 4859 1073 4894 mss.
1103 4850 1209 4893 vat.
1237 4841 1422 4911 Pomp.
1457 4843 1578 4897 Urb.
1611 4842 1741 4896 Zen.
1770 4850 1822 4895 t-t

315 4915 532 4968 iL'VCU.

315 4917 324 4926 -
427 4916 438 4938 γ

238 4916 582 5054 “(avidae
603 4983 851 5036 Lazarum
874 4981 1083 5034 additur
1106 4982 1156 5034 in
1182 4997 1309 5054 mss.
1335 4981 1448 5034 'l‘ol.
1479 4982 1606 5037 Urb.
1630 4982 1813 5050 Pomp.

241 5053 374 5110 Zen.
408 5065 461 5109 et
491 5056 614 5106 edit.
647 5055 776 5107 Ven.
806 5054 990 5104 tinnitu
1021 5065 1194 5103 tamen
1223 5053 1447 5104 obscura
1471 5062 1522 5104 et
1544 5063 1815 5120 corrupta.

242 5128 374 5181 Post
401 5139 564 5192 pauca
592 5140 698 5176 vere
725 5123 810 5174 Dei
843 5138 936 5188 pro
964 5137 1077 5174 vera
1104 5121 1195 5175 Dei
1221 5122 1270 5173 in
1305 5137 1401 5173 ms.
1434 5123 1615 5188 l‘mup.

319 5215 398 5287 (0)
431 5215 593 5287 Turba
613 5215 841 5287 mirandi
865 5228 988 5267 mss.
1021 5213 1169 5287 Rem.
1194 5212 1458 5287 To_l._Vat.
1483 5212 1610 5266 Urh.
1630 5214 1816 5287 Pomp.

243 5283 386 5341 Ζρίι.⁷
403 5297 454 5338 et
480 5286 604 5339 edit.
631 5285 760 5338 Ven.
791 5283 913 5338 Post
939 5301 1040 5338 non
1068 5284 1205 5336 nulla
1230 5284 1481 5335 ebrietate:
1503 5299 1598 5351 pro
1621 5285 1821 5337 ebriam:

242 5360 296 5414 in
322 5371 448 5410 mss.
477 5357 658 5422 Pomp.
684 5364 737 5407 et
769 5353 882 5406 Vat.

316 5428 431 5497 (10)
460 5427 564 5479 Vox
584 5426 926 5497 gi‘recessaudo
944 5438 1010 5475 ex
1032 5425 1273 5477 omnibus
1301 5437 1430 5497 mss.
1457 5423 1654 5497 etncdit.
1686 5423 1816 5497 Ven.

243 5493 421 5551 addita
479 5493 596 5550 est.’
626 5494 1008 5554 Conwlicnbant
1057 5509 1149 5559 pro
1193 5493 1464 5560 expiabunt
1505 5493 1824 5561 Sparaverio

245 5569 412 5637 magis
439 5568 626 5634 placet,
656 5567 743 5630 qui
768 5570 820 5615 rt
844 5563 1150 5631 particulam
1171 5564 1219 5614 in
1245 5563 1311 5616 ab
1334 5564 1565 5619 ablativo
1590 5563 1824 5618 laudibus

249 5639 584 5776 σθξῗῗςθέίδε.
619 5705 732 5758 Vat.
762 5703 888 5757 Urb.
934 5702 1118 5771 Pomp.
1164 5701 1290 5756 Zen.
1320 5710 1374 5758 et
1403 5703 1530 5758 edit.
1566 5702 1696 5758 Ven.
1727 5702 1822 5757 ad-

1915 3250 2101 3300 nobilei
2133 3264 2234 3300 non
2269 3250 2476 3309 legitur.

1987 3321 2097 3390 (l2)
2124 3317 2242 3369 Jum
2260 3319 2402 3370 abest
2425 3334 2453 3370 a
2480 3332 2578 3370 ms.
2609 3317 2794 3387 Pomp.
2819 3325 2872 3370 et
2900 3316 2948 3369 in
2973 3315 3162 3371 eodem
3187 3317 3369 3373 codice
3397 3336 3488 3386 po—

1915 3391 2086 3458 pulum
2122 3404 2211 3452 pro
2237 3390 2469 3454 papulas.

1987 3460 2095 3529 (l5)
2129 3458 2332 3526 integra
2356 3459 2466 3511 hare
2494 3458 2756 3529 sententia
2778 3457 2843 3508 ab
2863 3456 2969 3529 fige
2997 3473 3162 3526 usque
3189 3457 3252 3511 ad
3285 3468 3492 3512 narrato

1914 3527 2002 3582 ex'
2029 3546 2153 3582 mss.
2199 3531 2442 3580 omnibus
2483 3536 2537 3580 ct
2587 3527 2818 3580 editione
2862 3527 3060 3580 Veneta
3104 3529 3342 3581 restituta
3387 3539 3490 3596 est,

1915 3615 2074 3666 quam
2096 3615 2188 3650 cur
2210 3599 2499 3665 objecerint
2520 3599 2753 3651 editores
2781 3597 3133 3661 Veronenses,
3167 3600 3490 3668 ignoramus,

1918 3671 2018 3729 nisi
2050 3684 2110 3721 ex
2143 3684 2206 3720 eo
2239 3669 2368 3719 forte
2402 3668 2722 3736 pnejndicio,
2756 3683 2859 3732 quo
2887 3671 3022 3722 hunc
3051 3677 3353 3726 tractatum.
3386 3669 3491 3723 Ze-

1917 3741 2069 3791 llflttis
2087 3741 2267 3792 {cetum
2288 3738 2583 3790 habendum
2605 3739 2859 3804 putabant
2877 3754 2889 3788 :
2910 3740 3019 3792 ha-c
3034 3749 3209 3793 autem
3232 3741 3494 3794 sententia

1917 3809 2156 3860 Polamto
2185 3817 2365 3875 aperte
2390 3807 2588 3861 tribuit.
2622 3809 2673 3859 ln
2709 3822 2834 3859 tnSs.
2865 3809 3077 3873 quidem
3115 3807 3280 3860 Pliotu
3311 3813 3380 3860 uti
3409 3811 3492 3864 vel

1918 3878 2158 3932 Pltotumi
2187 3894 2277 3944 per
2301 3877 2379 3933 Plt
2407 3877 2654 3931 scribitur
2679 3893 2692 3928 :
2722 3877 2813 3930 sed
2844 3901 2872 3944 ρ
2898 3893 3126 3946 grrecmn
3155 3894 3247 3946 per
3277 3877 3322 3931 P
3353 3895 3496 3948 swpe

1917 3948 2086 4009 reddi,
2123 3949 2201 4001 vel
2236 3951 2531 4015 promiscue
2564 3964 2658 4014 per
2687 3949 2771 4010 pla,
2821 3949 2898 3999 vel
2931 3965 2981 4013 p,
3027 3949 3206 4001 multis
3240 3952 3498 4017 exemplis

1919 4028 2079 4086 patet.
2118 4017 2162 4069 Ρ
2190 4029 2361 4071 autem
2392 4019 2719 4086 prmtulimus
2747 4025 2931 4072 contra
2973 4021 3314 4085 scriptiOnem
3345 4021 3492 4073 Codi-

1917 4103 2058 4147 Cum,
2092 4089 2231 4156 quod
2277 4091 2325 4140 hi
2372 4097 2622 4142 tractatus
2666 4099 2938 4141 auctorem
2980 4088 3174 4142 habere
3217 4089 3497 4143 videantur

1918 4159 2158 4211 eumdem
2191 4158 2506 4220 Potantinm,
2539 4159 2620 4211 cui
2652 4159 2787 4210 inter
2809 4170 3150 4210 monumenta
3175 4159 3241 4212 ab
3267 4162 3494 4213 Acherio

1920 4230 2058 4281 edita
2089 4227 2322 4295 ejusdem
2355 4227 2478 4296 styli
2505 4229 2724 4296 epistola
2759 4229 3078 4282 vindicatur.
3103 4228 3283 4295 Itaque
3310 4231 3393 4283 vel
3425 4231 3494 4284 ibi

1923 4299 2226 4350 Pliotamius
2267 4299 2625 4362 scribendum,
2660 4297 2744 4352 vel
2789 4296 3054 4350 Potentius
3095 4299 3195 4354 hoc
3237 4301 3352 4354 loco
3377 4300 3498 4354 red-

1923 4370 2149 4422 dentium
2182 4369 2292 4421 fuit.

1995 4437 2083 4505 (14
2095 4449 2108 4502 )
2135 4439 2230 4490 ills.
2255 4439 2400 4492 item.
2423 4445 2477 4491 et
2497 4437 2755 4492 editiones
2767 4435 2966 4508 Veneta
2987 4451 3048 4491 ac
3069 4438 3387 4494 Veronensis
3407 4442 3502 4508 [te-

1842 4521 1898 4578 D
1921 4511 2067 4561 tibus.
2092 4508 2223 4562 Cod.
2247 4509 2430 4579 Pomp.
2461 4508 2596 4560 idem
2620 4507 2820 4570 scribit,
2843 4508 2933 4561 Sed
2961 4507 3295 4579 itt‘margine.
3321 4512 3493 4579 ﬂetus,

1924 4580 2142 4648 quodin
2169 4578 2402 4648 editione
2443 4581 2682 4647 patavina
2717 4589 2986 4644 receptum
3013 4576 3128 4648 fuit.

1997 4647 2106 4718 (lii)
2125 4650 2216 4700 ης.
2239 4647 2365 4702 Urh.
2395 4653 2510 4712 fecit
2537 4649 2754 4701 invenire
2776 4655 3015 4700 extorres.
3047 4647 3267 4702 inferius
3288 4651 3499 4719 quidem

1927 4720 2080 4787 paulo
2125 4719 2436 4771 absimiliter
2462 4719 2650 4786 legitur
2673 4720 2722 4771 in
2746 4718 2990 4773 omnibus
3012 4729 3064 4772 et
3091 4733 3218 4774 mss.
3239 4718 3498 4787 et’editis,

1925 4791 2042 4857 fecit
2073 4790 2280 4840 inveniri
2305 4797 2556 4841 nocentes.

1999 4861 2110 4927 (16)
2160 4859 2282 4910 'l‘ria
2325 4861 2596 4924 sequentia
2642 4861 2879 4911 membra
2905 4859 2979 4911 °in
3026 4859 3152 4912 edit.
3204 4859 3499 4916 Veronensi

1924 4931 2118 4981 omissa
2138 4930 2204 4980 ab
2245 4929 2354 4979 Ileu
2386 4944 2549 4995 usque
2571 4929 2634 4979 ad
2665 4929 2913 4989 mortalis,
2939 4930 3262 4982 restituimus
3291 4947 3355 4984 ex
3380 4947 3496 4985 om-

1923 4999 2077 5052 nilms
2124 5013 2250 5051 mss.
2283 5011 2333 5050 et
2379 4998 2505 5050 edit.
2537 4996 2756 5053 Veneta.
2803 4999 2986 5051 Solum
3030 5008 3174 5051 tenus
3220 5015 3313 5066 pro
3343 5003 3503 5054 tenuis

1922 5070 2170 5123 scribitur
2194 5069 2242 5120 in
2274 5082 2372 5120 ms.
2407 5068 2555 5121 Item.
2591 5081 2784 5123 texeras
2809 5084 2903 5136 pro
2925 5084 3125 5120 rexeras
3153 5068 3206 5122 in
3239 5086 3342 5123 ins.
3370 5071 3500 5127 Urb.

1920 5139 2127 5192 artubus
2161 5155 2252 5204 pro
2282 5140 2468 5189 artibus
2494 5139 2542 5191 in
2573 5155 2702 5193 mss.
2736 5140 2920 5206 Pomp.
2946 5149 2997 5192 et
3023 5137 3150 5192 Zeti.
3175 5151 3228 5193 et
3247 5141 3502 5208 deierabo:

1923 5226 2018 5278 pro
2045 5209 2298 5278 deserebat;
2331 5210 2380 5262 in
2415 5223 2513 5261 tllS.
2551 5209 2667 5278 Vat.

1931 5276 1961 5404 'd
2001 5280 2117 5399 (l3)
2158 5277 2210 5330 ln
2237 5293 2361 5331 mss.
2400 5279 2581 5346 Pomp.
2607 5276 2736 5332 Zen.
2770 5287 2824 5334 et
2851 5279 2977 5334 edit.
3009 5278 3142 5336 Ven.
3173 5289 3222 5333 et
3250 5281 3504 5349 particula

1969 5364 2056 5404 ces
2089 5389 2100 5399 .

1969 5359 2100 5404 0831.

2004 5418 2113 5488 (13)
2155 5418 2276 5472 Mss.
2303 5417 2450 5488 Rem.
2487 5417 2600 5471 Vat.
2635 5417 2763 5473 Urb.
2796 5419 2983 5488 Pomp.
3025 5419 3180 5486 Spar.
3217 5420 3344 5476 Zen.
3384 5437 3507 5477 cum

1929 5487 2056 5542 edit.
2097 5487 2222 5542 Ven.
2267 5497 2320 5541 et
2362 5487 2554 5542 Veron.
2593 5489 2902 5544 recontabat.
2935 5487 3022 5543 ’At
3073 5491 3128 5544 in
3158 5491 3287 5546 edit.
3323 5491 3505 5553 Patav.

1930 5560 2306 5614 recontrahebat
2333 5559 2672 5614 emendatum
2702 5570 2802 5612 est.

2002 5630 2119 5696 (l9)
2160 5629 2260 5681 Ms.
2289 5628 2473 5696 Pomp.
2505 5629 2928 5682 commovebatur.

2003 5699 2121 5769 (20)
2158 5699 2244 5754 Sic
2268 5711 2454 5753 omnes
2481 5713 2609 5755 mss.
2640 5710 2695 5754 et
2725 5697 2854 5754 edit.
2879 5697 3008 5756 Ven.
3045 5699 3116 5755 At
3139 5699 3374 5758 editores
3405 5702 3507 5758 Vo-
