3910 6212
201 373 342 428 Nl?

1329 371 1656 428 EPISTULA
1692 372 1781 424 AD
1807 371 2142 425 A'l'llANASl
2155 372 2262 428 UM.

3333 377 3466 434 ltts

188 487 427 542 ofticinzc
454 489 534 558 (l)
567 495 952 553 coacervatum,
980 494 1037 539 ut
1088 493 1233 539 recte
1286 485 1600 549 eouscribis,
1629 499 1783 538 exur-
1815 486 1863 542 Α
1891 483 2132 538 Salvator
2161 483 2226 537 ad
2254 483 2537 552 Apostolos
2567 502 2579 536 :
2611 484 2776 540 Tanto
2816 497 3052 558 tempore,
3089 487 3275 558 inquit,
3303 489 3469 543 vobis-

190 579 344 634 dium
366 590 418 634 et
448 581 700 637 Stercoris
723 589 944 634 cruento
973 578 1037 632 tle
1064 581 1252 634 ταξιονο
1282 578 1598 632 cadaverum
1643 593 1784 632 ntor-
1812 650 1814 652 τ

191 677 413 725 tuorum
438 669 537 741 (9.),
569 685 686 739 qua:
717 670 884 740 magis
924 683 1112 723 manus
1145 670 1401 737 potuisset
1425 669 1592 738 igneis
1622 667 1787 722 virtu-

195 762 346 818 tibus
373 765 639 818 extricare
661 763 743 818 vel
774 762 982 826 radere,
1007 761 1104 816 nisi
1137 763 1223 816 illa
1253 771 1336 816 tua
1364 762 1527 816 castis
1550 761 1616 814 de
1644 760 1778 816 exsi-

195 851 274 907 lio
291 853 479 924 capitis
503 855 739 908 coronati
763 861 1046 922 perennata
1067 852 1234 907 titulis
1264 852 1582 908 exclusisset
1610 851 1786 906 haere-

195 944 277 998 sis
307 953 505 999 sectam
544 945 827 998 anathema
866 944 1214 998 maranatha?
1248 945 1510 1008 Arrisisti,
1551 946 1784 1013 inquam,

198 1035 360 1090 nobis
382 1036 639 1092 catholica
671 1036 973 1106 virginitate
1019 1035 1303 1104 perlectus,
1341 1035 1634 1105 jugulando
1663 1050 1787 1105 per-

199 1124 362 1189 ﬁdos,
391 1125 693 1182 damnando
727 1129 971 1195 perjuros
1003 1145 1014 1177 :
1052 1134 1328 1194 corruptas
1351 1127 1614 1180 adulterio
1642 1142 1791 1180 men-

200 1228 286 1273 tes
313 1220 605 1291 ambiguas,
633 1222 890 1275 maledicti
923 1222 1129 1286 pecoris
1154 1219 1438 1275 libidinoso
1468 1222 1788 1277 eumtuercia

201 1325 415 1366 veneno
442 1312 815 1366 damnabiliter
837 1313 1124 1376 sarcittata,
1156 1311 1309 1366 Unius
1355 1312 1475 1367 litlei
1521 1313 1790 1382 runtphzca

200 1403 434 1460 feriente
471 1406 660 1460 vicisti.
698 1404 880 1461 Jaceat
929 1420 1176 1475 serpens,
1207 1416 1259 1458 ct
1311 1414 1454 1460 terra
1480 1421 1596 1475 quae
1643 1405 1790 1460 illum

203 1498 526 1565 susceperit,
561 1498 846 1567 pttl‘ttlenlo
893 1511 1100 1551 veneno
1139 1497 1440 1564 nigrescat:
1471 1499 1644 1565 jaceat
1681 1513 1793 1552 ser-

205 1603 340 1658 pens
365 1589 568 1644 caelesti
600 1590 704 1644 ictu
729 1588 1026 1652 damnatus,
1052 1587 1224 1656 jaceat
1247 1603 1467 1656 serpens
1499 1587 1792 1658 sanguineo

208 1679 433 1734 llOl‘l‘Ol‘t‘
468 1679 543 1753 (ὅ)
577 1689 850 1734 contactus
885 1698 895 1732 :
923 1683 1101 1746 jact-at
1130 1695 1348 1746 serpens
1375 1680 1508 1731 eliso
1536 1680 1791 1733 ltnniouui

207 1773 356 1838 sinu,
391 1773 594 1828 trisulci
633 1773 741 1828 Oris
783 1772 1040 1841 patefacta
1083 1772 1290 1826 sentina
1323 1785 1521 1836 vomat,
1560 1771 1790 1823 deﬂuat:

1891 594 2004 630 cum
2033 595 2163 642 sum,
2191 588 2238 631 et
2263 576 2466 632 Patrem
2494 596 2595 634 non
2622 581 2816 634 nostis?

1964 669 2154 723 Dicunt
2195 670 2355 724 etiam
2397 671 2535 740 quod
2579 672 2629 724 in
2666 658 2812 727 libris
2851 672 3133 729 dominicis
3173 675 3471 730 substantia

1891 775 2179 830 numquam
2211 761 2451 816 videatur
2491 779 2609 818 esse
2637 765 2956 833 conscripta.
2987 766 3168 821 R--dde
3205 765 3344 834 quod
3383 768 3467 822 iu-

1892 851 2187 913 volaveras.
2220 851 2549 908 furacissime
2579 864 2808 909 teutator
2835 871 2846 907 :
2881 871 3003 910 ecce
3026 856 3255 912 vinceris
3281 858 3466 912 confu-

1894 951 2004 997 tare
2021 943 2086 996 de
2103 945 2418 1010 substantia;
2435 946 2632 1000 etenim
2655 948 2776 1002 boni
2795 948 3026 1003 clamant
3047 957 3350 1004 Sanctarum
3373 965 3470 1002 au-

1894 1034 2020 1102 tiqui
2032 1050 2219 1105 greges
2243 1037 2617 1106 prOphetarum
2641 1046 2750 1092 tota
2779 1041 3064 1109 praeconia,
3091 1049 3145 1093 ut
3166 1041 3257 1104 ait;
3285 1055 3464 1094 \‘0Cetn

1894 1126 2207 1183 substantia:
2230 1144 2258 1181 a
2289 1128 2592 1185 volatilibus
2617 1131 2736 1186 cceli
2757 1134 3004 1202 usquead
3031 1149 3220 1201 pecora
3249 1149 3469 1203 expave-

1895 1226 2039 1280 rnnt,
2055 1229 2105 1271 et
2130 1219 2556 1274 vocilerabantur
2580 1219 2816 1293 (Ezeclt.,
2841 1221 2956 1288 ΧΗ,
2986 1223 3088 1292 ll):
3107 1222 3218 1295 Ego
3235 1226 3364 1278 dabo
3381 1225 3470 1279 Je-

1895 1308 2111 1361 rusalem
2139 1311 2191 1363 in
2231 1314 2736 1381 trttnsntigrationetn.
2760 1315 2892 1370 Ecce
2918 1332 3034 1370 cum
3058 1315 3302 1371 Curistus
3333 1319 3471 1373 Deus

1897 1404 2149 1458 anteriori
2196 1405 2258 1458 tle
2290 1406 2480 1474 populo
2510 1407 2725 1462 minime
2753 1419 2894 1463 esset
2930 1409 3164 1476 atttlttus,
3194 1410 3472 1465 tabefactis

1897 1497 2373 1561 etnutuanentibus,
2433 1497 2777 1570 Jero~olytnze
2824 1501 3083 1556 columna:
3143 1505 3468 1558 ceciderunt.

1901 1585 2036 1640 Ecce
2060 1588 2236 1643 tui~er.
2255 1587 2424 1642 adhuc
2452 1586 2566 1642 licet
2593 1605 2692 1643 una
2726 1591 2815 1644 Dei
2845 1593 3104 1646 sententia
3131 1592 3376 1648 Sttflicere
3402 1594 3469 1649 de

1898 1677 2175 1748 buit,quod
2204 1687 2457 1748 propheta
2479 1684 3230 1753 sanctusintonuit(Jer.xmt.
3255 1685 3346 1757 2‘2)
3371 1703 3384 1738 :
3412 1686 3474 1740 Si

1898 1773 2149 1824 stetissent
2172 1772 2222 1824 iu
2237 1773 2512 1826 substantia
2540 1791 2666 1838 utea,
2696 1785 2741 1828 et
2764 1776 3020 1830 audissent
3041 1793 3292 1830 sermones
3314 1793 3471 1844 meos,

207 1873 524 1932 torqueatur
563 1866 832 1932 culparum
878 1877 1080 1929 auctor,
1105 1866 1189 1918 cui
1221 1879 1400 1930 parum
1432 1863 1618 1921 fuerat.
1649 1861 1788 1930 quod
1826 1868 1867 1925 Β
1895 1874 1941 1915 et.
1971 1863 2256 1917 docuissent
2296 1867 2536 1932 populant
2577 1885 2760 1933 meum,
2806 1871 3090 1924 avertissent
3120 1887 3201 1924 eos
3231 1888 3260 1923 α
3304 1871 3474 1924 multis

206 1957 599 2028 ριύιοιιιςιειιιιιι
653 1958 951 2011 aeternitate
1001 1957 1317 2025 privavcrat,
1370 1953 1468 2006 Ilisi
1515 1962 1566 2005 et
1611 1962 1793 2006 contra

210 2050 549 2105 Salvaturem
587 2050 752 2121 hydra
789 2049 1012 2102 virosior
1044 2050 1388 2116 prornpis.~et.
1419 2046 1677 2115 Separare
1707 2061 1797 2098 vo-

211 2142 316 2196 luit
354 2143 630 2195 Doutinum
662 2139 1110 2194 nostrmnlesutn
1139 2138 1429 2202 Christum,
1479 2139 1628 2206 quasi
1679 2153 1796 2190 ver-

209 2233 340 2289 btttn
378 2233 575 2288 Christi
608 2242 784 2302 posset
827 2231 1082 2295 incidere,
1115 2230 1421 2290 sub-lautia!
1452 2229 1609 2283 ﬁbula
1666 2245 1797 2285 con-

208 2337 458 2382 catenata
487 2325 999 2384 Triuitatisnnitate,
1040 2332 1097 2376 ut
1119 2325 1190 2379 ait
1221 2323 1395 2397 (Joau.
1427 2340 1481 2382 χ.
1515 2325 1618 2394 50)
1689 2325 1799 2395 Ego

211 2427 261 2470 et
297 2417 450 2472 Pater
473 2435 628 2472 unum
646 2435 838 2473 sumus.
869 2421 929 2473 Et
959 2418 1134 2490 (Joau.
1160 2433 1266 2482 xw,
1290 2416 1381 2488 9):
1417 2417 1516 2483 Qui
1545 2433 1622 2469 me
1651 2417 1798 2482 videt,

211 2511 349 2566 videt
377 2523 422 2566 et
446 2511 667 2565 Patrem.
698 2512 758 2566 Et
780 2512 967 2579 (lbid.,
992 2528 1042 2565 v.
1071 2510 1191 2581 ll):
1219 2509 1325 2578 Ego
1347 2511 1398 2563 in
1425 2509 1598 2573 Patre,
1629 2519 1671 2563 et
1700 2509 1802 2562 Pa-

213 2614 290 2658 ter
316 2606 369 2657 in
399 2621 492 2658 me.
527 2604 590 2657 Et
612 2604 800 2676 (Joau.
839 2620 878 2670 t,
913 2604 974 2674 l)
1006 2621 1019 2657 :
1052 2603 1116 2658 In
1142 2604 1388 2674 principio
1429 2613 1533 2658 erat
1564 2602 1799 2669 Verbum,

213 2706 263 2749 et
297 2694 511 2749 Verbum
531 2705 634 2750 erat
655 2697 790 2766 apud
819 2694 1001 2760 Deum,
1029 2707 1074 2749 et
1104 2694 1235 2748 Deus
1259 2707 1363 2748 erat
1395 2693 1804 2749 Verbum.l.auio

216 2788 575 2848 truculentus,
601 2786 858 2854 parricida
893 2786 1155 2850 desertor,
1189 2786 1505 2849 tnilvinis,ut
1533 2799 1672 2846 reor.
1708 2801 1804 2838 un-

214 2881 430 2950 guibus;
458 2880 540 2933 vel
575 2879 818 2933 dentibus
842 2879 978 2934 male
1005 2879 1167 2943 sanis,
1191 2879 1234 2932 si
1261 2879 1534 2947 potuisset,
1570 2877 1790 2931 tentavit

215 2970 487 3024 scindere.
543 2970 607 3023 Et
648 2980 765 3038 post
805 2971 920 3025 haec
947 2971 1071 3039 quid
1102 2984 1400 3039 opposuero
1429 2969 1805 3035 blasphemus?

219 3061 401 3123 (Juatt.
429 3078 534 3124 xw,
563 3062 653 3134 £8)
688 3063 787 3126 Qui
816 3062 1061 3128 mentisit,
1098 3063 1368 3131 inquiunt,
1407 3062 1574 3131 major
1608 3077 1684 3114 me
1711 3071 1802 3114 est.

219 3151 302 3206 Er.
349 3169 451 3222 quo
483 3154 690 3224 genitus
737 3163 817 3207 est
849 3153 1041 3208 Pater?
1071 3154 1254 3221 utique
1279 3155 1401 3223 quia
1434 3152 1599 3207 Filius
1644 3154 1807 3207 conli-

1897 1955 2077 2008 studt't’s
2100 1971 2290 2008 earum.
2324 1955 2456 2010 Ecce
2491 1958 2572 2011 hic
2603 1959 2720 2012 l‘t-lix
2754 1959 2819 2012 de
2849 1962 3139 2014 substantia
3173 1961 3472 2016 infelicibus

1901 2046 2108 2114 populis
2153 2058 2388 2117 prorupit
2427 2050 2656 2111 auditus,
2688 2059 2744 2102 ut
2783 2060 2833 2102 et
2873 2048 3124 2119 propheta
3155 2067 3219 2105 cx
3248 2066 3474 2120 persona

1899 2136 2027 2188 Adie
2050 2134 2317 2191 Christum
2349 2127 2580 2207 requirat
2607 2143 2656 2192 in
2690 2142 2934 2211 lact-ytnis
2973 2142 3143 2207 (Psal.
3181 2159 3357 2205 vam,
3389 2143 3466 2214 5):

1902 2225 2102 2287 Inlixus
2143 2245 2276 2292 sunt,
2308 2228 2496 2298 inquit,
2533 2231 2583 2283 in
2609 2232 2729 2284 limo
2760 2234 3016 2302 profundi,
3047 2246 3093 2287 et
3114 2251 3213 2288 non
3240 2245 3310 2288 est
3355 2235 3472 2287 sub-

1901 2319 2104 2371 stantia.
2138 2320 2352 2375 Scilicet
2380 2322 2497 2391 quia
2531 2323 2755 2375 necdum
2790 2323 2959 2377 Patris
3006 2325 3298 2385 solist-autin
3331 2326 3472 2395 apud

1903 2408 2172 2464 Christum
2201 2412 2252 2464 in
2281 2426 2440 2466 carne
2463 2423 2799 2467 convenerat.
2835 2415 2982 2468 Sicut
3004 2424 3058 2468 et
3085 2416 3169 2470 ille
3194 2416 3270 2486 (4)
3303 2417 3478 2471 Evan-

1905 2504 2090 2571 gelista
2134 2503 2281 2574 (Luc.
2317 2505 2431 2574 xv),
2459 2522 2578 2558 etnn
2630 2507 2845 2560 vastatis
2874 2508 3031 2562 rebus
3081 2509 3349 2564 ltum-inse
3397 2511 3476 2564 vi-

1906 2595 2076 2646 vendo
2105 2594 2331 2661 perdidit
2357 2611 2568 2649 omnem
2600 2597 2946 2651 substantiam
2979 2613 3146 2662 sttatn,
3179 2611 3232 2653 ut
3263 2609 3480 2656 sanctus

1907 2683 2000 2737 Dei
2042 2696 2189 2738 Vates
2242 2685 2450 2753 scripsit
2492 2686 2644 2756 (Sap.
2678 2704 2714 2752 t,
2746 2688 2846 2760 5):
2879 2689 3101 2753 Spiritus
3147 2691 3235 2744 Dei
3274 2691 3482 2763 effugiet

1908 2776 2098 2841 lictmn.
2119 2775 2244 2830 Inde
2267 2793 2392 2846 ergo
2411 2779 2760 2834 substantimn
2779 2783 3025 2852 perdidit,
3052 2784 3172 2852 quia
3203 2800 3296 2853 per
3327 2785 3481 2840 luxu-

1908 2868 2038 2920 riam
2067 2869 2346 2923 sanctitate
2369 2871 2571 2926 Carttil:
2600 2875 2640 2926 si
2696 2874 2785 2926 tibi
2832 2875 3046 2940 suflicit,
3076 2877 3237 2941 dixit;
3287 2879 3480 2946 quibus

1909 2959 1950 3009 si
1970 2957 2077 3025 jam
2105 2958 2346 3028 palpitas,
2376 2961 2527 3032 plena
2551 2973 2672 3017 sunt
2690 2966 2863 3018 omnia
2889 2983 2901 3018 :
2928 2970 2970 3020 si
2994 2970 3166 3021 adhuc
3194 2970 3477 3038 torqueris,

1909 3050 2156 3112 intendo;
2187 3058 2442 3122 scriptum
2474 3058 2694 3126 legimus
2723 3056 2914 3127 (Eccle.
2952 3075 3007 3123 tt,
3038 3061 3068 3112 8
3093 3059 3112 3128 )
3136 3077 3147 3112 :
3172 3059 3482 3132 Congregavi

1909 3142 2040 3195 enim
2062 3159 2242 3198 aurum
2271 3157 2418 3215 atque
2437 3157 2698 3217 argentum
2720 3157 2765 3201 et
2791 3151 3119 3202 substantiam
3142 3167 3314 3220 regum
3343 3164 3387 3206 et
3414 3169 3484 3207 re-

223 3252 401 3307 temp;
435 3244 603 3312 major
624 3260 750 3314 ergo
773 3246 892 3312 quia
918 3245 1072 3298 Ρεηει·
1100 3243 1272 3298 Fine?
1301 3244 1432 3298 ordo
1459 3245 1799 3314 praeponilur,
1832 3240 1877 3302 (ς
1907 3234 2135 3302 gicnum.
2169 3237 2290 3292 lltec
2318 3247 2398 3292 est
2427 3239 2510 3292 illa
2540 3240 2856 3302 substantia,
2883 3255 3038 3308 quam
3073 3241 3326 3310 propheta
3374 3257 3484 3298 me-

220 3352 331 3392 nnn
364 3337 654 3392 subStantia
683 3347 976 3407 separatur.
1009 3337 1142 3403 Quid
1175 3336 1238 3390 :td
1273 3338 1382 3390 haec
1411 3338 1566 3404 dicis,
1599 3337 1806 3391 adulter

223 3428 472 3484 infamis?
525 3430 665 3483 Bene
686 3429 823 3497 quod
852 3439 899 3483 te
928 3429 1214 3497 antiquitas
1262 3439 1465 3496 patrum
1513 3429 1562 3482 in
1602 3428 1809 3498 synodo

223 3520 500 3581 savnctiori,
527 3519 796 3574 voluntate
821 3521 1029 3588 viperea
1055 3521 1270 3587 itnpura-
1291 3518 1579 3572 vimsitatis
1607 3518 1804 3588 itzliala,

222 3610 387 3664 enatis
418 3611 578 3664 etiam
627 3620 678 3664 te
728 3610 1042 3664 translixere
1088 3608 1401 3663 missilibus.
1440 3608 1571 3662 Nam
1621 3622 1676 3664 et
1727 3612 1809 3665 hic

223 3700 438 3756 docetis
470 3701 824 3756 caltttttttiattdi
859 3701 1071 3768 pedicas
1102 3709 1264 3770 pra-le
1288 3700 1465 3764 ιιιίδιϐ,
1499 3702 1640 3766 quod
1679 3701 1809 3757 Sal—

226 3807 382 3849 Vatnr
406 3795 476 3847 ait
503 3791 690 3866 (Joan.
722 3809 796 3858 vt,
828 3792 929 3863 58)
959 3812 969 3844 :
1005 3791 1120 3845 Non
1150 3793 1260 3846 veni
1284 3809 1434 3864 Opera
1470 3808 1582 3847 mea
1613 3798 1776 3864 facere
1795 3834 1809 3859 ,

226 3887 317 3940 sed
345 3889 454 3958 ejus
475 3886 559 3953 qui
587 3885 722 3937 misit
748 3901 841 3937 me.
867 3885 1003 3951 Quid
1027 3885 1158 3938 dicis
1181 3884 1436 3952 Serpens?
1469 3886 1728 3954 Numquid
1759 3886 1808 3940 in

227 3976 330 4030 hac
356 3977 474 4030 luce
503 3978 751 4030 tenebras
791 3974 1020 4030 infundis
1060 3974 1284 4044 simplici
1313 3975 1436 4031 huic
1468 3977 1807 4045 professioni,

229 4084 387 4135 quam
413 4069 849 4138 quic5tiunculam
885 4069 1102 4136 putant?
1133 4067 1367 4133 Tempus
1395 4073 1445 4124 in
1493 4087 1649 4124 causa
1682 4081 1761 4126 cst
1793 4089 1806 4124 :

226 4158 472 4216 Salvator
496 4160 632 4230 apud
661 4159 923 4222 homines,
950 4161 1070 4227 quia
1101 4159 1379 4216 hominum
1406 4178 1598 4232 Corpus
1625 4162 1812 4218 indue-

229 4261 333 4316 rat,
363 4251 642 4306 videbatur
665 4252 716 4305 in
750 4267 1002 4320 corpore;
1033 4250 1148 4305 ideo
1173 4251 1344 4307 dixit:
1378 4253 1500 4308 Non
1520 4256 1628 4308 veni
1649 4259 1812 4326 facere

229 4358 389 4410 opera
415 4360 555 4396 mea:
582 4343 808 4398 hominis
829 4343 880 4397 itt
906 4358 963 4397 se
982 4343 1192 4412 negavit
1213 4344 1412 4399 ofﬁcia?
1434 4345 1640 4400 Clamat
1663 4362 1807 4411 ergo.

230 4438 294 4485 ut
317 4431 464 4487 illutn
496 4434 855 4488 ordinatorem
899 4433 950 4488 in
980 4448 1037 4487 se
1065 4435 1335 4501 prmdicet,
1361 4452 1518 4504 quem
1549 4437 1598 4490 itt
1627 4452 1686 4490 se
1712 4436 1812 4491 sibi

231 4521 475 4576 meminit
499 4536 772 4578 auctorem
797 4525 1039 4587 Patrem;
1066 4527 1190 4594 quia
1216 4525 1374 4580 Filius
1399 4528 1637 4596 sequitur
1658 4543 1811 4582 voca-

1911 3327 2064 3382 ntinit
2091 3329 2274 3385 dicens
2318 3330 2486 3401 (Psol.
2513 3348 2619 3397 LXI,
2655 3331 2773 3402 12):
2807 3331 2974 3385 Semel
3003 3334 3198 3387 locutus
3227 3343 3297 3388 est
3321 3333 3482 3404 Deus,

1913 3419 2013 3473 duo
2040 3423 2145 3475 Ittec
2187 3424 2374 3476 audivi.
2403 3423 2459 3477 In
2493 3439 2592 3477 una
2622 3425 2815 3494 quippe
2843 3439 2972 3479 voce
2997 3425 3114 3491 duo
3135 3426 3247 3480 lucc
3272 3427 3486 3484 audi~se

1913 3527 1972 3566 se
2021 3514 2273 3582 pr0pheta
2307 3524 2546 3580 testatur,
2597 3525 2652 3569 ut
2705 3515 2778 3569 ait
2809 3515 2968 3568 David
3012 3514 3178 3584 (Psal.
3213 3533 3356 3582 thv,
3390 3519 3484 3588 2):

1913 3602 2112 3675 Lingua
2152 3623 2260 3661 utea
2287 3606 2512 3661 calamus
2542 3608 2738 3660 scribae.
2771 3605 2834 3660 Ut
2880 3607 3019 3660 enim
3052 3609 3284 3662 calamus
3313 3609 3485 3663 denti-

1913 3699 2149 3750 culorum
2182 3699 2447 3754 subdiviSa
2492 3699 2791 3767 a'qualttate
2821 3698 3050 3761 ducitur,
3081 3711 3132 3752 ct
3167 3701 3327 3753 radiis
3356 3715 3486 3756 con-

1913 3791 2226 3842 sonautibtts
2269 3792 2566 3858 expeditur;
2600 3791 2665 3842 ita
2719 3790 2963 3844 Salvator
3011 3789 3312 3844 indivisibili
3357 3807 3484 3846 con-

1915 3882 2139 3932 nexitnte
2165 3895 2282 3932 cum
2314 3881 2481 3933 Patris
2503 3880 2751 3948 Operibns
2777 3879 3027 3933 uuitatur.
3052 3879 3200 3947 Quod
3223 3885 3361 3935 enim
3393 3898 3483 3952 pa-

1915 3977 1995 4021 ter
2019 3969 2168 4034 dixit,
2195 3969 2357 4024 Filius
2377 3971 2775 4034 exclamavit;et
2805 3971 2944 4039 quod
2966 3969 3127 4024 Flillb
3145 3971 3349 4027 locutus
3378 3982 3480 4038 est,

1914 4055 2072 4111 Pater
2096 4059 2349 4124 implevit.

1983 4148 2192 4217 Merito,
2222 4151 2410 4221 inquit,
2447 4153 2614 4207 Semel
2640 4154 2836 4207 loeutus
2858 4163 2928 4205 est
2949 4151 3106 4216 Deus,
3133 4153 3234 4206 duo
3264 4153 3370 4208 Itwc
3391 4171 3488 4209 au-

1914 4249 2033 4304 divi.
2064 4251 2190 4304 Durc
2217 4261 2459 4317 persona:
2486 4263 2643 4301 unum
2678 4248 2844 4300 tulere
2863 4245 3116 4314 judicium
3135 4285 3151 4310 ,
3178 4254 3234 4298 ut
3257 4248 3305 4300 in
3329 4247 3486 4303 deca-

1915 4339 2036 4410 logo
2085 4356 2184 4393 una
2230 4338 2488 4393 sententia
2537 4336 2774 4405 duplices
2823 4335 3012 4389 tabula:
3062 4336 3486 4392 conscribuntur.

1913 4431 2257 4485 Obmutescat
2284 4429 2506 4483 bairesis
2532 4436 2731 4481 a:teruo
2759 4426 2973 4480 silentio
3005 4427 3381 4495 praedamnata,
3413 4427 3491 4482 tli-

1914 4522 2049 4575 vinis
2078 4521 2264 4575 ictibus
2288 4534 2446 4584 caesa,
2472 4519 2720 4572 barathro
2743 4519 3056 4584 tartarisque
3080 4521 3338 4585 deposita.
3365 4516 3491 4573 Sola

232 4613 382 4680 bulo,
417 4615 486 4667 ita
514 4615 682 4684 major
711 4628 791 4668 est
821 4615 908 4668 ille
929 4616 1015 4683 qui
1043 4617 1326 4684 praevenit;
1352 4618 1442 4670 sed
1474 4630 1520 4669 ct
1555 4618 1813 4672 mittentis
1842 4617 1888 4675 D
1915 4629 2124 4676 semper
2161 4629 2278 4665 cum
2321 4611 2513 4664 laureis
2564 4609 2673 4663 suis
2701 4610 2846 4676 virgo
2895 4623 3173 4677 puerpera,
3217 4608 3325 4660 Deo
3364 4624 3487 4675 una,

233 4713 291 4759 et
308 4707 476 4770 missi,
497 4709 618 4776 quia
640 4719 746 4760 tres
773 4722 932 4759 unum
953 4709 1169 4771 sunt,tle
1193 4707 1478 4761 divinitatis
1497 4709 1697 4760 unitate
1719 4724 1818 4762 una

235 4797 529 4851 substantia
550 4813 628 4852 εει
657 4796 855 4867 (Joan.,
887 4815 940 4859 χ,
967 4798 1080 4869 30);
1099 4798 1210 4869 Ego
1224 4810 1267 4851 et
1289 4797 1443 4851 Pater
1457 4814 1614 4851 unum
1627 4815 1814 4852 smnus.

238 4885 308 4940 Et
337 4885 515 4956 (Joatt.
536 4902 646 4955 XIV,
671 4887 724 4955 9)
753 4903 764 4938 :
789 4891 873 4956 qui
895 4903 972 4942 me
992 4889 1140 4954 vtdet,
1159 4889 1288 4942 videt
1313 4897 1358 4942 et
1381 4885 1606 4941 Putrem.
1629 4889 1695 4942 Et
1713 4904 1822 4958 tpse

315 5102 395 5176 (1)
434 5104 490 5159 In
523 5105 816 5158 Aclteriana
864 5105 1102 5161 editione
1133 5106 1402 5174 legebatur
1443 5116 1818 5171 concervatam;

242 5178 630 5229 correctionem
661 5191 808 5228 novae
837 5176 1087 5231 editiOuis
1128 5177 1458 5230 retinuituus.

315 5243 393 5317 (ἓ)
435 5244 609 5317 ξηῃω
641 5244 850 5298 Acberii
878 5244 1040 5317 editio
1069 5263 1181 5317 qua:
1206 5246 1362 5316 magis
1383 5262 1580 5314 manus,
1613 5248 1807 5305 scribit.

315 5313 395 5385 (3)
433 5314 632 5371 Eadem
665 5317 832 5384 prima
862 5316 1026 5373 editio
1057 5313 1362 5372 contractus.

641 5886 916 5952 l’s't'ttot.
953 5887 1115 5954 Vlll.

1929 4703 2079 4756 nobis
2115 4703 2358 4757 Columba
2385 4700 2699 4780 fecunditate
2726 4703 3078 4759 numerosior,
3105 4714 3268 4768 usque
3298 4702 3361 4753 ad
3393 4716 3494 4754 nu-

1929 4796 2021 4848 bes
2049 4796 2168 4848 caeli
2195 4802 2352 4862 caput
2374 4804 2682 4848 coronatum
2711 4795 2934 4846 attollat.
2964 4793 3042 4846 Sit
3070 4792 3345 4847 benedicta
3369 4810 3490 4849 eum

1929 4886 2140 4956 populis
2186 4886 2459 4940 Trinitatis
2508 4887 2705 4939 unitate
2734 4895 3109 4952 cutisegregata
3145 4885 3270 4952 justi
3303 4882 3494 4950 simis;

1927 4978 2079 5048 cujus
2121 4978 2272 5031 laude
2307 4979 2454 5047 plena
2498 4985 2597 5039 est.
2630 4991 2660 5030 a
2704 4991 2844 5030 nch
2881 4985 2932 5029 et
2962 4976 3012 5028 in
3051 4985 3246 5029 a-terua
3283 4989 3495 5043 Sclttpel‘

1921 5069 2115 5123 saecula
2147 5070 2456 5124 saeculorum
2484 5067 2747 5124 beatiﬂcet
2774 5067 2931 5122 Pater
2969 5075 3024 5121 et
3052 5065 3090 5121 F
3096 5066 3219 5120 ibus
3243 5077 3297 5120 et
3322 5060 3492 5134 Spiri-

1924 5168 2011 5216 tus
2032 5169 2266 5216 sanctus.

1997 5319 2075 5392 (ι)
2116 5318 2275 5377 Forte
2298 5318 2436 5389 apud
2464 5317 2854 5388 Evangelistam.

2837 5891 2914 5954 ῑιὸ
