3974 6140
189 371 251 425 17
1279 366 1574 422 ΝΩἸἹἸῚΔ
1612 365 1788 420 Ηιετι

1905 363 2484 422 OO-LITTERARIA.
3500 361 3573 422 18

186 494 340 553 surde
368 489 808 564 conjiciuntviri
826 490 1154 546 doctissimi
1183 508 1196 546 :
1229 490 1387 547 haud
1406 488 1802 546 omittendum
1837 491 1884 556 Α
1918 488 2185 561 longiora
2217 507 2288 546 ex
2320 509 2396 546 v11
2426 490 2594 546 libris
2627 489 2984 546 Stromatum.
3019 491 3144 544 Inc.
3185 487 3380 562 τέρατα
3427 509 3566 563 apo-

188 592 360 640 tamen
391 589 490 646 est,
523 581 769 636 easdem
810 581 882 636 ab
934 580 1144 636 Acacio
1177 586 1236 636 et
1263 583 1648 648 Damasceno,
1682 584 1748 632 ut
1777 594 1807 632 e

186 675 314 730 locis
339 671 621 743 pluribus,
657 685 836 741 supra
856 685 890 725 a
911 686 1006 725 me
1030 669 1364 742 descriptis,
1387 666 1808 740 patet,habitas

185 763 345 818 fuisse
371 777 471 832 pro
501 765 708 814 octavo
738 760 1075 815 Stromatum
1104 759 1277 814 libro.

305 885 527 955 Operam
573 883 869 940 Clementis
898 883 1068 940 Alex.
1100 882 1254 939 codd.
1287 891 1338 938 et
1375 880 1658 937 editiones.

239 1018 427 1073 Plures
455 1016 627 1074 codd.
655 1017 783 1089 jam
810 1017 1033 1090 passim
1075 1016 1340 1073 laudavit
1367 1015 1688 1071 Fabricius.
1725 1016 1805 1070 De

178 1107 355 1162 codice
387 1107 638 1162 membr.
672 1107 931 1162 Florent.
987 1105 1193 1161 Medic.
1247 1107 1520 1161 Laurent.
1557 1121 1690 1159 saec.
1722 1121 1802 1173 ιι,

176 1199 260 1267 qui
290 1197 548 1251 continet
605 1196 904 1260 Stromata,
966 1195 1136 1266 cujus
1190 1194 1360 1250 Fabr.
1415 1209 1594 1265 supra
1627 1193 1691 1248 in
1720 1195 1748 1261 §
1773 1195 1802 1247 3

172 1285 436 1354 meminit,
469 1287 647 1356 plura
696 1285 933 1356 scripsit
987 1284 1237 1340 Bandin.
1270 1284 1334 1338 in
1369 1283 1484 1337 Cat.
1516 1281 1672 1338 codd.
1709 1282 1798 1336 Gr.

169 1393 203 1440 1,
235 1392 350 1447 pag.
391 1377 470 1441 12,
505 1374 611 1445 qui
643 1381 859 1445 printer
888 1389 959 1428 ea
1005 1379 1138 1444 post
1181 1372 1515 1427 Fabricium
1548 1373 1749 1443 (supra
1776 1373 1803 1439 §

171 1465 216 1534 3)
245 1463 521 1530 observat,
559 1463 690 1518 cod.
725 1463 1165 1518 Claromontan.
1190 1477 1308 1517 rec.
1333 1478 1368 1516 a
1397 1460 1644 1516 Nourrio
1677 1477 1798 1515 me-

166 1559 501 1617 morantum,
531 1552 722 1606 videri
753 1569 783 1607 e
817 1552 1071 1607 Mediceo
1105 1550 1490 1622 descriptum.
1523 1549 1799 1605 Codicem

166 1642 317 1695 illum
340 1640 900 1712 praestantissimum
925 1640 1070 1695 olim
1087 1639 1270 1694 fuisse
1293 1638 1448 1710 apud
1471 1637 1798 1694 Basilianos

165 1731 555 1785 Messanenses
616 1729 963 1795 monachos,
1017 1727 1264 1800 putabat
1321 1727 1524 1781 Montf.
1558 1726 1619 1781 in
1650 1727 1793 1781 Bibl.

1917 576 2166 650 γινώσκει
2220 578 2311 632 καὶ
2367 573 2612 640 ἐκϐάσεις
2668 581 2873 653 καιρῶν
2953 576 3042 630 καὶ
3104 578 3320 650 χρόνων
3381 577 3408 630 ὁ
3463 581 3564 644 τῆς

1918 664 2107 743 σοφίας
2143 669 2412 738 μαθητής·
2443 686 2574 740 qum
2620 670 2682 724 in
2714 668 2888 723 editis
2919 668 3088 722 initio
3119 668 3258 722 libri
3288 685 3305 722 1
3336 669 3564 724 Inutilis

1916 755 2150 812 desunt.
2185 789 2251 798 ——
2276 761 2444 814 Teste
2475 757 2790 814 Montfauc.
2823 759 2884 812 in
2917 757 3056 812 Bibl.
3092 757 3406 814 bibliothec.
3429 775 3561 814 mss.

1917 863 1956 910 ι,
1991 861 2122 918 pag.
2161 850 2246 912 14,
2279 847 2436 902 inter
2464 847 2635 903 codd.
2672 847 2852 902 Vatic.
2885 849 3084 901 Romae
3117 847 3252 915 Quis
3276 848 3427 902 divos
3456 848 3565 902 sal-

1914 938 2072 990 vetur
2091 951 2293 1006 opusc.
2308 941 2377 1002 et
2397 936 2517 991 alia
2538 935 2694 991 inter
2711 935 3035 992 Clementis
3059 951 3227 1007 papae
3249 951 3430 1007 opera
3453 952 3566 990 no-

1914 1023 2617 1097 minantur:fragmenta
2673 1024 2856 1079 Clem.
2915 1023 3080 1078 Alex.
3142 1023 3205 1078 in
3251 1026 3468 1080 Catenis
3500 1024 3562 1079 in

1913 1113 2198 1179 Exodum,
2232 1113 2360 1181 Job,
2393 1115 2536 1185 Epp.
2571 1113 2646 1169 ad
2693 1113 2955 1167 Corinth.
2992 1117 3050 1167 et
3089 1112 3297 1182 Galat.,
3329 1112 3388 1166 in
3417 1114 3563 1168 Mat-

1914 1200 2135 1254 thaeum
2167 1206 2225 1255 et
2253 1203 2464 1257 Lucam
2529 1208 2670 1256 sunt
2725 1202 2786 1256 in
2844 1201 3117 1272 pluribus
3166 1201 3336 1256 codd.
3375 1202 3556 1258 Vatic.

1912 1289 2051 1344 ibid.
2089 1289 2197 1360 (uti
2220 1290 2278 1344 in
2305 1290 2525 1345 Catenis
2553 1292 2612 1344 in
2641 1290 2810 1345 codd.
2832 1290 3007 1344 Coisl.
3036 1290 3284 1344 Vindob.
3308 1293 3554 1362 August.

1913 1378 2140 1433 Vindel.
2175 1377 2471 1450 aliisque).
2495 1411 2562 1419 —
2586 1381 2805 1449 Romze,
2836 1396 2895 1432 111
2926 1378 3069 1432 bibl.
3105 1379 3379 1433 Ottobon.
3403 1379 3555 1434 Stro-

1908 1470 2122 1522 matum
2153 1468 2361 1540 fragm.
2388 1469 2448 1522 in
2482 1485 2520 1523 11
2547 1467 2719 1524 eodd.
2740 1472 2988 1535 recent.,
3007 1483 3118 1522 nec
3138 1483 3259 1521 non
3281 1467 3555 1524 Stromala

1908 1555 2020 1622 bis,
2053 1562 2112 1610 et
2136 1557 2428 1627 Pardagog.
2461 1557 2652 1629 (ibid.,
2673 1574 2802 1629 pag.
2831 1557 2932 1610 183
2962 1561 3021 1610 et
3043 1557 3188 1627 190),
3223 1562 3280 1610 et
3309 1555 3552 1625 ibidem,

1907 1645 1969 1700 in
2001 1646 2144 1701 Bibl.
2178 1647 2408 1701 Patrum
2438 1646 2495 1702 S.
2529 1646 2734 1701 Basilii
2764 1645 2889 1717 (ib.,
2923 1662 3053 1717 pag.
3094 1647 3213 1700 198.
3243 1647 3354 1712 D.).
3388 1676 3456 1684 —
3485 1647 3552 1702 In

1909 1735 2113 1790 Galliis
2144 1735 2300 1790 inter
2328 1735 2499 1791 codd.
2532 1735 2784 1791 abbatiee
2817 1737 2872 1790 S.
2905 1735 3062 1789 Petri
3095 1735 3166 1790 de
3199 1735 3548 1801 Selincurte,

160 1818 556 1923 bibliothecam,
573 1836 619 1923 ι’,
654 1835 790 1923 pag;
816 1820 940 1923 234.
973 1849 1040 1920 ῖ-
1069 1816 1377 1923 1ηοθεῗᾶίῗῐῑι
1427 1815 1626 1923 οοῆἱος
1658 1819 1798 1871 sunt
1825 1858 1871 1923 Β
1904 1824 2074 1880 (11000.
2108 1825 2550 1894 Ambianensis,
2608 1824 2926 1880 Admouitio
2983 1826 3056 1879 ad
3108 1828 3302 1897 gentes
3333 1828 3391 1879 et
3421 1825 3546 1880 Pse-

159 1911 398 1980 Ezccrpta
428 1925 502 1964 ex
539 1907 703 1962 libris
735 1906 989 1962 Theodoti
1042 1911 1100 1960 et
1141 1905 1352 1960 Selecta
1374 1905 1789 1976 prophetarum.

155 2029 212 2035 —
248 1999 538 2068 Pedagogi
585 1995 722 2050 libri
777 2012 863 2062 111,
920 1993 1245 2065 Κλήμεντος
1306 1992 1460 2068 Λόγοι
1513 1993 1794 2048 dicuntur

155 2084 205 2139 in
235 2085 422 2141 codice
450 2102 618 2151 xxrv,
651 2084 799 2156 plut.
847 2100 902 2151 ν,
935 2101 1072 2139 cum
1104 2083 1260 2138 notis
1290 2082 1503 2138 incerti
1534 2081 1792 2138 auctoris

152 2175 379 2246 margin.
413 2190 601 2246 quem
634 2172 911 2240 Bandin.,
946 2172 985 2227 l.
1021 2188 1071 2227 c.
1125 2189 1164 2239 1,
1199 2187 1330 2244 pag.
1363 2173 1430 2225 49
1463 2187 1612 2241 seq.,
1644 2170 1789 2226 ube-

152 2263 259 2316 rius
287 2263 595 2318 describit.
632 2261 786 2317 Libri
834 2261 895 2316 in
944 2260 1076 2316 cod.
1107 2259 1452 2316 dividuntur
1482 2260 1543 2314 in
1577 2259 1791 2330 capita,

152 2357 200 2404 et
219 2353 456 2425 singulis
479 2351 782 2423 capitibus
806 2351 1256 2422 praemittuntur
1275 2348 1791 2422 argumenta.lllos

151 2439 315 2495 libros
347 2441 661 2514 excipiunt
692 2441 936 2511 Hymnus
967 2438 1180 2494 Christi
1219 2439 1536 2504 servatoris,
1570 2438 1624 2492 S.
1658 2438 1792 2492 Cle-

149 2531 347 2585 mentis
381 2537 439 2586 et
468 2533 696 2585 Versus
723 2529 933 2584 incerti
957 2529 1017 2583 in
1040 2527 1362 2583 Clementis
1393 2525 1789 2598 Paedaqogum.

147 2617 241 2673 Illo
272 2620 398 2674 eod.
453 2635 606 2674 usus
656 2624 744 2673 est
792 2634 1028 2689 quoque
1091 2617 1418 2683 Victorius;
1460 2614 1562 2671 sed
1593 2615 1796 2670 omisit

148 2708 353 2764 scholia
375 2708 1027 2780 quiedam,charactere
1048 2706 1228 2778 ligato
1248 2710 1305 2760 et
1320 2705 1581 2759 currenti
1605 2705 1676 2760 ab
1700 2721 1792 2758 eo-

149 2795 267 2850 dem
291 2799 587 2870 scriptore
609 2796 830 2852 codicis
864 2796 925 2849 in
972 2811 1076 2850 ora
1118 2794 1254 2848 libri
1296 2794 1434 2848 hinc
1458 2793 1596 2847 inde
1627 2792 1794 2864 adje-

143 2890 246 2948 cta,
278 2903 538 2956 quorum
573 2884 843 2955 quaedam
879 2882 1202 2939 Bandinius
1232 2881 1548 2952 descripsit
1573 2885 1632 2935 et
1655 2897 1791 2951 pro-

145 2974 424 3045 mulgarit.
459 2974 633 3029 Idem
661 2972 1081 3045 calligraphus,
1107 2972 1190 3026 ait
1210 2971 1481 3036 Bandin,
1507 2976 1573 3024 ut
1594 2975 1790 3023 osten-

146 3061 296 3118 deret
322 3079 692 3119 consensum
749 3067 943 3116 textus
1003 3060 1328 3116 Clementis
1368 3075 1502 3113 cum
1535 3058 1790 3129 quadam

144 3153 376 3218 Arethze,
395 3151 838 3222 archiepiscopi
860 3149 1258 3216 Caesariensis,
1276 3147 1788 3218 interpretatione,

143 3238 433 3314 desumpta
453 3218 665 3295 forsan
690 3255 760 3293 ex
778 3218 907 3310 ejus
925 3239 1133 3294 Catena
1150 3237 1206 3292 in
1233 3237 1598 3308 Apocalypsin
1617 3237 1788 3290 Joan-
1816 3218 1862 3286 (Σ

141 3331 240 3395 nis,
270 3331 512 3403 longum
552 3328 844 3383 scholium
875 3329 934 3382 in
957 3343 1061 3382 ora
1090 3327 1226 3380 libri
1261 3324 1594 3396 descripsit,
1619 3326 1790 3396 cujus

140 3416 363 3474 initium
399 3436 468 3474 ac
503 3419 695 3474 finem
718 3415 905 3472 edidit
927 3416 1177 3471 Bandin.
1202 3446 1269 3455 —
1295 3418 1357 3470 In
1383 3414 1554 3469 codd.
1576 3430 1700 3481 vm,
1725 3430 1786 3468 n.

138 3509 215 3572 55,
246 3508 390 3578 plut.
428 3526 510 3576 1x,
556 3508 654 3579 (a),
688 3511 828 3560 sunt
858 3505 1016 3560 inter
1046 3505 1254 3559 breves
1282 3503 1659 3559 definitiones
1689 3503 1785 3558 SS.

138 3595 238 3648 PP.
267 3596 335 3650 de
357 3595 699 3652 substantia
721 3600 779 3649 et
809 3599 1040 3654 natura.
1066 3597 1489 3664 etc.,excerpta
1509 3609 1579 3646 ex
1600 3591 1782 3648 Clem.

140 3684 290 3740 Alex.
325 3687 618 3740 Sermone
645 3684 717 3738 de
743 3683 1138 3738 Providentia.
1164 3681 1462 3754 (Band.,1,
1485 3697 1613 3753 pag.
1639 3682 1783 3751 402.)

141 3803 198 3812 -
227 3774 362 3828 Cod.
397 3775 570 3829 Alex.
603 3773 783 3827 Clem.
837 3773 930 3827 cui
977 3773 1257 3842 Stephan.
1312 3769 1530 3826 multas
1560 3770 1786 3825 adscri-

139 3863 244 3931 psit
273 3869 470 3934 notas,
500 3861 874 3917 Francofurti
897 3861 972 3916 ad
995 3863 1184 3926 Moen,
1206 3862 1500 3914 memorat
1525 3858 1780 3925 Folard.,

138 3949 188 4003 in
221 3951 460 4008 Histoire
490 3953 632 4008 d'un
667 3951 872 4021 Voyage
904 3948 1201 4017 tittéraire,
1232 3949 1340 4017 [ait
1371 3963 1437 4002 en
1473 3949 1633 4009 1733,
1667 3952 1780 4002 etc.

135 4039 290 4112 Hagaa
320 4042 486 4096 Com-
526 4043 686 4107 1735,
719 4039 856 4095 mai.
895 4042 978 4106 12,
1017 4043 1162 4092 teste
1203 4036 1433 4102 Stollio,
1469 4036 1530 4090 in
1573 4036 1783 4090 notitia

136 4126 279 4184 illius
306 4130 453 4185 bibl.
489 4131 698 4198 (Kurze
724 4127 1040 4183 Nachricht
1061 4143 1172 4181 von
1197 4126 1311 4181 den
1340 4124 1608 4180 Buchern
1629 4157 1696 4164 —
1718 4125 1781 4179 in

135 4216 216 4270 der
237 4218 575 4274 Stollischen
611 4217 778 4287 Bibl.)
814 4223 953 4270 tom.
986 4217 1032 4285 Ι,
1066 4233 1121 4286 p.
1158 4216 1278 4268 563.
1312 4244 1380 4254 —
1413 4215 1562 4268 Loca
1595 4213 1777 4268 Clem.

137 4312 436 4361 occurrunt
469 4307 536 4360 in
587 4305 805 4360 Catenis
862 4305 924 4358 in
981 4302 1270 4368 Psalmos,
1305 4302 1366 4356 in
1395 4302 1607 4356 Jobum
1638 4306 1697 4356 et
1725 4319 1781 4356 1v

137 4392 451 4468 Evangelia,
488 4400 549 4449 et
580 4394 795 4449 citatur
824 4393 1008 4446 Clem.
1041 4392 1104 4445 in
1145 4390 1448 4459 Florilegio
1476 4393 1782 4445 sententia-

139 4496 261 4547 rum,
293 4485 353 4538 in
387 4483 656 4538 Violario
688 4498 952 4552 compos.
987 4486 1045 4534 et
1074 4497 1108 4536 a
1134 4482 1180 4535 Ι.
1215 4480 1617 4534 Cantacuzeno
1647 4497 1780 4535 con-

1899 1912 2145 1985 dagogus
2175 1913 2343 1984 (ibid.
2375 1930 2438 1981 ιι,
2471 1931 2601 1987 pag.
2638 1914 2819 1984 1198).
2867 1943 2929 1956 —
2985 1912 3039 1967 S.
3075 1912 3370 1969 Clementis
3407 1915 3544 1981 Vita,

1902 2007 2037 2069 etc.,
2071 2003 2130 2057 in
2163 2002 2293 2058 cod.
2328 2002 2473 2058 bibl.
2508 2003 2816 2059 Mediolan.
2851 2001 3046 2074 (Ibid.,
3080 2018 3118 2070 1,
3152 2019 3208 2073 p.
3236 2002 3383 2073 495.)

1971 2121 2180 2188 Paris.,
2217 2120 2279 2174 in
2310 2120 2456 2176 Bibl.
2507 2119 2662 2190 pubi.
2709 2118 2854 2190 (sec.
2916 2118 3090 2174 catal.
3131 2118 3260 2173 cod.
3295 2122 3438 2173 tom.
3472 2119 3544 2184 ΙΙ)

1900 2207 1963 2263 in
1994 2208 2125 2264 cod.
2157 2225 2300 2276 CDLI,
2332 2211 2403 2263 A.
2433 2209 2494 2263 C.
2526 2210 2650 2276 914,
2679 2224 2863 2263 manu
2893 2207 3129 2274 Baanis,
3159 2207 3376 2262 notarii
3405 2209 3548 2262 Are-

1901 2298 2038 2365 thaa,
2065 2298 2348 2352 Caesarea;
2363 2297 2816 2368 archiepiscopi,
2839 2301 3098 2365 exarata,
3120 2296 3304 2352 Clem.
3330 2295 3548 2350 adhor-

1901 2386 2150 2441 tatorius
2185 2386 2337 2442 liber
2366 2386 2440 2442 ad
2490 2387 2741 2450 Grmcos,
2804 2401 2941 2440 cum
2998 2385 3244 2440 scholiis
3273 2401 3458 2454 marg.
3493 2389 3552 2438 et

1902 2476 2256 2546 Paedagogus,
2292 2475 2395 2530 sed
2423 2475 2641 2530 desunt
2671 2473 2808 2529 libri
2830 2491 2848 2529 1
2873 2473 3078 2530 decem
3109 2474 3304 2545 capita
3333 2475 3549 2544 prima,

1903 2570 1962 2619 et
1989 2564 2288 2619 undecimi
2320 2564 2558 2618 initium
2584 2581 2596 2618 :
2626 2565 2686 2618 in
2737 2563 2869 2618 cod.
2903 2580 3045 2618 anu
3079 2568 3138 2616 et
3166 2579 3429 2616 anxxvn
3463 2562 3548 2633 (in

1903 2668 2020 2724 quo
2051 2669 2121 2707 ea
2150 2669 2388 2724 quoque
2419 2653 2656 2719 desunt,
2685 2669 2815 2720 quas
2840 2652 2898 2704 in
2923 2649 3054 2705 cod.
3079 2666 3288 2717 ccccm,
3323 2650 3551 2704 notavi-

1900 2742 2058 2812 mus)
2087 2742 2395 2809 Pwdagogi
2423 2740 2561 2794 libri
2593 2757 2656 2794 111
2686 2755 2820 2794 cum
2844 2740 3058 2810 Hymno
3080 2741 3138 2792 in
3163 2737 3463 2805 Christum,
3491 2743 3550 2793 et

1901 2830 2182 2900 anonymi
2215 2828 2493 2883 Versibus
2525 2829 2586 2882 in
2625 2827 3015 2898 Paedagogum.
3047 2857 3116 2868 -—
3145 2828 3212 2881 In
3243 2826 3372 2881 cod.
3407 2843 3546 2882 cum.

1898 2918 2318 2989 fragmentum,
2369 2916 2470 2972 ubi
2523 2916 2594 2972 de
2641 2921 2847 2972 sancto
2888 2918 3134 2982 Joanne,
3186 2916 3460 2983 theologo
3487 2922 3548 2971 et

1900 3006 2278 3079 evangelista,
2310 3007 2521 3077 agitur.
2553 3036 2622 3046 —-
2651 3005 2791 3061 Cod.
2824 3005 3036 3070 Paris.,
3079 3005 3214 3060 coll.
3250 3005 3302 3059 S.
3335 3006 3409 3072 J.,
3440 3005 3544 3076 qui

1899 3095 2194 3167 integrum
2254 3094 2587 3150 Stromatum
2639 3111 2788 3165 opus
2860 3093 3293 3165 complectitur,
3353 3093 3544 3148 varias

1898 3184 2035 3239 lect.
2069 3183 2384 3239 Montfauc.
2408 3181 2667 3238 enotavit
2688 3188 2746 3237 et
2766 3181 2840 3237 ad
2863 3184 3166 3236 Potterum
3189 3180 3542 3238 transmisit.

1969 3285 2036 3354 In
2092 3297 2237 3353 bibl.
2299 3299 2565 3365 Coislin.,
2627 3297 2953 3353 secundum
3026 3297 3226 3352 Montf.
3293 3299 3355 3352 in
3413 3297 3544 3355 cod.

1896 3405 2125 3458 LXXXVI,
2181 3403 2252 3442 ex
2301 3387 2452 3442 libro
2512 3389 2654 3459 Quis
2702 3387 2853 3443 dives
2915 3385 2988 3442 sit
3041 3387 3243 3455 salvus,
3299 3387 3548 3441 historia

1897 3476 2190 3546 quaedam,
2224 3492 2354 3546 quae
2387 3481 2477 3531 est
2507 3492 2742 3547 quoque
2773 3492 2868 3546 ap.
2901 3474 3222 3529 Eusebium
3253 3491 3317 3529 111
3349 3479 3418 3530 H.
3457 3479 3544 3543 8.,

1896 3583 2024 3636 cap.
2057 3565 2126 3618 23
2158 3565 2311 3636 (pag.
2374 3566 2520 3633 140).
2580 3597 2648 3605 —
2701 3565 2851 3618 Loca
2907 3563 3088 3618 Clem.
3133 3568 3453 3618 occurrunt
3483 3563 3544 3618 in

1895 3654 2023 3708 cod.
2060 3670 2175 3708 cxu
2206 3659 2264 3708 et
2293 3669 2449 3720 0x111,
2483 3654 2543 3707 in
2592 3652 3054 3708 Collectionibus
3087 3653 3540 3718 sententiarum,

1892 3758 2093 3796 rerum
2123 3741 2441 3796 moralium
2487 3746 2545 3794 et
2589 3741 3170 3811 interpretationum,
3207 3755 3237 3792 e
3269 3739 3542 3809 pluribus

1894 3831 2095 3902 script.
2130 3830 2341 3884 eccles.
2361 3834 2770 3900 excerptarum
2790 3828 2938 3900 (pag.
2969 3828 3090 3894 186,
3116 3828 3218 3881 187
3241 3845 3254 3892 ;
3281 3828 3364 3882 sic
3389 3844 3537 3898 quo-

1892 3937 2006 3992 que
2038 3917 2207 3974 codd.
2237 3920 2454 3990 Augus.
2489 3917 2686 3987 Vind.,
2740 3921 2888 3972 teste
2936 3915 3175 3971 Reisero
3221 3932 3349 3988 pag.
3381 3918 3452 3970 22
3482 3921 3541 3971 01

1888 4010 1957 4064 39
1989 4008 2225 4078 catal.);
2259 4007 2321 4061 in
2352 4006 2481 4062 cod.
2515 4023 2696 4076 ccmx,
2745 4007 2807 4061 in
2861 4005 3156 4061 Anastasii
3189 4006 3536 4076 responsio-

1890 4099 2089 4164 nibus,
2122 4103 2232 4153 etc.
2266 4099 2420 4169 (pag.
2472 4097 2621 4166 305);
2657 4128 2721 4137 —
2752 4097 2814 4151 in
2863 4096 2993 4153 cod.
3039 4111 3293 4162 ccuxvn,
3326 4096 3388 4150 in
3422 4097 3539 4150 Da-

1890 4187 2150 4243 masceni
2181 4187 2476 4242 Paraltelis
2503 4187 2660 4257 (pag.
2697 4185 2843 4256 330);
2872 4217 2942 4226 -—
2963 4185 3023 4238 in
3047 4185 3178 4239 cod.
3206 4201 3536 4252 CCLxxxxw,

1888 4278 1949 4331 in
1977 4275 2328 4331 Damasceni
2361 4275 2574 4344 Eclogis
2603 4280 2757 4347 (pag.
2793 4277 2940 4343 412).

1959 4393 2201 4449 Codices
2234 4409 2401 4464 seqq.
2438 4393 2538 4462 qui
2596 4393 2658 4446 in
2717 4391 2929 4462 Anglia
2986 4393 3384 4460 asservantur,
3419 4395 3478 4446 et
3506 4407 3541 4446 a

1891 4485 2124 4539 Pottero
2155 4487 2294 4539 sunt
2323 4481 2545 4548 collati,
2595 4480 2667 4535 ab
2721 4496 2788 4534 eo
2840 4479 3233 4534 nominantur
3281 4479 3341 4534 in
3381 4486 3539 4540 Prae-

143 4574 210 4660 tra
241 4572 571 4627 Palamam.
607 4570 877 4660 (Bandin.
911 4570 955 4660 1,
1017 4585 1171 4660 ρᾶς.-
1207 4570 1309 4660 3-4,
1353 4571 1441 4635 52,
1479 4571 1624 4660 _16l,
1653 4571 1776 4639 2553,
1810 4597 1858 4660 υ
1883 4573 1989 4642 fat.
2023 4571 2232 4627 Oxonii
2265 4587 2276 4624 :
2309 4570 2370 4624 in
2411 4569 2540 4623 cod.
2575 4568 2718 4622 bibl.
2754 4567 2889 4622 novi
2921 4566 3185 4639 Collegii,
3210 4570 3536 4626 Cohortatio

140 4659 222 4709 247
255 4666 312 4713 et
339 4660 496 4731 549.)
530 4690 600 4699 -—
631 4656 926 4727 Pzdagogi
958 4664 1079 4712 tres
1108 4656 1247 4710 libri
1296 4657 1359 4710 in
1389 4656 1519 4711 cod.
1553 4658 1775 4712 Veneto
1810 4655 1846 4660 ⁷
1887 4660 1956 4715 ad
1988 4659 2219 4716 Graecos.
2254 4674 2376 4712 una
2403 4674 2538 4711 cum
2569 4655 2800 4710 duobus
2829 4655 3116 4726 Paedagogi
3144 4655 3314 4711 libris
3342 4664 3536 4728 poste-

142 4744 191 4807 D,
221 4749 413 4813 Marci,
448 4765 591 4804 cum
649 4745 1030 4801 lemmatibus
1083 4744 1360 4817 singulis-
1379 4761 1547 4817 capp.
1579 4746 1778 4817 praeli-

138 4834 230 4903 xis,
261 4843 315 4890 et
343 4838 507 4892 notis
541 4835 849 4891 nonnullis
880 4834 953 4889 ad
985 4851 1148 4888 oram
1177 4832 1487 4905 conjectis,
1515 4833 1629 4890 vid.
1655 4835 1770 4890 Vil-

140 4921 331 4989 loison,
367 4926 570 4981 Anecd.
608 4927 781 4982 Graec.
815 4925 884 4993 Il,
912 4940 1042 4995 pag.
1091 4925 1158 4976 98
1207 4928 1266 4976 et
1293 4939 1424 4995 pag.
1454 4925 1577 4978 249.
1610 4955 1679 4964 -
1709 4925 1774 4978 In

141 5013 249 5068 cod.
282 5016 560 5070 biblioth.
620 5013 970 5067 Mutinensis
1029 5010 1454 5084 Προτρεπτικὸν,
1488 5009 1774 5085 Παιδαγω-

142 5099 270 5169 γικὸν
299 5110 356 5157 01
389 5107 683 5175 Hymnus,
707 5106 774 5156 ut
794 5102 855 5156 in
879 5101 1074 5167 editis,
1099 5105 1246 5156 teste
1269 5100 1470 5154 Montf.
1495 5101 1557 5156 in
1580 5101 1776 5157 Diario

143 5187 264 5258 ttat,
297 5210 427 5265 pag.
465 5197 562 5248 31.

198 5281 447 5351 Neapoli,
475 5282 538 5335 in
571 5280 703 5336 bibl.
735 5279 918 5351 Regia,
943 5277 1070 5333 cod.
1093 5295 1231 5333 ava
1254 5279 1555 5334 continet:
1589 5280 1772 5336 Clem.

144 5365 279 5422 Alex.
340 5370 773 5441 Paedagogum;
832 5369 1133 5439 Hymnum
1218 5367 1291 5422 ad
1365 5367 1664 5442 Christum
1721 5373 1780 5424 et

145 5459 396 5527 anonymi
432 5461 649 5512 Versus
702 5457 760 5511 in
811 5457 993 5511 Clem.
1043 5455 1472 5527 Paedagogum;
1503 5463 1778 5530 excerpta

1885 4749 2142 4804 rioribus
2161 4745 2625 4816 eorumdemque
2648 4744 2955 4800 nonnullis
2977 4744 3356 4816 fragmentis:
3381 4778 3449 4787 —
3471 4747 3532 4803 in

1884 4835 2012 4890 cod.
2049 4833 2273 4888 Bodlei.
2315 4837 2374 4886 et
2402 4831 2540 4898 alio,
2575 4832 2675 4902 qui
2705 4837 2895 4887 exstat
2932 4832 2993 4886 in
3024 4831 3166 4886 bibl.
3201 4834 3375 4905 regis,
3410 4835 3530 4890 Pw-

1883 4924 2085 4992 dagogi
2113 4938 2169 4976 ιιι
2203 4920 2364 4977 libri.
2399 4952 2467 4960 —
2493 4920 2582 4974 Ad
2633 4920 2952 4976 Clementis
3001 4921 3332 4992 periochas,
3385 4940 3532 4994 quas

1884 5012 2173 5068 Eusebius
2203 5011 2368 5082 Operi
2400 5010 2474 5065 De
2499 5025 2747 5082 prwpar.
2779 5026 2980 5079 evang.
3015 5010 3286 5079 inseruit,
3319 5028 3530 5068 emen-

1887 5100 2133 5168 dandas,
2159 5100 2336 5156 utilas
2356 5099 2467 5154 fuit
2490 5098 2621 5154 cod.
2648 5097 2885 5153 Eusebii
2905 5098 2966 5153 in
2991 5098 3264 5154 bibliotb.
3290 5101 3534 5173 Collegii

1884 5192 1931 5246 J.
1967 5190 2261 5261 Baptistae.
2309 5220 2376 5229 —
2423 5191 2644 5242 Praeter
2705 5203 2794 5254 ea,
2853 5188 3182 5242 secundum
3240 5191 3413 5245 catal.
3473 5193 3535 5247 in

1887 5279 2058 5336 codd.
2091 5279 2263 5350 Angl.
2297 5283 2354 5333 et
2386 5278 2651 5346 Hibern.,
2683 5282 2820 5343 etc.,
2855 5277 2916 5332 in
2948 5266 3076 5333 cod.
3112 5278 3350 5336 Barocc.
3387 5282 3534 5340 Bibl.

1887 5368 2109 5424 Bodlei.
2143 5385 2234 5422 nr.
2266 5385 2323 5435 v,
2358 5372 2498 5423 sunt
2527 5384 2598 5422 ex
2627 5366 2809 5421 Clem.
2846 5366 3011 5422 Alex.
3044 5365 3297 5439 aliisque
3330 5386 3532 5425 excer-

1885 5464 2001 5530 ptas
2033 5456 2366 5526 sententias,
2399 5462 2547 5523 etc.;
2579 5487 2648 5495 —
2672 5455 2735 5509 in
2761 5454 2932 5509 codd.
2962 5454 3128 5510 Bodl.
3151 5472 3455 5514 uccxxxxn
3479 5465 3537 5515 et

203 5679 272 5757 ζα]
289 5683 436 5757 llaec
459 5681 723 5757 Scholia,
757 5695 889 5757 quae
909 5695 978 5732 ex
1008 5676 1511 5757 co_dic_e_Parisino
1544 5678 1830 5757 evulgavit
1857 5679 2225 5757 Reinholdu_s
2255 5679 2417 5757 Klotz
2438 5679 2500 5735 in
2522 5696 2629 5736 sua
2653 5678 2915 5735 editione
2937 5679 3191 5749 Operum
3209 5678 3532 5734 Clementis

152 5744 376 5821 (Lipéim,
412 5755 670 5820 1830-34,
705 5744 918 5822 inite),
952 5754 1188 5804 exstant
1220 5753 1379 5803 tomo
1409 5750 1460 5803 II
1490 5744 1710 5806 nostri)
1746 5769 1788 5806 n

1905 5750 2141 5806 lsionis.
2177 5752 2328 5806 Enrr.
2363 5753 2532 5806 PATR.
