3974 6140
309 301 382 376 se
1398 342 1405 351 -
1468 314 1473 319 '
1532 306 1877 369 cannam
1913 304 2506 367 amxmnnmus.
2687 289 2693 297 ‘
3657 309 3728 368 go

312 464 543 515 unxcw,
575 445 898 502 Clementis
926 443 1305 513 aliorumque
1348 439 1556 513 glossm
1597 436 1672 493 ad
1702 454 1781 491 vn
1811 437 1955 507 Epp.
1993 438 2042 501 Α
2077 435 2198 491 tine
2230 437 2389 491 inter
2417 439 2622 493 Franc.
2657 440 2816 494 Rous
2848 434 3033 494 Metto
3064 432 3320 494 Patrum.
3354 435 3537 493 Lond.
3567 440 3725 510 1650,

317 538 530 593 eanon.
589 538 737 608 Epp.
797 534 1119 590 catholicas
1184 531 1329 587 min.
1387 530 1451 584 N.
1514 527 1771 582 T.—In
1822 523 1968 579 bibl.

317 626 589 682 Jacobssa
643 638 736 680 nr.
792 636 1288 680 unumunum“
1341 621 1508 689 (tom.
1570 618 1621 670 ll
1674 616 1867 680 autat,
1908 630 1966 685 p.

321 718 467 783 2‘16),
490 714 672 770 Clem.
695 714 1049 783 Psedogogus.
1080 742 1148 753 --
1170 708 1412 766 Bublini
1434 707 1497 762 in
1517 705 1969 760 cod.ccoonvm

321 803 564 877 Collegii
596 805 651 860 S.
683 802 890 858 Trinit.
926 805 1205 882 excerpta
1250 814 1326 854 ex
1372 796 1557 881 Clem.
1606 794 1967 866 Pramo.

312 904 358 949 a
387 891 554 949 Gent.
588 892 835 948 Heneti)
864 892 1058 959 verso,
1091 880 1156 969 et
1180 894 1251 943 ex
1279 886 1603 956 Ρωάαθθθοι
1906 894 1909 895 ⁷

393 980 760 1038 Vindobonae
812 981 875 1036 in
931 978 1077 1034 bibl.
1136 974 1350 1033 Caesar.
1382 976 1447 1029 in
1475 970 1608 1031 eod.
1642 980 1875 1039 sum,
1906 986 1968 1028 n.

322 1075 375 1142 3,
410 1076 470 1128 et
498 1072 627 1128 cod.
656 1084 709 1140 ι,
741 1075 832 1127 est
857 1068 1004 1141 frag.
1039 1084 1109 1123 ex
1136 1062 1321 1145 Clem.
1357 1063 1664 1120 oratione:
1698 1060 1833 1130 Quis
1854 1060 1967 1116 sat-

318 1167 480 1219 vetur
506 1156 704 1218 dives?
734 1158 1053 1230 (Lambec.,
1080 1156 1378 1213 Comment.
1404 1170 1488 1218 ιιι,
1510 1160 1642 1224 pag.
1668 1151 1792 1218 190,
1815 1158 1969 1221 aeq.,

322 1248 379 1308 et
410 1254 552 1314 193.)
612 1281 680 1292 —
736 1246 965 1305 Monadi
1017 1248 1081 1302 in
1135 1246 1281 1301 bibl.
1342 1245 1567 1313 Bavar.,
1617 1234 1747 1296 cod.
1780 1241 1967 1295 chart.

320 1348 484 1409 éLxx,
512 1345 659 1396 orat.
694 1338 1096 1395 exhortatoria
1154 1335 1227 1390 ad
1285 1336 1517 1389 Graecos
1565 1330 1761 1395 (catai.
1795 1327 1969 1385 codd.

320 1448 453 1504 pag.
487 1432 595 1491 66).
631 1446 698 1470 ὰ-
730 1430 1007 1501 Augustas
1032 1422 1265 1479 Vindel.
1306 1423 1651 1477 Stromatum
1680 1419 1972 1491 epitomes

319 1522 637 1593 fragment.
669 1517 731 1572 in
763 1516 892 1571 cod.
927 1531 998 1571 ex
1027 1531 1144 1588 quo
1176 1510 1447 1593 quaedam
1476 1510 1752 1565 restituta
1788 1507 1971 1562 fuisse

322 1608 385 1665 in
417 1609 509 1664 ed.
544 1607 830 1663 Commel.
891 1601 1219 1661 observavit
1274 1598 1564 1657 Hceschei.
1594 1614 1687 1671 ap.
1722 1597 1972 1661 Reiser.,

324 1715 456 1773 pag.
491 1692 557 1751 37
589 1701 728 1764 cat.,
761 1701 821 1751 et
851 1682 1118 1767 Sylburg.
1178 1693 1240 1747 in
1294 1692 1414 1746 line
1468 1693 1710 1745 suarum
1742 1690 1865 1742 not.
1898 1682 1973 1741 ad

2076 525 2133 592 8,
2164 542 2222 596 p.
2268 526 2525 581 149-292.
2551 526 2726 582 Hann.

2150 615 2378 670 Reousa‘
2396 615 2524 675 hac
2545 615 2726 672 editio
2747 614 2970 672 additis
2992 615 3304 675 Frontonis
3326 616 3523 672 Βυθωί
3545 619 3724 687 notis,

2080 703 2267 757 Paris.
2302 705 2460 769 1629,
2491 704 2619 773 fol.,
2653 711 2712 760 et
2739 706 2939 761 minus
2969 705 3285 761 emendate
3320 708 3476 773 1641,
3500 707 3644 763 ibid.
3671 712 3729 764 et

2079 790 2341 855 Colonias
2368 792 2513 863 (sive
2542 794 2890 870 Witebergaa
2919 796 3166 868 potius),
3200 796 3360 865 1688,
3388 794 3497 857 fol.

2152 880 2709 959 ClementemfAlex.
2735 870 3291 961 emendatissimum
3315 889 3374 939 et
3398 890 3637 941 auctum
3667 903 3727 942 se

2078 969 2324 1041 habere,
2356 974 2417 1026 et
2444 970 2509 1026 in
2544 972 2705 1026 notis
2727 971 2801 1027 ad
2821 972 3017 1045 ipsum
3047 972 3413 1028 Clementem
3442 973 3727 1031 emenda-

2082 1060 2276 1115 tiones
2302 1052 2528 1116 Heinsii
2552 1048 2868 1134 diligenter
2887 1062 3364 1117 examinaturum
3385 1078 3449 1118 se
3470 1063 3614 1120 olim
3640 1069 3731 1120 te-

2084 1154 2273 1204 status
2332 1152 2423 1204 est
2475 1151 2523 1205 J.
2584 1150 2790 1205 Croius
2848 1164 2977 1221 cap.
3036 1151 3100 1205 21
3161 1151 3471 1209 Observa“.
3505 1154 3570 1208 in
3597 1152 3728 1210 Nov.

2086 1237 2244 1305 Test.,
2276 1258 2407 1315 pag.
2444 1244 2566 1296 1‘72.
2589 1240 2700 1298 Sed
2724 1242 2830 1299 illa
2855 1243 3179 1300 Clementis
3210 1243 3391 1301 editio
3420 1258 3729 1317 nunquam

2080 1330 2321 1405 prodiit.

2152 1423 2219 1477 In
2249 1418 2611 1480 bibliotheca
2637 1423 2918 1481 Jesuitica
2946 1423 3107 1499 leges
3151 1425 3519 1483 Clementem
3562 1426 3728 1483 Alex.

2081 1509 2239 1567 notis
2290 1510 2652 1569 illustratum
2682 1530 2717 1569 a
2743 1513 2957 1570 Jacobo
3010 1515 3298 1585 Deshans,
3340 1515 3394 1570 S.
3423 1517 3496 1585 J.;
3528 1532 3732 1571 verum

2082 1608 2195 1656 nec
2224 1598 2344 1656 illae
2374 1607 2529 1658 notae
2561 1596 2734 1658 editae
2769 1609 2928 1660 sunt.

2090 1708 2097 1713 '
2155 1689 2396 1747 Plenior
2426 1692 2677 1761 caeteris,
2702 1692 2918 1749 cultior
2946 1698 3005 1749 et
3036 1710 3106 1750 ex
3138 1693 3308 1751 codd.
3342 1694 3735 1767 emendatior,

325 1772 612 1844 Clement.
637 1785 828 1857 Alex.,
850 1784 952 1840 ubi
981 1798 1217 1874 quoque
1246 1783 1540 1874 memorat
1566 1776 1972 1874 codd..l-’alot.,
1998 1800 2053 1874 θ
2085 1772 2178 1874 ed.
2212 1796 2347 1835 eum
2378 1779 2910 1874 notisWSylbprgii,
2970 1780 3219 1874 Ileinsii,
3279 1776 3454 1839 With.
3511 1784 3739 1874 Lowthi

324 1878 386 1932 in
418 1890 671 1947 quorum
700 1890 818 1929 uno
848 1878 1072 1943 recent.
1107 1872 1220 1927 fuit
1247 1871 1612 1949 Padagogus,
1633 1867 1695 1922 in
1717 1866 1851 1922 aliis
1874 1881 1976 1921 ex-

325 1970 570 2037 cerpta;
602 1969 779 2035 atque
811 1961 942 2019 cod.
978 1959 1131 2018 Guil.
1165 1957 1475 2032 Xylandri.
1509 1958 1686 2012 ΒΑΜ..
1757 1960 1761 1965 ’

395 2055 593 2108 Graece
623 2051 847 2122 scripta
900 2049 1247 2119 Clementis,
1276 2048 1565 2109 hactenus
1626 2048 1974 2113 memorata,

324 2142 678 2215 prodierunt
700 2157 731 2195 e
758 2139 906 2197 bibl.
933 2138 1213 2206 Medicae,
1236 2137 1452 2197 dollato
1477 2135 1550 2198 ad
1579 2135 1979 2206 Pratreptioum

326 2237 386 2287 et
414 2231 794 2302 Paedagogum
818 2230 1005 2297 etiam
1063 2227 1301 2287 Rodulii
1357 2226 1470 2293 Pii,
1526 2223 1811 2285 antistitis
1840 2224 1977 2283 Ger:

324 2321 550 2393 pensis,
593 2318 817 2385 codice,
876 2322 1224 2374 recensente
1275 2318 1451 2373 Petro
1502 2315 1777 2382 Victorio,
1809 2312 1980 2384 cujus

327 2409 594 2482 praefatio
624 2408 700 2467 ad
757 2407 1102 2464 Marcellum
1154 2405 1491 2472 Cervinum,
1524 2402 1890 2465 oardinalem
1921 2402 1977 2455 ὃ.

328 2499 531 2553 Crucis
560 2502 786 2569 (postea
815 2513 923 2568 per
949 2511 1071 2552 xxu
1100 2494 1230 2551 dies
1261 2493 1606 2565 pontiﬁcem
1650 2493 1798 2552 Max.
1832 2491 1979 2552 Mars

327 2588 548 2645 eeilum
576 2588 669 2652 Il),
724 2586 1074 2657 praitlgitur,
1138 2582 1453 2641 Florentiae
1505 2584 1663 2649 1550,
1709 2579 1812 2641 fol.
1848 2580 1981 2639 limo

329 2676 511 2734 editio
539 2689 722 2729 manu
751 2674 991 2744 Iosephi
1016 2671 1297 2744 Scaligeri
1319 2670 1541 2743 passim
1559 2674 1765 2727 notata
1786 2667 1981 2727 fuitin

328 2764 693 2821 bibliotheca
721 2762 949 2817 Graevii.
983 2763 1207 2817 FABRlC.
1242 2758 1578 2830 Exemplar,
1600 2759 1663 2814 in
1685 2755 1981 2817 membra-

330 2855 426 2910 nis
476 2853 858 2924 impressum,
906 2855 1100 2906 exstat
1142 2849 1426 2915 Florent.,
1457 2849 1521 2906 in
1550 2847 1695 2907 bibl.
1745 2845 1984 2917 Maglia—

329 2942 528 3008 beoh.,
559 2941 677 2996 vid.
709 2938 962 2995 Bandini
1012 2945 1125 2994 cat.
1177 2936 1348 2993 codd.
1396 2938 1492 2992 Gr.
1538 2935 1743 2991 Medic.
1777 2927 1815 3002 ί,
1848 2950 1980 3005 pag.

334 3036 420 3099 12,
454 3036 511 3086 et
544 3032 605 3085 in
636 3028 805 3102 prmi“.
837 3027 1152 3100 prmmissa
1192 3026 1335 3081 edit.
1368 3024 1753 3093 Epistotarum
1777 3022 1981 3082 claror.

330 3121 597 3178 Italorum
626 3121 680 3174 et
704 3117 1001 3183 Genuam,
1048 3121 1187 3185 etc.,
1239 3115 1523 3183 Florent.,
1569 3113 1903 3181 17H9,'tom.
1934 3112 1979 3177 Ι.

332 3156 1251 3289 ἕῗῖῐῖᾖῗιᾶἷῐῖἔζὲὲνῐὲλὲθιῖὲέΐ,ᾉ
1286 3205 1351 3258 Ν.
1386 3156 1450 3271 11,
1581 3156 1804 3283 489.Ἰι1
1835 3156 1979 3263 ιῖίωῖ
2011 3156 2059 3239 δ

335 3297 608 3359 Leidensi
635 3303 724 3354 est
744 3294 1168 3367 exemplar,cui
1196 3291 1488 3355 nonnulla
1511 3290 1787 3362 ascripsit
1805 3290 1982 3351 Hadr.

336 3388 565 3447 Junius.
597 3385 804 3457 (Catal.
836 3385 1006 3453 bibl.,
1038 3402 1096 3457 p.
1131 3384 1241 3445 35.)
1274 3383 1449 3439 Hann.

410 3479 492 3533 Ex
523 3475 873 3535 recensione
904 3480 964 3531 et
990 3490 1127 3537 cum
1157 3470 1644 3544 castigationibus
1670 3468 1826 3527 Frid.
1862 3467 1987 3541 Syl-

340 3566 553 3639 burgii.
589 3564 993 3637 Heidelbergae
1022 3579 1118 3637 ap.
1146 3561 1495 3623 Commelin.
1550 3560 1710 3624 1592,
1736 3557 1840 3619 fol.

410 3657 614 3719 Latine
643 3656 1025 3730 Pratrepticus
1056 3658 1115 3711 et
1143 3650 1487 3723 Paedagogus
1517 3650 1802 3708 Gentiano
1834 3650 1986 3709 Her-

339 3753 491 3813 veto,
523 3751 582 3801 et
630 3743 768 3801 libri
811 3761 916 3802 vui
965 3742 1305 3800 Stromatum
1333 3740 1577 3819 Cyriaco
1626 3737 1988 3812 Strozza(2ii)

341 3837 688 3904 interprete,
718 3832 978 3893 Floreat.
1011 3834 1167 3897 1351,
1225 3830 1355 3900 fol.,
1418 3830 1575 3903 apud
1607 3828 1987 3893 Laurentium

340 3922 779 3983 Torrentinum.

413 4010 809 4079 Pratreptieus,
869 4007 1215 4081 deagogus
1262 4012 1323 4069 et
1370 4007 1806 4079 Stromataizs)
1837 4008 1991 4065 Gen-

342 4103 503 4159 tione
535 4101 805 4166 Herveto,
864 4096 1185 4158 Aureliano
1244 4102 1304 4155 et
1352 4095 1630 4157 Ecclesia:
1680 4096 1989 4159 Remensis

342 4195 550 4262 postea
573 4186 881 4253 canonico,
906 4185 1255 4256 interprete,
1282 4200 1419 4243 cum
1449 4185 1578 4259 ejus
1609 4185 1851 4249 scholiis
1882 4187 1991 4247 Ba-

343 4279 438 4335 sil.
474 4281 627 4343 1556,
663 4276 788 4342 fol.,
848 4292 941 4347 ap.
1003 4273 1277 4335 Forben._
1315 4278 1375 4327 et
1436 4276 1594 4339 1566,
1644 4273 1771 4342 fol.,
1803 4273 1982 4337 Paris.

348 4370 504 4433 1566,
537 4367 591 4431 8,
625 4367 762 4418 1572
793 4367 852 4418 et
884 4364 1041 4429 1590,
1073 4361 1202 4426 fol.,
1264 4366 1322 4416 et
1378 4360 1635 4432 denique
1684 4360 1746 4416 in
1782 4361 1992 4417 Biblio-

343 4454 497 4512 theca
525 4457 753 4517 Patrum
800 4450 1156 4519 Lugdunensi
1212 4456 1355 4506 tom.
1415 4451 1511 4517 Ill,
1564 4468 1616 4505 a.
1672 4452 1827 4523 1677,
1857 4450 1986 4525 fol.,

2086 1867 2461 1940 aliorumque
2508 1872 2621 1929 VV.
2682 1870 2797 1927 DD.
2857 1875 2947 1926 est
3001 1888 3035 1927 a
3087 1873 3324 1929 Pottero
3355 1877 3594 1930 curata:
3629 1872 3736 1945 qui

2083 1950 2497 2030 Protrepticum
2530 1958 2600 2015 de
2632 1956 2859 2032 integro
2890 1962 3082 2030 vertit,
3116 1963 3179 2018 in
3220 1963 3452 2018 caeteris
3486 1962 3745 2036 castiga-

2084 2040 2183 2116 vit,
2217 2038 2292 2103 ad
2320 2048 2521 2103 Graeca
2575 2048 3132 2121 interpretationem
3190 2052 3445 2121 Herveti,
3499 2052 3740 2123 aliaque

2088 2136 2309 2210 adjecit
2333 2134 2519 2191 utilia.
2555 2137 2657 2191 Est
2686 2143 2885 2204 autem
2916 2138 3207 2211 inscripta
3233 2157 3250 2197 ι

2157 2223 2479 2298 Κλήμεντος
2507 2258 2577 2267 -
2608 2226 2906 2284 Clementis
2936 2220 3095 2285 Alex.
3115 2219 3303 2303 Opera
3333 2245 3460 2303 quae
3490 2236 3750 2302 exstant,

2088 2316 2370 2386 'reeognita
2400 2322 2451 2370 et
2482 2314 2772 2370 ittustrata
2801 2332 2901 2387 per
2954 2317 3002 2373 J.
3063 2320 3364 2387 Potterum,
3398 2320 3748 2391 episcopum

2090 2404 2506 2462 Oxoniensem.
2540 2404 2772 2470 Oxonii,
2796 2423 2825 2460 e
2849 2406 3080 2461 theatro
3100 2407 3382 2477 Shcldon,
3407 2410 3743 2481 sumpt.Ge.

2090 2491 2399 2559 Mortlock,
2446 2491 2692 2565 bibliop.
2756 2493 3118 2550 Londinens.
3180 2498 3338 2562 1715,
3387 2495 3488 2553 fol.
3525 2497 3752 2553 Addita

2093 2586 2233 2637 sunt
2262 2572 2696 2653 supplementa,
2730 2599 2764 2637 a
2794 2582 2953 2639 Fello
2986 2584 3298 2657 Ittigioque
3333 2585 3510 2655 edita,
3544 2591 3601 2641 et
3628 2585 3749 2641 fra-

2090 2678 2331 2746 gmenta
2352 2686 2385 2727 a
2408 2673 2618 2728 Grabio
2643 2672 3200 2747 collecta.Adjectus
3225 2680 3313 2730 est
3334 2677 3566 2731 Herveti
3590 2674 3751 2731 Com-

2090 2765 2261 2816 ment.
2318 2762 2378 2823 in
2443 2761 2574 2834 Opp.
2634 2761 2954 2818 Clementis.
3014 2762 3082 2818 V.
3138 2763 3267 2819 Acta
3296 2762 3454 2819 erud.
3489 2780 3543 2822 a.
3582 2769 3751 2831 1717,

2091 2867 2222 2921 pag.
2255 2852 2345 2916 97,
2380 2867 2512 2921 sqq.
2545 2881 2612 2890 —
2641 2850 2869 2906 Recusa
2898 2856 2989 2906 est
3018 2850 3122 2906 illa
3152 2852 3330 2907 editio
3358 2853 3642 2925 Venetiis,
3668 2870 3745 2907 ex

2092 2942 2318 3011 typogr.
2353 2940 2488 2994 Ant.
2522 2939 2703 3006 Zatta,
2739 2942 2898 3007 1757,
2945 2941 2997 2994 ΙΙ
3032 2939 3171 2996 voil.
3222 2941 3284 2995 in
3314 2940 3417 2996 fol.
3452 2957 3588 2996 cum
3619 2942 3747 2996 fra-

2092 3014 2347 3097 gmentis
2378 3025 2546 3080 novis
2577 3042 2648 3081 ex
2677 3024 2965 3096 Fabricio,
3018 3044 3083 3081 ac
3137 3023 3266 3083 Vita
3313 3027 3638 3083 Clementis
3670 3045 3748 3082 ex

2093 3119 2253 3169 tomo
2284 3114 2360 3167 ΙΙΙ
2390 3112 2633 3168 Adriani
2666 3113 2877 3170 Baillet
2903 3114 3217 3187 desumpta
3263 3120 3323 3171 et
3369 3117 3573 3173 Latine
3603 3118 3747 3172 red—

2097 3204 2240 3260 dita.
2274 3202 2578 3258 Fabricius
2603 3207 2801 3258 autem
2831 3202 3184 3276 fragmenta,
3220 3223 3351 3277 qua:
3380 3206 3441 3261 in
3473 3206 3750 3277 exemplo

2094 3290 2317 3349 Potteri
2356 3292 2570 3365 partim
2603 3293 2976 3349 solummodo
3009 3295 3206 3349 Graece
3237 3301 3493 3364 exstant,
3532 3296 3759 3366 partim

2100 3384 2162 3439 in
2194 3400 2261 3438 eo
2294 3383 2728 3455 desiderantur,
2750 3392 2820 3439 ex
2851 3382 3020 3440 codd.
3049 3400 3191 3439 mss.
3218 3390 3337 3442 aut.
3370 3384 3539 3440 libris
3572 3384 3762 3440 editis

2102 3471 2441 3549 collegerat,
2473 3477 2531 3526 et
2551 3472 2645 3528 Gr.
2671 3488 2738 3528 ac
2760 3461 2885 3527 Lat.
2903 3470 3236 3544 publicarat
3253 3472 3326 3527 ad
3349 3472 3575 3528 calcem
3597 3477 3758 3528 tom.

2102 3564 2155 3618 II
2202 3565 2326 3637 Opp
2373 3560 2670 3643 Hippolyti
2719 3562 2791 3619 ab
2840 3564 2969 3635 ipso
3019 3563 3112 3618 ed.
3173 3579 3303 3635 pag.
3352 3566 3442 3630 66,
3501 3579 3634 3634 sqq.
3688 3596 3765 3604 —

2099 3652 2328 3726 Fragm.
2355 3658 2494 3711 sunt
2513 3664 2748 3724 quoque
2780 3650 2842 3706 in
2876 3649 3165 3713 Gallandii
3192 3650 3333 3706 Bibl.
3358 3654 3488 3706 vett.
3515 3650 3757 3707 Patrum

2096 3736 2171 3809 ΙΙ,
2205 3756 2336 3817 pag.
2373 3742 2493 3796 153.
2528 3740 2701 3796 HARL.

2174 3829 2255 3882 De
2278 3827 2516 3900 scripsit
2534 3826 2857 3882 Clementis
2879 3824 3264 3882 Alexandrini
3288 3823 3757 3897 diligentissime

2102 3919 2221 3993 egit
2251 3917 2524 3973 Nicolaus
2555 3917 2835 3972 Nourrius
2865 3916 3016 3971 libro
3040 3915 3213 3970 tertio
3237 3915 3465 3988 integro
3500 3917 3767 3987 Appara-

2102 4015 2190 4067 tus
2220 4008 2286 4065 ab
2320 4006 2708 4068 Bibliolheeam
2737 4008 3000 4068 Patrum;
3022 4022 3159 4061 nam
3183 4010 3240 4060 et
3260 4004 3532 4077 analysin
3557 4005 3767 4078 singu-

2103 4100 2298 4159 lorum
2328 4103 2461 4175 post
2490 4099 2891 4160 Abrahamum
2919 4097 3270 4165 Scultotum,
3297 4095 3604 4168 Eliamque
3636 4098 3769 4153 Du—

2101 4191 2335 4271 pinium
2358 4186 2521 4253 dedit
2539 4190 2958 4263 pleniorem_,et
2980 4187 3050 4242 de
3075 4187 3346 4242 doctrina
3366 4185 3558 4258 ipsius
3580 4190 3774 4258 atque

2105 4282 2180 4338 ad
2208 4280 2369 4336 varia
2396 4279 2717 4337 Clementis
2746 4278 2879 4335 loca
2918 4275 3363 4332 observationes
3392 4290 3606 4348 magno
3638 4293 3772 4332 nu-

2108 4388 2295 4437 mero,
2330 4374 2388 4424 et
2437 4365 3016 4439 Chronographicam
3069 4364 3331 4419 tabulam
3383 4362 3612 4419 addidit
3645 4382 3779 4436 qua

2107 4457 2430 4519 Clementis
2448 4456 2787 4528 supputatio
2802 4471 2937 4509 cum
2954 4453 3288 4509 Eusebiana
3307 4459 3364 4508 et
3382 4452 3781 4523 Syncelliana

345 4562 415 4601 ex
447 4545 591 4599 Dan.
624 4540 848 4602 HeinSii
878 4540 1305 4613 recognitione.
1360 4543 1420 4594 et
1476 4538 1716 4595 501101115
1756 4538 1986 4601 Herveti
2022 4528 2066 4593 Β
2098 4550 2420 4627 confertur,
2455 4552 2513 4601 et
2541 4547 2611 4600 de
2643 4544 3004 4613 auctoribus,
3048 4560 3197 4614 quos
3226 4540 3429 4597 laudat
3456 4542 3773 4615 Clemens,

342 4650 604 4693 ODIISSIS.

417 4724 614 4779 Graece
648 4725 706 4775 et
736 4719 937 4779 Latine
969 4734 1104 4773 cum
1138 4718 1366 4775 Herveti
1410 4719 1681 4781 versione
1712 4730 1820 4793 per
1848 4720 1993 4777 Dan.

346 4810 653 4868 Heinsium
703 4808 1020 4874 recensita,
1062 4807 1336 4879 notisque
1396 4812 1454 4861 et
1509 4808 1995 4881 castigationibus

345 4900 500 4957 Frid.
532 4898 822 4973 Sylburgii
848 4903 907 4955 et
929 4896 1191 4952 Danielis
1216 4895 1461 4962 Heinsii,
1484 4897 1658 4970 Lngd.
1686 4899 1807 4953 Bat.
1836 4901 1994 4970 1616,

346 4988 446 5051 fol.
483 4991 619 5051 limo
651 4989 806 5044 edito
838 5004 971 5045 cum
1028 4984 1301 5058 pluribus
1360 4985 1517 5043 notis
1574 5002 1716 5047 mss.
1763 4987 1996 5044 Davidis

346 5078 640 5139 Blondelli
672 5077 786 5133 fuit
826 5077 888 5130 in
923 5075 1289 5130 bibliotheca
1317 5074 1606 5137 Samuelis
1638 5076 1869 5131 Gruteri
1901 5093 1998 5132 ec-

346 5169 635 5227 clesiastae
670 5164 1092 5229 Harlemensis.

416 5256 601 5313 Clem.
631 5256 797 5315 Alex.
857 5251 1196 5319 Admonitio,
1252 5246 1546 5329 Pwdagog.
1597 5253 1854 5313 Stromat.
1887 5254 1996 5313 La-

415 5492 528 5561 (25)
558 5491 829 5563 Papirius
886 5492 1193 5563 Massonus
1255 5488 1506 5563 ,Strozajz
1555 5489 1688 5563 Vita
1740 5496 1882 5548 tom.
1942 5496 1992 5549 II

349 5561 728 5635 Elogiorq‘p.
760 5563 904 5629 229;
938 5562 1212 5625 Stromata
1242 5561 1378 5616 item
1411 5561 1705 5626 Clementis
1742 5565 1991 5627 Alexan-

344 5605 519 5761 (1νῖιῆ
552 5605 863 5761 αᾶοιξθόεκε
884 5605 1010 5689 eum
1058 5620 1215 5703 esset,
1245 5620 1468 5705 prima:
1496 5605 1991 5697 οῆιγηίτιυιηιῖίῖέῖίὲ-

343 5713 399 5761 ια
426 5721 455 5761 e
520 5722 681 5762 onavz
714 5749 726 5760 .

2098 4638 2397 4714 copiosius
2439 4634 2741 4695 disseruit.
2778 4632 2964 4687 Paris.
3022 4634 3178 4699 1703,
3230 4629 3333 4687 fol.
3366 4649 3423 4702 p.
3457 4633 3774 4690 622-1362.

2106 4729 2249 4786 Vide
2281 4727 2461 4783 etiam
2491 4742 2622 4801 quae
2645 4723 2716 4778 de
2742 4720 3066 4777 Clementis
3087 4720 3359 4776 doctrina
3386 4719 3610 4775 notavit
3631 4722 3780 4780 Itti-

2104 4819 2233 4895 gius
2264 4818 2326 4873 in
2359 4812 2595 4875 selectis
2626 4813 2764 4876 Hist.
2798 4812 2986 4867 eccles.
3013 4809 3327 4882 capitibus,
3356 4814 3498 4865 sect.
3521 4810 3591 4880 ll,
3621 4828 3773 4887 pag,

2104 4912 2230 4979 230,
2262 4926 2351 4979 sq.
2387 4906 2555 4961 FABR.
2589 4901 2689 4970 lis,
2728 4918 2857 4973 quae
2890 4917 3022 4955 cum
3054 4899 3275 4971 passim
3310 4898 3383 4953 ad
3412 4898 3525 4953 hoc
3554 4909 3772 4971 caput,

2106 5002 2232 5052 tum
2264 4994 2324 5051 in
2354 4990 2576 5055 Introd.
2612 4990 2673 5044 in
2705 4987 2839 5043 Hist.
2877 4987 2994 5049 Lat.
3031 4984 3119 5045 Gr.
3154 4986 3224 5053 ll,
3254 4988 3305 5055 2,
3339 5000 3470 5056 pag.
3503 4987 3631 5055 209,
3668 4988 3776 5045 in-

2105 5087 2289 5143 dicavi
2325 5084 2565 5155 scripta,
2597 5079 2735 5137 addi
2764 5083 3054 5151 possunt:

2174 5176 2218 5229 Ι.
2256 5176 2333 5239 G._
2361 5170 2619 5227 Walchii
2642 5167 2956 5225 Exercitat.
2980 5165 3052 5220 de
3074 5165 3377 5227 Clemente
3394 5164 3565 5218 Alex.
3596 5164 3780 5235 ejus-

2104 5281 2219 5340 que
2246 5262 2568 5327 erroribus,
2596 5261 2752 5313 lenae
2780 5255 2942 5323 1737,
2973 5256 3027 5325 4,
3058 5269 3177 5309 rec.
3232 5253 3293 5307 in
3346 5252 3615 5324 ejusdem
3656 5254 3781 5310 Mi-

2172 5497 2289 5570 (26),
2315 5497 2382 5550 In
2414 5493 2685 5570 Centiani
2705 5456 2979 5570 versione
3010 5486 3548 5570 et'commentariis
3575 5485 3785 5570 plura

2100 5559 2486 5645 reprehendit
2510 5559 3168 5645 Npprrius,fque‘m_vide
3192 5560 3227 5613 Α
3235 5560 3585 5645 ρρίινιιιειῖαά
3606 5560 3777 5617 Bibl.

2103 5628 2355 5710 Patrum,
2390 5652 2521 5709 pag.
2555 5638 2660 5691 902
2691 5649 2781 5707 sq.
2814 5628 2898 5703 [et
2928 5632 3200 5685 Potterus
3233 5628 3292 5683 in
3320 5628 3533 5701 praet].
