3974 6140
298 311 365 366 25
1375 310 1673 369 NOTI'I'IA
1707 310 2574 369 HISTORIOO-LITTBBARIA.
3608 306 3681 363 26

299 436 623 505 disceptatio,
674 434 843 506 quasi
889 434 1131 508 legisset
1182 429 1441 507 διάλεξις,
1483 451 1605 490 non
1636 429 1923 503 διαλέξεις.

2069 435 2331 506 'llegorice
2393 436 2845 508 interpretandis,
2912 435 3127 490 Strom.
3200 449 3276 503 vx,
3344 447 3476 504 pag.
3531 430 3680 486 580:

301 524 458 595 Apud
487 524 759 580 Photium
788 529 1019 580 tantum
1046 529 1138 579 est
1166 521 1297 596 Περὶ
1330 520 1600 593 νηστείας.

367 633 412 685 6.
442 630 563 703 Περὶ
593 627 949 692 καταλαλίας.
979 631 1220 687 Hieron.
1253 632 1331 685 De
1346 631 1762 697 obtrectatione,
1798 629 1934 683 liber

301 735 445 774 unus.
477 719 640 775 Phot.
675 718 807 792 Περὶ
850 715 1211 793 κακολογίας.
1261 716 1413 788 [Vid.
1446 716 1655 792 fragm.
1688 716 1751 771 in
1779 717 1933 771 Pott.

303 807 383 862 ed.
412 824 535 880 pag.
570 809 730 878 1020,
762 807 879 879 δᾳ.)

360 915 407 966 7.
439 911 837 984 Προτρεπτικὸς
865 910 944 973 εἷς
977 910 1288 985 ὑπομονὴν,
1337 908 1375 980 ἢ
1406 911 1546 984 πρὸς
1584 908 1712 973 τοὺς
1741 903 1934 965 νεωστὶ

297 992 763 1074 βεϐαπτισμένους.
797 1001 1014 1057 Euseb.
1048 1017 1121 1070 v1,
1156 1003 1246 1071 13,
1275 1003 1487 1056 Hister.

354 1108 403 1161 8.
453 1105 639 1161 Κανὼν
723 1104 1205 1176 ἐκκλησιαστικὸς,
1279 1105 1316 1176 ἢ
1395 1106 1533 1183 πρὸς
1600 1104 1732 1167 τοὺς
1804 1101 1937 1161 Ἰού’

293 1191 570 1263 δαΐζοντας.
616 1196 860 1253 Hieron.
944 1199 1023 1252 De
1089 1198 1394 1253 canonibus
1449 1197 1824 1252 ecclesiasticis
1883 1202 1934 1251 et

291 1284 525 1339 adversus
554 1301 642 1341 eos
671 1288 773 1357 qui
802 1286 1122 1342 Iudaeorum
1166 1293 1475 1357 sequuntur
1503 1301 1761 1353 errorem,
1798 1284 1934 1339 liber

289 1389 415 1429 unus
435 1416 449 1441 ,
507 1392 670 1446 quem
718 1378 953 1447 proprie
1010 1376 1337 1431 Alexandro
1363 1421 1376 1441 ,
1432 1376 1933 1445 Hierosolyme

292 1461 547 1533 episcopo,
605 1462 1044 1539 προσεφώνησε.
1103 1464 1413 1520 Canonum
1469 1462 1932 1536 apostolicorum

293 1550 711 1617 collectionem,
748 1569 880 1623 qua
912 1552 1089 1607 hodie
1124 1558 1337 1619 exstat,
1376 1568 1484 1624 per
1510 1552 1623 1607 hoc
1666 1566 1814 1624 opus
1857 1549 1931 1606 ab

293 1639 524 1696 Eusebio
554 1645 615 1696 et
633 1641 998 1714 Hieronymo
1029 1642 1225 1710 innui,
1252 1657 1374 1697 non
1395 1640 1768 1697 crediderim.
1782 1640 1931 1695 Sane

289 1729 536 1797 Photius,
569 1730 677 1802 qui
708 1746 847 1785 mox
876 1731 1060 1786 lectos
1090 1747 1126 1786 a
1146 1746 1209 1786 se
1239 1746 1499 1787 canones
1523 1728 1930 1802 apostolorum

2037 521 2490 599 Ἀλληγορεῖσθαι
2548 523 2606 579 δέ
2660 544 2777 579 νινα
2834 521 2894 578 ἐκ
2946 520 3154 578 τούτων
3205 524 3314 575 τῶν
3369 516 3678 592 ὀνομάτων,

2039 612 2352 688 ὁσιώτερον,
2404 611 2436 668 ἃ
2482 610 2549 683 δὴ
2597 612 2688 668 καὶ
2740 613 3029 689 προϊόντος
3086 614 3183 666 τοῦ
3224 608 3559 686 λόγουκατᾶ
3586 606 3679 661 τὸν

2039 700 2238 757 οἰκεῖον
2271 703 2456 777 καιρὸν
2491 700 2913 779 διασαφήσομεν.

2109 812 2183 867 De
2211 814 2440 883 angelis.
2472 813 2684 869 Strom.
2716 829 2792 882 v1,
2823 827 2960 884 pag.
3016 808 3113 865 631
3147 824 3162 863 :
3218 803 3402 862 Ἀλλὰ
3429 803 3555 880 περὶ
3589 804 3684 877 μὲν

2038 898 2244 955 τούτων
2306 899 2359 955 ἐν
2412 901 2490 973 τῷ
2550 899 2681 976 Περὶ
2738 895 2990 975 ἆγγὲλων
3038 895 3191 973 λόγῳ
3245 891 3548 971 προϊούσης
3589 898 3691 963 τῆς

2037 994 2250 1066 γραφῆς
2281 987 2419 1043 κατὰ
2445 988 2634 1063 καιρὸν
2664 983 3060 1059 διαλιξώμεθα.

2110 1097 2185 1150 De
2213 1095 2455 1150 diabolo.
2514 1094 2730 1149 Strom.
2789 1110 2863 1159 ιν,
2924 1108 3057 1164 pag.
3116 1094 3268 1146 507:
3323 1085 3500 1145 Ἀλλὰ
3548 1084 3687 1162 πρὸς

2044 1182 2141 1254 μὶν
2168 1182 2236 1237 τὰ
2286 1179 2534 1256 δόγματα
2584 1181 2762 1236 ἐκεῖνα
2818 1179 2867 1234 εἴ
2899 1181 3410 1252 μετενσωματοῦται
3439 1178 3475 1245 ἠ
3507 1174 3690 1249 ψυχὴ,

2037 1269 2127 1325 καὶ
2158 1267 2289 1345 πδρὶ
2317 1273 2414 1325 τοῦ
2444 1263 2710 1325 διαϐόλου
2735 1269 2874 1324 κατᾶ
2900 1265 3033 1329 τοὺς
3075 1264 3312 1328 οἰκείους
3361 1263 3689 1339 λεχθήσεται

2036 1359 2281 1432 καιρούς,

2110 1443 2242 1519 Ηερὶ
2287 1443 2544 1522 γενέσεως
2595 1444 2829 1517 κόσμου.
2892 1445 3126 1499 Strom.
3182 1460 3260 1511 γι,
3338 1457 3476 1514 pug.
3538 1442 3687 1497 698:

2037 1532 2170 1609 Περὶ
2234 1540 2337 1603 τῆς
2382 1533 2677 1609 ἀνθρώπου
2723 1530 3004 1607 γενέσεως.
3062 1532 3277 1586 Strom.
3337 1547 3420 1600 lu,
3471 1547 3532 1601 p.
3562 1532 3689 1585 466.

2038 1625 2189 1681 Hinc
2244 1623 2535 1680 Eusebius
2591 1623 2664 1678 De
2721 1623 3015 1689 Clemente,
3071 1637 3151 1687 γι,
3208 1621 3295 1689 13,
3340 1621 3482 1674 Hist.
3541 1621 3691 1670 Ύπι-

2039 1717 2282 1788 σχνεῖται
2341 1708 2388 1766 δ’
2442 1709 2494 1766 ἐν
2544 1708 2731 1775 αὐτοῖς
2784 1708 2876 1765 καὶ
2930 1708 3007 1771 εἷς
3053 1709 3153 1777 τὴν
3196 1707 3402 1785 γένεσιν
3441 1706 3691 1779 ὑπομνη-

290 1817 403 1872 cod.
436 1834 544 1874 exn
599 1822 1054 1875 commemorat.
1113 1818 1456 1888 Clementis,
1514 1819 1784 1889 Romani,
1819 1817 1927 1874 sub

2069 1805 2365 1865 ιατιεῖσθαι.

288 1907 532 1974 nomine,
556 1908 722 1964 inter
737 1925 825 1975 ea,
851 1924 982 1981 quae
1004 1925 1039 1963 a
1056 1908 1359 1964 Clemente
1382 1907 1545 1964 Alex.
1570 1909 1789 1980 scripta
1807 1923 1929 1963 non

289 1994 405 2065 ipse
449 1996 608 2068 legit,
644 1996 755 2052 sed
783 1998 1104 2052 memorari
1130 2001 1363 2052 tantum
1393 1995 1466 2053 ab
1493 1995 1627 2052 aliis
1656 1995 1933 2051 meminit

286 2083 404 2139 cod.
463 2101 573 2153 cn,
641 2084 880 2141 refert:
954 2084 1084 2157 Περὶ
1146 2084 1385 2140 κανόνων
1460 2082 1927 2154 ἱκκλησιαστικῶν

283 2174 410 2228 κατὰ
503 2179 615 2230 τῶν
723 2172 1172 2230 ἀκολουθούντων
1267 2177 1335 2249 τῇ
1438 2178 1544 2230 τῶν
1645 2171 1929 2231 Ἰουδαίων

283 2261 469 2339 πλάνῃ.
510 2269 712 2339 Atque
742 2266 942 2334 unius,
974 2282 1096 2322 non
1120 2265 1375 2322 duorum
1396 2267 1749 2339 scriptorum
1771 2266 1932 2322 hunc

285 2371 400 2410 esse
418 2356 685 2422 titulum,
709 2355 998 2412 Eusebius
1016 2356 1326 2412 etHieron.
1351 2355 1621 2412 dubitare
1642 2372 1752 2411 nos
1773 2354 1933 2410 haud

285 2443 489 2499 sinunt.
523 2445 951 2517 Fragmentum
983 2443 1309 2500 Clementis
1366 2443 1461 2499 ’Βκ
1504 2446 1603 2498 τοῦ
1632 2442 1772 2497 κατὰ
1796 2446 1929 2496 Ἱου-

284 2528 567 2601 δαῖζόντων
597 2538 901 2589 servatum
947 2533 1010 2588 in
1061 2533 1373 2605 Nicephori
1423 2534 1585 2589 CPol.
1632 2533 1932 2589 Antirrhe-

286 2623 405 2677 ticis
430 2639 575 2679 mss.
611 2622 816 2678 Grmce
838 2626 899 2677 et
926 2622 1132 2677 Latine
1163 2621 1353 2677 edidit
1379 2622 1663 2677 Nourrius
1694 2639 1751 2694 p.
1770 2622 1932 2691 1334,

282 2712 551 2781 Apparat.
584 2712 678 2784 [et
704 2711 767 2766 in
806 2710 974 2766 Fabr.
1010 2711 1266 2784 append.
1298 2710 1361 2766 in
1382 2710 1476 2767 ed.
1504 2713 1657 2768 Pott.
1690 2712 1931 2779 Veneta,

256 2799 412 2864 .circ.
444 2800 596 2872 fln.].

347 2907 396 2959 9.
439 2905 607 2976 Ὅροι
662 2900 938 2981 διάφοροι.
995 2907 1084 2962 lo.
1142 2906 1364 2961 Veccus
1423 2905 1498 2962 de
1554 2906 1934 2977 processione

287 2992 525 3065 Spiritus
585 2993 675 3061 S.,
708 2992 864 3066 apud
912 2992 1197 3049 Allatium
1228 2994 1291 3049 in
1348 2994 1559 3052 Graecia
1601 2993 1933 3062 orthodoxa,

290 3086 421 3136 tom.
466 3085 512 3151 Ι,
571 3100 714 3157 pag.
748 3084 890 3137 2402
948 3079 1126 3138 ἈλΑᾶ
1154 3080 1244 3136 καὶ
1275 3079 1303 3136 ὁ
1337 3078 1574 3154 Κλήμης
1606 3081 1634 3135 ὁ
1667 3087 1938 3156 Στρωμα-

2114 1919 2194 1970 De
2222 1914 2473 1969 Ecclesiae
2528 1913 2746 1967 unitate
2803 1918 2856 1966 et
2913 1911 3256 1976 excellentia,
3326 1910 3540 1965 Strom.
3596 1925 3689 1977 vn,

2038 2018 2171 2076 pag.
2216 2002 2369 2057 765:
2431 1997 2609 2055 Ἀλλὰ
2631 1996 2721 2053 καὶ
2764 1999 2800 2069 ἡ
2843 1997 3011 2074 ἔξυχὴ
3066 2004 3167 2067 τῆς
3197 1994 3530 2068 Ἐκκλησίας
3561 1997 3690 2050 καθ-

2038 2090 2172 2163 άπερ
2243 2090 2279 2159 ἡ
2349 2087 2498 2165 ἀρχὴ
2572 2088 2673 2159 τῆς
2746 2085 3048 2147 συστάσεως
3106 2086 3243 2142 κατὰ
3317 2087 3417 2155 τήν
3483 2080 3691 2159 μονάδα

2039 2176 2204 2250 ἐστὶν,
2262 2175 2435 2231 πάντα
2499 2175 2567 2231 τὰ
2640 2173 2789 2231 ἄλλα
2860 2170 3284 2250 ὑπερϐάλλουσα
3351 2172 3441 2228 καὶ
3521 2170 3688 2247 μηδὲν

2041 2264 2245 2343 ἔχουσα
2319 2264 2513 2341 ὅμοιον
2594 2263 2631 2334 ἢ
2709 2262 2831 2320 ’ίσον
2906 2264 3093 2339 ἑαυτῇ.
3182 2263 3351 2320 Ταυτὶ
3432 2262 3526 2337 μὲν
3594 2262 3685 2317 οὖν

2041 2355 2278 2430 ὕστερον.

2113 2447 2186 2502 De
2232 2445 2432 2516 ofﬁciis
2477 2448 2873 2517 episcoporum,
2912 2445 3375 2516 presbyterorum,
3425 2442 3687 2496 diacono-

2040 2553 2163 2591 rum
2193 2543 2245 2591 et
2272 2536 2566 2591 viduarum
2603 2534 2833 2590 videtur
2878 2534 3222 2605 promittere
3253 2547 3316 2586 se
3364 2530 3481 2586 alio
3509 2546 3688 2602 opere

2043 2629 2314 2681 acturum
2343 2640 2430 2691 ιιι,
2461 2623 2569 2679 ult.
2601 2623 2920 2691 Pzdagogi,
2952 2637 3085 2693 pag.
3126 2623 3250 2675 265.

2114 2733 2188 2787 De
2221 2733 2429 2799 anima,
2465 2727 2703 2798 ὁπηνίκα
2730 2724 2791 2782 ἂν
2823 2726 2946 2803 περὶ
2978 2728 3162 2803 ψυχῆς
3195 2719 3689 2799 διαλαμϐάνωμεν,

2043 2821 2256 2876 Strom.
2288 2836 2371 2890 ιιι,
2403 2835 2534 2893 pag.
2562 2820 2686 2889 732.
2720 2818 2882 2874 Adde
2915 2835 2990 2889 ιν,
3024 2835 3080 2890 p.
3116 2818 3239 2872 591.
3273 2816 3527 2890 [Fragm.
3562 2816 3692 2869 Pot-

2044 2914 2152 2965 ter.
2184 2925 2315 2983 pag.
2355 2908 2538 2979 1020.]

2121 3004 2201 3055 De
2231 3000 2628 3056 resurrectione
2671 2998 2965 3068 Pwdagog.
2998 3013 3057 3065 ιι,
3098 2999 3188 3067 20,
3235 3011 3366 3068 pag.
3422 2994 3521 3049 199
3556 3012 3569 3049 :
3601 2993 3692 3055 Ὠς

2044 3085 2096 3143 ἐν
2153 3091 2233 3159 τῷ
2289 3086 2419 3161 Περὶ
2479 3085 2817 3148 ἀναστάσεως
2888 3082 2978 3139 διὰ
3034 3081 3306 3139 πλειόνων
3367 3078 3691 3153 δηλωθήσε-

285 3166 400 3231 τέὺς
453 3171 504 3225 ὲν
561 3172 656 3232 οἷς
715 3170 962 3224 συνὲθετο
1018 3166 1301 3246 διαφόροις
1347 3168 1499 3246 ὅροις
1550 3169 1687 3224 ὥστε
1734 3169 1932 3231 παντὸς

2069 3197 2128 3231 ἀι
2179 3183 2238 3231 et
2268 3176 2372 3232 lib.
2407 3193 2447 3244 ι,
2503 3193 2553 3232 c.
2588 3179 2642 3245 6,
2687 3194 2746 3248 p.
2795 3176 2944 3231 104:
3000 3170 3175 3229 Ἀλλᾶ
3219 3172 3320 3247 γὰρ
3351 3168 3504 3235 αὖθις
3555 3172 3692 3243 ἡμῖν

285 3254 528 3323 εὐσεϐοῦς
612 3255 894 3335 δόγμαῦος
964 3263 1331 3334 προηγεῖσθαι
1405 3257 1604 3321 αὐτοὺς
1677 3263 1757 3331 τῷ
1813 3259 1938 3334 βου-

283 3346 498 3421 λομένῳ
567 3346 871 3424 Θεολογίαν
930 3346 1218 3421 μετιέναι,
1289 3346 1608 3422 ὁριζόμενος
1657 3350 1710 3403 τί
1764 3352 1934 3403 πνεῦ-

286 3457 377 3509 μα,
448 3439 541 3492 καὶ
629 3437 851 3512 ὁσαχῶς
908 3434 1126 3511 λέγεται
1182 3440 1419 3509 πνεῦμα,
1475 3435 1609 3515 φησί
1640 3455 1653 3468 ·
1714 3440 1937 3510 Πνεῦμα

288 3525 379 3595 μὲν
457 3524 573 3581 ἐστι
662 3522 838 3594 λεπτὴ
922 3523 1012 3580 καὶ
1097 3521 1265 3587 ἅΰλος
1348 3523 1439 3579 καί
1524 3523 1937 3600 ἀσχημάτττος

281 3610 642 3689 ἐκπορευτική
676 3612 924 3690 ὕπαρξις.
982 3615 1070 3688 [Ιιι
1105 3615 1362 3688 append.
1412 3614 1640 3673 Fabric.
1682 3616 1744 3671 in
1793 3615 1934 3671 edit.

279 3703 545 3776 Veneta.)

342 3813 412 3866 10
455 3813 644 3869 Plura
663 3812 887 3884 scripta
917 3829 1024 3868 sua
1044 3814 1164 3867 sive
1191 3816 1487 3868 memorat
1509 3811 1626 3867 sive
1642 3812 1938 3884 promittit

279 3902 554 3960 Clemens
584 3904 713 3975 ipse
761 3903 898 3976 (34),
957 3907 1024 3957 ut
1078 3904 1154 3958 De
1198 3903 1517 3973 principiis,
1577 3901 1790 3957 Strom.
1852 3918 1934 3968 ιιι,

276 4006 332 4063 p.
388 3994 489 4047 431
534 4009 548 4047 :
608 3989 788 4047 Ἀλλᾶ
844 3987 981 4064 πρὸς
1039 3990 1134 4063 μὲν
1191 3988 1420 4051 τούτους
1481 3988 1936 4064 (Μαρκιωνιστάς)

283 4077 434 4134 ὁπότ’
492 4078 553 4133 ἂν
611 4080 704 4134 τὸν
765 4079 895 4154 Περὶ
952 4079 1142 4155 ἀρχῶν
1198 4072 1660 4151 διαλαμϐάνωμεν
1722 4076 1932 4153 λόγον,

278 4162 638 4243 ἀκριϐέστατα
676 4165 1072 4241 διαλεξώμεθα.
1134 4168 1330 4233 Libro,
1389 4170 1519 4233 Quis
1564 4169 1713 4224 dives
1755 4169 1935 4224 salve-

281 4262 417 4313 tur?
473 4261 502 4328 §
558 4261 650 4329 26,
710 4254 842 4331 ὅπερ
902 4255 953 4311 ἰν
1003 4259 1072 4331 τῇ
1124 4257 1313 4331 ἀρχῶν
1369 4255 1457 4310 καὶ
1494 4253 1782 4330 θεολογίας
1808 4252 1934 4326 ἐξη-

278 4346 430 4419 γήσει
519 4347 824 4420 μυστήριον
906 4348 1003 4400 τοῦ
1088 4350 1350 4418 Σωτῆρος
1427 4342 1659 4421 ὑπάρχει
1723 4345 1931 4417 μαθεῖν.

278 4434 500 4491 lterum
552 4434 831 4492 meminit
883 4435 1064 4507 hujus
1127 4434 1496 4490 tractationis
1570 4450 1633 4491 ιιι
1701 4436 1934 4504 Strom.,

2044 3265 2366 3343 σαφέστερον
2435 3266 2598 3319 τοῦτο
2667 3262 2720 3318 ἐν
2771 3266 2851 3336 τῷ
2925 3259 3056 3338 Περὶ
3113 3261 3450 3324 ἀναστάσεως
3506 3256 3696 3331 δηλω-

2044 3356 2287 3427 θήσεται.

2113 3459 2187 3516 De
2232 3460 2467 3529 nuptiis,
2524 3453 2577 3510 ἐν
2634 3458 2713 3527 τῷ
2766 3458 2989 3531 γαμικῷ
3044 3450 3276 3527 διέξιμεν
3337 3451 3515 3528 λόγῳ.
3569 3456 3692 3510 P2-

2043 3552 2246 3621 dagog.
2289 3565 2372 3617 ιιι,
2404 3548 2456 3602 8.
2490 3565 2548 3620 p.
2581 3549 2705 3602 237.
2737 3546 2861 3602 Nisi
2889 3545 3041 3601 forte
3068 3544 3333 3617 respicit,
3356 3561 3488 3615 quea
3510 3561 3571 3614 ιι,
3600 3544 3688 3613 10,

2042 3639 2340 3709 Ρκάαροθὶ
2369 3637 2442 3692 de
2471 3636 2574 3692 illo
2604 3639 2976 3708 argumento,
3008 3639 3111 3689 aut
3137 3634 3312 3689 tertio
3350 3634 3690 3689 Stromatum

2045 3727 2344 3783 disseruit.
2377 3727 2733 3798 [Fragment.
2767 3726 2987 3779 Potter.
3017 3738 3150 3795 pag.
3184 3722 3367 3793 1022.]

2120 3840 2200 3891 De
2257 3833 2621 3898 continentia,
2672 3827 2765 3883 καὶ
2823 3831 2985 3882 τοῦτο
3042 3824 3094 3881 ἐν
3156 3829 3237 3899 τῷ
3303 3824 3429 3903 περὶ
3492 3824 3696 3901 ἐγκρα.

2041 3923 2189 3986 τείας
2218 3924 2354 3995 ἡμῖν
2404 3916 2738 3989 δεδήλωται,
2794 3918 3114 3989 Paedagogi,
3173 3934 3238 3986 ιι,
3299 3918 3388 3988 10,
3447 3935 3506 3989 p.
3567 3920 3689 3975 193.

2042 4016 2110 4070 In
2138 4013 2347 4070 eodem
2367 4011 2517 4066 forte
2549 4005 2700 4083 λόγῳ
2732 4007 3131 4080 disputaverat
3157 4006 3230 4062 de
3260 4022 3352 4074 eo,
3384 4004 3527 4077 quid
3555 4023 3691 4063 vere

2042 4104 2121 4159 sit
2147 4107 2319 4173 turpe
2349 4105 2409 4155 et
2435 4099 2779 4165 obscenum,
2803 4095 2962 4168 quod
2990 4111 3050 4163 ιι,
3082 4098 3136 4164 6,
3168 4095 3562 4165 Paedagogi,p.
3590 4097 3690 4149 169

2044 4195 2295 4248 testatur
2357 4205 2419 4244 se
2506 4187 2755 4243 fecisse:
2823 4180 3191 4258 Διειλήφαμεν
3268 4179 3325 4235 δὲ
3410 4180 3689 4255 βαθυτέρῳ

2044 4278 2199 4354 λόγῳ
2255 4277 2329 4339 ὡς
2386 4272 2490 4352 ἄρα
2546 4271 2669 4330 οὔτε
2725 4270 2780 4329 ἐν
2839 4271 3100 4343 ὀνόμασιν
3158 4266 3284 4324 οὐδὲ
3333 4270 3442 4342 μὴν
3489 4267 3542 4324 ἂν
3571 4274 3691 4332 τοῖς

2040 4369 2505 4427 συνουσιαπικοῖς
2562 4361 2778 4438 μορίοις
2831 4359 2923 4415 καὶ
2994 4361 3064 4424 τῆ
3120 4358 3257 4412 κανά
3308 4358 3488 4433 γάμον
3559 4378 3694 4430 συμ-

2040 4458 2228 4528 πλοκῇ
2283 4456 2319 4524 ἠ
2374 4456 2475 4508 τοῦ
2558 4448 2729 4513 ὄντως
2786 4448 3020 4524 αἶσχροῦ
3093 4445 3439 4521 προσηγορία
3503 4446 3691 4502 τάττε-

283 4538 409 4595 pag.
441 4526 600 4579 4342
658 4519 911 4578 Ἐπειδὰν
943 4518 1002 4576 δὲ
1046 4522 1170 4596 περὶ
1215 4524 1322 4575 τῶν
1381 4521 1571 4597 ἀρχῶν
1630 4517 1932 4595 διαλαμϐά-

2069 4565 2147 4601 ηαι.
2181 4517 2425 4601 videtur
2454 4541 2663 4597 itidem
2688 4517 3180 4595 ιίιπιιιιῖιενιίιιάι
3228 4517 3566 4593 Stromatum
3597 4537 3688 4592 in-

278 4630 482 4683 νωμεν,
516 4617 627 4668 etc.
663 4613 768 4667 Hic
798 4617 890 4668 est
919 4611 1149 4686 ἂρχικὸς
1178 4608 1369 4684 λόγος,
1403 4611 1475 4667 de
1505 4627 1625 4667 uno
1656 4613 1797 4681 Deo,
1831 4612 1932 4683 qui

284 4715 385 4770 per
414 4701 609 4774 legem
642 4706 701 4757 et
728 4701 1049 4773 prophetas
1096 4705 1273 4773 atque
1313 4699 1695 4771 Evangelium
1720 4701 1937 4772 praedi-

284 4795 473 4857 catur,
506 4806 681 4862 quem
712 4789 1031 4862 promittit,
1078 4790 1281 4845 Strom.
1340 4805 1419 4857 ιν,
1452 4805 1583 4862 pag.
1638 4792 1763 4861 510,
1795 4788 1936 4845 licet

281 4876 405 4947 jam
435 4877 508 4933 de
533 4880 644 4934 hoc
696 4883 1047 4949 argumenta
1077 4876 1349 4948 quaedam
1382 4877 1628 4933 dixisset
1669 4894 1749 4945 ιιι,
1798 4893 1931 4950 pag.

286 4964 409 5032 457,
443 4983 565 5039 seq.

356 5075 435 5128 De
456 5075 771 5146 prophetia.
823 5073 1039 5130 Strom.
1069 5091 1121 5142 v,
1179 5090 1311 5147 pag.
1371 5076 1470 5129 531
1508 5089 1521 5128 :
1553 5070 1656 5129 Καὶ
1686 5070 1770 5127 ὅτι
1800 5071 1935 5128 ποτὲ

286 5154 399 5214 ἐστι
472 5163 531 5216 τὸ
582 5164 738 5238 ἅγιον
799 5163 1042 5235 Πνεῦμα,
1118 5159 1172 5216 ἐν
1218 5165 1340 5224 τοῖς
1408 5160 1541 5236 Περὶ
1592 5159 1931 5236 προφητείας

287 5248 383 5302 κᾶν
411 5255 527 5315 τοῖς
553 5252 681 5327 Περὶ
712 5254 902 5327 ψυχῆς
960 5247 1402 5326 ἐπιδειχθήσεται
1432 5251 1593 5323 ἡμῖν.
1651 5250 1815 5307 Adde
1854 5268 1930 5320 ιν,

298 5353 436 5412 pag.
461 5342 574 5397 5H.

361 5448 443 5500 De
465 5450 705 5506 membris
730 5456 787 5505 et
814 5449 1125 5520 ajfectibus,
1152 5447 1377 5520 quando
1410 5447 1477 5503 de
1504 5449 1616 5502 Deo
1644 5447 1931 5516 dicuntur,

2044 4650 2248 4698 nuere,
2276 4632 2339 4687 in
2370 4647 2486 4702 quo
2516 4645 2648 4700 pag.
2680 4630 2807 4698 434,
2851 4627 3072 4683 diserte
3100 4644 3113 4682 :
3167 4625 3227 4680 '0
3258 4623 3317 4680 δὲ
3342 4625 3467 4700 περὶ
3490 4622 3688 4700 ἐγκραο

2041 4720 2183 4782 τείας
2211 4722 2348 4793 ἡμῖν
2380 4710 2721 4792 προϐαινὲτω
2752 4711 2938 4789 λόγος.

2113 4827 2388 4882 Adversus
2425 4824 2671 4893 haereses,
2727 4823 2939 4879 Strom.
2989 4840 3064 4889 ιν,
3114 4838 3245 4896 pag.
3296 4826 3422 4889 510,
3464 4821 3565 4876 ubi
3623 4836 3686 4876 se

2043 4931 2229 4972 unum
2259 4916 2446 4969 Deum
2474 4911 2755 4968 adversus
2781 4911 2916 4967 illas
2963 4911 3506 4968 demonstraturum
3550 4927 3687 4983 pro-

2040 5003 2245 5059 mittit.
2260 5003 2477 5058 Contra
2492 4998 2987 5073 philosophorum
3013 4999 3340 5055 sententias
3360 4997 3433 5053 de
3456 5012 3688 5053 summo

2040 5093 2222 5158 bono,
2278 5108 2323 5147 ιι
2378 5092 2606 5156 Strom.,
2657 5105 2790 5161 pag.
2839 5089 2964 5143 419.
3010 5089 3229 5144 Contra
3272 5087 3689 5143 haereticorum

2039 5184 2237 5257 γνῶσιν
2291 5180 2623 5254 profanam,
2675 5194 2752 5235 vn
2801 5179 3005 5245 Strom,
3050 5193 3180 5249 pag.
3215 5179 3339 5231 722.
3373 5176 3486 5231 Sed
3535 5175 3687 5231 forte

2040 5287 2164 5326 non
2186 5268 2524 5342 peculiares
2553 5266 2614 5321 hi
2639 5265 2777 5321 libri
2804 5266 3066 5334 fuerunt,
3116 5281 3320 5321 verum
3349 5269 3416 5320 ut
3441 5264 3505 5319 in
3536 5265 3689 5319 Stro-

2039 5362 2200 5415 matis
2223 5357 2447 5432 passim
2487 5355 2649 5425 facit,
2698 5355 2784 5411 ita
2830 5355 2981 5411 etin
3028 5353 3470 5425 Hypotyposibus
3499 5352 3689 5407 haere-

2040 5448 2192 5505 ticos
2219 5447 2356 5503 illos
2382 5451 2441 5502 et
2467 5444 2856 5517 philosophos
2894 5459 3236 5516 oppugnare
3262 5441 3474 5514 potuit.

375 5693 482 5765 (34)
509 5696 712 5754 Confer
739 5697 1081 5768 Nourrium,
1111 5711 1242 5767 pag.
1280 5694 1413 5750 l337
1446 5709 1570 5764 seq.
1596 5695 1678 5766 [et
1707 5694 1968 5752 indicem
1999 5697 2357 5768 scriptorum
2385 5709 2421 5750 a
2450 5693 2632 5752 Clem.
2665 5693 2830 5747 Alex.
2862 5689 3220 5757 citatorum].
