  <div class='ocr_page' id='page_1' title='image "/cluster/home/n/w/nwhite01/storage/ocr_20150623/8/mdp.39015008686480/021.png"; bbox 0 0 3974 6140; ppageno 0'>
   <div class='ocr_carea' id='block_1_1' title="bbox 270 272 3685 376">
    <p class='ocr_par' dir='ltr' id='par_1_1' title="bbox 270 272 3685 376">
     <span class='ocr_line' id='line_1_1' title="bbox 270 272 3685 376; baseline 0.003 -11"><span class='ocrx_word' id='word_1_1' title='bbox 270 272 361 365; x_wconf 57' lang='grc' dir='ltr'><strong><em>ετ</em></strong></span> <span class='ocrx_word' id='word_1_2' title='bbox 1488 312 1828 370; x_wconf 62' lang='lat' dir='ltr'><strong><em>vannus</em></strong></span> <span class='ocrx_word' id='word_1_3' title='bbox 1865 312 2460 376; x_wconf 49' lang='lat' dir='ltr'><strong><em>numennumen</em></strong></span> <span class='ocrx_word' id='word_1_4' title='bbox 3609 306 3685 374; x_wconf 67' lang='lat' dir='ltr'><strong><em>es</em></strong></span> 
     </span>
    </p>
   </div>
   <div class='ocr_carea' id='block_1_2' title="bbox 274 470 3678 499">
    <p class='ocr_par' dir='ltr' id='par_1_2' title="bbox 274 470 3678 499">
     <span class='ocr_line' id='line_1_2' title="bbox 274 470 3678 499; baseline 0.002 -12"><span class='ocrx_word' id='word_1_5' title='bbox 274 470 3678 499; x_wconf 38' lang='grc' dir='ltr'><strong>Μ</strong></span> 
     </span>
    </p>
   </div>
   <div class='ocr_carea' id='block_1_3' title="bbox 1511 681 2420 809">
    <p class='ocr_par' dir='ltr' id='par_1_3' title="bbox 1511 681 2420 809">
     <span class='ocr_line' id='line_1_3' title="bbox 1511 681 2420 809; baseline 0.01 -9"><span class='ocrx_word' id='word_1_6' title='bbox 1511 681 2216 808; x_wconf 81' lang='lat' dir='ltr'><strong><em>LECTORI</em></strong></span> <span class='ocrx_word' id='word_1_7' title='bbox 2297 686 2420 809; x_wconf 81' lang='lat' dir='ltr'><strong><em>S.</em></strong></span> 
     </span>
    </p>
   </div>
   <div class='ocr_carea' id='block_1_4' title="bbox 1696 906 2258 1003">
    <p class='ocr_par' dir='ltr' id='par_1_4' title="bbox 1696 906 2258 1003">
     <span class='ocr_line' id='line_1_4' title="bbox 1696 906 2258 1003; baseline 0.005 -18"><span class='ocrx_word' id='word_1_8' title='bbox 1696 929 1821 1003; x_wconf 88' lang='lat' dir='ltr'><strong><em>(Ed.</em></strong></span> <span class='ocrx_word' id='word_1_9' title='bbox 1856 906 2035 987; x_wconf 46' lang='lat' dir='ltr'><strong><em>Oxon;</em></strong></span> <span class='ocrx_word' id='word_1_10' title='bbox 2078 930 2258 1003; x_wconf 73' lang='lat' dir='ltr'><strong><em>i715.)</em></strong></span> 
     </span>
    </p>
   </div>
   <div class='ocr_carea' id='block_1_5' title="bbox 347 1344 3683 1424">
    <p class='ocr_par' dir='ltr' id='par_1_5' title="bbox 347 1344 3683 1424">
     <span class='ocr_line' id='line_1_5' title="bbox 347 1344 3683 1424; baseline 0.002 -24"><span class='ocrx_word' id='word_1_11' title='bbox 347 1345 488 1401; x_wconf 85' lang='lat' dir='ltr'><strong><em>Cum</em></strong></span> <span class='ocrx_word' id='word_1_12' title='bbox 538 1344 685 1401; x_wconf 88' lang='lat' dir='ltr'><strong><em>mihi</em></strong></span> <span class='ocrx_word' id='word_1_13' title='bbox 710 1360 920 1416; x_wconf 79' lang='lat' dir='ltr'><strong><em>semper</em></strong></span> <span class='ocrx_word' id='word_1_14' title='bbox 969 1347 1030 1400; x_wconf 88' lang='lat' dir='ltr'><strong><em>in</em></strong></span> <span class='ocrx_word' id='word_1_15' title='bbox 1072 1345 1208 1401; x_wconf 89' lang='lat' dir='ltr'><strong><em>votis</em></strong></span> <span class='ocrx_word' id='word_1_16' title='bbox 1253 1345 1450 1416; x_wconf 82' lang='lat' dir='ltr'><strong><em>fuerit,</em></strong></span> <span class='ocrx_word' id='word_1_17' title='bbox 1498 1346 1682 1417; x_wconf 86' lang='lat' dir='ltr'><strong><em>primo</em></strong></span> <span class='ocrx_word' id='word_1_18' title='bbox 1728 1350 1789 1402; x_wconf 88' lang='lat' dir='ltr'><strong><em>ut</em></strong></span> <span class='ocrx_word' id='word_1_19' title='bbox 1839 1344 2174 1409; x_wconf 64' lang='lat' dir='ltr'><strong><em>Christiana:</em></strong></span> <span class='ocrx_word' id='word_1_20' title='bbox 2216 1347 2489 1421; x_wconf 55' lang='lat' dir='ltr'><strong><em>Ecclesia,</em></strong></span> <span class='ocrx_word' id='word_1_21' title='bbox 2530 1346 2730 1407; x_wconf 87' lang='lat' dir='ltr'><strong><em>deinde</em></strong></span> <span class='ocrx_word' id='word_1_22' title='bbox 2784 1354 2845 1407; x_wconf 84' lang='lat' dir='ltr'><strong><em>ut</em></strong></span> <span class='ocrx_word' id='word_1_23' title='bbox 2874 1347 3210 1418; x_wconf 66' lang='lat' dir='ltr'><strong><em>Reipublicae</em></strong></span> <span class='ocrx_word' id='word_1_24' title='bbox 3238 1347 3531 1411; x_wconf 70' lang='lat' dir='ltr'><strong><em>litterariae</em></strong></span> <span class='ocrx_word' id='word_1_25' title='bbox 3574 1368 3683 1424; x_wconf 79' lang='lat' dir='ltr'><strong><em>pro</em></strong></span> 
     </span>
    </p>
   </div>
   <div class='ocr_carea' id='block_1_6' title="bbox 273 1432 3683 1511">
    <p class='ocr_par' dir='ltr' id='par_1_6' title="bbox 273 1432 3683 1511">
     <span class='ocr_line' id='line_1_6' title="bbox 273 1432 3683 1511; baseline 0.002 -22"><span class='ocrx_word' id='word_1_26' title='bbox 273 1432 490 1493; x_wconf 84' lang='lat' dir='ltr'><strong><em>viribus</em></strong></span> <span class='ocrx_word' id='word_1_27' title='bbox 512 1433 881 1499; x_wconf 72' lang='lat' dir='ltr'><strong><em>inservit-emt</em></strong></span> <span class='ocrx_word' id='word_1_28' title='bbox 909 1448 1021 1496; x_wconf 84' lang='lat' dir='ltr'><strong><em>non</em></strong></span> <span class='ocrx_word' id='word_1_29' title='bbox 1069 1449 1227 1505; x_wconf 76' lang='lat' dir='ltr'><strong><em>posse</em></strong></span> <span class='ocrx_word' id='word_1_30' title='bbox 1256 1434 1481 1497; x_wconf 71' lang='lat' dir='ltr'><strong><em>videbar</em></strong></span> <span class='ocrx_word' id='word_1_31' title='bbox 1509 1434 1669 1495; x_wconf 83' lang='lat' dir='ltr'><strong><em>horas</em></strong></span> <span class='ocrx_word' id='word_1_32' title='bbox 1693 1435 1848 1502; x_wconf 81' lang='lat' dir='ltr'><strong><em>illas,</em></strong></span> <span class='ocrx_word' id='word_1_33' title='bbox 1879 1449 2005 1506; x_wconf 69' lang='lat' dir='ltr'><strong><em>quae</em></strong></span> <span class='ocrx_word' id='word_1_34' title='bbox 2030 1451 2158 1499; x_wconf 81' lang='lat' dir='ltr'><strong><em>cum</em></strong></span> <span class='ocrx_word' id='word_1_35' title='bbox 2182 1454 2219 1493; x_wconf 79' lang='grc' dir='ltr'><em>α</em></span> <span class='ocrx_word' id='word_1_36' title='bbox 2248 1436 2414 1510; x_wconf 81' lang='lat' dir='ltr'><strong><em>Regii</em></strong></span> <span class='ocrx_word' id='word_1_37' title='bbox 2461 1436 2517 1501; x_wconf 87' lang='lat' dir='ltr'><strong><em>S.</em></strong></span> <span class='ocrx_word' id='word_1_38' title='bbox 2549 1436 2841 1511; x_wconf 60' lang='lat' dir='ltr'><strong><em>theologia;</em></strong></span> <span class='ocrx_word' id='word_1_39' title='bbox 2864 1437 3190 1508; x_wconf 65' lang='lat' dir='ltr'><strong><em>professoris</em></strong></span> <span class='ocrx_word' id='word_1_40' title='bbox 3219 1455 3468 1506; x_wconf 82' lang='lat' dir='ltr'><strong><em>munere,</em></strong></span> <span class='ocrx_word' id='word_1_41' title='bbox 3498 1444 3619 1501; x_wconf 75' lang='lat' dir='ltr'><strong><em>tum</em></strong></span> <span class='ocrx_word' id='word_1_42' title='bbox 3645 1457 3683 1505; x_wconf 68' lang='grc' dir='ltr'><strong>α</strong></span> 
     </span>
    </p>
   </div>
   <div class='ocr_carea' id='block_1_7' title="bbox 269 1523 3693 1600">
    <p class='ocr_par' dir='ltr' id='par_1_7' title="bbox 269 1523 3693 1600">
     <span class='ocr_line' id='line_1_7' title="bbox 269 1523 3693 1600; baseline 0.003 -22"><span class='ocrx_word' id='word_1_43' title='bbox 269 1523 521 1596; x_wconf 79' lang='lat' dir='ltr'><strong><em>reliquis,</em></strong></span> <span class='ocrx_word' id='word_1_44' title='bbox 548 1538 675 1594; x_wconf 69' lang='lat' dir='ltr'><strong><em>quae</em></strong></span> <span class='ocrx_word' id='word_1_45' title='bbox 704 1523 847 1583; x_wconf 82' lang='lat' dir='ltr'><strong><em>mihi</em></strong></span> <span class='ocrx_word' id='word_1_46' title='bbox 874 1524 1219 1597; x_wconf 76' lang='lat' dir='ltr'><strong><em>incumbunt,</em></strong></span> <span class='ocrx_word' id='word_1_47' title='bbox 1250 1526 1403 1583; x_wconf 76' lang='lat' dir='ltr'><strong><em>curis</em></strong></span> <span class='ocrx_word' id='word_1_48' title='bbox 1448 1540 1513 1583; x_wconf 80' lang='lat' dir='ltr'><strong><em>ac</em></strong></span> <span class='ocrx_word' id='word_1_49' title='bbox 1561 1527 1795 1595; x_wconf 81' lang='lat' dir='ltr'><strong><em>negotiis</em></strong></span> <span class='ocrx_word' id='word_1_50' title='bbox 1844 1524 2130 1592; x_wconf 81' lang='lat' dir='ltr'><strong><em>vacabant,</em></strong></span> <span class='ocrx_word' id='word_1_51' title='bbox 2171 1524 2416 1598; x_wconf 79' lang='lat' dir='ltr'><strong><em>cuipiam</em></strong></span> <span class='ocrx_word' id='word_1_52' title='bbox 2435 1528 2546 1587; x_wconf 84' lang='lat' dir='ltr'><strong><em>alii</em></strong></span> <span class='ocrx_word' id='word_1_53' title='bbox 2572 1527 2759 1587; x_wconf 83' lang='lat' dir='ltr'><strong><em>studio</em></strong></span> <span class='ocrx_word' id='word_1_54' title='bbox 2789 1527 2874 1585; x_wconf 89' lang='lat' dir='ltr'><strong><em>vel</em></strong></span> <span class='ocrx_word' id='word_1_55' title='bbox 2893 1527 3207 1600; x_wconf 73' lang='lat' dir='ltr'><strong><em>jucundius</em></strong></span> <span class='ocrx_word' id='word_1_56' title='bbox 3233 1529 3320 1592; x_wconf 84' lang='lat' dir='ltr'><strong><em>vel</em></strong></span> <span class='ocrx_word' id='word_1_57' title='bbox 3347 1530 3545 1593; x_wconf 85' lang='lat' dir='ltr'><strong><em>utilius</em></strong></span> <span class='ocrx_word' id='word_1_58' title='bbox 3580 1532 3693 1595; x_wconf 82' lang='lat' dir='ltr'><strong><em>im-</em></strong></span> 
     </span>
    </p>
   </div>
   <div class='ocr_carea' id='block_1_8' title="bbox 268 1612 3691 1689">
    <p class='ocr_par' dir='ltr' id='par_1_8' title="bbox 268 1612 3691 1689">
     <span class='ocr_line' id='line_1_8' title="bbox 268 1612 3691 1689; baseline 0.004 -19"><span class='ocrx_word' id='word_1_59' title='bbox 268 1614 540 1684; x_wconf 78' lang='lat' dir='ltr'><strong><em>pcndore,</em></strong></span> <span class='ocrx_word' id='word_1_60' title='bbox 571 1625 739 1684; x_wconf 82' lang='lat' dir='ltr'><strong><em>quam</em></strong></span> <span class='ocrx_word' id='word_1_61' title='bbox 771 1612 1152 1683; x_wconf 71' lang='lat' dir='ltr'><strong><em>emendandis,</em></strong></span> <span class='ocrx_word' id='word_1_62' title='bbox 1182 1612 1552 1683; x_wconf 61' lang='lat' dir='ltr'><strong><em>explicandis.</em></strong></span> <span class='ocrx_word' id='word_1_63' title='bbox 1583 1613 1899 1687; x_wconf 59' lang='lat' dir='ltr'><strong><em>publicisne</em></strong></span> <span class='ocrx_word' id='word_1_64' title='bbox 1936 1614 2080 1683; x_wconf 76' lang='lat' dir='ltr'><strong><em>iuris</em></strong></span> <span class='ocrx_word' id='word_1_65' title='bbox 2106 1614 2383 1689; x_wconf 79' lang='lat' dir='ltr'><strong><em>faciendis</em></strong></span> <span class='ocrx_word' id='word_1_66' title='bbox 2415 1616 2703 1681; x_wconf 70' lang='lat' dir='ltr'><strong><em>Cletnentis</em></strong></span> <span class='ocrx_word' id='word_1_67' title='bbox 2736 1616 3125 1689; x_wconf 66' lang='lat' dir='ltr'><strong><em>Alexandrini.</em></strong></span> <span class='ocrx_word' id='word_1_68' title='bbox 3158 1618 3553 1689; x_wconf 63' lang='lat' dir='ltr'><strong><em>antiquissimi</em></strong></span> <span class='ocrx_word' id='word_1_69' title='bbox 3581 1621 3691 1681; x_wconf 58' lang='lat' dir='ltr'><strong><em>dos-</em></strong></span> 
     </span>
    </p>
   </div>
   <div class='ocr_carea' id='block_1_9' title="bbox 266 1701 1662 1774">
    <p class='ocr_par' dir='ltr' id='par_1_9' title="bbox 266 1701 1662 1774">
     <span class='ocr_line' id='line_1_9' title="bbox 266 1701 1662 1774; baseline 0.001 -18"><span class='ocrx_word' id='word_1_70' title='bbox 266 1701 607 1773; x_wconf 81' lang='lat' dir='ltr'><strong><em>ctissimique</em></strong></span> <span class='ocrx_word' id='word_1_71' title='bbox 636 1701 853 1771; x_wconf 89' lang='lat' dir='ltr'><strong><em>Patris,</em></strong></span> <span class='ocrx_word' id='word_1_72' title='bbox 876 1701 1159 1774; x_wconf 68' lang='lat' dir='ltr'><strong><em>operibus.</em></strong></span> <span class='ocrx_word' id='word_1_73' title='bbox 1189 1717 1315 1773; x_wconf 71' lang='lat' dir='ltr'><strong><em>quae</em></strong></span> <span class='ocrx_word' id='word_1_74' title='bbox 1342 1707 1662 1773; x_wconf 75' lang='lat' dir='ltr'><strong><em>supersunt.</em></strong></span> 
     </span>
    </p>
   </div>
   <div class='ocr_carea' id='block_1_10' title="bbox 343 1790 3676 1875">
    <p class='ocr_par' dir='ltr' id='par_1_10' title="bbox 343 1790 3676 1875">
     <span class='ocr_line' id='line_1_10' title="bbox 343 1790 3676 1875; baseline 0.003 -29"><span class='ocrx_word' id='word_1_75' title='bbox 343 1791 540 1846; x_wconf 87' lang='lat' dir='ltr'><strong><em>Prima</em></strong></span> <span class='ocrx_word' id='word_1_76' title='bbox 568 1790 745 1861; x_wconf 80' lang='lat' dir='ltr'><strong><em>igitur</em></strong></span> <span class='ocrx_word' id='word_1_77' title='bbox 766 1807 901 1846; x_wconf 89' lang='lat' dir='ltr'><strong><em>cura</em></strong></span> <span class='ocrx_word' id='word_1_78' title='bbox 947 1790 1147 1861; x_wconf 84' lang='lat' dir='ltr'><strong><em>fuitut</em></strong></span> <span class='ocrx_word' id='word_1_79' title='bbox 1173 1800 1455 1846; x_wconf 78' lang='lat' dir='ltr'><strong><em>auctorem</em></strong></span> <span class='ocrx_word' id='word_1_80' title='bbox 1497 1792 1699 1863; x_wconf 65' lang='lat' dir='ltr'><strong><em>ipsum,</em></strong></span> <span class='ocrx_word' id='word_1_81' title='bbox 1742 1807 1911 1863; x_wconf 70' lang='lat' dir='ltr'><strong><em>quam</em></strong></span> <span class='ocrx_word' id='word_1_82' title='bbox 1957 1791 2086 1865; x_wconf 75' lang='lat' dir='ltr'><strong><em>ﬁeri</em></strong></span> <span class='ocrx_word' id='word_1_83' title='bbox 2141 1801 2339 1865; x_wconf 77' lang='lat' dir='ltr'><strong><em>patuit,</em></strong></span> <span class='ocrx_word' id='word_1_84' title='bbox 2378 1793 2661 1875; x_wconf 76' lang='lat' dir='ltr'><strong><em>integrum</em></strong></span> <span class='ocrx_word' id='word_1_85' title='bbox 2703 1803 2756 1859; x_wconf 76' lang='lat' dir='ltr'><strong><em>et</em></strong></span> <span class='ocrx_word' id='word_1_86' title='bbox 2782 1795 3167 1857; x_wconf 80' lang='lat' dir='ltr'><strong><em>emaculatum</em></strong></span> <span class='ocrx_word' id='word_1_87' title='bbox 3194 1795 3532 1861; x_wconf 70' lang='lat' dir='ltr'><strong><em>exhiberem.</em></strong></span> <span class='ocrx_word' id='word_1_88' title='bbox 3557 1798 3676 1867; x_wconf 74' lang='lat' dir='ltr'><strong><em>Qua</em></strong></span> 
     </span>
    </p>
   </div>
   <div class='ocr_carea' id='block_1_11' title="bbox 270 1879 3681 1961">
    <p class='ocr_par' dir='ltr' id='par_1_11' title="bbox 270 1879 3681 1961">
     <span class='ocr_line' id='line_1_11' title="bbox 270 1879 3681 1961; baseline 0.003 -26"><span class='ocrx_word' id='word_1_89' title='bbox 270 1879 381 1961; x_wconf 74' lang='lat' dir='ltr'><strong><em>ﬁne</em></strong></span> <span class='ocrx_word' id='word_1_90' title='bbox 411 1895 521 1945; x_wconf 84' lang='lat' dir='ltr'><strong><em>non</em></strong></span> <span class='ocrx_word' id='word_1_91' title='bbox 559 1880 738 1937; x_wconf 89' lang='lat' dir='ltr'><strong><em>solum</em></strong></span> <span class='ocrx_word' id='word_1_92' title='bbox 784 1881 1075 1952; x_wconf 73' lang='lat' dir='ltr'><strong><em>impressas</em></strong></span> <span class='ocrx_word' id='word_1_93' title='bbox 1116 1880 1331 1947; x_wconf 77' lang='lat' dir='ltr'><strong><em>codices</em></strong></span> <span class='ocrx_word' id='word_1_94' title='bbox 1370 1883 1656 1947; x_wconf 80' lang='lat' dir='ltr'><strong><em>universos</em></strong></span> <span class='ocrx_word' id='word_1_95' title='bbox 1680 1881 1874 1951; x_wconf 77' lang='lat' dir='ltr'><strong><em>evolvi,</em></strong></span> <span class='ocrx_word' id='word_1_96' title='bbox 1906 1883 1965 1936; x_wconf 88' lang='lat' dir='ltr'><strong><em>in</em></strong></span> <span class='ocrx_word' id='word_1_97' title='bbox 1995 1882 2215 1953; x_wconf 80' lang='lat' dir='ltr'><strong><em>quibus,</em></strong></span> <span class='ocrx_word' id='word_1_98' title='bbox 2258 1884 2310 1944; x_wconf 83' lang='lat' dir='ltr'><strong><em>si</em></strong></span> <span class='ocrx_word' id='word_1_99' title='bbox 2343 1886 2735 1947; x_wconf 75' lang='lat' dir='ltr'><strong><em>Victorianum</em></strong></span> <span class='ocrx_word' id='word_1_100' title='bbox 2761 1893 2814 1945; x_wconf 78' lang='lat' dir='ltr'><strong><em>et</em></strong></span> <span class='ocrx_word' id='word_1_101' title='bbox 2840 1883 3282 1954; x_wconf 75' lang='lat' dir='ltr'><strong><em>Sylburgianum</em></strong></span> <span class='ocrx_word' id='word_1_102' title='bbox 3308 1886 3681 1959; x_wconf 71' lang='lat' dir='ltr'><strong><em>excipiamus,</em></strong></span> 
     </span>
    </p>
   </div>
   <div class='ocr_carea' id='block_1_12' title="bbox 270 1962 3687 2047">
    <p class='ocr_par' dir='ltr' id='par_1_12' title="bbox 270 1962 3687 2047">
     <span class='ocr_line' id='line_1_12' title="bbox 270 1962 3687 2047; baseline 0.004 -24"><span class='ocrx_word' id='word_1_103' title='bbox 270 1968 418 2035; x_wconf 82' lang='lat' dir='ltr'><strong><em>nihil</em></strong></span> <span class='ocrx_word' id='word_1_104' title='bbox 445 1970 569 2040; x_wconf 80' lang='lat' dir='ltr'><strong><em>fere</em></strong></span> <span class='ocrx_word' id='word_1_105' title='bbox 595 1971 849 2037; x_wconf 77' lang='lat' dir='ltr'><strong><em>accurati</em></strong></span> <span class='ocrx_word' id='word_1_106' title='bbox 874 1978 955 2027; x_wconf 84' lang='lat' dir='ltr'><strong><em>est</em></strong></span> <span class='ocrx_word' id='word_1_107' title='bbox 969 1989 994 2036; x_wconf 84' lang='lat'><strong><em>,-</em></strong></span> <span class='ocrx_word' id='word_1_108' title='bbox 1026 1969 1120 2029; x_wconf 86' lang='lat' dir='ltr'><strong><em>sed</em></strong></span> <span class='ocrx_word' id='word_1_109' title='bbox 1148 1962 1318 2036; x_wconf 84' lang='lat' dir='ltr'><strong><em>etiam</em></strong></span> <span class='ocrx_word' id='word_1_110' title='bbox 1346 1972 1744 2047; x_wconf 78' lang='lat' dir='ltr'><strong><em>manuscripta,</em></strong></span> <span class='ocrx_word' id='word_1_111' title='bbox 1779 1986 2110 2045; x_wconf 56' lang='lat' dir='ltr'><strong><em>quacunque</em></strong></span> <span class='ocrx_word' id='word_1_112' title='bbox 2140 1974 2384 2044; x_wconf 71' lang='lat' dir='ltr'><strong><em>reperire</em></strong></span> <span class='ocrx_word' id='word_1_113' title='bbox 2423 1974 2609 2046; x_wconf 79' lang='lat' dir='ltr'><strong><em>potui,</em></strong></span> <span class='ocrx_word' id='word_1_114' title='bbox 2657 1972 3007 2044; x_wconf 74' lang='lat' dir='ltr'><strong><em>exemplaria</em></strong></span> <span class='ocrx_word' id='word_1_115' title='bbox 3036 1972 3333 2045; x_wconf 72' lang='lat' dir='ltr'><strong><em>diligenter</em></strong></span> <span class='ocrx_word' id='word_1_116' title='bbox 3367 1976 3600 2047; x_wconf 78' lang='lat' dir='ltr'><strong><em>perlegi.</em></strong></span> <span class='ocrx_word' id='word_1_117' title='bbox 3628 1978 3687 2041; x_wconf 79' lang='lat' dir='ltr'><strong><em>et</em></strong></span> 
     </span>
    </p>
   </div>
   <div class='ocr_carea' id='block_1_13' title="bbox 266 2059 3681 2139">
    <p class='ocr_par' dir='ltr' id='par_1_13' title="bbox 266 2059 3681 2139">
     <span class='ocr_line' id='line_1_13' title="bbox 266 2059 3681 2139; baseline 0.001 -22"><span class='ocrx_word' id='word_1_118' title='bbox 266 2059 506 2135; x_wconf 73' lang='lat' dir='ltr'><strong><em>perlecta</em></strong></span> <span class='ocrx_word' id='word_1_119' title='bbox 560 2076 685 2117; x_wconf 83' lang='lat' dir='ltr'><strong><em>eum</em></strong></span> <span class='ocrx_word' id='word_1_120' title='bbox 730 2059 896 2131; x_wconf 80' lang='lat' dir='ltr'><strong><em>editis</em></strong></span> <span class='ocrx_word' id='word_1_121' title='bbox 944 2060 1375 2125; x_wconf 65' lang='lat' dir='ltr'><strong><em>contuliPorr-o</em></strong></span> <span class='ocrx_word' id='word_1_122' title='bbox 1422 2060 1906 2124; x_wconf 76' lang='lat' dir='ltr'><strong><em>cohortationem</em></strong></span> <span class='ocrx_word' id='word_1_123' title='bbox 1952 2060 2027 2115; x_wconf 88' lang='lat' dir='ltr'><strong><em>ad</em></strong></span> <span class='ocrx_word' id='word_1_124' title='bbox 2065 2062 2296 2120; x_wconf 77' lang='lat' dir='ltr'><strong><em>Graecos</em></strong></span> <span class='ocrx_word' id='word_1_125' title='bbox 2345 2062 2803 2135; x_wconf 76' lang='lat' dir='ltr'><strong><em>manuscriptam,</em></strong></span> <span class='ocrx_word' id='word_1_126' title='bbox 2832 2079 2947 2125; x_wconf 84' lang='lat' dir='ltr'><strong><em>una</em></strong></span> <span class='ocrx_word' id='word_1_127' title='bbox 2974 2079 3101 2129; x_wconf 74' lang='lat' dir='ltr'><strong><em>eum</em></strong></span> <span class='ocrx_word' id='word_1_128' title='bbox 3129 2065 3340 2123; x_wconf 79' lang='lat' dir='ltr'><strong><em>duobus</em></strong></span> <span class='ocrx_word' id='word_1_129' title='bbox 3367 2065 3681 2139; x_wconf 76' lang='lat' dir='ltr'><strong><em>Paodagogi</em></strong></span> 
     </span>
    </p>
   </div>
   <div class='ocr_carea' id='block_1_14' title="bbox 271 2148 3686 2225">
    <p class='ocr_par' dir='ltr' id='par_1_14' title="bbox 271 2148 3686 2225">
     <span class='ocr_line' id='line_1_14' title="bbox 271 2148 3686 2225; baseline 0.002 -20"><span class='ocrx_word' id='word_1_130' title='bbox 271 2148 428 2213; x_wconf 81' lang='lat' dir='ltr'><strong><em>libris</em></strong></span> <span class='ocrx_word' id='word_1_131' title='bbox 456 2148 870 2225; x_wconf 80' lang='lat' dir='ltr'><strong><em>posterioribus,</em></strong></span> <span class='ocrx_word' id='word_1_132' title='bbox 899 2149 1319 2225; x_wconf 78' lang='lat' dir='ltr'><strong><em>earumdemque</em></strong></span> <span class='ocrx_word' id='word_1_133' title='bbox 1348 2150 1636 2215; x_wconf 80' lang='lat' dir='ltr'><strong><em>nonnullis</em></strong></span> <span class='ocrx_word' id='word_1_134' title='bbox 1681 2149 2035 2224; x_wconf 69' lang='lat' dir='ltr'><strong><em>fragmentis,</em></strong></span> <span class='ocrx_word' id='word_1_135' title='bbox 2078 2150 2451 2222; x_wconf 68' lang='lat' dir='ltr'><strong><em>suppeditavit</em></strong></span> <span class='ocrx_word' id='word_1_136' title='bbox 2478 2150 2618 2213; x_wconf 81' lang='lat' dir='ltr'><strong><em>Novi</em></strong></span> <span class='ocrx_word' id='word_1_137' title='bbox 2663 2151 2818 2222; x_wconf 85' lang='lat' dir='ltr'><strong><em>apud</em></strong></span> <span class='ocrx_word' id='word_1_138' title='bbox 2862 2152 3168 2217; x_wconf 73' lang='lat' dir='ltr'><strong><em>Oxoniense</em></strong></span> <span class='ocrx_word' id='word_1_139' title='bbox 3214 2152 3441 2224; x_wconf 75' lang='lat' dir='ltr'><strong><em>Collegit</em></strong></span> <span class='ocrx_word' id='word_1_140' title='bbox 3484 2153 3686 2213; x_wconf 81' lang='lat' dir='ltr'><strong><em>biblio-</em></strong></span> 
     </span>
    </p>
   </div>
   <div class='ocr_carea' id='block_1_15' title="bbox 269 2236 3691 2315">
    <p class='ocr_par' dir='ltr' id='par_1_15' title="bbox 269 2236 3691 2315">
     <span class='ocr_line' id='line_1_15' title="bbox 269 2236 3691 2315; baseline 0.003 -24"><span class='ocrx_word' id='word_1_141' title='bbox 269 2236 446 2301; x_wconf 85' lang='lat' dir='ltr'><strong><em>theca.</em></strong></span> <span class='ocrx_word' id='word_1_142' title='bbox 494 2236 679 2294; x_wconf 81' lang='lat' dir='ltr'><strong><em>Trium</em></strong></span> <span class='ocrx_word' id='word_1_143' title='bbox 719 2238 1026 2312; x_wconf 74' lang='lat' dir='ltr'><strong><em>Paadagogi</em></strong></span> <span class='ocrx_word' id='word_1_144' title='bbox 1078 2238 1348 2305; x_wconf 76' lang='lat' dir='ltr'><strong><em>librorum</em></strong></span> <span class='ocrx_word' id='word_1_145' title='bbox 1394 2238 1633 2299; x_wconf 75' lang='lat' dir='ltr'><strong><em>codicem</em></strong></span> <span class='ocrx_word' id='word_1_146' title='bbox 1672 2256 1848 2301; x_wconf 85' lang='lat' dir='ltr'><strong><em>unum</em></strong></span> <span class='ocrx_word' id='word_1_147' title='bbox 1893 2237 2135 2308; x_wconf 85' lang='lat' dir='ltr'><strong><em>Bodleii,</em></strong></span> <span class='ocrx_word' id='word_1_148' title='bbox 2161 2247 2212 2303; x_wconf 85' lang='lat' dir='ltr'><strong><em>et</em></strong></span> <span class='ocrx_word' id='word_1_149' title='bbox 2232 2238 2366 2297; x_wconf 89' lang='lat' dir='ltr'><strong><em>huic</em></strong></span> <span class='ocrx_word' id='word_1_150' title='bbox 2392 2241 2454 2298; x_wconf 79' lang='lat' dir='ltr'><strong><em>in</em></strong></span> <span class='ocrx_word' id='word_1_151' title='bbox 2482 2241 2738 2305; x_wconf 81' lang='lat' dir='ltr'><strong><em>omnibus</em></strong></span> <span class='ocrx_word' id='word_1_152' title='bbox 2764 2243 2881 2315; x_wconf 79' lang='lat' dir='ltr'><strong><em>fere</em></strong></span> <span class='ocrx_word' id='word_1_153' title='bbox 2909 2241 3232 2305; x_wconf 75' lang='lat' dir='ltr'><strong><em>concordem</em></strong></span> <span class='ocrx_word' id='word_1_154' title='bbox 3262 2241 3511 2307; x_wconf 84' lang='lat' dir='ltr'><strong><em>alterum</em></strong></span> <span class='ocrx_word' id='word_1_155' title='bbox 3533 2257 3691 2314; x_wconf 70' lang='lat' dir='ltr'><strong><em>prae-</em></strong></span> 
     </span>
    </p>
   </div>
   <div class='ocr_carea' id='block_1_16' title="bbox 272 2322 3693 2405">
    <p class='ocr_par' dir='ltr' id='par_1_16' title="bbox 272 2322 3693 2405">
     <span class='ocr_line' id='line_1_16' title="bbox 272 2322 3693 2405; baseline 0.002 -24"><span class='ocrx_word' id='word_1_156' title='bbox 272 2327 391 2381; x_wconf 87' lang='lat' dir='ltr'><strong><em>buit</em></strong></span> <span class='ocrx_word' id='word_1_157' title='bbox 432 2327 817 2395; x_wconf 87' lang='lat' dir='ltr'><strong><em>augustissimi</em></strong></span> <span class='ocrx_word' id='word_1_158' title='bbox 854 2328 998 2397; x_wconf 82' lang='lat' dir='ltr'><strong><em>regis</em></strong></span> <span class='ocrx_word' id='word_1_159' title='bbox 1043 2326 1222 2382; x_wconf 82' lang='lat' dir='ltr'><strong><em>nostri</em></strong></span> <span class='ocrx_word' id='word_1_160' title='bbox 1265 2322 1626 2383; x_wconf 87' lang='lat' dir='ltr'><strong><em>Bibliotheca.</em></strong></span> <span class='ocrx_word' id='word_1_161' title='bbox 1678 2326 1770 2387; x_wconf 82' lang='lat' dir='ltr'><strong><em>Ad</em></strong></span> <span class='ocrx_word' id='word_1_162' title='bbox 1812 2328 2066 2399; x_wconf 74' lang='lat' dir='ltr'><strong><em>insignes</em></strong></span> <span class='ocrx_word' id='word_1_163' title='bbox 2113 2328 2243 2391; x_wconf 83' lang='lat' dir='ltr'><strong><em>illas</em></strong></span> <span class='ocrx_word' id='word_1_164' title='bbox 2290 2328 2587 2391; x_wconf 84' lang='lat' dir='ltr'><strong><em>Clementis</em></strong></span> <span class='ocrx_word' id='word_1_165' title='bbox 2614 2332 2801 2393; x_wconf 81' lang='lat' dir='ltr'><strong><em>nostri</em></strong></span> <span class='ocrx_word' id='word_1_166' title='bbox 2825 2331 3115 2405; x_wconf 72' lang='lat' dir='ltr'><strong><em>periocha:</em></strong></span> <span class='ocrx_word' id='word_1_167' title='bbox 3139 2330 3408 2404; x_wconf 65' lang='lat' dir='ltr'><strong><em>pristinae</em></strong></span> <span class='ocrx_word' id='word_1_168' title='bbox 3452 2325 3693 2392; x_wconf 73' lang='lat' dir='ltr'><strong><em>sanitati</em></strong></span> 
     </span>
    </p>
   </div>
   <div class='ocr_carea' id='block_1_17' title="bbox 272 2413 3685 2495">
    <p class='ocr_par' dir='ltr' id='par_1_17' title="bbox 272 2413 3685 2495">
     <span class='ocr_line' id='line_1_17' title="bbox 272 2413 3685 2495; baseline 0.004 -27"><span class='ocrx_word' id='word_1_169' title='bbox 272 2413 664 2485; x_wconf 85' lang='lat' dir='ltr'><strong><em>restituendas,</em></strong></span> <span class='ocrx_word' id='word_1_170' title='bbox 696 2431 830 2487; x_wconf 85' lang='lat' dir='ltr'><strong><em>quas</em></strong></span> <span class='ocrx_word' id='word_1_171' title='bbox 861 2416 1014 2487; x_wconf 84' lang='lat' dir='ltr'><strong><em>operi</em></strong></span> <span class='ocrx_word' id='word_1_172' title='bbox 1056 2417 1135 2479; x_wconf 78' lang='lat' dir='ltr'><strong><em>De</em></strong></span> <span class='ocrx_word' id='word_1_173' title='bbox 1166 2416 1599 2495; x_wconf 67' lang='lat' dir='ltr'><strong><em>praeparatione</em></strong></span> <span class='ocrx_word' id='word_1_174' title='bbox 1633 2417 1974 2489; x_wconf 78' lang='lat' dir='ltr'><strong><em>evangelica</em></strong></span> <span class='ocrx_word' id='word_1_175' title='bbox 2003 2415 2239 2472; x_wconf 78' lang='lat' dir='ltr'><strong><em>inseruit</em></strong></span> <span class='ocrx_word' id='word_1_176' title='bbox 2288 2417 2573 2487; x_wconf 75' lang='lat' dir='ltr'><strong><em>Eusebius,</em></strong></span> <span class='ocrx_word' id='word_1_177' title='bbox 2627 2435 2740 2479; x_wconf 79' lang='lat' dir='ltr'><strong><em>non</em></strong></span> <span class='ocrx_word' id='word_1_178' title='bbox 2788 2420 2901 2481; x_wconf 78' lang='lat' dir='ltr'><strong><em>leve</em></strong></span> <span class='ocrx_word' id='word_1_179' title='bbox 2945 2419 3333 2492; x_wconf 68' lang='lat' dir='ltr'><strong><em>adiumentum</em></strong></span> <span class='ocrx_word' id='word_1_180' title='bbox 3378 2421 3685 2483; x_wconf 74' lang='lat' dir='ltr'><strong><em>attulerunt</em></strong></span> 
     </span>
    </p>
   </div>
   <div class='ocr_carea' id='block_1_18' title="bbox 271 2502 3683 2585">
    <p class='ocr_par' dir='ltr' id='par_1_18' title="bbox 271 2502 3683 2585">
     <span class='ocr_line' id='line_1_18' title="bbox 271 2502 3683 2585; baseline 0.002 -26"><span class='ocrx_word' id='word_1_181' title='bbox 271 2502 406 2559; x_wconf 88' lang='lat' dir='ltr'><strong><em>libri</em></strong></span> <span class='ocrx_word' id='word_1_182' title='bbox 434 2504 552 2574; x_wconf 86' lang='lat' dir='ltr'><strong><em>ejus</em></strong></span> <span class='ocrx_word' id='word_1_183' title='bbox 586 2504 865 2576; x_wconf 84' lang='lat' dir='ltr'><strong><em>impressi,</em></strong></span> <span class='ocrx_word' id='word_1_184' title='bbox 900 2508 1445 2585; x_wconf 76' lang='lat' dir='ltr'><strong><em>manuscriptumque</em></strong></span> <span class='ocrx_word' id='word_1_185' title='bbox 1492 2506 1797 2579; x_wconf 67' lang='lat' dir='ltr'><strong><em>exemplar,</em></strong></span> <span class='ocrx_word' id='word_1_186' title='bbox 1837 2507 1980 2583; x_wconf 84' lang='lat' dir='ltr'><strong><em>quod</em></strong></span> <span class='ocrx_word' id='word_1_187' title='bbox 2007 2507 2154 2578; x_wconf 79' lang='lat' dir='ltr'><strong><em>apud</em></strong></span> <span class='ocrx_word' id='word_1_188' title='bbox 2183 2523 2279 2565; x_wconf 83' lang='lat' dir='ltr'><strong><em>nos</em></strong></span> <span class='ocrx_word' id='word_1_189' title='bbox 2308 2507 2368 2562; x_wconf 86' lang='lat' dir='ltr'><strong><em>in</em></strong></span> <span class='ocrx_word' id='word_1_190' title='bbox 2398 2508 2637 2579; x_wconf 70' lang='lat' dir='ltr'><strong><em>collegio</em></strong></span> <span class='ocrx_word' id='word_1_191' title='bbox 2668 2509 2730 2570; x_wconf 82' lang='grc' dir='ltr'><strong><em>ι),</em></strong></span> <span class='ocrx_word' id='word_1_192' title='bbox 2764 2509 2992 2575; x_wconf 80' lang='lat' dir='ltr'><strong><em>Joannis</em></strong></span> <span class='ocrx_word' id='word_1_193' title='bbox 3036 2512 3295 2581; x_wconf 58' lang='lat' dir='ltr'><strong><em>Baptistae</em></strong></span> <span class='ocrx_word' id='word_1_194' title='bbox 3341 2514 3683 2573; x_wconf 73' lang='lat' dir='ltr'><strong><em>asseruntur.</em></strong></span> 
     </span>
    </p>
   </div>
   <div class='ocr_carea' id='block_1_19' title="bbox 278 2592 3682 2671">
    <p class='ocr_par' dir='ltr' id='par_1_19' title="bbox 278 2592 3682 2671">
     <span class='ocr_line' id='line_1_19' title="bbox 278 2592 3682 2671; baseline 0.003 -25"><span class='ocrx_word' id='word_1_195' title='bbox 278 2592 524 2647; x_wconf 83' lang='lat' dir='ltr'><strong><em>Veterum</em></strong></span> <span class='ocrx_word' id='word_1_196' title='bbox 560 2593 963 2664; x_wconf 65' lang='lat' dir='ltr'><strong><em>exemplarium</em></strong></span> <span class='ocrx_word' id='word_1_197' title='bbox 1010 2596 1217 2671; x_wconf 71' lang='lat' dir='ltr'><strong><em>inopia?</em></strong></span> <span class='ocrx_word' id='word_1_198' title='bbox 1261 2595 1563 2655; x_wconf 83' lang='lat' dir='ltr'><strong><em>remedium</em></strong></span> <span class='ocrx_word' id='word_1_199' title='bbox 1611 2612 1724 2655; x_wconf 88' lang='lat' dir='ltr'><strong><em>non</em></strong></span> <span class='ocrx_word' id='word_1_200' title='bbox 1771 2612 1898 2661; x_wconf 83' lang='lat' dir='ltr'><strong><em>raro</em></strong></span> <span class='ocrx_word' id='word_1_201' title='bbox 1945 2597 2260 2663; x_wconf 78' lang='lat' dir='ltr'><strong><em>attulerunt</em></strong></span> <span class='ocrx_word' id='word_1_202' title='bbox 2306 2599 2666 2670; x_wconf 79' lang='lat' dir='ltr'><strong><em>antiquorum</em></strong></span> <span class='ocrx_word' id='word_1_203' title='bbox 2692 2598 3027 2668; x_wconf 69' lang='lat' dir='ltr'><strong><em>scriptorum</em></strong></span> <span class='ocrx_word' id='word_1_204' title='bbox 3059 2598 3209 2667; x_wconf 82' lang='lat' dir='ltr'><strong><em>libri,</em></strong></span> <span class='ocrx_word' id='word_1_205' title='bbox 3241 2598 3491 2664; x_wconf 81' lang='lat' dir='ltr'><strong><em>Platonis</em></strong></span> <span class='ocrx_word' id='word_1_206' title='bbox 3539 2615 3682 2669; x_wconf 66' lang='lat' dir='ltr'><strong><em>pra-</em></strong></span> 
     </span>
    </p>
   </div>
   <div class='ocr_carea' id='block_1_20' title="bbox 267 2682 3679 2760">
    <p class='ocr_par' dir='ltr' id='par_1_20' title="bbox 267 2682 3679 2760">
     <span class='ocr_line' id='line_1_20' title="bbox 267 2682 3679 2760; baseline 0.003 -25"><span class='ocrx_word' id='word_1_207' title='bbox 267 2682 466 2736; x_wconf 88' lang='lat' dir='ltr'><strong><em>sertim</em></strong></span> <span class='ocrx_word' id='word_1_208' title='bbox 493 2697 556 2741; x_wconf 90' lang='lat' dir='ltr'><strong><em>ac</em></strong></span> <span class='ocrx_word' id='word_1_209' title='bbox 586 2683 841 2743; x_wconf 77' lang='lat' dir='ltr'><strong><em>Philonis</em></strong></span> <span class='ocrx_word' id='word_1_210' title='bbox 865 2683 1064 2757; x_wconf 64' lang='lat' dir='ltr'><strong><em>Judaei,</em></strong></span> <span class='ocrx_word' id='word_1_211' title='bbox 1110 2701 1139 2739; x_wconf 89' lang='lat' dir='ltr'><strong><em>e</em></strong></span> <span class='ocrx_word' id='word_1_212' title='bbox 1184 2701 1416 2759; x_wconf 88' lang='lat' dir='ltr'><strong><em>quorum</em></strong></span> <span class='ocrx_word' id='word_1_213' title='bbox 1457 2685 1752 2756; x_wconf 79' lang='lat' dir='ltr'><strong><em>posteriori</em></strong></span> <span class='ocrx_word' id='word_1_214' title='bbox 1808 2702 1918 2742; x_wconf 88' lang='lat' dir='ltr'><strong><em>non</em></strong></span> <span class='ocrx_word' id='word_1_215' title='bbox 1967 2688 2153 2750; x_wconf 81' lang='lat' dir='ltr'><strong><em>breves</em></strong></span> <span class='ocrx_word' id='word_1_216' title='bbox 2200 2691 2417 2750; x_wconf 81' lang='lat' dir='ltr'><strong><em>tantum</em></strong></span> <span class='ocrx_word' id='word_1_217' title='bbox 2456 2690 2776 2759; x_wconf 77' lang='lat' dir='ltr'><strong><em>sententias,</em></strong></span> <span class='ocrx_word' id='word_1_218' title='bbox 2805 2688 2900 2749; x_wconf 79' lang='lat' dir='ltr'><strong><em>sed</em></strong></span> <span class='ocrx_word' id='word_1_219' title='bbox 2926 2690 3172 2758; x_wconf 77' lang='lat' dir='ltr'><strong><em>integras</em></strong></span> <span class='ocrx_word' id='word_1_220' title='bbox 3203 2687 3374 2753; x_wconf 83' lang='lat' dir='ltr'><strong><em>etiam</em></strong></span> <span class='ocrx_word' id='word_1_221' title='bbox 3417 2690 3679 2760; x_wconf 77' lang='lat' dir='ltr'><strong><em>paginas,</em></strong></span> 
     </span>
    </p>
   </div>
   <div class='ocr_carea' id='block_1_21' title="bbox 264 2770 3692 2850">
    <p class='ocr_par' dir='ltr' id='par_1_21' title="bbox 264 2770 3692 2850">
     <span class='ocr_line' id='line_1_21' title="bbox 264 2770 3692 2850; baseline 0.002 -25"><span class='ocrx_word' id='word_1_222' title='bbox 264 2770 555 2839; x_wconf 82' lang='lat' dir='ltr'><strong><em>nonnullis</em></strong></span> <span class='ocrx_word' id='word_1_223' title='bbox 582 2771 825 2839; x_wconf 84' lang='lat' dir='ltr'><strong><em>omissis,</em></strong></span> <span class='ocrx_word' id='word_1_224' title='bbox 848 2771 980 2827; x_wconf 87' lang='lat' dir='ltr'><strong><em>aliis</em></strong></span> <span class='ocrx_word' id='word_1_225' title='bbox 1010 2774 1247 2837; x_wconf 78' lang='lat' dir='ltr'><strong><em>mutatis</em></strong></span> <span class='ocrx_word' id='word_1_226' title='bbox 1276 2774 1359 2843; x_wconf 77' lang='lat' dir='ltr'><strong><em>vel</em></strong></span> <span class='ocrx_word' id='word_1_227' title='bbox 1390 2772 1449 2828; x_wconf 82' lang='lat' dir='ltr'><strong><em>in</em></strong></span> <span class='ocrx_word' id='word_1_228' title='bbox 1480 2775 1750 2846; x_wconf 87' lang='lat' dir='ltr'><strong><em>epilomen</em></strong></span> <span class='ocrx_word' id='word_1_229' title='bbox 1785 2775 2046 2843; x_wconf 86' lang='lat' dir='ltr'><strong><em>redactis,</em></strong></span> <span class='ocrx_word' id='word_1_230' title='bbox 2078 2781 2244 2844; x_wconf 82' lang='lat' dir='ltr'><strong><em>prout</em></strong></span> <span class='ocrx_word' id='word_1_231' title='bbox 2273 2776 2521 2832; x_wconf 84' lang='lat' dir='ltr'><strong><em>instituto</em></strong></span> <span class='ocrx_word' id='word_1_232' title='bbox 2566 2791 2661 2831; x_wconf 89' lang='lat' dir='ltr'><strong><em>suo</em></strong></span> <span class='ocrx_word' id='word_1_233' title='bbox 2691 2779 2892 2847; x_wconf 86' lang='lat' dir='ltr'><strong><em>optime</em></strong></span> <span class='ocrx_word' id='word_1_234' title='bbox 2917 2779 3296 2845; x_wconf 80' lang='lat' dir='ltr'><strong><em>conveniebat,</em></strong></span> <span class='ocrx_word' id='word_1_235' title='bbox 3328 2776 3493 2850; x_wconf 64' lang='lat' dir='ltr'><strong><em>idque</em></strong></span> <span class='ocrx_word' id='word_1_236' title='bbox 3518 2778 3692 2842; x_wconf 76' lang='lat' dir='ltr'><strong><em>celato</em></strong></span> 
     </span>
    </p>
   </div>
   <div class='ocr_carea' id='block_1_22' title="bbox 270 2862 3684 2943">
    <p class='ocr_par' dir='ltr' id='par_1_22' title="bbox 270 2862 3684 2943">
     <span class='ocr_line' id='line_1_22' title="bbox 270 2862 3684 2943; baseline 0.003 -31"><span class='ocrx_word' id='word_1_237' title='bbox 270 2874 677 2930; x_wconf 85' lang='lat' dir='ltr'><strong><em>nonnunquam</em></strong></span> <span class='ocrx_word' id='word_1_238' title='bbox 704 2862 949 2916; x_wconf 79' lang='lat' dir='ltr'><strong><em>auctoris</em></strong></span> <span class='ocrx_word' id='word_1_239' title='bbox 977 2863 1223 2929; x_wconf 90' lang='lat' dir='ltr'><strong><em>nomine,</em></strong></span> <span class='ocrx_word' id='word_1_240' title='bbox 1259 2863 1316 2916; x_wconf 87' lang='lat' dir='ltr'><strong><em>in</em></strong></span> <span class='ocrx_word' id='word_1_241' title='bbox 1347 2867 1699 2943; x_wconf 69' lang='grc' dir='ltr'><strong><em>Στρωματεῖς</em></strong></span> <span class='ocrx_word' id='word_1_242' title='bbox 1732 2881 1856 2919; x_wconf 87' lang='lat' dir='ltr'><strong><em>suos</em></strong></span> <span class='ocrx_word' id='word_1_243' title='bbox 1888 2863 2132 2928; x_wconf 81' lang='lat' dir='ltr'><strong><em>Clemens</em></strong></span> <span class='ocrx_word' id='word_1_244' title='bbox 2161 2865 2465 2929; x_wconf 76' lang='lat' dir='ltr'><strong><em>transtulit.</em></strong></span> <span class='ocrx_word' id='word_1_245' title='bbox 2499 2865 3181 2943; x_wconf 71' lang='lat' dir='ltr'><strong><em>ScriptumStmmatum</em></strong></span> <span class='ocrx_word' id='word_1_246' title='bbox 3218 2867 3504 2938; x_wconf 58' lang='lat' dir='ltr'><strong><em>exemplar</em></strong></span> <span class='ocrx_word' id='word_1_247' title='bbox 3547 2867 3684 2927; x_wconf 82' lang='lat' dir='ltr'><strong><em>nul-</em></strong></span> 
     </span>
    </p>
   </div>
   <div class='ocr_carea' id='block_1_23' title="bbox 279 2947 3685 3024">
    <p class='ocr_par' dir='ltr' id='par_1_23' title="bbox 279 2947 3685 3024">
     <span class='ocr_line' id='line_1_23' title="bbox 279 2947 3685 3024; baseline 0.003 -23"><span class='ocrx_word' id='word_1_248' title='bbox 279 2947 391 3002; x_wconf 87' lang='lat' dir='ltr'><strong><em>lum</em></strong></span> <span class='ocrx_word' id='word_1_249' title='bbox 420 2947 598 3013; x_wconf 82' lang='lat' dir='ltr'><strong><em>oculis</em></strong></span> <span class='ocrx_word' id='word_1_250' title='bbox 626 2951 764 3004; x_wconf 85' lang='lat' dir='ltr'><strong><em>meis</em></strong></span> <span class='ocrx_word' id='word_1_251' title='bbox 779 2950 1123 3021; x_wconf 81' lang='lat' dir='ltr'><strong><em>perlustrare</em></strong></span> <span class='ocrx_word' id='word_1_252' title='bbox 1153 2950 1429 3015; x_wconf 80' lang='lat' dir='ltr'><strong><em>hactenus</em></strong></span> <span class='ocrx_word' id='word_1_253' title='bbox 1450 2952 1629 3006; x_wconf 82' lang='lat' dir='ltr'><strong><em>licuit.</em></strong></span> <span class='ocrx_word' id='word_1_254' title='bbox 1665 2954 1868 3008; x_wconf 78' lang='lat' dir='ltr'><strong><em>Verum</em></strong></span> <span class='ocrx_word' id='word_1_255' title='bbox 1896 2952 1994 3008; x_wconf 90' lang='lat' dir='ltr'><strong><em>hoc</em></strong></span> <span class='ocrx_word' id='word_1_256' title='bbox 2021 2970 2127 3016; x_wconf 85' lang='lat' dir='ltr'><strong><em>me,</em></strong></span> <span class='ocrx_word' id='word_1_257' title='bbox 2153 2971 2272 3015; x_wconf 82' lang='lat' dir='ltr'><strong><em>cum</em></strong></span> <span class='ocrx_word' id='word_1_258' title='bbox 2306 2953 2636 3024; x_wconf 78' lang='lat' dir='ltr'><strong><em>infortunio.</em></strong></span> <span class='ocrx_word' id='word_1_259' title='bbox 2670 2963 2788 3019; x_wconf 83' lang='lat' dir='ltr'><strong><em>tum</em></strong></span> <span class='ocrx_word' id='word_1_260' title='bbox 2815 2970 2983 3017; x_wconf 78' lang='lat' dir='ltr'><strong><em>onere</em></strong></span> <span class='ocrx_word' id='word_1_261' title='bbox 3008 2954 3205 3015; x_wconf 78' lang='lat' dir='ltr'><strong><em>levavit</em></strong></span> <span class='ocrx_word' id='word_1_262' title='bbox 3232 2954 3323 3015; x_wconf 88' lang='lat' dir='ltr'><strong><em>vir</em></strong></span> <span class='ocrx_word' id='word_1_263' title='bbox 3340 2956 3685 3019; x_wconf 80' lang='lat' dir='ltr'><strong><em>clarissimus</em></strong></span> 
     </span>
    </p>
   </div>
   <div class='ocr_carea' id='block_1_24' title="bbox 281 3037 3693 3119">
    <p class='ocr_par' dir='ltr' id='par_1_24' title="bbox 281 3037 3693 3119">
     <span class='ocr_line' id='line_1_24' title="bbox 281 3037 3693 3119; baseline 0.003 -27"><span class='ocrx_word' id='word_1_264' title='bbox 281 3037 590 3094; x_wconf 72' lang='lat' dir='ltr'><strong><em>Bernartius</em></strong></span> <span class='ocrx_word' id='word_1_265' title='bbox 615 3039 1084 3110; x_wconf 79' lang='lat' dir='ltr'><strong><em>Montefalconius,</em></strong></span> <span class='ocrx_word' id='word_1_266' title='bbox 1134 3039 1234 3115; x_wconf 84' lang='lat' dir='ltr'><strong><em>qui</em></strong></span> <span class='ocrx_word' id='word_1_267' title='bbox 1277 3055 1376 3115; x_wconf 85' lang='lat' dir='ltr'><strong><em>pro</em></strong></span> <span class='ocrx_word' id='word_1_268' title='bbox 1423 3042 1713 3108; x_wconf 86' lang='lat' dir='ltr'><strong><em>acerrimo,</em></strong></span> <span class='ocrx_word' id='word_1_269' title='bbox 1766 3057 1868 3115; x_wconf 85' lang='lat' dir='ltr'><strong><em>quo</em></strong></span> <span class='ocrx_word' id='word_1_270' title='bbox 1897 3058 2114 3119; x_wconf 77' lang='lat' dir='ltr'><strong><em>semper</em></strong></span> <span class='ocrx_word' id='word_1_271' title='bbox 2141 3042 2318 3108; x_wconf 81' lang='lat' dir='ltr'><strong><em>ardet,</em></strong></span> <span class='ocrx_word' id='word_1_272' title='bbox 2354 3043 2959 3107; x_wconf 22' lang='lat' dir='ltr'><strong><em>humanioreselitteras</em></strong></span> <span class='ocrx_word' id='word_1_273' title='bbox 2983 3043 3345 3114; x_wconf 82' lang='lat' dir='ltr'><strong><em>promovendi</em></strong></span> <span class='ocrx_word' id='word_1_274' title='bbox 3366 3044 3547 3105; x_wconf 85' lang='lat' dir='ltr'><strong><em>studio</em></strong></span> <span class='ocrx_word' id='word_1_275' title='bbox 3591 3060 3693 3102; x_wconf 50' lang='lat' dir='ltr'><strong><em>va,-</em></strong></span> 
     </span>
    </p>
   </div>
   <div class='ocr_carea' id='block_1_25' title="bbox 276 3127 3692 3213">
    <p class='ocr_par' dir='ltr' id='par_1_25' title="bbox 276 3127 3692 3213">
     <span class='ocr_line' id='line_1_25' title="bbox 276 3127 3692 3213; baseline 0.002 -32"><span class='ocrx_word' id='word_1_276' title='bbox 276 3128 484 3187; x_wconf 86' lang='lat' dir='ltr'><strong><em>riantes</em></strong></span> <span class='ocrx_word' id='word_1_277' title='bbox 521 3127 777 3184; x_wconf 83' lang='lat' dir='ltr'><strong><em>lectiones</em></strong></span> <span class='ocrx_word' id='word_1_278' title='bbox 832 3144 941 3184; x_wconf 87' lang='lat' dir='ltr'><strong><em>non</em></strong></span> <span class='ocrx_word' id='word_1_279' title='bbox 988 3130 1164 3199; x_wconf 84' lang='lat' dir='ltr'><strong><em>solum</em></strong></span> <span class='ocrx_word' id='word_1_280' title='bbox 1206 3146 1276 3185; x_wconf 79' lang='lat' dir='ltr'><strong><em>ex</em></strong></span> <span class='ocrx_word' id='word_1_281' title='bbox 1325 3128 1702 3198; x_wconf 86' lang='lat' dir='ltr'><strong><em>Ottoboniano,</em></strong></span> <span class='ocrx_word' id='word_1_282' title='bbox 1752 3132 1852 3213; x_wconf 86' lang='lat' dir='ltr'><strong><em>qui</em></strong></span> <span class='ocrx_word' id='word_1_283' title='bbox 1897 3147 2085 3201; x_wconf 68' lang='lat' dir='ltr'><strong><em>eorum</em></strong></span> <span class='ocrx_word' id='word_1_284' title='bbox 2136 3133 2452 3203; x_wconf 80' lang='lat' dir='ltr'><strong><em>prolixiora</em></strong></span> <span class='ocrx_word' id='word_1_285' title='bbox 2499 3131 2753 3204; x_wconf 71' lang='lat' dir='ltr'><strong><em>quaedam</em></strong></span> <span class='ocrx_word' id='word_1_286' title='bbox 2774 3133 3115 3206; x_wconf 82' lang='lat' dir='ltr'><strong><em>fragmenta,</em></strong></span> <span class='ocrx_word' id='word_1_287' title='bbox 3144 3133 3235 3191; x_wconf 87' lang='lat' dir='ltr'><strong><em>sed</em></strong></span> <span class='ocrx_word' id='word_1_288' title='bbox 3264 3149 3334 3189; x_wconf 75' lang='lat' dir='ltr'><strong><em>ex</em></strong></span> <span class='ocrx_word' id='word_1_289' title='bbox 3369 3133 3692 3195; x_wconf 81' lang='lat' dir='ltr'><strong><em>Parisiensi</em></strong></span> 
     </span>
    </p>
   </div>
   <div class='ocr_carea' id='block_1_26' title="bbox 273 3215 3693 3295">
    <p class='ocr_par' dir='ltr' id='par_1_26' title="bbox 273 3215 3693 3295">
     <span class='ocr_line' id='line_1_26' title="bbox 273 3215 3693 3295; baseline 0.003 -25"><span class='ocrx_word' id='word_1_290' title='bbox 273 3215 442 3273; x_wconf 86' lang='lat' dir='ltr'><strong><em>etiam</em></strong></span> <span class='ocrx_word' id='word_1_291' title='bbox 470 3217 675 3295; x_wconf 78' lang='lat' dir='ltr'><strong><em>codice,</em></strong></span> <span class='ocrx_word' id='word_1_292' title='bbox 715 3219 812 3291; x_wconf 87' lang='lat' dir='ltr'><strong><em>qui</em></strong></span> <span class='ocrx_word' id='word_1_293' title='bbox 840 3219 1111 3291; x_wconf 84' lang='lat' dir='ltr'><strong><em>integrum</em></strong></span> <span class='ocrx_word' id='word_1_294' title='bbox 1143 3220 1505 3289; x_wconf 79' lang='lat' dir='ltr'><strong><em>Stromatum</em></strong></span> <span class='ocrx_word' id='word_1_295' title='bbox 1533 3218 1665 3291; x_wconf 83' lang='lat' dir='ltr'><strong><em>opus</em></strong></span> <span class='ocrx_word' id='word_1_296' title='bbox 1692 3218 2095 3293; x_wconf 78' lang='lat' dir='ltr'><strong><em>complectitur,</em></strong></span> <span class='ocrx_word' id='word_1_297' title='bbox 2125 3229 2386 3283; x_wconf 82' lang='lat' dir='ltr'><strong><em>accurate</em></strong></span> <span class='ocrx_word' id='word_1_298' title='bbox 2415 3220 2712 3291; x_wconf 82' lang='lat' dir='ltr'><strong><em>descriptas</em></strong></span> <span class='ocrx_word' id='word_1_299' title='bbox 2758 3221 2834 3282; x_wconf 85' lang='lat' dir='ltr'><strong><em>ad</em></strong></span> <span class='ocrx_word' id='word_1_300' title='bbox 2861 3238 2950 3281; x_wconf 89' lang='lat' dir='ltr'><strong><em>me</em></strong></span> <span class='ocrx_word' id='word_1_301' title='bbox 2979 3224 3297 3283; x_wconf 84' lang='lat' dir='ltr'><strong><em>transmisit</em></strong></span> <span class='ocrx_word' id='word_1_302' title='bbox 3320 3239 3341 3291; x_wconf 83' lang='lat'><strong><em>;</em></strong></span> <span class='ocrx_word' id='word_1_303' title='bbox 3373 3238 3529 3294; x_wconf 78' lang='lat' dir='ltr'><strong><em>quas,</em></strong></span> <span class='ocrx_word' id='word_1_304' title='bbox 3561 3239 3693 3283; x_wconf 83' lang='lat' dir='ltr'><strong><em>cum</em></strong></span> 
     </span>
    </p>
   </div>
   <div class='ocr_carea' id='block_1_27' title="bbox 265 3306 3688 3389">
    <p class='ocr_par' dir='ltr' id='par_1_27' title="bbox 265 3306 3688 3389">
     <span class='ocr_line' id='line_1_27' title="bbox 265 3306 3688 3389; baseline 0.001 -28"><span class='ocrx_word' id='word_1_305' title='bbox 265 3306 437 3379; x_wconf 85' lang='lat' dir='ltr'><strong><em>paulo</em></strong></span> <span class='ocrx_word' id='word_1_306' title='bbox 470 3307 648 3362; x_wconf 88' lang='lat' dir='ltr'><strong><em>serius</em></strong></span> <span class='ocrx_word' id='word_1_307' title='bbox 679 3306 918 3365; x_wconf 73' lang='lat' dir='ltr'><strong><em>advectae</em></strong></span> <span class='ocrx_word' id='word_1_308' title='bbox 945 3324 1053 3363; x_wconf 88' lang='lat' dir='ltr'><strong><em>non</em></strong></span> <span class='ocrx_word' id='word_1_309' title='bbox 1085 3312 1253 3364; x_wconf 86' lang='lat' dir='ltr'><strong><em>antea</em></strong></span> <span class='ocrx_word' id='word_1_310' title='bbox 1287 3309 1366 3364; x_wconf 89' lang='lat' dir='ltr'><strong><em>ad</em></strong></span> <span class='ocrx_word' id='word_1_311' title='bbox 1385 3326 1578 3364; x_wconf 88' lang='lat' dir='ltr'><strong><em>manus</em></strong></span> <span class='ocrx_word' id='word_1_312' title='bbox 1610 3326 1759 3365; x_wconf 86' lang='lat' dir='ltr'><strong><em>meas</em></strong></span> <span class='ocrx_word' id='word_1_313' title='bbox 1784 3315 2173 3382; x_wconf 75' lang='lat' dir='ltr'><strong><em>pervenerunt,</em></strong></span> <span class='ocrx_word' id='word_1_314' title='bbox 2205 3326 2370 3380; x_wconf 79' lang='lat' dir='ltr'><strong><em>quam</em></strong></span> <span class='ocrx_word' id='word_1_315' title='bbox 2398 3312 2610 3383; x_wconf 82' lang='lat' dir='ltr'><strong><em>priores</em></strong></span> <span class='ocrx_word' id='word_1_316' title='bbox 2640 3315 2875 3383; x_wconf 86' lang='lat' dir='ltr'><strong><em>quatuor</em></strong></span> <span class='ocrx_word' id='word_1_317' title='bbox 2904 3311 3060 3379; x_wconf 84' lang='lat' dir='ltr'><strong><em>libri,</em></strong></span> <span class='ocrx_word' id='word_1_318' title='bbox 3092 3329 3215 3371; x_wconf 89' lang='lat' dir='ltr'><strong><em>cum</em></strong></span> <span class='ocrx_word' id='word_1_319' title='bbox 3244 3313 3427 3389; x_wconf 82' lang='lat' dir='ltr'><strong><em>quinti</em></strong></span> <span class='ocrx_word' id='word_1_320' title='bbox 3458 3313 3688 3380; x_wconf 52' lang='lat' dir='ltr'><strong><em>princip</em></strong></span> 
     </span>
    </p>
   </div>
   <div class='ocr_carea' id='block_1_28' title="bbox 268 3396 2346 3471">
    <p class='ocr_par' dir='ltr' id='par_1_28' title="bbox 268 3396 2346 3471">
     <span class='ocr_line' id='line_1_28' title="bbox 268 3396 2346 3471; baseline 0.002 -21"><span class='ocrx_word' id='word_1_321' title='bbox 268 3397 381 3471; x_wconf 82' lang='lat' dir='ltr'><strong><em>pio,</em></strong></span> <span class='ocrx_word' id='word_1_322' title='bbox 414 3413 444 3452; x_wconf 88' lang='lat' dir='ltr'><strong><em>e</em></strong></span> <span class='ocrx_word' id='word_1_323' title='bbox 469 3396 644 3468; x_wconf 67' lang='lat' dir='ltr'><strong><em>praete</em></strong></span> <span class='ocrx_word' id='word_1_324' title='bbox 671 3400 999 3468; x_wconf 81' lang='lat' dir='ltr'><strong><em>evasissent,</em></strong></span> <span class='ocrx_word' id='word_1_325' title='bbox 1033 3398 1103 3452; x_wconf 89' lang='lat' dir='ltr'><strong><em>ad</em></strong></span> <span class='ocrx_word' id='word_1_326' title='bbox 1130 3398 1337 3454; x_wconf 91' lang='lat' dir='ltr'><strong><em>calcem</em></strong></span> <span class='ocrx_word' id='word_1_327' title='bbox 1364 3400 1545 3470; x_wconf 82' lang='lat' dir='ltr'><strong><em>operis</em></strong></span> <span class='ocrx_word' id='word_1_328' title='bbox 1572 3398 1742 3454; x_wconf 88' lang='lat' dir='ltr'><strong><em>simul</em></strong></span> <span class='ocrx_word' id='word_1_329' title='bbox 1770 3397 2105 3455; x_wconf 74' lang='lat' dir='ltr'><strong><em>exhibendas</em></strong></span> <span class='ocrx_word' id='word_1_330' title='bbox 2133 3400 2346 3461; x_wconf 79' lang='lat' dir='ltr'><strong><em>curavi.</em></strong></span> 
     </span>
    </p>
   </div>
   <div class='ocr_carea' id='block_1_29' title="bbox 343 3482 3693 3561">
    <p class='ocr_par' dir='ltr' id='par_1_29' title="bbox 343 3482 3693 3561">
     <span class='ocr_line' id='line_1_29' title="bbox 343 3482 3693 3561; baseline 0.004 -22"><span class='ocrx_word' id='word_1_331' title='bbox 343 3482 399 3541; x_wconf 84' lang='lat'><strong><em>8.</em></strong></span> <span class='ocrx_word' id='word_1_332' title='bbox 431 3485 760 3556; x_wconf 62' lang='lat' dir='ltr'><strong><em>Scriptura,</em></strong></span> <span class='ocrx_word' id='word_1_333' title='bbox 794 3500 1006 3541; x_wconf 86' lang='lat' dir='ltr'><strong><em>necnon</em></strong></span> <span class='ocrx_word' id='word_1_334' title='bbox 1043 3482 1287 3552; x_wconf 86' lang='lat' dir='ltr'><strong><em>aliorum</em></strong></span> <span class='ocrx_word' id='word_1_335' title='bbox 1333 3491 1581 3543; x_wconf 84' lang='lat' dir='ltr'><strong><em>veterum</em></strong></span> <span class='ocrx_word' id='word_1_336' title='bbox 1628 3486 1893 3542; x_wconf 85' lang='lat' dir='ltr'><strong><em>librorum</em></strong></span> <span class='ocrx_word' id='word_1_337' title='bbox 1936 3487 2155 3552; x_wconf 79' lang='lat' dir='ltr'><strong><em>vocibus</em></strong></span> <span class='ocrx_word' id='word_1_338' title='bbox 2211 3506 2246 3547; x_wconf 88' lang='lat' dir='ltr'><strong><em>a</em></strong></span> <span class='ocrx_word' id='word_1_339' title='bbox 2295 3486 2592 3551; x_wconf 81' lang='lat' dir='ltr'><strong><em>Clementis</em></strong></span> <span class='ocrx_word' id='word_1_340' title='bbox 2637 3490 2814 3547; x_wconf 82' lang='lat' dir='ltr'><strong><em>nostri</em></strong></span> <span class='ocrx_word' id='word_1_341' title='bbox 2850 3488 3029 3549; x_wconf 86' lang='lat' dir='ltr'><strong><em>verbis</em></strong></span> <span class='ocrx_word' id='word_1_342' title='bbox 3064 3488 3490 3560; x_wconf 81' lang='lat' dir='ltr'><strong><em>distinguendis,</em></strong></span> <span class='ocrx_word' id='word_1_343' title='bbox 3546 3489 3693 3561; x_wconf 82' lang='lat' dir='ltr'><strong><em>quod</em></strong></span> 
     </span>
    </p>
   </div>
   <div class='ocr_carea' id='block_1_30' title="bbox 269 3575 3688 3657">
    <p class='ocr_par' dir='ltr' id='par_1_30' title="bbox 269 3575 3688 3657">
     <span class='ocr_line' id='line_1_30' title="bbox 269 3575 3688 3657; baseline 0.002 -29"><span class='ocrx_word' id='word_1_344' title='bbox 269 3588 428 3629; x_wconf 86' lang='lat' dir='ltr'><strong><em>nemo</em></strong></span> <span class='ocrx_word' id='word_1_345' title='bbox 457 3575 715 3630; x_wconf 79' lang='lat' dir='ltr'><strong><em>hactenus</em></strong></span> <span class='ocrx_word' id='word_1_346' title='bbox 742 3577 877 3630; x_wconf 86' lang='lat' dir='ltr'><strong><em>satis</em></strong></span> <span class='ocrx_word' id='word_1_347' title='bbox 908 3588 1162 3632; x_wconf 83' lang='lat' dir='ltr'><strong><em>accurate</em></strong></span> <span class='ocrx_word' id='word_1_348' title='bbox 1190 3578 1475 3647; x_wconf 65' lang='lat' dir='ltr'><strong><em>praestitit,</em></strong></span> <span class='ocrx_word' id='word_1_349' title='bbox 1501 3589 1612 3632; x_wconf 82' lang='lat' dir='ltr'><strong><em>non</em></strong></span> <span class='ocrx_word' id='word_1_350' title='bbox 1633 3590 1837 3648; x_wconf 81' lang='lat' dir='ltr'><strong><em>parvus</em></strong></span> <span class='ocrx_word' id='word_1_351' title='bbox 1883 3576 2104 3657; x_wconf 79' lang='lat' dir='ltr'><strong><em>quidem</em></strong></span> <span class='ocrx_word' id='word_1_352' title='bbox 2134 3576 2308 3643; x_wconf 92' lang='lat' dir='ltr'><strong><em>labor,</em></strong></span> <span class='ocrx_word' id='word_1_353' title='bbox 2342 3592 2529 3639; x_wconf 79' lang='lat' dir='ltr'><strong><em>verum</em></strong></span> <span class='ocrx_word' id='word_1_354' title='bbox 2558 3578 2631 3644; x_wconf 80' lang='lat' dir='ltr'><strong><em>ei,</em></strong></span> <span class='ocrx_word' id='word_1_355' title='bbox 2680 3578 2778 3648; x_wconf 82' lang='lat' dir='ltr'><strong><em>qui</em></strong></span> <span class='ocrx_word' id='word_1_356' title='bbox 2808 3584 3096 3641; x_wconf 83' lang='lat' dir='ltr'><strong><em>auctorem</em></strong></span> <span class='ocrx_word' id='word_1_357' title='bbox 3124 3577 3271 3637; x_wconf 85' lang='lat' dir='ltr'><strong><em>hunc</em></strong></span> <span class='ocrx_word' id='word_1_358' title='bbox 3291 3577 3688 3650; x_wconf 80' lang='lat' dir='ltr'><strong><em>explicandum</em></strong></span> 
     </span>
    </p>
   </div>
   <div class='ocr_carea' id='block_1_31' title="bbox 269 3653 3690 3743">
    <p class='ocr_par' dir='ltr' id='par_1_31' title="bbox 269 3653 3690 3743">
     <span class='ocr_line' id='line_1_31' title="bbox 269 3653 3690 3743; baseline 0.001 -24"><span class='ocrx_word' id='word_1_359' title='bbox 269 3664 586 3736; x_wconf 87' lang='lat' dir='ltr'><strong><em>susciperet,</em></strong></span> <span class='ocrx_word' id='word_1_360' title='bbox 620 3666 679 3719; x_wconf 89' lang='lat' dir='ltr'><strong><em>in</em></strong></span> <span class='ocrx_word' id='word_1_361' title='bbox 707 3666 907 3743; x_wconf 88' lang='lat' dir='ltr'><strong><em>primis</em></strong></span> <span class='ocrx_word' id='word_1_362' title='bbox 932 3668 1293 3737; x_wconf 86' lang='lat' dir='ltr'><strong><em>necessarius,</em></strong></span> <span class='ocrx_word' id='word_1_363' title='bbox 1346 3665 1748 3743; x_wconf 76' lang='lat' dir='ltr'><strong><em>impendendus</em></strong></span> <span class='ocrx_word' id='word_1_364' title='bbox 1794 3653 1923 3737; x_wconf 84' lang='lat' dir='ltr'><strong><em>fuit.</em></strong></span> <span class='ocrx_word' id='word_1_365' title='bbox 1973 3653 2234 3720; x_wconf 78' lang='lat' dir='ltr'><strong><em>Latinam</em></strong></span> <span class='ocrx_word' id='word_1_366' title='bbox 2282 3681 2406 3719; x_wconf 89' lang='lat' dir='ltr'><strong><em>vero</em></strong></span> <span class='ocrx_word' id='word_1_367' title='bbox 2453 3664 2780 3731; x_wconf 74' lang='lat' dir='ltr'><strong><em>versionem,</em></strong></span> <span class='ocrx_word' id='word_1_368' title='bbox 2831 3682 2926 3722; x_wconf 87' lang='lat' dir='ltr'><strong><em>seu</em></strong></span> <span class='ocrx_word' id='word_1_369' title='bbox 2956 3683 3154 3722; x_wconf 87' lang='lat' dir='ltr'><strong><em>novam</em></strong></span> <span class='ocrx_word' id='word_1_370' title='bbox 3175 3667 3530 3736; x_wconf 84' lang='lat' dir='ltr'><strong><em>concinnare,</em></strong></span> <span class='ocrx_word' id='word_1_371' title='bbox 3588 3683 3690 3729; x_wconf 83' lang='lat' dir='ltr'><strong><em>seu</em></strong></span> 
     </span>
    </p>
   </div>
   <div class='ocr_carea' id='block_1_32' title="bbox 271 3748 3690 3834">
    <p class='ocr_par' dir='ltr' id='par_1_32' title="bbox 271 3748 3690 3834">
     <span class='ocr_line' id='line_1_32' title="bbox 271 3748 3690 3834; baseline -0 -24"><span class='ocrx_word' id='word_1_372' title='bbox 271 3759 507 3810; x_wconf 85' lang='lat' dir='ltr'><strong><em>veterem</em></strong></span> <span class='ocrx_word' id='word_1_373' title='bbox 545 3755 854 3825; x_wconf 83' lang='lat' dir='ltr'><strong><em>emendare,</em></strong></span> <span class='ocrx_word' id='word_1_374' title='bbox 887 3748 1124 3828; x_wconf 80' lang='lat' dir='ltr'><strong><em>majoris</em></strong></span> <span class='ocrx_word' id='word_1_375' title='bbox 1153 3757 1336 3812; x_wconf 88' lang='lat' dir='ltr'><strong><em>adhuc</em></strong></span> <span class='ocrx_word' id='word_1_376' title='bbox 1363 3758 1540 3828; x_wconf 78' lang='lat' dir='ltr'><strong><em>operis</em></strong></span> <span class='ocrx_word' id='word_1_377' title='bbox 1568 3770 1652 3811; x_wconf 89' lang='lat' dir='ltr'><strong><em>res</em></strong></span> <span class='ocrx_word' id='word_1_378' title='bbox 1673 3757 1809 3812; x_wconf 89' lang='lat' dir='ltr'><strong><em>erat.</em></strong></span> <span class='ocrx_word' id='word_1_379' title='bbox 1840 3754 1981 3810; x_wconf 86' lang='lat' dir='ltr'><strong><em>Nam</em></strong></span> <span class='ocrx_word' id='word_1_380' title='bbox 2013 3755 2238 3815; x_wconf 70' lang='lat' dir='ltr'><strong><em>Herveli</em></strong></span> <span class='ocrx_word' id='word_1_381' title='bbox 2265 3753 2676 3826; x_wconf 82' lang='lat' dir='ltr'><strong><em>interpretatio,</em></strong></span> <span class='ocrx_word' id='word_1_382' title='bbox 2724 3771 2845 3834; x_wconf 73' lang='lat' dir='ltr'><strong><em>quzr</em></strong></span> <span class='ocrx_word' id='word_1_383' title='bbox 2876 3758 2935 3809; x_wconf 89' lang='lat' dir='ltr'><strong><em>in</em></strong></span> <span class='ocrx_word' id='word_1_384' title='bbox 2984 3755 3272 3819; x_wconf 84' lang='lat' dir='ltr'><strong><em>hominum</em></strong></span> <span class='ocrx_word' id='word_1_385' title='bbox 3320 3755 3578 3813; x_wconf 86' lang='lat' dir='ltr'><strong><em>manibus</em></strong></span> <span class='ocrx_word' id='word_1_386' title='bbox 3623 3762 3690 3810; x_wconf 87' lang='lat' dir='ltr'><strong><em>ut</em></strong></span> 
     </span>
    </p>
   </div>
   <div class='ocr_carea' id='block_1_33' title="bbox 270 3840 3688 3915">
    <p class='ocr_par' dir='ltr' id='par_1_33' title="bbox 270 3840 3688 3915">
     <span class='ocr_line' id='line_1_33' title="bbox 270 3840 3688 3915; baseline 0.001 -19"><span class='ocrx_word' id='word_1_387' title='bbox 270 3844 579 3915; x_wconf 83' lang='lat' dir='ltr'><strong><em>plurimum</em></strong></span> <span class='ocrx_word' id='word_1_388' title='bbox 627 3849 878 3899; x_wconf 82' lang='lat' dir='ltr'><strong><em>versatur</em></strong></span> <span class='ocrx_word' id='word_1_389' title='bbox 930 3853 982 3900; x_wconf 92' lang='lat' dir='ltr'><strong><em>et</em></strong></span> <span class='ocrx_word' id='word_1_390' title='bbox 1022 3849 1378 3915; x_wconf 82' lang='lat' dir='ltr'><strong><em>posteriorem</em></strong></span> <span class='ocrx_word' id='word_1_391' title='bbox 1427 3845 1719 3901; x_wconf 81' lang='lat' dir='ltr'><strong><em>Clementis</em></strong></span> <span class='ocrx_word' id='word_1_392' title='bbox 1749 3843 2067 3899; x_wconf 80' lang='lat' dir='ltr'><strong><em>Editionum</em></strong></span> <span class='ocrx_word' id='word_1_393' title='bbox 2099 3858 2271 3898; x_wconf 81' lang='lat' dir='ltr'><strong><em>comes</em></strong></span> <span class='ocrx_word' id='word_1_394' title='bbox 2296 3851 2373 3899; x_wconf 88' lang='lat' dir='ltr'><strong><em>est</em></strong></span> <span class='ocrx_word' id='word_1_395' title='bbox 2404 3840 2718 3909; x_wconf 84' lang='lat' dir='ltr'><strong><em>individua,</em></strong></span> <span class='ocrx_word' id='word_1_396' title='bbox 2753 3844 2933 3900; x_wconf 86' lang='lat' dir='ltr'><strong><em>liceta</em></strong></span> <span class='ocrx_word' id='word_1_397' title='bbox 2964 3843 3136 3900; x_wconf 88' lang='lat' dir='ltr'><strong><em>doctis</em></strong></span> <span class='ocrx_word' id='word_1_398' title='bbox 3165 3844 3394 3900; x_wconf 80' lang='lat' dir='ltr'><strong><em>antehac</em></strong></span> <span class='ocrx_word' id='word_1_399' title='bbox 3440 3843 3581 3899; x_wconf 84' lang='lat' dir='ltr'><strong><em>viris</em></strong></span> <span class='ocrx_word' id='word_1_400' title='bbox 3622 3844 3688 3898; x_wconf 80' lang='lat' dir='ltr'><strong><em>in</em></strong></span> 
     </span>
    </p>
   </div>
   <div class='ocr_carea' id='block_1_34' title="bbox 273 3928 3694 4003">
    <p class='ocr_par' dir='ltr' id='par_1_34' title="bbox 273 3928 3694 4003">
     <span class='ocr_line' id='line_1_34' title="bbox 273 3928 3694 4003; baseline -0.001 -16"><span class='ocrx_word' id='word_1_401' title='bbox 273 3928 479 3987; x_wconf 82' lang='lat' dir='ltr'><strong><em>melius</em></strong></span> <span class='ocrx_word' id='word_1_402' title='bbox 513 3944 658 4002; x_wconf 66' lang='lat' dir='ltr'><strong><em>saepe</em></strong></span> <span class='ocrx_word' id='word_1_403' title='bbox 685 3936 937 3995; x_wconf 85' lang='lat' dir='ltr'><strong><em>mutata;</em></strong></span> <span class='ocrx_word' id='word_1_404' title='bbox 966 3935 1146 3989; x_wconf 74' lang='lat' dir='ltr'><strong><em>adhuc</em></strong></span> <span class='ocrx_word' id='word_1_405' title='bbox 1170 3939 1363 3989; x_wconf 85' lang='lat' dir='ltr'><strong><em>tamen</em></strong></span> <span class='ocrx_word' id='word_1_406' title='bbox 1393 3933 1453 3988; x_wconf 85' lang='lat' dir='ltr'><strong><em>in</em></strong></span> <span class='ocrx_word' id='word_1_407' title='bbox 1481 3932 1673 3987; x_wconf 84' lang='lat' dir='ltr'><strong><em>multis</em></strong></span> <span class='ocrx_word' id='word_1_408' title='bbox 1701 3933 1767 3987; x_wconf 92' lang='lat' dir='ltr'><strong><em>ab</em></strong></span> <span class='ocrx_word' id='word_1_409' title='bbox 1798 3932 2037 3986; x_wconf 82' lang='lat' dir='ltr'><strong><em>auctoris</em></strong></span> <span class='ocrx_word' id='word_1_410' title='bbox 2065 3940 2247 3985; x_wconf 81' lang='lat' dir='ltr'><strong><em>mente</em></strong></span> <span class='ocrx_word' id='word_1_411' title='bbox 2275 3933 2416 3987; x_wconf 77' lang='lat' dir='ltr'><strong><em>adeo</em></strong></span> <span class='ocrx_word' id='word_1_412' title='bbox 2446 3932 2653 4001; x_wconf 82' lang='lat' dir='ltr'><strong><em>aliena,</em></strong></span> <span class='ocrx_word' id='word_1_413' title='bbox 2688 3934 2749 3987; x_wconf 84' lang='lat' dir='ltr'><strong><em>in</em></strong></span> <span class='ocrx_word' id='word_1_414' title='bbox 2781 3932 2911 3993; x_wconf 81' lang='lat' dir='ltr'><strong><em>aliis</em></strong></span> <span class='ocrx_word' id='word_1_415' title='bbox 2951 3949 3146 3993; x_wconf 86' lang='lat' dir='ltr'><strong><em>manca</em></strong></span> <span class='ocrx_word' id='word_1_416' title='bbox 3176 3941 3228 3993; x_wconf 91' lang='lat' dir='ltr'><strong><em>et</em></strong></span> <span class='ocrx_word' id='word_1_417' title='bbox 3254 3933 3594 4003; x_wconf 85' lang='lat' dir='ltr'><strong><em>imper/ecta,</em></strong></span> <span class='ocrx_word' id='word_1_418' title='bbox 3626 3931 3694 3985; x_wconf 78' lang='lat' dir='ltr'><strong><em>in</em></strong></span> 
     </span>
    </p>
   </div>
   <div class='ocr_carea' id='block_1_35' title="bbox 270 4020 3696 4093">
    <p class='ocr_par' dir='ltr' id='par_1_35' title="bbox 270 4020 3696 4093">
     <span class='ocr_line' id='line_1_35' title="bbox 270 4020 3696 4093; baseline 0 -17"><span class='ocrx_word' id='word_1_419' title='bbox 270 4020 702 4092; x_wconf 82' lang='lat' dir='ltr'><strong><em>quamplurimis</em></strong></span> <span class='ocrx_word' id='word_1_420' title='bbox 729 4020 991 4092; x_wconf 83' lang='lat' dir='ltr'><strong><em>ambigua</em></strong></span> <span class='ocrx_word' id='word_1_421' title='bbox 1023 4030 1072 4078; x_wconf 88' lang='lat' dir='ltr'><strong><em>et</em></strong></span> <span class='ocrx_word' id='word_1_422' title='bbox 1100 4022 1325 4078; x_wconf 84' lang='lat' dir='ltr'><strong><em>obscura</em></strong></span> <span class='ocrx_word' id='word_1_423' title='bbox 1354 4032 1453 4089; x_wconf 88' lang='lat' dir='ltr'><strong><em>est,</em></strong></span> <span class='ocrx_word' id='word_1_424' title='bbox 1487 4031 1546 4076; x_wconf 83' lang='lat' dir='ltr'><strong><em>ut</em></strong></span> <span class='ocrx_word' id='word_1_425' title='bbox 1575 4032 1721 4089; x_wconf 60' lang='lat' dir='ltr'><strong><em>serpe</em></strong></span> <span class='ocrx_word' id='word_1_426' title='bbox 1754 4023 1812 4075; x_wconf 84' lang='lat' dir='ltr'><strong><em>in</em></strong></span> <span class='ocrx_word' id='word_1_427' title='bbox 1842 4021 1959 4091; x_wconf 82' lang='lat' dir='ltr'><strong><em>ipso</em></strong></span> <span class='ocrx_word' id='word_1_428' title='bbox 1992 4020 2262 4081; x_wconf 82' lang='lat' dir='ltr'><strong><em>Clemente</em></strong></span> <span class='ocrx_word' id='word_1_429' title='bbox 2293 4020 2439 4075; x_wconf 85' lang='lat' dir='ltr'><strong><em>nihil</em></strong></span> <span class='ocrx_word' id='word_1_430' title='bbox 2485 4023 2666 4091; x_wconf 87' lang='lat' dir='ltr'><strong><em>magis</em></strong></span> <span class='ocrx_word' id='word_1_431' title='bbox 2696 4038 2860 4093; x_wconf 89' lang='lat' dir='ltr'><strong><em>quam</em></strong></span> <span class='ocrx_word' id='word_1_432' title='bbox 2896 4024 3232 4077; x_wconf 82' lang='lat' dir='ltr'><strong><em>Clementem</em></strong></span> <span class='ocrx_word' id='word_1_433' title='bbox 3263 4022 3559 4088; x_wconf 83' lang='lat' dir='ltr'><strong><em>desideres,</em></strong></span> <span class='ocrx_word' id='word_1_434' title='bbox 3590 4028 3696 4076; x_wconf 81' lang='lat' dir='ltr'><strong><em>nec</em></strong></span> 
     </span>
    </p>
   </div>
   <div class='ocr_carea' id='block_1_36' title="bbox 269 4109 3691 4183">
    <p class='ocr_par' dir='ltr' id='par_1_36' title="bbox 269 4109 3691 4183">
     <span class='ocr_line' id='line_1_36' title="bbox 269 4109 3691 4183; baseline 0.001 -20"><span class='ocrx_word' id='word_1_435' title='bbox 269 4124 398 4165; x_wconf 85' lang='lat' dir='ltr'><strong><em>raro</em></strong></span> <span class='ocrx_word' id='word_1_436' title='bbox 429 4112 633 4167; x_wconf 82' lang='lat' dir='ltr'><strong><em>Latina</em></strong></span> <span class='ocrx_word' id='word_1_437' title='bbox 664 4109 849 4181; x_wconf 89' lang='lat' dir='ltr'><strong><em>potius</em></strong></span> <span class='ocrx_word' id='word_1_438' title='bbox 873 4128 906 4166; x_wconf 90' lang='lat' dir='ltr'><strong><em>a</em></strong></span> <span class='ocrx_word' id='word_1_439' title='bbox 935 4112 1155 4180; x_wconf 75' lang='lat' dir='ltr'><strong><em>Graecis,</em></strong></span> <span class='ocrx_word' id='word_1_440' title='bbox 1184 4129 1353 4183; x_wconf 85' lang='lat' dir='ltr'><strong><em>quam</em></strong></span> <span class='ocrx_word' id='word_1_441' title='bbox 1387 4111 1506 4168; x_wconf 54' lang='lat' dir='ltr'><strong><em>hac</em></strong></span> <span class='ocrx_word' id='word_1_442' title='bbox 1534 4113 1608 4165; x_wconf 87' lang='lat' dir='ltr'><strong><em>ab</em></strong></span> <span class='ocrx_word' id='word_1_443' title='bbox 1636 4111 1751 4166; x_wconf 80' lang='lat' dir='ltr'><strong><em>illis</em></strong></span> <span class='ocrx_word' id='word_1_444' title='bbox 1773 4111 1948 4165; x_wconf 85' lang='lat' dir='ltr'><strong><em>lucem</em></strong></span> <span class='ocrx_word' id='word_1_445' title='bbox 1980 4114 2293 4180; x_wconf 68' lang='lat' dir='ltr'><strong><em>exspectent</em></strong></span> <span class='ocrx_word' id='word_1_446' title='bbox 2319 4128 2331 4178; x_wconf 89' lang='lat'><strong>;</strong></span> <span class='ocrx_word' id='word_1_447' title='bbox 2364 4112 2413 4167; x_wconf 90' lang='lat' dir='ltr'><strong><em>ct</em></strong></span> <span class='ocrx_word' id='word_1_448' title='bbox 2444 4111 2543 4181; x_wconf 86' lang='lat' dir='ltr'><strong><em>qui</em></strong></span> <span class='ocrx_word' id='word_1_449' title='bbox 2570 4111 2712 4166; x_wconf 87' lang='lat' dir='ltr'><strong><em>hanc</em></strong></span> <span class='ocrx_word' id='word_1_450' title='bbox 2742 4113 2993 4182; x_wconf 83' lang='lat' dir='ltr'><strong><em>denique,</em></strong></span> <span class='ocrx_word' id='word_1_451' title='bbox 3025 4115 3194 4183; x_wconf 87' lang='lat' dir='ltr'><strong><em>prout</em></strong></span> <span class='ocrx_word' id='word_1_452' title='bbox 3219 4128 3308 4173; x_wconf 86' lang='lat' dir='ltr'><strong><em>res</em></strong></span> <span class='ocrx_word' id='word_1_453' title='bbox 3337 4113 3541 4180; x_wconf 85' lang='lat' dir='ltr'><strong><em>exigit,</em></strong></span> <span class='ocrx_word' id='word_1_454' title='bbox 3571 4127 3691 4166; x_wconf 84' lang='lat' dir='ltr'><strong><em>cor—</em></strong></span> 
     </span>
    </p>
   </div>
   <div class='ocr_carea' id='block_1_37' title="bbox 269 4194 3689 4275">
    <p class='ocr_par' dir='ltr' id='par_1_37' title="bbox 269 4194 3689 4275">
     <span class='ocr_line' id='line_1_37' title="bbox 269 4194 3689 4275; baseline 0.001 -25"><span class='ocrx_word' id='word_1_455' title='bbox 269 4196 555 4267; x_wconf 73' lang='lat' dir='ltr'><strong><em>rlgendam</em></strong></span> <span class='ocrx_word' id='word_1_456' title='bbox 602 4200 930 4269; x_wconf 82' lang='lat' dir='ltr'><strong><em>susciperet,</em></strong></span> <span class='ocrx_word' id='word_1_457' title='bbox 980 4199 1182 4269; x_wconf 65' lang='lat' dir='ltr'><strong><em>Augeae</em></strong></span> <span class='ocrx_word' id='word_1_458' title='bbox 1222 4200 1392 4275; x_wconf 79' lang='lat' dir='ltr'><strong><em>plane</em></strong></span> <span class='ocrx_word' id='word_1_459' title='bbox 1424 4198 1701 4252; x_wconf 82' lang='lat' dir='ltr'><strong><em>stabulum</em></strong></span> <span class='ocrx_word' id='word_1_460' title='bbox 1746 4213 1985 4268; x_wconf 85' lang='lat' dir='ltr'><strong><em>purgare</em></strong></span> <span class='ocrx_word' id='word_1_461' title='bbox 2038 4196 2330 4254; x_wconf 83' lang='lat' dir='ltr'><strong><em>videretur.</em></strong></span> <span class='ocrx_word' id='word_1_462' title='bbox 2371 4194 2610 4254; x_wconf 81' lang='lat' dir='ltr'><strong><em>Proinde</em></strong></span> <span class='ocrx_word' id='word_1_463' title='bbox 2657 4197 3138 4253; x_wconf 78' lang='lat' dir='ltr'><strong><em>Cohortationem</em></strong></span> <span class='ocrx_word' id='word_1_464' title='bbox 3202 4198 3274 4257; x_wconf 85' lang='lat' dir='ltr'><strong><em>ad</em></strong></span> <span class='ocrx_word' id='word_1_465' title='bbox 3325 4199 3557 4254; x_wconf 80' lang='lat' dir='ltr'><strong><em>Graecos</em></strong></span> <span class='ocrx_word' id='word_1_466' title='bbox 3615 4213 3689 4252; x_wconf 89' lang='lat' dir='ltr'><strong><em>ex</em></strong></span> 
     </span>
    </p>
   </div>
   <div class='ocr_carea' id='block_1_38' title="bbox 272 4280 3692 4365">
    <p class='ocr_par' dir='ltr' id='par_1_38' title="bbox 272 4280 3692 4365">
     <span class='ocr_line' id='line_1_38' title="bbox 272 4280 3692 4365; baseline 0.001 -26"><span class='ocrx_word' id='word_1_467' title='bbox 272 4285 463 4342; x_wconf 67' lang='lat' dir='ltr'><strong><em>Grtrca</em></strong></span> <span class='ocrx_word' id='word_1_468' title='bbox 497 4286 752 4342; x_wconf 86' lang='lat' dir='ltr'><strong><em>Latinam</em></strong></span> <span class='ocrx_word' id='word_1_469' title='bbox 782 4290 980 4343; x_wconf 84' lang='lat' dir='ltr'><strong><em>lterum</em></strong></span> <span class='ocrx_word' id='word_1_470' title='bbox 1006 4289 1258 4359; x_wconf 78' lang='lat' dir='ltr'><strong><em>fecimus,</em></strong></span> <span class='ocrx_word' id='word_1_471' title='bbox 1291 4287 1362 4342; x_wconf 85' lang='lat' dir='ltr'><strong><em>ad</em></strong></span> <span class='ocrx_word' id='word_1_472' title='bbox 1392 4286 1697 4359; x_wconf 77' lang='lat' dir='ltr'><strong><em>Paedagogi</em></strong></span> <span class='ocrx_word' id='word_1_473' title='bbox 1730 4287 1925 4362; x_wconf 81' lang='lat' dir='ltr'><strong><em>forsan</em></strong></span> <span class='ocrx_word' id='word_1_474' title='bbox 1955 4304 2020 4343; x_wconf 91' lang='lat' dir='ltr'><strong><em>ac</em></strong></span> <span class='ocrx_word' id='word_1_475' title='bbox 2051 4288 2409 4343; x_wconf 80' lang='lat' dir='ltr'><strong><em>Stromatum</em></strong></span> <span class='ocrx_word' id='word_1_476' title='bbox 2435 4289 2607 4349; x_wconf 85' lang='lat' dir='ltr'><strong><em>etiam</em></strong></span> <span class='ocrx_word' id='word_1_477' title='bbox 2644 4285 2812 4343; x_wconf 87' lang='lat' dir='ltr'><strong><em>libros</em></strong></span> <span class='ocrx_word' id='word_1_478' title='bbox 2838 4289 3214 4360; x_wconf 77' lang='lat' dir='ltr'><strong><em>progressuri,</em></strong></span> <span class='ocrx_word' id='word_1_479' title='bbox 3263 4280 3384 4365; x_wconf 84' lang='lat' dir='ltr'><strong><em>nisi</em></strong></span> <span class='ocrx_word' id='word_1_480' title='bbox 3423 4288 3542 4342; x_wconf 80' lang='lat' dir='ltr'><strong><em>alia</em></strong></span> <span class='ocrx_word' id='word_1_481' title='bbox 3588 4300 3692 4342; x_wconf 83' lang='lat' dir='ltr'><strong><em>nos</em></strong></span> 
     </span>
    </p>
   </div>
   <div class='ocr_carea' id='block_1_39' title="bbox 272 4374 3692 4448">
    <p class='ocr_par' dir='ltr' id='par_1_39' title="bbox 272 4374 3692 4448">
     <span class='ocr_line' id='line_1_39' title="bbox 272 4374 3692 4448; baseline -0 -18"><span class='ocrx_word' id='word_1_482' title='bbox 272 4374 481 4442; x_wconf 86' lang='lat' dir='ltr'><strong><em>studia,</em></strong></span> <span class='ocrx_word' id='word_1_483' title='bbox 540 4392 660 4446; x_wconf 63' lang='lat' dir='ltr'><strong><em>qum</em></strong></span> <span class='ocrx_word' id='word_1_484' title='bbox 699 4376 911 4431; x_wconf 85' lang='lat' dir='ltr'><strong><em>diutius</em></strong></span> <span class='ocrx_word' id='word_1_485' title='bbox 960 4379 1331 4432; x_wconf 81' lang='lat' dir='ltr'><strong><em>intermittere</em></strong></span> <span class='ocrx_word' id='word_1_486' title='bbox 1370 4376 1520 4432; x_wconf 83' lang='lat' dir='ltr'><strong><em>haud</em></strong></span> <span class='ocrx_word' id='word_1_487' title='bbox 1567 4377 1746 4443; x_wconf 81' lang='lat' dir='ltr'><strong><em>licuit,</em></strong></span> <span class='ocrx_word' id='word_1_488' title='bbox 1796 4390 1856 4433; x_wconf 86' lang='lat' dir='ltr'><strong><em>eo</em></strong></span> <span class='ocrx_word' id='word_1_489' title='bbox 1904 4377 2128 4433; x_wconf 85' lang='lat' dir='ltr'><strong><em>tandem</em></strong></span> <span class='ocrx_word' id='word_1_490' title='bbox 2173 4378 2584 4448; x_wconf 82' lang='lat' dir='ltr'><strong><em>compulissent,</em></strong></span> <span class='ocrx_word' id='word_1_491' title='bbox 2635 4379 2695 4430; x_wconf 90' lang='lat' dir='ltr'><strong><em>ut</em></strong></span> <span class='ocrx_word' id='word_1_492' title='bbox 2737 4377 2803 4431; x_wconf 89' lang='lat' dir='ltr'><strong><em>de</em></strong></span> <span class='ocrx_word' id='word_1_493' title='bbox 2852 4377 3075 4431; x_wconf 84' lang='lat' dir='ltr'><strong><em>Herveto</em></strong></span> <span class='ocrx_word' id='word_1_494' title='bbox 3121 4378 3309 4448; x_wconf 85' lang='lat' dir='ltr'><strong><em>potius</em></strong></span> <span class='ocrx_word' id='word_1_495' title='bbox 3343 4374 3413 4431; x_wconf 89' lang='lat' dir='ltr'><strong><em>ad</em></strong></span> <span class='ocrx_word' id='word_1_496' title='bbox 3437 4374 3692 4437; x_wconf 74' lang='lat' dir='ltr'><strong><em>Graecum</em></strong></span> 
     </span>
    </p>
   </div>
   <div class='ocr_carea' id='block_1_40' title="bbox 273 4464 3692 4537">
    <p class='ocr_par' dir='ltr' id='par_1_40' title="bbox 273 4464 3692 4537">
     <span class='ocr_line' id='line_1_40' title="bbox 273 4464 3692 4537; baseline 0 -19"><span class='ocrx_word' id='word_1_497' title='bbox 273 4471 489 4518; x_wconf 78' lang='lat' dir='ltr'><strong><em>textum</em></strong></span> <span class='ocrx_word' id='word_1_498' title='bbox 520 4464 971 4521; x_wconf 81' lang='lat' dir='ltr'><strong><em>accommodanda</em></strong></span> <span class='ocrx_word' id='word_1_499' title='bbox 1001 4467 1258 4536; x_wconf 78' lang='lat' dir='ltr'><strong><em>deinceps</em></strong></span> <span class='ocrx_word' id='word_1_500' title='bbox 1286 4465 1692 4536; x_wconf 83' lang='lat' dir='ltr'><strong><em>cogitaremus;</em></strong></span> <span class='ocrx_word' id='word_1_501' title='bbox 1724 4467 1838 4536; x_wconf 79' lang='lat' dir='ltr'><strong><em>qui,</em></strong></span> <span class='ocrx_word' id='word_1_502' title='bbox 1870 4470 2035 4537; x_wconf 78' lang='lat' dir='ltr'><strong><em>prout</em></strong></span> <span class='ocrx_word' id='word_1_503' title='bbox 2065 4480 2214 4521; x_wconf 88' lang='lat' dir='ltr'><strong><em>nunc</em></strong></span> <span class='ocrx_word' id='word_1_504' title='bbox 2238 4470 2493 4537; x_wconf 85' lang='lat' dir='ltr'><strong><em>apparet,</em></strong></span> <span class='ocrx_word' id='word_1_505' title='bbox 2526 4464 2751 4527; x_wconf 77' lang='lat' dir='ltr'><strong><em>etiamsi</em></strong></span> <span class='ocrx_word' id='word_1_506' title='bbox 2776 4480 2982 4535; x_wconf 86' lang='lat' dir='ltr'><strong><em>parum</em></strong></span> <span class='ocrx_word' id='word_1_507' title='bbox 3011 4465 3232 4535; x_wconf 85' lang='lat' dir='ltr'><strong><em>elegans</em></strong></span> <span class='ocrx_word' id='word_1_508' title='bbox 3260 4472 3311 4525; x_wconf 92' lang='lat' dir='ltr'><strong><em>et</em></strong></span> <span class='ocrx_word' id='word_1_509' title='bbox 3340 4473 3592 4533; x_wconf 80' lang='lat' dir='ltr'><strong><em>ornatus,</em></strong></span> <span class='ocrx_word' id='word_1_510' title='bbox 3629 4465 3692 4519; x_wconf 82' lang='lat' dir='ltr'><strong><em>in</em></strong></span> 
     </span>
    </p>
   </div>
   <div class='ocr_carea' id='block_1_41' title="bbox 276 4542 3687 4631">
    <p class='ocr_par' dir='ltr' id='par_1_41' title="bbox 276 4542 3687 4631">
     <span class='ocr_line' id='line_1_41' title="bbox 276 4542 3687 4631; baseline 0.001 -23"><span class='ocrx_word' id='word_1_511' title='bbox 276 4555 548 4629; x_wconf 82' lang='lat' dir='ltr'><strong><em>plerisque</em></strong></span> <span class='ocrx_word' id='word_1_512' title='bbox 579 4557 782 4622; x_wconf 82' lang='lat' dir='ltr'><strong><em>tamen,</em></strong></span> <span class='ocrx_word' id='word_1_513' title='bbox 814 4542 902 4609; x_wconf 78' lang='lat' dir='ltr'><strong><em>uti</em></strong></span> <span class='ocrx_word' id='word_1_514' title='bbox 926 4570 1044 4627; x_wconf 87' lang='lat' dir='ltr'><strong><em>spes</em></strong></span> <span class='ocrx_word' id='word_1_515' title='bbox 1073 4559 1170 4624; x_wconf 85' lang='lat' dir='ltr'><strong><em>est,</em></strong></span> <span class='ocrx_word' id='word_1_516' title='bbox 1201 4554 1351 4610; x_wconf 81' lang='lat' dir='ltr'><strong><em>haud</em></strong></span> <span class='ocrx_word' id='word_1_517' title='bbox 1376 4555 1542 4626; x_wconf 80' lang='lat' dir='ltr'><strong><em>plane</em></strong></span> <span class='ocrx_word' id='word_1_518' title='bbox 1570 4555 1776 4625; x_wconf 76' lang='lat' dir='ltr'><strong><em>inﬁdus</em></strong></span> <span class='ocrx_word' id='word_1_519' title='bbox 1804 4554 2097 4615; x_wconf 81' lang='lat' dir='ltr'><strong><em>habebitur</em></strong></span> <span class='ocrx_word' id='word_1_520' title='bbox 2125 4555 2422 4617; x_wconf 84' lang='lat' dir='ltr'><strong><em>Clementis</em></strong></span> <span class='ocrx_word' id='word_1_521' title='bbox 2446 4554 2736 4625; x_wconf 87' lang='lat' dir='ltr'><strong><em>interpres.</em></strong></span> <span class='ocrx_word' id='word_1_522' title='bbox 3684 4630 3687 4631; x_wconf 15' lang='grc' dir='ltr'><em>ν</em></span> 
     </span>
    </p>
   </div>
   <div class='ocr_carea' id='block_1_42' title="bbox 347 4640 3695 4721">
    <p class='ocr_par' dir='ltr' id='par_1_42' title="bbox 347 4640 3695 4721">
     <span class='ocr_line' id='line_1_42' title="bbox 347 4640 3695 4721; baseline 0 -22"><span class='ocrx_word' id='word_1_523' title='bbox 347 4647 543 4700; x_wconf 59' lang='lat' dir='ltr'><strong><em>Graeco</em></strong></span> <span class='ocrx_word' id='word_1_524' title='bbox 588 4659 653 4698; x_wconf 93' lang='lat' dir='ltr'><strong><em>ac</em></strong></span> <span class='ocrx_word' id='word_1_525' title='bbox 702 4644 895 4699; x_wconf 85' lang='lat' dir='ltr'><strong><em>Latino</em></strong></span> <span class='ocrx_word' id='word_1_526' title='bbox 941 4647 1117 4699; x_wconf 76' lang='lat' dir='ltr'><strong><em>textui</em></strong></span> <span class='ocrx_word' id='word_1_527' title='bbox 1164 4642 1470 4721; x_wconf 76' lang='lat' dir='ltr'><strong><em>Sylburgii,</em></strong></span> <span class='ocrx_word' id='word_1_528' title='bbox 1503 4643 1734 4713; x_wconf 84' lang='lat' dir='ltr'><strong><em>Hcinsii,</em></strong></span> <span class='ocrx_word' id='word_1_529' title='bbox 1768 4643 2119 4715; x_wconf 76' lang='lat' dir='ltr'><strong><em>aliarumque</em></strong></span> <span class='ocrx_word' id='word_1_530' title='bbox 2153 4645 2440 4698; x_wconf 88' lang='lat' dir='ltr'><strong><em>doctorum</em></strong></span> <span class='ocrx_word' id='word_1_531' title='bbox 2472 4643 2717 4698; x_wconf 87' lang='lat' dir='ltr'><strong><em>virorum</em></strong></span> <span class='ocrx_word' id='word_1_532' title='bbox 2750 4640 2918 4698; x_wconf 82' lang='lat' dir='ltr'><strong><em>Notas</em></strong></span> <span class='ocrx_word' id='word_1_533' title='bbox 2947 4643 3339 4715; x_wconf 77' lang='lat' dir='ltr'><strong><em>adjuuximus,</em></strong></span> <span class='ocrx_word' id='word_1_534' title='bbox 3375 4659 3509 4715; x_wconf 88' lang='lat' dir='ltr'><strong><em>quas</em></strong></span> <span class='ocrx_word' id='word_1_535' title='bbox 3555 4640 3695 4699; x_wconf 80' lang='lat' dir='ltr'><strong><em>libri</em></strong></span> 
     </span>
    </p>
   </div>
   <div class='ocr_carea' id='block_1_43' title="bbox 279 4726 3697 4811">
    <p class='ocr_par' dir='ltr' id='par_1_43' title="bbox 279 4726 3697 4811">
     <span class='ocr_line' id='line_1_43' title="bbox 279 4726 3697 4811; baseline 0 -24"><span class='ocrx_word' id='word_1_536' title='bbox 279 4732 512 4788; x_wconf 89' lang='lat' dir='ltr'><strong><em>antehac</em></strong></span> <span class='ocrx_word' id='word_1_537' title='bbox 539 4731 698 4797; x_wconf 88' lang='lat' dir='ltr'><strong><em>editi,</em></strong></span> <span class='ocrx_word' id='word_1_538' title='bbox 730 4748 854 4787; x_wconf 89' lang='lat' dir='ltr'><strong><em>cum</em></strong></span> <span class='ocrx_word' id='word_1_539' title='bbox 883 4750 918 4787; x_wconf 88' lang='lat' dir='ltr'><strong><em>a</em></strong></span> <span class='ocrx_word' id='word_1_540' title='bbox 944 4749 1002 4788; x_wconf 89' lang='lat' dir='ltr'><strong><em>se</em></strong></span> <span class='ocrx_word' id='word_1_541' title='bbox 1051 4734 1305 4798; x_wconf 78' lang='lat' dir='ltr'><strong><em>invicem,</em></strong></span> <span class='ocrx_word' id='word_1_542' title='bbox 1351 4739 1469 4788; x_wconf 83' lang='lat' dir='ltr'><strong><em>tum</em></strong></span> <span class='ocrx_word' id='word_1_543' title='bbox 1500 4734 1567 4788; x_wconf 82' lang='lat' dir='ltr'><strong><em>ab</em></strong></span> <span class='ocrx_word' id='word_1_544' title='bbox 1616 4736 1730 4805; x_wconf 86' lang='lat' dir='ltr'><strong><em>ipso</em></strong></span> <span class='ocrx_word' id='word_1_545' title='bbox 1758 4735 1927 4789; x_wconf 84' lang='lat' dir='ltr'><strong><em>etiam</em></strong></span> <span class='ocrx_word' id='word_1_546' title='bbox 1956 4741 2174 4788; x_wconf 84' lang='lat' dir='ltr'><strong><em>auctore</em></strong></span> <span class='ocrx_word' id='word_1_547' title='bbox 2203 4731 2445 4787; x_wconf 86' lang='lat' dir='ltr'><strong><em>nimium</em></strong></span> <span class='ocrx_word' id='word_1_548' title='bbox 2474 4738 2708 4803; x_wconf 82' lang='lat' dir='ltr'><strong><em>remotas</em></strong></span> <span class='ocrx_word' id='word_1_549' title='bbox 2738 4731 2799 4786; x_wconf 86' lang='lat' dir='ltr'><strong><em>in</em></strong></span> <span class='ocrx_word' id='word_1_550' title='bbox 2829 4732 2977 4787; x_wconf 89' lang='lat' dir='ltr'><strong><em>calce</em></strong></span> <span class='ocrx_word' id='word_1_551' title='bbox 3007 4733 3171 4789; x_wconf 80' lang='lat' dir='ltr'><strong><em>latius</em></strong></span> <span class='ocrx_word' id='word_1_552' title='bbox 3201 4731 3383 4811; x_wconf 84' lang='lat' dir='ltr'><strong><em>operis</em></strong></span> <span class='ocrx_word' id='word_1_553' title='bbox 3414 4726 3697 4788; x_wconf 78' lang='lat' dir='ltr'><strong><em>exhiben-</em></strong></span> 
     </span>
    </p>
   </div>
   <div class='ocr_carea' id='block_1_44' title="bbox 275 4818 3697 4901">
    <p class='ocr_par' dir='ltr' id='par_1_44' title="bbox 275 4818 3697 4901">
     <span class='ocr_line' id='line_1_44' title="bbox 275 4818 3697 4901; baseline -0.001 -23"><span class='ocrx_word' id='word_1_554' title='bbox 275 4824 373 4888; x_wconf 85' lang='lat' dir='ltr'><strong><em>tes,</em></strong></span> <span class='ocrx_word' id='word_1_555' title='bbox 407 4822 662 4891; x_wconf 71' lang='lat' dir='ltr'><strong><em>ingralas</em></strong></span> <span class='ocrx_word' id='word_1_556' title='bbox 690 4821 951 4878; x_wconf 79' lang='lat' dir='ltr'><strong><em>studiosis</em></strong></span> <span class='ocrx_word' id='word_1_557' title='bbox 985 4821 1279 4877; x_wconf 85' lang='lat' dir='ltr'><strong><em>lectoribus</em></strong></span> <span class='ocrx_word' id='word_1_558' title='bbox 1307 4839 1491 4879; x_wconf 78' lang='lat' dir='ltr'><strong><em>meras</em></strong></span> <span class='ocrx_word' id='word_1_559' title='bbox 1518 4822 1803 4894; x_wconf 80' lang='lat' dir='ltr'><strong><em>injiciunt.</em></strong></span> <span class='ocrx_word' id='word_1_560' title='bbox 1849 4824 1940 4877; x_wconf 85' lang='lat' dir='ltr'><strong><em>His</em></strong></span> <span class='ocrx_word' id='word_1_561' title='bbox 1987 4820 2132 4877; x_wconf 84' lang='lat' dir='ltr'><strong><em>alias</em></strong></span> <span class='ocrx_word' id='word_1_562' title='bbox 2181 4822 2583 4877; x_wconf 87' lang='lat' dir='ltr'><strong><em>immiscuimus</em></strong></span> <span class='ocrx_word' id='word_1_563' title='bbox 2634 4818 3063 4901; x_wconf 79' lang='lat' dir='ltr'><strong><em>e&#39;philolog‘z’cis</em></strong></span> <span class='ocrx_word' id='word_1_564' title='bbox 3102 4820 3271 4889; x_wconf 79' lang='lat' dir='ltr'><strong><em>huius</em></strong></span> <span class='ocrx_word' id='word_1_565' title='bbox 3319 4837 3387 4876; x_wconf 90' lang='lat' dir='ltr'><strong><em>ac</em></strong></span> <span class='ocrx_word' id='word_1_566' title='bbox 3429 4824 3697 4891; x_wconf 77' lang='lat' dir='ltr'><strong><em>proxime</em></strong></span> 
     </span>
    </p>
   </div>
   <div class='ocr_carea' id='block_1_45' title="bbox 274 4907 3695 4983">
    <p class='ocr_par' dir='ltr' id='par_1_45' title="bbox 274 4907 3695 4983">
     <span class='ocr_line' id='line_1_45' title="bbox 274 4907 3695 4983; baseline 0.001 -19"><span class='ocrx_word' id='word_1_567' title='bbox 274 4909 582 4981; x_wconf 85' lang='lat' dir='ltr'><strong><em>superioris</em></strong></span> <span class='ocrx_word' id='word_1_568' title='bbox 603 4908 806 4967; x_wconf 56' lang='lat' dir='ltr'><strong><em>siculi</em></strong></span> <span class='ocrx_word' id='word_1_569' title='bbox 832 4910 1195 4982; x_wconf 75' lang='lat' dir='ltr'><strong><em>scriptoribus</em></strong></span> <span class='ocrx_word' id='word_1_570' title='bbox 1226 4929 1267 4965; x_wconf 84' lang='grc' dir='ltr'><em>α</em></span> <span class='ocrx_word' id='word_1_571' title='bbox 1294 4912 1700 4983; x_wconf 76' lang='lat' dir='ltr'><strong><em>nobismetipsis</em></strong></span> <span class='ocrx_word' id='word_1_572' title='bbox 1746 4912 1990 4983; x_wconf 71' lang='lat' dir='ltr'><strong><em>undique</em></strong></span> <span class='ocrx_word' id='word_1_573' title='bbox 2047 4913 2348 4980; x_wconf 82' lang='lat' dir='ltr'><strong><em>excerptas.</em></strong></span> <span class='ocrx_word' id='word_1_574' title='bbox 2398 4909 2460 4963; x_wconf 86' lang='lat' dir='ltr'><strong><em>In</em></strong></span> <span class='ocrx_word' id='word_1_575' title='bbox 2508 4910 2764 4980; x_wconf 85' lang='lat' dir='ltr'><strong><em>margine</em></strong></span> <span class='ocrx_word' id='word_1_576' title='bbox 2810 4907 3016 4964; x_wconf 87' lang='lat' dir='ltr'><strong><em>codicis</em></strong></span> <span class='ocrx_word' id='word_1_577' title='bbox 3043 4910 3153 4973; x_wconf 89' lang='lat' dir='ltr'><strong><em>sui,</em></strong></span> <span class='ocrx_word' id='word_1_578' title='bbox 3185 4926 3345 4981; x_wconf 87' lang='lat' dir='ltr'><strong><em>quem</em></strong></span> <span class='ocrx_word' id='word_1_579' title='bbox 3371 4908 3536 4979; x_wconf 85' lang='lat' dir='ltr'><strong><em>mihi,</em></strong></span> <span class='ocrx_word' id='word_1_580' title='bbox 3567 4912 3695 4969; x_wconf 84' lang='lat' dir='ltr'><strong><em>cum</em></strong></span> 
     </span>
    </p>
   </div>
   <div class='ocr_carea' id='block_1_46' title="bbox 275 4996 3699 5077">
    <p class='ocr_par' dir='ltr' id='par_1_46' title="bbox 275 4996 3699 5077">
     <span class='ocr_line' id='line_1_46' title="bbox 275 4996 3699 5077; baseline -0 -22"><span class='ocrx_word' id='word_1_581' title='bbox 275 4998 349 5056; x_wconf 86' lang='lat' dir='ltr'><strong><em>ad</em></strong></span> <span class='ocrx_word' id='word_1_582' title='bbox 368 5007 633 5071; x_wconf 76' lang='lat' dir='ltr'><strong><em>quartum</em></strong></span> <span class='ocrx_word' id='word_1_583' title='bbox 664 4999 1028 5055; x_wconf 74' lang='lat' dir='ltr'><strong><em>Stromatum</em></strong></span> <span class='ocrx_word' id='word_1_584' title='bbox 1083 5001 1290 5063; x_wconf 76' lang='lat' dir='ltr'><strong><em>librum</em></strong></span> <span class='ocrx_word' id='word_1_585' title='bbox 1335 5000 1724 5072; x_wconf 61' lang='lat' dir='ltr'><strong><em>pervenissent,</em></strong></span> <span class='ocrx_word' id='word_1_586' title='bbox 1771 5001 2011 5056; x_wconf 62' lang='lat' dir='ltr'><strong><em>«moriens</em></strong></span> <span class='ocrx_word' id='word_1_587' title='bbox 2059 5000 2278 5076; x_wconf 84' lang='lat' dir='ltr'><strong><em>legavit,</em></strong></span> <span class='ocrx_word' id='word_1_588' title='bbox 2328 4997 2607 5053; x_wconf 88' lang='lat' dir='ltr'><strong><em>nonnulla</em></strong></span> <span class='ocrx_word' id='word_1_589' title='bbox 2636 4997 2995 5053; x_wconf 87' lang='lat' dir='ltr'><strong><em>adnotaverat</em></strong></span> <span class='ocrx_word' id='word_1_590' title='bbox 3044 4996 3275 5077; x_wconf 85' lang='lat' dir='ltr'><strong><em>Grabius</em></strong></span> <span class='ocrx_word' id='word_1_591' title='bbox 3306 4997 3334 5050; x_wconf 85' lang='lat'>6</span> <span class='ocrx_word' id='word_1_592' title='bbox 3362 4997 3699 5075; x_wconf 68' lang='grc' dir='ltr'><strong><em>μακαρίτης.</em></strong></span> 
     </span>
    </p>
   </div>
   <div class='ocr_carea' id='block_1_47' title="bbox 279 5085 3698 5159">
    <p class='ocr_par' dir='ltr' id='par_1_47' title="bbox 279 5085 3698 5159">
     <span class='ocr_line' id='line_1_47' title="bbox 279 5085 3698 5159; baseline 0 -16"><span class='ocrx_word' id='word_1_593' title='bbox 279 5090 407 5144; x_wconf 86' lang='lat' dir='ltr'><strong><em>Post</em></strong></span> <span class='ocrx_word' id='word_1_594' title='bbox 435 5089 659 5144; x_wconf 82' lang='lat' dir='ltr'><strong><em>nultum</em></strong></span> <span class='ocrx_word' id='word_1_595' title='bbox 683 5104 810 5144; x_wconf 78' lang='lat' dir='ltr'><strong><em>vero</em></strong></span> <span class='ocrx_word' id='word_1_596' title='bbox 842 5090 987 5145; x_wconf 79' lang='lat' dir='ltr'><strong><em>mihi</em></strong></span> <span class='ocrx_word' id='word_1_597' title='bbox 1010 5090 1398 5149; x_wconf 74' lang='lat' dir='ltr'><strong><em>memorandus</em></strong></span> <span class='ocrx_word' id='word_1_598' title='bbox 1425 5099 1507 5146; x_wconf 80' lang='lat' dir='ltr'><strong><em>est</em></strong></span> <span class='ocrx_word' id='word_1_599' title='bbox 1544 5092 1619 5147; x_wconf 87' lang='lat' dir='ltr'><strong><em>W.</em></strong></span> <span class='ocrx_word' id='word_1_600' title='bbox 1672 5088 1971 5157; x_wconf 85' lang='lat' dir='ltr'><strong><em>Lowthius,</em></strong></span> <span class='ocrx_word' id='word_1_601' title='bbox 2024 5086 2281 5144; x_wconf 70' lang='lat' dir='ltr'><strong><em>Ecclesiae</em></strong></span> <span class='ocrx_word' id='word_1_602' title='bbox 2324 5085 2672 5143; x_wconf 81' lang='lat' dir='ltr'><strong><em>cathedralis</em></strong></span> <span class='ocrx_word' id='word_1_603' title='bbox 2725 5088 2967 5143; x_wconf 75' lang='lat' dir='ltr'><strong><em>Wintbn.</em></strong></span> <span class='ocrx_word' id='word_1_604' title='bbox 3008 5085 3431 5158; x_wconf 69' lang='lat' dir='ltr'><strong><em>praebendarius</em></strong></span> <span class='ocrx_word' id='word_1_605' title='bbox 3474 5087 3698 5159; x_wconf 77' lang='lat' dir='ltr'><strong><em>dignis-</em></strong></span> 
     </span>
    </p>
   </div>
   <div class='ocr_carea' id='block_1_48' title="bbox 273 5175 3695 5252">
    <p class='ocr_par' dir='ltr' id='par_1_48' title="bbox 273 5175 3695 5252">
     <span class='ocr_line' id='line_1_48' title="bbox 273 5175 3695 5252; baseline -0.001 -18"><span class='ocrx_word' id='word_1_606' title='bbox 273 5180 448 5234; x_wconf 79' lang='lat' dir='ltr'><strong><em>simus</em></strong></span> <span class='ocrx_word' id='word_1_607' title='bbox 476 5193 490 5234; x_wconf 90' lang='lat'><strong>:</strong></span> <span class='ocrx_word' id='word_1_608' title='bbox 523 5179 622 5249; x_wconf 77' lang='lat' dir='ltr'><strong><em>qui</em></strong></span> <span class='ocrx_word' id='word_1_609' title='bbox 648 5193 758 5233; x_wconf 86' lang='lat' dir='ltr'><strong><em>non</em></strong></span> <span class='ocrx_word' id='word_1_610' title='bbox 786 5183 961 5235; x_wconf 82' lang='lat' dir='ltr'><strong><em>solum</em></strong></span> <span class='ocrx_word' id='word_1_611' title='bbox 986 5184 1283 5250; x_wconf 77' lang='lat' dir='ltr'><strong><em>perpetuas</em></strong></span> <span class='ocrx_word' id='word_1_612' title='bbox 1307 5182 1424 5249; x_wconf 62' lang='lat' dir='ltr'><strong><em>fer?</em></strong></span> <span class='ocrx_word' id='word_1_613' title='bbox 1453 5181 1516 5235; x_wconf 74' lang='lat' dir='ltr'><strong><em>in</em></strong></span> <span class='ocrx_word' id='word_1_614' title='bbox 1546 5180 1875 5239; x_wconf 72' lang='lat' dir='ltr'><strong><em>Clementem</em></strong></span> <span class='ocrx_word' id='word_1_615' title='bbox 1904 5186 2068 5232; x_wconf 84' lang='lat' dir='ltr'><strong><em>notas</em></strong></span> <span class='ocrx_word' id='word_1_616' title='bbox 2091 5178 2238 5231; x_wconf 86' lang='lat' dir='ltr'><strong><em>ultro</em></strong></span> <span class='ocrx_word' id='word_1_617' title='bbox 2269 5175 2411 5231; x_wconf 86' lang='lat' dir='ltr'><strong><em>mihi</em></strong></span> <span class='ocrx_word' id='word_1_618' title='bbox 2449 5176 2670 5248; x_wconf 74' lang='lat' dir='ltr'><strong><em>obtulit,</em></strong></span> <span class='ocrx_word' id='word_1_619' title='bbox 2718 5178 2819 5232; x_wconf 86' lang='lat' dir='ltr'><strong><em>sed</em></strong></span> <span class='ocrx_word' id='word_1_620' title='bbox 2862 5178 3035 5232; x_wconf 79' lang='lat' dir='ltr'><strong><em>etiam</em></strong></span> <span class='ocrx_word' id='word_1_621' title='bbox 3081 5176 3566 5232; x_wconf 82' lang='lat' dir='ltr'><strong><em>Cohortationem</em></strong></span> <span class='ocrx_word' id='word_1_622' title='bbox 3619 5177 3695 5252; x_wconf 75' lang='lat' dir='ltr'><strong><em>ad</em></strong></span> 
     </span>
    </p>
   </div>
   <div class='ocr_carea' id='block_1_49' title="bbox 278 5265 3701 5344">
    <p class='ocr_par' dir='ltr' id='par_1_49' title="bbox 278 5265 3701 5344">
     <span class='ocr_line' id='line_1_49' title="bbox 278 5265 3701 5344; baseline -0.001 -21"><span class='ocrx_word' id='word_1_623' title='bbox 278 5269 532 5336; x_wconf 64' lang='grc' dir='ltr'><strong><em>(ἐι-ωασπς,</em></strong></span> <span class='ocrx_word' id='word_1_624' title='bbox 581 5274 632 5322; x_wconf 85' lang='lat' dir='ltr'><strong><em>et</em></strong></span> <span class='ocrx_word' id='word_1_625' title='bbox 677 5272 797 5323; x_wconf 81' lang='lat' dir='ltr'><strong><em>octo</em></strong></span> <span class='ocrx_word' id='word_1_626' title='bbox 857 5267 1216 5323; x_wconf 79' lang='lat' dir='ltr'><strong><em>Stromatum</em></strong></span> <span class='ocrx_word' id='word_1_627' title='bbox 1260 5267 1437 5323; x_wconf 80' lang='lat' dir='ltr'><strong><em>libros</em></strong></span> <span class='ocrx_word' id='word_1_628' title='bbox 1476 5283 1577 5340; x_wconf 73' lang='lat' dir='ltr'><strong><em>pro</em></strong></span> <span class='ocrx_word' id='word_1_629' title='bbox 1624 5267 1844 5327; x_wconf 75' lang='lat' dir='ltr'><strong><em>diversa</em></strong></span> <span class='ocrx_word' id='word_1_630' title='bbox 1893 5265 2171 5333; x_wconf 51' lang='lat' dir='ltr'><strong><em>materia,</em></strong></span> <span class='ocrx_word' id='word_1_631' title='bbox 2227 5281 2340 5338; x_wconf 87' lang='lat' dir='ltr'><strong><em>qua</em></strong></span> <span class='ocrx_word' id='word_1_632' title='bbox 2375 5268 2648 5335; x_wconf 80' lang='lat' dir='ltr'><strong><em>constant,</em></strong></span> <span class='ocrx_word' id='word_1_633' title='bbox 2678 5267 2913 5336; x_wconf 83' lang='lat' dir='ltr'><strong><em>ratione,</em></strong></span> <span class='ocrx_word' id='word_1_634' title='bbox 2945 5267 3210 5335; x_wconf 79' lang='lat' dir='ltr'><strong><em>quatenus</em></strong></span> <span class='ocrx_word' id='word_1_635' title='bbox 3238 5265 3364 5333; x_wconf 83' lang='lat' dir='ltr'><strong><em>ﬁeri</em></strong></span> <span class='ocrx_word' id='word_1_636' title='bbox 3389 5266 3596 5344; x_wconf 79' lang='lat' dir='ltr'><strong><em>potuit,</em></strong></span> <span class='ocrx_word' id='word_1_637' title='bbox 3638 5268 3701 5320; x_wconf 65' lang='lat' dir='ltr'><strong><em>in</em></strong></span> 
     </span>
    </p>
   </div>
   <div class='ocr_carea' id='block_1_50' title="bbox 271 5351 3701 5428">
    <p class='ocr_par' dir='ltr' id='par_1_50' title="bbox 271 5351 3701 5428">
     <span class='ocr_line' id='line_1_50' title="bbox 271 5351 3701 5428; baseline -0 -16"><span class='ocrx_word' id='word_1_638' title='bbox 271 5358 464 5428; x_wconf 84' lang='lat' dir='ltr'><strong><em>capita</em></strong></span> <span class='ocrx_word' id='word_1_639' title='bbox 493 5355 725 5427; x_wconf 71' lang='lat' dir='ltr'><strong><em>redrgit.</em></strong></span> <span class='ocrx_word' id='word_1_640' title='bbox 757 5356 878 5415; x_wconf 72' lang='lat' dir='ltr'><strong><em>Haec</em></strong></span> <span class='ocrx_word' id='word_1_641' title='bbox 904 5365 1091 5413; x_wconf 81' lang='lat' dir='ltr'><strong><em>autem</em></strong></span> <span class='ocrx_word' id='word_1_642' title='bbox 1117 5356 1292 5428; x_wconf 81' lang='lat' dir='ltr'><strong><em>infra,</em></strong></span> <span class='ocrx_word' id='word_1_643' title='bbox 1323 5356 1573 5428; x_wconf 77' lang='lat' dir='ltr'><strong><em>propriis</em></strong></span> <span class='ocrx_word' id='word_1_644' title='bbox 1623 5365 1914 5414; x_wconf 82' lang='lat' dir='ltr'><strong><em>auctorum</em></strong></span> <span class='ocrx_word' id='word_1_645' title='bbox 1956 5353 2280 5410; x_wconf 87' lang='lat' dir='ltr'><strong><em>nominibus</em></strong></span> <span class='ocrx_word' id='word_1_646' title='bbox 2326 5354 2614 5421; x_wconf 87' lang='lat' dir='ltr'><strong><em>distincta,</em></strong></span> <span class='ocrx_word' id='word_1_647' title='bbox 2663 5359 2715 5411; x_wconf 89' lang='lat' dir='ltr'><strong><em>et</em></strong></span> <span class='ocrx_word' id='word_1_648' title='bbox 2761 5356 2876 5409; x_wconf 88' lang='lat' dir='ltr'><strong><em>suis</em></strong></span> <span class='ocrx_word' id='word_1_649' title='bbox 2923 5368 3155 5427; x_wconf 70' lang='lat' dir='ltr'><strong><em>quaeque</em></strong></span> <span class='ocrx_word' id='word_1_650' title='bbox 3208 5351 3345 5409; x_wconf 90' lang='lat' dir='ltr'><strong><em>locis</em></strong></span> <span class='ocrx_word' id='word_1_651' title='bbox 3395 5352 3701 5427; x_wconf 81' lang='lat' dir='ltr'><strong><em>disposita,</em></strong></span> 
     </span>
    </p>
   </div>
   <div class='ocr_carea' id='block_1_51' title="bbox 274 5440 3705 5515">
    <p class='ocr_par' dir='ltr' id='par_1_51' title="bbox 274 5440 3705 5515">
     <span class='ocr_line' id='line_1_51' title="bbox 274 5440 3705 5515; baseline -0 -16"><span class='ocrx_word' id='word_1_652' title='bbox 274 5445 641 5515; x_wconf 77' lang='lat' dir='ltr'><strong><em>reperientur.</em></strong></span> <span class='ocrx_word' id='word_1_653' title='bbox 675 5442 826 5501; x_wconf 69' lang='lat' dir='ltr'><strong><em>Alias</em></strong></span> <span class='ocrx_word' id='word_1_654' title='bbox 852 5449 1125 5515; x_wconf 62' lang='lat' dir='ltr'><strong><em>praeterea</em></strong></span> <span class='ocrx_word' id='word_1_655' title='bbox 1150 5444 1346 5515; x_wconf 77' lang='lat' dir='ltr'><strong><em>rogavi</em></strong></span> <span class='ocrx_word' id='word_1_656' title='bbox 1373 5443 1581 5499; x_wconf 78' lang='lat' dir='ltr'><strong><em>amicos</em></strong></span> <span class='ocrx_word' id='word_1_657' title='bbox 1608 5443 1895 5515; x_wconf 77' lang='lat' dir='ltr'><strong><em>deciesque</em></strong></span> <span class='ocrx_word' id='word_1_658' title='bbox 1920 5444 2086 5507; x_wconf 86' lang='lat' dir='ltr'><strong><em>viros,</em></strong></span> <span class='ocrx_word' id='word_1_659' title='bbox 2116 5448 2181 5496; x_wconf 79' lang='lat' dir='ltr'><strong><em>ut</em></strong></span> <span class='ocrx_word' id='word_1_660' title='bbox 2226 5443 2504 5513; x_wconf 79' lang='lat' dir='ltr'><strong><em>symbolus</em></strong></span> <span class='ocrx_word' id='word_1_661' title='bbox 2530 5456 2658 5498; x_wconf 81' lang='lat' dir='ltr'><strong><em>suas</em></strong></span> <span class='ocrx_word' id='word_1_662' title='bbox 2686 5444 3039 5513; x_wconf 71' lang='lat' dir='ltr'><strong><em>conferrent,-</em></strong></span> <span class='ocrx_word' id='word_1_663' title='bbox 3068 5440 3346 5508; x_wconf 81' lang='lat' dir='ltr'><strong><em>omnibus,</em></strong></span> <span class='ocrx_word' id='word_1_664' title='bbox 3377 5440 3478 5513; x_wconf 81' lang='lat' dir='ltr'><strong><em>qui</em></strong></span> <span class='ocrx_word' id='word_1_665' title='bbox 3506 5442 3579 5497; x_wconf 78' lang='lat' dir='ltr'><strong><em>ad</em></strong></span> <span class='ocrx_word' id='word_1_666' title='bbox 3601 5459 3705 5498; x_wconf 89' lang='lat' dir='ltr'><strong><em>au-</em></strong></span> 
     </span>
    </p>
   </div>
   <div class='ocr_carea' id='block_1_52' title="bbox 273 5529 3705 5604">
    <p class='ocr_par' dir='ltr' id='par_1_52' title="bbox 273 5529 3705 5604">
     <span class='ocr_line' id='line_1_52' title="bbox 273 5529 3705 5604; baseline 0 -16"><span class='ocrx_word' id='word_1_667' title='bbox 273 5537 483 5588; x_wconf 85' lang='lat' dir='ltr'><strong><em>ctorem</em></strong></span> <span class='ocrx_word' id='word_1_668' title='bbox 515 5541 764 5589; x_wconf 87' lang='lat' dir='ltr'><strong><em>nostrum</em></strong></span> <span class='ocrx_word' id='word_1_669' title='bbox 790 5533 1184 5588; x_wconf 84' lang='lat' dir='ltr'><strong><em>illustrandum</em></strong></span> <span class='ocrx_word' id='word_1_670' title='bbox 1212 5531 1680 5588; x_wconf 86' lang='lat' dir='ltr'><strong><em>emendandumve</em></strong></span> <span class='ocrx_word' id='word_1_671' title='bbox 1703 5531 1918 5604; x_wconf 90' lang='lat' dir='ltr'><strong><em>aliquid</em></strong></span> <span class='ocrx_word' id='word_1_672' title='bbox 1949 5530 2288 5601; x_wconf 85' lang='lat' dir='ltr'><strong><em>tribuissent,</em></strong></span> <span class='ocrx_word' id='word_1_673' title='bbox 2322 5530 2557 5602; x_wconf 88' lang='lat' dir='ltr'><strong><em>gratias,</em></strong></span> <span class='ocrx_word' id='word_1_674' title='bbox 2591 5548 2726 5603; x_wconf 80' lang='lat' dir='ltr'><strong><em>quas</em></strong></span> <span class='ocrx_word' id='word_1_675' title='bbox 2770 5546 3008 5603; x_wconf 89' lang='lat' dir='ltr'><strong><em>possem,</em></strong></span> <span class='ocrx_word' id='word_1_676' title='bbox 3041 5531 3329 5585; x_wconf 77' lang='lat' dir='ltr'><strong><em>maximas</em></strong></span> <span class='ocrx_word' id='word_1_677' title='bbox 3380 5529 3705 5588; x_wconf 87' lang='lat' dir='ltr'><strong><em>habiturus.</em></strong></span> 
     </span>
    </p>
   </div>
   <div class='ocr_carea' id='block_1_53' title="bbox 281 5618 3710 5697">
    <p class='ocr_par' dir='ltr' id='par_1_53' title="bbox 281 5618 3710 5697">
     <span class='ocr_line' id='line_1_53' title="bbox 281 5618 3710 5697; baseline -0 -19"><span class='ocrx_word' id='word_1_678' title='bbox 281 5622 470 5678; x_wconf 88' lang='lat' dir='ltr'><strong><em>Utrum</em></strong></span> <span class='ocrx_word' id='word_1_679' title='bbox 498 5621 585 5677; x_wconf 86' lang='lat' dir='ltr'><strong><em>his</em></strong></span> <span class='ocrx_word' id='word_1_680' title='bbox 615 5622 809 5678; x_wconf 89' lang='lat' dir='ltr'><strong><em>usibus</em></strong></span> <span class='ocrx_word' id='word_1_681' title='bbox 839 5621 1226 5693; x_wconf 89' lang='lat' dir='ltr'><strong><em>quadantenus</em></strong></span> <span class='ocrx_word' id='word_1_682' title='bbox 1250 5619 1529 5676; x_wconf 87' lang='lat' dir='ltr'><strong><em>inservire</em></strong></span> <span class='ocrx_word' id='word_1_683' title='bbox 1575 5621 1839 5692; x_wconf 85' lang='lat' dir='ltr'><strong><em>poterint,</em></strong></span> <span class='ocrx_word' id='word_1_684' title='bbox 1887 5636 2010 5692; x_wconf 68' lang='lat' dir='ltr'><strong><em>quae</em></strong></span> <span class='ocrx_word' id='word_1_685' title='bbox 2036 5636 2136 5677; x_wconf 87' lang='lat' dir='ltr'><strong><em>nos</em></strong></span> <span class='ocrx_word' id='word_1_686' title='bbox 2162 5636 2192 5675; x_wconf 91' lang='lat' dir='ltr'><strong><em>e</em></strong></span> <span class='ocrx_word' id='word_1_687' title='bbox 2218 5621 2375 5675; x_wconf 88' lang='lat' dir='ltr'><strong><em>tenui</em></strong></span> <span class='ocrx_word' id='word_1_688' title='bbox 2413 5624 2599 5677; x_wconf 87' lang='lat' dir='ltr'><strong><em>nostra</em></strong></span> <span class='ocrx_word' id='word_1_689' title='bbox 2626 5636 2772 5691; x_wconf 86' lang='lat' dir='ltr'><strong><em>penu</em></strong></span> <span class='ocrx_word' id='word_1_690' title='bbox 2799 5618 3259 5697; x_wconf 82' lang='lat' dir='ltr'><strong><em>deprompsimus,</em></strong></span> <span class='ocrx_word' id='word_1_691' title='bbox 3289 5632 3483 5689; x_wconf 73' lang='lat' dir='ltr'><strong><em>aequus</em></strong></span> <span class='ocrx_word' id='word_1_692' title='bbox 3533 5620 3710 5677; x_wconf 87' lang='lat' dir='ltr'><strong><em>lector</em></strong></span> 
     </span>
    </p>
   </div>
   <div class='ocr_carea' id='block_1_54' title="bbox 275 5707 3708 5784">
    <p class='ocr_par' dir='ltr' id='par_1_54' title="bbox 275 5707 3708 5784">
     <span class='ocr_line' id='line_1_54' title="bbox 275 5707 3708 5784; baseline 0.001 -18"><span class='ocrx_word' id='word_1_693' title='bbox 275 5712 445 5782; x_wconf 71' lang='lat' dir='ltr'><strong><em>facile</em></strong></span> <span class='ocrx_word' id='word_1_694' title='bbox 462 5711 757 5783; x_wconf 86' lang='lat' dir='ltr'><strong><em>judicabit.</em></strong></span> <span class='ocrx_word' id='word_1_695' title='bbox 786 5712 914 5770; x_wconf 70' lang='lat' dir='ltr'><strong><em>Haec</em></strong></span> <span class='ocrx_word' id='word_1_696' title='bbox 962 5714 1126 5784; x_wconf 86' lang='lat' dir='ltr'><strong><em>porro</em></strong></span> <span class='ocrx_word' id='word_1_697' title='bbox 1173 5709 1463 5782; x_wconf 77' lang='lat' dir='ltr'><strong><em>excipiunt</em></strong></span> <span class='ocrx_word' id='word_1_698' title='bbox 1511 5710 1632 5783; x_wconf 79' lang='lat' dir='ltr'><strong><em>qua:</em></strong></span> <span class='ocrx_word' id='word_1_699' title='bbox 1676 5709 1741 5768; x_wconf 83' lang='lat' dir='ltr'><strong><em>de</em></strong></span> <span class='ocrx_word' id='word_1_700' title='bbox 1789 5710 2064 5768; x_wconf 81' lang='lat' dir='ltr'><strong><em>Clemente</em></strong></span> <span class='ocrx_word' id='word_1_701' title='bbox 2109 5710 2335 5782; x_wconf 84' lang='lat' dir='ltr'><strong><em>ejusque</em></strong></span> <span class='ocrx_word' id='word_1_702' title='bbox 2379 5710 2603 5783; x_wconf 82' lang='lat' dir='ltr'><strong><em>scriptis</em></strong></span> <span class='ocrx_word' id='word_1_703' title='bbox 2647 5708 2866 5780; x_wconf 79' lang='lat' dir='ltr'><strong><em>colicgit</em></strong></span> <span class='ocrx_word' id='word_1_704' title='bbox 2907 5708 2998 5766; x_wconf 79' lang='lat' dir='ltr'><strong><em>vir</em></strong></span> <span class='ocrx_word' id='word_1_705' title='bbox 3042 5707 3404 5766; x_wconf 79' lang='lat' dir='ltr'><strong><em>clarissimus</em></strong></span> <span class='ocrx_word' id='word_1_706' title='bbox 3454 5710 3708 5768; x_wconf 83' lang='lat' dir='ltr'><strong><em>Joannes</em></strong></span> 
     </span>
    </p>
   </div>
  </div>
