3974 6140
1565 361 1916 417 VETBRUM
1953 357 2414 414 TESTIMONIA.
3623 357 3694 412 34

282 484 3689 514 W

1269 655 1856 755 VETERUM
1933 650 2716 746 TESTIMONIA.

1331 1040 1614 1108 Eusebius,
1644 1034 1953 1092 Ecclesiast.
1985 1032 2194 1086 Hister.
2232 1029 2325 1083 lib.
2358 1044 2432 1095 ιν,
2457 1043 2580 1097 cap,
2607 1027 2709 1084 26.

345 1155 557 1216 Τούτου
592 1153 651 1211 δὲ
679 1160 780 1211 τοῦ
815 1154 986 1230 λόγου
1025 1155 1299 1229 μέμνηται
1335 1153 1570 1226 Κλήμης
1630 1152 1658 1207 6
1688 1147 1941 1219 Ἀλεξαν-

2130 1143 2314 1216 Hujus
2374 1149 2573 1200 autem
2625 1143 2761 1198 libri
2807 1145 3177 1200 mentionem
3232 1144 3375 1201 facit
3431 1147 3705 1202 Clemens

287 1244 430 1320 δρεὺς
463 1245 518 1301 ἰν
547 1243 680 1318 ἱδίῳ
713 1243 846 1316 Περὶ
869 1248 970 1299 τοῦ
1000 1245 1196 1319 Πάσχα
1225 1240 1404 1318 λόγῳ,
1453 1237 1510 1296 ὅν
1545 1240 1596 1312 ἐξ
1628 1239 1804 1303 αἰτίας
1845 1245 1946 1308 τῆς

280 1338 372 1387 τοῦ
403 1332 736 1397 Μελὶτωνος
781 1333 1000 1410 γραφῆς
1032 1332 1194 1410 φησὶν
1221 1332 1409 1386 ἑαυτὸν
1434 1327 1706 1401 συντάξαι.

2060 1233 2498 1290 Alexandrinus
2530 1233 2589 1288 in
2620 1250 2797 1304 opere
2831 1251 2935 1288 suo
2954 1235 3033 1289 De
3048 1235 3375 1301 Paschate;
3405 1237 3565 1306 quod
3583 1238 3710 1306 qui-

2059 1323 2197 1379 dem
2221 1329 2287 1377 ut
2317 1323 3041 1390 conscriberet,Melitonis
3073 1324 3293 1379 librum
3325 1342 3564 1381 causam
3596 1326 3708 1380 sibi

2060 1419 2385 1491 praebuisse
2420 1421 2689 1472 testatur.

1627 1537 1795 1604 Idem,
1829 1537 1964 1590 ibid.
1997 1536 2090 1590 lib.
2122 1553 2172 1603 ν,
2205 1552 2328 1605 cap.
2364 1536 2457 1590 Η.

363 1635 517 1693 Κατᾶ
545 1640 737 1691 τοῦτον
769 1636 885 1708 (τὸν
937 1636 1263 1706 Πάνταινον)
1316 1640 1436 1697 ταῖς
1488 1633 1656 1696 θείαις
1714 1639 1949 1708 γραφαῖς

299 1725 733 1794 σονασκούμενος
766 1725 851 1778 ἐπ’
883 1722 1294 1800 ἈΛεξανδρείας
1326 1722 1647 1800 ὲγνωρίζετο
1688 1721 1948 1798 Κλήμης,

299 1816 598 1888 ὁμώνυμος
645 1819 728 1885 τῷ
772 1811 946 1867 πάλαι
1002 1820 1101 1882 τῆς
1134 1813 1424 1885 Ῥωμαίων
1455 1810 1781 1883 Ἐκκλησίας
1809 1815 1949 1888 ἡγη-

302 1902 516 1976 σαμένῳ
548 1905 788 1980 φοιτητῇ
811 1905 922 1956 τῶν
973 1901 1317 1956 ἀποστόλων·
1365 1900 1424 1964 ὅς
1481 1898 1548 1970 δὴ
1579 1901 1667 1955 καὶ
1692 1899 1951 1973 ὀνομαστὶ

302 1992 350 2046 ἑν
383 1994 470 2053 αἷς
523 1991 802 2061 συνέταξεν
859 1988 1317 2059 Ὑποτυπώσεσιν,
1370 1990 1444 2054 ὡς
1501 1987 1559 2043 ἂν
1620 1985 1952 2044 διδασκάλου

303 2087 396 2140 τοῦ
429 2082 735 2137 Πωταίνου
771 2083 1069 2154 μέμνηται.
1117 2085 1316 2136 Τοῦτον
1376 2077 1434 2135 δὲ
1482 2078 1642 2135 αὐτὸν
1700 2080 1790 2134 καὶ
1846 2084 1954 2134 τῶν

305 2171 681 2243 Στρωματέων
734 2170 786 2224 ἐν
851 2171 1045 2246 πρώτῃ
1097 2170 1441 2244 συγγάμμαει
1489 2167 1811 2232 αἰνίττεσθαί
1863 2189 1956 2242 μοι

304 2258 474 2327 δοκεῖ,
509 2260 600 2313 ’ὸτε
634 2257 765 2320 τοὺς
799 2256 1228 2334 ἐμφανεστὲρους
1269 2258 1339 2326 ἦς
1370 2255 1693 2333 κατείληφεν
1729 2257 1958 2310 ἀποστο-

303 2349 464 2420 λικῆς
499 2345 772 2422 διαδοχῆς
797 2346 1317 2420 ἐπισημαινόμενος,
1373 2350 1540 2401 ταῦτα
1595 2363 1779 2424 φησιν·
1813 2343 1954 2416 Ἤδη

305 2435 362 2492 δὲ
393 2436 457 2491 ού
489 2437 672 2512 γραφή
736 2436 812 2497 εἷς
869 2432 1120 2505 ἐπίδειξιν
1155 2436 1558 2510 τετεχνασμένη
1589 2431 1690 2503 ἤδε
1734 2435 1769 2503 ἡ
1829 2454 1964 2509 πρα-

303 2525 552 2599 ἐματεία·
615 2523 762 2580 ἀλλά
819 2545 911 2596 μοι
965 2524 1335 2597 ὑπομνήματα
1387 2523 1464 2585 εἷς
1500 2530 1673 2598 γῆρας
1702 2521 1965 2598 θησαυρί-

310 2622 482 2685 ζεται,
520 2613 703 2684 λήθης
735 2614 1044 2691 φάρμακον,
1106 2609 1338 2667 εἷ’δωλον
1396 2612 1640 2686 ἀτεχνῶς
1685 2611 1774 2666 καὶ
1807 2632 1963 2665 σκια-

309 2703 518 2780 γραφία
544 2707 655 2757 τῶν
688 2701 922 2776 ἐναργῶν
949 2699 1040 2755 καί
1068 2698 1333 2774 ἐμψύχων
1394 2699 1608 2754 ἐκείνων
1662 2701 1734 2754 ὢν
1793 2721 1964 2770 κατη-

310 2792 514 2865 ξιώθην
541 2791 766 2844 ἀκοῦσαι
811 2787 991 2864 λόγων
1023 2809 1081 2843 τε
1127 2786 1220 2842 καί
1269 2785 1479 2863 ἀνδρῶν
1542 2788 1823 2862 μακαρίων
1876 2785 1966 2840 καὶ

305 2885 387 2951 τῷ
414 2877 530 2935 ὄντι
563 2876 895 2953 ἀξιολόγων.
925 2878 1149 2934 Τούτων
1183 2878 1212 2930 ὁ
1264 2876 1383 2949 μὲν,
1417 2873 1506 2930 ἐπὶ
1547 2883 1648 2944 τῆς
1679 2872 1968 2946 Ἑλλάδος,

308 2971 338 3023 6
371 2968 637 3028 Ἰωνικός·
671 2968 700 3020 6
732 2964 809 3022 δὲ.
845 2965 935 3020 ἐπὶ
995 2973 1094 3035 τῆς
1132 2964 1373 3042 μεγάλης
1418 2961 1707 3026 Ἑλλάδος·
1738 2970 1839 3034 τῆς
1861 2965 1973 3019 κοί-

318 3058 424 3128 λης
451 3056 645 3132 ἅτερος
677 3057 858 3111 αὐτῶν
893 3055 1088 3130 Συρίας
1135 3054 1222 3122 ἤν·
1285 3055 1313 3108 6
1371 3052 1450 3126 δὲ,
1507 3054 1599 3109 ἀπ’
1663 3053 1969 3130 Αἰγύπτου·

319 3147 485 3203 ἄλλοι
521 3144 712 3218 δὲ,άνά
730 3145 829 3214 τὴν
858 3143 1178 3215 Ἀνατολής·
1212 3143 1300 3198 καὶ
1330 3143 1535 3214 ταύτης
1565 3145 1592 3197 ὁ
1629 3144 1722 3216 μὲν
1753 3148 1976 3213 τις,τῶν

320 3233 646 3308 Ἀσσυρίων·
681 3236 710 3288 6
770 3232 850 3303 δὲ,
881 3232 935 3288 ἐν
964 3236 1032 3306 τῇ
1067 3230 1405 3306 Παλαιστίνῃ
1432 3253 1446 3302 ;
1478 3226 1734 3307 Ἑϐραῖος
1789 3232 1977 3286 ἀνέκα-

322 3326 435 3380 θεν.
467 3322 707 3396 Ὑστάτῳ
730 3320 789 3378 δὲ
839 3319 1173 3398 περινυχών·
1208 3318 1432 3394 δυνάμει
1489 3317 1547 3374 δὲ
1603 3317 1704 3396 ἄρα
1759 3324 1977 3396 πρῶτος

323 3414 416 3482 ἧν·
441 3413 832 3484 ἀνεπαυσάμην
866 3409 918 3466 ἐν
954 3409 1213 3486 Αἰγύπτῳ
1242 3411 1482 3486 θηράσας
1505 3408 1798 3480 λεληθότα.
1821 3406 1982 3465 Ἀλλ’

324 3501 382 3556 οἱ
418 3501 538 3574 μὶν,
566 3502 668 3570 τὴν
695 3500 878 3571 ἀληθῆ
936 3503 1035 3564 τῆς
1070 3499 1338 3572 μακαρίας
1396 3495 1747 3560 διδασκαλίας
1779 3497 1982 3567 σώζον-

321 3612 413 3653 τες
433 3589 767 3668 παράδοσιν,
821 3588 981 3651 εὐθὺς
1035 3588 1141 3643 ἀπὸ
1203 3587 1406 3664 Πέτρου
1452 3608 1512 3642 τε
1559 3588 1649 3642 καὶ
1697 3583 1984 3656 Ἰακώϐου,

324 3684 585 3744 Ἰωάννου
615 3703 674 3738 τε
703 3681 796 3737 καὶ
828 3679 1050 3737 Παύλου
1098 3684 1209 3734 τῶν
1266 3677 1434 3753 ἆγίων
1490 3676 1835 3748 ἀποστόλων,
1860 3683 1988 3740 παῖς

2138 1635 2413 1688 Clemens
2443 1631 2682 1704 gentilis
2713 1632 2876 1687 illius
2910 1632 3257 1704 Clementis,
3291 1633 3391 1704 qui
3416 1635 3709 1705 apostolo-

2064 1742 2196 1780 rum
2227 1723 2555 1796 discipulus
2586 1728 2733 1794 erat,
2765 1740 2833 1778 ac
2865 1726 3266 1779 Romanorum
3312 1725 3454 1780 olim
3483 1732 3717 1783 rexerat

2064 1813 2410 1883 Ecclesiam,
2444 1812 2812 1884 temporibus
2842 1813 3306 1885 Pantaeni,cujus
3326 1831 3508 1885 opera
3536 1815 3596 1870 in
3620 1834 3716 1871 sa~

2067 1903 2183 1958 cris
2214 1900 2431 1956 litteris
2463 1901 3150 1972 educatus,multumque
3183 1903 3537 1959 exercitatus
3568 1909 3715 1972 erat,

2067 1989 2439 2047 Alexandria;
2486 1990 2796 2044 hominum
2827 1989 2986 2044 fama
3041 1994 3101 2045 et
3156 1993 3719 2048 commemoratione

2066 2079 2322 2134 multum
2353 2078 2700 2134 nobilitatus
2733 2083 2820 2132 est
2847 2096 2861 2144 ;
2895 2078 2995 2148 qui
3014 2078 3330 2149 quidemin
3361 2081 3530 2136 libris
3550 2080 3718 2134 Ὑπο-

2065 2168 2360 2222 τυπώσεων
2390 2168 2461 2223 ab
2521 2168 2649 2239 ipso
2683 2169 3048 2238 compositis,
3109 2170 3465 2225 nominatim
3505 2189 3719 2242 przece-

2067 2258 2251 2330 ptoris
2284 2258 2371 2312 sui
2401 2256 2665 2312 Pantaeni
2683 2257 3049 2312 mentionem
3080 2259 3430 2325 facit.Quem
3449 2262 3627 2316 etiam
3661 2262 3720 2316 in

2071 2348 2262 2420 primo
2296 2347 2446 2402 libro
2496 2349 2833 2401 Stromatum
2878 2346 3111 2402 videtur
3141 2349 3431 2416 innuisse,
3465 2350 3565 2404 ubi
3596 2368 3721 2405 cer-

2073 2443 2163 2492 tos
2195 2436 2484 2505 quosdam
2515 2436 2672 2490 viros
2703 2436 3030 2507 apostolica
3060 2436 3332 2493 doctrina
3364 2439 3564 2510 (quam
3595 2439 3720 2510 ipse

2071 2526 2142 2580 ab
2170 2525 2290 2580 illis
2322 2524 2652 2596 acceperat)
2710 2541 2844 2578 cum
2897 2525 3106 2596 primis
3139 2526 3382 2580 eximios
3430 2533 3723 2595 recenset,

2071 2612 2164 2666 his
2197 2612 2390 2666 verbis
2419 2628 2431 2664 :
2456 2611 2618 2665 Istud
2649 2628 2682 2665 a
2713 2627 2805 2664 me
2858 2611 2986 2681 jam
3047 2610 3383 2667 institutum
3423 2630 3570 2684 opus
3603 2631 3721 2668 non

2074 2707 2164 2756 est
2191 2706 2350 2756 certe
2367 2717 2513 2770 opus
2543 2699 2858 2754 artiﬁciose
2887 2699 2960 2754 ad
2992 2700 3233 2755 inanem
3266 2704 3727 2759 ostentationem

2076 2789 2466 2854 elaboratum,
2501 2787 2601 2842 sed
2661 2791 2943 2858 tanquam
2977 2790 3438 2846 commentarius
3469 2793 3543 2847 ad
3584 2793 3727 2847 obli-

2077 2878 2268 2932 vionis
2300 2877 2574 2932 morbum
2605 2876 2935 2931 curandum
2956 2878 3017 2932 in
3032 2895 3327 2935 summam
3361 2887 3727 2937 senectutem

2078 2968 2393 3040 repositus,
2455 2967 2840 3022 simulacrum
2873 2968 3048 3039 plane
3089 2975 3147 3024 et
3203 2970 3578 3027 adumbratio
3609 2989 3730 3027 non

2080 3056 2256 3114 modo
2273 3055 2528 3111 efﬁcacis
2543 3056 2704 3111 illius
2721 3057 2980 3128 etplena:
2999 3057 3210 3129 spiritu
3231 3075 3298 3114 ac
3314 3061 3431 3115 vita
3446 3060 3731 3116 doctrina)

2082 3163 2261 3218 quam
2293 3145 2438 3200 mihi
2466 3163 2814 3201 concessum
2873 3151 2962 3201 est
3017 3147 3224 3204 audire
3256 3166 3269 3214 ;
3320 3166 3522 3205 verum
3555 3152 3732 3206 etiam

2083 3236 2391 3291 beatorum
2448 3235 2783 3300 hominum,
2852 3236 2951 3306 qui
3001 3241 3140 3291 sunt
3191 3239 3457 3294 omnium
3537 3258 3738 3297 revera

2085 3322 2400 3397 praeconiis
2419 3325 2629 3378 merito
2643 3323 3272 3390 celebrandi.Quorum
3290 3344 3446 3383 unus
3466 3330 3734 3385 Iconicus

2088 3433 2327 3491 genere,
2360 3417 2422 3470 in
2456 3417 2678 3471 Graecia
2717 3416 2856 3470 vixit
2889 3434 2904 3484 ;
2964 3417 3116 3472 alter
3145 3435 3420 3491 magnam
3453 3422 3734 3476 Grazciam

2091 3506 2342 3561 incoluit
2373 3523 2386 3572 ;
2411 3505 2566 3560 alter
2596 3505 2657 3559 in
2683 3505 3002 3576 C(elesyria
3024 3513 3219 3573 natus,
3237 3507 3456 3563 ibidem
3479 3527 3735 3565 commo-

2092 3600 2256 3649 ratus
2283 3600 2374 3648 est
2405 3611 2418 3661 ;
2453 3593 2605 3648 alter
2654 3611 2723 3648 ex
2780 3595 3022 3666 Egypto
3084 3595 3370 3649 oriundus
3442 3597 3553 3651 fuit
3585 3616 3598 3663 ;
3633 3599 3734 3654 alii

2097 3681 2396 3736 Orientem
2429 3680 2698 3736 doctrina
2729 3680 3064 3752 evangelica
3085 3681 3429 3738 imbuerunt
3450 3700 3462 3736 :
3484 3701 3737 3755 quorum

321 3775 477 3849 παρὰ
534 3771 744 3846 πατρὸς
803 3767 1177 3842 ἐκδεξάμενος·
1257 3765 1440 3842 ὀλίγοι
1503 3763 1560 3821 δὲ
1610 3767 1660 3820 οἱ
1719 3765 1958 3842 πατράσι

2113 3785 2248 3823 inus
2281 3785 2350 3823 ex
2379 3768 2636 3840 Assyriis
2668 3774 2990 3840 prognatus
3013 3774 3122 3836 est,
3155 3769 3306 3824 alius
3333 3771 3394 3825 in
3426 3772 3744 3830 Palmstina

323 3865 542 3936 ὅμοιοι·
575 3863 712 3929 ἧκον
742 3856 810 3927 δὴ
869 3859 960 3913 σὸν
1010 3862 1128 3929 Θεῷ
1156 3856 1246 3910 καὶ
1306 3855 1378 3918 εἷς
1408 3858 1559 3928 ἡμᾶς
1587 3856 1656 3909 τὰ
1682 3856 1987 3931 προγονικά

325 3953 512 4007 ἐκεῖνα
533 3949 626 4004 καὶ
683 3944 1025 4002 ἀποστολικὰ
1076 3945 1540 4016 κατασθησόμενοι
1572 3944 1874 4019 σπέρματα.

2095 3859 2340 3928 antiqua
2373 3857 2754 3912 Hebraeorum
2779 3858 2959 3930 stirpe
2991 3859 3204 3915 e'litus.
3234 3861 3304 3916 Et
3333 3879 3467 3916 cum
3498 3862 3740 3920 demum

2095 3947 2220 4018 ipse
2254 3946 2559 4001 hominem
2603 3947 2663 4001 in
2694 3949 2935 4020 Egypto
2984 3948 3432 4006 delitescentem
3465 3953 3744 4025 vestigas-

329 4060 484 4111 sem,
506 4042 689 4110 inque
717 4055 852 4096 eum
880 4043 1247 4109 postremum
1280 4035 1647 4100 incidissem,
1679 4035 1782 4106 qui
1811 4035 2024 4090 virtute
2057 4042 2113 4090 et
2145 4036 2414 4091 doctrina
2445 4041 2571 4091 erat
2599 4053 2660 4091 re
2698 4037 2826 4108 ipsa
2883 4038 3152 4093 omnium
3214 4039 3464 4110 primus,
3500 4043 3739 4097 tandem

329 4149 472 4188 cum
505 4130 611 4184 illo
643 4127 978 4198 conquievi.
1026 4128 1218 4196 Atque
1266 4125 1364 4180 isti
1412 4141 1610 4180 veram
1672 4129 2062 4179 sacrosancta:
2116 4125 2400 4180 doctrina)
2461 4125 2867 4193 traditionom,
2925 4143 3102 4197 quam
3162 4129 3556 4184 successionis
3589 4133 3739 4186 serie

329 4223 408 4277 ab
440 4220 588 4292 ipsis
620 4234 809 4289 usque
841 4215 1064 4272 sanctis
1095 4214 1405 4286 apostolis,
1438 4215 1631 4283 Petro,
1655 4213 1892 4281 Jacobo,
1921 4215 2144 4269 Joanne
2164 4219 2221 4269 et
2247 4214 2426 4269 Paulo
2459 4215 2896 4281 deducta,velut
2925 4216 3084 4270 ﬁlius
3115 4233 3150 4271 a
3177 4222 3343 4286 patre
3374 4226 3748 4289 acceperant,

329 4310 479 4365 licet
506 4308 680 4382 pauci
703 4321 956 4362 numero
991 4303 1186 4376 (pauci
1218 4303 1376 4358 enim
1408 4308 1547 4358 sunt
1575 4302 1843 4374 patribus
1878 4303 2128 4374 similes)
2155 4303 2390 4358 assidue
2423 4303 2943 4373 conservantes,ad
2972 4309 3238 4359 nostram
3271 4309 3504 4361 aetatem
3536 4324 3745 4378 usque,

334 4401 540 4455 divina
567 4399 803 4453 favente
844 4394 1184 4461 clementia,
1217 4394 1394 4449 vitam
1425 4397 1846 4466 propagarunt,
1881 4409 1996 4463 quo
2014 4394 2261 4464 antiqua
2287 4393 2390 4450 illa
2411 4399 2470 4449 et
2489 4394 2818 4467 apostolica
2864 4393 3146 4449 doctrinas
3190 4395 3491 4466 prcedictw
3523 4399 3752 4454 semina

335 4490 402 4543 in
433 4488 654 4545 animis
675 4484 897 4542 nostris
926 4485 1282 4539 insererent.

1627 4612 1794 4679 Idem,
1827 4610 1962 4666 ibid.
2000 4611 2096 4666 lib.
2125 4627 2177 4679 v,
2214 4628 2336 4682 cap.
2367 4609 2473 4669 28.

413 4717 515 4772 Ἦν
550 4712 600 4769 δ’
630 4712 692 4767 ἂν
723 4712 894 4787 τυχὸν
928 4711 1152 4775 πιθανὸν
1183 4710 1246 4766 τὸ
1278 4709 1595 4786 λεγόμενον,
1631 4708 1675 4763 εἰ
1738 4709 1813 4782 μή
1845 4712 1999 4784 πρῶ-

339 4823 434 4858 τον
481 4804 575 4875 μὲν
609 4801 936 4856 ἆντέπιπτον
971 4799 1158 4862 αὐτοῖς
1193 4800 1246 4854 αἱ
1279 4800 1417 4854 θεῖαι
1453 4798 1680 4873 Γραφαί·
1714 4797 1804 4852 καὶ
1835 4794 1998 4851 ἀδελ-

343 4897 459 4966 φῶν
489 4889 546 4947 δέ
573 4912 738 4946 τινων
770 4888 883 4944 ἐστὶ
934 4887 1232 4964 γράμματα
1283 4883 1621 4964 πρεσϐύτερα
1667 4891 1776 4942 τῶν
1808 4885 2000 4942 Bima-

345 5000 438 5054 ρος
468 4975 750 5056 χρόνων,ὰ’
776 4977 973 5033 ἐκεῖνοι
1007 4977 1142 5051 πρὸς
1169 4976 1236 5030 τά
1265 4972 1390 5047 ἔθνη
1427 4975 1558 5051 ὑπὲρ
1587 4981 1686 5045 τῆς
1717 4972 1996 5043 ἀληθείας,

344 5069 601 5146 καὶπρὸς
631 5070 729 5131 τὰς
757 5068 884 5123 τότε
933 5066 1168 5140 αἱρέσεις
1225 5063 1484 5140 ἔγραψαν.
1545 5061 1703 5139 Λέγω
1758 5061 1814 5118 δὲ
1863 5065 1999 5119 ’[ου-

345 5159 528 5213 στίνου
573 5159 664 5214 καὶ
723 5152 1038 5216 Μιλτιάδου
1075 5153 1167 5210 καὶ
1215 5158 1480 5209 Τατιανοῦ
1510 5153 1599 5209 καὶ
1654 5151 1999 5228 Κλήμεντος,

347 5254 438 5302 καὶ
468 5248 662 5326 ἐτέρων
691 5243 970 5303 πλειόνων
1000 5243 1052 5298 ἐν
1086 5245 1166 5305 οἷς
1205 5240 1369 5298 ἅπασι
1416 5243 1757 5318 θεολογεῖται
1811 5243 1837 5296 ὁ
1869 5247 1998 5316 Χρι-

351 5337 496 5400 στός.

2182 4713 2264 4765 Ac
2293 4711 2544 4765 fortasse
2577 4708 2634 4764 id
2685 4709 2842 4780 quod
2869 4708 3095 4778 dicunt,
3129 4711 3412 4767 credibile
3437 4712 3756 4786 videretur,

2111 4799 2227 4853 nisi
2255 4800 2340 4854 eis
2371 4799 3083 4871 refragarenturprimum
3098 4801 3340 4871 quidem
3372 4801 3584 4858 divina;
3606 4804 3762 4858 Scri-

2110 4892 2297 4958 ptura;
2332 4905 2346 4954 ;
2379 4887 2592 4942 deinde
2623 4888 2872 4942 fratrum
2904 4889 3296 4959 quorumdam
3329 4891 3761 4962 scripta,Victo-

2111 4979 2193 5032 ris
2215 4983 2388 5033 (etate
2421 4978 2782 5049 antiquiora,
2817 4995 2950 5049 qua:
2981 4978 3069 5031 illi
3130 4978 3409 5034 adversus
3467 4986 3673 5053 gentes
3705 4987 3765 5036 et

2109 5072 2319 5122 contra
2349 5067 2438 5122 sui
2473 5067 2757 5139 temporis
2784 5067 3096 5122 haereticos
3140 5084 3247 5138 pro
3274 5068 3537 5124 veritatis
3559 5069 3761 5125 defen-

2109 5157 2277 5212 sione
2305 5156 2993 5229 scripseruntJustinum
3017 5156 3306 5229 intelligo,
3331 5163 3389 5213 et
3409 5158 3759 5226 Miltiadem,

2111 5249 2170 5300 et
2189 5244 2518 5307 Tatianum,
2551 5257 2617 5298 ac
2650 5242 3040 5311 Clementem,
3101 5243 3369 5315 aliosque
3394 5246 3761 5318 quampluri-

2026 5345 2071 5410 D
2104 5351 2235 5395 mos
2264 5377 2277 5402 ,
2315 5334 2378 5388 in
2437 5349 2688 5404 quorum
2719 5332 2984 5414 omnium
3045 5331 3216 5387 libris
3247 5333 3461 5388 Christi
3490 5335 3764 5390 divinitas

2116 5423 2422 5482 astruitur.

1565 5549 1734 5614 Idem,
1766 5549 1902 5604 ibid.
1928 5549 2022 5604 lib.
2044 5567 2114 5617 v1,
2141 5567 2264 5620 cap.
2293 5546 2368 5602 l3
2391 5553 2440 5601 et
2478 5545 2573 5600 44.

429 5671 536 5724 Τοῦ
567 5666 622 5724 δὲ
651 5665 994 5739 Κλήμεντος
1029 5667 1380 5740 Στρωματεῖς
1413 5662 1464 5716 οἱ
1494 5659 1689 5724 πάντες
1712 5661 1856 5716 ὀκτὼ
1886 5665 2012 5738 παρ’

357 5758 496 5830 ἡμῖν
526 5759 812 5828 σώζονται·
845 5751 940 5815 οὕς
971 5751 1061 5807 καὶ
1109 5749 1370 5820 τοιαύτης
1401 5748 1626 5820 ἠξίωσεν
1680 5747 2010 5828 ἐπιγραφῆς·

2199 5662 2519 5719 Clementis
2547 5677 2756 5716 omnes
2813 5665 2945 5715 octo
2996 5660 3132 5713 libri
3168 5665 3542 5734 Στρωματεῖς,
3573 5662 3630 5716 id
3682 5665 3772 5714 est

2126 5756 2276 5808 varie
2306 5752 2568 5820 contacti,
2601 5747 2757 5818 apud
2815 5765 2924 5802 nos
2967 5748 3183 5817 integri
3243 5752 3570 5812 servantur,
3620 5762 3768 5813 quos
