3974 6140
238 356 311 414 35
1470 337 1803 399 CLBMBHS
1839 333 2426 397 Αωχωωιωωε.
3584 335 3659 392 35

241 478 345 535 tali
375 476 765 549 inscriptione
796 473 1070 529 donavit:
1102 470 1417 527 TttiFtaott
1430 464 1719 523 vimentis
1740 476 1810 516 cm

2085 474 2167 511 rec
2224 454 2847 549 1ιξλαοίοοίῖίλίλςμιενστξος
2898 458 3241 512 ’τῶνίκατᾶ
3315 459 3416 528 τήν
3472 457 3654 530 ἄληθῆ

238 569 514 623 menta-ria
569 566 942 639 Στρωματεῖς,
1000 563 1113 617 hoc
1173 565 1263 616 est
1308 560 1465 615 rario
1514 556 1729 609 ratione
1772 565 1894 605 con.

236 659 395 723 tea-ti,
443 657 539 726 qui
588 653 952 724 multiplicem
998 669 1139 707 vero:
1200 668 1264 705 ac
1303 649 1503 705 diva
1524 639 1901 726 philosophiae.

2001 544 2329 623 φιλοσοφίαν
2388 549 2704 622 γνωπικῶν
2789 545 3198 620 ὑπομνημάτων
3285 554 3659 623 Στρωματεῖς.

1997 640 2415 728 ’ἰσάριθμοίήτξ
2459 640 2679 727 πρόθεσις
2741 643 2875 699 είσὶν
2938 645 2988 699 o't
3048 643 3665 720 ἐπιγεγαμμένοιὙπο-

236 720 604 814 cognitionem
651 720 1129 813 complectuntur.
1192 726 1459 793 Totidem
1520 720 1805 787 etiam—1i

2092 721 2291 787 ξιίῖσεων
2318 720 2706 808 αὐτοῧλόγοισ
2757 731 2809 787 έν
2871 735 2956 797 οἷς
2985 732 3249 806 ὀνομαστὶ
3285 735 3359 796 ὡς
3394 731 3661 789 διδασκά-

239 839 378 890 sunt
408 834 479 887 ab
536 850 603 887 eo
659 832 801 899 edit,
863 830 964 902 qui
1024 824 1447 890 Ὑποτυπώσεις,
1482 822 1541 876 id
1591 825 1680 875 est
1707 820 1893 885 Infor-

238 921 946 989 mationes,inscribuntur
970 937 983 987 ;
1010 920 1071 972 in
1092 917 1308 988 quibus
1325 917 1675 969 Pantaenum
1692 908 1863 963 docto
1881 933 1893 945 -

242 1029 368 1067 rem
400 1017 459 1067 et
486 1012 837 1083 magistrum
854 1025 1027 1063 suum
1059 1004 1413 1075 nominatim
1443 1003 1897 1065 memorat,cum

241 1100 710 1159 Commentarios
736 1098 866 1170 ejus
898 1098 957 1151 in
990 1111 1188 1151 sacras
1220 1094 1450 1149 litteras
1504 1085 1895 1149 recensendo,

240 1196 365 1246 tum
398 1189 744 1244 traditiones
759 1187 937 1241 etiam
970 1181 1477 1257 explanando.Est
1507 1178 1634 1252 ejus
1655 1174 1807 1231 liber
1822 1172 1897 1229 ad

237 1275 490 1351 gentiles
520 1275 893 1331 Hortatorius.
928 1272 1067 1328 Tres
1110 1273 1275 1340 item,
1338 1270 1440 1342 qui
1493 1264 1899 1322 inscribuntur

239 1363 796 1434 PazdagogusAlius,
828 1358 1000 1432 cujus
1034 1359 1241 1414 titulus
1274 1359 1358 1413 sic
1389 1356 1598 1412 habet:
1637 1356 1897 1419 Quisnam

240 1462 388 1515 dives
417 1457 511 1511 ille
541 1459 631 1522 sit,
667 1456 764 1525 qui
820 1454 1083 1507 salvetur.
1118 1453 1191 1505 De
1245 1449 1508 1504 Paschate
1538 1445 1690 1500 liber
1719 1460 1896 1529 unus,

242 1560 655 1630 Disputationes
684 1556 750 1609 de
792 1554 1037 1623 jejunio.
1098 1550 1270 1605 Liber
1322 1546 1769 1606 Obtrectationis.
1797 1544 1901 1599 Est

244 1652 535 1720 presteres.
550 1640 703 1701 liber
720 1643 854 1713 ejus
866 1641 1220 1695 Hortatorius
1234 1637 1308 1694 ad
1334 1632 1897 1709 patientiamAlius,

240 1746 333 1800 Ad
359 1758 537 1813 nuper
567 1742 888 1811 baptizatos.
926 1737 1093 1792 Alius
1150 1734 1252 1807 qui
1303 1736 1683 1805 nuncupatur
1706 1732 1898 1786 Conon

2001 819 2126 893 λοι),
2177 825 2275 877 τοῦ
2332 821 2634 877 Ῑῐανταίνου
2683 821 3036 896 μνημονεύει,
3096 822 3334 899 έκδοχάς
3389 844 3449 879 τε
3497 823 3661 878 αὐτοῦ

2001 912 2249 987 γράφων,
2280 911 2370 965 καὶ
2429 908 2755 986 παραδόσεις
2811 911 3170 984 ἐκτιθέμενος.
3222 914 3377 969 ’Ἐστι
3424 909 3482 966 δὲ
3511 912 3659 985 αὑτῷ

2122 1001 2261 1075 δρὸς
2292 998 2576 1070 ’Έλληνας
2606 998 2771 1076 λόγος
2829 1001 2856 1054 ὁ
2916 1002 3340 1077 Προτρεπτικὸς,
3400 1008 3547 1075 τρεῖς
3600 1021 3661 1057 τε

2004 1101 2056 1153 οἱ
2084 1103 2182 1167 τοῦ
2238 1097 2680 1176 έπιγεγαμμένου
2733 1096 3116 1176 Παιδαγωγοῦ’
3163 1100 3253 1156 καὶ
3310 1101 3403 1173 τίς
3454 1101 3488 1157 ὁ
3547 1121 3659 1159 σω-

2006 1188 2235 1273 ζόμενος
2288 1185 2554 1255 πλούσιος
2606 1209 2622 1259 ;
2684 1186 2855 1251 οὕτως
2904 1186 3227 1268 ἐπιγραφεὶς
3275 1188 3457 1265 ἔτερος
3491 1189 3658 1245 αὐτοῦ

2000 1272 2184 1352 λόγος’
2217 1276 2279 1333 τό
2322 1298 2381 1359 τε
2424 1272 2554 1357 Περὶ
2610 1278 2706 1355 τοῦ
2763 1280 2961 1356 Πάσχα
3020 1279 3333 1359 σῦγγαμμα,
3385 1279 3475 1349 καὶ
3528 1288 3665 1343 Διαθ-

2004 1365 2175 1437 λέξεις
2225 1364 2349 1441 περὶ
2402 1366 2670 1438 νηστείας,
2719 1367 2809 1422 καὶ
2884 1368 3013 1443 Περὶ
3073 1354 3433 1439 κατα-λαλιᾶς,
3478 1368 3567 1423 καὶ
3629 1369 3659 1423 ὁ

2006 1457 2407 1532 Προτρεπτικὸς
2458 1456 2594 1529 πρὸς
2655 1457 2965 1527 ὑπομονὴν,
3015 1457 3108 1512 καὶ
3160 1456 3255 1521 Εἷς
3308 1456 3436 1521 τοὺς
3462 1457 3657 1512 νεωστὶ

2008 1549 2499 1630 βεϐαπτισμένους,
2556 1551 2646 1608 καὶ
2698 1555 2727 1609 ὁ
2776 1552 3254 1631 ἐπιγεγραμμένος
3327 1554 3511 1627 Κάνων
3568 1554 3662 1609 έκ-

2001 1642 2415 1712 κλησιαστικὸς,
2445 1642 2480 1711 ἢ
2511 1641 2649 1718 πρὸς
2677 1641 2805 1705 τοὺς
2861 1641 3272 1712 Ἰουδαίζοντας·
3315 1642 3372 1699 ὅν
3405 1641 3658 1714 Ἀλεξαν-

2004 1728 2219 1805 δρῷατῷ
2279 1727 2652 1805 δεδηλωμένῳ
2710 1731 2990 1805 έπισκόπῳ
3033 1733 3387 1809 ἀνατέθεικεν.
3421 1733 3511 1790 Ἐν
3558 1734 3655 1808 μὲν

241 1828 781 1898 ecclesiasticus,sive
796 1832 1005 1884 contra
1033 1841 1135 1881 eos
1155 1824 1258 1896 qui
1276 1822 1613 1880 Judaaorum
1634 1836 1810 1893 sequo

2085 1823 2251 1885 θτοϊς
2318 1823 2736 1895 Στρωματεῦσιν
2795 1820 2855 1876 οὐ
2912 1822 3078 1899 μόνον
3134 1829 3239 1893 τῆς
3291 1822 3438 1884 Θείας
3490 1821 3654 1877 κατά-

242 1928 339 1978 tur
369 1933 634 1976 errorem
662 1932 676 1985 ;
708 1930 890 1988 quem
946 1914 1224 1987 episcopo
1275 1909 1634 1980 Alexandro,
1672 1908 1744 1964 de
1776 1922 1892 1979 quo

240 2026 422 2082 supra
447 2008 627 2064 verba
652 2007 924 2075 fecimus,
958 2001 1267 2060 dedicavit.
1302 2001 1368 2057 In
1426 2000 1597 2056 libris
1624 2003 1896 2073 Στρωμα-

236 2100 395 2167 τέων,
455 2113 577 2153 non
631 2095 810 2151 modo
868 2094 1199 2149 sententias
1257 2108 1328 2147 ex
1385 2105 1554 2146 sacra
1598 2089 1899 2160 Scriptura

240 2188 521 2244 collectas
552 2184 819 2257 disperse
848 2182 1059 2238 intexit
1088 2199 1105 2249 ς
1140 2180 1244 2236 sed
1275 2180 1452 2235 etiam
1485 2194 1555 2233 ex
1584 2178 1895 2253 gentilium

238 2285 596 2356 scriptorum
625 2281 871 2353 libris,si
904 2278 1045 2353 quid
1076 2277 1148 2334 ab
1178 2277 1298 2333 illis
1328 2274 1638 2333 commode
1670 2275 1896 2331 dictum

238 2374 525 2440 videatur,
559 2372 761 2439 sumit,
792 2384 927 2426 cum
954 2370 1290 2425 Graacorum
1323 2367 1503 2423 simul
1526 2371 1583 2421 et
1612 2364 1895 2420 barbaro-

240 2480 374 2520 rum
406 2464 742 2535 opiniones,
793 2477 923 2533 qure
978 2459 1135 2531 apud
1194 2457 1413 2514 multos
1463 2455 1701 2529 jactatae
1733 2461 1893 2523 sunt,

239 2561 606 2635 aperiendo:
644 2564 769 2615 tum
807 2559 991 2615 falsos
1048 2562 1108 2612 et
1168 2554 1607 2626 commentitios
1666 2569 1897 2609 errores

246 2650 580 2723 eorum,qui
615 2649 770 2703 inter
800 2646 1113 2702 haereticos
1143 2645 1475 2718 principem
1508 2643 1705 2697 locum
1736 2641 1893 2696 obti-

246 2741 491 2808 nebant,
524 2736 929 2810 coarguendo;
962 2736 1223 2806 denique
1255 2731 1734 2805 explanationem
1750 2730 1898 2786 mul-

248 2827 473 2901 tiplicis
502 2826 810 2891 doctrinm,
843 2829 898 2878 et
944 2822 1279 2878 litterarum
1312 2822 1599 2893 cujusque
1639 2821 1895 2894 generis,

247 2918 408 2973 unde
441 2915 682 2989 copiosa
712 2910 965 2969 materia
1016 2908 1191 2966 nobis
1252 2909 1515 2983 suppetit
1542 2910 1896 2980 prudentiae,

246 3022 383 3073 ante
413 3013 617 3071 oculos
646 3012 887 3068 lectoris
934 3007 1229 3083 proponit.
1265 3012 1455 3080 Atque
1486 3008 1580 3062 his
1608 3007 1898 3063 universis

242 3105 736 3178 philosophorum
768 3101 1043 3174 dogmata
1071 3096 1408 3154 admiscuit.
1435 3094 1599 3153 Unde
1620 3114 1738 3152 non
1770 3096 1897 3153 sine

2001 1929 2232 1986 στρωσιν
2265 1907 2560 1980 πεποίηται
2588 1912 2830 1991 Γραφῆς,
2882 1910 3030 1987 ἀλλὰ
3078 1911 3167 1971 καὶ
3196 1914 3303 1971 τῶν
3336 1911 3464 1986 παρ’
3509 1911 3655 1981 "El.

2000 1997 2186 2071 λησιν,
2221 1994 2275 2052 εἶ’
2304 2017 2356 2052 τι
2390 1993 2491 2074 όίρα
2545 1994 2831 2075 ὠφέλιμον
2891 1996 3066 2054 ἐδόκει
3134 2000 3318 2062 αὐτοῖς
3377 1998 3653 2076 εἰρῆσθαι,

2003 2096 2355 2175 μνημονεύει,
2388 2099 2494 2153 τῶν
2526 2118 2584 2151 τε
2612 2095 2757 2175 παρᾶ
2786 2103 2902 2163 τοῖς
2950 2096 3185 2162 πολλοῖς
3242 2095 3556 2174 δογμάτων,
3586 2096 3655 2157 τὰ

1996 2184 2281 2261 Ἑλλήνων
2343 2186 2485 2261 ὁμοῦ
2537 2185 2626 2242 καὶ
2682 2187 2748 2241 τὰ
2800 2180 3089 2263 βαρϐάρων
3135 2186 3511 2261 ἀναπτύσσων,
3561 2186 3651 2242 καὶ

1999 2270 2076 2331 ἔτι
2106 2277 2203 2338 τὰς
2233 2280 2340 2330 τῶν
2370 2277 2736 2354 αἱρεσιαρχῶν
2788 2272 3141 2350 ψευδοδοξίας
3202 2276 3464 2351 εὐθύνων,
3496 2277 3650 2332 ἱστο-

2002 2364 2119 2439 ρίαν
2158 2386 2217 2423 τε
2246 2363 2464 2440 πολλὴν
2496 2363 2763 2440 λέξαπλοῖ,
2797 2365 3048 2429 ὑπόθεσιν
3098 2368 3234 2439 ἡμῖν
3295 2362 3653 2437 πολυμαθοῦς

2001 2456 2260 2532 παρέχων
2319 2452 2588 2517 παιδείας.
2649 2452 2881 2518 Τούτοις
2960 2452 3123 2510 ἅπασι
3183 2455 3511 2531 καταμίγυσι
3565 2454 3658 2509 καὶ

2000 2545 2068 2599 τά
2097 2544 2414 2620 φιλοσόφων
2449 2541 2719 2620 δόγματα.
2754 2544 2911 2611 Ὅθεν
2960 2544 3186 2609 εἰκότως
3214 2542 3567 2616 κατάλληλον
3588 2547 3659 2620 τῇ

2005 2642 2253 2708 ὑποθέσει
2287 2642 2377 2697 καὶ
2436 2643 2537 2712 τήν
2594 2644 2921 2723 προγραφὴν
2978 2647 3087 2699 τῶν
3143 2641 3523 2718 Στρωματέων
3556 2664 3661 2699 πε-

2002 2732 2248 2803 ποίηται.
2276 2730 2550 2808 Κέχρηται
2584 2728 2629 2786 δ’
2689 2730 2740 2785 ἐν
2803 2730 2988 2807 αὐτοῖς
3018 2732 3108 2790 καὶ
3135 2738 3258 2795 ταῖς
3290 2733 3397 2787 ἀπὸ
3425 2737 3531 2789 τῶν
3562 2731 3659 2788 ἀν-

2000 2821 2373 2898 τιλεγομένων
2421 2824 2648 2898 Γραφῶν
2703 2820 3049 2897 μαρτυρίαις,
3103 2828 3203 2892 τῆς
3255 2842 3314 2876 τε
3342 2819 3659 2895 λεγομένης

2005 2916 2375 2985 Σολομῶντος
2406 2910 2635 2993 Σοφίας,
2666 2909 2755 2967 καὶ
2785 2916 2886 2979 τῆς
2943 2911 3123 2981 Ἰησοῦ
3179 2916 3274 2969 νοῦ
3307 2910 3507 2987 iapix,
3568 2909 3661 2969 καὶ

2002 3008 2100 3071 τῆς
2149 3001 2283 3076 πρὸς
2339 2995 2625 3079 Ἐϐραίους
2656 2999 3009 3070 Ἐπιστολῆς,
3038 3007 3137 3070 τῆς
3183 3020 3243 3056 τε
3262 2994 3536 3075 Βαρνάϐαν
3566 3000 3657 3059 καὶ

2005 3099 2328 3173 Κλήμεντος
2387 3098 2481 3159 καὶ
2535 3093 2732 3151 Ἰούδα.
2767 3096 3118 3170 Μνημονεύει
3144 3119 3202 3157 τε
3237 3101 3337 3154 τοῦ
3364 3097 3502 3173 πρὸς
3528 3097 3659 3159 Ἑλ-

245 3212 424 3250 causa
453 3192 906 3265 inscriptionem
937 3190 1134 3262 Operis
1165 3193 1514 3263 argumento
1544 3186 1711 3243 valde
1753 3204 1814 3242 co

2086 3208 2181 3262 νας
2208 3188 2476 3245 Τατιανοῦ
2506 3182 2703 3261 λόγου,
2732 3185 2823 3253 καὶ
2854 3187 3181 3257 Κασσιανοῦ,
3239 3187 3313 3249 ὡς
3369 3185 3460 3247 καὶ
3486 3185 3653 3249 αὐτοῦ

243 3288 588 3339 sentaneam
621 3280 778 3350 fecit,
817 3280 1191 3353 Στρωματεῖς.
1221 3277 1289 3332 In
1320 3275 1543 3332 eisdem
1574 3281 1703 3330 octo
1726 3274 1897 3333 libris

241 3373 430 3427 utitur
461 3368 822 3425 testimoniis
880 3366 1342 3438 Scripturarum,
1366 3364 1579 3437 quibus
1610 3380 1645 3417 a
1666 3428 1670 3435 ,
1693 3362 1896 3418 multis

244 3469 396 3525 solet
426 3464 751 3524 contradici
789 3483 801 3520 :
836 3464 1122 3521 nimirum
1176 3465 1506 3534 Sapientia,
1566 3478 1697 3533 qua:
1729 3460 1895 3517 Salom

240 3557 435 3613 monis
472 3556 706 3624 dicitur,
734 3561 792 3611 et
832 3556 1223 3622 Ecclesiastici,
1254 3554 1390 3610 Jesu
1421 3549 1647 3619 Sirach,
1676 3556 1735 3604 et
1760 3550 1897 3623 Epi-

240 3646 404 3703 stolas
438 3644 514 3703 ad
540 3644 838 3713 Hebraeos,
882 3650 944 3700 et
998 3642 1304 3710 Barnabas,
1364 3646 1425 3698 et
1465 3640 1807 3706 Clementis,
1841 3644 1899 3694 et

239 3736 422 3793 Iudae.
454 3735 682 3791 Tatiani
714 3736 858 3791 item
888 3733 1109 3789 librum
1133 3738 1340 3790 contra
1354 3731 1616 3807 gentiles
1646 3730 1898 3786 citat:et

239 3822 461 3878 librum
488 3821 775 3889 Cassiani,
808 3839 987 3893 quem
1046 3823 1123 3876 De
1180 3825 1483 3891 temporum
1528 3820 1722 3875 ordine
1753 3833 1893 3873 con-

240 3911 496 3984 scripsit.
557 3909 827 3964 Philonis
880 3926 1077 3981 porro,
1138 3914 1196 3964 et
1249 3907 1619 3974 Aristobuli,
1658 3905 1899 3978 Iosephi

240 4006 298 4056 et
326 3998 609 4056 Demetrii
655 4003 715 4053 et
761 3997 1092 4069 Eupolemi,
1125 3995 1463 4052 Iudaeorum
1513 3995 1896 4067 scriptorum,

239 4096 595 4154 memoriam
626 4112 748 4155 non
776 4094 1046 4167 praeterit
1080 4109 1091 4146 :
1127 4093 1348 4169 quippe
1377 4093 1479 4164 qui
1504 4091 1629 4163 suis
1661 4089 1898 4161 scriptis

238 4188 499 4258 Moysen,
523 4190 578 4240 et
607 4183 947 4241 Judmorum
976 4186 1236 4254 gentem,
1268 4186 1462 4236 vetere
1494 4179 1602 4235 illa
1621 4178 1901 4252 prosapia

240 4295 371 4349 qua)
428 4276 584 4349 apud
645 4278 877 4332 Graecos
924 4274 1210 4347 jactatur,
1268 4271 1443 4344 longe
1497 4270 1898 4342 antiquiorem

236 4373 420 4431 fuisse
446 4374 760 4449 perspicue
790 4372 1484 4440 commonstrant.Atque
1506 4368 1604 4424 isti
1627 4367 1900 4424 Clemen-

239 4465 315 4519 tis
347 4463 502 4531 libri,
537 4479 686 4533 quos
708 4462 837 4534 jam
869 4460 1165 4532 persecuti
1199 4476 1425 4526 sumus,
1457 4456 1716 4512 maxima
1747 4456 1899 4527 opti-

2002 3274 2412 3353 Χρονογραφίαν
2442 3275 2844 3347 πεποιημένου.
2898 3276 3018 3333 Ἔτι
3076 3276 3188 3349 μὴν
3247 3275 3505 3339 Φίλωνος
3560 3274 3656 3335 καὶ

2003 3368 2466 3450 Ἀριστοϐούλου,
2518 3374 2790 3449 Ἰωσήπου
2840 3394 2903 3431 τε
2927 3375 3019 3430 καὶ
3051 3374 3370 3450 Δημητρίου
3397 3376 3486 3430 καὶ
3550 3375 3655 3435 Εὖ-

2001 3464 2277 3537 πολέμου,
2304 3461 2581 3525 Ἰουδαίων
2617 3463 2990 3541 συγγραφέων,
3017 3465 3093 3528 ὡς
3143 3466 3203 3521 ἄν
3252 3467 3463 3521 τούτων
3491 3464 3661 3521 ἀπάν-

2001 3574 2107 3611 των
2138 3551 2425 3630 ἐγγράφως
2477 3546 2844 3626 πρεσϐύτερον
2898 3560 3003 3622 τῆς
3050 3556 3177 3629 παρ’
3231 3551 3504 3624 Ἕλλησιν
3561 3553 3659 3627 ἀρ-

2004 3641 2333 3719 χαιογονίας
2358 3642 2593 3699 Μωυσέα
2620 3661 2681 3695 τε
2708 3640 2800 3695 καὶ
2827 3642 2889 3695 τὸ
2917 3639 3201 3701 Ἰουδαίων
3242 3640 3398 3707 ἔθνος
3433 3639 3659 3698 ἀποδει-

2004 3732 2344 3804 ξάντων.Καὶ
2376 3727 2555 3802 ἄλλης
2587 3727 2645 3785 δὲ
2672 3728 2936 3801 πλείστης
2954 3731 3398 3807 χρηστομαθείας
3421 3729 3659 3806 ἔμπλεοι

2002 3818 2063 3875 οἷ’
2089 3816 2430 3892 δηλούμενοι
2458 3819 2795 3895 τυγχάνουσι
2848 3823 2947 3875 τοῦ
2989 3818 3187 3897 ἀνδρὸς
3240 3820 3422 3898 λόγοι.
3475 3825 3569 3877 Ὧν
3604 3823 3656 3878 ἐν

2001 3922 2083 3990 τῷ
2112 3918 2318 3992 πρώτῳ
2337 3917 2466 3991 περὶ
2483 3914 2678 3971 ἑαυτοῦ
2700 3913 2875 3986 δηλοῖ
2902 3918 2977 3979 ὼς
2998 3914 3223 3994 ἔγγιστα
3248 3928 3349 3991 τῆς
3378 3926 3488 3977 τῶν
3517 3922 3660 3977 ἀπο-

2002 4005 2217 4065 στόλων
2245 4002 2546 4083 γενομένου
2564 4001 2865 4079 διαδοχῆς⁴
2896 4008 3269 4082 Ύπισχνιῖται
3300 4006 3421 4071 δ’ὶν
3468 4010 3657 4073 αὐτοῖς

2002 4092 2094 4151 καὶ
2146 4092 2228 4156 εἷς
2284 4094 2386 4161 τὴν
2444 4093 2655 4151 Γένεσιν
2714 4093 3273 4168 ὑπομνηματιεῖσθσα.
3330 4098 3436 4153 Καὶ
3464 4096 3519 4152 ἐν
3573 4102 3658 4170 τῷ

2005 4182 2162 4260 λόγῳ
2205 4180 2265 4245 δὲ
2318 4183 2490 4241 αὐτοῦ
2517 4187 2596 4255 τῷ
2636 4181 2688 4245 ἲς
2743 4182 2939 4258 Πάσχα
2990 4179 3342 4257 ἐκϐιασθῆναι
3390 4187 3662 4263 ὁμολογεῖ

2000 4283 2142 4357 πρὸς
2170 4286 2290 4340 τῶν,
2310 4280 2561 4356 ἑταίρων,
2598 4280 2659 4343 ἃς
2698 4279 2865 4356 ἔτυχε
2909 4282 3057 4356 παρὰ
3078 4289 3191 4339 τῶν
3243 4284 3494 4361 ἀρχαίων
3526 4306 3660 4362 πρε-

2005 4366 2280 4445 σϐυτέρων
2340 4370 2599 4441 ἀκηκοὼς
2674 4368 3035 4445 παραδόσεις,
3105 4378 3287 4453 γραφῇ
3342 4381 3465 4437 τοῖς
3527 4376 3664 4449 μετὰ

2002 4466 2172 4517 ταῦτα
2202 4459 2561 4527 παραδοῦναι.
2597 4459 2889 4534 Μέμνηται
2938 4460 2989 4516 δ’
3033 4460 3087 4518 ἐν
3134 4463 3286 4537 αὖ»τῷ
3343 4464 3662 4525 Μελίτωνος

237 4569 477 4609 marum
529 4551 984 4623 disciplinarum
1038 4548 1290 4603 materia
1345 4546 1548 4602 referti
1607 4551 1763 4600 sunt.

2121 4560 2446 4637 Εἱρηναίου,
2478 4559 2570 4614 καί
2597 4580 2759 4615 τινων
2833 4559 3050 4637 ἐτέρων,
3110 4563 3184 4617 ὧν
3224 4564 3313 4619 καὶ
3345 4565 3441 4627 τὰς
3466 4560 3666 4638 διηγη-

237 4642 430 4713 primo
461 4640 613 4695 libro
646 4639 914 4711 ejusdem
973 4636 1169 4708 operis
1227 4635 1300 4689 de
1355 4636 1549 4706 seipso
1604 4633 1891 4710 loquitur,

236 4740 400 4813 quod
432 4754 616 4811 prOpe
635 4738 708 4794 ad
725 4737 1128 4809 apostolorum
1150 4740 1422 4807 tempora
1451 4734 1895 4791 successerit.1n

239 4830 466 4886 eisdem
486 4827 659 4884 libris
698 4826 1129 4882 Commentarios
1152 4827 1209 4879 in
1234 4825 1480 4881 Genesim
1512 4840 1573 4880 se
1596 4821 1895 4879 editurum

239 4929 579 5003 pollicetur.
614 4928 765 4981 Item
796 4925 859 4981 in
905 4922 1061 4980 libro
1092 4923 1257 4979 illius
1289 4939 1467 4996 quem
1499 4924 1575 4977 De
1629 4922 1898 4977 Paschate

243 5018 601 5089 composuit,
634 5014 855 5071 fatetur
885 5030 947 5070 se
979 5030 1013 5069 a
1041 5012 1438 5069 familiaribus
1484 5010 1608 5066 suis
1638 5010 1899 5083 compul-

242 5125 396 5176 sum,
432 5111 498 5161 ut
518 5103 889 5169 traditiones,
926 5120 1071 5176 quas
1121 5120 1155 5158 a
1209 5100 1506 5157 veteribus
1535 5099 1898 5173 presbyteris

246 5204 593 5278 accepisset,
646 5202 862 5257 lilteris
912 5200 1192 5273 proderet
1222 5197 1296 5255 ad
1352 5197 1780 5270 posteritatem.
1831 5197 1897 5251 In

246 5295 458 5351 eodem
518 5292 673 5348 libro
738 5291 1105 5358 Melitonem,
1139 5290 1433 5345 Irenazum
1464 5292 1523 5342 et
1577 5286 1724 5343 alios
1754 5302 1901 5342 non-

245 5382 443 5439 nullos
475 5385 925 5447 commemorat,
981 5378 1471 5447 narrationesque
1546 5375 1774 5446 aliquot
1832 5392 1901 5431 ex

244 5500 451 5538 eorum
504 5481 672 5537 libris
730 5479 859 5551 pias
915 5481 1206 5533 recenset.
1269 5476 1335 5528 In
1394 5472 1563 5527 libris
1586 5472 1899 5524 Ὑποτυπώ-

243 5591 401 5639 σεων,
437 5579 501 5627 ut
526 5571 884 5642 summatim
948 5563 1467 5637 comprehendam.
1495 5562 1648 5616 sicut
1677 5562 1734 5614 in
1766 5561 1898 5615 uni-

241 5681 443 5720 versas
475 5663 831 5734 Scripturas,
866 5675 998 5729 qua)
1030 5655 1297 5712 omnium
1330 5652 1743 5707 consentiente
1791 5667 1897 5705 au-

246 5754 519 5813 ctoritate
549 5751 1004 5817 oonﬁnnantur,
1032 5746 1245 5802 breves
1264 5741 1516 5814 scripsit
1557 5740 1899 5813 explicatio-

2004 4674 2113 4716 σεις
2170 4650 2424 4717 τέθειται.
2484 4652 2571 4709 Ἐν
2623 4647 2680 4713 δὲ
2734 4656 2857 4717 ταῖς
2897 4652 3322 4725 Ὑποτυπώσεσι,
3375 4653 3667 4724 ξονελόντα

2011 4739 2204 4812 εἰπεῖν,
2226 4738 2404 4809 πάσης
2440 4744 2540 4807 τῆς
2570 4734 2892 4810 ἒνδιαθήκου
2949 4743 3168 4818 Γραφῆς
3216 4740 3662 4817 έπιτετμημένας

2005 4828 2303 4896 πεποίηται
2337 4824 2641 4900 διηγήσεις,
2672 4822 2818 4900 μηδὲ
2867 4827 2962 4890 τὰς
3000 4827 3424 4907 ἀντιλεγομένας
3452 4830 3664 4906 παρελ-

2007 4918 2136 4973 θών·
2168 4917 2266 4985 τὴν
2327 4910 2503 4970 Ἰούδα
2560 4912 2706 4991 λέγω
2761 4917 2851 4975 καὶ
2907 4916 3000 4979 τὰς
3057 4917 3306 4995 (λοιπὰς)
3360 4918 3661 4985 καθολικᾶς

2008 5012 2323 5083 ἐπιστολὰς,
2352 5013 2452 5084 τήν
2483 5032 2540 5066 τε
2571 5009 2848 5091 Βαρνάϐα,
2902 5016 2993 5073 καὶ
3049 5017 3150 5087 τὴν
3183 5018 3395 5094 Πέτρου
3426 5018 3667 5096 λεγομέ-

2008 5126 2102 5173 νην
2138 5097 2538 5174 Ἀποκάλυψιν.
2572 5100 2677 5159 Καὶ
2730 5103 2830 5171 τὴν
2885 5103 3023 5179 πρὸς
3072 5099 3360 5181 Ἑϐραίους
3420 5105 3478 5164 δὲ
3509 5110 3665 5168 Ἐπι-

2011 5190 2236 5261 στολὴν,
2269 5188 2491 5249 Παύλου
2524 5190 2622 5265 μὲν
2671 5190 2803 5249 εἶναί
2832 5213 2991 5271 φησι,
3032 5195 3327 5271 γεγράφθαι
3360 5192 3420 5251 δὲ
3446 5192 3668 5273 Ἑβραί-

2011 5302 2094 5343 οις
2121 5275 2386 5354 Ἐϐραϊκῇ
2418 5282 2598 5353 φωνῇ,
2631 5286 2842 5337 Λουκᾶν
2896 5280 2955 5336 δὲ
2990 5281 3305 5359 φιλοτίμως
3359 5284 3526 5354 αὐτὴν
3566 5307 3670 5359 με.

2011 5368 2479 5447 θερμηνεύσαντα,
2554 5366 2802 5425 ἐκδοῦναι
2876 5376 2994 5431 τοῖς
3046 5371 3342 5443 Ἕλλησιν·
3398 5373 3519 5439 ὅθεν
3574 5377 3671 5433 τὸν

2011 5460 2173 5516 αὐτὸν
2205 5463 2398 5536 χρῶτα
2428 5458 2768 5533 εὑρίσκεσθαι
2799 5460 2935 5513 κατᾶ
2990 5460 3089 5528 τήν
3123 5459 3438 5535 ἑρμηνείαν,
3471 5463 3675 5536 ron-327‘;

2008 5580 2067 5614 τε
2097 5565 2196 5627 τῆς
2221 5554 2576 5625 Ἐπιστολῆς,
2623 5557 2712 5609 καὶ
2770 5556 2880 5610 τῶν
2939 5557 3213 5632 Ηράξεων·
3279 5561 3354 5633 μή
3405 5563 3676 5638 προγεγά-

2008 5660 2137 5724 φοαι
2170 5645 2230 5701 δὲ
2257 5648 2340 5715 τὸ,
2379 5644 2593 5708 Παῦλος
2626 5643 2964 5713 ἀπόστολος,
3018 5646 3265 5709 εἶκότως.
3320 5672 3349 5700 ‹‹
3388 5644 3670 5724 Ἑϐραίοις

2006 5737 2132 5813 γὰρ,
2155 5735 2344 5812 φησὶν,
2369 5728 2733 5805 ἕπιστέλλων,
2764 5732 3047 5809 πρόληψιν
3068 5735 3327 5816 εἰληφόσι
3357 5740 3475 5794 κατ’
3503 5739 3672 5797 αὐτοῦ
