3974 6140
211 331 282 388 39
1436 311 1769 371 CLEMENS
1807 304 2399 364 ALBXANDBINUB.
3547 293 3624 348 40

206 455 583 528 complexum
603 450 849 519 dixisse,
879 451 1000 505 Pax
1031 444 1159 512 tibi,
1191 442 1483 512 illumque
1513 433 1846 492 osculatum
1888 447 2056 501 esse;
2119 433 2177 484 et
2233 427 2317 482 sic
2375 422 2616 481 tandem
2673 426 2994 494 utrumque
3036 419 3227 476 securi
3269 434 3620 492 percussum

209 547 387 601 vitam
409 541 764 600 deseruisse.

1417 617 1587 683 Idem,
1621 613 1872 670 Chronic.
1903 613 2132 676 Canem,
2158 625 2296 679 pag.
2322 605 2398 661 24
2409 604 2446 658 6

214 754 508 819 Clemens,
559 751 893 805 Sim-malum
949 749 1173 812 auctor,
1216 733 1628 794 Alexandrinae
1658 731 1783 787 Eccl

2055 724 2285 819 Κλήμης
2311 717 2740 819 όΣτρᾳωματεὺς
2783 711 3145 793 πρεσϐύτερος
3188 711 3624 788 Ἀλεξανδρείας,

215 802 936 914 sise-presbyterpptimus
961 802 1308 888 Christianae
1326 822 1718 898 philosophiae
1741 837 1784 875 ιι

2055 834 2193 875 ιστος
2249 809 2576 872 διδάσγαλος
2635 808 2686 863 ἐν
2744 811 2813 881 τῇ
2869 806 3006 862 κατᾶ
3048 806 3274 882 Χριστὸν
3307 802 3624 881 φιλοσοφίᾳ,

216 893 605 914 --πτ---ηη
657 893 670 908 ι
715 893 734 908 .
1327 893 1347 898 _
1566 893 1583 895 _

213 933 416 1005 gister,
448 928 616 984 libris
648 921 1093 983 conscribendis
1122 916 1403 974 inclaruit
1435 931 1448 982 ;
1475 918 1533 969 et
1552 915 1782 967 Pantaen

2056 906 2280 960 θτὰὶττων
2343 898 2666 973 διέλαμπεν,
2725 896 2814 953 καὶ
2860 896 3156 959 Πάνταινος
3184 893 3489 975 φιλόσοφος
3519 893 3625 949 ἀπὸ

2104 999 2126 1005 ..
2176 994 2202 1005 υ
2273 988 2288 1005 ι
2389 995 2417 1005 ~
2467 1001 2480 1005 -
2527 988 2538 1005 Ι
2611 986 2630 1005 κ
2662 987 2674 1005 1
2793 983 2817 1005 ἢ
2852 985 2863 1005 Ι

215 983 605 1076 Esaiam
634 1020 796 1071 secta
822 1009 1232 1084 philosophus,
1289 1005 1351 1060 in
1400 1001 1615 1058 divinis
1655 999 1780 1054 litte

1525 1001 1615 1057 nis
1655 999 1867 1054 litteris
1979 994 2239 1049 Στωῖγῶν
2269 988 2320 1047 ἐν
2352 995 2431 1064 τῷ
2461 988 2586 1063 θείῳ
2611 986 2763 1063 λόγῳ
2789 983 3094 1062 διέπρεπεν.

219 1108 516 1164 excelluit.

1326 1195 1493 1259 Idem,
1528 1192 1776 1260 Praepar.
1811 1185 2082 1255 ecangel.,
2117 1182 2213 1238 lib.
2246 1199 2307 1248 ιι,
2341 1197 2463 1251 cap.
2495 1181 2557 1237 2.

289 1319 477 1386 Atque
506 1313 722 1368 horum
752 1304 1182 1379 turpitudinem
1208 1299 1578 1358 admirabilis
1608 1297 1710 1352 ille
1741 1295 1858 1350 Cle-

2066 1292 2223 1344 Γαῦτα
2252 1285 2311 1341 δὲ
2360 1284 2475 1356 Κλή
2489 1285 2656 1386 μηςὲ
2712 1283 3012 1386 θαυμάσιος
3043 1280 3094 1336 ἐν
3152 1283 3231 1352 τῷ
3260 1279 3396 1355 πρὸς
3424 1279 3635 1352 Ἕλλη.

289 1367 469 1386 --η-κ-
534 1367 569 1368 η
851 1367 869 1379 .

218 1421 414 1470 mens,
473 1418 542 1456 ea
599 1413 777 1470 quam
824 1396 897 1449 ad
944 1395 1150 1449 Graecos
1209 1389 1409 1459 dirigit
1467 1387 1787 1442 Cohortatio;

2063 1401 2072 1442 ς
2136 1378 2531 1452 Προτρεπτικῷ
2618 1367 2920 1448 διαρρήδην
2979 1367 3305 1424 ἐκκαλύπτει
3342 1414 3356 1438 ,
3413 1370 3632 1424 πάντων

221 1492 443 1548 nudam
473 1487 860 1555 omniumque
923 1477 1304 1551 spectandam
1335 1475 1524 1530 oculis
1570 1489 1790 1545 prOpon

2071 1489 2077 1512 ν
2111 1464 2200 1521 ’διὰ
2224 1466 2418 1533 πείρας
2449 1462 2619 1518 ἐλθὼν
2653 1461 2816 1534 ἀθὴρ,
2869 1458 3059 1522 θᾶττόν
3103 1479 3164 1534 γε
3215 1458 3322 1530 μὴν
3350 1465 3448 1528 τῆς
3491 1459 3640 1513 πλά-

223 1582 444 1653 quippe
474 1577 577 1648 qui
608 1591 743 1631 cum
796 1587 1006 1626 omnes
1038 1568 1276 1622 illorum
1330 1563 1714 1620 caeremonias
1767 1579 1792 1616 s

2062 1577 2078 1618 :
2111 1553 2421 1623 ἀνανεύσας,
2453 1551 2527 1613 ὡς
2574 1549 2632 1605 ἂν
2697 1549 2828 1624 πρὸς
2883 1552 2980 1603 τοῦ
3014 1547 3287 1620 σωτηρίου
3319 1546 3509 1624 λόγου,
3538 1548 3631 1602 καὶ

2139 1650 2163 1653 _
2283 1641 2297 1653 .
2440 1638 2458 1653 ς
2540 1643 2567 1653 ..
2667 1636 2692 1653 λ
2725 1636 2749 1653 κ
2895 1636 2914 1653 κ
2939 1637 2950 1653 ,
3110 1640 3132 1651 ..
3350 1637 3376 1648 ς
3471 1635 3490 1653 ς
3536 1636 3557 1653 ς

223 1670 412 1742 ipsius
446 1663 811 1737 experientia
855 1657 1209 1732 cognoverit,
1261 1660 1387 1709 tum
1444 1652 1752 1708 celerrime

2097 1650 2196 1712 τῆς
2249 1638 2604 1717 εὖαγγελικῆς
2665 1636 3015 1699 διδασκαλίας
3065 1640 3173 1690 τῶν
3232 1637 3411 1691 κακῶν
3471 1635 3643 1692 λελυ-

222 1756 432 1814 infami
459 1770 658 1810 errore
690 1754 870 1822 caput
896 1745 1192 1813 extulerit,
1245 1742 1406 1798 verbi
1455 1739 1755 1807 salutaris,

896 1745 1192 1813 extulerit,
1245 1742 1406 1798 verbi
1455 1739 1755 1807 salutaris,
1819 1744 1875 1793 et
1978 1733 2276 1809 τρωμὲνος.
2324 1773 2338 1788 .
2383 1772 2398 1788 .
2444 1770 2458 1786 .

226 1844 580 1917 evangelicae
614 1839 900 1895 doctrinae
931 1837 985 1890 vi
1019 1853 1090 1890 ex
1119 1837 1208 1888 tot
1254 1836 1672 1900 tantorumque
1691 1827 1878 1883 malo-

378 1900 736 2002 ;ontagione
775 1926 1084 1990 liberatus,
1118 1926 1230 1977 etc.
1908 1900 1955 1963 Β

1515 2017 1685 2082 Idem,
1717 2014 1854 2068 ibid.
1887 2013 1978 2068 lib.
2014 2027 2076 2079 ιι,
2107 2026 2230 2080 cap.
2263 2008 2322 2062 5.

298 2150 502 2217 Itaque
561 2142 807 2198 deorum
857 2139 1120 2209 ipsorum
1153 2133 1330 2199 aedes,
1363 2135 1736 2186 mortuorum
1795 2145 1867 2182 sei

2073 2124 2247 2186 Ἐνθεν
2280 2120 2467 2174 αὐτοῖς
2519 2117 2611 2172 καὶ
2670 2119 2723 2170 οἱ
2749 2121 2856 2171 τῶν
2889 2119 3024 2172 Θεῶν
3073 2117 3236 2184 οἶκοι,
3265 2120 3469 2190 νεκρῶν
3504 2115 3642 2170 εἶναι

232 2203 440 2311 pulcra
462 2248 592 2288 esse
624 2203 1037 2302 perhibentur,
1071 2219 1573 2294 quemadmodum
1610 2218 1801 2273 Cleme

2082 2231 2150 2265 >οι
2187 2207 2644 2282 μνημονεύονται,
2677 2205 2751 2264 ὡς
2783 2206 2811 2260 6
2842 2207 3085 2278 ΚΛήμης
3125 2204 3176 2260 ἐν
3207 2209 3288 2276 τῷ
3343 2205 3480 2280 πρὸς
3509 2203 3651 2261 Ἑλ-

237 2293 393 2382 inea
422 2337 602 2394 quam
659 2318 734 2373 ad
791 2317 998 2372 Graecos
1059 2311 1266 2367 scribit
1297 2309 1677 2364 Cohortatione
1726 2323 1806 2361 cm

2080 2319 2169 2361 νας
2229 2299 2618 2394 Προτρεπτικῷ
2675 2295 2922 2368 ἱστορεῖ,
2977 2296 3074 2347 τοῦ
3135 2293 3307 2368 λόγου
3368 2295 3649 2369 μάρτυρας

238 2411 892 2477 memorat,Grzecorum
915 2403 1181 2474 ipsorum
1203 2397 1547 2454 testimonia
1559 2395 1807 2467 proferel

1498 2395 1887 2467 iaproferens,
1998 2388 2192 2450 αὐτοὺς
2221 2384 2502 2457 Ἕλληνας
2531 2384 2890 2460 ἐπαγόμενος.
2937 2426 2949 2440 .
2996 2427 3008 2441 .
3054 2426 3067 2440 .

243 2509 353 2560 etc.

1484 2587 1656 2652 Idem,
1705 2581 1866 2648 ibid,
1901 2580 1995 2634 lib.
2030 2596 2102 2646 iv,
2134 2593 2258 2646 cap.
2299 2576 2396 2630 46'.

309 2717 444 2773 Iure
475 2727 616 2768 sane
649 2716 707 2766 et
735 2707 946 2764 merito
977 2706 1273 2773 Clemens,
1296 2703 1382 2757 vir
1412 2701 1586 2773 plane
1619 2699 1878 2771 singula-

2086 2689 2313 2752 Ξὶκότως
2345 2687 2448 2764 ἄρα
2473 2689 2500 2743 6
2534 2685 2834 2761 θαυμάσιος
2865 2685 3107 2760 Κλήμης
3161 2685 3212 2741 ἐν
3241 2692 3321 2760 τῷ
3352 2689 3484 2764 πρὸς
3517 2685 3655 2744 Ἔλ-

239 2806 342 2872 ris,
376 2805 438 2857 in
470 2817 539 2856 ea
564 2814 743 2871 quam
793 2793 1116 2869 gentilibus
1145 2792 1451 2862 inscripsit
1482 2790 1808 2845 Cohortalio:

2089 2800 2170 2841 νας
2201 2781 2614 2855 Προτρεπτικῷ,
2666 2775 2800 2831 αὐτὰ
2857 2773 2924 2844 δὴ
2953 2780 3119 2830 ταῦτα
3178 2776 3658 2852 ἐπιμεμφόμενος,

241 2895 448 2951 eadem
479 2891 592 2945 ista
614 2903 889 2959 carpens,
919 2885 1232 2939 hominum
1282 2882 1522 2937 illorum
1565 2879 1810 2936 cmcitate

2088 2874 2182 2933 ἀδε
2211 2877 2297 2932 καὶ
2333 2874 2490 2937 αὐτὸς
2518 2875 2617 2944 τήν
2676 2872 2890 2944 πλάνην
2948 2878 3056 2928 τῶν
3107 2873 3404 2950 ἀνθρώπων
3438 2872 3655 2930 ἀπολο-

241 2985 625 3047 lamentatur,
659 2982 770 3033 etc.

2002 2965 2246 3042 φύρεται,
2293 3008 2307 3023 .
2354 3009 2367 3023 .
2415 3009 2427 3024 ,

1609 3087 1780 3154 Idem,
1813 3085 1906 3140 lib.
1943 3103 2020 3154 ix,
2047 3103 2168 3156 cap.
2205 3084 2262 3139 6.

315 3207 505 3274 Atque
536 3200 709 3256 istius
740 3193 1210 3268 etiam(Clearchi
1229 3191 1660 3264 scil.)Clemens
1683 3197 1884 3246 noster

2088 3188 2282 3244 Γούτου
2313 3187 2370 3241 δὲ
2431 3184 2756 3258 μνημονεύει
2791 3185 2882 3240 καὶ
2937 3187 2966 3240 ὁ
3021 3186 3289 3262 ἡμέτερος
3329 3187 3562 3260 Κλήμης
3595 3185 3657 3242 ἐν

243 3295 397 3350 libro
429 3292 623 3363 primo
647 3290 982 3345 Stromalum
1014 3283 1311 3351 meminit,
1339 3287 1450 3337 etc.

1172 3283 1311 3351 init,
1339 3287 1450 3337 etc.
2001 3281 2081 3349 τῷ
2111 3276 2318 3353 πρώτῳ
2351 3279 2741 3349 Στρωματεῖ...

1613 3399 1780 3466 Idem,
1813 3398 1908 3454 lib.
1950 3415 2005 3464 x,
2041 3412 2161 3468 cap.
2198 3396 2252 3454 Ι.

319 3519 390 3572 Et
419 3514 701 3586 quoniam
732 3511 1005 3566 Clemens
1035 3507 1135 3562 ille
1167 3510 1370 3562 noster
1414 3505 1543 3560 fuse
1585 3503 1888 3560 admodum

2095 3503 2142 3558 Ὀ
2179 3501 2271 3574 μὲν
2302 3497 2393 3554 οὖν
2426 3498 2693 3586 ἡμέτερος
2744 3499 3005 3586 Κλήμης,
3038 3496 3088 3552 ἐν
3119 3496 3261 3572 ἕκτῳ
3312 3505 3664 3576 Στρωματεῖ,

252 3606 541 3662 Stromate
557 3605 719 3658 sexto
743 3598 1206 3670 disputationem
1222 3595 1394 3651 istam
1420 3595 1817 3666 exsequitur,e

2010 3591 2110 3659 τὴν
2143 3588 2264 3665 περὶ
2289 3587 2485 3644 τούτου
2512 3585 2762 3641 σύστασιν
2787 3585 2862 3649 εἰς
2893 3584 3101 3650 πλάτος
3133 3587 3475 3657 ἀπηύθυνε...

1652 3711 1818 3778 Idem,
1850 3711 1987 3764 ibid.
2015 3725 2140 3777 cap.

332 3831 459 3884 Jam
503 3843 639 3881 vero
696 3825 1062 3879 Clementem
1109 3820 1248 3875 audi
1305 3820 1366 3873 in
1428 3819 1635 3874 eadem
1680 3833 1901 3872 mecum

2107 3818 2199 3880 Γῆς
2233 3808 2278 3864 δ’
2322 3809 2489 3880 αὐτῆς
2544 3812 2680 3883 ἡμῖν
2745 3809 3051 3873 ὑποθέσεως
3101 3811 3442 3889 ἐφαψάμενος
3492 3813 3583 3868 καὶ
3641 3817 3676 3871 ὁ

257 3916 660 3988 disputatione
690 3916 1045 3975 versantem,
1081 3913 1192 3962 etc.

2022 3900 2285 3974 Κλήμης,
2316 3897 2613 3955 ἐπάκουσον
2637 3901 2670 3953 ἅ
2689 3921 2917 3977 φησιν...

1639 4022 1809 4087 Idem,
1841 4021 1978 4075 ibid.
2024 4037 2146 4090 cap.
2187 4019 2277 4074 Η.

336 4142 631 4195 Hactenus
660 4133 956 4190 Tatianus.
990 4132 1116 4186 Jam
1147 4130 1221 4185 ad
1260 4128 1623 4183 Clementem
1654 4131 1905 4182 transea-

336 4247 397 4268 m:
453 4232 545 4268 ait!

2112 4126 2344 4180 Γὸσαῦτα
2398 4123 2486 4179 καὶ
2545 4126 2574 4180 6
2641 4125 2929 4187 Τατιανός.
2983 4125 3271 4201 Μετίωμεν
3323 4125 3380 4182 δὲ
3436 4128 3526 4183 καὶ
3581 4127 3681 4185 ἐπὶ

2112 4214 2385 4268 ήμεντα...

264 4247 419 4298 mus,
453 4232 566 4283 etc.

2023 4214 2384 4287 Κλήμεντα...

1617 4335 1788 4401 Idem,
1821 4333 1916 4388 lib.
1949 4351 2027 4402 XI,
2055 4349 2177 4404 cap.
2212 4331 2312 4389 24.

335 4456 526 4523 Atque
551 4451 839 4505 hactenus
891 4445 1082 4510 Philo,
1146 4441 1240 4496 cui
1271 4440 1476 4497 afﬁnia
1528 4439 1704 4513 plane
1733 4444 1790 4494 et
1817 4457 1904 4513 ge-

2117 4441 2269 4493 Γαῦτα
2299 4438 2327 4492 6
2359 4435 2567 4491 Φίλωνο
2602 4434 2815 4508 συνᾴδει
2839 4434 2898 4492 δὲ
2926 4437 3073 4511 αὐτῷ
3102 4438 3194 4493 καὶ
3249 4441 3276 4496 6
3326 4439 3590 4515 Κλήμης,
3623 4441 3686 4500 ἐν

265 4543 432 4599 mina
461 4540 736 4595 Clemens
795 4537 1087 4590 Stromate
1131 4536 1295 4586 sexto
1354 4529 1511 4584 hunc
1557 4530 1617 4584 in
1675 4529 1834 4585 modi

1450 4547 1511 4584 nc
1557 4530 1617 4584 in
1675 4529 1918 4585 modum
2026 4531 2104 4598 τῷ
2132 4524 2275 4598 ἕκτῳ
2301 4530 2624 4600 Στρωματεῖ
2654 4523 2830 4602 λέγων
2864 4523 3019 4598 ᾦδε,,

268 4628 670 4703 persequitur,
701 4631 812 4681 etc.

1596 4738 1763 4803 Idem,
1811 4735 1905 4789 lib.
1940 4751 2059 4802 xm,
2090 4748 2211 4801 cap.
2252 4730 2347 4786 42.

344 4873 467 4935 Quo
501 4866 711 4923 eodem
745 4864 805 4919 in
826 4877 1202 4936 genere,quze
1234 4860 1554 4915 Clementis
1580 4861 1767 4916 nostri
1790 4877 1913 4916 sen-

2121 4856 2298 4912 Οποῖα
2337 4850 2394 4908 δὲ
2425 4851 2513 4906 καὶ
2553 4850 2836 4926 Κλήμεντι
2895 4855 3018 4930 περὶ
3075 4863 3176 4926 τῆς
3238 4857 3406 4927 αὐτῆς
3469 4855 3690 4933 εἷ’ρηται

265 4958 462 5015 tentia
495 4955 694 5023 fuerit,
729 4971 799 5008 ex
821 4949 1210 5022 sequentibus
1231 4948 1545 5021 intelliges,
1582 4955 1693 5005 etc.

1531 4992 1545 5017 ,
1582 4955 1693 5005 etc.
2038 4938 2364 5012 ὑποθέσεως,
2397 4939 2587 5014 γνοίης
2617 4938 2677 4994 ἄν
2707 4937 2796 4995 διὰ
2824 4941 3100 5000 τούτων...

810 5080 1047 5150 Cyrillus
1076 5078 1388 5135 Alexand-r.
1427 5085 1617 5132 contra
1645 5078 1955 5158 Juliapum,
1983 5076 2071 5130 lib.
2112 5091 2187 5142 γι,
2212 5090 2348 5144 pag.
2382 5069 2528 5139 205,
2561 5073 2692 5126 edit.
2725 5075 2928 5142 Paria,
2965 5075 3146 5131 4638.

347 5202 621 5259 Clemens
655 5199 815 5255 enim
847 5197 947 5268 qui
977 5199 1213 5252 sanctos
1244 5193 1545 5266 apostolos
1574 5192 1795 5264 ubique
1827 5209 1916 5248 se-

2125 5187 2343 5260 ἱλήμης
2381 5185 2475 5258 μὲν
2523 5184 2624 5262 γὰρ
2668 5192 2788 5252 τοῖς
2841 5188 3020 5265 ἁγίοις
3059 5189 3390 5256 ἀποστόλοις
3420 5195 3694 5269 ἑπόμενος

273 5293 498 5363 quitur,
530 5290 749 5361 quique
782 5286 1048 5342 inﬁnitas
1099 5286 1435 5339 Graecorum
1495 5282 1774 5336 historias
1827 5298 1842 5337 ε

2129 5273 2608 5391 ιῖαξῆζἏπλείρτης
2636 5297 2696 5332 τε
2755 5275 2888 5348 ὅσης
2941 5277 3282 5350 Ἑλληνικῆς
3333 5281 3579 5360 Ἱστορίας
3614 5286 3698 5350 εἷς

2139 5387 2203 5391 ⁸,,
2343 5384 2414 5391 ....
2499 5387 2524 5391 ,.
2557 5370 2676 5391 ._-‘_'-
2710 5369 3097 5391 (‘_-_._-A-_—."_'
3170 5389 3177 5391 λ

273 5361 491 5436 diendo
515 5383 842 5450 acceperat,
874 5375 936 5430 in
966 5375 1255 5430 Stromatis
1276 5371 1476 5440 refert,
1509 5375 1620 5426 etc.

2037 5366 2204 5435 ἀκοὴν
2240 5362 2438 5432 ἐλθὼν,
2471 5361 2525 5418 ἰν
2557 5370 2676 5428 τοῖς
2708 5369 3097 5440 Στρωματεῦσί
3127 5389 3328 5446 φησι...

1503 5496 1673 5564 Idem,
1699 5495 1860 5561 ibid.,
1893 5494 1986 5549 lib.
2013 5494 2112 5561 vii,
2137 5509 2271 5562 pag.
2304 5489 2448 5548 231.

350 5620 536 5692 Hujus
571 5617 835 5675 historia:
867 5615 1222 5671 nominatim
1266 5613 1538 5668 meminit
1567 5612 1840 5667 Clemens
1873 5612 1919 5667 ir

2132 5605 2327 5675 Γαύτης
2356 5601 2474 5692 ’ἰδία
2508 5602 2781 5677 μέμνηται
2837 5613 2938 5676 τῆς
2987 5608 3226 5684 ἱστορίας
3270 5611 3320 5666 ἐν
3352 5617 3471 5674 τοῖς
3505 5619 3701 5689 Στρω-

277 5712 586 5778 Slromalis,
618 5709 705 5764 vir
736 5709 797 5764 in
839 5705 1050 5780 primis
1100 5704 1308 5760 doctus
1371 5707 1428 5758 et
1486 5702 1776 5771 eruditus,
1835 5722 1846 5757 ι

2136 5700 2299 5752 τεῦσιν
2333 5694 2362 5748 6
2393 5691 2653 5767 Κλήμης,
2686 5695 2822 5768 ἀνὴρ
2871 5694 3177 5770 ἐλλόγιμος
3231 5705 3320 5754 καὶ
3353 5699 3705 5777 φιλομαθής,
