3974 6140
252 265 308 320 41
1505 270 1856 325 VETBRUM
1891 269 2354 326 TESTIMONIA.
3567 274 3646 330 42

253 387 332 443 καὶ
403 385 829 461 ἀναγνωσμάτων
917 386 1259 459 Ἑλληνικῶν
1317 388 1871 466 ’πολυπραγμονήσας

2016 393 2317 448 ἰιιωοιιιιυιιι
2349 393 2680 448 litterarum
2705 391 3102 464 altitudinem,
3131 399 3420 467 quantum
3452 398 3648 455 forsan

256 476 428 551 βάθος,
457 477 532 538 ὡς
563 473 743 552 ὀλίγοι
775 476 918 553 τάχα
940 498 1046 532 που
1075 482 1184 533 τῶν
1213 479 1319 553 πρὸ
1351 478 1534 534 αὐτοῦ.

1991 485 2124 536 ante
2158 481 2320 537 illum
2355 481 2548 553 pauci,
2581 488 2984 554 perscrutatus
3019 489 3127 541 est.

1482 617 1651 686 Idem,
1682 615 1842 680 ibid.,
1877 616 1974 672 lib.
2009 633 2067 686 x,
2097 617 2226 687 pah.
2260 617 2386 672 342.

306 715 444 787 Ἔφη
479 708 537 764 δὲ
569 710 660 764 καὶ
694 710 936 782 Κλήμης
986 712 1123 788 ἀνὴρ
1174 710 1499 787 ἐλλόγιμος,
1552 711 1642 768 καὶ
1694 712 1877 785 μέντοι

254 798 330 852 καὶ
355 797 662 874 πολυΐστωρ
690 800 815 874 περί
841 820 900 856 τε
927 802 1061 855 Θεῶν
1093 802 1184 855 καὶ
1214 806 1354 855 ναῶν
1379 798 1481 856 ὡδί
1511 843 1549 858 ..

2060 713 2332 770 Clemens
2363 721 2554 770 autem
2591 716 2860 773 eruditus
2887 717 2976 772 vir
3004 723 3061 774 et
3086 719 3410 776 multarum
3459 723 3645 778 histo-

1986 804 2207 859 riarum
2245 804 2681 862 scientissimus
2702 805 2774 861 de
2794 805 2910 862 diis
2938 824 3004 862 ac
3025 809 3267 880 templis
3300 811 3381 866 ita
3411 827 3645 883 quoque

1983 892 2209 959 scribit,
2243 896 2354 948 etc.

815 1027 1160 1100 Epiphanius
1189 1028 1461 1085 Adversus
1493 1027 1746 1098 hwrcses,
1776 1029 1874 1084 lib.
1906 1045 1946 1096 1,
1979 1033 2108 1084 tam.
2144 1028 2216 1096 II,
2242 1030 2302 1082 in
2332 1027 2806 1087 Secundianorum
2836 1031 3057 1088 haeresi.

308 1139 438 1197 Εἶτα
467 1141 518 1194 o't
571 1138 758 1202 καλῶς
809 1142 1268 1216 συγγραψάμενοι,
1300 1142 1388 1198 καὶ
1442 1142 1700 1212 ἀλήθειαν
1748 1140 1878 1196 τού-

253 1251 347 1284 των
374 1229 427 1284 ἐν
458 1235 576 1292 τοῖς
613 1251 758 1306 σφων
784 1231 959 1284 αὐτῶν
994 1233 1414 1304 συγγράμμασιν
1443 1229 1696 1306 ἤλεγξαν,
1729 1233 1878 1301 Κλή-

251 1340 349 1391 μης
377 1339 453 1389 τι,
487 1318 545 1372 ὅν
578 1319 708 1396 φασί
758 1339 897 1382 τινες
955 1317 1327 1395 Ἀλεξανδρέα,
1374 1317 1550 1396 ἕτεροι
1593 1316 1650 1374 δὲ
1699 1321 1872 1390 Ἀθη-

245 1428 298 1460 να
307 1427 397 1463 ιον.

2060 1143 2272 1199 Verum
2323 1160 2503 1214 quam
2554 1144 2677 1200 haec
2705 1163 2737 1200 a
2765 1147 3008 1201 veritate
3040 1146 3397 1204 abhorreant
3426 1150 3645 1217 omnia,

1987 1232 2200 1303 egregii
2272 1232 2512 1302 quidem
2577 1233 2892 1304 scriptores
2959 1235 3134 1290 editis
3201 1238 3487 1293 adversus
3550 1256 3650 1295 eos

1985 1321 2440 1376 Commentariis
2494 1321 3000 1391 demonstrarunt,
3031 1325 3323 1395 praecipue
3352 1343 3486 1381 vero
3514 1327 3647 1382 Cle-

1985 1425 2152 1465 mens
2211 1409 2666 1478 Alexandrinus,
2710 1427 2885 1482 quem
2932 1413 3350 1470 Atheniensem
3407 1414 3507 1471 alii
3554 1416 3644 1472 fa-

1983 1496 2166 1552 ciunt.

1053 1614 1356 1686 Dionysius
1386 1615 1736 1684 Arrepagita,
1769 1613 1866 1669 lib.
1900 1615 1972 1669 De
2001 1613 2207 1668 divinis
2227 1615 2572 1681 nominibus,
2603 1631 2722 1686 cap.
2749 1617 2804 1672 5.

312 1709 371 1765 Ei
400 1707 456 1763 δὲ
486 1710 514 1764 ὁ
547 1708 851 1786 φιλόσοφος
890 1708 1032 1782 ἀξιοῖ
1077 1710 1342 1782 Κλήμης,
1392 1711 1481 1765 καὶ
1529 1711 1664 1784 πρὸς
1695 1711 1748 1764 τὶ
1778 1712 1881 1764 πά-

250 1795 565 1873 ραδεῖγματα
597 1794 844 1872 λέγεσθαι
883 1798 949 1853 τὰ
992 1799 1042 1852 ἐν
1091 1805 1208 1862 τοῖς
1253 1797 1404 1853 οὖσιν
1435 1800 1877 1874 ἆρχηγικώτερα,

249 1887 439 1962 πρόεισι
473 1887 572 1961 μὲν
609 1886 671 1941 οὐ
706 1884 795 1941 διὰ
830 1885 1031 1960 κυρίων
1087 1887 1178 1942 καὶ
1229 1885 1511 1943 παντελῶν
1541 1887 1630 1942 καὶ
1681 1884 1874 1942 ἁπλῶν

247 1977 513 2048 ὀνομάτων
549 1976 580 2030 ὁ
611 1973 777 2052 λόγος
805 1977 975 2048 αὐτῷ.

2064 1713 2121 1767 Si
2154 1715 2348 1768 autem
2398 1713 2526 1771 vult
2573 1713 2843 1771 Clemens
2869 1714 3280 1788 philosophus,
3315 1719 3385 1772 ad
3417 1718 3638 1792 aliquid

1991 1801 2101 1856 dici
2137 1801 2495 1874 exemplaria
2537 1818 2664 1874 qua:
2713 1809 2854 1860 sunt
2886 1805 2941 1859 in
2977 1808 3154 1861 rebus
3203 1805 3638 1880 principaliora,

1986 1890 2364 1962 progreditur
2413 1891 2676 1963 quidem,
2725 1909 2856 1949 cum
2911 1895 2995 1950 sic
3041 1895 3321 1966 loquitur,
3371 1914 3486 1953 non
3537 1915 3640 1971 per

1984 1979 2220 2051 propria
2245 1983 2304 2035 et
2333 1981 2611 2051 perfecta,
2643 1985 2700 2037 et
2730 1982 3025 2054 simplicia
3054 1983 3314 2043 nomina.

1275 2098 1643 2168 Hieronymus
1673 2095 1736 2150 in
1767 2096 2170 2153 Ecclesiasticis
2199 2099 2583 2169 scriptoribus.

293 2194 551 2252 Clemens
593 2195 1000 2251 Alexandrinas
1043 2195 1311 2251 Ecclesiae
1361 2196 1683 2268 presbyter,
1717 2195 1863 2252 Pan-

117 2313 120 2316 ~
232 2285 372 2351 tzeni,
403 2285 473 2339 de
523 2301 646 2354 quo
695 2301 876 2355 supra
920 2283 1254 2349 retulimus,
1288 2284 1542 2352 auditor,
1576 2289 1706 2354 post
1736 2285 1864 2354 ejus

89 3167 118 3224 3

71 4855 134 5976 l

238 2377 460 2426 mortem
483 2371 849 2427 Alexandria:
880 2371 1335 2428 ecclesiasticam
1361 2371 1622 2429 scholam
1653 2371 1863 2442 tonuit,

236 2466 283 2515 et
327 2461 705 2534 Κατηχήσεων
756 2461 1040 2531 magister
1077 2462 1206 2516 fuit.
1243 2462 1531 2516 Feruntur
1560 2462 1688 2532 ejus
1719 2460 1862 2516 insi-

237 2550 357 2619 gnia
372 2550 697 2618 volumina,
729 2550 1016 2621 plenaque
1045 2549 1395 2606 eruditionis
1416 2555 1473 2605 et
1493 2550 1862 2620 eloquentiae,

233 2642 336 2692 tam
366 2639 434 2693 de
463 2637 793 2708 Scripturis
822 2637 1059 2705 divinis,
1083 2655 1261 2709 quam
1297 2641 1366 2693 de
1395 2637 1694 2694 saecularis
1715 2638 1866 2694 litte-

238 2732 422 2780 raturas
472 2727 892 2782 instrumento.
928 2731 968 2780 E
997 2727 1214 2798 quibus
1246 2727 1346 2782 illa
1376 2733 1515 2783 sunt
1547 2745 1560 2783 :
1595 2732 1866 2800 Στρωμα-

233 2817 349 2881 τεῐς,
382 2813 511 2870 libri
563 2821 731 2881 octo;
781 2814 1206 2868 Ὑποτυπώσεων
1257 2815 1391 2870 libri
1439 2820 1601 2883 octo;
1657 2815 1864 2871 Adver-

229 2919 311 2956 sus
353 2915 557 2973 gentes,
602 2903 752 2959 liber
811 2921 1005 2970 unus;
1046 2905 1342 2975 Pwdagogi
1390 2904 1525 2960 libri
1589 2913 1741 2973 tres;
1794 2906 1871 2960 De

239 2993 427 3047 Pascha
455 2993 610 3048 liber
643 3010 831 3059 unus;
864 2998 941 3048 De
969 2994 1174 3065 jejunio
1202 2993 1562 3064 disceplatio;
1613 3001 1670 3049 et
1712 2992 1865 3050 alius

1975 2196 2111 2251 dam
2200 2195 2640 2271 Χρονογραφίας,
2727 2202 2882 2270 quod
2935 2201 3288 2273 opusculum
3375 2202 3636 2262 invenire

1976 2301 2091 2339 non
2151 2285 2336 2356 potui.
2381 2286 2498 2341 Nec
2560 2304 2675 2342 non
2729 2293 2788 2344 et
2837 2289 2906 2344 de
2949 2289 3172 2346 Judaais
3229 2291 3632 2348 Aristobulum

1975 2375 2314 2443 quemdam,
2341 2380 2396 2430 et
2425 2375 2786 2432 Demetrium
2819 2381 2877 2434 et
2907 2378 3288 2449 Eupolemum
3320 2380 3632 2452 scriptores

1975 2464 2254 2518 adversus
2284 2469 2490 2534 gentes
2538 2465 2731 2529 refert,
2766 2466 2864 2535 qui
2896 2467 2950 2521 in
2983 2467 3432 2522 similitudinem
3463 2471 3630 2524 Jose-

1975 2551 2076 2621 phi
2127 2550 2553 2626 Ἀρχαιογονίας
2613 2553 2797 2625 Moysi
2847 2559 2904 2609 et
2947 2554 3202 2610 Judaicae
3250 2556 3408 2626 genti
3467 2574 3627 2613 asse-

1974 2640 2238 2696 ruerint:
2272 2648 2459 2696 exstat
2497 2640 2811 2696 Alexandri
2867 2643 3448 2715 Hierosolymitarum
3500 2645 3626 2714 epi-

1975 2729 2158 2800 sc0pi,
2193 2729 2292 2800 qui
2323 2746 2459 2784 cum
2510 2729 2784 2785 Narcisso
2837 2736 3038 2802 postea
3082 2732 3228 2786 rexit
3276 2733 3625 2802 Ecclesium,

1974 2817 2224 2888 epistola
2255 2817 2826 2888 superjordinatione
2854 2819 3219 2892 Asclepiadis
3267 2821 3626 2878 confessoris

1975 2906 2047 2960 ad
2079 2905 3020 2978 Antiochensesﬁcongratulantis
3050 2909 3172 2977 eis;
3219 2909 3280 2965 in
3312 2927 3431 2981 qua
3463 2911 3629 2981 ponit

1977 2993 2034 3047 in
2080 2993 2194 3048 ﬁne
2224 3011 2237 3047 :
2271 3015 2298 3042 ι(
2333 2993 2464 3049 Hec
2516 2994 2703 3064 vobis,
2748 2995 2970 3049 domini
3025 3011 3092 3052 ac
3142 2996 3372 3065 fratres,
3404 2997 3628 3068 scripta

239 3081 325 3150 qui
353 3081 710 3150 inscribitur,
744 3063 1023 3150 Quisnam
1040 3081 1189 3140 dives
1221 3081 1328 3138 ille
1351 3063 1426 3137 sit
1455 3082 1552 3153 qui
1580 3083 1864 3144 salvetur;
1899 3063 1941 3128 C
1975 3081 2270 3146 tranmisi,
2332 3098 2431 3151 per
2487 3063 2843 3137 Clementem
2903 3084 3141 3139 beatum
3192 3063 3624 3157 presbyterum,

237 3169 297 3222 De
321 3170 706 3226 obtrectatione
748 3170 896 3226 liber
944 3189 1129 3239 unus;
1164 3173 1236 3227 De
1264 3173 1572 3226 canonibus
1602 3170 1865 3227 ecclesia-

235 3257 388 3326 sticis,
420 3265 474 3314 et
522 3259 837 3315 Adversum
889 3275 979 3315 eos
1035 3262 1131 3331 qui
1181 3260 1503 3318 Judeeorum
1561 3266 1868 3332 sequuntur

237 3362 480 3417 errorem,
507 3348 661 3403 liber
691 3364 874 3416 unus;
909 3365 1080 3420 quem
1115 3349 1346 3421 proprie
1373 3349 1699 3410 Alexandro
1731 3349 1863 3404 Hie-

236 3435 643 3508 rosolymorum
676 3437 952 3508 episcopo
986 3437 1426 3512 προσεφώνησεν.
1464 3437 1730 3493 Meminit
1761 3455 1862 3492 au-

1974 3169 2165 3225 virum
2197 3168 2488 3224 illustrem
2520 3174 2578 3224 et
2599 3171 2945 3241 probatum;
3006 3188 3182 3244 quem
3234 3191 3336 3229 vos
3389 3191 3623 3246 quoque

1976 3258 2162 3324 scitis,
2212 3263 2269 3313 et
2317 3275 2469 3313 nunc
2526 3258 2759 3329 plenius
2817 3263 3292 3331 recognoscetis:
3337 3263 3437 3333 qui
3486 3280 3620 3318 cum

1976 3348 2088 3403 huc
2130 3347 2389 3403 venisset
2426 3347 2598 3418 juxta
2646 3347 3070 3420 providentiam
3123 3356 3181 3405 et
3227 3351 3617 3407 visitationem

1975 3436 2717 3500 Dei,confirmavitetauxit
2738 3436 2968 3492 Domini
2994 3437 3620 3496 Ecclesium-Constat

234 3529 334 3578 tem
367 3527 420 3580 in
450 3525 822 3581 Stromatibus
852 3527 976 3582 suis
999 3525 1314 3581 voluminis
1346 3526 1574 3581 Tatiani
1595 3527 1866 3582 Adversus
1974 3525 2279 3596 Origenem
2309 3525 2488 3595 hujus
2519 3526 2702 3580 fuisse
2732 3525 3113 3598 discipulum.
3148 3527 3374 3584 Floruit
3420 3533 3616 3584 autem

237 3617 420 3683 gentes,
453 3616 524 3671 de
558 3631 674 3686 quo
707 3631 888 3687 supra
915 3614 1170 3670 diximus
1198 3635 1212 3685 ;
1265 3621 1325 3670 et
1371 3615 1635 3671 Cassiani
1666 3617 1864 3688 cujus-

1971 3613 2165 3670 Severi
2191 3617 2248 3668 et
2279 3612 2552 3668 Antonini
2584 3613 2690 3667 filii
2718 3614 2845 3683 ejus
2875 3615 3264 3685 temporibus.

1388 3732 1566 3797 Idem,
1587 3733 1668 3786 ad
1695 3747 1959 3800 magnum
1991 3733 2194 3785 orator.
2225 3730 2450 3783 Roman.

299 3828 558 3886 Clemens
611 3827 1011 3884 Alexandrinae
1068 3827 1334 3884 Ecclesiae
1386 3829 1704 3902 presbyter,
1739 3845 1870 3893 meo

237 3916 441 3985 judicio
492 3918 762 3975 omnium
805 3915 1265 3987 eruditissimus,
1296 3921 1424 3974 octo
1454 3919 1691 3990 scripsit
1721 3917 1873 3973 Stro-

244 4012 434 4064 matum
481 4008 687 4076 libros,
720 4012 779 4064 et
827 4007 1086 4063 totidem-
1119 4005 1568 4075 Ὑποτυπώσεων,
1602 4013 1660 4062 et
1689 4007 1870 4062 alium

1985 3828 2183 3882 Contra
2250 3831 2452 3895 gentes,
2502 3825 2806 3897 Pwdagogi
2871 3843 3106 3900 quoque
3155 3828 3261 3884 tria
3308 3828 3631 3887 volumina.

1981 3916 2129 3981 Quid
2162 3916 2220 3970 in
2256 3915 2373 3971 illis
2401 3915 2569 3972 libris
2602 3915 2924 3987 indoctum,
2943 3916 3060 3972 imo
3085 3917 3226 3990 quid
3254 3935 3368 3976 non
3393 3936 3423 3976 e
3443 3920 3638 3976 media

1982 4004 2354 4078 philosophia
2383 4008 2472 4060 est
2491 4004 2518 4059 '?

663 4145 914 4215 Ruﬁnns,
945 4144 1019 4200 De
1047 4143 1450 4200 adulteratione
1480 4143 1747 4199 librorum
1775 4143 2031 4213 Origenis
2057 4142 2205 4213 apud
2234 4141 2654 4212 Hieronymum,
2685 4146 2815 4198 iam.
2852 4142 2925 4198 IV
2953 4143 3189 4200 Erasmi.

306 4259 564 4316 Clemens
613 4276 846 4331 quoque
893 4257 1044 4313 alius
1085 4257 1516 4314 Alexandrinus
1548 4260 1875 4331 presbyter,
1906 4263 1954 4327 D
1985 4261 2309 4313 creaturam
2363 4256 2527 4312 dicit.
2562 4257 2839 4327 Nunquid
2891 4257 3167 4313 credibile
3217 4263 3304 4312 est
3352 4259 3423 4310 de
3477 4261 3640 4313 tanto

246 4352 293 4403 et
318 4350 593 4421 magister
626 4348 896 4405 Ecclesiae
930 4347 1094 4403 illius
1124 4347 1184 4403 in
1215 4347 1490 4404 omnibus
1525 4366 1670 4419 pene
1703 4348 1870 4404 libris

248 4436 372 4504 suis,
401 4438 706 4493 Trinitatis
752 4435 999 4507 gloriam
1050 4441 1226 4507 atque
1269 4437 1656 4491 aeternitatem
1691 4453 1868 4491 unam

250 4526 609 4597 eamdemque
657 4525 951 4596 designat,
984 4524 1276 4579 interdum
1309 4525 1643 4578 invenimus
1677 4525 1877 4596 aliqua

251 4610 299 4664 in
347 4611 512 4670 libris
578 4615 707 4686 ejus
766 4611 1047 4684 capitula,
1105 4612 1166 4666 in
1225 4612 1444 4683 quibus
1506 4612 1720 4668 Filium
1774 4613 1876 4669 Dei

1981 4346 2102 4402 viro
2168 4351 2289 4402 tam
2361 4347 2417 4401 in
2485 4347 2763 4401 omnibus
2833 4345 3141 4413 catholico,
3201 4348 3321 4401 tam
3389 4347 3640 4423 erudito,

1987 4440 2053 4490 ut
2081 4435 2172 4491 vel
2205 4435 2317 4489 sibi
2351 4435 2648 4491 contraria
2699 4435 2973 4501 senserit,
3005 4433 3094 4489 vel
3124 4451 3190 4490 ea
3236 4451 3361 4506 quae
3412 4435 3482 4491 de
3531 4435 3644 4491 Deo

1988 4540 2103 4579 non
2138 4524 2327 4578 dicam
2357 4526 2610 4587 credere,
2647 4523 2746 4578 sed
2774 4522 2860 4578 vel
2891 4523 3093 4578 audire
3124 4524 3361 4595 quidem
3394 4523 3642 4596 impium

1991 4616 2101 4680 est,
2136 4612 2358 4683 scripta
2391 4611 2739 4682 reliquerit?

1251 4745 1524 4815 Socrates,
1556 4748 1760 4804 Histor.
1794 4747 2116 4812 ecclesiast.,
2151 4744 2248 4799 lib.
2285 4761 2346 4813 ιι,
2378 4760 2499 4816 cap.
2534 4745 2623 4800 35.

315 4860 461 4930 οὕτω
504 4859 561 4916 δὲ
604 4861 671 4930 ἧν
714 4861 1066 4935 ὀλιγομαθής
1099 4861 1126 4914 ὁ
1158 4859 1387 4931 Ἀἐτιος,
1436 4859 1526 4914 καὶ
1574 4863 1680 4914 τῶν
1718 4859 1880 4934 ἱερῶν

258 4953 570 5022 γραμμάτων
623 4948 892 5024 ἀμύητος,
945 4949 1007 5004 τὸ
1063 4947 1332 5024 ἐριστικὸν
1401 4945 1458 5002 δὲ
1529 4948 1881 5023 κατωρθώκει

264 5056 421 5109 μονον,
447 5038 580 5113 ὅπερ
622 5037 684 5093 ἂν
735 5039 822 5092 καὶ
875 5037 1130 5112 ἀγροῖκός
1170 5057 1254 5099 τις
1285 5039 1584 5107 ποιήσειεν,
1619 5037 1692 5098 ὡς
1745 5038 1882 5109 μήτε

264 5125 366 5187 τοὺς
409 5127 670 5202 ἀρχαίους
717 5125 846 5188 τοὺς
891 5127 958 5181 τὰ
1004 5125 1358 5200 Χριστιανικᾶ
1399 5123 1558 5201 λόγια
1611 5125 1879 5198 ἑρμηνεύο

266 5232 427 5278 ama:
473 5216 794 5286 ἀσκηθῆνσι,
839 5211 1025 5270 πολλά
1073 5213 1286 5290 χαίρείν
1339 5213 1542 5291 φράσας
1591 5217 1708 5275 τοῖς
1759 5213 1882 5286 περὶ

268 5299 556 5376 Κλήμεντα,
603 5305 691 5359 καὶ
753 5304 1075 5380 Ἀφρικανὸν
1112 5347 1127 5373 ,
1176 5301 1267 5358 καὶ
1327 5303 1629 5379 Ὠριγὲνην,
1685 5298 1884 5375 ἄνδρας

267 5388 415 5460 πάσης
441 5391 630 5470 σοφίας
662 5391 853 5462 ἑπιστή
865 5411 1048 5464 μονας.

518 5691 786 5750 Panos.
833 5691 942 5750 Gn.
981 5689 1145 5750 V111.

2061 4864 2350 4916 Caeterum
2385 4860 2528 4915 adeo
2563 4859 2842 4915 mediocri
2875 4860 3140 4916 doctrina
3170 4862 3647 4933 prarditus.etsa-

1991 4965 2223 5005 orarum
2290 4948 2623 5004 litterarum
2682 4949 2992 5020 imperitus
3041 4955 3166 5004 erat
3212 4951 3435 5020 Aetius,
3487 4956 3539 5006 et
3589 4951 3647 5006 in

1993 5055 2108 5093 uno
2140 5038 2525 5093 contendendi
2581 5039 2776 5093 studio
2824 5038 3217 5103 exercitatus;
3251 5041 3405 5109 quod
3457 5039 3648 5110 quivis

1991 5127 2166 5183 etiam
2221 5127 2470 5196 agrestis
2505 5127 2671 5182 facile
2705 5127 2981 5197 consequi
3033 5127 3214 5197 possit
3244 5147 3258 5192 ;
3298 5133 3360 5182 ut
3393 5144 3462 5183 ne
3495 5133 3647 5184 vete-

1992 5233 2120 5272 rum
2154 5215 2392 5286 quidem
2453 5215 2835 5286 scriptorum,
2893 5215 2993 5286 qui
3053 5233 3251 5273 sacros
3308 5217 3650 5272 Christiana:

1992 5303 2297 5374 religionis
2328 5303 2510 5358 libros
2540 5302 2901 5372 interpretati
2928 5309 3087 5369 sunt,
3121 5320 3295 5359 usum
3329 5303 3512 5358 ullum
3551 5309 3654 5361 aut

1993 5392 2264 5464 peritiam
2304 5391 2588 5459 haberet;
2638 5392 2737 5446 sed
2788 5391 3168 5460 Clementem,
3202 5397 3258 5445 et
3287 5391 3648 5456 Africanum,

1993 5486 2170 5552 atque
2199 5479 2539 5552 Origenem,
2573 5479 2727 5534 viros
2775 5479 2933 5535 omni
2985 5495 3194 5552 genere
3245 5479 3522 5536 doctrinis
3554 5497 3652 5534 ex-

1992 5568 2200 5636 cultos,
2235 5585 2478 5640 prorsus
2509 5571 2952 5639 aspernaretur.
