3974 6140
343 279 415 337 43
1583 277 1918 334 CLEMENS
1957 277 2545 336 ALEXANDRINUS.
3683 286 3754 341 44

1621 399 1787 468 Idem,
1820 400 1979 466 ibid,
2013 400 2116 457 tib.
2151 418 2239 467 ιιι,
2265 419 2384 475 cap.
2420 403 2478 458 7.

411 507 664 560 Ιτθηωυε
711 505 865 558 certe
892 506 949 556 et
977 501 1266 562 Clemens.
1299 503 1356 555 et
1384 497 1738 571 Apollinaris
1780 497 1984 554 Hiera-

2174 498 2272 553 Καὶ
2300 501 2400 574 γάρ
2449 500 2746 573 Εἱρηναῖός
2782 524 2842 560 τε
2886 505 2977 560 καὶ
3027 503 3262 580 Κλήμης
3292 553 3306 576 ,
3359 505 3750 584 Ἀπολινάριός

340 593 657 664 politanus,
681 596 739 646 et
753 590 1029 662 Serapion
1053 590 1428 644 Antiochense
1461 587 1626 643 urbis
1653 586 1986 659 episcopus,

339 681 656 750 Christum,
690 679 792 752 qui
842 679 1015 734 homo
1064 680 1254 734 factus
1303 682 1414 742 est,
1450 676 1648 731 anima
1679 677 1987 748 praeditum

339 773 545 837 fuisse,
577 770 733 826 velut
781 786 902 825 rem
947 769 1246 825 communi
1278 768 1545 823 omnium
1577 783 1869 823 consensu
1903 782 1991 822 re-

340 869 590 936 ceptam,
623 861 747 918 suis
779 861 840 916 in
872 859 1362 924 librisfasserunt.

2096 588 2204 642 τεὸ
2237 587 2615 662 Ἱεραπολίτης
2663 591 2753 647 καὶ
2804 594 3083 669 Σεραπίων
3118 597 3146 650 6
3174 603 3276 666 τῆς
3325 595 3377 652 ἓν
3426 598 3746 672 Ἀντιοχείᾳ

2099 678 2377 752 προεστὼς
2408 678 2760 750 Ἐκκλησίας,
2793 677 3046 758 ἕμψυγον
3095 686 3187 740 τὸν
3239 685 3745 760 ένανθρωπήσαντα,

2103 765 2154 819 έν
2173 771 2288 826 τοῖς
2308 768 2648 839 ίπονηθεῖσιν
2697 769 2882 834 αὐτοῖς
2931 767 3119 848 λόγοις
3169 775 3245 836 ὡς
3289 773 3738 852 ὁμολογούμενον

2103 854 2287 917 αὐτοῖς
2315 854 2631 932 φάσκουσιν.

1353 981 1702 1052 Sommenus,
1733 979 1934 1038 Hister.
1965 980 2294 1051 ecclesiast.,
2325 982 2423 1038 lib.
2455 1000 2494 1053 ι,
2529 1001 2651 1056 cap.
2684 984 2738 1041 l.

408 1076 486 1130 Ac
517 1074 704 1146 primo
735 1072 972 1145 quidem
1005 1071 1308 1128 historiam
1361 1069 1514 1126 hanc
1563 1071 1634 1126 ab
1682 1069 1849 1125 initio
1896 1085 1985 1124 re-

337 1169 527 1235 petere
592 1164 984 1219 decreveram.
1041 1161 1151 1218 Sed
1212 1177 1347 1216 cum
1416 1159 1989 1227 animadvertissem,

336 1252 482 1307 alios
532 1252 660 1322 jam
720 1250 1038 1322 scriptores
1088 1251 1154 1306 ad
1208 1267 1316 1305 sua
1377 1265 1566 1321 usque
1618 1252 1882 1318 tempora
1930 1246 1989 1301 id

333 1340 719 1411 praestitisse;
754 1339 1106 1396 Clementem
1137 1337 1359 1394 scilicet
1382 1342 1441 1393 et
1469 1335 1870 1408 Hegesippum
1903 1334 1993 1390 vi-

336 1446 430 1484 ros
481 1428 979 1499 sapientissimos,
1021 1427 1123 1498 qui
1175 1426 1577 1498 apostolorum
1625 1423 1992 1498 temporibus

337 1517 598 1589 proxime
629 1520 1062 1582 successerunt,
1099 1519 1208 1571 etc.

2169 1070 2451 1142 Ὡρμήθην
2486 1068 2544 1126 δὲ
2571 1072 2639 1127 τὰ
2670 1074 2765 1146 μὲν
2797 1078 3007 1150 πρῶτα,
3041 1075 3133 1130 ἀπ’
3157 1075 3338 1153 ἀρχῆς
3384 1076 3586 1148 ταύτην
3614 1098 3742 1154 συγ-

2097 1156 2298 1233 γράψαι
2359 1160 2455 1228 τήν
2526 1161 2920 1236 πραγματείανο
2983 1163 3344 1240 λογισάμενος
3400 1163 3457 1220 δὲ
3513 1165 3588 1228 ὡς
3657 1187 3746 1221 και

2099 1242 2264 1300 ἄλλοι
2321 1246 2524 1318 ταύτης
2576 1248 2934 1324 ἐπειράθησαν
2979 1253 3147 1328 μέχρι
3213 1258 3323 1309 τῶν
3389 1257 3507 1310 κατ’
3555 1253 3748 1316 αὐτοὺς

2101 1333 2342 1409 χρόνων,
2393 1335 2627 1410 Κλήμης
2673 1359 2732 1394 τε
2779 1341 2868 1395 καὶ
2920 1341 3283 1416 Ἡγήσιππος,
3326 1340 3514 1418 ἄνδρες
3566 1345 3746 1422 σοφώ-

2100 1443 2275 1494 τατοι,
2306 1428 2374 1499 τῇ
2405 1429 2511 1480 τῶν
2546 1425 2867 1484 ἀποστόλων
2922 1427 3158 1506 διαδοχῇ
3206 1431 3740 1506 παρακολουθήσαν-

2100 1533 2260 1575 τες...

1606 1619 1916 1676 Chronicon
1945 1620 2233 1690 Paschatc,
2263 1642 2393 1695 pag.
2423 1625 2476 1681 7.

404 1714 513 1769 Sed
565 1715 623 1769 et
669 1714 959 1777 Clemens,
995 1710 1412 1767 sanctissimus
1443 1709 1850 1766 Alexandrinas
1881 1713 1985 1765 Ec-

2167 1709 2342 1768 Ἀλλά
2385 1713 2474 1767 καὶ
2526 1711 2761 1788 Κλήμης
2789 1715 2818 1770 6
2849 1716 3150 1778 ὁσιώτατος
3195 1724 3296 1787 τῆς
3347 1715 3742 1791 ’Δλεξανδρέων

337 1801 525 1857 clesiaa
581 1802 904 1873 presbyter,
938 1801 1024 1856 vir
1070 1799 1551 1871 antiquissimus,
1593 1805 1650 1854 et
1706 1799 1808 1870 qui
1867 1815 1982 1854 non

339 1891 593 1946 multum
626 1891 815 1946 abfuit
845 1892 916 1945 ab
949 1888 1287 1961 apostolicis
1331 1889 1721 1960 temporibus,
1753 1888 1812 1942 in
1843 1886 1993 1942 libro

338 1981 412 2036 De
443 1979 717 2034 Paschate
742 1977 1073 2034 consimilia
1101 1979 1291 2048 docet,
1325 1978 1406 2033 ita
1439 1977 1704 2032 scribens
1739 1993 1752 2031 :
1788 1981 1994 2032 Frate-

333 2069 463 2125 ritis
489 2085 614 2138 ergo
646 2068 977 2139 temporibus
1001 2069 1396 2123 immolatuma
1419 2070 1455 2123 .1
1463 2065 1641 2123 udaeis
1668 2065 1994 2135 Pascha,fe-

350 2164 499 2215 stum
550 2175 737 2230 agens,
792 2158 1146 2213 manducavit
1202 2159 1486 2212 Dominus.
1546 2156 1651 2211 Sed
1701 2165 1998 2228 postquam

346 2246 678 2320 praedicavit
706 2247 842 2318 ipse,
873 2245 970 2317 qui
1019 2249 1137 2303 erat
1183 2246 1395 2300 Pascha
1434 2247 1620 2313 Agnus
1649 2244 1766 2311 Dei,
1794 2253 1858 2300 ut
1883 2246 1998 2300 ovis

349 2336 419 2391 ad
443 2335 773 2392 occisionem
802 2335 992 2390 ductus
1020 2335 1318 2405 discipulos
1346 2336 1531 2390 statim
1552 2333 1767 2389 edocuit
1795 2333 1998 2405 ﬁgurae

349 2429 676 2496 mysterium
735 2426 956 2481 decima
1017 2429 1224 2495 quarta
1269 2423 1382 2490 die,
1437 2441 1549 2495 qua
1602 2425 1773 2478 etiam
1834 2422 2000 2478 illum

348 2518 659 2586 rogarunt:
697 2537 724 2564 «
779 2514 878 2571 Ubi
925 2514 1006 2569 vis
1048 2530 1309 2584 paremus
1355 2514 1457 2568 tibi
1505 2513 1717 2568 Pascha
1761 2512 2002 2567 mandu-

345 2619 472 2660 care
492 2603 519 2658 τ
556 2626 584 2654 ››

2091 1799 2422 1870 Ἐκκλησίας
2470 1805 2711 1878 γεγονὼς
2756 1804 2957 1880 ἱερεὺς,
3011 1805 3146 1880 ἀνὴρ
3196 1805 3605 1881 ἀρχαιότατος,
3654 1806 3746 1862 καὶ

2105 1888 2166 1942 οὐ
2216 1890 2423 1964 μακράν
2469 1896 2577 1946 τῶν
2615 1891 2990 1948 ἀποπολικῶν
3048 1896 3342 1970 γενόμενος
3402 1896 3645 1970 χρόνων,
3694 1893 3746 1950 ἐν

2102 1978 2182 2049 τῴ
2212 1978 2338 2051 Περί
2376 1980 2472 2034 τοῦ
2524 1984 2715 2056 Πάσχα
2763 1981 2914 2056 λόγῳ
2964 1983 3031 2038 τὰ
3071 1983 3431 2056 παραπλήσια
3483 1981 3746 2057 διδάσκει,

2103 2067 2323 2144 γράφων
2379 2066 2573 2132 οὕτως·
2625 2073 2756 2133 Τοῖς
2806 2072 2904 2144 μὲν
2971 2071 3067 2127 οὖν
3111 2071 3552 2147 παρεληλυθόσιν
3605 2071 3743 2129 ἔτεσι

2104 2156 2166 2209 τὸ
2221 2156 2482 2230 Θυόμενον
2558 2159 2694 2234 πρὸς
2773 2158 3049 2216 Ἰουδαίων
3116 2158 3306 2230 ἤσθιεν
3378 2163 3655 2237 ἒπρτάζων
3715 2163 3744 2217 ὁ

2109 2243 2308 2318 Κύριος
2364 2245 2572 2322 Πάσχα
2654 2247 2768 2303 ἐπεὶ
2845 2246 2903 2304 δὲ
2955 2249 3207 2326 ἐκήρυξεν
3290 2250 3451 2313 αὐτὸς
3537 2248 3612 2306 ὢν
3684 2251 3764 2306 τὸ.

2108 2334 2301 2408 Πάσχα
2345 2335 2374 2388 ὁ
2423 2336 2623 2408 Ἀμνὸς
2673 2341 2771 2392 τοῦ
2831 2342 2965 2394 Θεοῦ
3022 2341 3099 2400 ὡς
3140 2333 3413 2412 πρόϐατον
3468 2337 3556 2394 ἐπὶ
3614 2361 3749 2417 σφα.

2105 2423 2207 2498 γὴν
2262 2423 2568 2497 ἀγόμενος,
2627 2423 2820 2480 αὐτίκα
2887 2424 3092 2500 ἐδίδαξε
3167 2428 3262 2500 μὶν
3319 2427 3446 2492 τοὺς
3504 2429 3752 2500 μαθητὰς

2106 2515 2204 2566 τοῦ
2249 2511 2423 2567 τύπου
2465 2514 2879 2590 τὸ,μυστήριον
2923 2521 2990 2584 τῆ
3046 2513 3130 2584 ιδ’,
3179 2515 3232 2571 έν
3293 2519 3358 2588 ᾖν
3392 2518 3753 2572 πυνθάνονται

2111 2600 2297 2656 αὐτοῦ·
2363 2626 2390 2654 ι(
2424 2607 2534 2657 Ποῦ
2604 2602 2780 2668 Θέλεις
2843 2605 3221 2679 ἑτοιμάσωμέν
3290 2628 3374 2662 σοι
3441 2608 3504 2663 τὸ
3561 2609 3758 2683 Πάσχα

2112 2710 2303 2767 φαγειν
2332 2708 2347 2760 ς
2381 2714 2410 2742 ››

1816 2795 1978 2854 Ibid..
2007 2812 2130 2854 naa.
2165 2797 2292 2854 224.

1816 2813 1978 2866 ιυια.,

425 2896 502 2950 De
542 2895 848 2951 recensitis
891 2910 1025 2948 vero
1071 2893 1377 2964 discipulis
1412 2910 1515 2949 ιιι
1546 2898 1754 2964 prater
1777 2909 1861 2947 ιι-
1893 2910 1988 2948 su-

2118 2838 2130 2851 .
2165 2813 2292 2854 κϊνιι.

2183 2895 2314 2969 Περὶ
2372 2893 2429 2950 δὶ
2481 2900 2589 2952 τῶν
2665 2899 3170 2974 προγεγραμμένων
3233 2906 3275 2954 o'
3333 2902 3585 2972 μαθητῶν
3644 2906 3754 2956 τῶν

353 3004 458 3059 pra
512 2987 720 3051 dictos,
770 2985 892 3054 agit
936 2985 1205 3040 Clemens
1262 2985 1514 3054 scriptor
1560 2983 1662 3040 lib.
1693 3000 1729 3038 ν
1761 2984 2000 3054 Hypoty-

349 3091 570 3148 poscon.

2117 2985 2252 3054 μετά
2279 2983 2406 3047 τοὺς
2441 2980 2508 3039 ιϐ’
2544 2989 3006 3062 προτεταγμένους
3056 2990 3265 3063 ἱστορεῖ
3302 2987 3538 3062 Κλήμης
3567 2991 3595 3044 6
3626 3011 3758 3066 συγ-

2111 3072 2346 3150 γραφεὺς
2377 3072 2429 3128 ἐν
2457 3077 2525 3148 τῇ
2556 3075 2767 3150 πέμπιῃ
2805 3077 3255 3134 Ὑποτυπώσεων.

1809 3180 1975 3246 lbid.,
2005 3197 2135 3252 pag.
2168 3181 2291 3237 232.

424 3269 636 3334 Quinto
665 3268 771 3322 hoc
803 3285 956 3323 anno
988 3266 1212 3322 Claudii
1248 3265 1485 3335 Paulus,
1519 3269 1616 3335 qui
1642 3277 1811 3322 antea
1843 3269 1998 3322 ordi-

353 3362 528 3414 natus
581 3358 770 3412 fuerat
819 3357 1142 3428 apostolus,
1173 3357 1480 3427 ingressus
1510 3361 1598 3411 est
1628 3356 1998 3412 Antiochiam

353 3464 650 3519 magnam,
673 3450 886 3500 etcum
911 3445 1217 3501 didicisset
1235 3461 1359 3516 qua:
1374 3451 1616 3500 sanctus
1640 3449 1846 3500 Petrus
1869 3461 1999 3517 ege-

351 3536 684 3606 rat,ubique
707 3533 1050 3590 scandalum
1076 3533 1352 3601 sustulit;
1383 3549 1706 3604 omnesque
1737 3534 1999 3602 admisit,

351 3642 449 3681 eos
501 3624 838 3695 complexus
885 3640 950 3678 ac
998 3623 1366 3691 adhortatus,
1401 3623 1899 3694 quemadmodum
1932 3623 2002 3678 de

350 3715 452 3768 illo
484 3714 750 3769 scribunt
781 3713 1047 3769 Clemens
1079 3716 1135 3768 et
1163 3713 1450 3768 Tatianus
1479 3711 1928 3784 chronographi.

2179 3267 2366 3341 Τούτῳ
2392 3273 2470 3340 τῷ
2499 3272 2734 3343 πέμπτῳ
2760 3265 2864 3326 ἔνει
2897 3269 3197 3343 Κλαυδίου,
3229 3275 3752 3348 προχειροτονηθεῖς

2115 3355 2331 3418 ΙΙαῦλος
2375 3357 2624 3426 εἰσῆλθεν
2671 3358 2746 3420 εἷς
2795 3360 3141 3434 Ἀντιόχειαν
3189 3362 3288 3430 τήν
3345 3359 3617 3436 μεγάλην,
3665 3362 3758 3417 καὶ

2115 3445 2296 3514 μαθὼν
2325 3445 2448 3519 περὶ
2495 3450 2590 3500 τοῦ
2648 3447 2807 3522 ἁγίου
2866 3449 3089 3523 Πέτρου,
3149 3454 3434 3525 πανταχοῦ
3480 3451 3540 3504 τὸ
3600 3451 3759 3506 σκάν-

2111 3529 2278 3586 δαλον
2327 3532 2600 3608 περιεῖλεν
2636 3579 2649 3604 ,
2725 3537 2814 3591 καὶ
2867 3536 3069 3598 πάντας
3127 3534 3340 3608 ἐδέξατο
3396 3539 3483 3592 καὶ
3550 3539 3756 3615 ἠγάπα,

2109 3620 2552 3695 προτρεψάμενος
2581 3624 2806 3691 πάντας,
2844 3625 3022 3687 καθὼς
3065 3629 3466 3702 συνεγράψαντο
3513 3627 3583 3682 τά
3629 3627 3755 3702 περὶ

2108 3707 2305 3763 τούτου
2337 3709 2570 3784 Κλήμης
2599 3713 2688 3766 καὶ
2717 3713 2982 3775 Τατιανὸς
3009 3714 3066 3767 οἱ
3098 3714 3492 3793 χρονογράφοι.

1816 3827 1980 3892 lbid.,
2007 3843 2137 3899 pag.
2170 3828 2298 3883 251.

423 3928 708 3983 Joannem
734 3927 1064 3999 apostolum
1096 3931 1153 3982 et
1182 3926 1598 4000 evangelistam
1634 3927 1701 3981 ad
1738 3931 2000 3998 tempora

353 4018 587 4088 Trajani
610 4017 786 4071 vitam
824 4017 1168 4087 produxisse
1189 4017 1393 4071 scribit
1429 4018 1700 4071 Ireuaaus.
1735 4014 2000 4070 Clemens

351 4122 486 4158 vero
509 4102 938 4158 Alexandrinus
965 4103 1169 4156 iisdem
1204 4119 1460 4157 consona
1493 4103 1690 4171 tradit,
1718 4102 2002 4173 illumque

2183 3926 2439 3998 Ἰωάννην
2479 3927 2568 3982 τὸν
2626 3927 2932 3986 ἀπόστολον
2987 3930 3076 3986 καὶ
3135 3931 3516 4008 εὐαγγελιστῂ
3583 3931 3754 4009 μέχρι

2109 4019 2206 4069 τοῦ
2234 4021 2498 4091 Τραϊανοῦ
2546 4019 2761 4092 χρόνων
2807 4026 3136 4094 παραμεῖναι
3181 4027 3262 4094 τῷ
3315 4021 3418 4098 βίῳ
3462 4022 3760 4096 Εἰρηναῖος

2110 4103 2335 4178 ἱστορεῖ.
2381 4102 2615 4176 Κλήμης
2673 4103 2732 4160 δὲ
2795 4109 2822 4162 ὁ
2871 4106 3250 4182 Ἀλεξανδρεὺς
3305 4109 3394 4163 καὶ
3469 4108 3628 4171 αὐτὸς
3675 4110 3746 4164 τὰ

352 4193 552 4248 Asiam
571 4200 626 4248 ct
650 4192 933 4247 ﬁnitimas
966 4191 1295 4263 provincias
1328 4191 1988 4262 peragrasse,episcopis

2116 4189 2238 4245 ιῦτά
2286 4193 2556 4266 σύμφησι,
2607 4195 2696 4248 καὶ
2747 4197 2988 4271 περιέυαι
3037 4197 3196 4251 αὐτὸν
3255 4197 3352 4264 τήν
3405 4198 3612 4263 Ἀσίαν,
3659 4197 3751 4252 καί

351 4284 567 4354 ubique
597 4281 883 4337 ordinatis
914 4299 980 4337 ac
1009 4280 1235 4336 clericis
1261 4279 1618 4335 constitutis.

2101 4279 2199 4340 τὰς
2227 4277 2661 4357 πλησιοχώρους
2707 4280 2986 4361 πατρίδας,
3040 4283 3366 4347 ἐπισκόπους
3409 4290 3751 4350 καθιστῶντα

2102 4368 2190 4422 καὶ
2223 4367 2554 4445 κληρεκούς.

1413 4471 1782 4538 Theodoretus,
1816 4474 2073 4530 Hmretic.
2100 4477 2241 4547 fab.,
2275 4477 2374 4532 lib.
2409 4494 2450 4546 ι,
2479 4495 2600 4551 cap.
2636 4481 2689 4535 4.

415 4569 622 4618 Contra
651 4563 756 4618 hos
788 4569 984 4618 autem
1017 4563 1318 4617 decertant
1341 4561 1625 4632 Agrippas
1643 4578 1990 4632 cognomen-

342 4656 400 4708 to
443 4653 668 4719 Castor,
699 4658 754 4707 et
787 4652 1059 4718 Irenaeus,
1093 4656 1148 4706 et
1195 4649 1468 4708 Clemens
1516 4649 1901 4719 Stromateus,
1934 4656 1991 4706 et

341 4741 618 4812 Origenes
645 4756 748 4812 pro
781 4739 1018 4795 veritate
1049 4739 1418 4795 dimicantes.

2171 4565 2631 4640 Καταγωνίζονται
2682 4565 2739 4622 δὶ
2781 4568 3007 4633 τούτους
3057 4571 3386 4647 Ἀγρίππας,
3420 4571 3448 4624 6
3495 4571 3583 4626 καὶ
3640 4573 3751 4626 Κά-

2099 4673 2242 4727 στωρ
2274 4651 2531 4726 ἐπίκλην,
2571 4658 2662 4710 καὶ
2706 4657 3022 4733 Εἰρηναῖος,
3071 4660 3160 4714 καὶ
3214 4658 3456 4732 Κλήμης
3486 4660 3513 4714 6
3551 4666 3752 4734 Στρω-

2103 4739 2324 4814 ματεὺς,
2353 4743 2443 4797 καὶ
2491 4745 2792 4819 Ὠριγένης,
2832 4754 2934 4816 τῆς
2977 4747 3240 4818 ἀληθείας
3273 4749 3747 4822 ὑπερμαχοῦντες.

1765 4854 1911 4910 Idem
1931 4855 2067 4914 ibid.
2102 4873 2240 4929 ,cap.
2271 4860 2326 4914 6.

411 4956 597 5019 Quare
643 4970 759 5008 non
809 4952 997 5008 solum
1034 4952 1089 5006 in
1125 4950 1372 5022 publicis
1399 4951 1700 5017 conviviis,
1732 4952 1982 5008 lucernas

339 5042 561 5096 lumine
589 5047 831 5111 remoto,
859 5043 916 5095 in
941 5057 1114 5111 quam
1149 5039 1479 5110 (mulierem
1501 5040 1602 5110 sc.)
1628 5042 1879 5112 quisque
1903 5043 1985 5096 in-

336 5133 715 5187 cideratcum
763 5148 829 5185 ea
881 5132 1094 5198 coibat,
1127 5130 1228 5185 sed
1263 5129 1572 5202 mysticum
1633 5129 1983 5188 initiationis

332 5221 513 5275 ritum
549 5220 1036 5274 incontinentiam
1069 5218 1219 5274 hanc
1251 5219 1564 5275 ducebant.
1591 5219 1771 5290 Cujus
1794 5221 1872 5275 rei
1905 5227 1985 5276 te-

331 5315 480 5364 stem
529 5310 919 5364 Slromateum
971 5307 1328 5363 Clementem
1394 5309 1739 5379 producam,
1792 5310 1982 5363 virum

329 5401 623 5460 sanctum,
647 5401 703 5451 et
733 5397 832 5466 qui
867 5396 1229 5450 abundantia
1259 5396 1536 5450 doctrina:
1569 5397 1846 5450 omnibus
1876 5414 1982 5451 an-

326 5484 608 5540 tecelluit.
637 5485 730 5540 Sic
779 5488 976 5540 autem
1028 5483 1290 5555 loquitur
1323 5484 1381 5538 in
1414 5482 1586 5539 tertio
1619 5485 1982 5553 Str-amatum,

327 5578 441 5630 etc.

2163 4955 2240 5012 Οὗ
2281 4953 2348 5024 δη
2382 4955 2566 5030 χάριν,
2599 4957 2705 5012 οὐκ
2734 4956 2786 5012 έν
2837 4963 2953 5021 τοῖς
2993 4965 3205 5022 κοινοῖς
3259 4957 3494 5022 δείπνοις
3547 4961 3743 5034 μόνοι,

2087 5043 2150 5097 τὸ
2183 5042 2466 5118 λυχνιαῖον
2496 5049 2611 5122 φῶς
2662 5043 2907 5102 ἐκποδὼν
2950 5048 3291 5121 ποιούμενοι,
3321 5050 3459 5123 ᾗπερ
3509 5049 3572 5104 ἂν
3614 5047 3744 5104 ἔκα-

2091 5152 2214 5194 στος
2245 5133 2476 5209 ἰπέτυχε
2505 5134 2878 5211 συνεμίγνυτο’
2925 5135 3069 5191 ἀλλά
3119 5133 3184 5205 δὴ
3233 5138 3322 5191 καὶ
3370 5135 3598 5206 τελετὴν
3631 5139 3736 5206 τήν

2089 5221 2342 5293 τοιαύτην
2364 5220 2658 5278 ἀκολασίαν
2689 5223 3054 5301 ὑπειλήφεσαν
3083 5227 3370 5298 μυστικήν.
3407 5226 3505 5280 Καὶ
3534 5225 3734 5282 τούτου

2091 5306 2157 5376 δὴ
2221 5313 2466 5385 μάρτυρα
2516 5313 2608 5366 τὸν
2671 5314 3007 5387 Στρωματέα
3069 5313 3369 5386 παρέξομαι
3429 5313 3735 5387 Κλήμεντά

2090 5397 2234 5471 ἱερὸν
2288 5397 2472 5469 ἄνδρα,
2526 5401 2613 5455 καὶ
2673 5399 3008 5476 πολυπειρία
3063 5404 3300 5465 ἅπαντας
3367 5402 3736 5461 ἀπολιπόντα.

2089 5485 2248 5561 Λέγει
2281 5483 2339 5541 δὲ
2368 5487 2540 5550 οὕτως
2570 5488 2622 5543 ἐν
2651 5493 2735 5562 τῷ
2767 5489 2934 5566 τρίτῳ
2961 5497 3068 5547 τῶν
3100 5493 3468 5566 Σρωματέων.
