3974 6140
207 318 259 373 45
1430 323 1777 378 VETERUM
1817 323 2276 380 TEBTIMONIA.
3495 326 3566 380 46

1542 461 1709 526 Idem,
1739 461 1903 526 ibid.,
1923 477 2049 526 cap.
2083 463 2171 518 49.

1542 477 1709 526 mem,
1739 477 1834 517 wu

260 555 392 610 Κατά
417 551 470 608 δὲ
499 551 825 610 Βαλεντίνου
852 555 939 610 καὶ
970 560 1078 610 τῶν
1111 555 1162 628 ἐξ
1207 553 1436 628 ἐκείνου,
1485 556 1576 611 καὶ
1627 557 1802 632 Εἱρη-
1832 617 1834 625 Α

1941 477 2049 531 κιρ.
2083 477 2171 518 ιν.

1984 563 2202 615 Contra
2230 559 2603 615 Valentinum
2651 563 2869 630 autem,
2927 577 3146 632 eosque
3202 563 3303 632 qui
3335 563 3407 618 ab
3465 562 3566 619 illo

205 649 347 715 ναῖος,
373 642 452 697 καὶ
479 643 744 716 Κλήμης,
777 642 865 698 καὶ
894 643 1199 718 Ὠριγένης.

1919 647 2284 718 prodierunt,
2315 653 2372 703 et
2400 650 2676 719 Irenaeus,
2708 653 2766 705 et
2795 648 3084 720 Clemens,
3106 653 3165 706 et
3193 650 3491 723 Origenes.

1545 763 1720 831 Idem,
1753 761 1914 832 ibid.,
1946 779 2065 834 cap.
2087 763 2178 818 21.

264 857 392 913 Κατὰ
437 857 640 913 τούτων
702 862 996 937 συγγράφει
1051 859 1338 922 Μουσακὸς
1389 865 1488 927 τῆς
1546 857 1808 930 ἀληθείας

206 949 486 1021 συνήγορος,
516 947 606 1002 καὶ
637 946 879 1021 Κλήμης
909 949 938 1004 ὁ
969 947 1351 1023 Στρωματεύς.

1990 864 2203 916 Contra
2233 877 2382 932 quos
2412 861 2615 922 scribit
2639 865 2918 918 Musanus
2946 861 3210 918 veritatis
3261 865 3566 934 patronus,

1918 953 1976 1004 et
2005 948 2270 1006 Clemens
2301 950 2690 1006 Stromateus.

1538 1065 2184 1138 Idem,ibid.,lib.m,c.l.

252 1161 304 1218 'H
335 1159 674 1218 Νικολαϊτῶν
709 1161 936 1239 αἵρεσις,
987 1163 1051 1218 ού
1103 1162 1264 1236 μόνον
1307 1162 1357 1233 ἐξ
1407 1162 1618 1231 ἀνοίας,
1669 1162 1817 1219 ἀλλὰ

200 1249 272 1302 καὶ
322 1248 365 1322 ἐξ
409 1249 708 1314 ἀκολασίας
761 1253 1006 1322 συνέστη.
1060 1253 1393 1327 Σαφέστερον
1455 1249 1512 1307 δὲ
1567 1253 1634 1307 τὰ
1688 1253 1813 1327 περὶ

201 1339 369 1410 ταύτης
397 1341 423 1395 ὁ
453 1340 691 1414 Κλήμης
725 1338 982 1415 ἐδίδαξεν.

1998 1163 2413 1221 Nicolaitarum
2446 1163 2687 1221 haeresis
2718 1183 2834 1222 non
2865 1165 3059 1222 solum
3081 1182 3150 1221 ex
3170 1167 3447 1232 amentia,
3476 1181 3576 1222 ve-

1924 1269 2054 1308 rum
2085 1254 2257 1308 etiam
2291 1269 2359 1308 ex
2388 1252 2843 1326 intemperantia
2891 1255 3144 1310 conﬂata
3189 1260 3296 1310 est.
3329 1255 3410 1310 De
3463 1255 3574 1311 hac

1923 1347 2122 1397 autem
2153 1342 2423 1398 Clemens
2453 1342 2686 1415 plenius
2719 1342 3017 1412 disseruit,
3050 1347 3160 1399 etc.

1577 1457 1741 1525 lbid.,
1772 1457 1940 1527 paulo
1964 1461 2106 1528 post.

253 1552 384 1606 Κατᾶ
413 1552 619 1608 τούτων
646 1552 739 1609 καί
770 1555 797 1609 ὁ
828 1553 1158 1631 προρῥηθεὶς
1202 1555 1501 1631 συνέγραψε
1544 1556 1810 1628 Κλήμης,

199 1639 270 1693 καὶ
294 1640 593 1716 Εῗρηναῖος,
623 1642 718 1698 καὶ
749 1644 1050 1720 Ὠριγένης.

1993 1557 2209 1610 Contra
2239 1554 2346 1610 hos
2377 1555 2618 1627 scripsit
2647 1555 2961 1627 praedictus
3019 1555 3308 1624 Clemens,
3341 1561 3398 1613 et
3453 1557 3570 1613 Ire-

1923 1661 2108 1711 naeus,
2138 1648 2196 1700 et
2233 1644 2530 1717 Origenes.

1335 1759 1391 1815 S.
1425 1759 1718 1830 Maximus,
1758 1761 1996 1833 Disptat.
2039 1777 2162 1817 cum
2193 1762 2429 1833 Pyrrho.

252 1851 428 1945 ﬁzvov:
463 1857 762 1930 χρώμενος
795 1859 930 1934 πρὸς
961 1861 1122 1945 τοῦτο
1143 1861 1222 1929 τῷ
1251 1853 1364 1913 ὄντι
1389 1856 1688 1935 Φιλοσόφῳ
1707 1862 1814 1912 τῶν
1846 1883 1893 1945 Β

203 1940 479 2022 φιλοσόφων
521 1945 833 2019 Κλήμεντι,
883 1946 935 2002 ἐν
967 1951 1046 2018 τῷ
1089 1943 1233 2019 ’ἐκτῷ
1277 1952 1384 2002 τῶν
1436 1946 1810 2022 Στρωματέων

202 2031 351 2109 λόγῳ,
390 2035 487 2103 τήν
540 2036 641 2108 μὲν
691 2032 912 2106 θέλησιν
952 2041 1078 2091 νοῦν
1129 2036 1262 2091 εἶναι
1308 2036 1584 2110 ὀρεκτικὸν
1623 2038 1810 2112 ὁρισα-

204 2120 344 2194 μένῳ·
374 2124 469 2191 τήν
521 2120 580 2179 δὲ
631 2123 933 2195 Βούλησιν,
983 2121 1212 2201 εὔλογον
1263 2121 1432 2200 ὄρεξιν
1482 2125 1517 2195 ἢ
1558 2126 1656 2194 τήν
1688 2126 1809 2201 περὶ

194 2211 312 2272 τινὸς
340 2211 576 2283 θέλησιν.

1993 1862 2058 1916 In
2090 1860 2198 1916 hoc
2229 1879 2334 1933 pro
2366 1859 2565 1932 regula
2607 1877 2753 1916 usus
2783 1859 3189 1931 (Athanasius)
3220 1877 3350 1916 vere
3377 1859 3571 1918 Philo-

1923 1948 2106 2020 sopho
2136 1949 2622 2022 philosophorum
2654 1948 2948 2004 Clemente
2977 1948 3036 2004 in
3070 1967 3125 2005 v1
3155 1949 3303 2005 libro
3329 1953 3574 2007 Stroma-

1920 2041 2084 2106 tum;
2141 2038 2242 2110 qui
2305 2035 2529 2107 Θὲλησιν
2610 2038 2694 2108 (id
2752 2042 2842 2094 est
2894 2037 3252 2111 voluntatem)
3311 2039 3576 2096 deﬁnivit

1921 2131 2159 2183 mentem
2192 2133 2563 2199 appetentem,
2594 2132 2653 2182 et
2689 2122 3037 2201 βούλησιν(οἰ
3069 2128 3306 2183 afﬁnem
3353 2129 3576 2202 vocem)

1920 2219 2214 2288 appetitam
2242 2215 2449 2273 rationi
2478 2223 2923 2273 consentaneum.

1051 2337 1218 2390 Joan.
1249 2339 1639 2402 Damascenus,
1673 2334 1747 2388 De
1773 2332 1986 2388 duabus
2035 2331 2247 2387 Christi
2274 2332 2679 2389 voluntatibus.

246 2425 460 2497 Θέλησις
492 2429 680 2484 τοίνυν
713 2428 875 2500 ἐστὶν,
914 2429 1050 2485 κατᾶ
1075 2429 1167 2485 τὸν
1206 2431 1468 2505 μακάριον
1499 2427 1613 2500 Κλή
1627 2450 1815 2502 μεντα,

198 2511 390 2587 δύναμις
412 2521 510 2573 τοῦ
539 2518 754 2592 κυρίως
786 2514 939 2580 ὄντος
972 2517 1248 2593 ὀρεκτικήο
1297 2518 1385 2573 καὶ
1416 2517 1606 2584 πάλιν,
1640 2513 1815 2594 ὄρεξις

195 2606 246 2675 τῇ
271 2608 357 2659 τοῦ
387 2603 618 2682 λογικοῦ
651 2605 808 2683 φύσει
847 2603 1224 2677 κατάλληλος·
1274 2607 1362 2662 καὶ
1412 2605 1603 2678 πάλιν,
1654 2604 1816 2660 αύτο-

189 2693 420 2768 κράτορος
449 2699 547 2750 νοῦ
576 2694 800 2764 κίνησις
829 2693 1194 2765 αύτεξούσιος.

1997 2428 2278 2484 Voluntas
2310 2434 2528 2500 autem,
2562 2431 2716 2486 beati
2762 2430 3083 2486 Clementis
3139 2434 3452 2501 sententia,
3483 2435 3573 2489 est

1925 2522 2070 2589 ejus,
2105 2519 2247 2590 quod
2274 2522 2497 2591 proprie
2545 2524 2640 2586 est,
2699 2523 2962 2592 appetit-io
2994 2537 3008 2587 ;
3041 2537 3270 2587 rursus,
3317 2521 3575 2577 voluntas

1925 2609 2188 2678 appetitio
2219 2616 2297 2663 est
2328 2609 2446 2680 ejus
2477 2608 2617 2679 quod
2647 2610 2867 2663 ratione
2895 2607 3318 2676 utitur-matura?
3344 2625 3575 2664 comen-

1925 2699 2093 2751 tanea
2120 2715 2139 2762 ;
2164 2696 2451 2768 itemque,
2481 2699 2685 2752 mentis
2716 2695 3083 2768 imperatrici:
3123 2697 3261 2752 liber
3293 2701 3489 2754 motus.

1385 2812 1550 2882 Idem,
1583 2813 1658 2867 De
1701 2809 2061 2882 imaginibus,
2093 2815 2231 2869 orat.
2282 2812 2336 2867 3.

241 2909 341 2963 Τοῦ
389 2906 770 2983 ἀρχαιοτάτου
808 2907 1130 2980 Κλήμεντος
1176 2907 1314 2983 πρὸς
1362 2903 1717 2981 Ἀλέξανδρον
1750 2904 1810 2959 ἐκ

186 2999 264 3049 τοῦ
307 2993 540 3070 ἑϐδόμου
606 2990 833 3070 βιϐλίου
887 3001 995 3050 τῶν
1052 2995 1448 3072 Στρωματέων.
1500 2995 1709 3053 Οὗκοῦν
1745 2993 1805 3049 οὗ

188 3083 322 3153 μόνον
352 3083 558 3139 ἐπαινεῖ
580 3084 652 3138 τά
685 3081 844 3151 καλὰ,
878 3081 1024 3139 ἀλλὰ
1052 3083 1236 3153 αὐτὸς,
1275 3083 1516 3158 βιάζεται
1547 3087 1644 3138 τοῦ
1674 3082 1804 3136 εἶναι

183 3170 338 3233 καλόςο
371 3171 426 3227 ἐκ
451 3177 551 3227 τοῦ
583 3173 797 3246 ἀγαθοῦ
836 3172 925 3227 καὶ
973 3170 1168 3227 πιστοῦ
1219 3169 1422 3227 δούλου
1475 3167 1806 3244 μεταϐαίνων

183 3257 237 3313 δι’
277 3263 474 3338 ἀγάπης
507 3261 588 3324 εἰς
623 3260 806 3339 φίλον,
840 3258 929 3314 διὰ
974 3260 1037 3315 τὸ
1079 3259 1289 3314 τέλειον
1320 3267 1419 3328 τῆς
1445 3254 1626 3332 ἕξεως,
1659 3259 1687 3313 ὃ
1741 3259 1800 3313 ἐκ
1829 3262 1834 3299 ί

1941 3259 2072 3316 ιὶιυε
2120 3260 2471 3332 perfectione
2512 3277 2524 3315 :

189 3351 435 3420 μαθήσεως
464 3351 718 3417 ἀληθοῦς
745 3350 834 3403 καὶ
865 3351 1243 3418 συνασκήσεως
1288 3345 1508 3416 πολλῆς
1556 3352 1806 3423 καθαρῶς

186 3435 440 3507 ἐκτήσατο.
489 3441 580 3501 Ὠς
613 3437 678 3493 ἓν
708 3436 797 3492 οὗν
849 3436 932 3492 ἐπ’
980 3434 1144 3511 ἄκρον
1190 3438 1438 3512 γνώσεως
1479 3443 1590 3510 ἥκῃ
1626 3436 1816 3512 βιαζό-

189 3527 420 3600 μενοςτῷ
467 3528 594 3597 ἤθει
627 3527 720 3582 καὶ
767 3525 1201 3598 κεκοσμημένος,
1248 3530 1330 3596 τῷ
1377 3526 1624 3600 σχήματι
1656 3545 1815 3580 κατε-

188 3614 478 3687 σταλμένος,
531 3615 716 3670 πάντα
761 3611 939 3670 ἐκεῖνα
982 3612 1151 3688 ἔχων,
1207 3612 1305 3667 ὅσα
1360 3611 1814 3686 πλεονεκτήματά

186 3699 274 3756 ἑστι
300 3709 389 3758 τοῦ
434 3706 577 3760 κατὰ
631 3701 896 3773 ἀλήθειαν
953 3705 1276 3775 γνωπικοῦ,
1329 3701 1404 3763 εἰς
1452 3702 1549 3757 τὰς
1599 3701 1810 3764 εἰκόνας

186 3790 376 3867 ἀφορῶν
405 3794 500 3856 τάς
534 3792 730 3853 καλάς.
765 3789 1017 3853 Πολλοὺς
1070 3790 1164 3863 μὶν
1210 3791 1337 3854 τοὺς
1377 3801 1811 3864 κατωρθωκοτας

187 3881 270 3952 πρὸ
319 3881 479 3938 αὐτοῦ
538 3879 912 3955 πατριάρχας,
959 3876 1329 3952 παμπόλλους
1389 3877 1446 3933 δὲ
1499 3881 1808 3956 προφήτας,

185 3965 404 4042 ἀπείρους
463 3968 523 4025 δὲ
576 3969 742 4030 ὅσους
793 3971 928 4041 ἡμῖν
978 3968 1196 4043 ἀριθμῷ
1244 3966 1603 4042 λογιζόμενος
1651 3967 1812 4042 ἀγγέ-

183 4052 308 4123 λους,
349 4059 436 4114 καὶ
466 4061 560 4115 τὸν
594 4057 689 4114 ἐπὶ
719 4063 850 4112 πᾶσι
880 4056 1100 4131 Κύριον,
1131 4057 1222 4110 τὸν
1255 4053 1544 4125 διδάξαντα
1580 4057 1670 4109 καὶ
1702 4076 1803 4110 πα·-

181 4149 510 4220 ραστήσαντα,
571 4145 800 4202 δυνατὸν
859 4145 1029 4218 εἶναι,
1085 4144 1179 4199 τὸν
1222 4145 1534 4221 κορυφαίων
1589 4143 1804 4199 ἐκείνων

181 4237 441 4303 κτήσασθαι
478 4237 624 4312 βίον.

1991 2907 2410 2978 Antiquissimi
2441 2907 2753 2964 Clementis
2784 2909 2853 2964 ad
2887 2910 3279 2966 Alexandrum
3322 2927 3390 2966 ex
3420 2910 3570 2968 libro

1917 2995 2258 3050 Stromatum
2287 2999 2470 3051 sexto.
2505 2997 2708 3068 Itaque
2763 3013 2881 3052 non
2936 2997 3130 3054 solum
3190 2999 3394 3056 laudat
3445 3013 3570 3072 qum

1919 3089 2077 3139 recta
2107 3089 2268 3152 sunt,
2303 3085 2405 3140 sed
2439 3084 2563 3156 ipse
2597 3085 2810 3140 nititur
2839 3102 2964 3141 esse
3024 3087 3212 3143 bonus
3245 3105 3258 3154 ;
3294 3105 3361 3143 ex
3420 3088 3570 3144 bono

1921 3171 2197 3244 ﬁdelique
2229 3188 2395 3227 servo
2427 3189 2530 3244 per
2551 3171 2896 3229 charitatem
2930 3174 3156 3230 amicus
3185 3178 3439 3232 evadens
3469 3177 3568 3232 ha-

2586 3262 2740 3332 quod
2802 3262 3036 3332 quidem
3090 3264 3356 3320 doctrina
3414 3282 3569 3338 vera,

1925 3349 2453 3420 exercitationeque
2485 3349 2674 3405 multa
2707 3349 2877 3420 plane
2908 3352 3306 3420 consequitur.
3339 3357 3430 3408 Sic
3462 3354 3571 3424 igi-

1926 3445 2020 3494 tur
2052 3440 2120 3493 ad
2155 3437 2506 3508 cognitionis
2539 3437 2836 3506 fastigium
2872 3440 3159 3504 ascendit,
3192 3441 3332 3496 dum
3390 3441 3570 3498 vitam

1924 3543 2236 3597 moresque
2265 3526 2585 3597 componit,
2618 3543 2798 3597 seque
2828 3527 2885 3581 in
2939 3527 3128 3583 ofﬁcio
3187 3530 3465 3597 continet,
3515 3535 3573 3586 et

1921 3632 2128 3670 omnes
2161 3614 2292 3669 illas
2309 3615 2721 3686 praerogativas
2753 3622 3209 3686 comparat,quw
3243 3622 3380 3672 sunt
3407 3617 3570 3673 illius

1922 3703 2190 3776 propriae,
2225 3702 2326 3772 qui
2359 3719 2419 3757 se
2447 3719 2579 3757 vere
2611 3703 3435 3776 studiosum,cognitionisque
3466 3723 3568 3760 cu-

1921 3793 2123 3865 pidum
2162 3791 2485 3862 proﬁtetur,
2548 3796 2825 3862 tanquam
2885 3792 3242 3863 exemplaria
3302 3797 3567 3865 quaedam

1922 3879 2168 3952 pulchra
2187 3879 2422 3934 intuens
2439 3877 3026 3951 multosPatriarchas
3041 3888 3215 3952 atque
3230 3883 3567 3954 prophetas,

1919 3969 2022 4040 qui
2056 3973 2190 4024 ante
2221 3984 2283 4023 se
2315 3965 2554 4039 perfecti
2586 3968 2871 4022 virtutum
2934 3969 3142 4025 ofﬁciis
3201 3972 3568 4042 exstiterunt,

1918 4056 2499 4126 innumerabilesque
2531 4055 2769 4126 angelos
2799 4057 3180 4115 considerans
3239 4060 3294 4114 in
3329 4060 3565 4132 primis-

1918 4163 2030 4218 que
2059 4144 2374 4202 Dominum
2407 4145 2628 4216 ipsum,
2660 4144 2761 4216 qul
2793 4146 2981 4212 docet,
3014 4151 3071 4203 et
3126 4149 3344 4219 praebet
3401 4149 3566 4204 auxi-

1914 4235 2084 4302 lium,
2117 4251 2230 4305 quo
2261 4233 2574 4305 perlectam
2608 4234 2941 4306 principum
2972 4235 3208 4291 illorum
3237 4236 3364 4290 vitae
3391 4237 3570 4292 ratio-

1915 4340 2046 4380 nem
2080 4322 2317 4394 assequi
2346 4322 2669 4378 valeamus.

1250 4440 1497 4507 Photius,
1532 4438 1801 4496 szlioth.
1833 4440 1986 4496 codd.
2026 4439 2143 4505 109,
2178 4438 2300 4504 110,
2337 4437 2456 4492 111.

239 4535 559 4612 Ἀνεγνώσθη
614 4535 941 4608 Κλήμεντος
992 4531 1386 4609 Ἀλεξανδρέως
1436 4529 1801 4612 πρεσϐυτέρου

1984 4537 2157 4591 Lecta
2177 4540 2320 4590 aunt
2349 4534 2668 4590 Clementis
2699 4532 3068 4590 Alexandrini
3104 4537 3424 4608 presbyteri
3451 4539 3566 4595 tria

187 4624 323 4699 τεύχη
378 4623 618 4701 βιϐλίων
655 4627 800 4699 τρία·
859 4625 930 4679 ὧν
989 4625 1051 4680 τὸ
1101 4625 1197 4697 μὲν
1242 4623 1548 4699 ἐπιγραφήν
1581 4619 1800 4699 ἔλαχεν,

188 4711 553 4780 Ὑποτυπώσεις
590 4764 606 4790 ,
666 4715 730 4771 τὸ
790 4712 848 4770 δέ
901 4719 1254 4790 Στρωματεῖς
1289 4756 1304 4783 ,
1369 4713 1432 4768 τὸ
1485 4709 1544 4767 δὲ
1600 4710 1803 4768 Παιδα-

177 4806 340 4877 γωγὸς.

233 4894 291 4947 Αἱ
339 4896 429 4966 μὲν
466 4893 564 4951 οὖν
614 4890 1019 4954 Ὑποτυπώσεις
1069 4885 1501 4964 διαλαμϐάνουσι
1554 4893 1675 4966 περί
1713 4889 1804 4967 pr,-

184 4983 264 5031 τῶν
291 5003 444 5039 τινων
481 4991 588 5054 τῆς
617 5004 676 5038 τε
711 4981 958 5044 Παλαιᾶς
1011 4982 1104 5036 καὶ
1136 4981 1277 5042 Νέας
1333 4985 1564 5056 Γρασῆς·
1596 4981 1668 5034 ὧν
1718 4979 1807 5034 καὶ

188 5069 572 5145 ιεεαλαιωδῶς,
623 5071 700 5132 ὡς
749 5067 951 5142 δῆθεν,
980 5069 1235 5143 ἐξήγησιν
1284 5089 1342 5123 τε
1387 5071 1477 5123 καὶ
1526 5067 1810 5144 ἰρμηνείαν

186 5165 399 5219 ποιεῖται.
450 5161 554 5218 Καὶ
589 5155 642 5216 ἕν
672 5181 783 5216 τισι
840 5159 934 5232 μὲν
983 5159 1163 5214 αὐτῶν
1211 5157 1384 5234 ὀρθῶς
1418 5157 1569 5213 δοκεῖ
1599 5155 1801 5232 λέγειι,

187 5239 223 5294 Ea
244 5267 335 5302 τισι
383 5249 440 5306 δὲ
489 5253 783 5310 παντελῶς
822 5246 898 5310 εἵς
928 5242 1138 5308 ἀσεϐεῖς
1166 5249 1256 5302 καὶ
1290 5244 1557 5320 μυθώδεις
1605 5244 1806 5321 λόγους

190 5328 443 5411 ἒκᾳέρεται.
494 5338 672 5409 ’Υλην
710 5357 771 5392 τε
809 5338 914 5412 γὰρ
965 5334 1202 5411 ἄχρονον
1251 5334 1340 5390 καὶ
1388 5333 1529 5397 ἰδέας
1577 5335 1651 5398 ὡς
1699 5333 1804 5388 ἀπὸ

188 5428 311 5478 τινῶν
355 5427 534 5503 ῥητῶν
591 5426 946 5501 εἰσαγομένας
990 5423 1222 5496 δοξάζει,
1269 5425 1360 5479 καὶ
1413 5425 1502 5479 τὸν
1562 5423 1687 5478 Υἱὸν
1730 5421 1806 5486 εἰς

191 5510 353 5586 κτῖσμα
381 5519 624 5592 κατάγει.
683 5519 804 5573 Ἔτι
840 5512 898 5570 δὶ
938 5513 1408 5588 μετεμψυχώσεις,
1441 5512 1530 5567 καὶ
1559 5508 1806 5573 πολλοὺς

192 5601 272 5670 τρὸ
319 5609 410 5660 τοῦ
468 5603 654 5679 ’Δδὰμ
706 5605 952 5678 κόσμους
1003 5601 1386 5678 τερατεύεται.
1448 5600 1546 5656 Καὶ
1603 5600 1662 5657 ἐκ
1708 5604 1806 5656 τοῦ

1912 4624 2192 4680 librorum
2224 4621 2524 4678 volumina
2554 4647 2568 4688 ;
2602 4638 2853 4692 quorum
2892 4622 3073 4678 unius
3104 4622 3407 4697 inscriptio
3455 4633 3564 4701 est,

1914 4715 2319 4785 Hypotyposes;
2355 4709 2598 4766 alterius
2627 4710 2964 4767 Stromateus
2996 4729 3010 4781 ;
3043 4712 3201 4769 tertii
3247 4731 3382 4771 vero
3437 4718 3562 4774 Pae-

1915 4802 2186 4873 digogus,

1986 4891 2349 4961 Hypotyposes
2410 4887 2648 4958 quidem
2705 4889 3195 4960 disceptationem
3259 4891 3565 4948 continent

1917 4979 2176 5034 locorum
2213 4976 2436 5048 aliquot
2465 4975 2688 5032 Veteris
2719 4976 2979 5048 Novique
3022 4979 3405 5048 Testamenti,
3439 4998 3564 5052 qua:

1919 5066 2095 5123 etiam
2128 5065 2471 5121 summatim
2505 5065 2754 5136 explicat
2778 5075 2823 5120 el
2846 5065 3282 5137 interpretatur.
3317 5069 3434 5124 Etsi
3462 5087 3564 5125 au-

1914 5161 2028 5212 tem
2062 5160 2214 5209 recte
2245 5153 2303 5208 in
2333 5154 2684 5224 quibusdam
2711 5153 2927 5208 sentire
2957 5156 3115 5210 visus
3175 5165 3285 5223 est,
3321 5158 3376 5212 in
3435 5158 3565 5213 aliis

1914 5261 2117 5299 rursus
2149 5243 2325 5312 impie
2363 5241 2604 5296 omnino
2637 5241 3019 5312 fabuloseque
3051 5243 3306 5299 disserit.
3343 5247 3568 5300 Asserit

1913 5333 2064 5390 enim
2099 5329 2404 5386 materiam
2440 5337 2716 5384 aeternam
2749 5335 2964 5398 esse,et
2993 5332 3152 5386 ideas
3177 5333 3354 5388 veluti
3391 5336 3564 5392 certis

1914 5421 2164 5478 decretis
2195 5418 2394 5474 induci
2430 5418 2601 5489 ﬁngit
2653 5434 2666 5472 :
2713 5418 2920 5473 Filium
2983 5436 3215 5492 quoque
3271 5423 3328 5478 in
3387 5424 3561 5480 rebus

1915 5509 2122 5567 creatis
2156 5513 2450 5563 numerat.
2488 5507 2572 5560 Ad
2606 5506 2725 5563 haec
2769 5507 3102 5564 animarum
3161 5510 3562 5582 migrationes,

1915 5599 2252 5669 multosque
2281 5601 2417 5653 ante
2452 5597 2736 5652 Adamam
2757 5597 3011 5653 mundos
3042 5600 3373 5672 prodigiose
3402 5616 3558 5655 com-
