3974 6140
361 324 432 380 47
1588 321 1924 378 CLEMENS
1957 316 2545 376 ALEXANDRINUS.
3713 320 3780 378 48

364 451 902 507 miniscitur.Evam
934 454 1308 522 praeterea,ex
1343 450 1715 516 Adamo,non
1740 452 1804 500 ut
1863 443 2012 500 sacri

2147 439 2303 515 Αδὰμ
2353 444 2451 511 τὴν
2509 441 2676 512 Εὕαν,
2734 445 2842 521 οὐχ
2897 445 2973 510 ὡς
3029 449 3057 501 ὁ
3104 446 3560 518 ὶκκλησιαστικὸς
3612 445 3775 522 λόγος

367 541 501 596 libri
524 540 894 607 tradunt,sed
921 542 1171 596 obscene
1203 549 1378 610 atque
1402 538 1579 611 impie
1605 535 2019 604 educit.Ange-

367 631 457 687 los
488 646 716 703 quoque
747 647 880 686 cum
912 630 1152 686 feminis
1180 645 1551 700 congressos,
1610 627 1826 682 liberos
1884 623 2021 678 inde

371 720 684 775 sustulisse
711 719 984 776 somniat.
1019 719 1169 782 Quin
1202 724 1258 774 et
1289 718 1548 773 Verbum
1609 730 1844 770 carnem
1907 729 2020 768 non

370 825 498 864 esse
531 810 772 874 factum,
805 809 905 864 sed
940 809 1019 864 ita
1049 809 1240 862 visum
1273 809 1578 862 duntaxat.
1611 806 1736 861 Duo
1795 804 1867 859 ad
1901 801 2020 858 haec

367 898 553 953 Patris
576 897 766 952 Verba
789 897 1027 952 ﬁnxisse
1056 896 1795 968 deprehenditur,quorum
1824 892 2022 947 minus

369 987 715 1042 mortalibus
747 987 825 1041 sit
856 985 1195 1052 visum,imo
1228 1002 1298 1040 ne
1329 985 1439 1041 hoc
1467 982 1834 1056 quidem;sic
1864 980 2020 1037 enim

365 1074 605 1132 scribit:
639 1075 850 1130 Dicitur
886 1074 1108 1146 quidem
1137 1084 1188 1129 et
1247 1073 1425 1128 Filius
1488 1073 1715 1128 Verbum
1753 1071 2024 1142 acquirere

366 1181 490 1219 cum
522 1167 716 1220 Patrio
757 1165 960 1220 Verbo.
1009 1166 1204 1220 Verum
1252 1180 1425 1236 neque
1455 1163 1556 1218 hoc
1590 1162 1750 1218 illud
1783 1161 2028 1239 .Verbum

366 1261 462 1321 est,
502 1253 743 1308 Verbum
771 1271 791 1315 ,·
820 1253 912 1309 sed
941 1253 1023 1308 vis
1054 1253 1311 1325 quaedam
1339 1270 1409 1308 ac
1446 1256 1679 1324 potestas
1741 1249 1864 1317 Dei,
1895 1253 2020 1304 tan-

365 1357 528 1411 quam
560 1359 593 1396 a
628 1343 789 1398 Verbo
820 1342 944 1415 ipso
975 1345 1272 1414 proﬂuens,
1304 1359 1458 1398 mens
1497 1343 1705 1413 eﬂecta,
1740 1340 2025 1395 hominum

368 1432 581 1485 animos
610 1433 874 1498 pervasit.
917 1431 1051 1494 Quae
1103 1433 1336 1501 quidem
1397 1431 1648 1486 omnias.
1709 1427 2022 1499 Scriptura

369 1519 726 1574 testimoniir
757 1519 985 1591 aliquot
1015 1526 1278 1576 astruere
1310 1520 1537 1574 nititur.
1559 1518 1708 1584 Quin
1761 1517 1935 1573 etiam
1965 1520 2024 1572 et

371 1607 487 1662 alia
517 1609 569 1661 id
604 1625 791 1679 genus
838 1614 1112 1664 sexcenta
1165 1609 1512 1678 blasphema
1551 1623 1686 1663 voce
1744 1611 2021 1678 nugatur,

373 1713 472 1752 seu
511 1697 656 1767 ipse,
688 1697 808 1752 sive
839 1697 970 1769 quis
1003 1697 1176 1764 alius,
1213 1699 1342 1767 ejus
1383 1713 1694 1769 personam
1729 1695 1973 1750 indutus
2005 1713 2020 1763 ;

2133 531 2410 602 βούλεται,
2463 533 2591 589 ἀλλ’
2647 534 2892 610 αἶ’σχρῶς
2949 556 3008 590 τε
3061 537 3152 591 καὶ
3198 535 3368 601 ἀθέως
3399 536 3773 613 ἀποφαίνεται·

2132 619 2416 695 μίγνυσθαί
2444 644 2502 678 τε
2530 622 2657 686 τοὺς
2707 623 2975 700 ἀγγέλους
3011 625 3242 700 γυναιξὶ,
3289 625 3380 680 καὶ
3430 623 3772 681 παιδοποιεῖν

2127 706 2181 779 ἐξ
2213 709 2388 764 αὐτῶν
2427 710 2794 786 ὀνειροπολεῖ.
2845 714 2950 770 Καὶ
2985 715 3062 787 μὴ
3095 721 3446 789 σαρκωοῆναι
3476 715 3568 768 τὸν
3606 715 3772 790 Λόγον

2129 796 2275 852 ἀλλά
2319 795 2489 870 δόξαι.
2547 801 2756 876 Λόγους
2797 821 2856 857 τε
2900 807 3002 856 τοῦ
3039 803 3249 878 ΙΙατρὸς
3282 799 3379 856 δύο
3425 801 3774 878 τετραλογῶν

2129 885 2493 964 ἀπολέγχεται
2577 891 2652 943 ὧν
2682 890 2773 945 τὸν
2831 889 3033 960 ἥττονα
3085 897 3202 954 τοῖς
3246 890 3554 966 ἀνθρώποις
3588 891 3780 966 ἐπιφα-

2128 981 2310 1046 νῆναι,
2364 977 2577 1048 μᾶλλον
2628 975 2685 1032 δὶ
2743 976 2869 1034 οὐδὲ
2921 978 3147 1036 ἐκεῖνον·
3199 979 3333 1056 φησῖ
3381 979 3505 1055 γάρ’
3559 979 3780 1055 Λέγεται

2135 1064 2229 1135 μὲν
2282 1065 2370 1119 καὶ
2421 1067 2449 1119 6
2495 1066 2618 1128 Υἱὸς
2666 1068 2862 1142 Λόγος,
2897 1067 3208 1142 ὁμωνύμως
3253 1073 3333 1140 τῷ
3363 1070 3626 1143 Πατρικῷ
3672 1067 3780 1123 Λό-

2129 1174 2211 1228 γῳ
2286 1150 2416 1207 ἀλλ’
2473 1154 2582 1230 οὐχ
2627 1156 2784 1218 οὗτός
2833 1156 2975 1212 ἐστιν
3027 1157 3056 1212 6
3109 1157 3234 1231 σάρξ
3284 1157 3602 1233 γενόμενος,
3660 1155 3780 1213 ούδὶ

2135 1243 2243 1314 μην
2318 1243 2346 1297 6
2412 1248 2672 1316 Ιιατρῷος
2750 1246 2971 1321 Λόγος,
3038 1244 3183 1302 ἀλλὰ
3241 1243 3473 1320 δύναμίς
3539 1267 3625 1308 τις
3687 1251 3780 1302 τοῦ

2131 1335 2264 1386 Θεοῦ
2319 1334 2433 1386 οἷον
2495 1333 2766 1410 ἀπόῤῥοια
2810 1340 2908 1390 τοῦ
2967 1335 3143 1412 Λόγου
3200 1336 3393 1404 αὐτοῦ,
3451 1333 3578 1397 νοῦς
3629 1336 3779 1411 γενό-

2136 1441 2292 1494 μενος
2328 1464 2343 1489 ,
2399 1421 2494 1485 τὰς
2554 1428 2663 1478 τῶν
2729 1424 3030 1499 ἀνθρώπων
3085 1421 3309 1499 καρδίας
3370 1423 3777 1502 διαπεφοίτηκε.

2134 1509 2236 1565 Καὶ
2278 1514 2445 1566 ταῦτα
2491 1510 2664 1566 πάντα
2711 1511 2818 1567 ἀπὸ
2879 1511 3056 1588 ῥητῶν
3111 1533 3275 1568 τινων
3324 1518 3577 1585 πειρᾶται
3624 1535 3783 1568 κατα-

2133 1601 2406 1669 σκευάζειν
2450 1608 2550 1671 τῆς
2599 1607 2836 1678 Γραφῆς.
2884 1601 2986 1658 Καὶ
3039 1599 3184 1656 ἄλλα
3214 1598 3272 1656 δὶ
3307 1600 3472 1677 μυρία
3523 1600 3782 1679 βλασφη-

2138 1693 2230 1759 μεῖ
2265 1688 2354 1743 καὶ
2403 1688 2655 1766 φλυαρεῖ,
2706 1689 2813 1745 sit;
2861 1689 3043 1762 αὐτὸς,
3087 1688 3191 1746 εἷ’τε
3224 1711 3305 1752 τις
3335 1687 3540 1764 ἕτερος,
3584 1692 3647 1745 τὸ
3692 1690 3788 1745 αύ-

374 1785 548 1856 plane
581 1789 643 1838 ut
673 1789 803 1840 octo
833 1785 992 1856 ipsos
1033 1784 1236 1840 Libros
1295 1784 1456 1839 hisce
1515 1781 2017 1853 blasphemiarum

2147 1781 2227 1830 τοῦ
2276 1777 2568 1852 πρόσωπον
2616 1779 2948 1855 ὑποκριθείς.
3001 1781 3376 1850 Ἐποιήθησαν
3424 1777 3482 1834 δὲ
3531 1779 3679 1851 αὐτῷ
3725 1781 3783 1834 αἱ

373 1873 680 1944 portentis,
703 1873 774 1928 de
797 1872 1006 1929 iisdem
1040 1873 1360 1928 identidem
1385 1871 1822 1937 disserendo,ac
1854 1885 2018 1940 spar-

372 1963 484 2017 sim
517 1972 693 2034 atque
724 1963 984 2029 confuse,
1021 1962 1201 2017 veluti
1236 1968 1477 2033 stupore
1509 1959 1833 2032 perculsus,
1867 1959 2019 2013 Scri-

370 2058 573 2124 pturas
607 2051 1332 2123 producendo,repleveril.
1369 2049 1632 2106 Universi
1661 2055 1856 2104 autem
1880 2063 2018 2118 ope-

367 2141 446 2195 ris
477 2157 690 2211 scopus
716 2140 898 2195 fuisse
934 2141 1163 2195 videtur
1192 2138 1716 2208 Geneseos,Exodi,
1749 2135 2018 2192 Psalmo-

369 2245 523 2297 rum,
558 2229 950 2300 Epistolarum
1003 2229 1060 2285 Β.
1134 2228 1292 2284 Pauli
1351 2237 1408 2282 et
1465 2227 1922 2290 Catholicarum,
1956 2241 2022 2279 ac

372 2319 624 2390 denique
656 2319 1042 2374 Ecclesiastici
1075 2317 1498 2387 interpretatio.
1531 2319 1644 2372 lloe
1675 2317 1909 2371 interim
1944 2315 2020 2369 l'a-

374 2411 533 2463 tetur
562 2410 708 2479 ipse,
741 2409 1098 2479 discipulum
1131 2423 1194 2463 se
1226 2407 1407 2464 fuisse
1451 2405 1725 2462 Pantaani.
1782 2405 1894 2461 Sed
1951 2404 2023 2458 de

373 2496 805 2568 Hypotyposibus
835 2497 1140 2554 hactenus.

441 2632 569 2686 Jam
603 2631 941 2702 Paedagogus
971 2630 1162 2685 tribus
1193 2629 1359 2684 libris
1419 2628 1809 2700 conscriptus,
1839 2627 2021 2681 vitam

374 2737 686 2791 moresque
741 2721 1057 2774 informat:
1107 2719 1324 2790 quibus
1373 2721 1430 2774 et
1479 2718 1659 2772 alium
1708 2717 2020 2789 quemdam

373 2809 665 2880 prmmitit,
728 2809 1119 2879 adjungitque
1194 2807 1553 2879 singularem
1612 2806 1851 2871 librum,
1907 2820 2023 2876 quo

370 2897 634 2968 gentium
663 2896 1277 2968 refellitimpietatem.
1304 2895 1449 2949 Nihil
1485 2900 1678 2950 autem
1701 2893 1894 2950 simile
1917 2894 2022 2949 ha-

376 2987 522 3039 bens
554 2985 611 3038 hi
634 3000 839 3039 omnes
872 2999 1006 3038 cum
1042 2983 1756 3054 Hypotyposibus,quando
1815 2988 1872 3037 et
1901 2986 2026 3036 sto-

367 3073 507 3126 lidis
527 3072 644 3127 illis
659 3089 724 3126 ac
745 3072 1102 3143 blasphemis
1122 3074 1514 3142 opiononibus
1534 3072 1775 3126 omnino
1792 3077 2021 3136 vacant,

372 3168 430 3216 et
461 3161 639 3215 dictio
665 3159 790 3231 ipsa
823 3161 879 3215 in
913 3161 1003 3216 his
1027 3160 1370 3215 floridiorad
1400 3165 1781 3232 temperatam
1815 3175 2022 3230 quam-
2055 3170 2098 3236 α

375 3250 508 3305 dam
541 3249 886 3321 gravitatem
920 3265 1036 3306 non
1069 3250 1196 3304 sine
1218 3249 1598 3319 jucunditate
1654 3248 1934 3319 assurgit,
1967 3251 2026 3302 et

376 3337 530 3393 varia
557 3338 677 3405 illa,
711 3355 839 3409 qua:
872 3338 929 3392 in
962 3339 1036 3392 iis
1065 3345 1174 3406 est,
1208 3354 1402 3392 rerum
1435 3337 1710 3408 cognitio,
1745 3337 1890 3391 nihil
1921 3337 2024 3391 ha-

378 3426 476 3481 bet
506 3427 704 3480 minus
744 3427 1398 3482 conveniens.Extremo
1428 3442 1563 3482 vero
1589 3426 1738 3481 libro
1755 3427 1932 3480 etiam
1955 3427 2026 3480 de

385 3514 746 3587 imaginibus
777 3515 1198 3571 commeminit.

456 3640 797 3695 Stromateon
831 3644 1025 3694 autem
1058 3639 1188 3693 libri
1223 3655 1458 3712 quoque
1509 3644 1638 3695 octo
1705 3644 1868 3706 sunt,
1925 3639 2028 3693 ad-

381 3744 584 3783 versus
615 3744 869 3799 paganos
883 3733 1056 3800 atque
1081 3727 1332 3784 haereses
1351 3728 2024 3800 pugnaminstituentes;

382 3815 440 3869 in
484 3814 697 3885 quibus
751 3815 890 3870 item
949 3816 1224 3887 sparsim,
1279 3821 1336 3872 et
1393 3835 1510 3872 non
1577 3816 1780 3872 ordine
1837 3815 2027 3887 capita

383 3908 891 3971 recentur;cujus
950 3907 1114 3975 quasi
1174 3907 1459 3959 rationem
1518 3906 1758 3979 reddere
1811 3905 1872 3959 in
1930 3921 2024 3959 ex-

381 3999 569 4046 tremo
601 3990 748 4044 libro
780 3991 1032 4061 septimo
1063 3991 1222 4046 hisce
1251 3994 1367 4046 fere
1397 3993 1587 4046 verbis
1622 3993 1851 4046 videtur
1885 3994 2028 4047 :Iia'c

381 4097 503 4134 cum
537 4096 570 4132 a
598 4079 753 4134 nobis
772 4081 891 4150 jam
922 4087 1087 4134 antea
1116 4083 1456 4151 pertractata
1510 4083 1641 4148 sint,
1702 4085 1752 4136 et
1811 4097 2026 4137 morum

383 4170 483 4223 illa
513 4168 717 4222 rudior
741 4169 995 4238 formula
1021 4185 1121 4238 per
1147 4185 1360 4223 summa
1384 4170 1528 4224 velut
1546 4170 2028 4240 capita,quantum

378 4257 616 4328 polliciti
643 4273 852 4322 sumus,
885 4258 1124 4326 sparsim
1150 4256 1448 4328 descrepta,
1474 4260 1564 4320 iis,
1596 4273 1720 4328 quae
1735 4257 1806 4312 ad
1834 4274 2028 4314 veram

379 4350 622 4404 excitant
651 4347 1034 4414 cognitionem,
1063 4345 1413 4416 dogmatibus
1445 4350 1521 4400 ita
1552 4347 1642 4400 hic
1672 4347 1792 4402 illic
1811 4351 2027 4418 insper—

379 4433 455 4488 sis
480 4451 492 4490 :
527 4438 585 4488 ut
614 4451 699 4490 res
733 4434 858 4489 illas
889 4450 1076 4489 sacras
1105 4438 1298 4489 nactus
1319 4435 1716 4507 quispiam,qui
1743 4436 2026 4507 mysteriis

2133 1864 2454 1944 βλάσφημοι
2487 1868 2641 1923 αὗται
2671 1866 3047 1944 τερατολογίαι
3098 1867 3148 1922 ἐν
3188 1868 3383 1942 τόμοις
3427 1868 3592 1925 ὀκτώ.
3627 1869 3782 1944 Λέγει

2130 1953 2188 2009 δὲ
2233 1956 2472 2031 καὶπερὶ
2509 1962 2616 2012 τῶν
2663 1957 2838 2012 αὐτῶν
2884 1956 3184 2028 πολλάκις,
3223 1957 3312 2012 καὶ
3361 1955 3639 2033 σποράδην
3689 1957 3782 2012 καὶ

2130 2047 2571 2120 συγκεχυμένως,
2604 2045 2783 2120 ὥσπερ
2835 2045 3176 2120 ἔμπληκτος,
3224 2048 3456 2122 παράγει
3505 2047 3572 2102 τά
3621 2046 3778 2123 ῥητά.

2128 2133 2190 2190 Ὁ
2221 2131 2278 2188 δὲ
2307 2132 2436 2196 ὅλος
2470 2137 2693 2207 σκοπὸς,
2742 2136 2934 2190 ὡσανεὶ
2980 2136 3263 2212 ἑρμηνεῖαι
3303 2136 3632 2211 τυγχάνοτσι
3681 2139 3784 2200 τῆς

2130 2224 2414 2292 Γενέσεως,
2456 2231 2557 2294 τῆς
2603 2222 2844 2296 Ἐξόδου,
2872 2228 2981 2279 τῶν
3032 2224 3306 2297 Ψαλμῶν,
3336 2229 3434 2278 τοῦ
3463 2224 3611 2280 θείου
3640 2223 3786 2279 Παύ-

2131 2311 2232 2368 λου
2279 2317 2387 2367 τῶν
2433 2313 2800 2383 Ἐπιστολῶν,
2853 2313 3088 2370 καὶτῶν
3143 2312 3486 2381 Καθολικῶν,
3542 2315 3629 2369 καὶ
3683 2318 3783 2369 τοῦ

2133 2399 2645 2473 Ἑκκλησιαστικοῦ.
2707 2405 2971 2474 Μαθητής
3026 2402 3106 2473 δὲ,
3163 2403 3237 2465 ὡς
3283 2403 3373 2459 καὶ
3421 2403 3586 2466 αὐτός
3625 2425 3781 2482 φησι,

2129 2491 2321 2567 γέγονε
2379 2493 2700 2550 Πανταίνου.
2761 2491 2938 2550 Ἀλλᾶ
2987 2497 3156 2548 ταῦτα
3214 2493 3311 2567 μὲν
3369 2495 3423 2548 αἱ
3461 2494 3787 2548 ἰ’ποτυπώο

2132 2603 2267 2644 σεις.

2203 2689 2264 2746 Ὁ
2319 2686 2378 2745 δὲ
2432 2687 2784 2765 Παιδαγωγὸς
2837 2690 2890 2744 ἐν
2962 2692 3109 2763 τρισὶ
3171 2691 3370 2763 τόμοις
3439 2689 3580 2744 ἐστὶν
3639 2689 3789 2763 αὐτῷ

2133 2775 2626 2850 διαπεπονημένος,
2667 2777 2834 2846 ἤθους
2877 2780 2963 2833 καὶ
3014 2779 3137 2854 βίου
3184 2779 3614 2854 κατορθωτικὸς,
3665 2777 3791 2854 ἔχει

2133 2863 2190 2922 δὲ
2218 2866 2438 2941 ιτούτων
2479 2868 2566 2938 καῖ⁵
2619 2866 3030 2942 προηγούμενον
3075 2867 3166 2922 καὶ
3214 2867 3637 2940 συνταττόμενον
3689 2866 3789 2922 λό-

2129 2977 2221 3030 γον
2270 2955 2476 3033 ἓτερον,
2525 2955 2576 3010 ἐν
2622 2957 2666 3028 ᾦ
2710 2957 2808 3025 τὴν
2860 2953 3145 3026 Ἐλλήνων
3176 2953 3449 3031 διελέγχει
3496 2951 3786 3026 ἀθεότητα·

2133 3041 2284 3098 οὐδὲν
2318 3041 2375 3099 δὲ
2423 3044 2616 3117 ὅμοιον
2667 3038 2861 3118 ἔχουσι
2908 3043 3044 3117 πρὸς
3089 3044 3184 3106 τὰς
3232 3044 3635 3107 Ὑποσυπώσεις
3683 3043 3786 3099 οῦ-

2130 3152 2217 3186 τοι
2270 3133 2322 3185 οἱ
2379 3131 2556 3206 λόγοι·
2615 3137 2723 3186 τῶν
2756 3152 2814 3185 τε
2868 3132 2968 3204 γὰρ
3006 3133 3247 3199 ματαίων
3294 3133 3384 3186 καὶ
3439 3130 3784 3208 βλασφήμων

2133 3217 2556 3294 ἀπηλλαγμένοι
2605 3216 2772 3289 δοξῶν
2829 3221 3212 3292 καθεστήκασι,
3258 3220 3348 3274 καὶ
3397 3223 3432 3290 ἡ
3461 3222 3653 3295 φράσις
3687 3221 3788 3275 ἆνο

2135 3308 2295 3379 θηρά,
2327 3307 2417 3362 καὶ
2447 3307 2522 3369 εἰς
2551 3302 2710 3381 ὄγκον
2743 3306 2958 3382 ᾐρμένη
2991 3308 3300 3384 σύμμετρον
3336 3310 3472 3382 μετὰ
3497 3313 3594 3364 τοῦ
3619 3307 3787 3379 ἡδέος

2133 3397 2222 3451 καὶ
2253 3399 2288 3466 ἡ
2319 3396 2666 3470 πολυμάθεια
2690 3395 3060 3472 ἐμπρέπουσα.
3087 3398 3430 3471 Μνημονεύει
3462 3395 3519 3453 δὲ
3546 3398 3685 3473 πρὸς
3705 3403 3792 3470 τῷ

2133 3484 2277 3541 τέλει
2311 3485 2434 3561 περί
2466 3484 2714 3542 εἶκόνων.

2205 3665 2273 3722 Οἱ
2322 3661 2380 3719 δὶ
2427 3670 2778 3740 Στρωματεῖς
2835 3665 2937 3721 εἰσι
2983 3667 3079 3740 μὲν
3108 3667 3199 3722 καὶ
3225 3664 3377 3722 αὐτοὶ
3410 3665 3461 3722 έν
3499 3664 3644 3721 ὀκτὼ
3681 3665 3783 3722 λό-

2135 3775 2255 3829 γοις
2292 3761 2410 3819 καθ’
2455 3753 2738 3824 Ἐλλήνων
2787 3756 2878 3810 καὶ
2910 3755 3166 3831 αἱρέσεων
3213 3757 3306 3811 τὸν
3357 3757 3538 3831 ἀγῶνα
3568 3755 3789 3827 εἷ’σενη-

2132 3845 2403 3918 νεγμένοι’
2455 3841 2730 3918 σποράδην
2783 3842 2841 3899 δὲ
2878 3845 2967 3899 καὶ
3019 3844 3202 3918 ὥσπερ
3250 3844 3348 3898 οὐκ
3379 3843 3430 3898 έν
3478 3844 3618 3913 τάξει
3677 3845 3782 3912 τὴν

2131 3937 2239 3988 τῶν
2270 3929 2581 4009 κεφαλαίων
2626 3933 2918 4006 παράθεσιν
2965 3932 3233 3987 κάνταῦθα
3268 3937 3527 3999 ποιεῖται,
3557 3933 3646 3987 καὶ
3681 3933 3785 4002 τὴν

2135 4020 2308 4076 αἰτίαν
2341 4019 2520 4095 ὥσπερ
2550 4018 2842 4082 ἀποδιδοὺς
2874 4020 2924 4075 ἐν
2953 4024 3031 4092 τῷ
3072 4019 3217 4076 τέλει
3247 4025 3345 4075 τοῦ
3392 4015 3633 4093 ἑϐδόμου
3684 4017 3786 4075 λό-

2132 4132 2258 4183 γου,
2309 4109 2494 4172 αὐταῖς
2528 4108 2730 4179 λέξεσιν
2767 4108 2939 4170 οὕτως
2995 4107 3160 4182 λέγει’
3213 4110 3437 4166 Τούτων
3469 4112 3607 4182 ἡμῖν
3641 4129 3789 4186 προ-

2136 4198 2547 4272 διηνυσμένων,
2609 4199 2696 4252 καὶ
2751 4201 2848 4251 τοῦ
2893 4197 3092 4266 ἠθικοῦ
3146 4197 3321 4252 τύπου
3371 4198 3446 4259 ὡς
3497 4197 3550 4253 έν
3613 4218 3791 4274 κεφα-

2135 4285 2314 4348 λαίοις
2382 4287 2780 4364 ὑπογραφέντος
2856 4282 3135 4361 σποράδην
3217 4307 3294 4356 τε,
3381 4288 3455 4349 ὡς
3533 4287 3792 4362 ὑπεσχή-

2139 4377 2273 4448 μεθα
2305 4417 2320 4443 ,
2375 4375 2465 4430 καὶ
2525 4372 2926 4450 διερῥιμμένως
2981 4375 3049 4429 τὰ
3107 4374 3328 4450 ζώπυρα
3379 4377 3476 4444 τῆς
3535 4373 3787 4444 ἀληθοῦς

2132 4463 2382 4536 γνώσεως
2441 4461 2973 4537 ἐγκατασπιιράντων
3031 4465 3353 4536 μαθήματα,
3410 4464 3486 4526 ὡς
3545 4464 3623 4536 μή
3688 4462 3792 4540 ῥᾳ-

377 4523 581 4578 uostris
605 4523 864 4578 initiatus
894 4539 1002 4577 non
1033 4522 1128 4589 sit,
1158 4524 1307 4579 haud
1350 4523 1523 4594 facile
1579 4525 1902 4595 comperiat,
1965 4532 2021 4582 et

2147 4550 2242 4605 iiav
2304 4551 2435 4605 εἶναι
2483 4554 2562 4622 τῷ
2618 4551 2970 4624 περιτυχόντι
3022 4555 3130 4606 τῶν
3195 4551 3458 4624 ἀμυήτων
3512 4551 3614 4620 τήν
3670 4557 3785 4607 τῶν

379 4629 505 4682 quae
537 4618 886 4683 sequuntur.
923 4613 1054 4667 Haec
1086 4613 1284 4684 igitur,
1320 4621 1385 4668 ut
1416 4615 1542 4684 ipse
1575 4614 1808 4676 fatetur,
1841 4629 2021 4668 causa

378 4702 508 4770 fuit,
542 4718 647 4755 cur
675 4700 788 4755 ista
818 4701 944 4756 sine
974 4702 1178 4756 ordine
1210 4703 1591 4774 congesserit.

451 4835 655 4905 Reperi
679 4839 873 4888 autem
907 4833 964 4887 in
1002 4838 1293 4904 pervetera
1341 4833 1661 4906 exemplari
1720 4835 1825 4890 hoc
1873 4852 2020 4906 Opus

376 4941 490 4980 non
524 4925 717 4978 solum
768 4922 1102 4978 Stromateon
1137 4923 1372 4977 nomine
1403 4923 1776 4995 inscriptum,
1799 4924 1900 4979 sed
1924 4925 2019 4978 in-

373 5019 532 5084 tegre
565 5013 634 5068 ad
668 5010 826 5066 hunc
858 5010 1095 5065 modum
1123 5027 1137 5064 :
1181 5012 1284 5066 Titi
1313 5012 1487 5066 Flavii
1530 5012 1830 5068 Clementis
1891 5029 2017 5084 pre-

369 5103 577 5173 sbyteri
615 5100 983 5155 Alexandrini
1039 5099 1415 5156 Gnoslicarum
1469 5101 1768 5156 secundum
1826 5119 2019 5157 verum

365 5191 768 5264 philosophiam
798 5191 1323 5244 commentationum
1352 5190 1695 5245 Stromateus
1725 5207 1765 5256 ι,
1832 5208 1896 5258 ιι,
1927 5208 2014 5260 ιιι,

369 5294 824 5346 1v,v,v1,vu,vm.
860 5283 938 5332 Ac
1000 5277 1173 5347 primi
1213 5279 1448 5349 quidem
1481 5284 1702 5350 septem
1743 5280 2015 5335 eumdem

370 5369 687 5441 praeferunt
718 5365 981 5432 titulum,
1014 5365 1312 5437 iidemque
1342 5383 1586 5438 prorsus
1617 5373 1761 5423 sunt
1801 5367 1857 5422 in
1891 5385 2016 5423 om-

371 5459 546 5514 nibus
577 5457 1121 5512 codicibus.Verum
1151 5461 1412 5523 octavus,
1446 5473 1580 5512 cum
1613 5457 2014 5526 inscriptione,

370 5554 498 5602 tum
532 5545 613 5601 rei
645 5546 927 5614 subjectae
960 5545 1248 5608 materiat,
1302 5547 1506 5599 variat.
1545 5547 1604 5600 In
1657 5545 2014 5616 quibusdam

371 5637 525 5693 enim
577 5633 922 5690 inscribitur
971 5649 983 5686 :
1043 5632 1176 5700 Qui:
1235 5632 1394 5689 dives
1451 5634 1711 5701 salvetur,
1769 5635 2016 5707 ejusque

2128 4639 2293 4714 ἆγίων
2352 4639 2581 4712 εὕρεσιν,
2628 4639 2810 4694 καὶτὰ
2857 4640 3002 4710 ὲξῆς⁶
3039 4645 3102 4696 Ἡ
3154 4641 3250 4714 μὲν
3300 4639 3390 4695 οῦν
3451 4639 3793 4717 διερριμμέ-

2127 4751 2236 4791 νως
2274 4728 2409 4784 αὐτὰ
2451 4727 2738 4798 κατατάξαι
2787 4727 2936 4802 αὐτῷ
2985 4728 3153 4802 αἰτία,
3204 4729 3279 4792 ὥς
3328 4750 3482 4806 φησι,
3533 4731 3785 4806 γέγονεν,

2199 4836 2370 4911 Εὗρον
2406 4836 2588 4907 μέντοι
2619 4855 2680 4907 γε
2728 4832 2781 4889 ἕν
2820 4855 2924 4888 τινι
2971 4835 3194 4908 παλαιῷ
3248 4831 3451 4912 βιϐλίῳ
3477 4839 3579 4906 τὴν
3611 4836 3789 4906 αὐτὴν

2124 4924 2496 5000 πραγματείαν
2529 4922 2657 4996 οὐχὶ
2692 4928 3044 4996 Στρωματεῖς
3093 4924 3258 4998 μόνον
3306 4925 3790 5004 ἐπιγραφομένην,

2125 5012 2252 5069 ἀλλ’
2288 5010 2616 5086 ὁλοκλήρως
2665 5009 2855 5073 οὕτως’
2901 5010 3060 5067 Τίτου
3121 5008 3370 5069 Φλαϐίου
3431 5015 3792 5087 Κλήμεντος,

2125 5099 2492 5178 πρεσϐυτέρου
2555 5097 2966 5174 Ἀλεξανδρείας
3035 5107 3146 5158 τῶν
3207 5103 3344 5158 κατὰ
3415 5103 3514 5172 τὴν
3592 5103 3786 5175 ἀληθῆ

2125 5191 2452 5271 φιλοσοφίαν
2559 5193 2875 5245 Γνωστικῶν
2980 5191 3392 5265 ὑπομνημάτων
3503 5198 3791 5268 Στρωμα-

2125 5282 2260 5337 τέων
2305 5288 2373 5351 α’,
2425 5281 2491 5356 β’,
2539 5279 2605 5353 γ’,
2658 5275 2719 5348 δ’,
2767 5279 2824 5350 ε’,
2875 5280 2939 5350 ς’,
2993 5282 3054 5350 ζ’,
3104 5281 3192 5335 καὶ
3246 5283 3316 5351 η’.
3373 5279 3531 5338 Ἀλλ’
3589 5283 3616 5336 6
3683 5282 3785 5355 μὲν

2125 5371 2344 5446 πρῶτος
2375 5369 2541 5444 μέχρι
2567 5371 2662 5422 τοῦ
2712 5362 2974 5440 ἑϐδόμου,
3029 5369 3130 5438 τήν
3173 5369 3340 5440 αὐτὴν
3389 5366 3610 5445 ἔχουσιν
3662 5368 3790 5425 ἐπι-

2124 5459 2360 5536 γραφὴν,
2410 5458 2500 5512 καὶ
2532 5455 2724 5510 ἒνιαῖοι
2779 5456 3140 5532 τυγχάνουσιν
3191 5457 3243 5514 ἐν
3297 5457 3461 5514 ἅπασι
3517 5463 3636 5521 τοῖς
3696 5459 3790 5535 βι-

2125 5543 2326 5609 ϐλίοις.
2377 5547 2439 5603 '0
2487 5544 2672 5618 μέντοι
2723 5539 2920 5617 ὄγδοος
2951 5542 3213 5624 διάφορός
3269 5546 3328 5602 τέ
3384 5546 3494 5603 ἐστι
3555 5545 3649 5601 καὶ
3711 5546 3787 5621 τῇ

2125 5637 2398 5714 ἐπιγραφῇ
2446 5635 2536 5689 καὶ
2583 5637 2661 5705 τῷ
2718 5629 2925 5710 ἐδάφει,
2968 5635 3063 5691 Ἔν
3117 5656 3227 5690 τισι
3279 5635 3372 5710 μὶν
3425 5635 3550 5712 γὰρ,
3601 5635 3706 5698 Τίς
3758 5635 3789 5690 ὁ
