3974 6140
238 271 307 328 57
1507 278 1913 334 ΟΟΗΟΒΤΔΤῙ

2038 280 2097 332 .D
2134 279 2439 334 GENTES.
3613 287 3684 340 58

244 395 424 466 πτηνά
486 397 614 470 μὲν,
668 397 804 461 τοὺς
863 399 1102 478 κούφους
1154 398 1350 454 αὐτῶν·
1403 400 1601 474 ἑρπετᾶ
1662 399 1739 467 δὲ,
1792 398 1913 463 τοὺς

2038 390 2294 473 abiectos
2326 404 2398 458 ad
2430 402 2644 460 coelum
2676 409 2924 462 revocat.
2955 407 3128 463 Solus
3161 407 3344 479 igitur
3373 407 3471 464 ille
3529 409 3684 464 inter

249 486 595 548 ἀπατεῶνας·
642 487 738 541 καὶ
789 487 1025 551 λέοντας
1089 488 1221 562 μὲν,
1277 487 1406 550 τοὺς
1467 489 1731 561 θυμικούς
1791 488 1920 549 σύας

256 573 337 646 δὲ,
384 574 508 638 τοὺς
572 574 899 646 ἡδονικούς·
961 576 1159 641 λύκους
1215 575 1294 647 δὲ,
1347 579 1474 641 τοὺς
1533 578 1922 654 ἁρπακτικούς.

262 665 416 730 Λίθοι
471 663 529 721 δὲ
583 667 680 720 καὶ
742 665 879 736 ξύλα
917 669 969 722 oi
1000 668 1248 746 ἄφρονες·
1310 669 1446 743 πρὸς
1501 665 1559 723 δὲ
1605 667 1695 723 καὶ
1753 667 1920 732 λίθων

261 753 719 829 ἀναισθητότερα
805 753 1092 828 ἅνθρωπος
1185 755 1376 833 ἆρνοίᾳ
1463 751 1920 832 βεϐαπτισμένος.

262 843 482 917 Μάρτυς
511 845 652 916 ἡμῖν
686 846 1003 921 προφητική
1035 846 1250 919 παρίτω
1280 847 1432 924 φωνή
1488 843 1730 919 συνῳδὸς
1772 844 1921 915 ἀλη-

264 931 427 1000 θείας,
489 932 625 994 τοὺς
682 934 735 986 ἐν
791 933 982 1009 ἀγνοίᾳ
1033 934 1124 988 καὶ
1182 933 1341 1005 ἀνοίᾳ
1394 932 1924 1007 κατατετριμμένους

263 1019 631 1095 οἰκτείρουσα·
668 1021 936 1084 Δυνατοὺς
985 1023 1086 1098 γαρ
1131 1025 1244 1096 (62)
1275 1025 1303 1078 ὁ
1335 1024 1465 1084 Θεὸς
1496 1021 1557 1078 ἐκ
1583 1027 1699 1078 τῶν
1752 1022 1922 1086 λίθων

259 1109 470 1164 τούτων
496 1110 711 1186 ἐγεῖραι
759 1112 922 1166 τέκνα
976 1115 1058 1184 τῷ
1115 1107 1394 1186 Ἀϐραὰμ·
1455 1111 1535 1181 ὅς,
1588 1111 1924 1182 κατελεήσας

262 1199 360 1267 τήν
421 1198 666 1272 ἀμαθίαν
720 1202 822 1269 τήν
877 1197 1098 1268 πολλὴν
1149 1202 1236 1255 καὶ
1313 1203 1412 1270 τὴν
1473 1198 1914 1274 σκληροκαρδίαν

263 1292 368 1342 τῶν
397 1287 477 1349 εἷς
524 1289 628 1356 τήν
683 1286 948 1357 ἀληθείαν
1013 1286 1425 1361 λελιθωμένων,
1477 1287 1697 1366 ἤγειρεν
1745 1301 1926 1350 θεοσε-

264 1369 415 1437 ϐείας
449 1375 690 1451 σπέρμα,
742 1377 938 1450 ἀρετῆς
987 1375 1325 1449 αἰσθόμενον,
1375 1378 1436 1432 ἐκ
1463 1377 1632 1433 λίθων
1681 1376 1924 1446 ἐκείνων,

264 1469 369 1519 τῶν
403 1463 585 1528 λίθοις
621 1465 1029 1520 πεπιστεκότων
1082 1465 1265 1524 ἐθνῶν.
1316 1467 1483 1530 Αὖθις
1515 1467 1605 1521 οὗν
1661 1461 1925 1528 ῒοϐόλους

262 1555 416 1616 τινας
445 1553 538 1608 καὶ
573 1551 964 1627 παλιμϐόλους
996 1555 1292 1631 ὑποκριτὰς
1325 1553 1679 1635 ἐφοδεύοντας
1715 1553 1928 1610 δικαιο·

266 1643 396 1715 σύν-ῃ
419 1645 733 1718 γεννήματα
766 1640 997 1718 ἐχιδνῶν
1028 1644 1268 1715 κέκληκὲ
1295 1665 1422 1699 που·
1458 1643 1606 1700 ἀλλά
1653 1646 1744 1700 καὶ
1798 1645 1930 1700 τού-

2029 507 2255 560 omnes,
2292 508 2441 563 quos
2493 494 2682 550 adhuc
2744 494 3037 561 novimus,
3089 497 3241 552 feras
3298 497 3684 566 saevissimas,

2030 579 2713 648 homines,mansuefecit
2738 603 2753 652 ;
2776 584 3045 640 volucres
3079 587 3342 657 quidem,
3373 587 3473 657 qui
3527 586 3685 644 leves

2030 684 2098 724 ex
2129 669 2249 725 illis
2287 677 2448 738 sunt;
2484 672 2743 744 reptiles,
2780 674 2877 746 qui
2913 674 3289 747 deceptores;
3326 676 3547 742 leones,
3582 677 3685 749 qui

2029 755 2339 826 iracundi;
2373 777 2530 827 sues,
2562 761 2663 832 qui
2696 761 3096 833 voluptatibus
3139 765 3318 818 dediti
3348 765 3551 836 ;lupos
3584 767 3684 822 de-

2033 846 2231 918 nique,
2265 849 2362 919 qui
2396 866 2655 921 rapaces.
2693 851 2937 922 Lapides
2965 857 3161 908 autem
3214 857 3272 908 et
3330 853 3491 925 ligna
3539 859 3682 910 sunt

2032 935 2396 1006 insipientes,
2443 939 2556 993 nisi
2608 941 2763 1010 quod
2823 941 2921 1011 qui
2982 941 3317 1012 ignorantia
3374 943 3683 1011 imbuitur,

2031 1023 2178 1095 ipsis
2206 1041 2440 1096 quoque
2463 1026 2758 1097 lapidibus
2784 1033 2874 1083 stu
2887 1029 3076 1099 pidior
3104 1046 3234 1085 esse
3264 1031 3682 1102 comperiatur.

2033 1112 2267 1168 Testem
2295 1116 2510 1170 advoco
2540 1133 2737 1172 vocem
2769 1116 2931 1171 illam
2991 1113 3390 1189 propheticum
3455 1120 3685 1176 veritati

2035 1216 2376 1273 consonam,
2438 1220 2553 1274 quo
2613 1204 2952 1275 deploratur
3009 1222 3212 1260 eorum
3265 1207 3500 1274 misera,
3583 1210 3684 1281 qui

2035 1289 2370 1360 ignorantia
2391 1295 2720 1349 etamentia
2743 1299 3168 1350 conteruntur:
3205 1300 3398 1351 Potens
3429 1298 3583 1352 enirn
3603 1307 3686 1354 est

2039 1380 2177 1435 Deus
2233 1381 2306 1436 de
2356 1382 2640 1454 lapidibus
2689 1382 2811 1438 istis
2859 1386 3134 1438 suscitare
3207 1385 3354 1454 ﬁlios
3425 1387 3680 1443 Abrahae.

2036 1470 2142 1536 Qui
2221 1472 2537 1528 maximam
2595 1489 2794 1529 eorum
2845 1474 3104 1530 inscitim
3173 1481 3230 1531 et
3307 1476 3682 1532 duricordiam

2037 1560 2374 1623 miseratus.
2407 1562 2501 1632 qui
2535 1564 2603 1617 ad
2638 1563 2937 1618 veritatem
2993 1563 3196 1634 planes
3254 1565 3478 1636 lapides
3544 1566 3682 1620 facti

2036 1655 2196 1717 sunt,
2229 1667 2296 1704 ex
2327 1651 2419 1706 his
2453 1651 2774 1724 lapidibus,
2801 1667 3008 1723 nempe
3039 1653 3335 1722 gentibus,
3363 1671 3487 1725 quae
3511 1655 3568 1708 in
3604 1655 3689 1710 la-

266 1754 371 1787 των
420 1730 477 1785 εἷ’
529 1753 610 1795 τις
649 1736 757 1786 τῶν
822 1728 994 1810 ὄφεων
1055 1735 1384 1805 μετανοῆσαι
1443 1734 1603 1805 ἑκὼν,
1662 1734 1913 1806 ἑπόμενοι

2039 1739 2203 1808 pides
2236 1739 2632 1805 crediderunt,
2684 1741 2916 1812 pietatis
2973 1758 3171 1797 semen
3225 1760 3401 1798 sensu
3453 1744 3687 1799 virtutis

270 1819 335 1890 δὴ
382 1825 464 1891 τῷ
522 1819 711 1896 Λόγῳ,
769 1822 1054 1895 ἄνθρωπος
1101 1821 1305 1897 γίνεται
1374 1827 1547 1880 Θεοῦ.
1602 1823 1812 1886 Αύκους
1871 1822 1930 1880 δὲ

269 1910 474 1971 ἀλλους
513 1908 828 1985 ἀλληγορεῖ
881 1906 1172 1986 προϐάτων
1218 1909 1442 1974 κωδίοις
1497 1910 1927 1991 ἤμφιεσμένους,

270 1998 396 2060 τοὺς
426 1998 483 2052 ἐν
533 2000 839 2074 ἀνθρώπων
901 2005 1136 2078 μορφαῖς
1196 2000 1563 2076 ἁρπακτικοὺς
1618 2001 1929 2074 αἰνιττόμε-

270 2108 379 2148 νος.
412 2087 518 2145 Καὶ
549 2089 725 2142 πάντα
772 2087 874 2162 ἄρα
905 2093 1072 2144 ταῦτα
1118 2089 1185 2144 τὰ
1231 2089 1545 2165 ἀγριώτατα
1591 2093 1699 2162 (63)
1745 2091 1924 2165 θηρία,

272 2177 361 2230 καὶ
391 2175 524 2240 τοὺς
569 2175 858 2238 τοιούτους
909 2177 1117 2250 λίθους,
1148 2181 1185 2248 ἡ
1220 2177 1470 2254 ούράιιιος
1501 2177 1618 2251 ᾠδή
1657 2179 1928 2254 μετεμόρ-

263 2286 441 2339 φωσεν
502 2266 581 2326 εἲς
635 2264 958 2340 ἀνθρώπους
1014 2266 1278 2340 ἡμέρους.
1343 2268 1513 2339 Ἦμεν
1572 2269 1672 2342 γὰρ
1709 2311 1722 2334 ,
1781 2268 1923 2340 ἦμεν

260 2374 387 2408 ποτε
443 2355 536 2408 καὶ
617 2356 783 2426 ἡμεῖς
842 2354 1111 2426 ἀνόητοι,
1169 2356 1408 2417 ἀπειθεῖς
1442 2400 1455 2424 ,
1518 2355 1921 2430 πλανώμενοι,

259 2439 618 2503 δουλεύοντες
704 2441 930 2512 ἡδοναῖς
1012 2445 1100 2498 καὶ
1191 2444 1505 2517 ἐπιθυμίαις
1591 2445 1872 2509 ποικίλαις
1909 2489 1923 2514 ,

259 2531 309 2586 ἐν
365 2532 532 2603 κακίᾳ
589 2531 681 2586 καὶ
737 2533 926 2606 φθὸκῳ
985 2530 1290 2608 διάγοντες,
1361 2535 1640 2609 στυγητοῖ,
1703 2541 1924 2608 μισοῦν-

262 2641 349 2683 τες
417 2618 762 2691 νάλλήλους,
930 2643 1093 2699 φησιν
1157 2625 1191 2692 ἡ
1252 2623 1593 2694 ἀποστολική
1679 2627 1859 2701 γραφή
1906 2670 1920 2696 ,

262 2712 391 2767 Ὀτι
429 2707 489 2764 δὲ
541 2713 577 2779 ἡ
613 2710 951 2785 χρηστότης,
1003 2711 1094 2765 καὶ
1148 2713 1183 2782 ἡ
1244 2711 1626 2790 φιλανθρωπία
1682 2713 1918 2786 ἐπεφάνη

273 2803 368 2853 τοῦ
421 2805 693 2874 Σωτῆρος
753 2801 915 2872 ἡμῶν
974 2803 1128 2871 Θεοῦ,
1188 2800 1287 2855 ούκ
1363 2799 1414 2871 ἐξ
1472 2800 1648 2876 ἔργων
1705 2807 1812 2857 τῶν
1867 2802 1918 2857 ἐν

263 2885 627 2961 δικαιοσύνῃ,
686 2888 759 2941 ὧν
820 2887 1156 2962 ἐποιήσαμεν
1213 2890 1400 2961 ἡμεῖς,
1461 2887 1607 2944 ἀλλά
1666 2890 1802 2944 κατά
1857 2891 1920 2945 τὸ

264 2976 426 3032 αὐτοῦ
465 2975 624 3040 ἔλεος
677 2973 872 3031 ἔσωσεν
929 2979 1101 3050 ἡμᾶς.
1161 2979 1302 3052 ’Όρα
1353 2978 1418 3032 τὸ
1478 2977 1624 3052 ᾆσμα
1678 2980 1740 3033 τὸ
1797 3000 1922 3033 και-

259 3065 348 3118 νὸν
375 3064 502 3118 ὅσον
562 3061 808 3140 ἴσχυσεν·
862 3064 1182 3139 ἀνθρώπους
1237 3065 1298 3120 ἐκ
1349 3065 1540 3139 λίθων,
1570 3066 1659 3121 καὶ
1711 3067 1918 3142 ἀνθρώ-

258 3173 390 3217 πους
423 3153 484 3207 ἐκ
538 3129 743 3226 θηρίων
797 3129 1120 3224 πεποίηκεν·
1172 3155 1224 3208 oi.
1257 3151 1314 3209 δὲ
1362 3129 1660 3224 τηνάλλως
1710 3129 1920 3218 ώςινε-
1949 3129 1992 3196 C

256 3242 377 3314 κροὶ
412 3243 549 3315 (64),
584 3243 637 3296 οἱ
666 3248 766 3311 τῆς
799 3239 971 3306 ὅντως
1002 3239 1166 3312 οὔσης
1194 3242 1462 3319 ἀμὲτοχοι
1498 3249 1665 3316 ζωῆς,
1718 3245 1917 3319 ἀκροα-

255 3332 340 3386 ταὶ
400 3332 570 3404 μόνον
608 3331 895 3406 γενόμενοι
941 3336 1038 3386 τοῦ
1088 3329 1350 3404 ᾄσματος,
1383 3329 1704 3391 ἀνεϐίωσαν.
1737 3335 1914 3391 Τοῦτό

254 3440 336 3474 τοι
384 3422 477 3474 καὶ
534 3420 596 3474 τὸ
647 3425 752 3474 πᾶν
802 3417 1104 3491 ἐκόσμησεν
1155 3419 1440 3493 ἐμμελῶς,
1492 3422 1583 3476 καὶ
1620 3426 1727 3476 τῶν
1777 3439 1920 3477 στοι⁰

258 3509 421 3584 χείων
453 3515 558 3578 τῆν
588 3505 884 3580 δίαφωνίαν
913 3510 988 3571 εἰς
1016 3510 1164 3580 τάξιν
1195 3508 1440 3564 ἐνέτεινεν
1476 3509 1752 3588 ἐμφωνίας
1777 3514 1916 3585 (65),

254 3599 345 3653 ἳνα
375 3596 446 3667 δὴ
479 3597 612 3660 ὅλος
647 3600 675 3654 ὁ
705 3600 914 3672 κόσμος
947 3598 1095 3670 αὐτῷ
1141 3599 1377 3674 αρμονία
1408 3601 1648 3674 γενηται·
1699 3601 1789 3655 καὶ
1823 3603 1918 3664 θά-

257 3686 458 3742 λασσαν
497 3689 592 3760 μὲν
629 3687 795 3756 ἀνῆκε
842 3687 1176 3761 λελυμένην,
1225 3692 1328 3763 γῆς
1377 3686 1434 3744 δὲ
1482 3684 1773 3745 ἐπιϐαίνειν
1826 3711 1914 3746 κε-

257 3775 503 3832 κώλυκεν
542 3779 657 3849 (66)
705 3775 898 3845 αὐτὴν,
929 3782 1033 3845 Γῆν
1089 3774 1136 3830 δ’
1188 3775 1425 3850 ἔμπαλιν
1484 3777 1794 3854 ἐστερέωσε,
1826 3801 1917 3854 φε-

257 3867 527 3939 ρομένην,
574 3865 664 3920 καὶ
714 3866 841 3937 ὅρον
889 3865 1023 3938 αὐτῇ
1073 3861 1237 3939 ἔπηξε
1285 3866 1577 3922 θάλασσαν.
1641 3870 1739 3926 Καὶ
1806 3871 1914 3942 μήν

253 3954 341 4008 καί
373 3953 554 4030 πυρὸς
583 3957 695 4025 (671
747 3956 930 4029 ὁρμήν
980 3953 1244 4028 ἐμάλαξεν
1299 3956 1435 4030 ἀέρι,
1487 3957 1653 4010 οἱονεὶ
1711 3959 1917 4034 Δώριον

256 4043 522 4117 ἁρμονίαν
567 4043 772 4119 κράσας
822 4041 1029 4116 Αυδίῳ·
1083 4043 1173 4098 καὶ
1223 4046 1323 4112 τήν
1373 4045 1528 4118 ἆέρος
1577 4046 1764 4116 ἀπηνῆ
1809 4050 1914 4120 ψυ-

259 4133 510 4206 χρότητα
532 4135 602 4206 τῇ
634 4129 967 4206 παραπλοκῇ
1017 4137 1114 4186 τοῦ
1162 4133 1331 4207 πυρὸς
1382 4131 1738 4202 ἐτιθάσσευσε,
1785 4134 1912 4199 τοὺς

253 4222 476 4283 νειὰτους
506 4242 617 4276 των
648 4220 794 4276 ὅλων
830 4222 1098 4298 φθόγγους
1139 4221 1365 4284 τούτους
1411 4224 1598 4297 κιρνὰς
1627 4222 1912 4296 ἐμμελῶς.

255 4311 354 4368 Καὶ
387 4308 455 4378 δὴ
488 4311 552 4364 τὸ
584 4309 730 4381 ᾆσμα
758 4311 821 4365 τὸ
866 4309 1160 4384 ἀκήρατον,
1193 4305 1418 4385 ἔρεισμα
1463 4317 1571 4366 τῶν
1621 4311 1791 4381 ὅλων,
1823 4315 1914 4369 καὶ

258 4400 492 4476 ἁρμονία
519 4403 629 4454 τῶν
660 4401 902 4466 πάντων,
933 4401 1038 4454 ἀπὸ
1066 4405 1173 4454 τῶν
1212 4401 1388 4474 μέσων
1421 4386 1532 4457 ’ἐπὶ
1574 4403 1644 4457 τὰ
1689 4403 1912 4478 πέρατα,

2037 1827 2343 1898 praeditum
2400 1831 2725 1884 suscitavit.
2785 1831 3040 1885 Rursum
3097 1830 3231 1886 illos
3271 1833 3562 1888 veneﬁcos
3631 1838 3690 1887 et

2034 1917 2370 1988 versipelles
2405 1917 2758 1988 hypocritas,
2793 1919 2890 1990 qui
2929 1917 3174 1989 justitise
3223 1919 3370 1974 clam
3433 1921 3686 1976 insidia-

2035 2004 2269 2072 bantur,
2303 2007 2556 2078 quodam
2590 2007 2715 2063 loco
2743 2010 3061 2079 progeniem
3114 2010 3429 2080 viperarnm
3485 2009 3684 2081 appel-

2037 2094 2168 2148 lavit
2198 2095 2249 2148 ιε
2284 2097 2383 2150 sed
2419 2100 2614 2151 tamen
2648 2097 2858 2151 horum
2884 2099 3057 2152 etiam
3083 2103 3426 2169 serpentum
3460 2099 3508 2154 si
3550 2099 3683 2170 quis

2032 2180 2362 2238 voluntaria
2395 2185 2603 2240 ductus
2638 2185 2974 2256 poenitentia
3005 2185 3260 2241 Verbum
3289 2193 3591 2258 sequatur,
3641 2189 3690 2243 is

2034 2268 2189 2324 homo
2221 2273 2322 2326 Dei
2343 2273 2640 2327 efficitur“.
2674 2273 2834 2330 Alios
2865 2276 3004 2330 item
3038 2283 3205 2329 vocat
3241 2275 3397 2346 lupos
3451 2277 3688 2347 pellibus

2032 2361 2214 2414 ovium
2255 2361 2475 2417 indutos
2513 2363 2557 2430 ⁸,
2624 2380 2862 2434 rapaces
2922 2363 3190 2419 homines
3250 2365 3525 2420 innuens.
3576 2365 3693 2420 Has

2033 2448 2217 2520 igitur
2251 2466 2456 2505 omnes
2481 2451 2944 2508 immanissimas
2967 2453 3136 2522 feras,
3170 2458 3227 2507 et
3247 2453 3587 2522 hujusmodi
3608 2453 3692 2507 la-

2031 2537 2218 2608 pides,
2252 2541 2502 2595 cmleslis
2533 2539 2630 2595 ille
2679 2547 2887 2595 cantus
2916 2541 2974 2596 in
3024 2547 3363 2596 mansuetos
3423 2541 3691 2598 homines

2029 2629 2489 2685 transformavit.
2518 2635 2751 2687 Eramus
2776 2631 2951 2700 enim,
2988 2648 3224 2686 eramus
3269 2632 3576 2702 aliquando
3631 2641 3686 2688 et

2026 2736 2126 2774 nos
2154 2719 2503 2792 insipientes,
2535 2718 2835 2785 increduli,
2891 2731 3164 2783 errantes,
3223 2723 3526 2776 servientes
3582 2738 3679 2776 vo-

2029 2809 2331 2880 luptatibus
2360 2817 2412 2865 et
2441 2809 2726 2864 desideriis
2755 2808 2952 2876 variis,
2988 2809 3047 2864 in
3080 2808 3316 2865 malitia
3363 2814 3413 2864 et
3470 2810 3692 2866 invidia

2027 2907 2268 2967 agentes,
2283 2898 2532 2972 adibiles,
2557 2907 2609 2954 et
2630 2897 2870 2955 odientes
2889 2900 3126 2955 invicem
3145 2902 3186 2968 ’⁸,
3205 2903 3272 2954 ut
3291 2899 3372 2954 ait
3392 2899 3688 2970 scriptura

2027 2987 2363 3058 apostolica.
2419 2986 2482 3050 ’Β
2516 2987 2655 3042 Cum
2687 2996 2872 3043 autem
2925 2988 3234 3058 benignitas
3262 2988 3313 3043 el
3381 2987 3694 3044 huminitas

2029 3077 2296 3146 apparuit
2326 3076 2627 3132 SalvatOris
2656 3077 2834 3131 nostri
2864 3075 2981 3142 Dei,
3005 3093 3114 3131 non
3149 3093 3219 3131 ea:
3268 3076 3464 3148 aperib
3478 3093 3541 3131 us
3593 3077 3689 3147 ju-

2028 3164 2220 3229 stitiae,
2245 3180 2372 3235 quae
2388 3166 2622 3234 fecimus
2655 3181 2772 3232 nos,
2805 3165 2906 3220 sed
2933 3165 3233 3221 secundum
3257 3182 3414 3220 suam
3463 3164 3693 3221 miseri-

2026 3251 2273 3307 cordiam
2301 3254 2484 3308 salvos
2514 3269 2610 3308 nos
2641 3255 2771 3324 fecit
2802 3253 2843 3308 ⁸.
2877 3254 2958 3308 En
2986 3252 2998 3308 l
3032 3259 3310 3323 quantam
3368 3253 3545 3309 habet
3575 3254 3688 3309 vim

2029 3341 2174 3397 illud
2200 3359 2411 3397 novum
2445 3343 2765 3412 canticum,
2786 3343 2939 3414 quod
2967 3343 3232 3399 homines
3255 3359 3323 3398 ex
3357 3342 3678 3414 lapidibus,

2028 3430 2297 3487 homines
2327 3448 2396 3486 ex
2427 3431 2562 3486 feris
2584 3432 2877 3494 formavit;
2909 3433 3051 3503 quin
3083 3437 3138 3488 et
3167 3433 3227 3497 ii,
3261 3433 3360 3504 qui
3400 3432 3683 3502 allioquin

2029 3519 2203 3574 veluti
2239 3521 2453 3575 mortui
2491 3521 2745 3589 fuerunt,
2777 3525 2976 3591 utpote
3007 3521 3128 3588 illa,
3187 3538 3316 3592 qua;
3356 3521 3478 3576 sola
3537 3537 3669 3576 vera

2028 3607 2274 3675 estvita,
2310 3610 2538 3678 privati,
2563 3610 2764 3664 audito
2813 3609 2922 3664 hoc
2945 3610 3172 3665 cantico
3213 3611 3411 3664 statim
3465 3610 3681 3664 revixe-

2027 3699 2183 3751 runt.
2211 3695 2327 3750 Hoc
2359 3703 2415 3750 et
2440 3696 2880 3752 universitatem
2907 3715 3101 3751 rerum
3125 3702 3373 3768 apteque
3399 3714 3677 3752 numero-

2027 3800 2203 3854 seque
2218 3784 2668 3853 concinnavit,et
2682 3785 2972 3840 elementa
2992 3786 3359 3840 dissonantia
3374 3786 3457 3840 sic
3479 3785 3674 3840 docuit

2027 3891 2255 3930 servare
2284 3885 2656 3941 concentum,
2680 3880 2744 3930 ut
2766 3880 2927 3930 totus
2959 3877 3053 3931 hic
3087 3878 3342 3932 mundus
3365 3876 3674 3932 harmonia

2025 3964 2274 4034 quadam
2307 3963 2782 4019 constaret.Mari
2808 3963 3038 4034 quidem
3065 3965 3370 4020 humidam
3393 3970 3450 4019 et
3491 3965 3676 4020 insta-

2025 4052 2199 4108 bilem
2233 4059 2504 4108 naturam
2538 4054 2716 4119 dedit,
2750 4058 2806 4108 et
2851 4059 3044 4109 tamen
3102 4060 3315 4108 terram
3373 4054 3675 4109 incursare

2025 4142 2337 4212 prohibuit.
2371 4143 2608 4197 Terram
2632 4159 2788 4208 vero,
2820 4159 2947 4213 quae
2972 4143 3134 4214 prius
3159 4142 3269 4197 huc
3289 4143 3426 4197 illuc
3475 4142 3675 4196 ﬂuita-

2026 4230 2147 4299 hat,
2181 4231 2536 4286 immobilem
2563 4234 2716 4300 fecit,
2740 4232 2911 4302 eique
2936 4248 3096 4285 mare
3125 4248 3226 4300 pro
3250 4230 3500 4284 termino
3532 4246 3669 4285 con-

2024 4320 2232 4374 stituit.
2267 4321 2414 4383 Quid
2447 4320 2620 4373 etiam
2653 4319 3012 4374 circumfuso
3047 4334 3176 4372 aere
3205 4317 3318 4372 vim
3351 4317 3507 4388 ignis
3530 4317 3672 4372 mol-

2023 4406 2169 4472 livit,
2217 4407 2652 4478 quodammodo
2695 4406 2935 4462 Doricos
2969 4423 3170 4462 monos
3229 4406 3424 4478 Lydiis
3469 4407 3674 4462 mode-

257 4489 342 4543 καὶ
373 4489 483 4543 ἀπὸ
505 4493 618 4542 τῶν
650 4485 827 4564 ἄκρων
877 4488 965 4543 ἐπὶ
1016 4490 1081 4543 τὰ
1132 4491 1266 4560 μέσα
1310 4488 1578 4560 διαταθὲν,
1625 4491 1909 4566 ἡρμόσατο

2038 4513 2183 4552 rans:
2218 4501 2274 4552 et
2298 4496 2522 4550 immite
2556 4496 2738 4567 frigus
2762 4495 2915 4550 aeris
2946 4486 3099 4567 ignis
3123 4495 3429 4567 complexu
3453 4495 3676 4566 lenivit,

259 4573 377 4631 τόδε
403 4579 467 4632 τὸ
499 4583 629 4644 πᾶν,
657 4577 722 4631 οὐ
751 4577 889 4632 κατά
913 4578 1011 4646 τήν
1046 4576 1274 4652 Θρᾴκίον
1335 4581 1625 4650 μουσικὴν,
1657 4583 1757 4648 τὴν
1805 4603 1912 4636 πα-

261 4665 566 4736 ραπλήσιον
620 4660 839 4722 Τουϐἀλ
900 4668 1036 4738 (68),
1086 4668 1224 4721 κατά
1280 4665 1338 4722 δὲ
1384 4671 1485 4738 τήν
1537 4671 1764 4744 πάτριον
1817 4676 1914 4726 τοῦ

2024 4585 2199 4655 hujus
2230 4586 2480 4640 universi
2517 4585 3106 4656 partibus,tanquam
3156 4585 3432 4656 extremis
3490 4586 3676 4652 sonis,

2020 4675 2325 4746 aequaliter
2345 4674 2681 4742 temperatis
2716 4691 2728 4728 :
2765 4675 3008 4744 proinde
3040 4674 3150 4730 hoc
3187 4673 3512 4730 immortale
3541 4691 3680 4728 can-

398 4783 459 4836 P.
493 4781 995 4861 SEP._I’QTPER,
1029 4784 1060 4838 4
1092 4784 1467 4861 Ερ-ΡΑΗΙΞ.
1504 4785 1786 4861 ’ΔᾈΜεῃιὶλ
1846 4807 1931 4854 ιιι,
1980 4791 2062 4859 9;
2126 4793 2254 4846 Luc.
2316 4807 2402 4855 111,
2459 4791 2512 4844 8.
2545 4789 2564 4822 ‘
2598 4789 2806 4846 Matth.
2858 4808 2938 4861 111,
2996 4791 3050 4859 7;
3105 4791 3244 4845 Luc.
3307 4807 3391 4856 111,
3421 4791 3476 4843 7.
3509 4790 3530 4824 ⁸
3595 4805 3670 4857 ιι,

261 4851 398 4907 Tim.
436 4870 528 4920 ιιι,
564 4854 649 4907 17.
683 4853 705 4887 ⁸
736 4853 936 4909 Matth.
971 4871 1069 4910 v11.
1108 4857 1192 4910 15.
1224 4857 1242 4888 ⁷
1273 4855 1386 4911 Tit.
1421 4873 1483 4912 111
1512 4851 1576 4912 3:
1602 4859 1621 4892 ⁸
1654 4859 1767 4913 Tit.
1800 4877 1884 4927 ιιι,

2049 4851 2061 4859 ν

2038 4886 2065 4915 ⁵ο

327 4972 438 5043 (62)
471 4968 710 5030 Δυνατὸς
735 4968 858 5042 γὰρ.
886 4969 1045 5043 Hane
1095 4971 1632 5043 interpretationem
1678 4991 1746 5029 ex
1799 4977 1913 5031 Ire-

271 5056 380 5117 naeo
399 5041 545 5098 forte
579 5041 1142 5117 sumpsitClemens.
1170 5045 1225 5098 ls
1242 5041 1402 5117 enim,
1425 5044 1524 5098 ιιι).
1559 5062 1638 5111 1v,
1663 5062 1789 5117 cap.
1822 5049 1907 5114 16,

269 5115 379 5190 haec
403 5118 538 5190 ait_:
567 5115 764 5190 Potens
791 5121 882 5190 es_t_
899 5116 1048 5190 enim
1070 5116 1490 5190 Deus,_etc.Hoc
1538 5115 1750 5172 autem
1776 5120 1911 5190 fecit

268 5189 411 5243 Iesus
431 5205 464 5242 a
487 5186 739 5257 lapidum
772 5184 1048 5253 religione
1074 5185 1367 5241 extrahens
1393 5203 1511 5253 nos,
1541 5193 1594 5243 et
1622 5205 1656 5243 a
1711 5184 1912 5245 nostris

269 5262 408 5314 duris
437 5263 490 5314 et
517 5257 1345 5330 in/ructuosisicogitationibus
1398 5262 1736 5329 transferens
1793 5277 1912 5330 nos,

271 5339 314 5385 et
339 5327 585 5386 similem»
603 5327 844 5384 Abrahae
870 5327 1030 5396 ﬁdem
1050 5329 1111 5382 in
1141 5330 1301 5383 nobis
1320 5327 1672 5386 constituens.

333 5405 442 5474 (63)
471 5400 556 5456 Τὰ
587 5400 710 5472 ἀγρ.
740 5396 816 5474 Td
844 5398 1202 5474 omittitms.
1237 5400 1378 5474 N_o_v.

334 5470 439 5544 (64)
467 5478 555 5534 Ὡς
584 5470 730 5544 νεκρ.
767 5470 858 5530 Ὧς
892 5470 1110 5544 omittit
1144 5488 1253 5544 ms.
1277 5471 1416 5528 Nov.

329 5538 434 5617 (65)
495 5538 793 5599 Ἐνὲτείνεν
877 5538 1143 5617 μφέυνίας.
1219 5542 1420 5598 Scribe
1462 5559 1544 5617 ex
1604 5561 1713 5600 ms.
1773 5545 1913 5600 Nov.

273 5611 476 5670 ἐνέτεινε
532 5631 874 5691 συμφωνας,
933 5611 1162 5669 Etenim
1222 5612 1512 5690 συμφωνία
1571 5617 1919 5688 praecedenti

2027 4973 2294 5052 διαφωνία
2318 4975 2529 5052 melius
2589 4978 2902 5052 respondet
2959 4993 3134 5048 quam
3195 4974 3461 5052 ἐμφωνία.
3509 4977 3674 5041 Quod

2017 5049 2576 5122 Sylhurgiusetiam
2611 5049 2772 5122 vidit.

2091 5121 2204 5192 (66)
2236 5115 2459 5192 Κεκώλ.
2498 5117 2868 5192 ,Κεκώλυκενῗ
2899 5116 3063 5185 αὐτὴν
3125 5115 3192 5186 δὴ
3249 5125 3353 5192 γῆν
3411 5115 3674 5192 ἔμπαλιν,

2021 5189 2322 5282 infra-imae
2341 5191 2459 5282 φέρ.
2495 5191 2602 5245 Ms.
2639 5193 2778 5248 Nov.
2813 5191 2970 5245 Idem
3006 5207 3137 5246 mox
3181 5189 3281 5262 pro
3337 5189 3676 5244 ἐτιθάσσευσε

2021 5261 2196 5318 habet
2217 5261 2566 5324 ἐτιθάσσευεν.

2094 5335 2206 5406 (67)
2239 5333 2436 5408 Ηυρός.
2459 5333 2688 5408 Scilicet
2719 5333 2874 5408 ignis
2931 5332 3326 5408 elementaris,
3360 5347 3534 5408 quem
3565 5349 3666 5390 su-

2025 5404 2128 5489 pra
2160 5404 2352 5462 aerem
2385 5407 2496 5461 sub
2519 5404 2770 5460 concavo
2804 5404 2954 5460 lunas
2979 5421 3111 5460 cum
3129 5406 3436 5460 Aristotele
3456 5421 3673 5473 ponere

2024 5479 2620 5618 v'?6iti)llTou6ail.llle,
2652 5562 2786 5602 cum
2823 5563 2851 5601 e
2882 5548 3044 5603 Caini
3079 5545 3301 5601 familia
3325 5548 3498 5611 esset,
3533 5561 3666 5618 mu-

2027 5615 2208 5674 sicam
2243 5619 2502 5675 invenit:
2538 5634 2654 5690 qua
2702 5619 2951 5689 proinde
3003 5619 3293 5683 Clemens,
3351 5621 3414 5670 ut
3470 5615 3669 5683 profa-
