3974 6140
283 241 348 297 οι
1543 242 2008 300 cosoa'm'no
2041 244 2142 300 AD
2183 249 2490 310 GENTES.
3225 213 3230 218 ’
3656 257 3728 309 62

288 388 433 444 ριτος
495 361 921 439 μεταλάμὸανε.
982 366 1084 424 Καί
1145 389 1251 439 μου
1300 367 1364 422 τὸ
1412 367 1559 441 ᾆσμα
1587 369 1650 424 τὸ
1681 369 1949 441 σωτήριον

2100 376 2426 447 nercedem,
2456 382 2738 451 tanquam
2773 394 2841 435 ex
2873 378 3250 447 redundanti,
3279 393 3524 449 regnum
3556 379 3729 436 ecclo-

294 458 370 531 μὴ
397 455 577 511 καινὸν
611 454 796 518 οὕτως
852 451 1162 532 ὑπολάϐῃς,
1194 457 1268 518 ὡς
1320 461 1507 519 σκεῦος
1556 459 1592 528 ἢ
1643 459 1717 520 ὡς
1761 455 1958 512 οἰκίανο

290 545 406 617 Πρὸ
433 543 721 620 ὶωσφόρου
778 545 903 616 (80)
951 544 1052 620 γὰρ
1102 544 1189 614 ἦν,
1240 545 1331 599 καὶ
1370 545 1458 598 Ἐν
1509 545 1658 620 ἀρχῇ
1689 545 1757 615 ἧν
1791 546 1820 599 6
1851 543 1962 599 Λό-

293 655 410 708 γος,
458 631 547 686 καὶ
609 632 639 686 6
694 631 878 706 Λόγος
925 632 996 701 ἧν
1043 633 1180 707 πρὸς
1228 632 1321 688 τὸν
1371 635 1524 702 Θεὸν,
1576 633 1666 688 καὶ
1715 635 1847 696 Θεὸς
1892 634 1960 702 ἦν

295 724 324 778 6
355 721 545 796 ⁸λόγος.
583 719 811 778 Παλαιὰ
843 719 902 776 δὲ
928 723 962 790 ἡ
987 721 1388 791 πλάνη,καινὸν
1421 719 1478 776 δὶ
1509 725 1544 792 ἡ
1575 721 1810 794 ἀλήθεια
1838 721 1960 799 φαί-

293 831 463 866 νεται.
518 808 632 865 Εἶτ’
693 808 786 864 οῦν
847 809 1113 885 ἀρχαίους
1168 809 1297 872 τοὺς
1349 811 1568 888 Φρύγας
1616 809 1960 866 διδάσκουσιν

290 900 434 976 αἶγες
490 899 742 971 μυθικαί·
799 897 904 954 εἴτε
955 897 1020 953 αὖ
1065 897 1195 962 τοὺς
1245 897 1514 964 Ἀρκάδας
1560 902 1674 973 (8i)
1719 902 1771 954 οἱ
1820 920 1961 974 προ-

291 987 562 1059 σελήνους
613 986 1012 1064 ἀναγράφοντες
1067 987 1315 1057 ποιηταίο
1376 985 1481 1044 εἶτε
1541 991 1648 1062 μὴν
1710 987 1776 1043 αὖ
1828 988 1956 1052 τοὺς

291 1076 650 1151 Αἰγυπτίους,
687 1079 740 1131 οἱ
768 1077 861 1131 καὶ
901 1077 1125 1150 πρώτην
1172 1076 1374 1148 ταύτην
1408 1078 1668 1156 ἀναφῦναι
1696 1081 1810 1151 (82)
1856 1081 1956 1147 τήν

290 1175 392 1243 γῆν
421 1167 596 1229 Θεοῦς
624 1187 684 1222 τε
713 1167 805 1221 καὶ
852 1165 1169 1241 ἀνθρώπους
1222 1166 1659 1239 ὀνειρώσσοντεςο
1710 1166 1838 1223 ἀλλ’
1895 1167 1958 1223 οῦ

287 1259 394 1332 πρό
426 1278 493 1332 γε
520 1261 622 1311 τοῦ
652 1256 868 1328 κόσμου
900 1255 1059 1311 τοῦδε
1087 1255 1297 1311 τούτων
1346 1254 1471 1312 οὐδὲ
1501 1260 1599 1320 εἷς.
1635 1258 1748 1330 Πρὸ
1775 1255 1832 1313 δὲ
1858 1264 1960 1327 τῆς

287 1351 390 1401 τοῦ
419 1340 638 1418 κόσμου
687 1339 1004 1414 καταϐολῆς
1053 1346 1238 1417 ἡμεῖς,
1294 1346 1350 1398 οἱ
1375 1350 1454 1418 τῷ
1487 1342 1596 1400 δεῖν
1639 1343 1849 1411 ἔσεσθαι
1902 1345 1953 1401 ἐν

287 1434 436 1507 αὗτῷ
458 1434 730 1509 πρότερον
761 1435 1148 1509 γεγεννημένοι
1177 1438 1258 1505 τῷ
1288 1438 1423 1505 Θεῷ
1456 1439 1554 1489 τοῦ
1591 1436 1724 1490 Θεοῦ
1773 1437 1955 1510 Λόγου

284 1525 351 1580 τὰ
379 1525 582 1599 λογικά
610 1522 910 1594 πλάσματα
955 1525 1142 1595 ἡμεῖς’
1177 1520 1250 1578 δι’
1282 1525 1339 1578 ὃν
1389 1523 1755 1599 ἀρχαΐζομεν,
1786 1524 1868 1580 ὅτι
1901 1524 1954 1580 ἐν

289 1612 437 1689 ἀρχῇ
475 1613 504 1666 ὁ
550 1612 729 1688 Λόγος
760 1612 852 1680 ἦν.
904 1610 1062 1670 Ἀλλ’
1111 1613 1194 1667 ὅτι
1229 1613 1325 1684 μὶν
1363 1612 1429 1681 ἦν
1463 1615 1492 1668 6
1526 1614 1699 1688 Λόγος
1727 1611 1952 1687 ἄνωθεν,

2071 475 2199 516 rum
2237 463 2566 535 pollicetur,
2593 469 2919 542 nonﬂalium
2953 485 3020 523 ex
3052 469 3220 524 nobis
3251 468 3506 523 fructum
3541 469 3725 539 perci-

2071 549 2257 620 piens,
2281 571 2459 624 quam
2494 559 2647 628 quod
2673 557 2816 614 salvi
2847 575 3076 614 sumus.
3104 557 3320 614 Vitium
3345 557 3502 612 enim
3534 556 3727 613 homi-

2070 655 2211 694 num
2247 641 2481 700 interitu
2517 647 2780 718 pascitur
2815 663 2828 701 :
2863 647 3076 702 veritas
3129 651 3352 711 autem,
3379 662 3506 716 quae
3538 645 3722 703 veluti

2068 730 2195 802 apis
2229 733 2462 790 innoxia
2493 739 2666 794 rebus
2698 737 2933 803 insidet,
2963 755 3076 793 non
3111 737 3224 792 nisi
3256 738 3594 792 eorumdcm
3621 753 3718 791 sa-

2067 822 2189 876 lute
2220 820 2469 879 laetatur.
2499 828 2713 894 Habes,
2745 827 2884 898 quid
2922 826 3258 898 pollicetur;
3285 826 3721 896 habes,quanto

2066 914 2277 969 affectu
2310 915 2638 973 humanum
2665 933 2851 988 genus
2885 922 3065 973 amat.
3088 918 3175 972 Tu
3210 918 3392 986 igitur
3413 917 3644 982 accede,
3667 929 3724 977 et

2066 1002 2348 1074 participa
2379 1003 2531 1059 hanc
2560 1006 2832 1076 gratiam.
2867 1006 3056 1062 Meum
3107 1022 3277 1077 porro
3310 1005 3604 1060 canticum
3651 1021 3722 1059 ne

2065 1091 2307 1161 perinde
2357 1108 2572 1148 novum
2617 1093 2945 1156 existimes,
2971 1110 3037 1149 ac
3067 1111 3166 1148 vas
3197 1093 3433 1164 aliquod
3466 1093 3587 1149 sive
3619 1093 3722 1146 do-

2065 1195 2258 1247 mum;
2294 1198 2425 1236 nam
2472 1188 2601 1237 ante
2640 1184 2957 1253 Luciferum
3004 1192 3130 1238 erat
3152 1183 3193 1252 ',
3229 1188 3278 1237 et
3333 1184 3392 1237 in
3441 1181 3719 1253 principio

2063 1277 2182 1324 erat
2226 1269 2467 1334 Verbam,
2513 1276 2564 1326 et
2618 1272 2849 1326 Verbum
2898 1279 3016 1326 erat
3059 1270 3206 1342 apud
3251 1271 3444 1337 Deum,
3474 1272 3524 1325 et
3567 1275 3716 1325 Deus

2064 1361 2180 1412 erat
2213 1357 2444 1413 Verbum
2466 1359 2648 1416 ‘°.Sed
2681 1377 2862 1426 error,
2891 1359 3113 1430 inquis,
3149 1363 3314 1414 vetus
3343 1363 3465 1427 est;
3497 1358 3710 1413 veritas

2063 1450 2257 1502 autem
2291 1463 2512 1502 recens.
2547 1448 2794 1504 Proinde
2819 1465 2917 1504 seu
2944 1465 3130 1519 caprae
3156 1446 3414 1519 Phrygas
3444 1446 3719 1502 vetustis-

2062 1533 2327 1591 tissimos
2357 1553 2485 1593 esse
2517 1537 2788 1606 doceant;
2823 1553 2924 1593 seu
2953 1538 3226 1603 Arcadas,
3253 1541 3432 1608 poetas
3456 1535 3555 1606 qui
3581 1539 3717 1590 ante

2061 1623 2262 1678 lunam
2283 1640 2388 1679 ens
2419 1625 2597 1681 fuisse
2617 1626 3032 1698 prodiderunt;
3052 1641 3176 1690 seu,
3192 1624 3462 1696 denique,
3480 1625 3528 1679 8
3548 1625 3718 1696 [Egy-

286 1701 432 1778 ἀρχή
468 1701 584 1756 θεία
615 1705 724 1755 τῶν
757 1699 972 1754 πάντων
993 1701 1060 1769 ἦν
1081 1721 1140 1755 τε
1169 1700 1259 1755 καὶ
1288 1695 1453 1756 ἔστιν’
1484 1700 1568 1756 ὅτι
1591 1699 1650 1756 δὲ
1670 1707 1760 1756 νῦν
1778 1699 1949 1777 ὄνομα

2105 1712 2238 1778 tios,
2267 1729 2368 1784 qui
2403 1695 2862 1770 horum'terram
2893 1715 3254 1784 deorumque
3285 1695 3717 1784 hominumque

286 1785 475 1846 ἔλαϐεν
495 1791 561 1844 τὸ
580 1787 752 1845 πάλαι
779 1789 1228 1861 καθωσιωμένον,
1255 1787 1537 1863 δυνάμεως
1560 1789 1735 1864 ἄξιον,
1758 1793 1786 1846 6
1811 1798 1954 1868 Χρι-

287 1880 428 1947 στὸς,
461 1879 654 1934 καινὸν
685 1878 837 1952 ᾆσμά
871 1899 965 1950 μοι
996 1877 1286 1950 κέκληται.
1343 1880 1518 1942 Οὗτος
1548 1885 1676 1956 γοῦν
1725 1883 1754 1936 6
1784 1882 1960 1958 Λόγος

286 1970 315 2024 6
369 1969 625 2043 Χριστὸς,
679 1967 771 2022 καὶ
827 1971 925 2022 τοῦ
984 1968 1114 2022 εἶναι
1167 1965 1338 2024 πάλαι
1395 1970 1544 2043 ἡμᾶς
1607 1971 1692 2044 (ἦν
1739 1972 1846 2047 γὰρ
1902 1971 1955 2026 ἐν

285 2062 399 2129 θεῷ
429 2059 592 2131 [83])·
643 2056 734 2111 καὶ
763 2059 864 2111 τοῦ
897 2054 953 2110 εῦ
1002 2055 1159 2127 εἶναι,
1208 2061 1300 2111 νῦν
1359 2055 1426 2126 δὴ
1455 2057 1708 2137 ιέπεφάνη
1745 2059 1956 2137 civile“):

283 2167 408 2207 ποις
441 2145 610 2206 αὐτος
637 2145 797 2206 οὗτος
827 2145 856 2199 6
890 2143 1085 2219 Λόγος,
1119 2145 1147 2198 6
1189 2144 1359 2218 μόνος
1399 2135 1588 2222 ἄμφω,
1620 2143 1751 2209 Θεός
1781 2169 1838 2202 τε
1866 2135 1955 2202 κειὶ

285 2233 596 2310 ἄνθρωπος,
623 2234 878 2289 ἀπάντων
909 2235 1046 2306 ἡμῖν
1069 2231 1242 2296 αἴτιος
1279 2234 1516 2309 ἀγαθῶν
1553 2237 1679 2311 παρ’
1712 2237 1774 2290 οὗ
1801 2236 1865 2291 τὸ
1898 2235 1955 2290 εῦ

284 2330 378 2399 ζῇν
411 2323 890 2397 ἐκδιδασκόμενοι,
924 2325 999 2386 εἷς
1028 2322 1205 2379 ἀΐδιον
1241 2327 1386 2395 ζωὴν
1455 2327 1952 2403 παραπεμπόμεθα.

284 2416 428 2472 Κατὰ
482 2415 589 2490 γὰρ
639 2415 732 2468 τὸν
793 2411 1070 2477 θεσπᾶσιον
1126 2412 1332 2468 ἐκεῖνον
1391 2418 1488 2470 τοῦ
1537 2417 1736 2492 Κυρίου
1785 2416 1952 2473 Ἀπό-

283 2505 501 2559 στολον·
565 2505 629 2558 Ἠ
689 2501 855 2578 χάρις
897 2503 994 2557 τοῦ
1041 2507 1176 2557 Θεοῦ
1228 2505 1263 2572 ἡ
1315 2505 1590 2577 σωτήριος
1645 2510 1806 2560 πᾶσιν
1855 2507 1949 2561 ἀν-

279 2594 527 2668 θρώποις
578 2591 818 2670 ἕπεφάνη
855 2638 869 2660 ,
927 2589 1259 2647 παιδεύουσα
1325 2595 1518 2666 ἡμᾶς,
1580 2593 1714 2665 Ἵνα,
1782 2595 1956 2663 ἀρνη-

286 2686 509 2755 σάμενοι
581 2681 682 2750 τήν
761 2674 1008 2735 ἀσὲὄειαν
1080 2681 1171 2735 καὶ
1256 2681 1352 2745 τὰς
1423 2684 1694 2756 κοσμικὰς
1767 2683 1951 2739 ἐπιθυ-

291 2770 440 2843 μίας,
500 2769 824 2846 σωφρόνως,
881 2768 971 2823 καὶ
1030 2765 1254 2832 δικαίως
1287 2814 1302 2840 ,
1351 2771 1440 2824 καὶ
1495 2767 1722 2850 εὐσεϐφς
1772 2775 1952 2843 ζήσω-

289 2881 384 2931 μεν
443 2859 494 2913 ἐν
556 2863 636 2931 τῷ
665 2862 756 2913 νῦν
804 2858 984 2927 αἰῶνι,
1032 2855 1475 2934 προσδεχόμενοι
1527 2863 1627 2930 τὴν
1680 2862 1945 2936 μακαρίαν

291 2946 511 3018 ἐλπίδα,
583 2949 674 3003 καὶ
748 2946 1062 3026 ἐπιφάνειαν
1142 2954 1243 3017 τῆς
1313 2946 1475 3020 δόξης
1550 2955 1647 3004 τοῦ
1714 2950 1948 3028 μεγάλον

290 3043 426 3094 Θεοῦ
480 3038 573 3093 καὶ
636 3041 900 3112 Σωτῆρος
955 3039 1116 3109 ἡμῶν
1189 3039 1368 3108 Ἰησοῦ
1426 3042 1661 3114 Χριστοῦ
1695 3083 1708 3096 .
1779 3042 1948 3097 Τοῦτό

288 3128 398 3182 ὶστι
464 3127 530 3181 τὸ
588 3127 734 3200 ᾆσμα
789 3126 853 3180 τὸ
901 3125 1110 3195 καινὸν,
1166 3128 1202 3196 ἡ
1235 3125 1517 3205 ἰπιφάνεια
1545 3131 1580 3198 ἡ
1612 3133 1704 3183 νῦν
1738 3127 1950 3203 ἐκλάμ-

285 3218 571 3290 ψασα(84)
620 3215 672 3270 ἰν
722 3217 862 3288 ἡμῖν
895 3218 992 3270 τοῦ
1039 3214 1092 3270 ἐν
1137 3215 1286 3290 ἀρχῇ
1337 3212 1495 3280 ὄντος
1546 3217 1636 3272 καὶ
1681 3221 1948 3290 προόντος

287 3306 497 3379 Λόγουο
538 3304 777 3382 ἰπεφάνη
824 3301 883 3359 δὲ
911 3301 1144 3380 ἔναγχος
1179 3305 1207 3359 6
1237 3305 1424 3379 προὼν
1461 3309 1681 3383 Σωτήρο
1715 3307 1952 3380 ἰπεφάνη

286 3397 314 3450 6
364 3395 418 3449 ὲν
468 3399 550 3467 τῷ
593 3389 707 3447 ὄντι
742 3392 840 3466 ὣν,
886 3393 1029 3448 δτιὸ
1078 3392 1275 3468 Λόγος,
1309 3395 1368 3448 ὃς
1415 3395 1483 3464 ἦν
1533 3396 1671 3470 πρὸς
1697 3397 1791 3452 τὸν
1825 3399 1954 3452 Θεὸν

291 3482 636 3547 Διδάσκαλος
687 3482 926 3558 ἐπεφάνη
953 3526 966 3550 ,
1026 3483 1072 3553 ᾧ
1119 3483 1187 3536 τὰ
1232 3481 1406 3537 πάντα
1447 3481 1953 3562 δεδημιούργηται’

289 3575 491 3647 Λόγος,
555 3573 583 3626 6
641 3573 732 3626 καὶ
793 3571 857 3626 τὸ
918 3574 1013 3644 ζῇν
1047 3569 1098 3625 ἂν
1129 3570 1279 3646 ἀρχῇ
1324 3573 1460 3644 μετᾶ
1487 3571 1583 3628 τοῦ
1615 3573 1820 3629 πλᾶσαι
1850 3597 1953 3630 πα-

286 3663 534 3737 ρασχὼν,
567 3663 643 3723 ὡς
676 3658 1037 3736 δημιουργὸς,
1069 3661 1132 3714 16
1164 3658 1220 3714 εὖ
1265 3663 1360 3734 ζῇν
1393 3663 1504 3736 (85)
1537 3659 1797 3734 ἐδίδαξεν,
1830 3663 1952 3719 ἐπι-

286 3750 475 3826 φανεὶς
536 3750 610 3810 ὡς
669 3745 1021 3815 διδάσκαλος,
1078 3745 1171 3802 ἵνα
1225 3749 1287 3802 τὸ
1347 3748 1429 3804 ἀεὶ
1491 3754 1588 3819 ζῆν
1620 3751 1843 3827 ὕστερον
1877 3755 1951 3816 ὡς

282 3839 414 3901 θεὸς
473 3839 792 3912 χορηγήσῃ,
841 3837 904 3892 Ὁ
932 3834 1040 3907 ίδὶ,
1099 3835 1163 3890 οὐ
1220 3841 1314 3891 νῦν
1359 3859 1420 3911 γε
1449 3843 1664 3910 πρῶτον
1691 3838 1947 3917 ᾤκτειρεν

285 3927 436 3998 ἡμᾶς
462 3931 565 3993 τῆς
595 3923 834 3993 πλάνης,
865 3922 993 3979 ἀλλ’
1039 3924 1238 3988 ἄνωθεν
1299 3924 1562 4000 ἀρχῆθεν·
1603 3932 1694 3982 νῦν
1726 3926 1804 3998 δὲ,
1835 3928 1945 4000 ἤδη

287 4011 735 4085 ἀπολλυμένους,
779 4011 1056 4089 ἐπιφανεὶς
1105 4011 1458 4086 περισέσωκε·
1507 4017 1570 4069 τὸ
1622 4016 1724 4092 γὰρ
1772 4037 1948 4089 πονη-

286 4103 378 4177 ρὸν
423 4101 515 4155 καὶ
547 4101 870 4176 ἒρπυστικὸν
927 4100 1100 4175 θρίον,
1149 4105 1441 4175 γοητεῦον,
1489 4103 1945 4174 καταδουλοῦται,

283 4190 374 4245 καὶ
407 4189 676 4258 αἰκίζεται
709 4190 870 4244 εἰσέτι
903 4193 993 4243 νῦν
1025 4187 1154 4252 τοὺς
1203 4189 1549 4266 ἀνθρώπουςο
1583 4192 1710 4266 ἐμοὶ
1743 4193 1944 4269 δοκεῖν,

284 4273 640 4354 βαρϐαρικῶς
667 4277 1112 4353 τιμωρούμενον,
1147 4277 1202 4333 οἵ
1240 4284 1454 4355 νεκροῖς
1485 4280 1613 4344 τοὺς
1645 4282 1946 4359 αῗχμαλώ-

279 4386 406 4429 τους
441 4365 649 4422 συνδεῖν
698 4369 811 4440 (86)
866 4366 1111 4442 λέγονται
1161 4367 1434 4440 σώμασιν,
1484 4367 1592 4424 ἔστ’
1645 4369 1707 4425 ἃν
1761 4373 1947 4440 αὐτοῖς

2069 1809 2314 1857 matrem
2363 1818 2491 1858 esse
2540 1803 2842 1859 somniant
2885 1821 2898 1859 :
2948 1810 3140 1858 tamen
3189 1818 3392 1858 eorum
3444 1817 3611 1856 nemo
3655 1817 3717 1856 se

2066 1894 2200 1945 ante
2224 1891 2512 1946 mundum
2541 1891 2942 1963 fuissejactat.
2965 1893 3035 1946 At
3063 1907 3168 1946 nos
3197 1895 3328 1946 ante
3353 1890 3558 1944 mundi
3585 1907 3716 1945 con.

2066 1980 2437 2036 stitutionem
2466 1980 2710 2050 fuimus,
2736 1982 2959 2036 ratione
2991 1980 3200 2035 futurae
3232 1983 3442 2034 nostra:
3466 1979 3718 2051 produc-

2068 2067 2242 2123 tionis
2272 2070 2329 2124 in
2353 2069 2478 2141 ipso
2500 2071 2613 2125 Deo
2633 2069 3068 2141 quodammodo
3101 2073 3227 2124 tum
3260 2068 3718 2140 praeesistentes.

2064 2157 2255 2213 Divini
2289 2158 2468 2230 igitur
2495 2157 2694 2225 Verbi,
2723 2158 2846 2213 sive
2879 2157 3146 2221 rationis,
3174 2173 3280 2212 nos
3314 2161 3594 2212 creaturas
3629 2173 3720 2211 ra-

2064 2245 2307 2301 tionales
2348 2263 2559 2302 sumus
2594 2262 2607 2301 :
2641 2251 2699 2302 et
2728 2264 2830 2318 per
2873 2262 3009 2301 eum
3042 2245 3215 2317 primi
3264 2260 3392 2300 esse
3440 2243 3718 2310 dicimur,

2061 2337 2338 2406 quoniam
2391 2336 2451 2391 in
2493 2336 2774 2409 principio
2817 2339 2936 2392 erat
2970 2335 3403 2400 Verbum.Quod
3457 2334 3718 2405 quidem,

2061 2430 2353 2496 quatenus
2375 2424 2515 2482 olim
2535 2426 2845 2496 antejacla
2865 2424 3066 2478 mundi
3089 2423 3720 2478 fundamentaexsiste-

2061 2514 2178 2580 bat,
2198 2515 2458 2569 divinum
2487 2530 2681 2568 rerum
2701 2514 2966 2569 omnium
2991 2511 3344 2582 principium
3366 2511 3716 2580 fuit,etiam-

2060 2619 2172 2675 que
2189 2619 2342 2659 nunc
2360 2607 2475 2667 est;
2503 2606 2797 2672 quatenus
2813 2616 2945 2655 vero
2971 2598 3306 2654 novissimis
3347 2599 3712 2669 temporibus

2060 2691 2388 2747 venerando
2413 2689 2510 2744 illo
2542 2694 2599 2744 et
2620 2688 2759 2745 olim
2790 2692 2996 2744 sancto
3014 2686 3230 2743 Christi
3256 2686 3491 2741 nomine
3514 2686 3716 2758 appel-

2058 2779 2167 2835 lari
2215 2777 2420 2844 voluit,
2464 2793 2675 2833 novum
2727 2794 2760 2832 a
2814 2793 2906 2832 me
2953 2775 3262 2832 Canticum
3308 2781 3566 2831 vocatur.
3599 2779 3719 2830 Hoc

2063 2870 2126 2934 ᾧ
2157 2869 2332 2939 igitur
2360 2866 2614 2922 Verbum
2649 2865 2938 2937 Christus,
2964 2883 3078 2921 non
3106 2865 3293 2921 solum
3315 2871 3380 2920 ut
3400 2865 3540 2920 olim
3564 2881 3717 2920 esse-

2058 2974 2190 3012 mus
2217 2973 2396 3012 causa
2421 2956 2529 3010 fuit
2547 2956 2708 3025 (nam
2733 2954 2831 3010 ille
2854 2960 2978 3010 tum
3002 2959 3128 3010 erat
3161 2955 3218 3009 in
3245 2954 3406 3024 Deo),
3429 2954 3526 3009 sed
3562 2953 3716 3009 idem

2063 3047 2240 3102 etiam
2275 3047 2420 3101 bene
2451 3062 2579 3100 esse
2609 3045 2780 3100 nobis
2808 3046 2991 3114 dedit,
3012 3049 3069 3100 et
3090 3046 3217 3116 jam
3249 3060 3438 3116 unper
3464 3042 3718 3098 homini-

2063 3137 2173 3190 bus
2197 3135 2492 3207 apparuit,
2511 3134 2610 3206 qui
2645 3133 3099 3205 solusjuterque,
3127 3136 3276 3188 Deus
3303 3139 3359 3188 et
3384 3133 3583 3201 homo,
3609 3137 3719 3202 est,

2067 3228 2133 3279 ut
2162 3223 2558 3278 omnimodam
2595 3221 2762 3277 nobis
2811 3221 3147 3276 felicitatem
3183 3223 3366 3276 daret.
3393 3221 3617 3277 Etenim
3649 3222 3721 3274 ab

2065 3329 2133 3368 eo
2164 3317 2316 3366 recte
2339 3311 2530 3366 vivere
2559 3310 2769 3379 edocti,
2792 3310 2862 3364 ad
2883 3315 3162 3365 aeternam
3196 3309 3372 3364 vitam
3417 3309 3719 3364 transmit-

2067 3402 2270 3456 timur.
2297 3405 2438 3456 Nam
2472 3405 2536 3454 ut
2575 3399 2658 3454 ait
2689 3398 2786 3454 ille
2818 3398 3054 3454 divinus
3083 3398 3318 3454 Domini
3348 3397 3668 3469 Apostolus
3703 3412 3717 3451 :

2065 3491 2338 3560 Apparuit
2381 3492 2570 3556 gratia
2621 3489 2723 3542 Dei
2763 3489 3032 3542 salutaris
3082 3485 3336 3542 omnibus
3383 3485 3720 3550 hominibus,

2064 3578 2320 3635 erudiens
2347 3593 2461 3643 nos,
2496 3580 2557 3630 ut
2585 3577 2918 3645 abnegantes
2950 3577 3320 3646 impietatem,
3352 3577 3401 3629 et
3429 3574 3722 3629 saecularia

2063 3665 2356 3730 desideria,
2387 3665 2582 3730 sobrie,
2615 3669 2665 3718 et
2696 3664 2857 3730 iuste,
2880 3668 2929 3718 et
2973 3663 3062 3731 pie
3104 3664 3359 3717 vivamus
3392 3664 3449 3716 in
3482 3662 3579 3717 hoc
3605 3677 3716 3718 sae-

2062 3757 2207 3820 culo,
2240 3757 2590 3823 expectantes
2622 3753 2834 3806 beatam
2885 3767 3032 3822 spem
3080 3757 3135 3805 et
3188 3751 3482 3805 adventum
3511 3752 3717 3824 gloria

2059 3845 2251 3914 magni
2286 3840 2389 3896 Dei
2433 3848 2482 3896 et
2530 3838 2845 3895 Saluatoris
2883 3839 3081 3909 nostri,
3113 3841 3241 3895 Iesu
3274 3839 3480 3894 Christi
3503 3841 3568 3892 “.
3603 3839 3719 3894 No-

2061 3949 2194 3987 vum
2223 3946 2361 4002 ergo
2393 3929 2688 3984 canticum
2722 3934 2810 3983 est
2847 3931 3040 3996 Verbi,
3074 3929 3228 4000 quod
3263 3931 3322 3983 in
3352 3928 3631 3999 principio
3661 3933 3719 3982 et

2059 4027 2193 4077 ante
2221 4018 2575 4091 principium
2602 4017 2729 4082 fuit,
2755 4023 3013 4084 exortus,
3037 4017 3137 4088 qui
3163 4019 3332 4072 modo
3357 4017 3526 4072 nobis
3552 4016 3722 4071 efful-

2059 4113 2159 4180 sil;
2196 4111 2366 4166 modo
2413 4110 2569 4164 enim
2615 4111 2908 4181 apparuit,
2934 4109 3030 4180 qui
3063 4109 3201 4162 olim
3235 4113 3380 4176 erat,
3405 4109 3708 4175 Servator;

2057 4199 2350 4272 apparuit,
2376 4199 2474 4268 qui
2500 4214 2603 4252 ens
2624 4204 2716 4253 est
2747 4199 2804 4252 in
2837 4205 2998 4264 ente;
3033 4195 3290 4250 Verbum
3322 4196 3716 4266 nempe,quod

2061 4290 2211 4361 apud
2253 4292 2427 4342 Deum
2463 4291 2605 4353 erat,
2644 4290 2700 4341 et
2730 4303 2763 4340 a
2795 4303 2908 4358 quo
2955 4285 3108 4340 facta
3138 4288 3278 4338 sunt
3309 4283 3527 4351 omnia,
3561 4285 3718 4340 Prae-

2059 4379 2287 4449 ceptoris
2337 4375 2541 4430 habitu
2593 4374 2867 4446 apparuit
2900 4389 2912 4428 :
2948 4378 3005 4428 et
3035 4372 3138 4444 qui
3187 4378 3471 4443 tanquam
3522 4372 3718 4444 opifex

348 4500 414 4564 ᾗ(
442 4495 506 4552 Ρ.
538 4495 595 4547 7.
629 4495 740 4550 ED.
780 4494 1079 4561 POTTER,
1110 4495 1146 4550 6
1177 4495 1289 4551 ED.
1327 4494 1552 4552 PARIS.
1629 4499 1650 4533 ⁹
1681 4500 1835 4558 Psal.
1870 4521 1949 4560 cu

2148 4501 2388 4576 “lJoan.
2425 4518 2463 4566 ι,
2500 4501 2548 4555 1.
2629 4502 2670 4536 ¹¹
2705 4500 2816 4555 Tit.
2849 4517 2912 4566 II,
2947 4499 3139 4554 11-13.

355 4638 464 4722 (εο)
518 4635 633 4726 Ηρὸ
674 4634 843 4726 ἐωσφ.
893 4637 1147 4726 Respicit
1172 4636 1412 4726 fpsalm.
1446 4655 1560 4709 cxx,
1601 4641 1634 4694 3
1668 4659 1682 4697 :
1730 4642 1823 4697 Ἐκ
1850 4665 1954 4719 γα-

289 4707 452 4781 στρὸς
478 4707 591 4782 πρὸ,
617 4707 903 4782 ἱωσφόρρυ
928 4707 1189 4782 ἑγέννησά
1208 4707 1307 4782 σε.

358 4776 474 4850 (81)
499 4776 1060 4854 Tob:'Apx'i81c.'De
1082 4777 1445 4854 προσελήνοις
1471 4783 1799 4838 Arcadibus
1820 4787 1952 4841 vide

289 4851 586 4906 Plutarchi
623 4851 967 4907 Problemata
999 4851 1276 4906 Romana.
1313 4851 1375 4906 H.
1413 4858 1692 4909 SYLBUI‘G.
1720 4857 1951 4912 Confer.

292 4924 464 4978 etiam
502 4923 903 4998 Lycophronis
931 4924 1298 4998 Cassandram
1328 4939 1378 4977 v.
1406 4925 1527 4991 482,
1555 4926 1758 4998 ibique
1786 4927 1951 4983 Tzet-

289 5011 384 5057 se,
416 5001 476 5049 et
509 4995 751 5049 Meursii
781 4995 1232 5050 CMmentarios.

361 5066 470 5142 (8?)
503 5065 929 5142 ἈναιιρῦνπιιηρλΣ
961 5064 1249 5142 ἀναφῆναι.
1281 5069 1446 5142 δῖε-Β.
1484 5066 1948 5142 Utriusquelec-

293 5136 471 5211 tionis
519 5136 788 5211 esempla
838 5136 992 5211 infra
1039 5136 1292 5206 Ρικάαθη
1339 5137 1440 5192 lib.
1492 5155 1576 5211 ui,
1629 5136 1757 5211 cap.
1795 5141 1845 5206 1,
1891 5144 1950 5196 et

292 5207 489 5263 Strom.
522 5208 626 5282 lib.
662 5207 709 5273 ι,
738 5209 1032 5282 Ἀναφῦναι
1074 5217 1272 5282 tamen
1316 5209 1655 5265 neutraliter
1685 5207 1946 5282 plerum-

296 5295 407 5357 que
417 5280 620 5357 ⁸ιιίειιὶρὶ
633 5265 746 5344 ιιιίι,
772 5265 1128 5357 ιιι-ἀναφῦσαι
1162 5280 1367 5357 active.

358 5352 466 5421 (83)
523 5351 706 5426 Οὗτος
760 5355 893 5426 γοῦν
953 5350 1206 5426 δ’ῌΛόγος
1257 5351 1286 5404 6
1311 5419 1324 5426 _
1357 5350 1588 5424 Χριστὸς
1620 5392 1667 5426 ,Α
1692 5351 1782 5405 καὶ
1851 5356 1949 5426 τοῦ

297 5419 418 5496 εἶναι
493 5421 668 5477 πάλαι
745 5419 942 5496 ἡμᾶς’
1003 5422 1072 5496 ἦν
1125 5419 1358 5496 ’γάρλέν
1407 5419 1529 5496 ’Θεῷ
1582 5421 1672 5496 καὶ
1729 5426 1826 5496 τοῦ
1886 5423 1946 5496 εὖ

299 5445 418 5475 ιιναι
493 5445 668 5477 παΛαι
745 5445 780 5492 η
835 5445 898 5484 ας
931 5445 942 5452 ’
1003 5445 1072 5490 ην
1145 5445 1249 5496 γαρ
1307 5445 1358 5473 εν
1413 5445 1529 5492 ῠεῳ
1582 5445 1672 5476 και
1729 5445 1826 5477 του
1886 5445 1942 5478 ευ

299 5491 438 5568 εἶναι.
471 5497 674 5568 Scribe
721 5445 970 5568 καῗῌτοῦ
1020 5493 1154 5568 εἶναι
1187 5488 1378 5568 πάλαι-
1409 5495 1559 5564 ἡμᾶς
1618 5494 1707 5566 (ἦν
1754 5494 1858 5568 γὰρ
1890 5493 1942 5548 ἐν

299 5566 446 5637 Θεῷ)’
477 5566 570 5620 καί
603 5569 702 5620 τοῦ
731 5566 789 5620 εὗ
815 5564 951 5619 εἶναι
991 5561 1185 5628 αἴτιος.
1219 5566 1380 5632 Quod
1418 5561 1792 5636 repraas'enta't
1820 5561 1951 5638 ipsa

2064 4659 2298 4718 quoque
2297 4641 2775 4718 _inter;pretati9._
2793 4642 2988 4718 HEI‘NS.

2136 4709 2247 4785 (86)
2278 4709 3039 4786 'Eatcpga'jittz..;éx)\aip¢ucu.
3091 4711 3329 4786 Locutio
3379 4711 3718 4784 Sophoclem

2063 4784 2150 4842 illi
2180 4784 2390 4855 similis
2420 4784 2606 4855 (Edip.
2648 4785 2793 4854 Tyr.,
2830 4801 2882 4854 p.
2920 4786 3040 4848 172,
3073 4784 3213 4839 edit.
3249 4784 3449 4855 Steph.

2134 4854 2389 4930 Ἔλαμψε
2415 4853 2516 4928 γὰρ
2537 4853 2643 4930 ,τοῦ
2674 4853 2950 4930 νιφόεντος

2132 4927 2376 5019 ’ἑὶρτίως¹
2388 4927 2610 5002 φανεῖσα

2135 4999 2303 5070 Φάμα
2336 4999 2674 5070 Παρνασσοῦ.

2135 5064 2369 5152 -Ἑν
2404 5064 2620 5152 ἀρχῇ...
2652 5067 2714 5120 τὸ
2757 5064 2813 5149 εὖ
2861 5069 2979 5152 ζῇ..νί
3015 5067 3141 5150 Haec
3193 5065 3411 5152 omittit
3459 5065 3603 5152 Nov:
3638 5066 3715 5121 Ea

2064 5136 2287 5197 scilicet
2335 5136 2603 5212 scriptor,
2639 5157 2677 5212 a7
2705 5140 2877 5212 priori
2903 5136 3008 5210 ζῇ)
3042 5137 3426 5212 inposterius
3474 5136 3710 5212 oculum

2063 5213 2406 5283 conjiciens,
2434 5208 2728 5283 praeteriit.
2753 5208 3160 5283 Caeterumbis
3194 5208 3410 5262 similia
3443 5209 3712 5278 quaedam

2061 5279 2378 5339 occurrunt
2407 5279 2518 5338 sub
2551 5284 2722 5336 linem
2759 5281 2973 5350 Pwdag.
3013 5279 3110 5333 lib.
3146 5297 3180 5334 ι.

2132 5355 2250 5426 (86)
2285 5351 2352 5411 ΟΊ
2375 5357 2585 5426 νεκροῖς
2621 5350 2750 5411 τοὺς
2789 5345 3182 5426 αἰχμαλώτους
3216 5345 3444 5403 συνδεῖν.
3481 5350 3710 5405 Mezen-

2061 5426 2181 5483 tius
2213 5428 2363 5484 idem
2399 5426 2536 5482 facit
2564 5429 2693 5480 En.
2725 5441 2847 5479 vm.

2202 5571 2413 5625 Mortua
2441 5571 2576 5640 quin
2607 5570 2775 5624 etiam
2800 5569 3065 5640 jungebat
3093 5581 3322 5636 corpora
3353 5564 3510 5619 vivis.
