3974 6140
289 260 370 315 63
1530 255 1939 311 CLEMENTIS
1977 257 2478 311 ALEXANDRINI
3637 253 3709 308 64

301 381 509 438 mundi
538 381 711 436 vitam
746 378 915 435 nobis
945 377 1003 432 in
1046 377 1232 449 prima
1262 378 1552 433 eteatione
1583 377 1760 440 dedit,
1795 395 1940 450 prte-

2081 375 2141 430 Lai
2203 379 2565 430 συσσαπῶσιν.
2623 377 2680 429 Ὀ
2737 378 2868 450 γοῦι
2930 376 3174 446 πονηρὸς
3230 374 3417 430 οὑτοσὶ
3441 374 3714 450 τύραννος

301 470 554 542 ceptoris
587 467 790 523 habitu
826 472 1062 539 sumpto
1094 467 1240 521 bene
1272 465 1498 520 vivendi
1532 465 1810 522 rationem
1845 483 1952 522 nos

301 559 522 628 docuit,
543 567 601 612 ul
628 561 826 630 postea
854 560 1138 628 tanquam
1163 556 1316 610 Deus
1339 560 1608 610 aeternam
1635 556 1810 611 vitam
1846 557 1952 610 lar-

303 648 518 720 giatur.
539 649 591 702 Is
613 663 747 702 vero
781 663 896 701 non
928 651 1016 700 est
1048 662 1205 700 nunc
1238 645 1487 716 primum
1522 645 1736 700 erroris
1771 646 1951 699 nostri

301 738 604 805 misertus,
629 736 727 791 sed
777 735 914 791 olim
949 751 981 789 a
1013 733 1302 807 principio
1355 734 1587 801 mundi;
1625 749 1781 788 nunc
1822 749 1953 788 vero

298 830 535 882 tandem
571 840 881 897 apparens,
906 823 1194 894 perituros
1226 838 1290 875 ex
1326 821 1591 877 faucibus
1615 822 1771 876 exitii
1805 821 1954 876 libe-

295 914 470 970 ravit.
497 913 641 968 Nam
677 913 734 967 in
769 912 925 966 hunc
969 926 1154 982 usque
1186 911 1337 965 diem
1377 910 1676 983 malignus
1708 909 1806 964 ille
1832 927 1952 964 ser-

299 1020 445 1075 pens
484 1004 807 1057 humanum
841 1017 1028 1072 genus
1068 999 1529 1070 praestigiiszsuis
1561 999 1620 1054 in
1653 1005 1953 1054 contume-

300 1095 510 1149 liosam
546 1097 604 1146 et
637 1090 912 1145 miseram
967 1088 1309 1144 servitutem
1359 1089 1628 1156 abducit;
1679 1089 1957 1158 sevitque

303 1182 362 1237 in
397 1197 518 1246 eos,
545 1184 607 1234 ut
639 1180 716 1234 ita
750 1178 964 1247 dicam,
993 1178 1374 1233 barbarorum
1409 1179 1546 1244 ritu,
1570 1178 1668 1248 qui
1702 1177 1958 1248 captivos

304 1286 444 1325 suos
465 1272 832 1323 mortuorum
855 1266 1447 1335 cadaveribus,donec
1468 1283 1581 1321 una
1600 1271 1958 1343 putrescant,

307 1358 549 1429 alligare
585 1358 872 1411 feruntur.
905 1355 1055 1410 Dum
1089 1355 1244 1409 enim
1278 1371 1662 1427 quoscunque
1691 1373 1723 1410 a
1754 1355 1844 1410 sui
1875 1373 1964 1410 or-

296 1452 393 1502 tus
420 1446 708 1518 principio
729 1446 800 1500 ad
829 1444 1096 1516 proprias
1117 1445 1348 1500 trahere
1366 1450 1557 1516 partes
1578 1445 1745 1512 valet,
1763 1446 1962 1500 crude-

298 1535 374 1591 lis
405 1533 502 1589 ille
534 1539 821 1607 tyrannus
851 1539 909 1588 et
939 1550 1182 1605 serpens
1233 1535 1302 1588 ad
1358 1533 1610 1606 lapides,
1633 1534 1812 1605 ligna,
1845 1539 1962 1588 sta-

304 1629 462 1691 tuas,
480 1623 830 1694 reliquaque
860 1623 1014 1677 idola
1038 1623 1253 1678 misero
1276 1623 1710 1693 superstitionis
1733 1622 1963 1677 vinculo

2060 466 2149 520 καὶ
2211 463 2448 540 δράκων,
2503 464 2596 530 οὓς
2649 465 2707 519 ἂν
2768 465 2883 527 οἷός
2944 485 3000 520 τε
3050 464 3133 535 εἴη
3167 465 3226 519 ἐκ
3273 471 3493 539 γενετῆς
3529 485 3712 542 σφετε-

2063 555 2335 628 ρίσασθαι,
2369 553 2570 622 λίθοις,
2602 555 2688 608 καὶ
2727 552 2928 625 ξύλοις,
2964 553 3052 608 καὶ
3083 551 3386 628 ἀγάλμασι,
3413 553 3502 607 καὶ
3533 553 3716 607 τοιού-

2061 667 2179 708 τοις
2230 644 2391 713 τισὶν,
2453 642 2707 708 εἰδώλοις
2761 645 3100 722 προσφίγξας
3156 647 3232 715 τῷ
3289 640 3716 715 δεισιδαιμονίας

2063 734 2239 807 ἀθλίῳ
2272 731 2474 807 δεσμῷ,
2505 739 2666 789 τοῦτο
2709 731 2775 802 δὴ
2824 734 2886 788 τὸ
2937 733 3254 809 λεγόμενον,
3289 737 3490 802 ζῶντας
3540 731 3722 810 ἐπιφέ-

2066 846 2176 901 ρων
2219 825 2507 898 συνέθαψεν
2565 825 2751 885 αὐτοῖς
2802 826 2934 896 (87),
2989 821 3095 877 ἔστ’
3142 821 3200 875 ἃν
3251 822 3342 876 καὶ
3390 826 3720 898 συμφθαρῶ-

2068 935 2171 968 σιν.
2207 914 2269 968 οὗ
2303 910 2367 982 δὴ
2401 912 2564 988 χάριν
2597 915 2711 985 (88)
2741 913 2838 982 (εἷς
2889 913 2990 988 γάρ
3023 913 3051 966 6
3083 910 3352 979 ἀπατεὼν)
3385 910 3587 964 ἀνωθεν
3626 911 3722 982 μὲν

2068 1004 2168 1071 τήν
2205 999 2369 1072 Εὕαν,
2401 1007 2494 1056 νῦν
2526 999 2584 1056 δὲ
2612 999 2722 1072 ἤδη
2755 1001 2844 1056 καὶ
2895 1000 3024 1063 τοὺς
3061 998 3266 1062 ἄλλους
3297 1001 3621 1072 ἀνθρώπους
3648 998 3726 1062 εἷς

2071 1093 2300 1147 θάνατον
2355 1093 2664 1169 ὑποφέρων·
2715 1092 2790 1152 εἷς
2836 1091 2923 1145 καὶ
2955 1089 3116 1151 αὐτὸς
3147 1089 3439 1164 ἐπίκουρος
3462 1089 3552 1145 καὶ
3589 1089 3725 1162 βοη-

2069 1184 2160 1248 θὸς
2212 1184 2348 1254 ἡμῖν
2385 1181 2413 1236 ὁ
2465 1181 2692 1256 Κύριος,
2742 1178 3114 1254 προσμηνύων
3168 1181 3282 1252 (89)
3315 1179 3555 1253 ἀρχῆθεν
3585 1198 3727 1252 προ-

2071 1275 2340 1350 φητικῶς,
2396 1275 2486 1324 νῦν
2521 1268 2578 1326 δὲ
2605 1268 2715 1340 ἤδη
2761 1269 2848 1324 καὶ
2904 1269 3136 1344 ἐναργῶς
3183 1267 3258 1330 εἷς
3306 1267 3578 1342 σωτηρίαν
3627 1289 3729 1322 πα-

2073 1361 2349 1438 ρακαλῶν.
2413 1361 2684 1436 Φύγωμεν
2717 1358 2828 1428 οὖν,
2871 1357 3213 1432 ἀποστολικῇ
3263 1358 3574 1432 πειθόμενοι
3625 1378 3732 1411 πα-

2074 1450 2357 1527 ραγγελίᾳ.
2391 1452 2497 1508 Τὸν
2551 1449 2790 1526 ἄρχοντα
2832 1453 2933 1515 τῆς
2985 1447 3226 1519 ἐξουσίας
3270 1452 3367 1502 τοῦ
3399 1449 3577 1522 ἀέρος,
3634 1451 3732 1502 τοῦ

2075 1543 2381 1614 πνεύματος
2436 1545 2533 1595 τοῦ
2591 1545 2682 1593 νῦν
2757 1539 3102 1614 ἐνεργοῦντος
3157 1537 3208 1591 ἐν
3263 1542 3380 1598 τοῖς
3439 1537 3580 1600 υἱοῖς
3632 1543 3733 1605 τῆς

2073 1630 2363 1692 ἀπειθείας·
2419 1629 2508 1684 καὶ
2540 1634 2619 1702 τῷ
2654 1632 2871 1703 Σωτῆρι
2903 1632 2981 1699 τῷ
3026 1626 3217 1703 Κυρίῳ
3263 1623 3734 1701 προσδράμωμεν,

303 1713 678 1783 constringit,
729 1728 843 1767 non
903 1712 1276 1767 incommode
1323 1711 1558 1782 dicitur,
1598 1712 1756 1766 vivos
1807 1727 1953 1766 com-

2081 1720 2137 1780 ὂς
2179 1720 2267 1774 καὶ
2304 1723 2392 1772 νῦν
2425 1717 2514 1772 καὶ
2544 1717 2624 1772 ἀεὶ
2658 1714 2990 1791 προῦτρεπεν
3024 1715 3099 1778 εἷς
3127 1714 3424 1790 σωτηρίαν,
3458 1713 3548 1769 διὰ
3573 1715 3733 1789 τερά-

302 1801 469 1857 muni
495 1800 722 1855 tumulo
746 1801 983 1866 inferre,
1000 1802 1186 1855 donec
1210 1817 1326 1855 una
1349 1816 1482 1856 cum
1512 1800 1629 1855 illis
1651 1801 1960 1858 intereant.

301 1890 692 1955 Quamobrem
729 1890 914 1945 Evam
949 1889 1088 1944 olim
1112 1892 1291 1960 (unus
1323 1890 1534 1945 etenim
1568 1889 1842 1960 idemque
1872 1907 1967 1945 se-

301 1981 513 2034 ductor
543 1980 650 2050 est)
678 1985 735 2034 et
761 1979 905 2034 alios
932 1996 1088 2034 nunc
1115 1978 1386 2035 homines
1419 1980 1477 2033 in
1504 1983 1747 2034 mortem
1784 1978 1962 2036 ducit.

308 2069 470 2125 Unus
505 2068 706 2123 itidem
741 2069 912 2123 nobis
944 2069 1180 2139 adjutor
1207 2072 1264 2123 et
1293 2068 1504 2122 vindex
1534 2073 1624 2122 est
1653 2067 1962 2122 Dominus:

297 2158 397 2230 qui
446 2157 696 2213 salutem
729 2175 763 2212 a
795 2157 1085 2228 principio
1138 2157 1474 2229 prophetice
1531 2156 1964 2228 praenuntiavit,

303 2252 361 2302 et
391 2263 547 2301 nunc
590 2247 660 2301 ad
717 2262 846 2301 eam
879 2247 1351 2318 consequendam
1405 2251 1604 2318 aperte
1657 2262 1722 2301 ac
1771 2244 1963 2316 palam

303 2337 534 2391 invitat.
561 2335 880 2406 Fugiemus
931 2335 1131 2407 igitur,
1166 2335 1428 2404 Apostoli
1472 2339 1759 2408 praecepto
1792 2335 1964 2389 obse-

305 2430 573 2497 quentes,
623 2427 942 2496 principem
984 2427 1270 2497 potestati:
1319 2425 1469 2480 aeris
1518 2427 1701 2495 huius,
1736 2427 1967 2497 spiritus

304 2517 402 2587 qui
429 2531 577 2569 nunc
607 2519 870 2586 aperutur
912 2517 972 2570 in
999 2516 1144 2585 ﬁlios
1179 2515 1524 2586 difﬁdentiae
1548 2517 1623 2584 ¹²;
1659 2522 1716 2571 et
1744 2516 1813 2570 ad
1848 2515 1963 2570 Do-

305 2604 533 2659 minum
567 2604 932 2660 Servatorem
965 2604 1402 2677 confugiamus,
1429 2605 1529 2676 qui
1565 2621 1668 2676 per
1700 2605 1966 2677 prodigia

305 2697 362 2747 et
392 2694 564 2763 signa
593 2709 726 2747 cum
768 2692 825 2746 in
857 2694 1122 2764 Egypto,
1156 2698 1282 2749 tum
1313 2695 1490 2750 etiam
1531 2695 1588 2749 in
1621 2695 1875 2764 deserto,
1907 2699 1965 2748 et

311 2797 412 2852 per
435 2781 671 2848 rubum;
689 2785 746 2835 et
769 2783 1006 2849 nubem,
1026 2782 1090 2844 ’κ
1111 2798 1237 2852 quae
1261 2783 1458 2838 divina
1481 2783 1669 2854 gratia
1691 2784 1964 2838 Hebraeos

303 2871 467 2924 velut
514 2868 708 2924 ancila
755 2869 1541 2940 quaedam,sequebatur,7ad
1576 2871 1825 2926 salutem
1871 2871 1961 2926 in-

309 2959 472 3016 vitat.
495 2961 781 3015 Cteterum
838 2961 1209 3014 contumaces
1237 2959 1469 3030 quidem
1503 2963 1557 3014 et
1589 2960 1718 3014 duri
1771 2960 1963 3016 cordis

303 3049 575 3105 homines
599 3055 758 3104 metu
782 3047 1062 3120 impellit;
1092 3050 1234 3105 alios
1258 3050 1526 3122 vero,qui
1550 3051 1792 3107 auribus
1814 3067 1958 3123 pras-

2074 1830 2182 1863 των
2235 1807 2325 1862 καὶ
2354 1806 2599 1880 σημείων
2634 1807 2685 1862 ἐν
2720 1806 2988 1880 Λῖ’γύπτῳ
3033 1806 3121 1860 καὶ
3173 1803 3224 1859 ἐν
3277 1803 3495 1879 ἐρήμῳ·
3554 1801 3644 1858 διά
3673 1825 3733 1859 τε

2073 1904 2173 1966 τῆς
2226 1897 2416 1970 βάτου,
2467 1896 2560 1950 καὶ
2605 1903 2705 1964 τῆς
2737 1893 3148 1964 ἀκολουθούσης
3199 1895 3386 1970 χάριτι
3417 1893 3730 1970 φιλανθρω-

2074 1987 2227 2052 πίας,
2288 1984 2616 2060 θεραπαίνης
2680 1982 2838 2054 δίκην
2893 1978 3167 2058 Ἑϐραίοις
3223 1981 3478 2060 νεφέλης.
3535 1981 3732 2053 Τούτῳ

2081 2076 2173 2148 μὶν
2231 2073 2297 2143 δὴ
2351 2078 2432 2145 τῷ
2480 2069 2636 2151 φόϐῳ
2683 2072 2808 2134 τοὺς
2857 2069 3328 2146 σκληροκαρδίους
3374 2068 3728 2145 προῦτρεπεν·

2074 2163 2183 2233 ἤδη
2219 2161 2276 2218 δὶ
2305 2163 2390 2218 καὶ
2429 2160 2518 2218 διὰ
2548 2163 2825 2224 Μωϋοέως
2854 2167 2952 2216 τοῦ
2982 2163 3285 2239 πανσόφου,
3326 2159 3417 2215 καὶ
3442 2164 3538 2214 τοῦ
3571 2159 3734 2238 φιλα-

2077 2253 2282 2324 λήθους
2323 2251 2571 2309 ἹΙσαίουι
2622 2251 2710 2305 καὶ
2760 2252 2958 2312 παντὸς
3010 2254 3108 2304 τοῦ
3154 2246 3498 2326 προφητικοῦ
3534 2252 3734 2323 χοροῦ,

2076 2341 2443 2417 λογικώτερον
2479 2340 2563 2396 ἐπὶ
2612 2340 2702 2396 τὸν
2755 2340 2932 2414 Λόγον
2983 2339 3290 2416 ἐπιστρέφει
3319 2337 3445 2400 τοὺς
3503 2338 3570 2392 τὰ
3619 2337 3736 2392 ὦτα

2075 2431 2460 2504 κεκτημένους·
2507 2430 2595 2484 καὶ
2643 2427 2752 2483 ἔσθ’
2797 2430 2904 2497 ὅπη
2957 2429 3049 2500 μὲν
3102 2424 3462 2497 λοιδορεῖται·
3509 2423 3649 2481 ἔστιν
3686 2423 3736 2480 δ’

2076 2521 2138 2576 οὗ
2171 2520 2258 2576 καὶ
2309 2519 2543 2576 ἀπειλεῖ·
2589 2521 2716 2581 τοὺς
2762 2515 2819 2572 δὲ
2861 2517 2950 2572 καὶ
3002 2521 3190 2591 θρηνεῖ
3241 2521 3347 2570 τῶν
3395 2515 3728 2589 ἀνθρώπων·

2074 2607 2189 2680 ᾅδει
2223 2607 2279 2664 δὲ
2312 2606 2528 2676 ἄλλοις,
2559 2608 2798 2682 καθάπερ
2830 2605 3012 2681 ἰατρὸς
3063 2607 3285 2681 ἀγαθὸς,
3343 2609 3451 2660 τῶν
3490 2604 3728 2658 νοσούν-

2072 2721 2178 2754 των
2216 2697 2482 2770 σωμάτων
2510 2697 2577 2751 τὰ
2610 2697 2704 2769 μὶν
2754 2695 3170 2765 καταπλάττων,
3221 2695 3288 2749 τὰ
3336 2692 3394 2749 δέ
3434 2691 3732 2749 καταλεαί-

2072 2809 2202 2857 νων,
2235 2787 2302 2842 τά
2331 2786 2387 2842 δὲ
2414 2785 2752 2841 καταντλῶν·
2782 2786 2850 2840 τὰ
2875 2783 2933 2840 δὲ
2962 2789 3050 2839 καί
3085 2781 3298 2857 σιδήρῳ
3329 2781 3573 2858 διαιρῶν,
3608 2783 3728 2838 έπι-

2072 2873 2332 2949 καίωνξηδὶ
2361 2873 2526 2947 ἄλλα,
2575 2873 2685 2929 ἔστι
2719 2872 2767 2928 δ’
2796 2874 2857 2928 οὗ
2907 2875 2996 2928 καὶ
3043 2872 3352 2948 ἀποπρίων,
3381 2871 3434 2927 εἴ
3456 2893 3577 2934 πως
3607 2872 3726 2927 οἷόν

2071 2987 2129 3020 τε
2183 2963 2278 3020 κᾶν
2307 2963 2452 3040 παρά
2502 2965 2663 3036 μέρος
2706 2961 2742 3032 ἢ
2796 2961 3098 3037 μέλοςῖτὸν
3147 2960 3424 3036 ἅνθρωπεν
3489 2962 3724 3036 ὑγιᾶναι.

2074 3053 2407 3130 Πολύφωνός
2438 3073 2502 3126 γε
2528 3054 2556 3106 ὁ
2589 3055 2786 3125 Σωτὴρ
2816 3053 2903 3106 καὶ
2933 3050 3283 3127 πολύτροπος
3316 3051 3390 3113 εἷς
3424 3052 3730 3125 ἀνθρώπων

299 3139 406 3193 diti
437 3143 602 3207 sunt,
626 3155 728 3209 per
758 3114 989 3211 Moysen
1022 3114 1188 3194 illum
1220 3114 1520 3210 sapient-ias
1548 3139 1739 3196 omnis
1771 3114 1953 3210 Inagi-

2081 3141 2372 3218 σωτηρίαν·
2449 3139 2687 3196 ἀπειλῶν
2765 3145 3025 3204 νουθετεῖ·
3100 3136 3532 3214 λοιδορούμενος
3605 3138 3727 3195 ἐπι-

301 3232 514 3293 strum,
548 3242 651 3298 per
681 3225 892 3282 Isaiam
926 3227 1188 3282 veritatis
1218 3228 1526 3293 cultorem,
1548 3235 1606 3284 et
1639 3245 1739 3299 per
1775 3233 1959 3282 totum

305 3315 710 3388 propheticum
760 3315 1005 3370 chorum
1038 3317 1224 3388 magis
1259 3317 1530 3372 rationali
1582 3316 1856 3373 methodo
1888 3317 1959 3371 ad

302 3405 588 3460 rationem
623 3422 726 3460 seu
761 3404 1021 3460 Verbum
1055 3406 1359 3462 convertit.
1405 3405 1733 3478 Aliquando
1767 3405 1962 3461 convi-

303 3493 403 3549 tiis
437 3494 656 3561 utitur;
689 3499 780 3549 est
809 3494 909 3548 ubi
941 3500 997 3549 et
1027 3494 1238 3563 minis;
1273 3495 1380 3551 hos
1413 3497 1565 3552 idem
1601 3495 1795 3560 deﬂet,
1830 3493 1961 3550 illos

303 3587 478 3638 cantu
516 3585 852 3639 demulcet:
881 3583 1056 3638 veluti
1089 3585 1324 3654 sapiens
1356 3586 1622 3640 medicus
1649 3584 1794 3640 alios
1827 3584 1960 3654 qui-

307 3674 435 3728 dem
460 3688 643 3741 aegros
668 3671 1371 3745 cataplasmatibus,al‘os
1393 3673 1844 3746 purgationibus
1865 3684 1957 3728 cu'

306 3766 430 3828 rat;
455 3760 598 3816 alios
619 3761 892 3817 fomentis
907 3762 1152 3830 emollit,
1167 3762 1314 3818 alios
1336 3763 1484 3820 ferro
1509 3764 1794 3831 lancinat;
1820 3767 1961 3820 sunt

307 3849 480 3903 etiam
516 3865 663 3918 quos
710 3851 929 3916 adurit,
950 3856 1007 3905 et
1035 3851 1254 3920 quibus
1285 3852 1665 3908 resectionem
1699 3853 1958 3922 adhibet,

307 3937 356 3990 si
385 3953 501 4006 qua
519 3937 742 3991 ratione
763 3937 1005 3992 humani
1023 3940 1284 4011 corporis
1306 3939 1478 3995 alicui
1505 3943 1650 4011 parti
1668 3942 1756 3996 vel
1782 3957 1963 3997 mem-

311 4027 412 4081 bro
451 4025 674 4080 sanitas
723 4026 950 4080 restitui
1004 4028 1220 4098 possit;
1255 4027 1444 4082 varias
1489 4029 1644 4084 enim
1695 4031 1959 4088 Salvator

313 4119 509 4170 noster
528 4131 696 4169 voces
719 4113 978 4184 adhibet,
1003 4119 1057 4170 et
1077 4114 1268 4170 varias
1290 4117 1585 4187 experitur
1609 4117 1747 4186 vias,
1771 4125 1834 4174 ut
1859 4120 1956 4176 ho-

311 4204 503 4259 mines
533 4205 604 4258 ad
652 4203 901 4259 salutem
938 4204 1235 4275 perducat.
1263 4209 1404 4260 Dum
1445 4206 1722 4273 minatur,
1750 4209 1957 4264 admo-

307 4301 436 4361 net;
471 4295 612 4349 dum
663 4294 1036 4363 convitiatur,
1069 4296 1372 4363 emendat;
1407 4297 1546 4350 dum
1580 4296 1758 4368 luget,
1785 4300 1957 4355 mise-

306 4390 499 4452 retur;
535 4387 675 4440 dum
711 4390 928 4453 cantat,
965 4385 1266 4454 hortatur;
1300 4387 1355 4440 in
1390 4387 1535 4442 rubo
1565 4388 1738 4444 etiam
1771 4387 1958 4461 loqui-

2071 3232 2307 3308 στρέφει·
2364 3232 2574 3298 θρηνῶν
2635 3227 2794 3283 ἐλεεῖ·
2851 3226 3081 3302 ψάλλων
3135 3225 3458 3303 παρακαλεῖ·
3503 3225 3591 3282 διὰ
3626 3228 3725 3303 βά-

2067 3341 2163 3375 τοο
2195 3317 2376 3376 λαλεῖ·
2411 3317 2492 3373 ὅτι
2527 3319 2769 3391 σημείων
2805 3317 3002 3373 ἐκεῖνοι
3050 3318 3141 3373 καὶ
3176 3319 3412 3394 τεράτων
3441 3316 3724 3392 ’ἕχρῃζον.

2072 3411 2168 3464 Καὶ
2198 3409 2276 3481 τῷ
2309 3407 2438 3482 πυρὶ
2470 3404 2767 3462 δεδίττεται
2795 3406 2925 3468 τοὺς
2984 3407 3327 3481 ἀνθρώπους,
3358 3404 3611 3461 ἀνάπτων
3669 3404 3730 3462 ἐκ

2069 3498 2250 3560 κίονος
2281 3499 2380 3566 τήν
2427 3496 2624 3574 φλόγα,
2680 3495 2879 3572 δεῖγμα
2925 3497 3068 3568 ὁμοῦ
3109 3516 3337 3572 χαριτος
3381 3496 3472 3550 καὶ
3523 3490 3724 3569 φόϐου·

2071 3588 2157 3644 ἰὰν
2212 3587 2525 3661 ὑπακούσῃς
2561 3629 2576 3654 ,
2629 3587 2690 3641 τὸ
2741 3591 2873 3665 φῶς·
2927 3585 3017 3640 έάν
3067 3584 3431 3660 παρακούσῃς,
3480 3585 3543 3640 τὸ
3591 3589 3725 3660 πῦρ.

2065 3675 2294 3746 Ἐπειδὴ
2329 3673 2386 3731 δὲ
2430 3676 2520 3731 καὶ
2568 3675 2750 3738 κίονος
2804 3675 2892 3730 καὶ
2931 3675 3096 3750 βάτου
3135 3677 3170 3744 ἡ
3220 3675 3349 3749 σὰρξ
3396 3672 3723 3748 τιμιωτέρα,

2067 3770 2345 3844 προφῆται
2398 3767 2511 3838 μετ’
2571 3764 2747 3820 ἐκεῖνα
2797 3764 3138 3842 φθέγγονται.
3195 3762 3366 3825 Αὐτὸς
3425 3762 3476 3818 ἐν
3529 3760 3729 3834 Ἠσαίᾳ

2068 3859 2097 3911 ὁ
2132 3854 2565 3929 Κύριοςξλαλῶν·
2601 3853 2760 3916 αὐτὸς
2795 3852 2846 3908 έν
2891 3852 3072 3924 Ἠλίᾳ·
3129 3851 3179 3906 έν
3242 3851 3473 3925 στόματι
3501 3871 3723 3927 προφηο

2063 3949 2172 4001 τῶν
2202 3943 2380 4005 αὐτός.
2436 3941 2510 3997 Σὺ
2545 3939 2602 3997 δὲ
2659 3939 2785 3996 ἀλλ’
2841 3940 2891 3995 εἴ
2937 3942 3246 4018 προφήταις
3298 3941 3373 4014 μή
3424 3938 3722 4007 πιστεύεις,

2071 4038 2234 4107 μῦθον
2270 4029 2328 4086 δὶ
2353 4025 2793 4104 ὑπολαμϐάννις,
2837 4028 2928 4084 καὶ
2958 4029 3085 4091 τοὺς
3116 4026 3333 4103 ἄνδρας,
3380 4028 3471 4082 καὶ
3497 4027 3561 4082 τὸ
3591 4031 3722 4101 πῦρ·

2065 4121 2225 4185 αὐτός
2287 4142 2371 4176 σοι
2435 4119 2670 4190 λαλήσει
2730 4120 2758 4174 ὁ
2816 4117 3058 4193 Κύριος,
3118 4118 3178 4182 ’ὸς
3235 4116 3287 4172 ἰν
3351 4117 3539 4192 μορφῇ
3587 4119 3723 4172 Θεοῦ

2071 4211 2332 4284 ὑπάρχων
2407 4209 2514 4283 οὐχ
2584 4208 2874 4283 ἁρπαγμὸν
2943 4208 3194 4279 ἡγήσατο
3273 4205 3337 4260 τὸ
3415 4205 3544 4258 εἶναι
3628 4205 3724 4258 ἴσα

2066 4305 2183 4372 Θεῷ
2231 4298 2460 4354 ἐκένωσε
2505 4295 2562 4352 δὲ
2614 4297 2799 4351 ἑαυτὸν
2853 4297 2880 4350 6
2912 4293 3320 4369 φιλοικτίρμων
3367 4292 3516 4358 Θεὸς,
3549 4297 3722 4347 σῶσαι

2064 4389 2157 4444 τὸν
2184 4387 2462 4464 ἄνθρωπον
2505 4386 2868 4460 γλιχόμενος.
2930 4383 3030 4438 Καὶ
3076 4382 3236 4446 αὐτὸς
3275 4379 3382 4452 ἤδη
3435 4402 3520 4436 σοι
3565 4379 3719 4457 ἐναρ-

309 4478 424 4543 tur,
451 4475 604 4546 quod
642 4473 723 4529 illi
758 4474 946 4546 signis
995 4479 1052 4532 et
1096 4474 1378 4548 prodigiis
1417 4475 1764 4548 indigerent.
1798 4480 1953 4536 Idem

2081 4482 2178 4554 (ὣς
2241 4478 2268 4532 6
2327 4475 2503 4550 Λόγος
2551 4473 2733 4547 λαλεῖ,
2797 4471 3066 4528 δυσωπῶν
3118 4473 3218 4541 τὴν
3263 4471 3548 4527 ἀπιστίαν·
3608 4468 3719 4539 ναί,

305 4579 404 4618 eos
436 4564 572 4634 igne
593 4565 1012 4633 perterrefacit,
1036 4564 1336 4620 ﬂammam
1360 4581 1390 4620 e
1411 4563 1688 4622 columna
1709 4585 1956 4639 suspen-

306 4668 455 4717 sam,
489 4653 731 4706 terroris
772 4652 950 4707 simul
1001 4658 1058 4708 et
1102 4653 1304 4723 gratia:
1345 4655 1604 4726 signum,
1639 4656 1954 4725 exhibens;

308 4739 615 4811 morigeris
655 4741 893 4811 quidem
926 4741 1138 4811 lucem,
1169 4744 1266 4798 sed
1317 4743 1708 4816 immorigeris
1737 4744 1951 4817 ignem.

307 4833 511 4901 postea
542 4830 698 4900 quod
751 4846 963 4900 corpus
1017 4830 1344 4887 humanum
1377 4833 1652 4889 columna
1702 4839 1759 4889 et
1811 4835 1954 4890 rubo

306 4917 563 4972 nobilius
592 4923 769 4986 esset,
787 4919 1087 4990 prophetis
1110 4937 1256 4976 usus
1277 4930 1394 4989 est;
1430 4923 1554 4992 ipse
1579 4924 1860 4978 Dominus
1893 4923 1952 4978 in

305 5007 458 5061 Isaia
492 5007 770 5078 loquitur,
803 5007 927 5078 ipse
979 5009 1039 5062 in
1091 5009 1233 5075 Elia,
1265 5009 1391 5080 ipse
1422 5011 1481 5064 in
1515 5027 1611 5065 ore
1642 5012 1954 5083 propheta-

2067 4567 2234 4641 φημὶ,
2268 4567 2296 4620 6
2326 4564 2497 4638 Λόγος
2540 4565 2567 4618 6
2608 4567 2706 4618 τοῦ
2747 4567 2903 4631 Θεοῦ,
2952 4560 3237 4638 ἅνθρωπος
3287 4560 3596 4634 γενόμενος·
3623 4557 3720 4614 ἵνα

2067 4653 2134 4723 δὴ
2178 4654 2267 4709 καὶ
2318 4653 2380 4708 σὺ
2418 4653 2564 4728 παρὰ
2612 4653 2902 4728 ἀνθρώπου
2940 4653 3139 4726 μάθῃς,
3186 4657 3262 4720 πῆ
3294 4671 3429 4705 ποτε
3475 4647 3578 4724 ἄρα
3631 4649 3722 4703 ἄν·

2065 4745 2284 4819 θρωπος
2326 4742 2549 4817 γένηται
2581 4742 2712 4805 Θεός
2780 4742 2890 4797 Εἶτ’
2919 4740 3020 4795 οὐκ
3068 4741 3292 4808 ἄτοπον,
3325 4737 3370 4793 ὦ
3421 4736 3596 4813 φίλοι,
3627 4738 3722 4792 τὸν

2067 4834 2163 4906 μὶν
2191 4833 2318 4888 Θεὸν
2367 4831 2445 4887 ἀεὶ
2497 4832 2816 4904 προτρέπειν
2869 4833 3018 4904 ἡμᾶς
3070 4829 3152 4884 ἐπ’
3200 4829 3414 4904 ἀρετὴν,
3465 4831 3614 4899 ἡμᾶς
3663 4823 3722 4882 δὲ

2062 4920 2381 4985 ἀναδύεσθαι
2415 4921 2513 4988 τήν
2575 4917 2864 4994 ὠφέλειαν,
2914 4920 3001 4974 καὶ
3054 4914 3456 4974 ἀναϐάλλεσθαι
3485 4916 3586 4985 τήν
3617 4937 3721 4970 σωο

2065 5012 2255 5082 τηρίαν
2283 5030 2296 5080 ;
2329 5012 2398 5067 Ἢ
2429 5009 2529 5085 γὰρ
2562 5007 2691 5082 οὐχὶ
2739 5007 2827 5062 καὶ
2862 5009 3119 5079 Ἰωάννης
3167 5007 3255 5063 ἐπὶ
3309 5006 3581 5081 σωτηρίαν
3614 5026 3720 5060 πα-

373 5184 436 5248 ιι(
469 5177 528 5232 Ρ.
559 5177 593 5230 8
626 5177 734 5234 ED.
768 5177 1071 5246 POTTER,
1103 5178 1139 5231 7
1168 5179 1259 5234 ED
1297 5179 1521 5236 PARIS.
1603 5181 1648 5217 ¹²
1683 5181 1892 5254 Ephes.
1927 5199 1989 5251 ιι,
2022 5182 2076 5237 2.

302 5375 422 5437 Qua
451 5374 523 5446 de
552 5390 612 5428 re
644 5378 701 5428 et
732 5374 927 5429 Livius
960 5375 1060 5429 lib.
1087 5393 1124 5440 ι,
1147 5380 1202 5429 et
1233 5376 1437 5431 Petrus
1470 5376 1783 5446 Victorius,
1825 5379 1947 5434 Var.

305 5446 450 5506 lect.
484 5445 585 5516 lib,
620 5462 695 5509 ιν,
729 5463 854 5516 cap.
893 5447 979 5500 18.
1011 5448 1296 5502 SYLBUBG.

370 5517 482 5584 (87‘,
515 5515 734 5577 Αύτοῖς.
765 5515 974 5577 Αίύσούς
1007 5518 1146 5572 Νον.

371 5588 483 5659 (88)
517 5588 593 5644 Οὔ
622 5586 687 5656 δὴ
717 5607 776 5662 χ.
813 5590 939 5645 [Iac
972 5591 1052 5644 sic
1089 5589 1386 5660 distinguo
1421 5605 1434 5644 :
1469 5588 1531 5640 οὗ
1562 5585 1628 5657 δὴ
1661 5586 1823 5662 χάριν
1856 5590 1954 5659 (είς

2060 5376 2160 5448 γὰρ
2191 5375 2218 5428 ὁ
2243 5375 2510 5460 ἀπατεὼν)
2530 5373 2752 5442 ἄνωθεν,
2779 5381 2913 5440 etc.,
2935 5375 3086 5446 quod
3121 5375 3177 5427 in
3213 5373 3418 5428 Latina
3443 5373 3714 5430 versione

2061 5465 2478 5516 expressnmus.

2135 5514 2249 5590 (89)
2282 5519 2681 5593 Προσμηνύων.
2711 5514 3056 5590 ΙΙρομηνύων
3086 5516 3228 5572 NOV.
