3974 6140
212 297 271 352 ’Π

1482 301 1947 359 COHOBTATIO
1985 307 2082 358 AD
2120 304 2424 361 GENTES.
3589 305 3660 359 78

243 422 351 484 θεός
410 426 556 496 (55)·
625 422 850 501 δράκων
910 423 968 480 δὲ
1020 423 1131 480 ἐστι
1189 425 1370 493 οὗτος,
1426 421 1780 498 διελκόμενος
1807 429 1900 480 τοῦ

2048 429 2234 497 licam,
2267 446 2341 485 an
2373 428 2618 484 uxoris?
2641 429 2975 496 tracundia,
3009 445 3136 500 qua;
3178 445 3352 485 causa
3399 429 3529 497 fuit,
3565 446 3672 485 cur

249 511 456 568 κόλπου
515 519 628 569 τῶν
688 515 1059 588 τελουμένων·
1138 512 1374 590 ἔλεγχος
1442 513 1699 590 ἀκρασίας
1759 514 1902 578 Διός.

255 603 377 660 Κύει
427 603 518 658 καὶ
569 606 607 673 ἡ
661 607 985 682 Φερεφάττα
1030 601 1222 676 παῖδα,
1267 604 1652 681 ταυρόμορφον
1687 603 1904 677 ἀμέλει,

255 692 381 772 φησί
409 714 490 755 τις
515 694 764 762 ποιητής
789 691 1079 756 εἶδωλικός
1110 696 1223 768 (56)
1247 713 1262 763 ;

2017 517 2237 584 Brimo,
2272 519 2442 590 quasi
2472 521 2714 589 fremens
2739 524 2795 574 et
2827 518 3280 589 indignabunda,
3321 523 3667 590 vocaretur;

2015 608 2273 678 itemque
2301 606 2460 664 Jovis
2491 607 2970 679 supplicationes,
2991 607 3142 662 fellis
3171 607 3442 675 haustus,
3475 608 3668 664 cordis

2017 696 2449 764 convulsiones,
2477 713 2544 751 ac
2575 701 2783 752 caetera
2812 697 2869 752 id
2893 713 3081 768 genus
3115 697 3366 752 infandae
3399 714 3666 754 caeremo-

268 783 502 839 nia3.Ac
552 784 821 856 Phryges
865 785 1154 856 ejusmodi
1213 801 1380 840 sacra
1435 784 1494 840 in
1554 783 1794 854 Attidis,
1825 784 2088 856 Cybeles,
2149 788 2205 838 et
2251 784 2650 856 Corybantum
2708 784 2990 840 honorem
3052 786 3518 857 memoriamque
3579 786 3662 841 fa-

262 872 440 928 ciunt.
474 873 707 929 Passim
751 878 947 930 autem
981 874 1137 929 fama
1161 873 1464 946 vulgatum
1495 879 1606 941 est,
1655 871 1851 929 Jovem
1886 871 2119 927 avulsos
2145 871 2413 942 geminos
2462 871 2662 928 arietis
2691 872 2994 929 testiculos
3037 873 3096 928 in
3130 874 3388 930 medium
3440 875 3662 930 Cereris

250 963 448 1018 sinum
483 963 830 1033 conjecisse,
864 981 996 1019 cum
1029 980 1062 1019 a
1092 964 1285 1036 seipso
1317 969 1578 1019 exactam
1620 961 2004 1018 abscissionis
2036 961 2203 1032 quasi
2236 959 2576 1016 voluntariis
2618 979 2848 1034 poenam
2881 964 2953 1018 ob
2985 968 3255 1034 stuprum
3287 964 3341 1019 vi
3373 964 3661 1032 oblatum,

251 1050 361 1106 hac
395 1053 600 1108 fraude
631 1051 963 1108 simularet.
996 1053 1174 1124 Cuius
1207 1052 1557 1108 initiationis
1588 1050 1819 1123 egregia
1849 1050 2112 1123 symbols
2145 1049 2336 1106 soluto
2367 1051 2674 1122 otiosoque
2703 1052 2900 1106 animo
2933 1054 3237 1123 producta,
3284 1053 3469 1109 risum
3499 1053 3665 1108 vobis

243 1156 276 1194 ιι
290 1139 452 1211 tique
484 1146 783 1211 moveant,
814 1142 1051 1197 tametsi
1067 1142 1275 1212 opinor
1305 1142 1467 1198 vobis
1484 1141 1670 1197 ridere
1688 1157 1804 1196 non
1819 1139 1981 1210 libet,
2001 1140 2157 1211 quod
2176 1139 2258 1195 sic
2271 1140 2622 1210 religionum
2641 1144 2970 1195 vestrarum
2987 1141 3308 1212 indignitas
3322 1142 3588 1198 omnium
3605 1149 3669 1213 ›ι‹

248 1232 306 1286 in
335 1230 530 1286 oculis
564 1232 858 1304 deligatur
887 1249 899 1286 :
930 1233 1014 1287 Ea:
1040 1237 1303 1304 tympano
1320 1231 1552 1299 comedi,
1584 1231 1722 1300 bibi,
1753 1231 2106 1302 excymbalo,
2129 1246 2357 1285 cernam
2385 1231 2611 1300 gestavi,
2639 1247 2726 1286 me
2754 1230 2816 1286 in
2846 1230 3152 1286 thalamum
3186 1232 3328 1286 clam
3362 1233 3664 1287 insinuavi.

258 1319 390 1375 Non
421 1319 546 1375 haec
577 1320 848 1390 symbols
878 1321 1550 1393 probrumetjnfamiam
1565 1319 1807 1392 sapiunt
1828 1319 1981 1374 ‘?non
1998 1318 3450 1391 sannis,ludibrioquedignamysteriasunt?Quid
3477 1337 3668 1392 porro,

250 1407 299 1463 si
335 1413 599 1464 attexam
634 1408 969 1482 reliquam?
1000 1414 1170 1466 Ceres
1202 1411 1442 1481 quidem
1476 1409 1659 1465 fctum
1691 1407 1957 1478 enititur,
1989 1408 2129 1463 Core
2170 1424 2305 1463 vero
2335 1409 2659 1463 educatur:
2693 1425 2926 1464 rursum
2968 1424 3100 1464 ecce
3138 1409 3246 1463 tibi
3275 1409 3505 1481 Jupiter
3534 1425 3667 1464 cum

248 1496 664 1568 Pherepbatta,
700 1515 876 1570 quam
909 1499 1033 1569 ipse
1066 1503 1369 1570 genuerat,
1405 1503 1535 1570 post
1553 1501 1820 1554 Cererem
1852 1501 2120 1564 matrem,
2143 1496 2544 1568 congreditur,
2569 1498 2912 1553 exsecrandi
2934 1498 3141 1570 ﬂagitii
3165 1498 3377 1570 prioris
3398 1497 3616 1554 oblitus
3652 1516 3666 1567 ;

258 1590 429 1657 pater
461 1592 521 1642 et
552 1592 863 1658 corruptor
891 1593 980 1642 est
1007 1590 1180 1643 Cores
1211 1588 1478 1660 Jupiter;
1512 1591 1568 1642 et
1614 1586 1991 1658 congreditur
2038 1585 2308 1641 draconis
2362 1587 2546 1641 forma
2578 1591 2806 1655 tectus;
2860 1586 2944 1642 sic
2973 1591 3170 1643 tamen
3221 1591 3286 1642 ut
3315 1587 3415 1658 qui
3461 1588 3570 1642 sub
3601 1604 3670 1643 ea

252 1674 456 1741 lateat,
493 1675 807 1732 manifesto
837 1677 1214 1748 postmodum
1246 1681 1534 1732 teneatur.
1565 1675 1891 1743 Enimvero,
1925 1675 2305 1730 Sabaziorum
2336 1675 2537 1745 utique
2568 1676 3004 1748 mysteriorum,
3036 1676 3130 1746 iis,
3170 1677 3271 1749 qui
3320 1676 3504 1732 sacris
3552 1675 3668 1730 ini-

259 1766 519 1831 tiantur,
552 1765 886 1837 symbolum
919 1775 1029 1833 est,
1062 1766 1206 1821 deus
1239 1765 1434 1822 sinum
1467 1765 1788 1836 pervadens
1809 1782 1832 1828 ;
1863 1765 2008 1820 deus
2030 1769 2226 1820 autem
2259 1764 2368 1818 iste
2399 1764 2576 1820 draco
2605 1770 2714 1834 est,
2747 1765 2969 1837 quiper
2995 1765 3256 1821 medium
3271 1782 3497 1836 eorum,
3521 1782 3672 1837 quos

266 1854 516 1910 solemni
550 1855 665 1910 ritu
698 1853 954 1922 initiant,
989 1854 1184 1910 sinum
1218 1854 1496 1922 trahitur,
1529 1860 1749 1910 certum
1783 1853 1955 1925 plane
1985 1853 2326 1924 impotentis
2355 1852 2516 1908 Jovis
2547 1853 2808 1910 libidinis
2831 1861 3271 1927 argumentum.
3310 1856 3466 1911 Parit
3493 1855 3671 1912 etiam

258 1943 680 2016 Pherepbalta,
711 1945 815 1999 sed
848 1943 1034 1999 filium
1068 1944 1301 2000 taurina
1331 1944 1559 2017 specie;
1597 1942 1898 2011 nimirum,
1931 1946 1998 1997 ut.
2025 1941 2315 1998 idolorum
2347 1941 2536 1998 cultor
2566 1948 2738 2015 poeta
2768 1943 3011 2000 cecinit:

328 2119 522 2193 Πατῄρ
602 2116 918 2193 δράκοντος,
963 2121 1078 2193 ,καὶ
1109 2119 1330 2193 Λπατὴρ
1387 2048 1908 2193 ,ταύριίαυεέἒξίκωψ

319 2192 413 2244 Ἐν
446 2188 565 2266 ὄρει
593 2188 658 2247 τὸ
688 2188 916 2268 κρύφιον
953 2191 1226 2268 βουκόλος
1253 2188 1315 2247 τό
1344 2188 1590 2265 κέντρον*

250 2296 625 2367 Βουκολικὸν,
683 2297 862 2372 οἶμαι,
918 2299 981 2354 τὸ
1051 2299 1294 2373 κέντρον,
1345 2296 1438 2352 τὸν
1493 2298 1737 2374 νάρθηκα
1791 2294 1914 2350 ἐπι-

248 2386 424 2441 τελῶν
463 2389 602 2460 (οἿ),
635 2386 696 2442 δν
741 2385 810 2456 δὴ
858 2385 1026 2443 κάλον
1075 2391 1189 2460 (58)
1241 2384 1657 2465 ἀναστρέφουσιν
1689 2387 1742 2441 οἱ
1778 2386 1907 2461 βάκ-

255 2494 371 2550 χοι.
425 2475 625 2531 Βούλει
669 2476 762 2531 καὶ
809 2478 877 2531 τὰ
924 2477 1272 2554 Φερεφάττης
1321 2474 1612 2551 ἀνθολόγια
1643 2473 1912 2548 διηγήσο-

254 2563 352 2637 μαί
383 2567 502 2637 (59)
535 2587 644 2635 σοι,
693 2569 786 2620 καί
831 2566 924 2621 τὸν
973 2564 1237 2638 κάλαθον,
1268 2564 1357 2620 καὶ
1399 2567 1504 2635 τὴν,
1533 2565 1778 2641 ἁρπαγὴν
1808 2564 1908 2633 τὴν

257 2655 360 2708 ὑπὸ
395 2651 712 2723 Αἰδωνὲως,
743 2655 833 2709 καὶ
863 2654 927 2709 τὸ
956 2654 1165 2730 σχίσμα
1193 2657 1292 2722 τῆς
1327 2657 1457 2728 γῆς,
1487 2653 1575 2709 καὶ
1607 2654 1701 2715 τὰς
1730 2653 1789 2716 ὗς
1819 2651 1911 2714 τὰς

255 2737 739 2810 Εὗϐουλέως,τάς
793 2743 1283 2818 συγκαταποθείσας
1330 2748 1448 2798 ταῖν
1500 2744 1687 2812 θεαῖν;
1740 2739 1810 2796 δι’
1841 2743 1906 2812 ἣν

256 2829 438 2885 αἰτίαν
501 2831 554 2885 ἐν
601 2837 720 2894 τοῖς
769 2833 1165 2910 Θεσμοφορίοις
1219 2831 1623 2908 μεγαρίζοντες,
1677 2829 1910 2905 χοίρους

253 2914 625 2975 ἐκϐάλλουσιν
658 2925 791 2994 (60).
822 2921 1033 2992 Ταύτην
1063 2923 1164 2990 τήν
1196 2919 1528 2996 μυθολογίαν
1560 2921 1616 2975 αἱ
1662 2925 1910 2996 γυναῖκες

251 3007 527 3070 ποικίλως
569 3010 710 3064 κατὰ
755 3007 921 3065 πόλιν
973 3008 1346 3084 ἑορτάζουσιν,
1378 3009 1744 3086 Θεσμοφόρια,
1779 3015 1907 3063 Σκι-

252 3097 488 3172 ροφόρια
515 3099 649 3171 (61),
683 3096 1050 3172 πολυτρόπως
1100 3099 1199 3167 τὴν
1247 3099 1596 3176 Φερεφάττης
1633 3096 1912 3174 ἐκτραγῳ-

253 3181 440 3239 δοῦσαι
473 3185 753 3261 ἁρπαγήν.
803 3188 882 3244 Τὰ
929 3187 1032 3263 γάρ
1083 3188 1345 3241 Διονύσου
1399 3188 1673 3259 μυστήρια
1719 3185 1910 3241 τέλεον

255 3273 618 3351 ἀπάνθρωπα,
665 3275 722 3330 ὅν
780 3275 940 3330 εἰσέτι
1002 3273 1170 3331 παῖδα
1234 3272 1382 3343 ὄντα,
1437 3275 1655 3347 ἐνόπλῳ
1698 3277 1909 3346 κινήσει

250 3363 730 3438 περιχορεύοντων
783 3367 1106 3439 Κουρήτων,
1159 3362 1310 3438 δόλῳ
1360 3361 1416 3419 δὲ
1467 3362 1782 3419 ὑποδύντων
1814 3366 1911 3421 Τι-

253 3453 430 3506 τάνων
476 3455 619 3526 (62),
678 3454 1046 3526 ἀπατήσαντες
1103 3450 1525 3528 παιδαριώδεσιν
1584 3453 1910 3529 ἀθύρμασιν,

257 3541 408 3596 οὗτοι
461 3541 532 3611 δὴ
586 3543 639 3597 οἱ
686 3545 906 3605 Τιτᾶνες
955 3541 1266 3611 διέσπασαν,
1316 3541 1392 3597 ἔτι
1441 3541 1718 3617 νηπίαχον
1765 3538 1912 3615 ὅντα,

321 3673 390 3736 ›χ‹
417 3663 482 3718 Ρ.
517 3662 608 3732 14,
642 3661 709 3716 15
736 3661 848 3716 ED.
880 3661 1187 3729 POTTER,
1223 3660 1412 3732 11,!12
1442 3660 1557 3719 ΕΙ).
1598 3660 1827 3716 PARIS.

254 3781 384 3851 Ipsa
413 3777 718 3851 novissime
745 3791 924 3843 sacra,
958 3780 1010 3831 et
1037 3779 1180 3832 ritus
1209 3774 1529 3851 initationis
1553 3777 1746 3851 ipsius,
1779 3775 1908 3847 qui-

259 3847 358 3908 bus
381 3849 643 3906 Sebadiis
670 3863 869 3903 nomen
901 3853 997 3912 est,
1021 3847 1336 3904 testimonio
1381 3863 1494 3903 esse
1533 3850 1788 3918 poterunt
1810 3862 1908 3918 Vve-

253 3923 439 3987 ritati,
474 3921 535 3976 in
559 3921 758 4001 quibus
806 3935 1009 4001 aureus
1050 3920 1272 3974 coluber
1298 3917 1576 4001 insinujn
1602 3917 1914 4001 dimittitur

251 3988 618 4059 consecratis,
651 3999 702 4047 et
733 3990 1004 4047 eximitur
1026 4007 1221 4046 rursus
1253 3991 1320 4044 ab
1352 3989 1713 4060 inferioribus
1730 3988 1910 4060 parti-

254 4069 380 4123 bus.
421 4063 732 4133 Firmicus,
780 4079 909 4132 cap.
942 4063 1046 4117 27:
1098 4063 1357 4133 Sequitur
1401 4062 1558 4117 aliud
1605 4062 1914 4134 symbolum

360 4174 574 4243 Ταῦρος
609 4165 918 4242 δράκοντος,
963 4167 1051 4221 καὶ
1102 4164 1317 4241 δράκων
1362 4165 1563 4242 ταύρου
1593 4168 1797 4239 πατήρ.

253 4281 420 4335 Idem
487 4292 616 4345 cap.
649 4276 727 4330 2:
785 4274 1100 4330 Sebastium
1144 4276 1375 4330 colentes
1404 4276 1607 4340 Jovem,
1651 4289 1914 4345 anguem,

252 4368 380 4406 cum
414 4346 748 4412 initiantur,
783 4363 884 4415 per
901 4348 1090 4400 sinum
1131 4347 1342 4402 ducunt
1368 4363 1386 4400 :
1417 4345 1595 4416 adhuc
1637 4347 1811 4416 primi
1829 4363 1916 4398 er-

252 4421 412 4477 rario
445 4418 590 4476 vitia
621 4423 974 4486 grassantur,
997 4426 1050 4472 et
1070 4418 1335 4490 quidquid
1355 4415 1916 4490 hominem’perdidit,

253 4495 488 4558 colitur,
513 4499 563 4545 et
589 4491 808 4562 funesti
835 4493 1033 4560 anguis
1061 4490 1262 4545 callida
1283 4489 1589 4544 crudelitas
1631 4489 1917 4544 adoratur.

271 4565 547 4619 Conuac'r.

336 4637 452 4705 (55)
486 4629 641 4691 Θεός.
675 4631 867 4705 Supra
896 4630 1048 4705 hanc
1089 4647 1290 4705 _vocem
1340 4630 1556 4705 aliquis
1603 4631 1919 4705 Be@v_scri-

261 4700 378 4776 psit
410 4700 470 4760 in
507 4705 646 4760 Nov.
681 4700 833 4771 Mox,
860 4719 962 4776 pro
989 4700 1154 4776 ἐστίν,
1185 4706 1352 4776 Joan.
1379 4700 1555 4776 habet
1598 4701 1711 4757 καὶ.
1742 4703 1921 4776 Euse-

260 4770 396 4832 bius
419 4781 700 4831 neutrum
723 4770 1008 4846 agnoscit.
1036 4774 1200 4840 Dein,
1224 4770 1619 4845 διολκούμενος
1649 4791 1750 4846 pro
1775 4770 1921 4826 διελ-

262 4847 520 4919 κόμενος,
555 4846 774 4919 Euseb.
787 4886 801 4913 ,
818 4845 982 4919 _.Ioan
995 4885 1007 4897 .

334 4911 445 4991 (56)
489 4916 739 4985 Ποιητής
789 4911 891 4970 έίδ.
939 4915 1205 4984 Ποιητὴς,
1257 4911 1509 4975 εἷ’δωλιὸς
1554 4918 1770 4989 ταῦρος
1816 4934 1924 4968 πα-

263 4991 391 5056 tio,
417 4997 528 5046 ete.
556 4991 701 5045 Nov.

339 5049 345 5062 Δ

339 5055 451 5136 (57)
508 5055 985 5136 ’Emcelibv.__Sic
1033 5058 1272 5136 quidem
1323 5063 1547 5136 veteres
1609 5057 1926 5136 Clementis

271 5124 554 5190 editiones
587 5149 617 5187 e
651 5131 785 5187 cod.
837 5124 1206 5197 Florentino;
1257 5131 1599 5198 nuperiores
1647 5124 1923 5182 ἐπικαλῶν

270 5205 500 5276 habent,
525 5219 707 5276 quam
735 5203 1046 5276 lectionem
1066 5202 1302 5276 firmant
1324 5202 1490 5276 Nov.,
1514 5201 1924 5276 Eu_seb.,_Joan.

2095 2121 2300 2193 Taurus
2327 2119 2624 2176 draconem
2652 2124 2862 2193 genuit,
2887 2131 2938 2178 et
2967 2127 3191 2178 taurum
3221 2122 3384 2181 draco
3409 2142 3423 2193 ;

2091 2192 2153 2247 In
2183 2203 2370 2248 monte
2400 2192 2671 2249 occultum
2702 2193 2966 2250 bubulcus
2991 2195 3278 2251 stimulum
3307 2212 3320 2250 :

2017 2297 2280 2366 Bubulci,
2339 2300 2566 2371 opinor,
2627 2301 2938 2369 stimulum,
3018 2302 3269 2357 scutiam
3337 2301 3674 2371 nominans,

2021 2405 2198 2460 quam
2228 2387 2404 2461 lignis
2445 2389 2800 2457 quibusdam
2853 2389 3127 2446 homines
3169 2391 3448 2447 Bacchico
3481 2391 3674 2447 furore

2019 2477 2269 2549 correpti
2312 2477 2745 2550 circumagunt.
2798 2478 2930 2534 Vin’
2963 2484 3026 2534 tu
3063 2479 3155 2534 hic
3200 2481 3376 2535 etiam
3428 2479 3610 2535 lectos
3641 2496 3675 2535 a

2018 2566 2368 2638 Proserpina
2403 2566 2575 2622 ﬂores
2601 2567 2705 2622 tibi
2760 2583 3236 2637 commemorem,
3283 2568 3673 2640 ejusdemque

2019 2655 2338 2722 calathum,
2363 2660 2418 2710 et
2437 2661 2668 2726 raptum
2695 2673 2728 2711 a
2751 2657 2993 2711 Plutone
3017 2661 3332 2726 patratum,
3368 2661 3424 2712 et
3444 2657 3671 2715 hiatum

2018 2749 2207 2806 terrea,
2244 2748 2303 2799 et
2334 2742 2578 2799 Eubulei
2625 2760 2782 2811 sues,
2817 2761 2948 2816 quae
2979 2761 3112 2800 cum
3162 2749 3414 2817 utraque
3444 2752 3561 2802 Dea
3592 2747 3670 2804 si-

2018 2831 2141 2886 mul
2176 2832 2401 2887 haustae
2431 2832 2710 2887 dicuntur
2731 2832 2758 2887 ?
2789 2834 2945 2903 quod
2977 2834 3214 2904 quidem
3249 2835 3306 2890 in
3353 2852 3532 2891 causa
3561 2841 3670 2904 est,

2017 2937 2122 2976 cur
2151 2921 2209 2976 in
2244 2921 2727 2992 Thesmophoriis
2759 2922 3056 2995 Megarica
3085 2922 3288 2996 lingua
3319 2939 3526 2995 porcos
3565 2925 3672 2996 eji-

2016 3011 2193 3067 cianl.
2245 3011 2448 3066 Totam
2495 3011 2648 3066 hanc
2692 3011 2961 3067 fabellam
3015 3012 3187 3067 varia:
3230 3014 3506 3069 mulieres
3548 3015 3676 3070 sin-

2020 3098 2176 3171 gulis
2209 3098 2550 3170 in;urbibus
2581 3100 2830 3156 solemni
2860 3102 3005 3156 teste
3035 3100 3352 3172 celebrant,
3386 3103 3674 3160 Thesmo-

2019 3187 2246 3258 phoria,
2279 3187 2726 3258 Scirrhophoria
2753 3209 2766 3258 ;
2797 3193 2972 3260 atque
3006 3187 3074 3262 ἶχί
3102 3190 3184 3244 ita
3230 3191 3481 3247 diversis
3509 3192 3680 3263 plane

2019 3275 2374 3348 trsgicisque
2397 3277 2588 3332 modis
2613 3283 2845 3350 raptum
2871 3277 3230 3350 Proserpina
3254 3279 3675 3336 recolunt.Jam

2023 3364 2228 3420 Bacchi
2279 3364 2558 3437 mysteria
2615 3366 2775 3421 omni
2841 3366 3074 3422 diritate
3127 3367 3432 3423 teterrima
3495 3373 3672 3438 sunt;

2025 3454 2243 3526 quippe
2261 3471 2458 3525 quem,
2483 3454 2625 3510 dum
2650 3455 2841 3511 adhuc
2871 3454 3153 3527 puerulus
3184 3462 3432 3522 esset,ac
3453 3456 3672 3514 circum

2022 3543 2218 3614 ipsum
2251 3545 2491 3598 Curetes
2517 3549 2746 3598 armata
2797 3543 3106 3600 saltatione
3154 3548 3487 3616 agerentur,
3530 3546 3670 3601 sub-

2022 3771 2296 3826 ἐπικαλῶν
2331 3772 2728 3846 proseminata
2760 3778 2867 3836 est,
2901 3775 3096 3845 inquit
3135 3773 3403 3845 Vigerus.
3438 3775 3505 3830 Et
3536 3774 3669 3846 qui-

2021 3847 2154 3916 dem
2177 3849 2446 3916 nonest
2471 3844 2741 3916 absimrile
2769 3861 2926 3914 vero,
2979 3844 3235 3916 aliquem
3271 3848 3442 3916 juxta
3469 3844 3665 3902 vocem

2023 3911 2378 3989 ianwin
2413 3915 2543 3969 libri
2577 3911 2968 3989 sui__margine
3002 3911 3333 3986 adnotasse,
3369 3923 3434 3973 ut
3480 3919 3669 3973 verio-

2023 4004 2145 4062 rem
2178 3986 2510 4062 lectionem,
2540 4017 2609 4026 —
2629 3984 3046 4062 κάλωξὶἀᾳυθ
3069 3995 3271 4060 postea
3292 3984 3363 4045 ab
3393 3990 3670 4062 imperito

2024 4059 2308 4186 ﬁeriptore
2341 4059 2396 4112 in
2429 4062 2675 4126 textum,
2702 4059 2826 4115 loco
2847 4065 3042 4118 tamen
3069 4059 3185 4116 non
3209 4078 3335 4130 suo,
3371 4059 3670 4133 receptum

2050 4145 2229 4186 uisse.

2050 4145 2229 4186 [11386.

2236 4199 2612 4274 ΔΔιηγῄσοιηιαι,
2642 4203 3028 4274 ᾼιηγήσωμαι,
3073 4204 3308 4267 Euseb,
3341 4207 3517 4274 recte.
3545 4206 3674 4274 Mox

2096 4219 2207 4270 (ῡυ)
2242 4219 2612 4322 Διηγησοζιαι,
2642 4219 3028 4274 Διηγησωμαι,
3074 4219 3308 4267 muses,
3341 4219 3513 4256 recte.
3547 4219 3674 4256 mox

2024 4273 2124 4338 τὴν
2161 4271 2248 4322 ὑπ’
2299 4268 2479 4347 ᾼῖδων
2514 4291 2586 4347 ως
2638 4271 2911 4347 ἁρπαγήν,
2961 4274 3354 4347 idemaneiu,
3384 4271 3674 4347 to_7.o'w_pa

2025 4337 2126 4407 τῆς
2147 4348 2274 4416 γῆς,
2295 4345 2449 4397 idem
2477 4337 3045 4416 etiJoan.Postcaroi5
3070 4337 3413 4410 Εὺϐουλὲως,
3438 4337 3672 4414 Euseb.,

2029 4417 2126 4472 sed
2159 4415 2254 4473 τάς
2289 4416 2495 4469 retinet
2524 4415 2693 4469 Joan.

2105 4487 2216 4558 (60)
2261 4484 2500 4559 Χοίρους
2557 4479 2941 4559 ἐκβάλλουσιν.
2994 4484 3238 4559 Χ-είρους-
3273 4482 3675 4559 ἐμβάλλουσιν,

2031 4554 2201 4614 Joan.
2258 4554 2408 4630 Most,
2458 4554 2728 4630 ποικίλως
2783 4557 2921 4611 κατᾶ
2973 4554 3162 4630 πόλεις
3221 4554 3563 4630 ἑορτάζουσιν
3623 4556 3678 4610 αἱ

2029 4632 2302 4704 γυναῖκες.
2329 4629 2565 4704 Euseb,
2596 4628 2766 4684 Joan.
2801 4630 2942 4685 Dein
2978 4625 3435 4704 ἐκτρακίῳδοῦσιν,
3470 4630 3678 4688 Euseb.

2035 4695 2627 4774 PP0,¢?"‘P°‘Y¢P§95°?‘°

2108 4772 2223 4840 (61)
2265 4767 2692 4847 ’Σκιρῥοφόρ-ια,
2744 4771 3132 4847 -Τκιροφόρια,
3208 4771 3461 4847 Euseb.,_
3511 4771 3680 4827 Joan.

1959 4845 2002 4910 D
2035 4843 2364 4918 Utrumque
2396 4839 2506 4918 dici
2535 4839 2703 4918 solet.
2736 4839 3029 4918 Caeterum
3062 4849 3192 4918 post
3225 4839 3683 4918 Σκιροφόριαξθ-

2037 4915 2240 4986 quitur
2265 4911 2418 4985 apud
2447 4911 3260 4986 Nov.impressum,Eu'seb.et
3279 4911 3686 4986 Joan.,“Aéfin-

2034 4983 2286 5061 τοφόρια,
2306 4983 2356 5056 η
2369 4986 2478 5061 u_o_d
2511 4983 3059 5061 excidissevidetur
3079 4992 3316 5061 propter
3335 4983 3687 5061 ὁμοιοτξλεν-

2034 5005 2286 5111 τοφορῑα,
2325 5005 2478 5056 quoa
2511 5005 2798 5040 exemisse
2825 5005 3059 5040 Videtur
3079 5005 3314 5056 propter
3335 5005 3687 5056 ομοιοτεΛευ-

2033 5076 2143 5110 τον.
2233 5057 2578 5138 ecquidem,
2640 5057 3022 5138 ait'Vigerus,
3069 5058 3499 5138 rejici,.debet;
3552 5058 3690 5138 iicet

2035 5124 2406 5203 grammatici
2440 5124 2788 5203 Ἀῥρηφορία
2821 5124 3220 5203 potius,quem
3256 5127 3688 5203 Ἀῤῥητοφόρια,

2035 5197 2122 5255 vel
2155 5197 2570 5274 Ἀῥρῃτοφορςῖα
2601 5197 3089 5274 scripserintﬂoc
3125 5217 3296 5272 porro
3314 5197 3553 5274 _'i'estum_
3578 5197 3694 5254 Mi-

271 5275 425 5334 Unde
458 5271 566 5333 nec
606 5273 873 5331 dubitari
919 5278 1132 5345 potest,
1177 5273 1323 5344 quin
1373 5273 1455 5328 ita
1486 5272 1791 5344 scripserit
1820 5287 1929 5326 au-
2038 5271 2231 5345 nervia
2259 5271 2382 5345 alii,
2420 5271 2518 5345 alii
2553 5287 2690 5324 vero
2713 5272 2934 5345 Cereris
2967 5277 3024 5326 et
3057 5271 3419 5345 Proserpina
3448 5272 3690 5345 faciunt.

271 5355 438 5486 Μῗέέ)
469 5422 566 5476 Ὃν
602 5414 673 5484 δὴ
727 5412 923 5470 κάλον.
983 5415 1126 5485 Lego
1155 5411 1348 5486 καλόν,
1383 5419 1447 5469 ut
1497 5415 1587 5486 sit,
1616 5411 1788 5468 καλόν
1825 5430 1927 5484 pro

267 5485 462 5561 καλῶς,
510 5491 718 5563 inquit
764 5486 1118 5563 Hervetus:_
1147 5485 1329 5539 κάλων
1383 5485 1692 5563 Eusebius,
1753 5487 1923 5563 ἄρου.

263 5555 651 5624 Montacutius
683 5557 932 5624 conjicit
953 5555 1139 5623 καλοί,
1172 5564 1236 5612 ut
1267 5557 1575 5613 conveniat
1606 5573 1740 5612 cum
1782 5557 1926 5612 Βάκ-

262 5633 364 5693 χοι.
399 5641 573 5698 Forte
602 5636 726 5705 leg.

823 5629 876 5682 ιὰ
905 5626 1118 5683 κάλὼνο
1166 5629 1283 5685 nisi
1313 5645 1384 5686 ea
1411 5645 1520 5686 vox
1579 5628 1929 5701 praecedenti

2110 5343 2222 5412 (62)
2309 5338 2654 5412 Ὑποδύντων
2737 5340 2998 5397 Τιτὰνων.
3090 5338 3329 5397 Brevius
3384 5348 3440 5397 et
3479 5343 3696 5398 clarius

2041 5410 2356 5483 legeretur,
2402 5410 2699 5472 ὑποδύντες
2747 5415 2993 5483 Τιτᾶνες,
3024 5413 3113 5466 καὶ
3153 5414 3524 5481 ἀπατήσαντες
3572 5433 3695 5466 παι-

2041 5480 2366 5557 δαριώδεσιν
2428 5483 2730 5557 ἀθύρμασι,
2799 5481 3112 5557 διέσπασαν,
3172 5485 3247 5546 ὡς
3306 5480 3334 5539 ὁ
3385 5492 3508 5553 τῆς,
3585 5492 3696 5539 etc.

2039 5552 2187 5627 Nam
2222 5557 2275 5627 si
2324 5557 2490 5627 prius
2525 5552 2689 5610 εἰσέτι
2720 5552 2908 5610 παῖδα
2957 5552 3108 5624 ὄντα,
3160 5552 3450 5627 quorsum
3492 5557 3702 5627 deinde

2040 5624 2118 5680 ἔτι
2141 5622 2420 5701 νηπίαχον
2453 5622 2588 5681 ὅντα
2624 5645 2637 5695 ;
2673 5628 2820 5694 Quid
2844 5629 2872 5683 ‘I
2894 5629 3049 5700 quod
3083 5622 3374 5684 sententia
3404 5635 3535 5698 post
3565 5625 3700 5683 ὑπο-
