3974 6140
177 235 274 290 113
1455 241 1914 298 COHORTATIO
1951 243 2050 296 AD
2087 243 2392 297 GENTES.

3527 250 3631 304 114

189 359 329 434 παρὰ
359 361 458 412 τοῦ
487 357 784 435 προτέρου
813 359 1097 419 δεσπότου.
1125 362 1257 417 Τότε
1287 363 1377 417 καὶ
1407 365 1474 418 τὰ
1503 361 1674 419 Ἰλίου
1703 362 1832 436 τείχ·

1982 379 2144 434 gum,
2179 364 2420 436 perinde
2451 381 2516 420 ac
2548 364 2762 422 Helotae
2797 367 3393 440 Lacedaemoniorum,
3421 371 3624 439 subiit,

194 445 721 521 ἀνῳκοδομησάτην
773 455 855 521 τῷ
905 451 1102 525 Φρυγί.
1151 453 1397 526 ’Όμηρος
1430 451 1487 506 δὲ
1514 453 1613 520 τὴν
1642 453 1868 520 Ἀθηνᾶν

196 537 292 592 οὐκ
322 537 650 613 αῗσχύνεται
683 539 1043 616 παραφαίνειν
1079 539 1250 615 λέγων
1298 546 1379 612 τῷ
1431 539 1698 609 Ὀδυσσεῖ’
1729 540 1866 615 χρύ’

191 649 304 683 σεον
367 626 581 702 λύχνον
645 626 885 683 ἔχουσαν
943 628 997 682 ἐν
1058 635 1269 704 χεροῖν.
1315 632 1428 698 Τὴν
1491 627 1546 684 δὲ
1606 627 1864 706 Ἀφροδί-

189 738 290 787 την
320 717 659 792 ἀνέγνωμεν,
695 718 813 772 οἷον
847 716 1148 772 ἀκόλαστόν
1198 739 1250 773 τι
1301 715 1729 792 θεραπαινίδιον,
1757 739 1864 772 πα-

193 812 431 880 ραθεῖναι
466 805 742 882 φέρουσαν
792 810 862 880 τῇ
911 805 1104 880 Ἑλένῃ
1147 808 1238 862 τὸν
1292 804 1483 884 δίφρον
1522 811 1625 862 τοῦ
1658 812 1862 883 μοιχοῦ

193 894 329 949 κατᾶ
360 893 686 968 πρόσωπον,
711 893 862 956 ὅπως
886 894 1048 948 αὐτὸν
1079 894 1153 956 εἷς
1177 893 1463 948 συνουσίαν
1493 895 1856 971 ὑπαγάγηται.

191 982 466 1045 Πανύασις
495 984 624 1058 γὰρ,
653 983 792 1057 πρὸς
820 983 1059 1052 τούτοις,
1109 984 1196 1037 καὶ
1248 981 1454 1045 ἄΛλους
1487 983 1856 1056 παμπόλλους

187 1073 503 1147 ἀνθρώποις
538 1070 834 1142 λατρεῦσαι
869 1071 1023 1132 θεοὺς
1059 1072 1286 1148 ἱστορεῖ,
1320 1070 1426 1126 ὧδέ
1457 1093 1573 1134 πως
1605 1071 1851 1148 γράφων

1983 452 2181 524 Apollo
2232 453 2469 524 quidem
2520 453 2723 510 Pheris
2771 457 2925 528 apud
2977 457 3312 527 Admetum,
3345 461 3627 517 Hercules

1979 545 2174 596 autem
2208 542 2406 596 Sardis
2439 544 2591 614 apud
2627 543 2948 615 Omphalen
2972 561 2986 600 :
3009 546 3388 602 Lacmedonti
3414 549 3627 622 Phrygi

1976 631 2212 685 servivit
2241 631 2570 702 Neptunus,
2605 633 2862 704 itemque
2892 633 3121 705 Apollo,
3149 636 3372 691 inutilis
3403 637 3627 694 scilicet

1975 736 2198 784 servus,
2233 720 2398 790 quia
2429 720 2607 791 priori
2664 723 2904 778 domino
2958 722 3289 779 libertatem
3347 728 3627 798 consequi

1975 826 2088 863 non
2121 810 2348 880 potuit;
2383 826 2498 880 quo
2520 814 2781 881 tempore
2805 812 2876 866 ab
2901 811 3018 866 illis
3039 813 3366 870 instaurata
3390 817 3627 872 fuerunt

1973 900 2057 954 Ilii
2095 900 2326 956 moenia.
2354 904 2640 956 Homerus
2672 907 2866 956 autem
2899 903 3092 958 dicere
3125 922 3239 958 non
3273 910 3361 960 est
3383 907 3622 973 veritus,

1969 989 2282 1043 Minervam
2317 988 2509 1060 Ulyssi
2537 990 3124 1059 prwluxisse,aureum
3147 994 3402 1064 lychnum
3423 998 3480 1050 in
3503 1013 3622 1050 ma-

1964 1077 2128 1132 nibus
2159 1081 2449 1132 tenentem.
2469 1078 2752 1133 Venerem
2774 1095 2909 1134 vero
2939 1080 3211 1150 legimus,
3233 1083 3396 1138 velut
3428 1083 3621 1156 impu-

187 1164 382 1219 dicam
418 1163 688 1234 aliquam
717 1163 1229 1227 ancillam,sellam
1264 1163 1490 1218 Helenae
1520 1163 1866 1235 apposuisse
1893 1181 1960 1220 ex
1991 1167 2303 1222 adversum
2337 1166 2739 1237 adultero,quo
2771 1184 2902 1222 eum
2940 1170 3010 1223 ad
3045 1171 3263 1226 coitum
3295 1171 3610 1241 pelliceret.

192 1253 482 1324 Panyasis
513 1252 793 1323 denique,
827 1256 1037 1323 praeter
1068 1252 1198 1317 hos,
1227 1251 1370 1307 alios
1402 1268 1635 1324 quoque
1668 1253 1863 1325 plures
1895 1255 2036 1310 deos
2068 1257 2240 1310 refert
2272 1255 2612 1310 hominibus
2647 1256 2936 1326 serviisse,
2966 1258 3049 1312 sic
3080 1259 3342 1314 scribens
3375 1275 3387 1313 :

256 1366 380 1436 Τλῆ
436 1367 534 1438 μὲν
599 1369 895 1441 Δημήτηρ,
950 1363 1058 1431 τλῆ
1118 1363 1177 1420 δέ
1232 1364 1433 1428 κλυτὸς
1467 1367 1850 1444 Ἀμφιγυήεις,

253 1510 374 1581 Τλῆ
437 1507 498 1565 δὲ
556 1507 890 1578 Ποσειδάων,
945 1507 1052 1574 τλῆ
1108 1506 1157 1563 δ’
1209 1509 1571 1586 ἀργυρότοξος
1644 1509 1851 1586 Ἀπόλ-

256 1649 451 1726 ’ᾼνδοξ
509 1653 657 1726 παρᾷι
706 1654 890 1726 θνητῷ
946 1649 1276 1726 θητευσέμεν
1477 1580 1849 1726 εἰςίένιαύζόινῒ

251 1723 371 1790 Τλῆ
433 1723 495 1780 δὲ
550 1721 640 1779 καὶ
699 1725 728 1777 6
791 1721 1134 1800 βριμόθυμος
1183 1721 1434 1799 ”Αρής,’
1477 1725 1611 1800 ὑπο-
1645 1726 1847 1800 πατρὸς

1565 1794 1843 1872 [ἅινιπὶγκὴς⁸
1880 1798 1926 1862 Β

179 1913 266 1967 καὶ
297 1913 371 1967 τὰ
401 1911 494 1966 ἐπὶ
524 1911 744 1973 τούτοις
941 1909 1172 1972 Τούτοις
1221 1909 1314 1966 οὖν
1363 1909 1588 1973 εἰκότως
1633 1908 1841 1984 ἕπεται,

174 1999 303 2061 τοὺς
335 1999 643 2072 ἐρωτικοὺς
678 1999 831 2071 ὑμῶν
853 1998 944 2054 καὶ
966 1999 1306 2069 παθητικοὺς
1325 1999 1552 2064 τούτους
1572 2000 1726 2064 θεοὺς
1749 2002 1840 2055 ἆν-

179 2089 579 2162 θρωποπαθεῖς
632 2086 692 2142 ἐκ
741 2088 939 2150 παντὸς
999 2087 1235 2161 εἰσάγειν
1290 2087 1536 2163 τρόπου’
1597 2088 1697 2145 Καὶ
1739 2091 1840 2165 γὰρ

169 2173 263 2246 ἔην
315 2177 527 2238 κείνοις
579 2177 776 2246 θνητὸς
825 2176 997 2252 χρώς.
1048 2181 1354 2249 Τεκμηριοῖ
1383 2175 1441 2232 δὲ
1477 2179 1734 2252 ’Όμηρος
1763 2180 1840 2252 (2)

171 2266 323 2338 μάλα
356 2260 630 2342 ἀκριϐῶς,
662 2263 992 2342 ’Δφροδίτην
1038 2263 1126 2320 ἐπὶ
1155 2270 1236 2332 τῷ
1263 2265 1535 2341 τραύματι
1565 2268 1839 2340 παρεισά-

167 2376 283 2429 γων
315 2354 412 2426 ὀξὺ
470 2355 559 2409 καὶ
627 2355 770 2429 μέγα
820 2355 1108 2428 ἰάχουσαν·
1171 2352 1332 2408 αὐτὸν
1385 2375 1444 2408 τε
1482 2354 1574 2410 τὸν
1603 2353 1840 2428 πολεμι-

165 2447 421 2499 κώτατον
483 2445 625 2518 ’Δρη
684 2443 787 2497 ὑπὸ
840 2448 937 2498 τοῦ
995 2441 1308 2516 Διομήδους
1350 2443 1485 2498 κατά
1511 2449 1608 2499 τοῦ
1638 2449 1839 2499 κενεῶ-

167 2555 264 2593 νος
297 2533 644 2605 οὖτασμένον
707 2530 1096 2607 διηγούμενος.
1159 2530 1427 2605 Πολέμων
1491 2530 1570 2603 δὲ,
1615 2533 1706 2588 καὶ
1737 2535 1836 2602 τὴν

172 2624 416 2692 ’Δθηνᾶν
495 2622 600 2676 ὑπὸ
669 2620 930 2695 Ὀρνύτου
994 2623 1272 2698 τρωθῆναι
1340 2619 1506 2696 λέγει’
1572 2623 1660 2677 ναὶ
1731 2623 1836 2695 μὴν

171 2711 390 2765 καὶτὸν
454 2707 728 2767 ’Δϊδωνέα
779 2709 886 2764 ὐπὸ
941 2709 1273 2785 Ἡρακλέους
1313 2710 1630 2780 τοξευθῆναι
1661 2713 1843 2784 ’Ὁμη-

179 2820 274 2874 ρος
334 2797 510 2873 λέγει·
564 2797 657 2852 καὶ
713 2799 805 2852 τὸν
878 2797 1092 2854 Ἠλεῖον
1163 2798 1371 2875 Αὐγέαν
1433 2802 1507 2872 (3)
1566 2799 1840 2864 Πανύασις

179 2889 409 2962 ἱστορεῖ·
465 2884 577 2958 ἤδη
638 2884 696 2941 δὲ
751 2886 840 2941 καὶ
895 2887 996 2956 τήν
1043 2889 1212 2963 *Πραν
1260 2887 1360 2957 τήν
1413 2886 1591 2962 ζυγίαν
1633 2889 1840 2962 ἱστορεῖ

180 2976 281 3030 ὑπὸ
318 2981 416 3030 τοῦ
450 2975 622 3030 αὐτοῦ
672 2972 1002 3050 Ἡρακλέους
1063 2976 1092 3031 6
1149 2975 1309 3038 αὐτὸς
1364 2977 1522 3038 οὗτος
1569 2976 1837 3039 Πανύασις

175 3065 227 3118 ἐν
291 3064 466 3137 Πύλῳ
521 3065 845 3139 ημαθόεντι·
907 3059 1177 3126 Σωσίϐιος
1257 3062 1315 3120 δὲ
1381 3065 1471 3120 καὶ
1525 3065 1617 3120 τὸν
1678 3067 1838 3141 Ἦρα-

2037 1368 2318 1424 Sustinuit
2365 1369 2581 1440 quidem
2633 1369 2810 1438 Ceres,
2835 1371 3103 1427 sustinuit
3143 1374 3449 1444 praeturas
3477 1375 3613 1430 Mut-

2034 1510 2314 1568 Sustinuit
2380 1513 2685 1583 Neptunus,
2743 1513 3014 1568 sustinuit
3065 1516 3237 1569 etiam
3291 1445 3612 1584 ανίὲέῗτῗὲίιηι

2843 1583 3060 1657 [arcum
3091 1585 3296 1641 habens
3325 1583 3536 1656 Apollo,

2031 1655 2262 1708 Mortali
2289 1653 2410 1710 viro
2440 1671 2653 1709 annum
2685 1653 2893 1712 servire
2919 1672 2940 1717 ,'

2028 1725 2312 1780 Sustinuit
2341 1727 2516 1782 etiam
2543 1729 2704 1796 ferox
2731 1728 2880 1783 Mars
2906 1743 2941 1782 a
2965 1733 3128 1798 patre
3150 1732 3399 1796 coactus;

1953 1917 2012 1968 et
2041 1931 2170 1985 quas
2203 1914 2479 1986 deinceps
2529 1917 2884 1986 sequuntur.
2917 1915 3038 1970 Erit
3066 1915 3259 1987 itaque
3290 1923 3601 1975 consenta-

1953 2017 2152 2069 neum,
2185 2007 2252 2058 ut
2293 2003 2420 2072 jam
2471 2003 2637 2059 vobis
2687 2005 3008 2075 ostendam,
3040 2004 3148 2060 hos
3182 2010 3406 2061 vestros
3437 2008 3600 2076 deos,

1953 2091 2052 2163 qui
2099 2109 2297 2147 amore
2343 2091 2648 2163 languent,
2680 2097 2735 2148 et
2763 2092 2944 2148 animi
2973 2092 3036 2156 ›Χ‹
3063 2095 3602 2165 perturbationibus

1949 2185 2255 2248 vexantur,
2309 2181 2534 2235 caeteris
2583 2197 2817 2252 quoque
2869 2181 3146 2237 omnibus
3201 2199 3350 2254 quos
3408 2183 3603 2238 homi-

1952 2285 2056 2324 nes
2114 2269 2232 2340 pati
2291 2268 2504 2337 solent,
2563 2270 2870 2325 affectibus
2929 2270 3210 2326 obnoxios
3269 2287 3606 2327 esseznam

1949 2358 2067 2412 illis
2097 2358 2332 2413 mortale
2359 2373 2554 2429 corpus
2575 2361 2722 2414 erat.
2751 2362 2870 2414 Hoc
2893 2363 3089 2414 autem
3111 2359 3422 2415 manifeste
3452 2360 3604 2414 indi-

1950 2451 2044 2501 cat
2072 2446 2384 2513 Homerus,
2415 2462 2549 2502 cum
2581 2445 2858 2503 Venerem
2919 2464 3032 2518 pra:
3079 2446 3420 2502 vulneribus
3450 2453 3610 2502 acute

1949 2535 2303 2605 graviterque
2329 2533 2664 2590 clamantem
2696 2534 2962 2603 inducit;
3014 2535 3329 2604 ipsumque
3359 2539 3603 2590 Martem

1949 2623 2088 2680 belli
2122 2629 2330 2690 Deum,
2355 2640 2388 2678 a
2411 2623 2689 2678 Diomede
2720 2622 2903 2678 fuisse
2930 2631 3120 2678 ventre
3165 2625 3437 2678 sociatum
3467 2641 3604 2678 nar-

1950 2719 2058 2770 rat.
2092 2714 2328 2770 Polemo
2360 2718 2552 2769 autem
2586 2714 2778 2781 refert,
2814 2713 3136 2769 Minervam
3184 2714 3359 2769 etiam
3394 2716 3464 2770 ab
3497 2715 3603 2770 Or-

1950 2808 2087 2876 nyte
2115 2802 2472 2858 vulneratam
2507 2802 2710 2858 fuisse.
2743 2802 2891 2869 Quin
2941 2801 3118 2858 etiam
3168 2803 3476 2860 Plutonem
3527 2804 3600 2859 ab

1949 2891 2194 2948 Hercule
2217 2890 2429 2963 sagitta
2458 2891 2641 2946 ictum
2673 2891 2814 2946 dicit
2834 2891 3120 2947 Homerus
3145 2909 3158 2946 :
3184 2893 3339 2963 quod
3362 2893 3433 2948 de
3465 2891 3601 2948 Eleo

1948 2996 2181 3052 quoque
2209 2982 2409 3053 Augea
2437 2980 2618 3036 tradit
2647 2979 2960 3053 Panyasis:
2984 2980 3084 3052 qui
3105 2981 3397 3037 Junonem
3420 2981 3600 3037 etiam

1948 3071 2276 3141 pronubam
2309 3071 2370 3124 in
2399 3071 2534 3142 Pylo
2563 3085 2795 3126 arenosa
2841 3071 2911 3125 ab
2961 3071 3162 3125 eodem
3193 3069 3436 3126 Hercule
3464 3069 3566 3125 vul

177 3154 312 3209 κλέα
337 3153 479 3230 πρὸς
504 3159 613 3210 τῶν
661 3153 1138 3210 Ἱπποκοωντιδῶν
1189 3156 1326 3210 κατᾶ
1366 3161 1467 3224 τῆς
1514 3156 1706 3231 χειρὸς
1737 3155 1832 3210 οὐ·

1965 3163 2212 3215 1eratam
2265 3157 2450 3215 fuisse
2498 3164 2806 3214 memorat.
2839 3159 3103 3214 Sosibius
3152 3164 3347 3214 autem
3403 3161 3603 3226 refert,

177 3246 442 3312 τασθῆναι
477 3240 644 3318 λέγει.
696 3243 763 3299 Ei
813 3241 881 3313 δὴ
929 3242 1234 3318 τραύματα,
1265 3242 1357 3298 καὶ
1387 3241 1612 3316 α’ίματαο
1648 3244 1699 3298 οἳ
1728 3244 1834 3318 γὰρ

179 3331 382 3407 ἲχῶρες
415 3334 471 3387 οἱ
500 3332 782 3402 ποιητικοί
834 3329 1232 3408 είδεχθέστεροι
1281 3332 1372 3386 καὶ
1427 3336 1535 3386 τῶν
1565 3330 1832 3405 αἱμάτων·

178 3425 338 3494 σῆψις
367 3422 478 3495 γὰρ
512 3419 744 3492 αἵματος
795 3420 942 3496 ἰχὼρ
993 3426 1220 3476 νοεῖται.
1271 3421 1508 3495 Ἀνάγκη
1539 3419 1720 3475 τοίνυν
1752 3422 1836 3476 θε-

177 3511 398 3585 ραπείας
455 3511 546 3564 καὶ
605 3510 812 3584 τροφὰς
890 3511 1234 3584 παρεισάγειν
1310 3507 1515 3580 αὺτοῖς,
1573 3511 1646 3564 ὧν
1706 3511 1838 3565 εἰσιν

172 3597 391 3660 ἐνδεεῖς.
429 3599 524 3654 Διὸ
554 3597 839 3672 τράπεζαι,
900 3599 991 3653 καὶ
1047 3598 1227 3670 μέθαι,
1285 3597 1375 3652 καὶ
1432 3597 1692 3672 γέλωτες,
1745 3597 1834 3654 καὶ

173 3689 474 3759 συνουσίαι,
531 3687 632 3742 οὐκ
687 3688 748 3740 ἄν
829 3684 1171 3764 ἀφροδισίοις
1249 3689 1554 3762 χρωμένων
1625 3688 1837 3761 ἀνθρώ-

168 3799 292 3840 ⁸ποις
326 3779 434 3850 (4),
469 3773 596 3831 οὐδὲ
642 3771 1184 3848 παιδοποιουμένων.
1237 3773 1363 3829 οὐδὲ
1412 3777 1520 3848 μὴν
1559 3775 1836 3830 ὁπνωσόν-

164 3885 292 3934 των,
328 3865 375 3920 εἰ
428 3864 717 3932 ἀθάνατοι,
770 3864 860 3918 καὶ
911 3860 1200 3930 ἂνενδεεῖς,
1246 3863 1336 3917 καὶ
1382 3863 1601 3938 ἀγήρως
1649 3864 1834 3939 ὑωῆρ-

168 3975 296 4030 χον.
362 3948 652 4011 Μετέλαϐε
711 3951 768 4007 δὲ
818 3953 908 4008 καὶ
963 3950 1240 4026 τραπέζης
1295 3951 1640 4024 ἀνθρωπίνης
1690 3953 1836 4027 ποιρᾶ

161 4049 280 4105 ¹τοῖς
314 4042 597 4115 Αἰθίοψιν,
644 4041 1018 4115 ἀπανθρώπου
1071 4037 1130 4094 δὲ
1181 4040 1271 4094 καὶ
1318 4040 1579 4112 ἀθέσμου,
1613 4040 1774 4103 αὐτὸς
1806 4042 1833 4096 ό

173 4133 325 4200 Ζευς,
384 4132 537 4202 παρὰ
589 4129 821 4185 Λυκάονι
878 4132 978 4202 (5),
1055 4133 1135 4200 τῷ
1193 4127 1418 4203 Ἀρκάδι
1476 4130 1825 4202 έστιώμενος.

166 4219 559 4294 Ἀνθρωπείων
633 4223 762 4294 γοῦν
831 4218 1140 4292 ἐνεφορεῖτο
1197 4221 1432 4291 σαρκῶν,
1495 4217 1608 4294 οὐχ
1673 4218 1831 4272 ἑκών·

176 4309 362 4385 ἠγνόει
417 4307 523 4383 γὰρ
575 4307 603 4361 6
661 4307 814 4376 Θεὸς,
869 4307 944 4368 ὡς
1004 4303 1107 4382 ἄρα
1163 4306 1390 4360 Λυκάων
1448 4307 1476 4360 6
1535 4305 1750 4380 Ἀρκὰς,
1805 4308 1833 4361 6

175 4398 438 4472 έστιιὴωρ
499 4397 690 4464 αὐτοῦ,
744 4395 838 4450 τὸν
892 4391 1062 4449 παῖδα
1115 4395 1453 4472 κατασφάξας
1506 4395 1598 4450 τὸν
1647 4396 1833 4466 αὑτοῦ,

247 4559 309 4622 νιι
338 4552 401 4605 Ρ.
435 4551 500 4605 31
535 4550 647 4606 sn.
683 4550 982 4622 po'r'rsa,
1011 4550 1082 4604 23
1107 4549 1218 4604 ED.
1253 4549 1482 4605 PARIS.

1947 3248 2136 3319 ipsius
2163 3249 2337 3302 etiam
2363 3247 2630 3302 Herculis
2661 3264 2903 3302 manum
2926 3247 2998 3302 ab
3017 3247 3434 3318 Hippocoontis
3465 3248 3603 3303 filiis

1948 3336 2270 3392 sauciatam
2303 3337 2500 3391 fuisse.
2535 3337 2698 3402 Quod
2735 3335 2784 3390 si
2830 3343 2964 3390 sunt
3011 3335 3276 3406 vulnera,
3309 3341 3399 3391 est
3427 3337 3603 3392 etiam

1947 3426 2211 3496 sanguis.
2244 3425 2447 3480 Sanies
2479 3423 2637 3478 enim
2671 3423 2916 3495 poetica,
2944 3440 3120 3494 quam
3155 3421 3339 3497 ἰχῶρα
3370 3430 3605 3490 vocant,

1947 3517 2037 3568 est
2083 3513 2212 3585 ipso
2262 3513 2550 3585 sanguine
2580 3513 2807 3584 turpior
2841 3530 2854 3568 :
2885 3529 3019 3567 nam
3054 3513 3326 3583 putridus
3358 3513 3605 3583 sanguis

1944 3601 2090 3674 ίχωρ
2116 3601 2348 3656 dicitur.
2365 3603 2434 3656 Et
2455 3600 2786 3656 curatianes
2808 3606 3030 3671 ergo,et
3051 3599 3431 3665 nutrimenta,
3467 3600 3598 3669 qui-

1944 3691 2057 3747 bus
2087 3689 2372 3761 indigent,
2399 3703 2636 3744 necesse
2659 3694 2747 3742 est
2769 3689 3066 3743 inducere.
3092 3690 3280 3753 Quare
3301 3693 3359 3743 et
3381 3703 3596 3743 mensae

1945 3795 2146 3834 eorum
2176 3783 2602 3844 memorantur,
2635 3779 2693 3831 et
2726 3775 3212 3845 compotationes,
3243 3781 3300 3831 et
3329 3776 3508 3846 risus,
3541 3780 3599 3832 et

1944 3868 2128 3924 coitus
2154 3883 2167 3921 :
2194 3882 2327 3921 cum
2361 3881 2434 3920 ne
2466 3865 2735 3921 homines
2766 3864 3006 3936 quidem
3038 3881 3244 3921 venere
3267 3870 3593 3932 uterentur,

1945 3954 2266 4012 autliberis
2298 3970 2536 4025 operam
2571 3955 2800 4018 darent,
2825 3957 2928 4008 aut
2957 3969 3166 4009 somno
3199 3953 3593 4027 induigerent,

1944 4045 1993 4100 si
2011 4048 2210 4100 essent
2229 4042 2615 4113 immortales,
2647 4052 2702 4098 et
2722 4041 2948 4098 nullius
2971 4043 3179 4115 indigi,
3204 4044 3470 4115 seniique
3498 4059 3595 4098 ex-

1945 4137 2157 4203 pertes.
2187 4132 2420 4203 Jupiter
2449 4147 2580 4187 vero
2629 4131 2757 4203 ipse
2806 4131 3078 4186 humanae
3111 4133 3347 4202 quidem
3379 4147 3594 4186 mensae

1945 4222 2240 4293 particeps
2272 4220 2380 4275 fuit
2411 4221 2565 4292 apud
2589 4219 3014 4290 Ethiopesﬂi
3043 4219 3374 4274 inhumanae
3399 4223 3593 4272 antem

1944 4315 2001 4366 et
2045 4309 2304 4376 nefariae,
2356 4325 2490 4364 cum
2530 4325 2563 4361 a
2612 4309 2876 4379 Lycaone
2933 4305 3152 4360 Arcade
3209 4305 3591 4376 exciperetur.

1945 4398 2095 4453 Tum
2127 4397 2285 4453 enim
2335 4395 2616 4451 humanis
2663 4393 2942 4449 carnibus
2989 4393 3386 4461 saturabatur,
3418 4393 3594 4465 idque

192 4719 427 4766 morem,
459 4717 577 4772 quo
607 4701 809 4756 fideles
861 4699 1157 4772 utilesque
1203 4699 1356 4755 servi
1411 4704 1544 4770 post
1593 4701 1830 4772 aliquod
1865 4682 1908 4746 Ῑ)
1941 4701 2054 4755 iius
2084 4698 2180 4760 τὰς
2219 4697 2412 4753 Ἠλίου
2443 4697 2632 4772 αὐγάς,
2662 4699 2806 4756 Solis
2836 4698 3055 4772 radios.
3089 4697 3394 4753 Herculem
3427 4696 3582 4772 enim

188 4780 418 4845 tempus
454 4773 725 4828 libertate
773 4773 1164 4827 donabantur.
1212 4772 1375 4827 Conf.
1426 4772 1828 4843 Archwotogix

189 4844 380 4901 Grata:
409 4844 513 4898 lib.
548 4860 587 4911 ι,
622 4860 748 4912 cap.
782 4845 867 4898 10.

252 4915 750 4986 (99)Θητευσέμεν.
813 4913 1232 4986 Accipiendum
1298 4929 1400 4986 pro
1453 4913 1670 4968 aoristo
1732 4914 1832 4982 θη-

190 4983 376 5053 τεςσαι,
412 4994 512 5041 aut
546 4983 814 5056 praesenti
846 4983 1106 5056 tempore
1137 4983 1452 5056 θητευέμεν.
1485 4987 1767 5040 SYLBURG.

253 5060 318 5128 (ll
353 5057 453 5114 Καὶ
502 5054 570 5111 τᾶ
617 5056 706 5110 ἐπὶ
760 5054 1000 5116 τούτοις.
1033 5057 1146 5128 Sic_
1177 5065 1337 5128 recte
1375 5054 1516 5128 NOV.
1550 5062 1606 5110 et
1640 5063 1830 5128 poste-

199 5125 361 5185 riores
411 5130 733 5185 Clementis
779 5128 1090 5185 editiones.
1124 5126 1239 5182 Sed
1283 5125 1351 5178 τὰ
1397 5125 1676 5182 omittunt
1705 5126 1835 5182 Flo-

201 5207 334 5256 reat.
368 5202 557 5257 SYLBU
567 5218 658 5256 ac.

251 5272 626 5346 (2),”Ομηρος.
661 5270 831 5346 Conf.
862 5269 1184 5346 de_Yenere
1222 5267 1381 5346 Iliad.
1411 5269 1475 5334 E,
1509 5285 1659 5323 vers.
1687 5264 1828 5335 343;

199 5339 540 5405 de‘Plutone'.
573 5361 626 5398 v.
661 5343 810 5408 395;
845 5343 915 5395 de
946 5339 1147 5400 Marte.
1175 5339 1387 5408 17.78755.

254 5416 320 5482 (3)
347 5416 447 5469 Τὸν
500 5414 726 5470 Ἠλεῖον
782 5407 1010 5482 Αὐγέαν.
1042 5409 1141 5462 Τὸν
1175 5407 1369 5482 Ἡλίου
1420 5407 1652 5482 Αὐγέαν,
1685 5409 1836 5465 Solis

198 5475 346 5549 ﬁlium
376 5491 656 5559 Augeam,
673 5485 816 5559 Nov.
843 5475 1435 5559 Utrumquetolerarj
1471 5475 1688 5552 potest;
1714 5489 1838 5536 erat

197 5558 323 5635 enim
350 5551 602 5635 Aug'eas,
629 5557 834 5635 Eleus,
857 5551 1288 5635 et§oliéﬂl_i.us.
1315 5552 1423 5635 Sed
1449 5551 1553 5606 cur
1578 5560 1833 5635 {lugeam

197 5626 318 5684 inter
346 5622 483 5690 deos
516 5622 825 5692 numeret,
845 5626 996 5681 ratio
1023 5640 1137 5681 non
1163 5622 1712 5695 liquet.Legendum
1735 5642 1837 5696 po-

1937 4773 2151 4827 iratum
2171 4773 2365 4826 ferunt
2387 4769 2616 4841 sagittis
2629 4773 2755 4827 suis
2768 4769 2953 4825 Solem
2970 4771 3165 4840 ipsum
3187 4770 3586 4841 percussisse:

1940 4843 2367 4914 Apollodorus,
2389 4839 2715 4914 Bibliothec.
2747 4843 2849 4897 lib.
2885 4859 2946 4910 Il,
2980 4839 3106 4914 cap.
3143 4843 3208 4895 10
3241 4839 3587 4914 εῃΘερΑμαιν-ότ

1946 4909 2104 4984 μενος
2138 4909 2328 4984 δὶνὺπὸ
2360 4911 2549 4968 Ἠλίου
2596 4913 2733 4968 κατὰ
2773 4914 2873 4980 τήν
2924 4909 3174 4984 πορείαν,
3217 4910 3280 4964 τὸ
3310 4909 3467 4979 τόξον
3501 4910 3588 4963 ἐπὶ

1939 4983 2030 5038 τὸν
2055 4984 2172 5038 θεὸν
2207 4983 2481 5039 ἐνέτεινεν
2518 4987 2618 5044 Ubi
2644 5001 2772 5041 vero
2802 4989 2859 5039 in
2889 4983 3088 5038 itinere
3117 4984 3258 5037 Solis
3289 4985 3466 5037 radiis
3496 4999 3590 5036 ca-

1947 5057 2172 5127 leﬁeret,
2196 5074 2390 5112 arcum
2412 5059 2465 5112 in
2488 5059 2649 5112 deum
2671 5060 2851 5125 ipsum
2868 5054 3291 5127 intendit.Quod
3318 5056 3591 5120 ignorans

1945 5125 2196 5200 scriptor
2226 5128 2440 5200 aliquis
2468 5129 2525 5200 in
2551 5127 2794 5200 poeticis
2833 5125 3042 5200 fabulis
3066 5127 3271 5200 minus
3301 5131 3591 5200 versatus,

1944 5199 2036 5252 τὸν
2066 5197 2253 5266 ἡλίου,
2285 5197 2371 5254 vel
2405 5197 2618 5253 Ἠλεῖον
2653 5197 2856 5271 Αὐγέαν
2891 5197 3267 5271 substituisse
3298 5197 3544 5250 videtur.

2017 5271 2093 5342 (4)
2124 5271 2482 5344 ’ᾼνθρώποις.
2521 5267 2784 5344 ⁸Ηροιίιίει
2832 5267 3156 5344 ἀνθρώπων.
3202 5273 3490 5344 SYL_BU_RG.
3523 5298 3592 5324 --τ

1949 5338 2103 5413 Idem
2138 5338 2346 5397 deinde
2379 5360 2478 5413 pro
2514 5339 2894 5413 ὑπνωσόντων,
2916 5338 3105 5413 legere
3130 5338 3350 5413 mavult
3383 5338 3593 5413 61won

1947 5411 2172 5486 σόντων.
2198 5419 2326 5470 Mox
2358 5406 2672 5486 legendum
2696 5412 2912 5484 ἀγήρῳ.
2938 5406 3168 5466 Hesiod.
3216 5409 3468 5463 ἀθάνατοι
3500 5406 3591 5462 καὶ

1947 5483 2155 5548 ἀγήρῳ-

1979 5505 2381 5624 Y{bavi-Mommt.
2442 5555 2717 5624 Λυκάωνι,
2747 5553 2887 5608 Nov.
2934 5556 3080 5618 Mox,
3126 5549 3425 5627 ἐνεφερεῖτο
3485 5569 3589 5622 pro

1948 5622 2272 5702 ἐνεφορεῖτο.
2304 5627 2484 5682 Idem.
