3974 6140
242 227 409 283 145’

1507 234 1968 291 OOHORTATIO
2004 238 2103 290 AD
2139 236 2443 291 GENTES.

3583 247 3687 304 146

247 348 388 419 ὕλης
415 349 696 422 αἲσθητῆς
726 352 1005 423 αἲσθητόνο
1028 354 1226 424 νοητὸν
1268 352 1324 411 δὲ
1368 356 1431 410 τὸ
1481 354 1709 431 ἄγαλμά
1751 355 1850 412 ἐστι

2028 364 2131 414 aut
2160 359 2553 429 daemonibus,
2574 361 2699 430 sed,
2726 380 2794 418 ex
2825 365 3039 436 quibus
3065 372 3341 424 constant
3364 370 3686 426 simulacra

245 441 275 494 ὃ
306 441 457 508 Θεὸς,
490 441 520 495 ὁ
557 442 727 514 μόνος
762 440 935 506 ὅντως
977 444 1128 506 Θεός.
1164 445 1261 500 Καὶ
1294 443 1360 514 δὴ
1413 441 1653 517 ἔμπαλιν
1704 446 1756 500 ἐν
1809 449 1910 500 αύ-

241 535 366 592 ταῖς
404 548 514 583 που
559 536 681 591 ταῖς
730 534 1106 608 περιστάσεσιν
1155 535 1207 588 οἱ
1264 531 1683 607 δεισιδαίμονες,
1717 537 1769 589 οἱ
1798 539 1906 589 τῶν

245 616 417 681 λίθων
446 620 855 693 προσκυνηταὶ,
901 615 1043 697 ἔργῳ
1084 622 1347 695 μαθόντες
1395 623 1717 693 ἀναίσθητον
1768 622 1905 694 ὕλην

249 708 329 779 μὴ
362 702 563 777 σέϐειν,
590 709 767 778 αὐτῆς
798 710 1111 783 ἡττώμενοι
1160 717 1262 780 τῆς
1310 711 1517 787 χρείας.
1567 709 1908 767 ἀπόλλυνται

244 797 355 852 ὑπὸ
430 794 891 871 δεισιδαιμονίας’
951 804 1413 877 καταφρονοῦντες
1475 798 1522 854 δ’
1588 799 1742 873 ὅμως
1796 805 1906 856 τῶν

244 884 605 961 ἀγαλμάτων,
640 888 919 964 φαίνεσθαι
954 886 1012 944 δὲ
1045 890 1121 961 μή
1171 890 1501 965 βουλόμενοι
1545 889 1723 944 αὐτῶν
1756 887 1904 951 ὅλως

244 980 723 1051 περιφρονοῦντες,
756 976 1073 1052 ἐλέγχονται
1113 979 1202 1034 ὑπ’
1240 979 1421 1034 αὐτῶν
1474 982 1583 1033 τῶν
1641 980 1798 1047 θεῶν,
1824 980 1902 1042 οἷς

244 1062 312 1132 δή
344 1066 417 1119 τὰ
446 1064 743 1139 ἀγάλματα
791 1068 1130 1144 πεφήμισται
1164 1069 1296 1140 (51).
1353 1068 1631 1129 Διονύσιος
1679 1069 1774 1141 μὶν
1800 1069 1903 1143 γὰρ

244 1155 273 1208 ὁ
301 1153 584 1229 τύραννος,
615 1156 647 1209 ἁ
687 1153 970 1230 νεώτερος,
1018 1156 1304 1229 θοιμάτιον
1333 1158 1397 1211 τὸ
1427 1156 1660 1232 χρύσεον
1720 1177 1903 1232 περιε-

242 1241 482 1315 λόμενος
508 1247 605 1298 τοῦ
637 1244 764 1306 Διὸς
792 1242 844 1299 ἐν
876 1243 1124 1316 Σικελίᾳ,
1174 1244 1495 1319 προσέταξεν
1539 1245 1688 1319 αύτῷ
1719 1246 1903 1322 ἐρεοῦν

240 1334 600 1407 περιτιθέναι,
656 1334 961 1409 χαριέντως
1012 1337 1208 1411 φήσας,
1266 1339 1428 1391 τοῦτο
1481 1335 1702 1405 ἄμεινον
1762 1338 1901 1390 εἶναι

236 1425 338 1475 τοῦ
395 1422 635 1497 χρυσίου
670 1467 685 1492 ,
744 1422 834 1477 καὶ
895 1425 1085 1499 θέρους
1139 1424 1495 1502 κουφότερον,
1553 1424 1645 1479 καὶ
1703 1425 1900 1500 κρύους

240 1509 645 1585 ἂλεεινότερον,
697 1511 991 1588 Ἀντίοχος
1031 1510 1089 1568 δὲ
1136 1515 1250 1587 (52)
1299 1514 1327 1567 ὁ
1375 1513 1718 1584 Κυζικηνὸς,
1764 1514 1900 1568 ἀπο-

242 1599 513 1673 ρούμενος
554 1619 667 1676 χρη
679 1600 886 1674 μάτων,
913 1605 1011 1657 τοῦ
1042 1603 1166 1665 Διὸς
1186 1603 1251 1657 τὸ
1281 1600 1504 1677 ἄγαλμα
1544 1604 1607 1659 τὸ
1636 1608 1897 1679 χρυσοῦν,

2025 453 2197 502 terra
2228 453 2287 501 et
2312 450 2566 505 artiﬁcio
2600 454 2948 522 persolvunt
2977 456 3059 518 hi,
3094 458 3193 528 qui
3255 456 3395 513 deos
3433 458 3679 515 faciunt.

2019 539 2163 592 Nam
2193 537 2355 592 aliud
2386 545 2544 593 certe
2574 541 2728 595 nihil
2774 548 2864 597 est
2911 544 3318 611 simulacrum,
3350 564 3529 618 quam
3588 549 3683 604 in-

2018 627 2219 681 anima
2240 632 2415 695 terra,
2439 630 2533 683 cui
2563 631 2809 686 artiﬁcis
2839 648 3054 688 manus
3073 634 3326 691 formam
3348 637 3676 709 impressit.

2016 715 2188 787 Apud
2219 733 2329 772 nos
2359 722 2559 772 autem
2591 719 2749 774 haud
2801 722 3045 791 quidem
3090 740 3121 778 e
3171 724 3377 780 sensili
3424 727 3678 783 materia

2018 804 2237 860 sensile
2268 805 2676 875 simulacrum,
2709 809 2812 864 sed
2844 811 3004 881 quod
3029 812 3157 868 sola
3186 820 3388 869 mente
3420 816 3677 887 percipi-—

2017 897 2132 958 tur,
2168 898 2258 948 est
2286 895 2462 963 Deus,
2491 898 2592 967 qui
2625 897 2789 953 solus
2820 916 2953 954 vere
3003 902 3156 957 Deus
3213 908 3323 959 est.
3355 904 3436 959 Ac
3464 921 3671 959 rursus

2016 999 2151 1037 cum
2173 985 2571 1054 superstitiosi
2590 986 2677 1041 illi
2700 989 3003 1056 mortales,
3024 990 3126 1060 qui
3146 990 3375 1062 lapides
3396 993 3668 1061 adorant,

2015 1071 2321 1128 adversam
2352 1073 2651 1129 fortunam
2700 1077 2881 1147 passi,
2929 1095 3000 1132 ex
3043 1079 3173 1150 ipsa
3218 1097 3283 1135 re
3332 1081 3672 1149 didicerint,

2015 1160 2175 1230 quod
2188 1162 2439 1217 materia
2459 1178 2670 1219 sensus
2693 1181 2903 1236 expers
2920 1183 3041 1220 non
3068 1168 3146 1222 sit
3165 1168 3229 1232 ἰ(
3254 1168 3467 1224 divinis
3486 1171 3675 1226 hono-

2012 1248 2176 1303 ribus
2205 1250 2541 1319 afﬁcienda,
2567 1252 2694 1323 ipsa
2713 1256 3066 1310 necessitate
3088 1261 3148 1311 et
3167 1256 3494 1328 indigentia
3509 1258 3667 1326 victi,

2011 1344 2175 1392 metu
2194 1337 2358 1393 falsas
2379 1339 2685 1412 religionis
2705 1342 2987 1398 miseram
3009 1345 3099 1398 sui
3113 1344 3413 1415 jacturam
3433 1346 3640 1416 patiun
3654 1393 3675 1403 -

2011 1431 2145 1494 tur;
2181 1432 2240 1482 et
2267 1444 2403 1483 cum
2433 1429 2754 1487 simulacra
2772 1437 3178 1501 contemnant,
3204 1450 3273 1489 ea
3302 1439 3503 1490 tamen
3524 1452 3669 1490 con-

2011 1519 2276 1572 temnere
2288 1516 2470 1572 videri
2489 1519 2702 1586 nolint,
2716 1520 2983 1591 ipsorum
3001 1521 3272 1587 deorum,
3292 1540 3547 1595 quorum
3563 1541 3667 1579 no-

2009 1604 2273 1661 minibus
2289 1606 2579 1678 inscripta
2597 1614 2756 1672 sunt,
2782 1609 3125 1666 infortuniis
3150 1617 3208 1666 et
3227 1612 3666 1669 calamitatibus

240 1686 628 1744 πεντεκαίδεκα
675 1694 878 1765 πηχῶν
925 1691 990 1746 τὸ
1040 1692 1268 1765 μέγεθος
1321 1690 1404 1759 ὃν,
1448 1693 1741 1765 προσέταξε
1779 1710 1850 1768 χιι

242 1782 426 1805 -.-ᾙ.μ-
503 1780 591 1805 --.Α
644 1786 744 1805 ...9-
783 1778 918 1805 21‘“:
940 1803 952 1805 _
1007 1787 1105 1805 __-__
1159 1780 1237 1805 )___
1272 1780 1477 1805 ,-_[A__,
1510 1779 1605 1805 f'\_,
1634 1802 1645 1805 -
1686 1778 1831 1805 ἓίημἸν

2018 1699 2354 1766 arguuntur.
2389 1696 2535 1750 Nam
2557 1697 2872 1769 Dionysius
2893 1703 3182 1771 tyrannus
3195 1700 3423 1771 junior,
3450 1718 3585 1757 cum
3604 1702 3667 1757 in

2018 1782 2203 1805 D:-£I:_
2233 1800 2466 1805 _-_--__.
2502 1790 2716 1805 _--_L-__
2763 1787 2835 1805 I'_,
2861 1786 2872 1805 9
2920 1787 2939 1805 j
2961 1792 2998 1805 ,ι
3028 1804 3031 1805 ,
3056 1804 3061 1805 ,
3124 1789 3134 1798 -
3247 1794 3256 1805 ι
3317 1789 3328 1800 ι
3446 1789 3480 1805 ι.

242 1782 452 1844 νεῦσαι,
503 1780 593 1833 καὶ
643 1786 744 1850 τῆς
777 1778 953 1845 ἂλκῆς
1004 1787 1106 1851 τῆς
1154 1780 1482 1855 ἆτιμοτέρας
1508 1779 1647 1852 ὕλης
1678 1778 1900 1857 ἄγαλμα

245 1867 637 1939 παραπλήσιον
688 1866 918 1941 ἐκείνῳ,
976 1868 1237 1933 πετάλοις
1278 1869 1722 1946 κεχρυσωμίνον,
1772 1871 1902 1926 ἀνα-

240 1959 416 2012 Θεῖναι
464 1957 657 2013 πάλιν.
691 1958 762 2015 Al
787 1955 846 2013 δὲ
901 1956 1186 2033 χελιδόνες
1237 1961 1372 2033 (53),
1403 1959 1632 2016 καὶτῶν
1694 1958 1896 2035 ὀρνέων

237 2047 309 2101 τὰ
352 2046 610 2117 πλεῖστα,
661 2047 1067 2122 κατεξαιροῦσιν
1107 2050 1221 2121 (54)
1263 2049 1442 2104 αὐτῶν
1480 2052 1591 2104 τῶν
1646 2049 1895 2125 ἀγαλμᾶ-

235 2157 350 2191 των
401 2135 781 2209 εἰσπετόμενα,
828 2132 981 2191 οὐδὲν
1031 2136 1391 2215 φροντίσαντα
1430 2134 1554 2194 οὔτε
1582 2138 1895 2212 Ὀλυμπίου

240 2226 389 2295 Διὸς,
450 2220 576 2280 οὔτε
632 2223 984 2300 Ἐπιδαυρίου
1040 2225 1414 2298 Ἀσκληπιοῦ,
1448 2224 1576 2282 ούδέ
1606 2249 1713 2300 μην
1746 2229 1894 2298 Αθη-

231 2320 330 2376 vi;
386 2311 668 2376 Πολιάδος
696 2314 731 2383 ἢ
768 2313 1076 2390 Σαράπιδος
1109 2314 1436 2392 Αἱγυπτίου.
1486 2317 1616 2392 παρ’
1646 2318 1722 2371 ὢν
1771 2314 1896 2373 οὐδὲ

238 2403 435 2474 αὖτιῖνιι
461 2403 566 2471 τήν
594 2403 946 2474 ἀναισθησίαν
978 2408 1086 2459 τῶν
1137 2404 1470 2481 ἀγαλμάτων
1516 2403 1890 2477 ἐκμανθάνετε.

238 2490 398 2548 Ἀλλ’
429 2492 536 2546 εἰσί
577 2492 672 2566 μὶν
714 2493 1015 2569 κακοῦργοί
1059 2512 1202 2556 τινες
1233 2493 1269 2563 ἢ
1316 2492 1579 2567 πολέμιοι
1636 2493 1894 2568 ἐπιθέμε-

236 2603 348 2650 νοι,
399 2582 454 2636 οἳ
507 2580 579 2637 δι’
626 2580 1075 2659 αἰσχροκέρδειαν
1124 2581 1369 2657 ἐδῄωσαν
1416 2585 1485 2638 τὰ
1538 2583 1678 2659 ἱερὰ,
1705 2584 1796 2638 καὶ
1825 2586 1893 2639 τὰ

239 2672 570 2743 ἀναθήματα
634 2671 905 2742 ἐσύλησαν
942 2717 956 2741 ,
1023 2675 1059 2744 ἢ
1117 2673 1206 2728 καὶ
1264 2674 1402 2728 αύτᾶ
1459 2672 1766 2749 ἐχώνευσαν
1822 2674 1890 2730 τὰ

238 2758 553 2835 ἀγάλματα·
601 2762 693 2816 καὶ
734 2760 781 2816 εἰ
821 2756 1120 2835 Καμϐύσης
1332 2782 1441 2833 τις,
1490 2763 1526 2834 ἢ
1570 2767 1818 2838 Δαρεῖος,
1850 2762 1887 2833 ἢ

233 2848 406 2911 ἄλλος
465 2850 795 2921 μαινόμενος
841 2854 1067 2906 τοιαῦτα
1121 2852 1251 2906 ἅττα
1290 2849 1667 2927 ἐπεχείρησεν,
1709 2851 1798 2907 καὶ
1840 2851 1887 2907 εί

232 2937 327 2992 τὸν
377 2937 685 3012 Αἰγύπτιόν
737 2959 822 2998 τις
867 2935 1173 2994 ἀπέκτεινεν
1233 2940 1422 3008 Ἀπιν,
1453 2938 1602 3015 γελῶ
1655 2941 1768 3013 μὶν,
1801 2941 1884 2995 ὅτι

231 3027 327 3081 τὸν
359 3027 476 3090 θεὸν
528 3026 836 3082 ἀπέκτεινεν
886 3027 1086 3100 αὐτῶν,
1135 3027 1422 3103 ἀγανακτῶ
1469 3025 1548 3098 δὲ,
1581 3027 1626 3083 εἰ
1656 3026 1884 3106 κέρδους

2011 1782 2211 1838 Sicilia
2230 1800 2471 1839 auream
2502 1790 2726 1840 vestem
2755 1786 2878 1841 Jovi
2906 1787 3285 1856 detraxisset,
3305 1789 3489 1861 jussit
3526 1807 3664 1846 eum

2011 1870 2179 1926 indui
2210 1871 2403 1940 lanea,
2421 1873 2610 1928 facete
2637 1874 2863 1942 dicens,
2880 1892 3013 1931 eam
3031 1893 3139 1932 esse
3158 1895 3329 1933 aurea
3347 1880 3623 1934 melwrem
3646 1896 3665 1935 :

2008 1966 2068 2014 ut
2087 1975 2210 2029 qua
2226 1969 2358 2017 esset
2369 1968 2558 2017 astate
2580 1964 2765 2031 levior,
2791 1971 2843 2018 et
2860 1965 3034 2020 hieme
3054 1967 3305 2022 calidior.
3337 1968 3665 2024 Antiochus

2007 2054 2206 2105 autem
2261 2050 2599 2122 Cyzicenus,
2628 2069 2763 2107 cum
2804 2060 3004 2126 egeret
3048 2056 3323 2127 pecunia,
3362 2057 3518 2113 lovis
3561 2073 3669 2112 au-

2007 2153 2170 2193 ream
2220 2143 2495 2205 statuam,
2539 2156 2671 2211 qua
2730 2141 3074 2212 quindecim
3134 2144 3471 2201 cubitorum
3516 2152 3663 2214 erat,

2003 2225 2172 2280 fundi
2195 2227 2401 2297 jussit,
2433 2234 2494 2283 et
2522 2244 2592 2283 ex
2617 2228 2735 2284 alia
2755 2230 2947 2285 viliori
2978 2232 3230 2287 materia
3270 2238 3528 2289 statuam
3575 2234 3665 2290 illi

2005 2314 2302 2383 similem,
2357 2316 2597 2373 laminis
2644 2318 3001 2382 inauratam,
3061 2320 3191 2392 ejus
3248 2321 3380 2377 loco
3430 2324 3661 2395 reponi.

2002 2403 2339 2468 Quinetiam
2369 2405 2747 2472 hirundines,
2770 2407 3023 2478 aliaeque
3053 2425 3189 2465 aves
3205 2412 3662 2482 quamplurima

2002 2491 2366 2563 advolentes,
2418 2494 2580 2550 alvos
2628 2495 2690 2549 in
2740 2496 2871 2567 ipsa
2940 2497 3259 2553 simulacra
3314 2505 3658 2567 exonerant,

2000 2580 2169 2637 nulla
2196 2582 2427 2637 ratione
2458 2582 2681 2650 habita,
2713 2590 2815 2638 aut
2861 2584 3115 2655 Olympii
3161 2586 3337 2653 lovis,
3368 2592 3471 2642 aut
3520 2588 3662 2659 Epi—

1999 2669 2192 2725 daurii
2220 2670 2561 2741 Aisculapii,
2589 2675 2692 2725 aut
2718 2672 2989 2726 Minervae
3028 2672 3309 2741 Poliadis,
3341 2680 3444 2729 aut
3485 2676 3658 2732 Sara-

2000 2758 2155 2829 pidis
2182 2760 2474 2830 Egyptii;
2507 2775 2541 2814 a
2575 2759 2792 2829 quibus
2845 2760 3023 2815 etiam
3055 2762 3201 2832 ipsis
3253 2780 3354 2817 vos
3401 2765 3657 2820 necdum

1998 2846 2304 2903 didecistis
2334 2848 2656 2903 simulacra
2687 2864 2815 2905 esse
2855 2866 3037 2904 sensu
3062 2852 3302 2921 penitus
3353 2853 3656 2910 destituta.

1994 2939 2434 3008 Nonnunquam
2457 2937 2635 2993 etiam
2656 2955 2690 2993 a
2713 2939 3062 3010 praedonum
3084 2940 3175 2995 vel
3195 2941 3455 2997 hostium
3477 2959 3660 2999 manu

1994 3026 2328 3097 irruptione
2357 3026 2535 3095 facta,
2570 3027 2817 3083 incensa
2847 3029 3092 3100 templa,
3124 3029 3373 3087 donaria
3404 3032 3656 3104 direpta,

230 3116 398 3193 χάριν
430 3116 813 3191 ἐπλημμέλει.
845 3118 1020 3175 Ἐκὼν
1068 3116 1160 3173 οὖν
1210 3117 1521 3193 ἐκλήσομαι
1566 3116 1737 3189 τῆσδε
1786 3126 1850 3188 τῆ

2024 3131 2130 3187 psa
2144 3115 2325 3170 etiam
2341 3116 2662 3172 simulacra
2682 3118 2869 3189 turpis
2884 3117 3033 3173 lucri
3049 3119 3238 3191 gratia
3258 3119 3484 3191 liquata
3498 3127 3657 3176 sunt.

229 3204 610 3283 κακουργίας,
670 3205 990 3278 πλεονεξίας
1048 3200 1221 3283 ἔργα,
1276 3207 1408 3285 οὐχὶ
1475 3205 1534 3262 δὲ
1591 3205 1875 3284 ἆδρανείας

227 3300 336 3351 τῶν
355 3294 606 3352 εἰδώλων
640 3295 874 3373 ἔλεγχον
902 3296 1168 3370 νομίζων.
1213 3295 1369 3354 Ἀλλ’
1427 3294 1611 3373 οὕτιγε
1659 3297 1723 3353 τὸ
1769 3302 1876 3371 πῦρ

226 3387 315 3441 καὶ
366 3386 421 3439 οἱ
478 3388 694 3459 σεισμοὶ
748 3383 1036 3463 κερδαλέοι
1069 3388 1205 3460 (56),
1250 3383 1376 3442 ούδὶ
1425 3388 1533 3460 μὴν
1585 3381 1876 3465 φοϐοῦνται

227 3474 262 3545 ἢ
291 3472 690 3549 δυσωποῦνται,
725 3474 786 3530 ού
832 3473 960 3538 τοὺς
1009 3472 1292 3550 δαίμονας,
1340 3475 1407 3530 ού
1451 3475 1518 3532 τὰ
1564 3474 1875 3553 ὀγάλματα,

292 3610 356 3674 .ι‹
384 3603 451 3656 Ρ.
483 3601 554 3655 46
582 3602 694 3656 El).
728 3602 1020 3657 POTTER.

223 3726 395 3799 luere,
415 3746 431 3793 ;
455 3725 542 3781 sic
557 3724 1097 3799 hodieChristianis
1110 3725 1752 3799 nullumintelligibilis
1772 3727 1876 3783 Dei

220 3798 612 3853 simulacrum
631 3812 759 3852 esse
781 3797 1038 3869 scripsit,
1055 3796 1546 3869 sedintelligibile
1560 3796 1874 3866 duntaxat,

216 3886 352 3925 eum
387 3868 620 3925 scilicet
646 3869 738 3940 (ut
764 3868 1046 3940 equidem
1100 3868 1318 3940 sentio,
1362 3868 1501 3924 nam
1542 3869 1654 3925 hoc
1682 3886 1718 3925 a
1743 3869 1876 3924 Cle-

213 3946 419 3996 mente
475 3957 598 3995 non
649 3939 998 4012 explicatur)
1047 3939 1149 4011 qui
1179 3955 1383 3996 revera
1410 3941 1538 4012 ipse
1571 3942 1724 3996 Deus
1764 3947 1875 4008 est,

216 4013 435 4068 Filium
465 4012 569 4066 Dei
601 4011 994 4083 unigenitum.
1028 4012 1292 4083 CoLanr.

288 4083 405 4155 (51)
432 4082 816 4158 Duplum-tur.
850 4082 1336 4158 Ἑπιπεφῇμισται,
1372 4084 1509 4138 Nov.

290 4150 409 4226 (52)
431 4150 719 4227 Ἀντίοχος
749 4150 826 4227 δέ.
877 4150 1194 4221 Arnobius,
1242 4153 1347 4208 lib.
1393 4170 1447 4208 γι
1489 4160 1695 4227 contra
1742 4156 1879 4211 Gen-

218 4234 295 4281 tes
317 4245 337 4281 :
369 4225 713 4282 Antiochum
734 4226 1057 4295 Cyzicenum
1074 4228 1304 4294 fuerunt
1325 4225 1640 4294 quindecim
1664 4227 1880 4280 cubito-

214 4316 337 4353 rum
367 4299 480 4368 (sic
519 4297 681 4353 enim
711 4296 774 4352 in
805 4299 1073 4353 Romana
1101 4296 1361 4351 editione
1403 4301 1736 4351 correctum
1767 4300 1877 4366 est)

213 4372 403 4424 Jovem
433 4386 505 4423 ex
534 4368 762 4423 delubro
789 4384 1019 4423 aureum
1045 4368 1343 4433 sustulisse,
1396 4374 1450 4422 et
1496 4384 1565 4421 ea
1612 4384 1719 4423 are
1748 4369 1877 4422 bra-

217 4441 411 4495 cteolis
436 4441 781 4511 substituisse
807 4442 1078 4511 furatum.
1118 4438 1249 4493 Fuit
1274 4439 1371 4511 hic
1404 4438 1731 4494 Antiochus
1757 4439 1869 4511 Sy-

216 4512 318 4566 ria
367 4528 497 4576 rex,
545 4510 759 4566 Sidetis
810 4510 1014 4582 ﬁlius;
1059 4510 1441 4582 regnavitque
1483 4526 1672 4582 annos
1717 4510 1867 4567 xvm.

217 4583 775 4666 losephus,“Antiq.
807 4581 910 4666 lib.
957 4581 1270 4666 Διιιιιηιιειρ.
1325 4582 1425 4666 i9;
1476 4581 1766 4666 Eusebius
1814 4588 1873 4637 et

218 4651 508 4709 Justinus.
542 4653 725 4708 Paulo
756 4658 891 4724 post
939 4651 1159 4724 Arnob.
1195 4651 1432 4724 secutus
1473 4658 1562 4708 est
1607 4653 1876 4709 Clemen-

220 4732 361 4793 tem,
395 4726 500 4796 qui
532 4730 671 4796 ante
716 4723 923 4780 tribuit
943 4723 1170 4796 juniori
1202 4723 1481 4796 Dionysio
1516 4766 1530 4792 ,
1589 4724 1747 4796 quod
1779 4725 1879 4779 alii

222 4794 467 4853 seniori.
530 4795 733 4863 Deide,
790 4800 859 4851 ut
902 4799 1069 4850 notat
1126 4795 1188 4848 P.
1225 4794 1535 4862 Victorius,
1599 4794 1701 4849 lib.
1762 4813 1879 4863 xxx,

221 4886 346 4940 cap.
384 4872 474 4933 10,
510 4867 736 4940 Cicero,
769 4866 873 4940 lib.
906 4882 964 4920 ιιι
995 4868 1068 4921 De
1095 4867 1429 4940 nat._deor.,
1474 4866 1534 4921 id
1565 4867 1786 4940 factum
1817 4867 1881 4921 in

217 4937 636 5022 Peloponneso
667 4938 774 5022 ait:
802 4937 1080 5022 Clemens
1110 4937 1171 4991 in
1220 4937 1420 5022 Sicilia
1450 4954 1465 4993 :
1517 4938 1628 5022 sed
1652 4952 1881 5022 vereor,

219 5008 436 5083 inquit,
470 5026 549 5065 ne
580 5010 692 5092 hoc
722 5010 795 5063 M.
845 5009 1035 5091 Tullio
1064 5008 1438 5134 inaposuerit,
1473 5009 1633 5092 quod
1676 5008 1883 5091 legens

220 5083 328 5137 hoc
361 5083 588 5139 factum
606 5097 691 5153 in
730 5080 868 5153 fano
912 5081 1066 5153 lovis
1089 5150 1099 5153 _
1125 5149 1138 5153 _
1180 5096 1395 5153 ympn,
1427 5080 1500 5135 ob
1533 5079 1881 5153 dignitatem

1381 5122 1395 5148 7

220 5152 639 5226 Peloponnesii
668 5152 808 5226 iani
832 5151 1058 5226 putarit
1084 5149 1144 5204 id
1176 5149 1254 5226 in
1268 5149 1701 5226 Peloponneso
1714 5168 1879 5206 com-

220 5222 491 5281 missum.
517 5223 631 5279 Sed
664 5224 725 5278 in
755 5223 958 5278 Sicilia
974 5237 1210 5295 quoque
1227 5222 1381 5278 Iovis
1402 5223 1657 5295 Olympii
1678 5222 1881 5295 fanum

218 5298 397 5353 fuisse
431 5298 495 5352 Τ.
522 5294 716 5351 Livius
762 5301 969 5350 auctor
995 5292 1107 5358 est,
1140 5292 1243 5347 lib.
1278 5311 1409 5350 xxw
1434 5311 1448 5361 ;
1477 5292 1559 5350 ’et
1575 5292 1879 5350 Diodorus

221 5367 472 5425 Siculus.
520 5366 794 5437 Liberalis
852 5367 1103 5437 Dionysii
1138 5364 1315 5437 vertit
1354 5367 1643 5437 _Hervetus
1696 5365 1876 5437 paulo

218 5446 349 5510 post
394 5441 582 5495 Grmc.
635 5433 899 5510 Διονύσου
947 5433 1045 5490 τοῦ
1085 5434 1473 5510 Ἐλευθερέως.
1529 5433 1873 5510 Arnobius:

225 5507 319 5566 Ubi
346 5513 513 5566 Liber
539 5508 895 5566 Eleutherius
922 5526 1044 5563 eum
1072 5507 1365 5577 Athenis?
1395 5509 1482 5564 Ab
1516 5508 1872 5577 Eleutheris,

219 5582 358 5637 urbe
389 5582 656 5652 Boeotiae,
682 5580 858 5652 cujus
886 5580 1028 5635 civis
1067 5575 1430 5652 Ἐλευθερεύς.
1464 5580 1729 5652 comam.

281 5656 395 5726 (53)
424 5655 497 5711 At
529 5650 590 5707 δὲ
619 5648 1333 5727 χελιδόνεςηΤοειιιιιὶειιιζ,
1365 5650 1558 5727 Apol.,
1589 5667 1717 5722 cap.
1771 5654 1870 5705 l2:

216 5723 395 5795 Igitur
423 5729 473 5782 si
512 5723 754 5796 statuas,
814 5729 869 5778 et
923 5724 1191 5790 imagines
1240 5723 1481 5791 frigidas
1531 5729 1872 5777 mortuorum

1990 3204 2156 3270 Quod
2184 3204 2233 3259 si
2265 3204 2587 3277 Cambyses
2624 3206 2862 3277 aliquis,
2882 3206 2973 3261 vel
2995 3207 3227 3277 Darius,
3251 3208 3474 3265 aliusve
3496 3211 3660 3281 quis-

1989 3293 2149 3365 piam
2172 3294 2419 3350 insanus
2441 3294 2787 3366 hujusmodi
2808 3295 3041 3351 facinus
3061 3296 3307 3368 aliquod
3320 3300 3654 3367 tentaverit,

1990 3383 2091 3437 16
2123 3387 2225 3438 aut
2256 3383 2590 3456 Egyptium
2638 3385 2794 3456 Apin
2851 3385 3172 3441 occiderit:
3202 3387 3360 3457 quod
3412 3388 3655 3459 quidem

1988 3471 2254 3543 ipsorum
2285 3471 2464 3527 deum
2513 3473 2815 3539 occiderit,
2850 3473 3037 3528 risum
3095 3475 3241 3530 mihi
3273 3480 3604 3530 commovet
3632 3498 3655 3557 ε

1986 3746 2209 3784 suorum
2255 3730 2582 3796 simillimas,
2650 3746 2760 3783 non
2811 3730 3125 3795 adoramus,
3191 3746 3327 3798 quas
3382 3731 3554 3798 milvi,
3599 3740 3652 3787 et

1986 3816 2185 3867 mures,
2220 3808 2273 3855 et
2312 3817 2530 3856 aranea
2574 3801 2918 3870 intelligunt,
2970 3817 3153 3856 nonne
3201 3801 3419 3857 laudem
3474 3806 3650 3872 magis

1988 3888 2155 3941 quam
2189 3888 2413 3942 poenam
2466 3873 2778 3927 merebatur
2823 3872 3117 3942 repudium
3165 3875 3348 3943 agniti
3401 3877 3653 3930 erroris?

1988 3943 2291 4011 Minutius,
2325 3943 2559 3999 Octavio
2585 3960 2598 3997 :
2630 3946 2848 4009 Quanto
2868 3946 3050 3999 verius
3078 3944 3146 3998 de
3176 3946 3284 3999 diis
3311 3948 3505 4000 vestris
3529 3949 3652 4001 ani—

1986 4015 2160 4069 malia
2184 4022 2340 4069 muta
2367 4015 2710 4069 naturaliter
2729 4016 2994 4085 judicavit
3020 4018 3047 4070 ?
3067 4033 3269 4084 mures,
3300 4017 3645 4085 hirundines,

1988 4087 2163 4152 milvi,
2188 4103 2299 4140 non
2328 4088 2532 4142 sent-ire
2571 4102 2659 4141 eos
2688 4089 2887 4153 sciunt,
2939 4087 3165 4153 rodunt,
3208 4088 3511 4155 inculcant,
3559 4092 3651 4143 in—

1988 4157 2190 4225 sident,
2224 4174 2289 4212 ac
2317 4160 2428 4212 nisi
2454 4158 2715 4228 abigatis,
2750 4161 2811 4212 in
2848 4160 2968 4228 ipso
2996 4158 3087 4212 dei
3115 4161 3283 4213 vestri
3332 4174 3425 4213 ore
3454 4160 3649 4227 nidiﬁ-

1991 4234 2138 4296 cant,
2172 4233 2283 4283 etc.
2318 4228 2484 4284 Conf.
2518 4229 2838 4292 Arnobius,
2868 4227 2973 4283 lib.
3006 4245 3059 4282 vr
3093 4245 3107 4294 ;
3149 4228 3506 4294 Lactantius,
3540 4227 3644 4284 lib.

1990 4316 2051 4364 ιι,
2075 4316 2204 4370 cap.
2238 4301 2311 4367 4;
2370 4300 2757 4370 Augustinus,
2788 4302 2846 4352 in
2870 4298 3070 4368 psalm.
3118 4315 3270 4353 cxm.
3311 4298 3516 4353 Simile
3556 4305 3648 4354 est

1991 4316 2051 4364 ιι,
2075 4316 2204 4370 cap.
2238 4316 2311 4367 4;
2370 4316 2457 4355 au
2500 4316 2757 4364 ustmus,
2788 4316 2846 4352 ιη
2870 4316 3070 4368 psatm.
3118 4316 3270 4353 cxm.
3311 4316 3516 4353 annue

1991 4370 2140 4424 illud
2168 4371 2391 4426 Horatii
2421 4316 2526 4426 lii.
2561 4387 2600 4439 ι,
2632 4374 2741 4425 sat.
2775 4372 2833 4436 8,
2863 4385 3013 4424 vers.
3046 4371 3135 4435 37,
3167 4371 3244 4424 De
3281 4371 3488 4439 Priapo
3520 4387 3538 4423 :

1908 4453 1955 4517 D
2060 4477 2296 4530 Mentior
2344 4482 2403 4530 at
2446 4478 2493 4529 si
2532 4476 2687 4545 quid,
2739 4474 2941 4530 merdis
2989 4479 3157 4544 caput
3204 4476 3465 4544 inquiner
3507 4474 3646 4529 albis

2058 4547 2376 4601 Corvm‘um.

2061 4653 2174 4723 (54)
2226 4652 2664 4721 Κατεξαιροῦσιν.
2722 4652 2888 4718 Quod
2932 4652 3175 4723 saepius
3250 4651 3475 4708 dictum
3533 4658 3645 4715 est,

1989 4742 2043 4776 αι
2077 4722 2182 4778 ets
2207 4740 2241 4779 a
2271 4724 2530 4779 librariis
2551 4724 2834 4779 confundi
2859 4722 3156 4795 solere,iid
3179 4723 3291 4779 hoc
3322 4724 3452 4779 loco
3483 4741 3648 4795 repe-

1991 4795 2239 4877 tendum
2261 4811 2438 4877 ;_nam
2468 4795 2752 4877 Clemens:
2765 4793 2971 4877 procul
2994 4794 3171 4877 dubio
3195 4795 3434 4877 scripsit
3460 4793 3644 4877 κατεξ-

1990 4869 2207 4937 ερῶσιν,
2238 4866 2421 4921 alvum
2450 4864 2849 4937 eaonerantin
2878 4864 3200 4937 rsimulacra
3229 4882 3244 4921 :
3279 4864 3364 4921 sic
3383 4868 3445 4920 in
3476 4869 3645 4922 Ranis

1990 4934 2415 5008 Aristophanes
2444 4934 2709 5006 κατατιλᾷ
2736 4940 2842 4990 τῶν
2875 4935 3192 4992 Ἑκαταίων.

2056 5011 2172 5091 (ὄξξ)
2192 5002 2518 5091 Ἑαμϐύσης.
2546 5002 2874 5091 Herodotus
2894 5008 2998 5063 lib.
3024 5007 3315 5091 Irrreierfn,
3344 5009 3641 5091 quomodo

1989 5078 2307 5154 Cambyses
2366 5082 2518 5153 Apin
2570 5081 2901 5154 Egyptium
2941 5078 3240 5154 occiderit.
3277 5078 3430 5144 Quin
3460 5082 3640 5136 etiam

1991 5152 2133 5225 satis
2180 5151 2387 5225 notum
2419 5151 2527 5220 est,
2561 5151 2971 5225 Persastcum
3016 5151 3639 5225 -Graeciam_oppugne-

1987 5222 2340 5297 bant,_obvia
2362 5241 2612 5297 quaeque
2640 5224 2862 5297 templa
2880 5221 3245 5297 combusisse
3272 5221 3635 5297 :Cicero‘lib.

1989 5311 2024 5348 ιι
2058 5298 2132 5349 De
2153 5294 2397 5365 legibusi
2423 5294 2535 5352 Nec
2561 5294 2781 5366 sequor,
2818 5294 3034 5364 inquit,
3084 5309 3272 5363 magos
3323 5296 3634 5366 Persarum,

1987 5367 2183 5435 quibus
2207 5369 2523 5423 auctoribus
2552 5365 2756 5422 Xeraes
2777 5368 3145 5490 inflammasse
3178 5365 3389 5434 templa
3415 5367 3638 5422 Gracia

1987 5438 2211 5490 dicitur.
2241 5440 2390 5490 (mod
2416 5439 2722 5490 parietibus
2738 5440 2826 5490 inc
2851 5437 3083 5490 uderent
3113 5436 3258 5490 deos.
3291 5437 3489 5490 auibus
3518 5453 3637 5490 om-

1986 5438 2211 5503 dicitur,
2241 5440 2390 5508 quod
2411 5439 2722 5508 parietibus
2738 5436 3083 5492 includet-ent
3113 5436 3258 5503 deos,
3291 5437 3489 5505 quibus
3518 5453 3637 5491 om-

1982 5512 2081 5562 nia
2109 5510 2367 5564 deberent
2396 5526 2504 5566 esse
2526 5511 2784 5580 patentia
2814 5515 2866 5563 et
2894 5508 3084 5580 libera.

2054 5581 2166 5655 (ὅρ)
2192 5580 2442 5655 Δἱξεισμοὶ
2490 5575 2777 5655 κὶρδαλέοι
2797 5649 2807 5655 _
2831 5578 3123 5655 Lowt‘bius
3163 5577 3387 5655 mavult
3415 5576 3630 5645 σεισμοὶ

1981 5644 2328 5723 σμερδαλέοι.
2348 5644 2567 5709 ’νεαιπὶ
2599 5649 2857 5721 σεισμοὺς
2879 5644 3207 5721 κερδαλέους
3227 5648 3395 5715 dixit,
3427 5644 3632 5719 quem-

1981 5721 2298 5778 admodum
2319 5723 2497 5778 naulo
2528 5729 2664 5778 post
2689 5723 2796 5778 πῦρ
2828 5722 3163 5778 σωφρονοῦν.

1981 5737 2298 5778 aamoaum
2319 5737 2497 5794 paulo
2528 5737 2664 5794 post
2689 5739 2796 5794 πυρ
2828 5737 3163 5794 σωφρονουν.
