  <div class='ocr_page' id='page_1' title='image "/cluster/home/n/w/nwhite01/storage/ocr_20150623/8/mdp.39015008686480/091.png"; bbox 0 0 4026 6140; ppageno 0'>
   <div class='ocr_carea' id='block_1_1' title="bbox 347 222 451 275">
    <p class='ocr_par' dir='ltr' id='par_1_1' title="bbox 347 222 451 275">
     <span class='ocr_line' id='line_1_1' title="bbox 347 222 451 275; baseline 0.01 -1"><span class='ocrx_word' id='word_1_1' title='bbox 347 222 451 275; x_wconf 82' lang='grc'>167</span> 
     </span>
    </p>
   </div>
   <div class='ocr_carea' id='block_1_2' title="bbox 1569 225 2524 286">
    <p class='ocr_par' dir='ltr' id='par_1_2' title="bbox 1569 225 2524 286">
     <span class='ocr_line' id='line_1_2' title="bbox 1569 225 2524 286; baseline 0.005 -8"><span class='ocrx_word' id='word_1_2' title='bbox 1569 225 1982 279; x_wconf 70' lang='lat' dir='ltr'>CLEMENTIS</span> <span class='ocrx_word' id='word_1_3' title='bbox 2020 228 2524 286; x_wconf 75' lang='lat' dir='ltr'>ALEXANDRINI</span> 
     </span>
    </p>
   </div>
   <div class='ocr_carea' id='block_1_3' title="bbox 3658 237 3759 291">
    <p class='ocr_par' dir='ltr' id='par_1_3' title="bbox 3658 237 3759 291">
     <span class='ocr_line' id='line_1_3' title="bbox 3658 237 3759 291; baseline 0.01 -1"><span class='ocrx_word' id='word_1_4' title='bbox 3658 237 3759 291; x_wconf 78' lang='grc'>168</span> 
     </span>
    </p>
   </div>
   <div class='ocr_carea' id='block_1_4' title="bbox 338 339 2000 433">
    <p class='ocr_par' dir='ltr' id='par_1_4' title="bbox 338 339 1996 418">
     <span class='ocr_line' id='line_1_4' title="bbox 338 339 1996 418; baseline 0.004 -23"><span class='ocrx_word' id='word_1_5' title='bbox 338 339 546 416; x_wconf 78' lang='grc' dir='ltr'>ἄρσεως</span> <span class='ocrx_word' id='word_1_6' title='bbox 576 341 666 395; x_wconf 87' lang='grc' dir='ltr'>καὶ</span> <span class='ocrx_word' id='word_1_7' title='bbox 698 341 1048 418; x_wconf 72' lang='grc' dir='ltr'>ἀναιρέσεως,</span> <span class='ocrx_word' id='word_1_8' title='bbox 1081 344 1201 399; x_wconf 86' lang='lat' dir='ltr'>sive</span> <span class='ocrx_word' id='word_1_9' title='bbox 1248 346 1315 399; x_wconf 87' lang='lat' dir='ltr'>ab</span> <span class='ocrx_word' id='word_1_10' title='bbox 1346 345 1679 415; x_wconf 82' lang='lat' dir='ltr'>insurgendo</span> <span class='ocrx_word' id='word_1_11' title='bbox 1728 353 1779 401; x_wconf 83' lang='lat' dir='ltr'>el</span> <span class='ocrx_word' id='word_1_12' title='bbox 1826 347 1996 402; x_wconf 75' lang='lat' dir='ltr'>inter-</span> 
     </span>
    </p>
   </div>
   <div class='ocr_carea' id='block_1_5' title="bbox 2111 339 3752 433">
    <p class='ocr_par' dir='ltr' id='par_1_5' title="bbox 2112 349 3752 433">
     <span class='ocr_line' id='line_1_5' title="bbox 2112 349 3752 433; baseline 0.008 -31"><span class='ocrx_word' id='word_1_13' title='bbox 2112 369 2216 422; x_wconf 81' lang='grc' dir='ltr'>γει.</span> <span class='ocrx_word' id='word_1_14' title='bbox 2252 356 2474 415; x_wconf 81' lang='grc' dir='ltr'>Σκυθῶν</span> <span class='ocrx_word' id='word_1_15' title='bbox 2508 349 2564 406; x_wconf 70' lang='grc' dir='ltr'>δὲ</span> <span class='ocrx_word' id='word_1_16' title='bbox 2596 354 2647 406; x_wconf 78' lang='lat' dir='ltr'>oi</span> <span class='ocrx_word' id='word_1_17' title='bbox 2678 353 3051 429; x_wconf 74' lang='grc' dir='ltr'>Σαυρομάται,</span> <span class='ocrx_word' id='word_1_18' title='bbox 3106 351 3182 416; x_wconf 79' lang='grc' dir='ltr'>ὣς</span> <span class='ocrx_word' id='word_1_19' title='bbox 3230 375 3392 433; x_wconf 67' lang='grc' dir='ltr'>φησιν</span> <span class='ocrx_word' id='word_1_20' title='bbox 3451 355 3671 420; x_wconf 84' lang='grc' dir='ltr'>Ἰκέσιος</span> <span class='ocrx_word' id='word_1_21' title='bbox 3701 358 3752 415; x_wconf 67' lang='grc' dir='ltr'>ἂν</span> 
     </span>
    </p>
   </div>
   <div class='ocr_carea' id='block_1_6' title="bbox 338 431 2003 508">
    <p class='ocr_par' dir='ltr' id='par_1_6' title="bbox 338 431 2003 508">
     <span class='ocr_line' id='line_1_6' title="bbox 338 431 2003 508; baseline 0.004 -24"><span class='ocrx_word' id='word_1_22' title='bbox 338 432 571 500; x_wconf 81' lang='lat' dir='ltr'>ﬁciendo</span> <span class='ocrx_word' id='word_1_23' title='bbox 601 431 795 487; x_wconf 90' lang='lat' dir='ltr'>dictus</span> <span class='ocrx_word' id='word_1_24' title='bbox 828 438 917 487; x_wconf 90' lang='lat' dir='ltr'>est</span> <span class='ocrx_word' id='word_1_25' title='bbox 954 431 1150 507; x_wconf 84' lang='grc' dir='ltr'>Ἀρης.</span> <span class='ocrx_word' id='word_1_26' title='bbox 1201 436 1384 499; x_wconf 89' lang='lat' dir='ltr'>Quam</span> <span class='ocrx_word' id='word_1_27' title='bbox 1433 436 1729 508; x_wconf 81' lang='lat' dir='ltr'>praecipue</span> <span class='ocrx_word' id='word_1_28' title='bbox 1755 436 1829 491; x_wconf 89' lang='lat' dir='ltr'>ob</span> <span class='ocrx_word' id='word_1_29' title='bbox 1863 453 2003 491; x_wconf 86' lang='lat' dir='ltr'>cau—</span> 
     </span>
    </p>
   </div>
   <div class='ocr_carea' id='block_1_7' title="bbox 342 521 1999 595">
    <p class='ocr_par' dir='ltr' id='par_1_7' title="bbox 342 521 1999 595">
     <span class='ocr_line' id='line_1_7' title="bbox 342 521 1999 595; baseline 0.002 -21"><span class='ocrx_word' id='word_1_30' title='bbox 342 537 470 575; x_wconf 90' lang='lat' dir='ltr'>sam</span> <span class='ocrx_word' id='word_1_31' title='bbox 503 521 650 575; x_wconf 89' lang='lat' dir='ltr'>mihi</span> <span class='ocrx_word' id='word_1_32' title='bbox 675 522 951 577; x_wconf 88' lang='lat' dir='ltr'>videntur</span> <span class='ocrx_word' id='word_1_33' title='bbox 994 523 1257 593; x_wconf 83' lang='lat' dir='ltr'>plurimi,</span> <span class='ocrx_word' id='word_1_34' title='bbox 1304 522 1496 578; x_wconf 82' lang='lat' dir='ltr'>defixo</span> <span class='ocrx_word' id='word_1_35' title='bbox 1548 540 1711 593; x_wconf 84' lang='lat' dir='ltr'>ense,</span> <span class='ocrx_word' id='word_1_36' title='bbox 1745 525 1796 580; x_wconf 91' lang='lat' dir='ltr'>ei</span> <span class='ocrx_word' id='word_1_37' title='bbox 1830 526 1999 595; x_wconf 90' lang='lat' dir='ltr'>quasi</span> 
     </span>
    </p>
   </div>
   <div class='ocr_carea' id='block_1_8' title="bbox 343 609 1999 684">
    <p class='ocr_par' dir='ltr' id='par_1_8' title="bbox 343 609 1999 684">
     <span class='ocr_line' id='line_1_8' title="bbox 343 609 1999 684; baseline 0.003 -23"><span class='ocrx_word' id='word_1_38' title='bbox 343 609 513 663; x_wconf 84' lang='lat' dir='ltr'>Marti</span> <span class='ocrx_word' id='word_1_39' title='bbox 546 626 715 666; x_wconf 89' lang='lat' dir='ltr'>sacra</span> <span class='ocrx_word' id='word_1_40' title='bbox 746 610 961 666; x_wconf 88' lang='lat' dir='ltr'>facere.</span> <span class='ocrx_word' id='word_1_41' title='bbox 999 612 1182 675; x_wconf 89' lang='lat' dir='ltr'>Quem</span> <span class='ocrx_word' id='word_1_42' title='bbox 1215 627 1356 666; x_wconf 85' lang='lat' dir='ltr'>sane</span> <span class='ocrx_word' id='word_1_43' title='bbox 1406 629 1634 667; x_wconf 88' lang='lat' dir='ltr'>morem</span> <span class='ocrx_word' id='word_1_44' title='bbox 1666 613 1822 667; x_wconf 91' lang='lat' dir='ltr'>inter</span> <span class='ocrx_word' id='word_1_45' title='bbox 1859 613 1999 684; x_wconf 84' lang='lat' dir='ltr'>Scy-</span> 
     </span>
    </p>
   </div>
   <div class='ocr_carea' id='block_1_9' title="bbox 339 699 1998 771">
    <p class='ocr_par' dir='ltr' id='par_1_9' title="bbox 339 699 1998 771">
     <span class='ocr_line' id='line_1_9' title="bbox 339 699 1998 771; baseline 0.001 -18"><span class='ocrx_word' id='word_1_46' title='bbox 339 699 473 754; x_wconf 89' lang='lat' dir='ltr'>thas</span> <span class='ocrx_word' id='word_1_47' title='bbox 498 699 789 767; x_wconf 80' lang='lat' dir='ltr'>obtinere,</span> <span class='ocrx_word' id='word_1_48' title='bbox 819 705 1024 755; x_wconf 81' lang='lat' dir='ltr'>auctor</span> <span class='ocrx_word' id='word_1_49' title='bbox 1045 705 1135 753; x_wconf 87' lang='lat' dir='ltr'>est</span> <span class='ocrx_word' id='word_1_50' title='bbox 1152 700 1429 757; x_wconf 77' lang='lat' dir='ltr'>Eudoxus</span> <span class='ocrx_word' id='word_1_51' title='bbox 1465 701 1525 757; x_wconf 91' lang='lat' dir='ltr'>in</span> <span class='ocrx_word' id='word_1_52' title='bbox 1553 701 1813 757; x_wconf 89' lang='lat' dir='ltr'>secunda</span> <span class='ocrx_word' id='word_1_53' title='bbox 1832 706 1998 771; x_wconf 90' lang='lat' dir='ltr'>parte</span> 
     </span>
    </p>
   </div>
   <div class='ocr_carea' id='block_1_10' title="bbox 344 789 1998 863">
    <p class='ocr_par' dir='ltr' id='par_1_10' title="bbox 344 789 1998 863">
     <span class='ocr_line' id='line_1_10' title="bbox 344 789 1998 863; baseline -0.001 -20"><span class='ocrx_word' id='word_1_54' title='bbox 344 790 584 845; x_wconf 82' lang='lat' dir='ltr'>Periodi.</span> <span class='ocrx_word' id='word_1_55' title='bbox 617 790 995 844; x_wconf 79' lang='lat' dir='ltr'>Sauromatas</span> <span class='ocrx_word' id='word_1_56' title='bbox 1026 790 1529 862; x_wconf 65' lang='lat' dir='ltr'>autem,§Scythim</span> <span class='ocrx_word' id='word_1_57' title='bbox 1587 795 1843 863; x_wconf 91' lang='lat' dir='ltr'>gentem,</span> <span class='ocrx_word' id='word_1_58' title='bbox 1878 789 1998 844; x_wconf 87' lang='lat' dir='ltr'>aci-</span> 
     </span>
    </p>
   </div>
   <div class='ocr_carea' id='block_1_11' title="bbox 341 875 1994 949">
    <p class='ocr_par' dir='ltr' id='par_1_11' title="bbox 341 875 1994 949">
     <span class='ocr_line' id='line_1_11' title="bbox 341 875 1994 949; baseline 0 -17"><span class='ocrx_word' id='word_1_59' title='bbox 341 894 553 932; x_wconf 90' lang='lat' dir='ltr'>nacem</span> <span class='ocrx_word' id='word_1_60' title='bbox 585 877 805 942; x_wconf 89' lang='lat' dir='ltr'>colore,</span> <span class='ocrx_word' id='word_1_61' title='bbox 838 875 1020 930; x_wconf 83' lang='lat' dir='ltr'>refert</span> <span class='ocrx_word' id='word_1_62' title='bbox 1044 878 1264 933; x_wconf 90' lang='lat' dir='ltr'>Icesius</span> <span class='ocrx_word' id='word_1_63' title='bbox 1287 879 1348 933; x_wconf 90' lang='lat' dir='ltr'>in</span> <span class='ocrx_word' id='word_1_64' title='bbox 1381 895 1558 949; x_wconf 92' lang='lat' dir='ltr'>opere</span> <span class='ocrx_word' id='word_1_65' title='bbox 1595 881 1671 931; x_wconf 88' lang='lat' dir='ltr'>De</span> <span class='ocrx_word' id='word_1_66' title='bbox 1700 879 1994 947; x_wconf 81' lang='lat' dir='ltr'>mysteriis.</span> 
     </span>
    </p>
   </div>
   <div class='ocr_carea' id='block_1_12' title="bbox 337 965 1997 1038">
    <p class='ocr_par' dir='ltr' id='par_1_12' title="bbox 337 965 1997 1038">
     <span class='ocr_line' id='line_1_12' title="bbox 337 965 1997 1038; baseline 0.001 -19"><span class='ocrx_word' id='word_1_67' title='bbox 337 965 501 1020; x_wconf 87' lang='lat' dir='ltr'>Idem</span> <span class='ocrx_word' id='word_1_68' title='bbox 522 971 814 1037; x_wconf 74' lang='lat' dir='ltr'>praeterea</span> <span class='ocrx_word' id='word_1_69' title='bbox 844 965 1138 1020; x_wconf 83' lang='lat' dir='ltr'>Heraclito</span> <span class='ocrx_word' id='word_1_70' title='bbox 1172 968 1418 1038; x_wconf 85' lang='lat' dir='ltr'>ejusque</span> <span class='ocrx_word' id='word_1_71' title='bbox 1466 966 1858 1021; x_wconf 82' lang='lat' dir='ltr'>sectatoribus</span> <span class='ocrx_word' id='word_1_72' title='bbox 1883 982 1997 1021; x_wconf 89' lang='lat' dir='ltr'>usu</span> 
     </span>
    </p>
   </div>
   <div class='ocr_carea' id='block_1_13' title="bbox 338 1054 1998 1126">
    <p class='ocr_par' dir='ltr' id='par_1_13' title="bbox 338 1054 1998 1126">
     <span class='ocr_line' id='line_1_13' title="bbox 338 1054 1998 1126; baseline 0.001 -19"><span class='ocrx_word' id='word_1_73' title='bbox 338 1054 628 1125; x_wconf 86' lang='lat' dir='ltr'>venit,qui</span> <span class='ocrx_word' id='word_1_74' title='bbox 650 1054 872 1126; x_wconf 81' lang='lat' dir='ltr'>ignem,</span> <span class='ocrx_word' id='word_1_75' title='bbox 906 1055 1074 1125; x_wconf 89' lang='lat' dir='ltr'>quasi</span> <span class='ocrx_word' id='word_1_76' title='bbox 1104 1071 1305 1109; x_wconf 87' lang='lat' dir='ltr'>rerum</span> <span class='ocrx_word' id='word_1_77' title='bbox 1336 1057 1744 1110; x_wconf 87' lang='lat' dir='ltr'>universarum</span> <span class='ocrx_word' id='word_1_78' title='bbox 1771 1056 1998 1126; x_wconf 89' lang='lat' dir='ltr'>princi-</span> 
     </span>
    </p>
   </div>
   <div class='ocr_carea' id='block_1_14' title="bbox 337 1142 1999 1215">
    <p class='ocr_par' dir='ltr' id='par_1_14' title="bbox 337 1142 1999 1215">
     <span class='ocr_line' id='line_1_14' title="bbox 337 1142 1999 1215; baseline 0.001 -19"><span class='ocrx_word' id='word_1_79' title='bbox 337 1142 1041 1215; x_wconf 87' lang='lat' dir='ltr'>pium,adorant.Etenim</span> <span class='ocrx_word' id='word_1_80' title='bbox 1072 1143 1229 1197; x_wconf 89' lang='lat' dir='ltr'>hunc</span> <span class='ocrx_word' id='word_1_81' title='bbox 1259 1145 1456 1214; x_wconf 81' lang='lat' dir='ltr'>ignem</span> <span class='ocrx_word' id='word_1_82' title='bbox 1489 1144 1588 1198; x_wconf 91' lang='lat' dir='ltr'>alii</span> <span class='ocrx_word' id='word_1_83' title='bbox 1611 1145 1999 1199; x_wconf 83' lang='lat' dir='ltr'>nominarunt</span> 
     </span>
    </p>
   </div>
   <div class='ocr_carea' id='block_1_15' title="bbox 343 1232 1996 1305">
    <p class='ocr_par' dir='ltr' id='par_1_15' title="bbox 343 1232 1996 1305">
     <span class='ocr_line' id='line_1_15' title="bbox 343 1232 1996 1305; baseline 0 -19"><span class='ocrx_word' id='word_1_84' title='bbox 343 1233 690 1289; x_wconf 88' lang='lat' dir='ltr'>Vulcanum.</span> <span class='ocrx_word' id='word_1_85' title='bbox 721 1234 1034 1288; x_wconf 85' lang='lat' dir='ltr'>Persarum</span> <span class='ocrx_word' id='word_1_86' title='bbox 1065 1237 1261 1286; x_wconf 89' lang='lat' dir='ltr'>autem</span> <span class='ocrx_word' id='word_1_87' title='bbox 1284 1232 1769 1305; x_wconf 86' lang='lat' dir='ltr'>magi,multique</span> <span class='ocrx_word' id='word_1_88' title='bbox 1803 1250 1871 1287; x_wconf 84' lang='lat' dir='ltr'>ex</span> <span class='ocrx_word' id='word_1_89' title='bbox 1906 1233 1996 1287; x_wconf 89' lang='lat' dir='ltr'>his</span> 
     </span>
    </p>
   </div>
   <div class='ocr_carea' id='block_1_16' title="bbox 341 1321 1998 1394">
    <p class='ocr_par' dir='ltr' id='par_1_16' title="bbox 341 1321 1998 1394">
     <span class='ocr_line' id='line_1_16' title="bbox 341 1321 1998 1394; baseline -0.001 -17"><span class='ocrx_word' id='word_1_90' title='bbox 341 1323 441 1393; x_wconf 90' lang='lat' dir='ltr'>qui</span> <span class='ocrx_word' id='word_1_91' title='bbox 463 1323 663 1377; x_wconf 84' lang='lat' dir='ltr'>Asiam</span> <span class='ocrx_word' id='word_1_92' title='bbox 694 1321 984 1388; x_wconf 90' lang='lat' dir='ltr'>incolunt,</span> <span class='ocrx_word' id='word_1_93' title='bbox 1021 1326 1078 1375; x_wconf 91' lang='lat' dir='ltr'>et</span> <span class='ocrx_word' id='word_1_94' title='bbox 1106 1325 1394 1391; x_wconf 63' lang='lat' dir='ltr'>praeterea</span> <span class='ocrx_word' id='word_1_95' title='bbox 1416 1323 1788 1389; x_wconf 86' lang='lat' dir='ltr'>Macedones,</span> <span class='ocrx_word' id='word_1_96' title='bbox 1821 1326 1998 1394; x_wconf 82' lang='lat' dir='ltr'>prout</span> 
     </span>
    </p>
   </div>
   <div class='ocr_carea' id='block_1_17' title="bbox 338 1404 1998 1483">
    <p class='ocr_par' dir='ltr' id='par_1_17' title="bbox 338 1404 1998 1483">
     <span class='ocr_line' id='line_1_17' title="bbox 338 1404 1998 1483; baseline 0.001 -18"><span class='ocrx_word' id='word_1_97' title='bbox 338 1411 627 1483; x_wconf 82' lang='lat' dir='ltr'>Diogenes</span> <span class='ocrx_word' id='word_1_98' title='bbox 650 1410 711 1464; x_wconf 90' lang='lat' dir='ltr'>in</span> <span class='ocrx_word' id='word_1_99' title='bbox 736 1410 926 1481; x_wconf 89' lang='lat' dir='ltr'>primo</span> <span class='ocrx_word' id='word_1_100' title='bbox 956 1411 1296 1464; x_wconf 78' lang='lat' dir='ltr'>Persicorum</span> <span class='ocrx_word' id='word_1_101' title='bbox 1327 1411 1555 1480; x_wconf 84' lang='lat' dir='ltr'>scribit,</span> <span class='ocrx_word' id='word_1_102' title='bbox 1591 1412 1729 1483; x_wconf 49' lang='lat' dir='ltr'>igni‘</span> <span class='ocrx_word' id='word_1_103' title='bbox 1765 1404 1998 1466; x_wconf 69' lang='lat' dir='ltr'>divino&#39;s</span> 
     </span>
    </p>
   </div>
   <div class='ocr_carea' id='block_1_18' title="bbox 339 1498 1995 1567">
    <p class='ocr_par' dir='ltr' id='par_1_18' title="bbox 339 1498 1995 1567">
     <span class='ocr_line' id='line_1_18' title="bbox 339 1498 1995 1567; baseline 0 -13"><span class='ocrx_word' id='word_1_104' title='bbox 339 1499 599 1555; x_wconf 89' lang='lat' dir='ltr'>honores</span> <span class='ocrx_word' id='word_1_105' title='bbox 678 1498 995 1553; x_wconf 87' lang='lat' dir='ltr'>tribuunt.</span> <span class='ocrx_word' id='word_1_106' title='bbox 1056 1498 1205 1563; x_wconf 90' lang='lat' dir='ltr'>Quid</span> <span class='ocrx_word' id='word_1_107' title='bbox 1267 1500 1643 1555; x_wconf 82' lang='lat' dir='ltr'>Sauromatas</span> <span class='ocrx_word' id='word_1_108' title='bbox 1718 1500 1995 1567; x_wconf 86' lang='lat' dir='ltr'>referam,</span> 
     </span>
    </p>
   </div>
   <div class='ocr_carea' id='block_1_19' title="bbox 341 1586 1999 1660">
    <p class='ocr_par' dir='ltr' id='par_1_19' title="bbox 341 1586 1999 1660">
     <span class='ocr_line' id='line_1_19' title="bbox 341 1586 1999 1660; baseline -0.001 -17"><span class='ocrx_word' id='word_1_109' title='bbox 341 1605 489 1660; x_wconf 90' lang='lat' dir='ltr'>quos</span> <span class='ocrx_word' id='word_1_110' title='bbox 518 1586 971 1660; x_wconf 79' lang='lat' dir='ltr'>Nymphodorus</span> <span class='ocrx_word' id='word_1_111' title='bbox 1004 1587 1065 1641; x_wconf 92' lang='lat' dir='ltr'>in</span> <span class='ocrx_word' id='word_1_112' title='bbox 1096 1588 1337 1642; x_wconf 81' lang='lat' dir='ltr'>Moribus</span> <span class='ocrx_word' id='word_1_113' title='bbox 1392 1588 1749 1643; x_wconf 77' lang='lat' dir='ltr'>barbarorrm</span> <span class='ocrx_word' id='word_1_114' title='bbox 1793 1593 1999 1643; x_wconf 88' lang='lat' dir='ltr'>narrat</span> 
     </span>
    </p>
   </div>
   <div class='ocr_carea' id='block_1_20' title="bbox 334 1676 1998 1749">
    <p class='ocr_par' dir='ltr' id='par_1_20' title="bbox 334 1676 1998 1749">
     <span class='ocr_line' id='line_1_20' title="bbox 334 1676 1998 1749; baseline 0 -17"><span class='ocrx_word' id='word_1_115' title='bbox 334 1678 533 1749; x_wconf 81' lang='lat' dir='ltr'>ignem</span> <span class='ocrx_word' id='word_1_116' title='bbox 560 1676 824 1731; x_wconf 87' lang='lat' dir='ltr'>venerari</span> <span class='ocrx_word' id='word_1_117' title='bbox 849 1676 876 1730; x_wconf 85' lang='lat'><strong>?</strong></span> <span class='ocrx_word' id='word_1_118' title='bbox 897 1676 1045 1741; x_wconf 90' lang='lat' dir='ltr'>Quid</span> <span class='ocrx_word' id='word_1_119' title='bbox 1069 1677 1302 1742; x_wconf 88' lang='lat' dir='ltr'>Persas,</span> <span class='ocrx_word' id='word_1_120' title='bbox 1326 1682 1385 1732; x_wconf 90' lang='lat' dir='ltr'>et</span> <span class='ocrx_word' id='word_1_121' title='bbox 1411 1677 1627 1746; x_wconf 88' lang='lat' dir='ltr'>Medos,</span> <span class='ocrx_word' id='word_1_122' title='bbox 1658 1682 1717 1732; x_wconf 90' lang='lat' dir='ltr'>et</span> <span class='ocrx_word' id='word_1_123' title='bbox 1748 1679 1941 1749; x_wconf 80' lang='lat' dir='ltr'>Magos</span> <span class='ocrx_word' id='word_1_124' title='bbox 1970 1677 1998 1732; x_wconf 62' lang='grc' dir='ltr'><strong><em>Ὺ</em></strong></span> 
     </span>
    </p>
   </div>
   <div class='ocr_carea' id='block_1_21' title="bbox 336 1764 1995 1837">
    <p class='ocr_par' dir='ltr' id='par_1_21' title="bbox 336 1764 1995 1837">
     <span class='ocr_line' id='line_1_21' title="bbox 336 1764 1995 1837; baseline 0 -17"><span class='ocrx_word' id='word_1_125' title='bbox 336 1767 452 1820; x_wconf 88' lang='lat' dir='ltr'>Hos</span> <span class='ocrx_word' id='word_1_126' title='bbox 484 1765 644 1820; x_wconf 91' lang='lat' dir='ltr'>enim</span> <span class='ocrx_word' id='word_1_127' title='bbox 678 1764 785 1819; x_wconf 91' lang='lat' dir='ltr'>sub</span> <span class='ocrx_word' id='word_1_128' title='bbox 809 1764 905 1819; x_wconf 90' lang='lat' dir='ltr'>dio</span> <span class='ocrx_word' id='word_1_129' title='bbox 936 1781 1065 1820; x_wconf 91' lang='lat' dir='ltr'>rem</span> <span class='ocrx_word' id='word_1_130' title='bbox 1096 1765 1357 1821; x_wconf 87' lang='lat' dir='ltr'>divinam</span> <span class='ocrx_word' id='word_1_131' title='bbox 1387 1765 1682 1831; x_wconf 88' lang='lat' dir='ltr'>facere,eo</span> <span class='ocrx_word' id='word_1_132' title='bbox 1708 1766 1864 1837; x_wconf 89' lang='lat' dir='ltr'>quod</span> <span class='ocrx_word' id='word_1_133' title='bbox 1883 1766 1995 1821; x_wconf 88' lang='lat' dir='ltr'>exi-</span> 
     </span>
    </p>
   </div>
   <div class='ocr_carea' id='block_1_22' title="bbox 331 1854 1996 1927">
    <p class='ocr_par' dir='ltr' id='par_1_22' title="bbox 331 1854 1996 1927">
     <span class='ocr_line' id='line_1_22' title="bbox 331 1854 1996 1927; baseline -0.001 -17"><span class='ocrx_word' id='word_1_134' title='bbox 331 1856 577 1910; x_wconf 87' lang='lat' dir='ltr'>stiment</span> <span class='ocrx_word' id='word_1_135' title='bbox 597 1854 799 1927; x_wconf 91' lang='lat' dir='ltr'>ignem</span> <span class='ocrx_word' id='word_1_136' title='bbox 818 1860 877 1908; x_wconf 92' lang='lat' dir='ltr'>et</span> <span class='ocrx_word' id='word_1_137' title='bbox 906 1870 1122 1925; x_wconf 86' lang='lat' dir='ltr'>aquam</span> <span class='ocrx_word' id='word_1_138' title='bbox 1157 1854 1285 1910; x_wconf 88' lang='lat' dir='ltr'>sola</span> <span class='ocrx_word' id='word_1_139' title='bbox 1316 1855 1566 1910; x_wconf 88' lang='lat' dir='ltr'>deorum</span> <span class='ocrx_word' id='word_1_140' title='bbox 1585 1871 1715 1910; x_wconf 89' lang='lat' dir='ltr'>esse</span> <span class='ocrx_word' id='word_1_141' title='bbox 1744 1854 1996 1910; x_wconf 83' lang='lat' dir='ltr'>simula-</span> 
     </span>
    </p>
   </div>
   <div class='ocr_carea' id='block_1_23' title="bbox 332 1944 1996 2017">
    <p class='ocr_par' dir='ltr' id='par_1_23' title="bbox 332 1944 1996 2017">
     <span class='ocr_line' id='line_1_23' title="bbox 332 1944 1996 2017; baseline 0 -17"><span class='ocrx_word' id='word_1_142' title='bbox 332 1962 453 2015; x_wconf 90' lang='lat' dir='ltr'>cra,</span> <span class='ocrx_word' id='word_1_143' title='bbox 489 1962 559 1999; x_wconf 89' lang='lat' dir='ltr'>ex</span> <span class='ocrx_word' id='word_1_144' title='bbox 591 1944 820 1999; x_wconf 90' lang='lat' dir='ltr'>Dinone</span> <span class='ocrx_word' id='word_1_145' title='bbox 844 1946 1279 2017; x_wconf 89' lang='lat' dir='ltr'>cognoscimus.</span> <span class='ocrx_word' id='word_1_146' title='bbox 1310 1947 1509 2015; x_wconf 87' lang='lat' dir='ltr'>Neque</span> <span class='ocrx_word' id='word_1_147' title='bbox 1559 1945 1721 2001; x_wconf 90' lang='lat' dir='ltr'>enim</span> <span class='ocrx_word' id='word_1_148' title='bbox 1780 1946 1996 2000; x_wconf 90' lang='lat' dir='ltr'>horum</span> 
     </span>
    </p>
   </div>
   <div class='ocr_carea' id='block_1_24' title="bbox 336 2033 1999 2105">
    <p class='ocr_par' dir='ltr' id='par_1_24' title="bbox 336 2033 1999 2105">
     <span class='ocr_line' id='line_1_24' title="bbox 336 2033 1999 2105; baseline 0.001 -18"><span class='ocrx_word' id='word_1_149' title='bbox 336 2033 733 2105; x_wconf 88' lang='lat' dir='ltr'>ignorantiam</span> <span class='ocrx_word' id='word_1_150' title='bbox 767 2034 1104 2100; x_wconf 87' lang='lat' dir='ltr'>celaverim,</span> <span class='ocrx_word' id='word_1_151' title='bbox 1129 2034 1230 2105; x_wconf 88' lang='lat' dir='ltr'>qui</span> <span class='ocrx_word' id='word_1_152' title='bbox 1254 2033 1395 2089; x_wconf 92' lang='lat' dir='ltr'>licet</span> <span class='ocrx_word' id='word_1_153' title='bbox 1428 2051 1490 2089; x_wconf 91' lang='lat' dir='ltr'>se</span> <span class='ocrx_word' id='word_1_154' title='bbox 1512 2034 1768 2090; x_wconf 82' lang='lat' dir='ltr'>maxime</span> <span class='ocrx_word' id='word_1_155' title='bbox 1795 2035 1999 2089; x_wconf 88' lang='lat' dir='ltr'>existi-</span> 
     </span>
    </p>
   </div>
   <div class='ocr_carea' id='block_1_25' title="bbox 338 2122 1998 2196">
    <p class='ocr_par' dir='ltr' id='par_1_25' title="bbox 338 2122 1998 2196">
     <span class='ocr_line' id='line_1_25' title="bbox 338 2122 1998 2196; baseline 0.001 -19"><span class='ocrx_word' id='word_1_156' title='bbox 338 2128 505 2178; x_wconf 90' lang='lat' dir='ltr'>ment</span> <span class='ocrx_word' id='word_1_157' title='bbox 536 2138 799 2177; x_wconf 87' lang='lat' dir='ltr'>errorem</span> <span class='ocrx_word' id='word_1_158' title='bbox 833 2122 1131 2196; x_wconf 75' lang='lat' dir='ltr'>effugisse,</span> <span class='ocrx_word' id='word_1_159' title='bbox 1174 2124 1236 2177; x_wconf 90' lang='lat' dir='ltr'>in</span> <span class='ocrx_word' id='word_1_160' title='bbox 1267 2123 1446 2178; x_wconf 89' lang='lat' dir='ltr'>aliam</span> <span class='ocrx_word' id='word_1_161' title='bbox 1476 2127 1678 2179; x_wconf 90' lang='lat' dir='ltr'>tamen</span> <span class='ocrx_word' id='word_1_162' title='bbox 1726 2123 1998 2179; x_wconf 87' lang='lat' dir='ltr'>fraudem</span> 
     </span>
    </p>
   </div>
   <div class='ocr_carea' id='block_1_26' title="bbox 334 2212 1998 2286">
    <p class='ocr_par' dir='ltr' id='par_1_26' title="bbox 334 2212 1998 2286">
     <span class='ocr_line' id='line_1_26' title="bbox 334 2212 1998 2286; baseline 0.001 -19"><span class='ocrx_word' id='word_1_163' title='bbox 334 2212 969 2284; x_wconf 55' lang='lat' dir='ltr'>delapsi.{&lt;sunt.Nam</span> <span class='ocrx_word' id='word_1_164' title='bbox 997 2213 1105 2267; x_wconf 91' lang='lat' dir='ltr'>etsi</span> <span class='ocrx_word' id='word_1_165' title='bbox 1140 2229 1334 2283; x_wconf 91' lang='lat' dir='ltr'>neque</span> <span class='ocrx_word' id='word_1_166' title='bbox 1361 2229 1496 2268; x_wconf 91' lang='lat' dir='ltr'>cum</span> <span class='ocrx_word' id='word_1_167' title='bbox 1528 2213 1920 2286; x_wconf 69' lang='lat' dir='ltr'>Graecisligna</span> <span class='ocrx_word' id='word_1_168' title='bbox 1941 2218 1998 2268; x_wconf 89' lang='lat' dir='ltr'>et</span> 
     </span>
    </p>
   </div>
   <div class='ocr_carea' id='block_1_27' title="bbox 338 2300 1994 2374">
    <p class='ocr_par' dir='ltr' id='par_1_27' title="bbox 338 2300 1994 2374">
     <span class='ocr_line' id='line_1_27' title="bbox 338 2300 1994 2374; baseline 0.001 -18"><span class='ocrx_word' id='word_1_169' title='bbox 338 2300 787 2374; x_wconf 88' lang='lat' dir='ltr'>lapides,neque</span> <span class='ocrx_word' id='word_1_170' title='bbox 818 2318 954 2357; x_wconf 91' lang='lat' dir='ltr'>cum</span> <span class='ocrx_word' id='word_1_171' title='bbox 975 2301 1460 2374; x_wconf 65' lang='lat' dir='ltr'>Egyptiisibidas</span> <span class='ocrx_word' id='word_1_172' title='bbox 1474 2302 1994 2371; x_wconf 88' lang='lat' dir='ltr'>etichneumonas,</span> 
     </span>
    </p>
   </div>
   <div class='ocr_carea' id='block_1_28' title="bbox 338 2390 1995 2463">
    <p class='ocr_par' dir='ltr' id='par_1_28' title="bbox 338 2390 1995 2463">
     <span class='ocr_line' id='line_1_28' title="bbox 338 2390 1995 2463; baseline -0.001 -16"><span class='ocrx_word' id='word_1_173' title='bbox 338 2396 540 2447; x_wconf 90' lang='lat' dir='ltr'>tamen</span> <span class='ocrx_word' id='word_1_174' title='bbox 569 2407 705 2447; x_wconf 88' lang='lat' dir='ltr'>cum</span> <span class='ocrx_word' id='word_1_175' title='bbox 734 2390 1104 2462; x_wconf 80' lang='lat' dir='ltr'>phi1050phis</span> <span class='ocrx_word' id='word_1_176' title='bbox 1126 2391 1324 2463; x_wconf 87' lang='lat' dir='ltr'>ignem</span> <span class='ocrx_word' id='word_1_177' title='bbox 1355 2395 1415 2445; x_wconf 87' lang='lat' dir='ltr'>et</span> <span class='ocrx_word' id='word_1_178' title='bbox 1438 2406 1655 2461; x_wconf 90' lang='lat' dir='ltr'>aquam</span> <span class='ocrx_word' id='word_1_179' title='bbox 1690 2408 1819 2447; x_wconf 85' lang='lat' dir='ltr'>esse</span> <span class='ocrx_word' id='word_1_180' title='bbox 1852 2391 1995 2446; x_wconf 73' lang='lat' dir='ltr'>deo~</span> 
     </span>
    </p>
   </div>
   <div class='ocr_carea' id='block_1_29' title="bbox 340 2479 1999 2551">
    <p class='ocr_par' dir='ltr' id='par_1_29' title="bbox 340 2479 1999 2551">
     <span class='ocr_line' id='line_1_29' title="bbox 340 2479 1999 2551; baseline -0.001 -14"><span class='ocrx_word' id='word_1_181' title='bbox 340 2497 473 2537; x_wconf 91' lang='lat' dir='ltr'>rum</span> <span class='ocrx_word' id='word_1_182' title='bbox 508 2481 825 2537; x_wconf 86' lang='lat' dir='ltr'>simulacra</span> <span class='ocrx_word' id='word_1_183' title='bbox 843 2484 1216 2551; x_wconf 86' lang='lat' dir='ltr'>putaverunt.</span> <span class='ocrx_word' id='word_1_184' title='bbox 1250 2479 1402 2544; x_wconf 91' lang='lat' dir='ltr'>Quin</span> <span class='ocrx_word' id='word_1_185' title='bbox 1434 2485 1493 2534; x_wconf 90' lang='lat' dir='ltr'>et</span> <span class='ocrx_word' id='word_1_186' title='bbox 1539 2480 1770 2550; x_wconf 87' lang='lat' dir='ltr'>aliquot</span> <span class='ocrx_word' id='word_1_187' title='bbox 1794 2486 1999 2551; x_wconf 90' lang='lat' dir='ltr'>postea</span> 
     </span>
    </p>
   </div>
   <div class='ocr_carea' id='block_1_30' title="bbox 342 2568 1995 2639">
    <p class='ocr_par' dir='ltr' id='par_1_30' title="bbox 342 2568 1995 2639">
     <span class='ocr_line' id='line_1_30' title="bbox 342 2568 1995 2639; baseline -0.001 -14"><span class='ocrx_word' id='word_1_188' title='bbox 342 2570 579 2626; x_wconf 83' lang='lat' dir='ltr'>saeculis</span> <span class='ocrx_word' id='word_1_189' title='bbox 606 2587 704 2625; x_wconf 88' lang='lat' dir='ltr'>eos</span> <span class='ocrx_word' id='word_1_190' title='bbox 725 2568 980 2625; x_wconf 91' lang='lat' dir='ltr'>coluisse</span> <span class='ocrx_word' id='word_1_191' title='bbox 1000 2568 1318 2623; x_wconf 90' lang='lat' dir='ltr'>simulacra</span> <span class='ocrx_word' id='word_1_192' title='bbox 1342 2568 1604 2623; x_wconf 88' lang='lat' dir='ltr'>humana</span> <span class='ocrx_word' id='word_1_193' title='bbox 1634 2568 1830 2639; x_wconf 90' lang='lat' dir='ltr'>specie</span> <span class='ocrx_word' id='word_1_194' title='bbox 1844 2586 1995 2639; x_wconf 65' lang='lat' dir='ltr'>pras-</span> 
     </span>
    </p>
   </div>
   <div class='ocr_carea' id='block_1_31' title="bbox 335 2656 1998 2726">
    <p class='ocr_par' dir='ltr' id='par_1_31' title="bbox 335 2656 1998 2726">
     <span class='ocr_line' id='line_1_31' title="bbox 335 2656 1998 2726; baseline -0.001 -13"><span class='ocrx_word' id='word_1_195' title='bbox 335 2657 479 2726; x_wconf 90' lang='lat' dir='ltr'>dita,</span> <span class='ocrx_word' id='word_1_196' title='bbox 510 2657 770 2713; x_wconf 88' lang='lat' dir='ltr'>ostendit</span> <span class='ocrx_word' id='word_1_197' title='bbox 816 2656 878 2710; x_wconf 92' lang='lat' dir='ltr'>in</span> <span class='ocrx_word' id='word_1_198' title='bbox 910 2656 1083 2711; x_wconf 91' lang='lat' dir='ltr'>tertio</span> <span class='ocrx_word' id='word_1_199' title='bbox 1108 2657 1531 2713; x_wconf 83' lang='lat' dir='ltr'>Chaldaicorum</span> <span class='ocrx_word' id='word_1_200' title='bbox 1564 2658 1742 2711; x_wconf 86' lang='lat' dir='ltr'>Beros</span> <span class='ocrx_word' id='word_1_201' title='bbox 1774 2674 1787 2711; x_wconf 91' lang='lat'>:</span> <span class='ocrx_word' id='word_1_202' title='bbox 1830 2674 1998 2712; x_wconf 91' lang='lat' dir='ltr'>cum-</span> 
     </span>
    </p>
   </div>
   <div class='ocr_carea' id='block_1_32' title="bbox 337 2745 1995 2818">
    <p class='ocr_par' dir='ltr' id='par_1_32' title="bbox 337 2745 1995 2818">
     <span class='ocr_line' id='line_1_32' title="bbox 337 2745 1995 2818; baseline 0 -16"><span class='ocrx_word' id='word_1_203' title='bbox 337 2764 451 2818; x_wconf 90' lang='lat' dir='ltr'>que</span> <span class='ocrx_word' id='word_1_204' title='bbox 486 2762 715 2802; x_wconf 89' lang='lat' dir='ltr'>morem</span> <span class='ocrx_word' id='word_1_205' title='bbox 750 2746 823 2800; x_wconf 88' lang='lat' dir='ltr'>ab</span> <span class='ocrx_word' id='word_1_206' title='bbox 871 2747 1215 2814; x_wconf 83' lang='lat' dir='ltr'>Artaxerxe,</span> <span class='ocrx_word' id='word_1_207' title='bbox 1249 2745 1405 2799; x_wconf 89' lang='lat' dir='ltr'>Darii</span> <span class='ocrx_word' id='word_1_208' title='bbox 1459 2745 1605 2813; x_wconf 85' lang='lat' dir='ltr'>ﬁlio,</span> <span class='ocrx_word' id='word_1_209' title='bbox 1666 2746 1807 2801; x_wconf 90' lang='lat' dir='ltr'>Ochi</span> <span class='ocrx_word' id='word_1_210' title='bbox 1860 2764 1995 2802; x_wconf 87' lang='lat' dir='ltr'>vero</span> 
     </span>
    </p>
   </div>
   <div class='ocr_carea' id='block_1_33' title="bbox 338 2833 1995 2907">
    <p class='ocr_par' dir='ltr' id='par_1_33' title="bbox 338 2833 1995 2907">
     <span class='ocr_line' id='line_1_33' title="bbox 338 2833 1995 2907; baseline -0.001 -16"><span class='ocrx_word' id='word_1_211' title='bbox 338 2841 524 2907; x_wconf 87' lang='lat' dir='ltr'>patre,</span> <span class='ocrx_word' id='word_1_212' title='bbox 556 2833 961 2890; x_wconf 90' lang='lat' dir='ltr'>introductum</span> <span class='ocrx_word' id='word_1_213' title='bbox 991 2833 1211 2903; x_wconf 88' lang='lat' dir='ltr'>fuisse;</span> <span class='ocrx_word' id='word_1_214' title='bbox 1246 2834 1469 2889; x_wconf 90' lang='lat' dir='ltr'>etenim</span> <span class='ocrx_word' id='word_1_215' title='bbox 1501 2833 1549 2888; x_wconf 90' lang='lat' dir='ltr'>is</span> <span class='ocrx_word' id='word_1_216' title='bbox 1579 2834 1807 2905; x_wconf 91' lang='lat' dir='ltr'>primus</span> <span class='ocrx_word' id='word_1_217' title='bbox 1867 2844 1995 2890; x_wconf 88' lang='lat' dir='ltr'>sta-</span> 
     </span>
    </p>
   </div>
   <div class='ocr_carea' id='block_1_34' title="bbox 344 2922 1996 2994">
    <p class='ocr_par' dir='ltr' id='par_1_34' title="bbox 344 2922 1996 2994">
     <span class='ocr_line' id='line_1_34' title="bbox 344 2922 1996 2994; baseline -0.001 -14"><span class='ocrx_word' id='word_1_218' title='bbox 344 2930 504 2980; x_wconf 88' lang='lat' dir='ltr'>tuam</span> <span class='ocrx_word' id='word_1_219' title='bbox 539 2924 781 2979; x_wconf 89' lang='lat' dir='ltr'>Veneris</span> <span class='ocrx_word' id='word_1_220' title='bbox 808 2922 1107 2990; x_wconf 87' lang='lat' dir='ltr'>Tanaidis,</span> <span class='ocrx_word' id='word_1_221' title='bbox 1154 2939 1335 2994; x_wconf 87' lang='lat' dir='ltr'>quam</span> <span class='ocrx_word' id='word_1_222' title='bbox 1367 2922 1687 2994; x_wconf 86' lang='lat' dir='ltr'>Babylone,</span> <span class='ocrx_word' id='word_1_223' title='bbox 1717 2929 1777 2977; x_wconf 91' lang='lat' dir='ltr'>et</span> <span class='ocrx_word' id='word_1_224' title='bbox 1807 2924 1996 2993; x_wconf 88' lang='lat' dir='ltr'>Susis,</span> 
     </span>
    </p>
   </div>
   <div class='ocr_carea' id='block_1_35' title="bbox 342 3011 1996 3083">
    <p class='ocr_par' dir='ltr' id='par_1_35' title="bbox 342 3011 1996 3083">
     <span class='ocr_line' id='line_1_35' title="bbox 342 3011 1996 3083; baseline -0.001 -14"><span class='ocrx_word' id='word_1_225' title='bbox 342 3021 402 3069; x_wconf 92' lang='lat' dir='ltr'>et</span> <span class='ocrx_word' id='word_1_226' title='bbox 429 3013 742 3069; x_wconf 84' lang='lat' dir='ltr'>Ecbatanis</span> <span class='ocrx_word' id='word_1_227' title='bbox 792 3012 1111 3083; x_wconf 88' lang='lat' dir='ltr'>posuisset,</span> <span class='ocrx_word' id='word_1_228' title='bbox 1158 3011 1376 3077; x_wconf 89' lang='lat' dir='ltr'>Persis,</span> <span class='ocrx_word' id='word_1_229' title='bbox 1427 3016 1486 3065; x_wconf 91' lang='lat' dir='ltr'>et</span> <span class='ocrx_word' id='word_1_230' title='bbox 1518 3011 1761 3078; x_wconf 90' lang='lat' dir='ltr'>Bactris,</span> <span class='ocrx_word' id='word_1_231' title='bbox 1797 3017 1855 3066; x_wconf 91' lang='lat' dir='ltr'>et</span> <span class='ocrx_word' id='word_1_232' title='bbox 1884 3014 1996 3069; x_wconf 88' lang='lat' dir='ltr'>Da—</span> 
     </span>
    </p>
   </div>
   <div class='ocr_carea' id='block_1_36' title="bbox 2110 438 3761 515">
    <p class='ocr_par' dir='ltr' id='par_1_36' title="bbox 2110 438 3761 515">
     <span class='ocr_line' id='line_1_36' title="bbox 2110 438 3761 515; baseline 0.007 -25"><span class='ocrx_word' id='word_1_233' title='bbox 2110 442 2187 507; x_wconf 75' lang='grc' dir='ltr'>τῷ</span> <span class='ocrx_word' id='word_1_234' title='bbox 2221 445 2349 514; x_wconf 73' lang='grc' dir='ltr'>Περὶ</span> <span class='ocrx_word' id='word_1_235' title='bbox 2402 443 2741 515; x_wconf 74' lang='grc' dir='ltr'>μυστηρίων,</span> <span class='ocrx_word' id='word_1_236' title='bbox 2797 442 3058 514; x_wconf 73' lang='grc' dir='ltr'>ἀκινάκην</span> <span class='ocrx_word' id='word_1_237' title='bbox 3112 438 3383 500; x_wconf 78' lang='grc' dir='ltr'>σέϐουσιν.</span> <span class='ocrx_word' id='word_1_238' title='bbox 3448 447 3623 500; x_wconf 75' lang='grc' dir='ltr'>Τοῦτό</span> <span class='ocrx_word' id='word_1_239' title='bbox 3682 469 3761 503; x_wconf 86' lang='grc' dir='ltr'>τοι</span> 
     </span>
    </p>
   </div>
   <div class='ocr_carea' id='block_1_37' title="bbox 2108 526 3761 612">
    <p class='ocr_par' dir='ltr' id='par_1_37' title="bbox 2108 526 3761 612">
     <span class='ocr_line' id='line_1_37' title="bbox 2108 526 3761 612; baseline 0.009 -34"><span class='ocrx_word' id='word_1_240' title='bbox 2108 526 2196 579; x_wconf 71' lang='grc' dir='ltr'>καὶ</span> <span class='ocrx_word' id='word_1_241' title='bbox 2230 528 2280 581; x_wconf 83' lang='lat' dir='ltr'>oi</span> <span class='ocrx_word' id='word_1_242' title='bbox 2305 527 2446 606; x_wconf 79' lang='grc' dir='ltr'>ἀμφί</span> <span class='ocrx_word' id='word_1_243' title='bbox 2473 530 2566 586; x_wconf 86' lang='grc' dir='ltr'>τὸν</span> <span class='ocrx_word' id='word_1_244' title='bbox 2615 530 2990 605; x_wconf 81' lang='grc' dir='ltr'>Ἡράκλειτον,</span> <span class='ocrx_word' id='word_1_245' title='bbox 3049 531 3111 587; x_wconf 85' lang='grc' dir='ltr'>τὸ</span> <span class='ocrx_word' id='word_1_246' title='bbox 3161 537 3267 606; x_wconf 81' lang='grc' dir='ltr'>πῦρ</span> <span class='ocrx_word' id='word_1_247' title='bbox 3328 534 3402 595; x_wconf 86' lang='grc' dir='ltr'>ὡς</span> <span class='ocrx_word' id='word_1_248' title='bbox 3462 534 3761 612; x_wconf 72' lang='grc' dir='ltr'>ἀρχέγονον</span> 
     </span>
    </p>
   </div>
   <div class='ocr_carea' id='block_1_38' title="bbox 2111 610 3757 698">
    <p class='ocr_par' dir='ltr' id='par_1_38' title="bbox 2111 610 3757 698">
     <span class='ocr_line' id='line_1_38' title="bbox 2111 610 3757 698; baseline 0.009 -32"><span class='ocrx_word' id='word_1_249' title='bbox 2111 610 2358 678; x_wconf 67' lang='grc' dir='ltr'>σέϐοντες</span> <span class='ocrx_word' id='word_1_250' title='bbox 2394 660 2408 687; x_wconf 89' lang='grc'>,</span> <span class='ocrx_word' id='word_1_251' title='bbox 2466 619 2794 674; x_wconf 74' lang='grc' dir='ltr'>πεπόνθασιν</span> <span class='ocrx_word' id='word_1_252' title='bbox 2829 639 2842 653; x_wconf 81' lang='grc'><strong>’</strong></span> <span class='ocrx_word' id='word_1_253' title='bbox 2895 622 2959 675; x_wconf 82' lang='grc' dir='ltr'>τὸ</span> <span class='ocrx_word' id='word_1_254' title='bbox 3028 622 3131 697; x_wconf 71' lang='grc' dir='ltr'>γὰρ</span> <span class='ocrx_word' id='word_1_255' title='bbox 3209 625 3316 697; x_wconf 82' lang='grc' dir='ltr'>πῦρ</span> <span class='ocrx_word' id='word_1_256' title='bbox 3373 626 3539 678; x_wconf 80' lang='grc' dir='ltr'>τοῦτο</span> <span class='ocrx_word' id='word_1_257' title='bbox 3584 621 3757 698; x_wconf 80' lang='grc' dir='ltr'>ἕτεροι</span> 
     </span>
    </p>
   </div>
   <div class='ocr_carea' id='block_1_39' title="bbox 2107 705 3762 789">
    <p class='ocr_par' dir='ltr' id='par_1_39' title="bbox 2107 705 3762 789">
     <span class='ocr_line' id='line_1_39' title="bbox 2107 705 3762 789; baseline 0.007 -31"><span class='ocrx_word' id='word_1_258' title='bbox 2107 705 2403 782; x_wconf 61' lang='grc' dir='ltr'>’Ἡραιστον</span> <span class='ocrx_word' id='word_1_259' title='bbox 2433 706 2742 780; x_wconf 75' lang='grc' dir='ltr'>ὠνόμασαν.</span> <span class='ocrx_word' id='word_1_260' title='bbox 2805 713 3020 784; x_wconf 84' lang='grc' dir='ltr'>Ιῐεροῶν</span> <span class='ocrx_word' id='word_1_261' title='bbox 3070 712 3184 783; x_wconf 85' lang='grc'>(39)</span> <span class='ocrx_word' id='word_1_262' title='bbox 3246 707 3303 765; x_wconf 72' lang='grc' dir='ltr'>δὲ</span> <span class='ocrx_word' id='word_1_263' title='bbox 3359 712 3413 766; x_wconf 75' lang='grc' dir='ltr'>οἱ</span> <span class='ocrx_word' id='word_1_264' title='bbox 3473 713 3649 789; x_wconf 79' lang='grc' dir='ltr'>Μάγοι</span> <span class='ocrx_word' id='word_1_265' title='bbox 3700 715 3762 769; x_wconf 86' lang='grc' dir='ltr'>τὸ</span> 
     </span>
    </p>
   </div>
   <div class='ocr_carea' id='block_1_40' title="bbox 2107 795 3756 868">
    <p class='ocr_par' dir='ltr' id='par_1_40' title="bbox 2107 795 3756 868">
     <span class='ocr_line' id='line_1_40' title="bbox 2107 795 3756 868; baseline 0.008 -23"><span class='ocrx_word' id='word_1_266' title='bbox 2107 795 2213 864; x_wconf 75' lang='grc' dir='ltr'>πῦρ</span> <span class='ocrx_word' id='word_1_267' title='bbox 2255 797 2602 868; x_wconf 68' lang='grc' dir='ltr'>τετιμήκασι,</span> <span class='ocrx_word' id='word_1_268' title='bbox 2663 796 2751 851; x_wconf 81' lang='lat' dir='ltr'>xui</span> <span class='ocrx_word' id='word_1_269' title='bbox 2791 803 2900 852; x_wconf 82' lang='grc' dir='ltr'>τῶν</span> <span class='ocrx_word' id='word_1_270' title='bbox 2957 799 3057 867; x_wconf 75' lang='grc' dir='ltr'>τήν</span> <span class='ocrx_word' id='word_1_271' title='bbox 3120 799 3299 855; x_wconf 85' lang='grc' dir='ltr'>Ἀσίαν</span> <span class='ocrx_word' id='word_1_272' title='bbox 3354 801 3756 857; x_wconf 76' lang='grc' dir='ltr'>κατοικούντων</span> 
     </span>
    </p>
   </div>
   <div class='ocr_carea' id='block_1_41' title="bbox 2106 883 3762 966">
    <p class='ocr_par' dir='ltr' id='par_1_41' title="bbox 2106 883 3762 966">
     <span class='ocr_line' id='line_1_41' title="bbox 2106 883 3762 966; baseline 0.007 -32"><span class='ocrx_word' id='word_1_273' title='bbox 2106 884 2335 936; x_wconf 70' lang='grc' dir='ltr'>πολλοί·</span> <span class='ocrx_word' id='word_1_274' title='bbox 2396 885 2530 959; x_wconf 81' lang='grc' dir='ltr'>πρὸς,</span> <span class='ocrx_word' id='word_1_275' title='bbox 2588 883 2645 939; x_wconf 71' lang='grc' dir='ltr'>δὲ</span> <span class='ocrx_word' id='word_1_276' title='bbox 2699 885 2791 940; x_wconf 87' lang='grc' dir='ltr'>καὶ</span> <span class='ocrx_word' id='word_1_277' title='bbox 2843 884 3174 957; x_wconf 71' lang='grc' dir='ltr'>Μακεδόνες,</span> <span class='ocrx_word' id='word_1_278' title='bbox 3231 887 3306 951; x_wconf 83' lang='grc' dir='ltr'>ὥς</span> <span class='ocrx_word' id='word_1_279' title='bbox 3338 910 3470 966; x_wconf 79' lang='grc' dir='ltr'>φησι</span> <span class='ocrx_word' id='word_1_280' title='bbox 3496 890 3762 965; x_wconf 81' lang='grc' dir='ltr'>Διογένης</span> 
     </span>
    </p>
   </div>
   <div class='ocr_carea' id='block_1_42' title="bbox 2107 969 3757 1051">
    <p class='ocr_par' dir='ltr' id='par_1_42' title="bbox 2107 969 3757 1051">
     <span class='ocr_line' id='line_1_42' title="bbox 2107 969 3757 1051; baseline 0.004 -27"><span class='ocrx_word' id='word_1_281' title='bbox 2107 969 2162 1024; x_wconf 81' lang='grc' dir='ltr'>ἐν</span> <span class='ocrx_word' id='word_1_282' title='bbox 2212 971 2417 1045; x_wconf 82' lang='grc' dir='ltr'>πρώτῳ</span> <span class='ocrx_word' id='word_1_283' title='bbox 2476 979 2779 1049; x_wconf 81' lang='grc' dir='ltr'>Περσικῶν.</span> <span class='ocrx_word' id='word_1_284' title='bbox 2830 976 2894 1030; x_wconf 83' lang='grc' dir='ltr'>Τί</span> <span class='ocrx_word' id='word_1_285' title='bbox 2956 997 3048 1048; x_wconf 85' lang='grc' dir='ltr'>μοι</span> <span class='ocrx_word' id='word_1_286' title='bbox 3106 981 3466 1051; x_wconf 72' lang='grc' dir='ltr'>Σαυρομάτας</span> <span class='ocrx_word' id='word_1_287' title='bbox 3520 978 3757 1035; x_wconf 80' lang='grc' dir='ltr'>καταλέ.</span> 
     </span>
    </p>
   </div>
   <div class='ocr_carea' id='block_1_43' title="bbox 2104 1060 3759 1143">
    <p class='ocr_par' dir='ltr' id='par_1_43' title="bbox 2104 1060 3759 1143">
     <span class='ocr_line' id='line_1_43' title="bbox 2104 1060 3759 1143; baseline 0.006 -31"><span class='ocrx_word' id='word_1_288' title='bbox 2104 1080 2215 1134; x_wconf 75' lang='grc' dir='ltr'>γει-ι</span> <span class='ocrx_word' id='word_1_289' title='bbox 2240 1063 2353 1134; x_wconf 85' lang='grc'>(37)</span> <span class='ocrx_word' id='word_1_290' title='bbox 2387 1061 2479 1122; x_wconf 76' lang='grc' dir='ltr'>οὕς</span> <span class='ocrx_word' id='word_1_291' title='bbox 2510 1060 2892 1140; x_wconf 65' lang='grc' dir='ltr'>Νυμφόδωρος</span> <span class='ocrx_word' id='word_1_292' title='bbox 2948 1062 2999 1119; x_wconf 78' lang='grc' dir='ltr'>ἐν</span> <span class='ocrx_word' id='word_1_293' title='bbox 3034 1064 3311 1139; x_wconf 81' lang='grc' dir='ltr'>Νομίμοις</span> <span class='ocrx_word' id='word_1_294' title='bbox 3376 1062 3759 1143; x_wconf 83' lang='grc' dir='ltr'>βαρϐαρικοῖς,</span> 
     </span>
    </p>
   </div>
   <div class='ocr_carea' id='block_1_44' title="bbox 2103 1143 3762 1229">
    <p class='ocr_par' dir='ltr' id='par_1_44' title="bbox 2103 1143 3762 1229">
     <span class='ocr_line' id='line_1_44' title="bbox 2103 1143 3762 1229; baseline 0.006 -27"><span class='ocrx_word' id='word_1_295' title='bbox 2103 1148 2167 1202; x_wconf 80' lang='grc' dir='ltr'>τὸ</span> <span class='ocrx_word' id='word_1_296' title='bbox 2188 1152 2293 1224; x_wconf 75' lang='grc' dir='ltr'>πῦρ</span> <span class='ocrx_word' id='word_1_297' title='bbox 2326 1143 2497 1203; x_wconf 81' lang='grc' dir='ltr'>σέϐειν</span> <span class='ocrx_word' id='word_1_298' title='bbox 2531 1151 2762 1226; x_wconf 74' lang='grc' dir='ltr'>ἱστορεῖ·</span> <span class='ocrx_word' id='word_1_299' title='bbox 2816 1151 2850 1221; x_wconf 74' lang='grc' dir='ltr'><strong>ἢ</strong></span> <span class='ocrx_word' id='word_1_300' title='bbox 2899 1151 3029 1214; x_wconf 78' lang='grc' dir='ltr'>τοὺς</span> <span class='ocrx_word' id='word_1_301' title='bbox 3083 1153 3311 1229; x_wconf 85' lang='grc' dir='ltr'>Πέρσας,</span> <span class='ocrx_word' id='word_1_302' title='bbox 3341 1155 3433 1209; x_wconf 82' lang='grc' dir='ltr'>καὶ</span> <span class='ocrx_word' id='word_1_303' title='bbox 3478 1156 3607 1220; x_wconf 80' lang='grc' dir='ltr'>τοὺς</span> <span class='ocrx_word' id='word_1_304' title='bbox 3636 1159 3762 1228; x_wconf 81' lang='grc' dir='ltr'>Μή-</span> 
     </span>
    </p>
   </div>
   <div class='ocr_carea' id='block_1_45' title="bbox 2107 1234 3766 1318">
    <p class='ocr_par' dir='ltr' id='par_1_45' title="bbox 2107 1234 3766 1318">
     <span class='ocr_line' id='line_1_45' title="bbox 2107 1234 3766 1318; baseline 0.006 -28"><span class='ocrx_word' id='word_1_305' title='bbox 2107 1234 2251 1305; x_wconf 80' lang='grc' dir='ltr'>δους,</span> <span class='ocrx_word' id='word_1_306' title='bbox 2283 1239 2370 1292; x_wconf 77' lang='lat' dir='ltr'>xui</span> <span class='ocrx_word' id='word_1_307' title='bbox 2399 1240 2524 1300; x_wconf 70' lang='grc' dir='ltr'>τοὺς</span> <span class='ocrx_word' id='word_1_308' title='bbox 2551 1239 2772 1314; x_wconf 83' lang='grc' dir='ltr'>Μάγους</span> <span class='ocrx_word' id='word_1_309' title='bbox 2809 1261 2823 1310; x_wconf 89' lang='grc'><strong>;</strong></span> <span class='ocrx_word' id='word_1_310' title='bbox 2858 1240 3002 1305; x_wconf 80' lang='grc' dir='ltr'>θύειν</span> <span class='ocrx_word' id='word_1_311' title='bbox 3209 1242 3260 1297; x_wconf 80' lang='grc' dir='ltr'>ἐν</span> <span class='ocrx_word' id='word_1_312' title='bbox 3326 1244 3575 1318; x_wconf 78' lang='grc' dir='ltr'>ὑπαίθρῳ</span> <span class='ocrx_word' id='word_1_313' title='bbox 3632 1244 3766 1300; x_wconf 87' lang='grc' dir='ltr'>τού-</span> 
     </span>
    </p>
   </div>
   <div class='ocr_carea' id='block_1_46' title="bbox 2104 1326 3758 1409">
    <p class='ocr_par' dir='ltr' id='par_1_46' title="bbox 2104 1326 3758 1409">
     <span class='ocr_line' id='line_1_46' title="bbox 2104 1326 3758 1409; baseline 0.006 -30"><span class='ocrx_word' id='word_1_314' title='bbox 2104 1346 2231 1387; x_wconf 82' lang='grc' dir='ltr'>τους</span> <span class='ocrx_word' id='word_1_315' title='bbox 2260 1327 2286 1380; x_wconf 85' lang='grc' dir='ltr'>ὁ</span> <span class='ocrx_word' id='word_1_316' title='bbox 2320 1326 2488 1381; x_wconf 85' lang='grc' dir='ltr'>Δίνων</span> <span class='ocrx_word' id='word_1_317' title='bbox 2521 1330 2635 1402; x_wconf 85' lang='grc'>(39)</span> <span class='ocrx_word' id='word_1_318' title='bbox 2668 1328 2842 1403; x_wconf 85' lang='grc' dir='ltr'>λέγει,</span> <span class='ocrx_word' id='word_1_319' title='bbox 2894 1335 3028 1393; x_wconf 79' lang='grc' dir='ltr'>θεῶν</span> <span class='ocrx_word' id='word_1_320' title='bbox 3060 1330 3355 1407; x_wconf 81' lang='grc' dir='ltr'>ἀγάλματα</span> <span class='ocrx_word' id='word_1_321' title='bbox 3388 1332 3527 1405; x_wconf 62' lang='grc' dir='ltr'>μόνα</span> <span class='ocrx_word' id='word_1_322' title='bbox 3554 1334 3617 1389; x_wconf 89' lang='grc' dir='ltr'>τὸ</span> <span class='ocrx_word' id='word_1_323' title='bbox 3650 1338 3758 1409; x_wconf 82' lang='grc' dir='ltr'>πῦρ</span> 
     </span>
    </p>
   </div>
   <div class='ocr_carea' id='block_1_47' title="bbox 2104 1411 3763 1496">
    <p class='ocr_par' dir='ltr' id='par_1_47' title="bbox 2104 1411 3763 1496">
     <span class='ocr_line' id='line_1_47' title="bbox 2104 1411 3763 1496; baseline 0.007 -29"><span class='ocrx_word' id='word_1_324' title='bbox 2104 1413 2194 1467; x_wconf 80' lang='grc' dir='ltr'>καὶ</span> <span class='ocrx_word' id='word_1_325' title='bbox 2225 1411 2371 1491; x_wconf 74' lang='grc' dir='ltr'>ὕδωρ</span> <span class='ocrx_word' id='word_1_326' title='bbox 2400 1417 2745 1489; x_wconf 80' lang='grc' dir='ltr'>νομίζοντας.</span> <span class='ocrx_word' id='word_1_327' title='bbox 2779 1418 2893 1475; x_wconf 85' lang='grc' dir='ltr'>Ούκ</span> <span class='ocrx_word' id='word_1_328' title='bbox 2914 1419 3313 1496; x_wconf 74' lang='grc' dir='ltr'>ἀπεκρυψάμην</span> <span class='ocrx_word' id='word_1_329' title='bbox 3348 1417 3475 1476; x_wconf 77' lang='grc' dir='ltr'>ούδὶ</span> <span class='ocrx_word' id='word_1_330' title='bbox 3503 1423 3603 1492; x_wconf 78' lang='grc' dir='ltr'>τὴν</span> <span class='ocrx_word' id='word_1_331' title='bbox 3633 1423 3763 1478; x_wconf 66' lang='lat' dir='ltr'>toi:-</span> 
     </span>
    </p>
   </div>
   <div class='ocr_carea' id='block_1_48' title="bbox 2105 1501 3761 1587">
    <p class='ocr_par' dir='ltr' id='par_1_48' title="bbox 2105 1501 3761 1587">
     <span class='ocr_line' id='line_1_48' title="bbox 2105 1501 3761 1587; baseline 0.007 -33"><span class='ocrx_word' id='word_1_332' title='bbox 2105 1523 2211 1555; x_wconf 90' lang='grc' dir='ltr'>των</span> <span class='ocrx_word' id='word_1_333' title='bbox 2247 1501 2483 1577; x_wconf 72' lang='grc' dir='ltr'>ἄγνοιαν·</span> <span class='ocrx_word' id='word_1_334' title='bbox 2518 1504 2563 1559; x_wconf 76' lang='grc' dir='ltr'>εἷ</span> <span class='ocrx_word' id='word_1_335' title='bbox 2590 1507 2694 1580; x_wconf 76' lang='grc' dir='ltr'>γὰρ</span> <span class='ocrx_word' id='word_1_336' title='bbox 2728 1508 2840 1579; x_wconf 80' lang='grc'>(40)</span> <span class='ocrx_word' id='word_1_337' title='bbox 2886 1506 2977 1561; x_wconf 83' lang='grc' dir='ltr'>καὶ</span> <span class='ocrx_word' id='word_1_338' title='bbox 3018 1507 3083 1562; x_wconf 70' lang='grc' dir='ltr'>τὰ</span> <span class='ocrx_word' id='word_1_339' title='bbox 3143 1507 3385 1581; x_wconf 77' lang='grc' dir='ltr'>μάλιστα</span> <span class='ocrx_word' id='word_1_340' title='bbox 3429 1508 3761 1587; x_wconf 78' lang='grc' dir='ltr'>ἀποφεύγειν</span> 
     </span>
    </p>
   </div>
   <div class='ocr_carea' id='block_1_49' title="bbox 2106 1588 3761 1671">
    <p class='ocr_par' dir='ltr' id='par_1_49' title="bbox 2106 1588 3761 1671">
     <span class='ocr_line' id='line_1_49' title="bbox 2106 1588 3761 1671; baseline 0.007 -28"><span class='ocrx_word' id='word_1_341' title='bbox 2106 1588 2311 1645; x_wconf 61' lang='grc' dir='ltr'>οἶονται</span> <span class='ocrx_word' id='word_1_342' title='bbox 2352 1598 2451 1662; x_wconf 80' lang='grc' dir='ltr'>τῆς</span> <span class='ocrx_word' id='word_1_343' title='bbox 2481 1591 2715 1664; x_wconf 82' lang='grc' dir='ltr'>πλάνης,</span> <span class='ocrx_word' id='word_1_344' title='bbox 2750 1592 2877 1649; x_wconf 86' lang='grc' dir='ltr'>ἀλλ’</span> <span class='ocrx_word' id='word_1_345' title='bbox 2926 1594 3004 1657; x_wconf 68' lang='grc' dir='ltr'>εἷς</span> <span class='ocrx_word' id='word_1_346' title='bbox 3038 1594 3218 1671; x_wconf 74' lang='grc' dir='ltr'>ἑτέραν</span> <span class='ocrx_word' id='word_1_347' title='bbox 3251 1596 3761 1654; x_wconf 79' lang='grc' dir='ltr'>κατολισθαίνυυσιν</span> 
     </span>
    </p>
   </div>
   <div class='ocr_carea' id='block_1_50' title="bbox 2108 1677 3763 1754">
    <p class='ocr_par' dir='ltr' id='par_1_50' title="bbox 2108 1677 3763 1754">
     <span class='ocr_line' id='line_1_50' title="bbox 2108 1677 3763 1754; baseline 0.004 -22"><span class='ocrx_word' id='word_1_348' title='bbox 2108 1677 2340 1748; x_wconf 74' lang='grc' dir='ltr'>ἀπάτην.</span> <span class='ocrx_word' id='word_1_349' title='bbox 2395 1677 2713 1754; x_wconf 82' lang='grc' dir='ltr'>’Ᾱγάλματα</span> <span class='ocrx_word' id='word_1_350' title='bbox 2769 1681 2865 1752; x_wconf 71' lang='grc' dir='ltr'>μὲν</span> <span class='ocrx_word' id='word_1_351' title='bbox 2922 1686 3056 1745; x_wconf 83' lang='grc' dir='ltr'>θεῶν</span> <span class='ocrx_word' id='word_1_352' title='bbox 3118 1682 3180 1737; x_wconf 85' lang='grc' dir='ltr'>ού</span> <span class='ocrx_word' id='word_1_353' title='bbox 3235 1682 3367 1753; x_wconf 81' lang='grc' dir='ltr'>ξύλα</span> <span class='ocrx_word' id='word_1_354' title='bbox 3423 1684 3514 1738; x_wconf 90' lang='lat' dir='ltr'>xui</span> <span class='ocrx_word' id='word_1_355' title='bbox 3573 1681 3763 1749; x_wconf 83' lang='grc' dir='ltr'>λίθους</span> 
     </span>
    </p>
   </div>
   <div class='ocr_carea' id='block_1_51' title="bbox 2109 1765 3761 1844">
    <p class='ocr_par' dir='ltr' id='par_1_51' title="bbox 2109 1765 3761 1844">
     <span class='ocr_line' id='line_1_51' title="bbox 2109 1765 3761 1844; baseline 0.005 -25"><span class='ocrx_word' id='word_1_356' title='bbox 2109 1765 2500 1841; x_wconf 72' lang='grc' dir='ltr'>ὑπειλήφασιν,</span> <span class='ocrx_word' id='word_1_357' title='bbox 2533 1768 2714 1844; x_wconf 82' lang='grc' dir='ltr'>ὥσπερ</span> <span class='ocrx_word' id='word_1_358' title='bbox 2742 1767 3045 1840; x_wconf 79' lang='grc' dir='ltr'>Ἕλληνες·</span> <span class='ocrx_word' id='word_1_359' title='bbox 3113 1767 3241 1826; x_wconf 78' lang='grc' dir='ltr'>οὐδὲ</span> <span class='ocrx_word' id='word_1_360' title='bbox 3301 1773 3410 1844; x_wconf 73' lang='grc' dir='ltr'>μὴν</span> <span class='ocrx_word' id='word_1_361' title='bbox 3458 1767 3639 1835; x_wconf 78' lang='grc' dir='ltr'>ἴϐιδας</span> <span class='ocrx_word' id='word_1_362' title='bbox 3668 1776 3761 1828; x_wconf 97' lang='lat' dir='ltr'>xui</span> 
     </span>
    </p>
   </div>
   <div class='ocr_carea' id='block_1_52' title="bbox 2110 1854 3766 1938">
    <p class='ocr_par' dir='ltr' id='par_1_52' title="bbox 2110 1854 3766 1938">
     <span class='ocr_line' id='line_1_52' title="bbox 2110 1854 3766 1938; baseline 0.005 -30"><span class='ocrx_word' id='word_1_363' title='bbox 2110 1854 2441 1929; x_wconf 80' lang='grc' dir='ltr'>ἰχνεύμονας</span> <span class='ocrx_word' id='word_1_364' title='bbox 2479 1901 2493 1927; x_wconf 89' lang='grc'>,</span> <span class='ocrx_word' id='word_1_365' title='bbox 2549 1857 2787 1934; x_wconf 81' lang='grc' dir='ltr'>καθάπερ</span> <span class='ocrx_word' id='word_1_366' title='bbox 2834 1857 3159 1933; x_wconf 82' lang='grc' dir='ltr'>Αἰγύπτιοι,</span> <span class='ocrx_word' id='word_1_367' title='bbox 3208 1857 3355 1915; x_wconf 80' lang='grc' dir='ltr'>ἀλλὰ</span> <span class='ocrx_word' id='word_1_368' title='bbox 3399 1865 3509 1938; x_wconf 79' lang='grc' dir='ltr'>πῦρ</span> <span class='ocrx_word' id='word_1_369' title='bbox 3554 1883 3615 1917; x_wconf 84' lang='grc' dir='ltr'>τε</span> <span class='ocrx_word' id='word_1_370' title='bbox 3675 1863 3766 1917; x_wconf 84' lang='grc' dir='ltr'>καὶ</span> 
     </span>
    </p>
   </div>
   <div class='ocr_carea' id='block_1_53' title="bbox 2107 1941 3761 2027">
    <p class='ocr_par' dir='ltr' id='par_1_53' title="bbox 2107 1941 3761 2027">
     <span class='ocr_line' id='line_1_53' title="bbox 2107 1941 3761 2027; baseline 0.005 -30"><span class='ocrx_word' id='word_1_371' title='bbox 2107 1941 2276 2020; x_wconf 77' lang='grc' dir='ltr'>ὕδωρ,</span> <span class='ocrx_word' id='word_1_372' title='bbox 2312 1945 2388 2007; x_wconf 84' lang='grc' dir='ltr'>ὡς</span> <span class='ocrx_word' id='word_1_373' title='bbox 2448 1944 2765 2024; x_wconf 74' lang='grc' dir='ltr'>φιλόσοφοι.</span> <span class='ocrx_word' id='word_1_374' title='bbox 2829 1948 2984 2004; x_wconf 86' lang='grc' dir='ltr'>Μετά</span> <span class='ocrx_word' id='word_1_375' title='bbox 3039 1945 3259 2011; x_wconf 77' lang='grc' dir='ltr'>πολλὰς</span> <span class='ocrx_word' id='word_1_376' title='bbox 3322 1948 3507 2021; x_wconf 84' lang='grc' dir='ltr'>μέντοι</span> <span class='ocrx_word' id='word_1_377' title='bbox 3538 1949 3761 2027; x_wconf 71' lang='grc' dir='ltr'>ὕστερον</span> 
     </span>
    </p>
   </div>
   <div class='ocr_carea' id='block_1_54' title="bbox 2105 2030 3769 2111">
    <p class='ocr_par' dir='ltr' id='par_1_54' title="bbox 2105 2030 3769 2111">
     <span class='ocr_line' id='line_1_54' title="bbox 2105 2030 3769 2111; baseline 0.005 -25"><span class='ocrx_word' id='word_1_378' title='bbox 2105 2030 2391 2107; x_wconf 82' lang='grc' dir='ltr'>περιόδους</span> <span class='ocrx_word' id='word_1_379' title='bbox 2449 2033 2585 2089; x_wconf 83' lang='grc' dir='ltr'>ἐτῶν</span> <span class='ocrx_word' id='word_1_380' title='bbox 2641 2032 3021 2110; x_wconf 85' lang='grc' dir='ltr'>ἀνθρωποειδῆ</span> <span class='ocrx_word' id='word_1_381' title='bbox 3075 2036 3365 2111; x_wconf 82' lang='grc' dir='ltr'>ἀγάλματα</span> <span class='ocrx_word' id='word_1_382' title='bbox 3432 2034 3607 2095; x_wconf 87' lang='grc' dir='ltr'>σέϐειν</span> <span class='ocrx_word' id='word_1_383' title='bbox 3673 2038 3769 2094; x_wconf 85' lang='grc' dir='ltr'>αύ-</span> 
     </span>
    </p>
   </div>
   <div class='ocr_carea' id='block_1_55' title="bbox 2103 2122 3768 2205">
    <p class='ocr_par' dir='ltr' id='par_1_55' title="bbox 2103 2122 3768 2205">
     <span class='ocr_line' id='line_1_55' title="bbox 2103 2122 3768 2205; baseline 0.005 -29"><span class='ocrx_word' id='word_1_384' title='bbox 2103 2122 2231 2184; x_wconf 75' lang='grc' dir='ltr'>τοὺς</span> <span class='ocrx_word' id='word_1_385' title='bbox 2266 2169 2280 2196; x_wconf 87' lang='grc'>,</span> <span class='ocrx_word' id='word_1_386' title='bbox 2340 2125 2604 2198; x_wconf 72' lang='grc' dir='ltr'>Βήρωσος</span> <span class='ocrx_word' id='word_1_387' title='bbox 2682 2122 2733 2178; x_wconf 84' lang='grc' dir='ltr'>ἐν</span> <span class='ocrx_word' id='word_1_388' title='bbox 2817 2125 2971 2199; x_wconf 80' lang='grc' dir='ltr'>τρίτῃ</span> <span class='ocrx_word' id='word_1_389' title='bbox 3054 2123 3380 2182; x_wconf 80' lang='grc' dir='ltr'>Χαλδαϊκῶν</span> <span class='ocrx_word' id='word_1_390' title='bbox 3421 2128 3768 2205; x_wconf 85' lang='grc' dir='ltr'>παρίστησι,</span> 
     </span>
    </p>
   </div>
   <div class='ocr_carea' id='block_1_56' title="bbox 2105 2210 3770 2292">
    <p class='ocr_par' dir='ltr' id='par_1_56' title="bbox 2105 2210 3770 2292">
     <span class='ocr_line' id='line_1_56' title="bbox 2105 2210 3770 2292; baseline 0.004 -27"><span class='ocrx_word' id='word_1_391' title='bbox 2105 2214 2266 2265; x_wconf 75' lang='grc' dir='ltr'>τοῦτο</span> <span class='ocrx_word' id='word_1_392' title='bbox 2297 2210 2650 2288; x_wconf 75' lang='grc' dir='ltr'>Ἀρταξέρξου</span> <span class='ocrx_word' id='word_1_393' title='bbox 2705 2216 2807 2266; x_wconf 70' lang='grc' dir='ltr'>τοῦ</span> <span class='ocrx_word' id='word_1_394' title='bbox 2866 2213 3091 2289; x_wconf 84' lang='grc' dir='ltr'>Δαρείου</span> <span class='ocrx_word' id='word_1_395' title='bbox 3149 2218 3246 2269; x_wconf 81' lang='grc' dir='ltr'>τοῦ</span> <span class='ocrx_word' id='word_1_396' title='bbox 3296 2216 3472 2291; x_wconf 82' lang='grc' dir='ltr'>Ὤχου</span> <span class='ocrx_word' id='word_1_397' title='bbox 3504 2216 3770 2292; x_wconf 80' lang='grc' dir='ltr'>είηγησα-</span> 
     </span>
    </p>
   </div>
   <div class='ocr_carea' id='block_1_57' title="bbox 2111 2298 3767 2380">
    <p class='ocr_par' dir='ltr' id='par_1_57' title="bbox 2111 2298 3767 2380">
     <span class='ocr_line' id='line_1_57' title="bbox 2111 2298 3767 2380; baseline 0.004 -27"><span class='ocrx_word' id='word_1_398' title='bbox 2111 2298 2295 2372; x_wconf 82' lang='grc' dir='ltr'>μένου,</span> <span class='ocrx_word' id='word_1_399' title='bbox 2320 2298 2380 2361; x_wconf 76' lang='grc' dir='ltr'>ὅς</span> <span class='ocrx_word' id='word_1_400' title='bbox 2410 2304 2627 2374; x_wconf 82' lang='grc' dir='ltr'>πρῶτος</span> <span class='ocrx_word' id='word_1_401' title='bbox 2657 2307 2758 2370; x_wconf 77' lang='grc' dir='ltr'>τῆς</span> <span class='ocrx_word' id='word_1_402' title='bbox 2815 2299 3151 2380; x_wconf 76' lang='grc' dir='ltr'>Ἀφροδίτης</span> <span class='ocrx_word' id='word_1_403' title='bbox 3205 2302 3464 2367; x_wconf 79' lang='grc' dir='ltr'>Ταναΐδος</span> <span class='ocrx_word' id='word_1_404' title='bbox 3524 2308 3642 2379; x_wconf 77' lang='grc'>(41)</span> <span class='ocrx_word' id='word_1_405' title='bbox 3704 2306 3767 2361; x_wconf 90' lang='grc' dir='ltr'>τὸ</span> 
     </span>
    </p>
   </div>
   <div class='ocr_carea' id='block_1_58' title="bbox 2106 2385 3768 2464">
    <p class='ocr_par' dir='ltr' id='par_1_58' title="bbox 2106 2385 3768 2464">
     <span class='ocr_line' id='line_1_58' title="bbox 2106 2385 3768 2464; baseline 0.004 -23"><span class='ocrx_word' id='word_1_406' title='bbox 2106 2385 2327 2463; x_wconf 75' lang='grc' dir='ltr'>ἄγαλμα</span> <span class='ocrx_word' id='word_1_407' title='bbox 2378 2388 2675 2460; x_wconf 77' lang='grc' dir='ltr'>ἀναστήσας</span> <span class='ocrx_word' id='word_1_408' title='bbox 2733 2388 2784 2443; x_wconf 86' lang='grc' dir='ltr'>έν</span> <span class='ocrx_word' id='word_1_409' title='bbox 2834 2385 3150 2461; x_wconf 84' lang='grc' dir='ltr'>Βαϐυλῶνι,</span> <span class='ocrx_word' id='word_1_410' title='bbox 3208 2392 3298 2447; x_wconf 82' lang='grc' dir='ltr'>καὶ</span> <span class='ocrx_word' id='word_1_411' title='bbox 3362 2392 3616 2464; x_wconf 88' lang='grc' dir='ltr'>Σούσοις,</span> <span class='ocrx_word' id='word_1_412' title='bbox 3675 2392 3768 2448; x_wconf 84' lang='grc' dir='ltr'>καὶ</span> 
     </span>
    </p>
   </div>
   <div class='ocr_carea' id='block_1_59' title="bbox 2106 2472 3760 2556">
    <p class='ocr_par' dir='ltr' id='par_1_59' title="bbox 2106 2472 3760 2556">
     <span class='ocr_line' id='line_1_59' title="bbox 2106 2472 3760 2556; baseline 0.005 -26"><span class='ocrx_word' id='word_1_413' title='bbox 2106 2472 2457 2539; x_wconf 68' lang='grc' dir='ltr'>Ἐκϐατάνοις</span> <span class='ocrx_word' id='word_1_414' title='bbox 2516 2477 2745 2552; x_wconf 81' lang='grc' dir='ltr'>Πέρσαις</span> <span class='ocrx_word' id='word_1_415' title='bbox 2780 2523 2794 2546; x_wconf 89' lang='grc'>,</span> <span class='ocrx_word' id='word_1_416' title='bbox 2852 2480 2944 2534; x_wconf 81' lang='grc' dir='ltr'>καὶ</span> <span class='ocrx_word' id='word_1_417' title='bbox 2999 2482 3284 2555; x_wconf 77' lang='grc' dir='ltr'>Βάκτροις,</span> <span class='ocrx_word' id='word_1_418' title='bbox 3333 2482 3423 2537; x_wconf 83' lang='grc' dir='ltr'>καὶ</span> <span class='ocrx_word' id='word_1_419' title='bbox 3484 2488 3760 2556; x_wconf 83' lang='grc' dir='ltr'>Δαμασκῷ</span> 
     </span>
    </p>
   </div>
   <div class='ocr_carea' id='block_1_60' title="bbox 2103 2564 3762 2646">
    <p class='ocr_par' dir='ltr' id='par_1_60' title="bbox 2103 2564 3762 2646">
     <span class='ocr_line' id='line_1_60' title="bbox 2103 2564 3762 2646; baseline 0.004 -26"><span class='ocrx_word' id='word_1_420' title='bbox 2103 2566 2194 2621; x_wconf 85' lang='grc' dir='ltr'>καὶ</span> <span class='ocrx_word' id='word_1_421' title='bbox 2238 2564 2519 2641; x_wconf 81' lang='grc' dir='ltr'>Σάρδεσιν,</span> <span class='ocrx_word' id='word_1_422' title='bbox 2546 2565 2786 2639; x_wconf 76' lang='grc' dir='ltr'>ὑπέδειξε</span> <span class='ocrx_word' id='word_1_423' title='bbox 2840 2564 3038 2626; x_wconf 84' lang='grc' dir='ltr'>σέϐειν.</span> <span class='ocrx_word' id='word_1_424' title='bbox 3091 2570 3549 2646; x_wconf 76' lang='grc' dir='ltr'>Ὀμολογούντων</span> <span class='ocrx_word' id='word_1_425' title='bbox 3580 2573 3762 2627; x_wconf 88' lang='grc' dir='ltr'>τοίνυν</span> 
     </span>
    </p>
   </div>
   <div class='ocr_carea' id='block_1_61' title="bbox 2105 2653 3765 2734">
    <p class='ocr_par' dir='ltr' id='par_1_61' title="bbox 2105 2653 3765 2734">
     <span class='ocr_line' id='line_1_61' title="bbox 2105 2653 3765 2734; baseline 0.009 -31"><span class='ocrx_word' id='word_1_426' title='bbox 2105 2655 2158 2709; x_wconf 72' lang='lat' dir='ltr'>oi.</span> <span class='ocrx_word' id='word_1_427' title='bbox 2189 2653 2510 2733; x_wconf 71' lang='grc' dir='ltr'>φιλόσοφοι,</span> <span class='ocrx_word' id='word_1_428' title='bbox 2541 2656 2666 2718; x_wconf 76' lang='grc' dir='ltr'>τοὺς</span> <span class='ocrx_word' id='word_1_429' title='bbox 2697 2654 3062 2719; x_wconf 77' lang='grc' dir='ltr'>διδασκάλους</span> <span class='ocrx_word' id='word_1_430' title='bbox 3098 2658 3226 2720; x_wconf 80' lang='grc' dir='ltr'>τοὺς</span> <span class='ocrx_word' id='word_1_431' title='bbox 3276 2664 3426 2733; x_wconf 76' lang='grc' dir='ltr'>σφῶν</span> <span class='ocrx_word' id='word_1_432' title='bbox 3460 2662 3691 2734; x_wconf 81' lang='grc' dir='ltr'>Πέρσας,</span> <span class='ocrx_word' id='word_1_433' title='bbox 3729 2662 3765 2731; x_wconf 78' lang='grc' dir='ltr'><strong>ἢ</strong></span> 
     </span>
    </p>
   </div>
   <div class='ocr_carea' id='block_1_62' title="bbox 2107 2746 3761 2823">
    <p class='ocr_par' dir='ltr' id='par_1_62' title="bbox 2107 2746 3761 2823">
     <span class='ocr_line' id='line_1_62' title="bbox 2107 2746 3761 2823; baseline 0.004 -25"><span class='ocrx_word' id='word_1_434' title='bbox 2107 2751 2485 2818; x_wconf 72' lang='grc' dir='ltr'>Σαυρομάτας,</span> <span class='ocrx_word' id='word_1_435' title='bbox 2518 2746 2553 2816; x_wconf 78' lang='grc' dir='ltr'><strong>ἢ</strong></span> <span class='ocrx_word' id='word_1_436' title='bbox 2592 2746 2821 2821; x_wconf 76' lang='grc' dir='ltr'>μάγους,</span> <span class='ocrx_word' id='word_1_437' title='bbox 2853 2748 2981 2823; x_wconf 85' lang='grc' dir='ltr'>παρ’</span> <span class='ocrx_word' id='word_1_438' title='bbox 3040 2749 3114 2801; x_wconf 84' lang='grc' dir='ltr'>ὧν</span> <span class='ocrx_word' id='word_1_439' title='bbox 3176 2749 3276 2816; x_wconf 74' lang='grc' dir='ltr'>τήν</span> <span class='ocrx_word' id='word_1_440' title='bbox 3333 2748 3601 2818; x_wconf 81' lang='grc' dir='ltr'>ἀθεότητα</span> <span class='ocrx_word' id='word_1_441' title='bbox 3649 2755 3761 2804; x_wconf 79' lang='grc' dir='ltr'>τῶν</span> 
     </span>
    </p>
   </div>
   <div class='ocr_carea' id='block_1_63' title="bbox 2108 2829 3766 2912">
    <p class='ocr_par' dir='ltr' id='par_1_63' title="bbox 2108 2829 3766 2912">
     <span class='ocr_line' id='line_1_63' title="bbox 2108 2829 3766 2912; baseline 0.004 -25"><span class='ocrx_word' id='word_1_442' title='bbox 2108 2829 2418 2906; x_wconf 80' lang='grc' dir='ltr'>σεϐαυμίων</span> <span class='ocrx_word' id='word_1_443' title='bbox 2473 2832 2657 2896; x_wconf 78' lang='grc' dir='ltr'>αὐτοῖς</span> <span class='ocrx_word' id='word_1_444' title='bbox 2710 2837 3086 2908; x_wconf 67' lang='grc' dir='ltr'>μεμαθήκασιν</span> <span class='ocrx_word' id='word_1_445' title='bbox 3120 2837 3333 2911; x_wconf 82' lang='grc' dir='ltr'>ἀρχῶν,</span> <span class='ocrx_word' id='word_1_446' title='bbox 3395 2837 3639 2912; x_wconf 82' lang='grc' dir='ltr'>ἂρχοντα</span> <span class='ocrx_word' id='word_1_447' title='bbox 3668 2840 3766 2894; x_wconf 88' lang='grc' dir='ltr'>τὸν</span> 
     </span>
    </p>
   </div>
   <div class='ocr_carea' id='block_1_64' title="bbox 2106 2922 3766 3003">
    <p class='ocr_par' dir='ltr' id='par_1_64' title="bbox 2106 2922 3766 3003">
     <span class='ocr_line' id='line_1_64' title="bbox 2106 2922 3766 3003; baseline 0.003 -26"><span class='ocrx_word' id='word_1_448' title='bbox 2106 2922 2321 2977; x_wconf 83' lang='grc' dir='ltr'>πάντων</span> <span class='ocrx_word' id='word_1_449' title='bbox 2346 2925 2462 2997; x_wconf 77' lang='grc'>(42)</span> <span class='ocrx_word' id='word_1_450' title='bbox 2492 2925 2755 2994; x_wconf 78' lang='grc' dir='ltr'>ποιητὴν,</span> <span class='ocrx_word' id='word_1_451' title='bbox 2785 2924 2876 2980; x_wconf 82' lang='grc' dir='ltr'>καὶ</span> <span class='ocrx_word' id='word_1_452' title='bbox 2905 2929 3013 2981; x_wconf 70' lang='grc' dir='ltr'>τῶν</span> <span class='ocrx_word' id='word_1_453' title='bbox 3047 2925 3236 3001; x_wconf 79' lang='grc' dir='ltr'>ἀρχῶν</span> <span class='ocrx_word' id='word_1_454' title='bbox 3271 2925 3450 2981; x_wconf 79' lang='grc' dir='ltr'>αὐτῶν</span> <span class='ocrx_word' id='word_1_455' title='bbox 3486 2926 3766 3003; x_wconf 84' lang='grc' dir='ltr'>δημιουρ-</span> 
     </span>
    </p>
   </div>
   <div class='ocr_carea' id='block_1_65' title="bbox 2103 3010 3768 3090">
    <p class='ocr_par' dir='ltr' id='par_1_65' title="bbox 2103 3010 3768 3090">
     <span class='ocr_line' id='line_1_65' title="bbox 2103 3010 3768 3090; baseline 0.004 -26"><span class='ocrx_word' id='word_1_456' title='bbox 2103 3011 2200 3086; x_wconf 85' lang='grc' dir='ltr'>γὸν</span> <span class='ocrx_word' id='word_1_457' title='bbox 2227 3010 2561 3086; x_wconf 79' lang='grc' dir='ltr'>ἀγνοοῦντες,</span> <span class='ocrx_word' id='word_1_458' title='bbox 2592 3010 2686 3066; x_wconf 82' lang='grc' dir='ltr'>τὸν</span> <span class='ocrx_word' id='word_1_459' title='bbox 2719 3012 2959 3088; x_wconf 77' lang='grc' dir='ltr'>ἄναρχον</span> <span class='ocrx_word' id='word_1_460' title='bbox 2988 3014 3140 3068; x_wconf 81' lang='grc' dir='ltr'>Θεόν·</span> <span class='ocrx_word' id='word_1_461' title='bbox 3174 3013 3242 3068; x_wconf 83' lang='grc' dir='ltr'>τὰ</span> <span class='ocrx_word' id='word_1_462' title='bbox 3276 3011 3334 3069; x_wconf 71' lang='grc' dir='ltr'>δὲ</span> <span class='ocrx_word' id='word_1_463' title='bbox 3362 3016 3564 3090; x_wconf 84' lang='grc' dir='ltr'>πτωχά</span> <span class='ocrx_word' id='word_1_464' title='bbox 3591 3020 3768 3072; x_wconf 78' lang='grc' dir='ltr'>ταῦτα</span> 
     </span>
    </p>
   </div>
   <div class='ocr_carea' id='block_1_66' title="bbox 338 3085 2000 3181">
    <p class='ocr_par' dir='ltr' id='par_1_66' title="bbox 338 3099 1987 3173">
     <span class='ocr_line' id='line_1_66' title="bbox 338 3099 1987 3173; baseline -0.001 -13"><span class='ocrx_word' id='word_1_465' title='bbox 338 3121 561 3173; x_wconf 89' lang='lat' dir='ltr'>masco,</span> <span class='ocrx_word' id='word_1_466' title='bbox 595 3108 653 3158; x_wconf 90' lang='lat' dir='ltr'>et</span> <span class='ocrx_word' id='word_1_467' title='bbox 682 3101 881 3157; x_wconf 89' lang='lat' dir='ltr'>Sardis</span> <span class='ocrx_word' id='word_1_468' title='bbox 912 3099 1182 3171; x_wconf 89' lang='lat' dir='ltr'>exemplo</span> <span class='ocrx_word' id='word_1_469' title='bbox 1216 3116 1321 3155; x_wconf 92' lang='lat' dir='ltr'>suo</span> <span class='ocrx_word' id='word_1_470' title='bbox 1352 3101 1828 3171; x_wconf 71' lang='lat' dir='ltr'>przemonstravit</span> <span class='ocrx_word' id='word_1_471' title='bbox 1858 3118 1987 3158; x_wconf 85' lang='lat' dir='ltr'>esse</span> 
     </span>
    </p>
   </div>
   <div class='ocr_carea' id='block_1_67' title="bbox 2111 3085 3755 3181">
    <p class='ocr_par' dir='ltr' id='par_1_67' title="bbox 2111 3085 3755 3181">
     <span class='ocr_line' id='line_1_67' title="bbox 2111 3085 3755 3181; baseline 0.002 -27"><span class='ocrx_word' id='word_1_472' title='bbox 2111 3085 2187 3154; x_wconf 62' lang='lat' dir='ltr'>iui</span> <span class='ocrx_word' id='word_1_473' title='bbox 2220 3085 2441 3169; x_wconf 78' lang='grc' dir='ltr'>ἀσθενῆ,</span> <span class='ocrx_word' id='word_1_474' title='bbox 2540 3110 2703 3178; x_wconf 75' lang='grc' dir='ltr'>φησίν</span> <span class='ocrx_word' id='word_1_475' title='bbox 2736 3102 2764 3155; x_wconf 83' lang='grc' dir='ltr'>ὁ</span> <span class='ocrx_word' id='word_1_476' title='bbox 2797 3085 3158 3170; x_wconf 78' lang='grc' dir='ltr'>Ἀπόστολος,</span> <span class='ocrx_word' id='word_1_477' title='bbox 3190 3103 3257 3157; x_wconf 76' lang='grc' dir='ltr'>τὰ</span> <span class='ocrx_word' id='word_1_478' title='bbox 3303 3102 3381 3165; x_wconf 72' lang='grc' dir='ltr'>εἷς</span> <span class='ocrx_word' id='word_1_479' title='bbox 3408 3085 3755 3181; x_wconf 43' lang='grc' dir='ltr'>τήν-ἀνθρώ·</span> 
     </span>
    </p>
   </div>
   <div class='ocr_carea' id='block_1_68' title="bbox 408 3228 1131 3301">
    <p class='ocr_par' dir='ltr' id='par_1_68' title="bbox 408 3228 1131 3301">
     <span class='ocr_line' id='line_1_68' title="bbox 408 3228 1131 3301; baseline -0.006 -16"><span class='ocrx_word' id='word_1_480' title='bbox 408 3237 473 3301; x_wconf 74' lang='grc' dir='ltr'>,χ‹</span> <span class='ocrx_word' id='word_1_481' title='bbox 503 3231 568 3284; x_wconf 82' lang='grc' dir='ltr'>Ρ.</span> <span class='ocrx_word' id='word_1_482' title='bbox 606 3229 676 3283; x_wconf 77' lang='lat'>51</span> <span class='ocrx_word' id='word_1_483' title='bbox 700 3228 812 3283; x_wconf 92' lang='lat' dir='ltr'>ED.</span> <span class='ocrx_word' id='word_1_484' title='bbox 837 3228 1131 3283; x_wconf 82' lang='lat' dir='ltr'>POTTER.</span> 
     </span>
    </p>
   </div>
   <div class='ocr_carea' id='block_1_69' title="bbox 407 3353 2001 3429">
    <p class='ocr_par' dir='ltr' id='par_1_69' title="bbox 407 3353 2001 3429">
     <span class='ocr_line' id='line_1_69' title="bbox 407 3353 2001 3429; baseline -0.001 -17"><span class='ocrx_word' id='word_1_485' title='bbox 407 3357 521 3429; x_wconf 88' lang='lat'>(36)</span> <span class='ocrx_word' id='word_1_486' title='bbox 551 3358 793 3429; x_wconf 79' lang='grc' dir='ltr'>Περσῶν.</span> <span class='ocrx_word' id='word_1_487' title='bbox 827 3354 1102 3429; x_wconf 69' lang='lat' dir='ltr'>Herodot.</span> <span class='ocrx_word' id='word_1_488' title='bbox 1151 3353 1255 3410; x_wconf 88' lang='lat' dir='ltr'>lib.</span> <span class='ocrx_word' id='word_1_489' title='bbox 1287 3355 1517 3429; x_wconf 82' lang='lat' dir='ltr'>1_refert</span> <span class='ocrx_word' id='word_1_490' title='bbox 1575 3357 1784 3429; x_wconf 85' lang='lat' dir='ltr'>Persas</span> <span class='ocrx_word' id='word_1_491' title='bbox 1812 3374 2001 3429; x_wconf 83' lang='lat' dir='ltr'>sacra</span> 
     </span>
    </p>
   </div>
   <div class='ocr_carea' id='block_1_70' title="bbox 340 3374 1998 3501">
    <p class='ocr_par' dir='ltr' id='par_1_70' title="bbox 340 3374 1998 3501">
     <span class='ocr_line' id='line_1_70' title="bbox 407 3374 1998 3429; baseline 0 -17"><span class='ocrx_word' id='word_1_492' title='bbox 407 3374 521 3429; x_wconf 66' lang='lat'>(60)</span> <span class='ocrx_word' id='word_1_493' title='bbox 551 3374 625 3411; x_wconf 75' lang='lat' dir='ltr'>ue</span> <span class='ocrx_word' id='word_1_494' title='bbox 664 3375 793 3411; x_wconf 88' lang='grc' dir='ltr'>σων.</span> <span class='ocrx_word' id='word_1_495' title='bbox 828 3374 1102 3410; x_wconf 68' lang='grc' dir='ltr'>ηθτοαοῐ.</span> <span class='ocrx_word' id='word_1_496' title='bbox 1151 3374 1255 3410; x_wconf 84' lang='grc' dir='ltr'>ιω.</span> <span class='ocrx_word' id='word_1_497' title='bbox 1287 3374 1303 3409; x_wconf 82' lang='grc' dir='ltr'>ι</span> <span class='ocrx_word' id='word_1_498' title='bbox 1335 3374 1517 3411; x_wconf 76' lang='lat' dir='ltr'>reiert</span> <span class='ocrx_word' id='word_1_499' title='bbox 1575 3374 1784 3411; x_wconf 74' lang='lat' dir='ltr'>rersas</span> <span class='ocrx_word' id='word_1_500' title='bbox 1831 3374 1998 3412; x_wconf 84' lang='lat' dir='ltr'>sacra</span> 
     </span>
     <span class='ocr_line' id='line_1_71' title="bbox 340 3374 1998 3501; baseline -0.002 -16"><span class='ocrx_word' id='word_1_501' title='bbox 340 3430 535 3501; x_wconf 76' lang='lat' dir='ltr'>facere</span> <span class='ocrx_word' id='word_1_502' title='bbox 586 3374 756 3501; x_wconf 54' lang='grc' dir='ltr'>ἡλίῳ,</span> <span class='ocrx_word' id='word_1_503' title='bbox 814 3424 906 3479; x_wconf 83' lang='grc' dir='ltr'>καὶ</span> <span class='ocrx_word' id='word_1_504' title='bbox 963 3422 1199 3501; x_wconf 66' lang='grc' dir='ltr'>σελήνῃ,</span> <span class='ocrx_word' id='word_1_505' title='bbox 1248 3425 1339 3501; x_wconf 85' lang='lat' dir='ltr'>xui</span> <span class='ocrx_word' id='word_1_506' title='bbox 1394 3430 1489 3500; x_wconf 76' lang='grc' dir='ltr'>γῇ,</span> <span class='ocrx_word' id='word_1_507' title='bbox 1548 3427 1638 3480; x_wconf 86' lang='grc' dir='ltr'>καὶ</span> <span class='ocrx_word' id='word_1_508' title='bbox 1698 3426 1877 3501; x_wconf 42' lang='grc' dir='ltr'>πυρὶ,</span> <span class='ocrx_word' id='word_1_509' title='bbox 1907 3427 1998 3481; x_wconf 84' lang='grc' dir='ltr'>καὶ</span> 
     </span>
    </p>
   </div>
   <div class='ocr_carea' id='block_1_71' title="bbox 340 3471 1997 3570">
    <p class='ocr_par' dir='ltr' id='par_1_71' title="bbox 340 3471 1997 3570">
     <span class='ocr_line' id='line_1_72' title="bbox 340 3471 1997 3570; baseline 0.002 -18"><span class='ocrx_word' id='word_1_510' title='bbox 340 3499 519 3567; x_wconf 70' lang='grc' dir='ltr'>ὕδατι,</span> <span class='ocrx_word' id='word_1_511' title='bbox 549 3471 641 3552; x_wconf 48' lang='grc' dir='ltr'>καὶ</span> <span class='ocrx_word' id='word_1_512' title='bbox 672 3471 942 3569; x_wconf 50' lang='grc' dir='ltr'>ἀζέμοισι·</span> <span class='ocrx_word' id='word_1_513' title='bbox 977 3471 1113 3564; x_wconf 85' lang='lat' dir='ltr'>Soli,</span> <span class='ocrx_word' id='word_1_514' title='bbox 1136 3471 1222 3552; x_wconf 56' lang='grc' dir='ltr'>νέι</span> <span class='ocrx_word' id='word_1_515' title='bbox 1254 3471 1508 3563; x_wconf 46' lang='lat' dir='ltr'>lunaelhe&#39;l</span> <span class='ocrx_word' id='word_1_516' title='bbox 1561 3508 1747 3565; x_wconf 72' lang='lat' dir='ltr'>tcrra&#39;,</span> <span class='ocrx_word' id='word_1_517' title='bbox 1775 3471 1997 3570; x_wconf 56' lang='lat' dir='ltr'>Sl’igni,</span> 
     </span>
    </p>
   </div>
   <div class='ocr_carea' id='block_1_72' title="bbox 338 3569 2000 3644">
    <p class='ocr_par' dir='ltr' id='par_1_72' title="bbox 338 3569 2000 3644">
     <span class='ocr_line' id='line_1_73' title="bbox 338 3569 2000 3644; baseline -0.002 -14"><span class='ocrx_word' id='word_1_518' title='bbox 338 3578 391 3630; x_wconf 86' lang='lat' dir='ltr'>cl</span> <span class='ocrx_word' id='word_1_519' title='bbox 412 3586 595 3644; x_wconf 67' lang='lat' dir='ltr'>aquae,</span> <span class='ocrx_word' id='word_1_520' title='bbox 617 3579 671 3627; x_wconf 85' lang='lat' dir='ltr'>et</span> <span class='ocrx_word' id='word_1_521' title='bbox 708 3572 905 3627; x_wconf 81' lang='lat' dir='ltr'>ventis.</span> <span class='ocrx_word' id='word_1_522' title='bbox 940 3569 1237 3637; x_wconf 89' lang='lat' dir='ltr'>Sidonius,</span> <span class='ocrx_word' id='word_1_523' title='bbox 1289 3570 1573 3625; x_wconf 88' lang='lat' dir='ltr'>Marmine</span> <span class='ocrx_word' id='word_1_524' title='bbox 1600 3571 1636 3625; x_wconf 90' lang='lat'><strong>2</strong></span> <span class='ocrx_word' id='word_1_525' title='bbox 1678 3571 1747 3626; x_wconf 87' lang='lat' dir='ltr'>de</span> <span class='ocrx_word' id='word_1_526' title='bbox 1776 3569 1951 3641; x_wconf 73' lang='lat' dir='ltr'>Magis</span> <span class='ocrx_word' id='word_1_527' title='bbox 1980 3589 2000 3627; x_wconf 92' lang='lat'><strong><em>:</em></strong></span> 
     </span>
    </p>
   </div>
   <div class='ocr_carea' id='block_1_73' title="bbox 982 3676 1590 3747">
    <p class='ocr_par' dir='ltr' id='par_1_73' title="bbox 982 3676 1590 3747">
     <span class='ocr_line' id='line_1_74' title="bbox 982 3676 1590 3747; baseline 0.003 -17"><span class='ocrx_word' id='word_1_528' title='bbox 982 3718 1019 3733; x_wconf 92' lang='lat'>..</span> <span class='ocrx_word' id='word_1_529' title='bbox 1033 3717 1068 3731; x_wconf 95' lang='lat'>..</span> <span class='ocrx_word' id='word_1_530' title='bbox 1084 3719 1097 3731; x_wconf 94' lang='lat'>.</span> <span class='ocrx_word' id='word_1_531' title='bbox 1122 3677 1352 3747; x_wconf 81' lang='lat' dir='ltr'>juratur</span> <span class='ocrx_word' id='word_1_532' title='bbox 1377 3679 1445 3732; x_wconf 83' lang='lat' dir='ltr'>ab</span> <span class='ocrx_word' id='word_1_533' title='bbox 1471 3676 1590 3733; x_wconf 81' lang='lat' dir='ltr'>illis</span> 
     </span>
    </p>
   </div>
   <div class='ocr_carea' id='block_1_74' title="bbox 840 3747 1501 3820">
    <p class='ocr_par' dir='ltr' id='par_1_74' title="bbox 840 3747 1501 3820">
     <span class='ocr_line' id='line_1_75' title="bbox 840 3747 1501 3820; baseline -0.002 -16"><span class='ocrx_word' id='word_1_534' title='bbox 840 3747 989 3820; x_wconf 81' lang='lat' dir='ltr'>Ignis</span> <span class='ocrx_word' id='word_1_535' title='bbox 1017 3753 1068 3803; x_wconf 84' lang='lat' dir='ltr'>et</span> <span class='ocrx_word' id='word_1_536' title='bbox 1089 3748 1245 3802; x_wconf 84' lang='lat' dir='ltr'>unda</span> <span class='ocrx_word' id='word_1_537' title='bbox 1276 3748 1501 3803; x_wconf 79' lang='lat' dir='ltr'>deus....</span> 
     </span>
    </p>
   </div>
   <div class='ocr_carea' id='block_1_75' title="bbox 343 3854 1998 3928">
    <p class='ocr_par' dir='ltr' id='par_1_75' title="bbox 343 3854 1998 3928">
     <span class='ocr_line' id='line_1_76' title="bbox 343 3854 1998 3928; baseline -0.003 -13"><span class='ocrx_word' id='word_1_538' title='bbox 343 3859 510 3915; x_wconf 86' lang='lat' dir='ltr'>Conf.</span> <span class='ocrx_word' id='word_1_539' title='bbox 546 3856 753 3913; x_wconf 88' lang='lat' dir='ltr'>Strabo</span> <span class='ocrx_word' id='word_1_540' title='bbox 784 3854 1042 3928; x_wconf 9' lang='lat' dir='ltr'>lib._xvg;</span> <span class='ocrx_word' id='word_1_541' title='bbox 1072 3855 1313 3928; x_wconf 90' lang='lat' dir='ltr'>Diogen.</span> <span class='ocrx_word' id='word_1_542' title='bbox 1347 3855 1633 3928; x_wconf 81' lang='lat' dir='ltr'>Laertius,</span> <span class='ocrx_word' id='word_1_543' title='bbox 1664 3857 1949 3927; x_wconf 66' lang='lat' dir='ltr'>prooemio</span> <span class='ocrx_word' id='word_1_544' title='bbox 1983 3875 1998 3923; x_wconf 86' lang='lat'><strong>;</strong></span> 
     </span>
    </p>
   </div>
   <div class='ocr_carea' id='block_1_76' title="bbox 345 3922 2003 4001">
    <p class='ocr_par' dir='ltr' id='par_1_76' title="bbox 345 3922 2003 4001">
     <span class='ocr_line' id='line_1_77' title="bbox 345 3922 2003 4001; baseline -0.003 -15"><span class='ocrx_word' id='word_1_545' title='bbox 345 3932 644 4001; x_wconf 84' lang='lat' dir='ltr'>Chrysost.</span> <span class='ocrx_word' id='word_1_546' title='bbox 678 3944 730 3981; x_wconf 84' lang='lat' dir='ltr'>1v</span> <span class='ocrx_word' id='word_1_547' title='bbox 787 3922 1156 4001; x_wconf 61' lang='grc' dir='ltr'>Ἀνδριάντων</span> <span class='ocrx_word' id='word_1_548' title='bbox 1185 3922 1504 4001; x_wconf 60' lang='lat' dir='ltr'>E__Arnob.,</span> <span class='ocrx_word' id='word_1_549' title='bbox 1549 3922 1759 4001; x_wconf 45' lang='lat' dir='ltr'>libfvi.</span> <span class='ocrx_word' id='word_1_550' title='bbox 1784 3922 2003 4001; x_wconf 78' lang='lat' dir='ltr'>Auctor</span> 
     </span>
    </p>
   </div>
   <div class='ocr_carea' id='block_1_77' title="bbox 348 3996 2003 4069">
    <p class='ocr_par' dir='ltr' id='par_1_77' title="bbox 348 3996 2003 4069">
     <span class='ocr_line' id='line_1_78' title="bbox 348 3996 2003 4069; baseline -0.004 -11"><span class='ocrx_word' id='word_1_551' title='bbox 348 3996 800 4069; x_wconf 72' lang='lat' dir='ltr'>Recognilionum</span> <span class='ocrx_word' id='word_1_552' title='bbox 829 3996 1173 4069; x_wconf 87' lang='lat' dir='ltr'>Clementis,</span> <span class='ocrx_word' id='word_1_553' title='bbox 1220 3996 1347 4069; x_wconf 23' lang='lat' dir='ltr'>libs</span> <span class='ocrx_word' id='word_1_554' title='bbox 1385 4002 1459 4064; x_wconf 95' lang='lat' dir='ltr'>iv,</span> <span class='ocrx_word' id='word_1_555' title='bbox 1491 4014 1647 4069; x_wconf 89' lang='lat' dir='ltr'>cap.</span> <span class='ocrx_word' id='word_1_556' title='bbox 1680 3999 1768 4065; x_wconf 81' lang='lat'>29,</span> <span class='ocrx_word' id='word_1_557' title='bbox 1802 3998 1873 4052; x_wconf 91' lang='lat' dir='ltr'>de</span> <span class='ocrx_word' id='word_1_558' title='bbox 1903 4000 2003 4053; x_wconf 87' lang='grc' dir='ltr'>Ζο-</span> 
     </span>
    </p>
   </div>
   <div class='ocr_carea' id='block_1_78' title="bbox 345 4067 2003 4143">
    <p class='ocr_par' dir='ltr' id='par_1_78' title="bbox 345 4067 2003 4143">
     <span class='ocr_line' id='line_1_79' title="bbox 345 4067 2003 4143; baseline -0.002 -16"><span class='ocrx_word' id='word_1_559' title='bbox 345 4067 782 4143; x_wconf 80' lang='lat' dir='ltr'>roastreagens</span> <span class='ocrx_word' id='word_1_560' title='bbox 815 4070 1020 4143; x_wconf 74' lang='lat' dir='ltr'>:_Bus_li</span> <span class='ocrx_word' id='word_1_561' title='bbox 1047 4068 1280 4143; x_wconf 76' lang='lat' dir='ltr'>cineres.</span> <span class='ocrx_word' id='word_1_562' title='bbox 1337 4067 1551 4143; x_wconf 81' lang='lat' dir='ltr'>inquit,</span> <span class='ocrx_word' id='word_1_563' title='bbox 1585 4067 1847 4140; x_wconf 82' lang='lat' dir='ltr'>tanquam</span> <span class='ocrx_word' id='word_1_564' title='bbox 1886 4071 2003 4143; x_wconf 73' lang='lat' dir='ltr'>[ul-</span> 
     </span>
    </p>
   </div>
   <div class='ocr_carea' id='block_1_79' title="bbox 344 4139 2004 4213">
    <p class='ocr_par' dir='ltr' id='par_1_79' title="bbox 344 4139 2004 4213">
     <span class='ocr_line' id='line_1_80' title="bbox 344 4139 2004 4213; baseline -0.002 -15"><span class='ocrx_word' id='word_1_565' title='bbox 344 4147 520 4199; x_wconf 83' lang='lat' dir='ltr'>minei</span> <span class='ocrx_word' id='word_1_566' title='bbox 570 4139 743 4213; x_wconf 15' lang='lat' dir='ltr'>ignis,</span> <span class='ocrx_word' id='word_1_567' title='bbox 772 4139 1038 4208; x_wconf 70' lang='lat' dir='ltr'>reliquias</span> <span class='ocrx_word' id='word_1_568' title='bbox 1084 4139 1409 4213; x_wconf 75' lang='lat' dir='ltr'>colligentes</span> <span class='ocrx_word' id='word_1_569' title='bbox 1466 4139 1548 4204; x_wconf 82' lang='lat' dir='ltr'>hi,</span> <span class='ocrx_word' id='word_1_570' title='bbox 1595 4139 1700 4213; x_wconf 78' lang='lat' dir='ltr'>qui</span> <span class='ocrx_word' id='word_1_571' title='bbox 1744 4141 2004 4207; x_wconf 73' lang='lat' dir='ltr'>primitus</span> 
     </span>
    </p>
   </div>
   <div class='ocr_carea' id='block_1_80' title="bbox 346 4210 2003 4285">
    <p class='ocr_par' dir='ltr' id='par_1_80' title="bbox 346 4210 2003 4285">
     <span class='ocr_line' id='line_1_81' title="bbox 346 4210 2003 4285; baseline -0.003 -14"><span class='ocrx_word' id='word_1_572' title='bbox 346 4221 506 4271; x_wconf 83' lang='lat' dir='ltr'>erant</span> <span class='ocrx_word' id='word_1_573' title='bbox 534 4210 745 4285; x_wconf 76' lang='lat' dir='ltr'>decepti</span> <span class='ocrx_word' id='word_1_574' title='bbox 796 4211 1395 4285; x_wconf 15' lang='lat' dir='ltr'>deferuntadrPersas,</span> <span class='ocrx_word' id='word_1_575' title='bbox 1427 4217 1499 4285; x_wconf 77' lang='lat' dir='ltr'>ut</span> <span class='ocrx_word' id='word_1_576' title='bbox 1519 4213 1586 4266; x_wconf 87' lang='lat' dir='ltr'>ab</span> <span class='ocrx_word' id='word_1_577' title='bbox 1615 4210 1715 4276; x_wconf 78' lang='lat' dir='ltr'>eis,</span> <span class='ocrx_word' id='word_1_578' title='bbox 1739 4222 2003 4282; x_wconf 86' lang='lat' dir='ltr'>tanquam</span> 
     </span>
    </p>
   </div>
   <div class='ocr_carea' id='block_1_81' title="bbox 346 4283 2005 4353">
    <p class='ocr_par' dir='ltr' id='par_1_81' title="bbox 346 4283 2005 4353">
     <span class='ocr_line' id='line_1_82' title="bbox 346 4283 2005 4353; baseline -0.002 -12"><span class='ocrx_word' id='word_1_579' title='bbox 346 4287 574 4342; x_wconf 80' lang='lat' dir='ltr'>divinus</span> <span class='ocrx_word' id='word_1_580' title='bbox 603 4306 630 4340; x_wconf 74' lang='grc' dir='ltr'>υ</span> <span class='ocrx_word' id='word_1_581' title='bbox 658 4283 787 4339; x_wconf 66' lang='lat' dir='ltr'>caelo</span> <span class='ocrx_word' id='word_1_582' title='bbox 819 4284 1009 4353; x_wconf 75' lang='lat' dir='ltr'>lapsus</span> <span class='ocrx_word' id='word_1_583' title='bbox 1044 4283 1216 4352; x_wconf 77' lang='lat' dir='ltr'>ignis,</span> <span class='ocrx_word' id='word_1_584' title='bbox 1247 4284 1526 4351; x_wconf 79' lang='lat' dir='ltr'>perpetuis</span> <span class='ocrx_word' id='word_1_585' title='bbox 1580 4291 2005 4339; x_wconf 69' lang='lat' dir='ltr'>conservaretur</span> 
     </span>
    </p>
   </div>
   <div class='ocr_carea' id='block_1_82' title="bbox 347 4353 2003 4425">
    <p class='ocr_par' dir='ltr' id='par_1_82' title="bbox 347 4353 2003 4425">
     <span class='ocr_line' id='line_1_83' title="bbox 347 4353 2003 4425; baseline -0.002 -12"><span class='ocrx_word' id='word_1_586' title='bbox 347 4359 620 4423; x_wconf 70' lang='lat' dir='ltr'>excubiis,</span> <span class='ocrx_word' id='word_1_587' title='bbox 651 4363 815 4425; x_wconf 83' lang='lat' dir='ltr'>atque</span> <span class='ocrx_word' id='word_1_588' title='bbox 842 4359 904 4409; x_wconf 87' lang='lat' dir='ltr'>ut</span> <span class='ocrx_word' id='word_1_589' title='bbox 932 4353 1162 4409; x_wconf 75' lang='lat' dir='ltr'>caelestis</span> <span class='ocrx_word' id='word_1_590' title='bbox 1218 4353 1347 4425; x_wconf 73' lang='lat' dir='ltr'>deus</span> <span class='ocrx_word' id='word_1_591' title='bbox 1394 4355 1682 4409; x_wconf 76' lang='lat' dir='ltr'>coleretur.</span> <span class='ocrx_word' id='word_1_592' title='bbox 1714 4355 1877 4410; x_wconf 88' lang='lat' dir='ltr'>Conf.</span> <span class='ocrx_word' id='word_1_593' title='bbox 1929 4355 2003 4410; x_wconf 90' lang='lat' dir='ltr'>ad</span> 
     </span>
    </p>
   </div>
   <div class='ocr_carea' id='block_1_83' title="bbox 347 4424 1615 4484">
    <p class='ocr_par' dir='ltr' id='par_1_83' title="bbox 347 4424 1615 4484">
     <span class='ocr_line' id='line_1_84' title="bbox 347 4424 1615 4484; baseline -0.004 0"><span class='ocrx_word' id='word_1_594' title='bbox 347 4445 485 4484; x_wconf 91' lang='lat' dir='ltr'>eum</span> <span class='ocrx_word' id='word_1_595' title='bbox 516 4424 1010 4482; x_wconf 27' lang='lat' dir='ltr'>locum’auctores</span> <span class='ocrx_word' id='word_1_596' title='bbox 1028 4442 1063 4480; x_wconf 91' lang='lat' dir='ltr'>a</span> <span class='ocrx_word' id='word_1_597' title='bbox 1091 4424 1382 4479; x_wconf 90' lang='lat' dir='ltr'>Cotelerio</span> <span class='ocrx_word' id='word_1_598' title='bbox 1406 4426 1615 4480; x_wconf 90' lang='lat' dir='ltr'>notati.</span> 
     </span>
    </p>
   </div>
   <div class='ocr_carea' id='block_1_84' title="bbox 419 4492 2000 4570">
    <p class='ocr_par' dir='ltr' id='par_1_84' title="bbox 419 4492 2000 4570">
     <span class='ocr_line' id='line_1_85' title="bbox 419 4492 2000 4570; baseline -0.009 -17"><span class='ocrx_word' id='word_1_599' title='bbox 419 4501 529 4570; x_wconf 53' lang='lat'>(3?)</span> <span class='ocrx_word' id='word_1_600' title='bbox 577 4495 645 4570; x_wconf 81' lang='grc' dir='ltr'>Τί</span> <span class='ocrx_word' id='word_1_601' title='bbox 696 4515 791 4566; x_wconf 89' lang='grc' dir='ltr'>μοι</span> <span class='ocrx_word' id='word_1_602' title='bbox 841 4495 1177 4569; x_wconf 87' lang='grc' dir='ltr'>Σαυρομάτ.</span> <span class='ocrx_word' id='word_1_603' title='bbox 1233 4493 1575 4570; x_wconf 82' lang='grc' dir='ltr'>καταλέγειν,</span> <span class='ocrx_word' id='word_1_604' title='bbox 1651 4500 1718 4552; x_wconf 86' lang='grc' dir='ltr'>Α,</span> <span class='ocrx_word' id='word_1_605' title='bbox 1770 4492 2000 4549; x_wconf 67' lang='grc' dir='ltr'>καταλέ.</span> 
     </span>
    </p>
   </div>
   <div class='ocr_carea' id='block_1_85' title="bbox 345 4565 897 4644">
    <p class='ocr_par' dir='ltr' id='par_1_85' title="bbox 345 4565 897 4644">
     <span class='ocr_line' id='line_1_86' title="bbox 345 4565 897 4644; baseline -0.004 -21"><span class='ocrx_word' id='word_1_606' title='bbox 345 4565 459 4644; x_wconf 80' lang='grc' dir='ltr'>γειν</span> <span class='ocrx_word' id='word_1_607' title='bbox 486 4565 589 4644; x_wconf 72' lang='grc' dir='ltr'>δεῖ.</span> <span class='ocrx_word' id='word_1_608' title='bbox 624 4565 897 4644; x_wconf 57' lang='lat' dir='ltr'>Simoni}.</span> 
     </span>
    </p>
   </div>
   <div class='ocr_carea' id='block_1_86' title="bbox 417 4636 2005 4711">
    <p class='ocr_par' dir='ltr' id='par_1_86' title="bbox 417 4636 2005 4711">
     <span class='ocr_line' id='line_1_87' title="bbox 417 4636 2005 4711; baseline -0.001 -16"><span class='ocrx_word' id='word_1_609' title='bbox 417 4641 533 4711; x_wconf 84' lang='lat'>{38)</span> <span class='ocrx_word' id='word_1_610' title='bbox 577 4637 775 4711; x_wconf 57' lang='lat' dir='ltr'>auiam.</span> <span class='ocrx_word' id='word_1_611' title='bbox 822 4636 1172 4711; x_wconf 86' lang='lat' dir='ltr'>Herodotus,</span> <span class='ocrx_word' id='word_1_612' title='bbox 1224 4639 1330 4695; x_wconf 90' lang='lat' dir='ltr'>lib.</span> <span class='ocrx_word' id='word_1_613' title='bbox 1384 4658 1399 4695; x_wconf 84' lang='grc' dir='ltr'>ι</span> <span class='ocrx_word' id='word_1_614' title='bbox 1441 4656 1454 4695; x_wconf 89' lang='lat'>:</span> <span class='ocrx_word' id='word_1_615' title='bbox 1512 4639 1830 4694; x_wconf 81' lang='lat' dir='ltr'>Simulacra</span> <span class='ocrx_word' id='word_1_616' title='bbox 1882 4640 2005 4710; x_wconf 85' lang='lat' dir='ltr'>qui-</span> 
     </span>
    </p>
   </div>
   <div class='ocr_carea' id='block_1_87' title="bbox 348 4710 2004 4779">
    <p class='ocr_par' dir='ltr' id='par_1_87' title="bbox 348 4710 2004 4779">
     <span class='ocr_line' id='line_1_88' title="bbox 348 4710 2004 4779; baseline -0.002 -11"><span class='ocrx_word' id='word_1_617' title='bbox 348 4710 469 4769; x_wconf 78' lang='lat' dir='ltr'>dem</span> <span class='ocrx_word' id='word_1_618' title='bbox 513 4710 563 4765; x_wconf 83' lang='lat' dir='ltr'>et</span> <span class='ocrx_word' id='word_1_619' title='bbox 613 4710 835 4779; x_wconf 80' lang='lat' dir='ltr'>tenipla,</span> <span class='ocrx_word' id='word_1_620' title='bbox 896 4717 947 4764; x_wconf 87' lang='lat' dir='ltr'>et</span> <span class='ocrx_word' id='word_1_621' title='bbox 996 4710 1203 4765; x_wconf 85' lang='lat' dir='ltr'>altaria</span> <span class='ocrx_word' id='word_1_622' title='bbox 1262 4712 1356 4767; x_wconf 76' lang='lat' dir='ltr'>lea:</span> <span class='ocrx_word' id='word_1_623' title='bbox 1406 4728 1495 4767; x_wconf 82' lang='lat' dir='ltr'>eos</span> <span class='ocrx_word' id='word_1_624' title='bbox 1555 4716 1698 4766; x_wconf 84' lang='lat' dir='ltr'>vetat</span> <span class='ocrx_word' id='word_1_625' title='bbox 1747 4721 2004 4777; x_wconf 75' lang='lat' dir='ltr'>statuere,</span> 
     </span>
    </p>
   </div>
   <div class='ocr_carea' id='block_1_88' title="bbox 347 4782 2009 4853">
    <p class='ocr_par' dir='ltr' id='par_1_88' title="bbox 347 4782 2009 4853">
     <span class='ocr_line' id='line_1_89' title="bbox 347 4782 2009 4853; baseline -0.002 -13"><span class='ocrx_word' id='word_1_626' title='bbox 347 4795 401 4840; x_wconf 80' lang='lat' dir='ltr'>et</span> <span class='ocrx_word' id='word_1_627' title='bbox 428 4787 725 4839; x_wconf 73' lang='lat' dir='ltr'>statuentes</span> <span class='ocrx_word' id='word_1_628' title='bbox 771 4782 1029 4835; x_wconf 75' lang='lat' dir='ltr'>stultitiae</span> <span class='ocrx_word' id='word_1_629' title='bbox 1077 4792 1382 4837; x_wconf 74' lang='lat' dir='ltr'>accusant:</span> <span class='ocrx_word' id='word_1_630' title='bbox 1442 4801 1504 4835; x_wconf 69' lang='lat' dir='ltr'>uo</span> <span class='ocrx_word' id='word_1_631' title='bbox 1554 4782 1713 4853; x_wconf 82' lang='lat' dir='ltr'>quod,</span> <span class='ocrx_word' id='word_1_632' title='bbox 1770 4787 1831 4836; x_wconf 84' lang='lat' dir='ltr'>ut</span> <span class='ocrx_word' id='word_1_633' title='bbox 1859 4782 2009 4837; x_wconf 81' lang='lat' dir='ltr'>mihi</span> 
     </span>
    </p>
   </div>
   <div class='ocr_carea' id='block_1_89' title="bbox 348 4853 2007 4927">
    <p class='ocr_par' dir='ltr' id='par_1_89' title="bbox 348 4853 2007 4927">
     <span class='ocr_line' id='line_1_90' title="bbox 348 4853 2007 4927; baseline -0.004 -15"><span class='ocrx_word' id='word_1_634' title='bbox 348 4856 571 4927; x_wconf 78' lang='lat' dir='ltr'>quidem</span> <span class='ocrx_word' id='word_1_635' title='bbox 621 4853 856 4916; x_wconf 69' lang='lat' dir='ltr'>videtur,</span> <span class='ocrx_word' id='word_1_636' title='bbox 888 4868 1022 4927; x_wconf 72' lang='lat' dir='ltr'>non,</span> <span class='ocrx_word' id='word_1_637' title='bbox 1076 4853 1304 4927; x_wconf 68' lang='lat' dir='ltr'>perinde</span> <span class='ocrx_word' id='word_1_638' title='bbox 1348 4863 1407 4908; x_wconf 80' lang='lat' dir='ltr'>ut</span> <span class='ocrx_word' id='word_1_639' title='bbox 1465 4853 1845 4927; x_wconf 70' lang='lat' dir='ltr'>Graeci,_deos</span> <span class='ocrx_word' id='word_1_640' title='bbox 1901 4854 2007 4907; x_wconf 83' lang='lat' dir='ltr'>hu-</span> 
     </span>
    </p>
   </div>
   <div class='ocr_carea' id='block_1_90' title="bbox 349 4922 2007 4995">
    <p class='ocr_par' dir='ltr' id='par_1_90' title="bbox 349 4922 2007 4995">
     <span class='ocr_line' id='line_1_91' title="bbox 349 4922 2007 4995; baseline -0.001 -16"><span class='ocrx_word' id='word_1_641' title='bbox 349 4922 519 4983; x_wconf 71' lang='lat' dir='ltr'>inana</span> <span class='ocrx_word' id='word_1_642' title='bbox 549 4929 732 4994; x_wconf 79' lang='lat' dir='ltr'>[arma</span> <span class='ocrx_word' id='word_1_643' title='bbox 751 4922 1011 4995; x_wconf 64' lang='lat' dir='ltr'>przditos</span> <span class='ocrx_word' id='word_1_644' title='bbox 1041 4938 1157 4977; x_wconf 82' lang='lat' dir='ltr'>esse</span> <span class='ocrx_word' id='word_1_645' title='bbox 1175 4923 1515 4979; x_wconf 72' lang='lat' dir='ltr'>existiment.</span> <span class='ocrx_word' id='word_1_646' title='bbox 1547 4925 1711 4979; x_wconf 89' lang='lat' dir='ltr'>Conf.</span> <span class='ocrx_word' id='word_1_647' title='bbox 1735 4930 2007 4980; x_wconf 87' lang='lat' dir='ltr'>auctores</span> 
     </span>
    </p>
   </div>
   <div class='ocr_carea' id='block_1_91' title="bbox 351 4994 991 5055">
    <p class='ocr_par' dir='ltr' id='par_1_91' title="bbox 351 4994 991 5055">
     <span class='ocr_line' id='line_1_92' title="bbox 351 4994 991 5055; baseline -0.013 0"><span class='ocrx_word' id='word_1_648' title='bbox 351 4997 627 5055; x_wconf 80' lang='lat' dir='ltr'>superius</span> <span class='ocrx_word' id='word_1_649' title='bbox 658 4994 991 5050; x_wconf 86' lang='lat' dir='ltr'>memorati.</span> 
     </span>
    </p>
   </div>
   <div class='ocr_carea' id='block_1_92' title="bbox 445 5063 2006 5138">
    <p class='ocr_par' dir='ltr' id='par_1_92' title="bbox 445 5063 2006 5138">
     <span class='ocr_line' id='line_1_93' title="bbox 445 5063 2006 5138; baseline -0.002 -14"><span class='ocrx_word' id='word_1_650' title='bbox 445 5072 533 5136; x_wconf 84' lang='lat'>39)</span> <span class='ocrx_word' id='word_1_651' title='bbox 565 5067 626 5123; x_wconf 90' lang='grc' dir='ltr'>Ὁ</span> <span class='ocrx_word' id='word_1_652' title='bbox 659 5065 850 5138; x_wconf 57' lang='grc' dir='ltr'>Δίνων,</span> <span class='ocrx_word' id='word_1_653' title='bbox 880 5063 1154 5138; x_wconf 81' lang='lat' dir='ltr'>Dinonis</span> <span class='ocrx_word' id='word_1_654' title='bbox 1214 5067 1440 5121; x_wconf 75' lang='lat' dir='ltr'>Persica</span> <span class='ocrx_word' id='word_1_655' title='bbox 1490 5066 1641 5138; x_wconf 84' lang='lat' dir='ltr'>citat</span> <span class='ocrx_word' id='word_1_656' title='bbox 1688 5066 2006 5138; x_wconf 89' lang='lat' dir='ltr'>aliquoties</span> 
     </span>
    </p>
   </div>
   <div class='ocr_carea' id='block_1_93' title="bbox 354 5135 1754 5207">
    <p class='ocr_par' dir='ltr' id='par_1_93' title="bbox 354 5135 1754 5207">
     <span class='ocr_line' id='line_1_94' title="bbox 354 5135 1754 5207; baseline -0.004 -10"><span class='ocrx_word' id='word_1_657' title='bbox 354 5135 695 5204; x_wconf 65' lang='lat' dir='ltr'>Athenians,</span> <span class='ocrx_word' id='word_1_658' title='bbox 728 5138 791 5192; x_wconf 89' lang='lat' dir='ltr'>in</span> <span class='ocrx_word' id='word_1_659' title='bbox 822 5135 1154 5207; x_wconf 80' lang='lat' dir='ltr'>Dipnosoph.</span> <span class='ocrx_word' id='word_1_660' title='bbox 1189 5139 1257 5191; x_wconf 90' lang='lat' dir='ltr'>A.</span> <span class='ocrx_word' id='word_1_661' title='bbox 1290 5143 1351 5192; x_wconf 91' lang='lat' dir='ltr'>et</span> <span class='ocrx_word' id='word_1_662' title='bbox 1378 5139 1444 5191; x_wconf 91' lang='lat' dir='ltr'>A.</span> <span class='ocrx_word' id='word_1_663' title='bbox 1481 5137 1754 5193; x_wconf 73' lang='lat' dir='ltr'>Svuiune.</span> 
     </span>
    </p>
   </div>
   <div class='ocr_carea' id='block_1_94' title="bbox 426 5206 1824 5285">
    <p class='ocr_par' dir='ltr' id='par_1_94' title="bbox 426 5206 1824 5285">
     <span class='ocr_line' id='line_1_95' title="bbox 426 5206 1824 5285; baseline -0.004 -18"><span class='ocrx_word' id='word_1_664' title='bbox 426 5214 540 5285; x_wconf 78' lang='grc'>(40)</span> <span class='ocrx_word' id='word_1_665' title='bbox 574 5209 637 5266; x_wconf 79' lang='lat' dir='ltr'>Ei</span> <span class='ocrx_word' id='word_1_666' title='bbox 667 5208 770 5283; x_wconf 82' lang='grc' dir='ltr'>γὰρ</span> <span class='ocrx_word' id='word_1_667' title='bbox 792 5206 903 5262; x_wconf 75' lang='lat' dir='ltr'>xui.</span> <span class='ocrx_word' id='word_1_668' title='bbox 944 5207 1237 5274; x_wconf 86' lang='lat' dir='ltr'>Horatius,</span> <span class='ocrx_word' id='word_1_669' title='bbox 1270 5210 1417 5263; x_wconf 81' lang='lat' dir='ltr'>Artis</span> <span class='ocrx_word' id='word_1_670' title='bbox 1447 5212 1592 5278; x_wconf 81' lang='lat' dir='ltr'>poet.</span> <span class='ocrx_word' id='word_1_671' title='bbox 1625 5225 1674 5262; x_wconf 90' lang='lat' dir='ltr'>v.</span> <span class='ocrx_word' id='word_1_672' title='bbox 1709 5211 1770 5262; x_wconf 84' lang='grc'>31</span> <span class='ocrx_word' id='word_1_673' title='bbox 1811 5224 1824 5261; x_wconf 91' lang='lat'>:</span> 
     </span>
    </p>
   </div>
   <div class='ocr_carea' id='block_1_95' title="bbox 528 5312 1822 5385">
    <p class='ocr_par' dir='ltr' id='par_1_95' title="bbox 528 5312 1822 5385">
     <span class='ocr_line' id='line_1_96' title="bbox 528 5312 1822 5385; baseline -0.002 -13"><span class='ocrx_word' id='word_1_674' title='bbox 528 5319 586 5373; x_wconf 85' lang='lat' dir='ltr'>ln</span> <span class='ocrx_word' id='word_1_675' title='bbox 616 5314 816 5371; x_wconf 81' lang='lat' dir='ltr'>vilium</span> <span class='ocrx_word' id='word_1_676' title='bbox 841 5313 988 5368; x_wconf 84' lang='lat' dir='ltr'>ducit</span> <span class='ocrx_word' id='word_1_677' title='bbox 1018 5312 1198 5383; x_wconf 64' lang='lat' dir='ltr'>culpw</span> <span class='ocrx_word' id='word_1_678' title='bbox 1244 5315 1398 5385; x_wconf 81' lang='lat' dir='ltr'>fuga,</span> <span class='ocrx_word' id='word_1_679' title='bbox 1434 5315 1483 5368; x_wconf 76' lang='lat' dir='ltr'>si</span> <span class='ocrx_word' id='word_1_680' title='bbox 1509 5318 1656 5369; x_wconf 83' lang='lat' dir='ltr'>caret</span> <span class='ocrx_word' id='word_1_681' title='bbox 1686 5322 1822 5369; x_wconf 84' lang='lat' dir='ltr'>arte.</span> 
     </span>
    </p>
   </div>
   <div class='ocr_carea' id='block_1_96' title="bbox 425 5414 2003 5495">
    <p class='ocr_par' dir='ltr' id='par_1_96' title="bbox 425 5414 2003 5495">
     <span class='ocr_line' id='line_1_97' title="bbox 425 5414 2003 5495; baseline -0.003 -16"><span class='ocrx_word' id='word_1_682' title='bbox 425 5425 538 5495; x_wconf 69' lang='grc'>(41)</span> <span class='ocrx_word' id='word_1_683' title='bbox 570 5416 900 5495; x_wconf 61' lang='grc' dir='ltr'>Ἀφροδίτης</span> <span class='ocrx_word' id='word_1_684' title='bbox 933 5414 1223 5495; x_wconf 16' lang='grc' dir='ltr'>Ταναίτηςῂ.</span> <span class='ocrx_word' id='word_1_685' title='bbox 1272 5420 1475 5495; x_wconf 53' lang='lat' dir='ltr'>Strabo</span> <span class='ocrx_word' id='word_1_686' title='bbox 1534 5418 1773 5495; x_wconf 77' lang='lat' dir='ltr'>quidem</span> <span class='ocrx_word' id='word_1_687' title='bbox 1826 5421 2003 5495; x_wconf 79' lang='lat' dir='ltr'>Uxio-</span> 
     </span>
    </p>
   </div>
   <div class='ocr_carea' id='block_1_97' title="bbox 352 5487 2008 5566">
    <p class='ocr_par' dir='ltr' id='par_1_97' title="bbox 352 5487 2008 5566">
     <span class='ocr_line' id='line_1_98' title="bbox 352 5487 2008 5566; baseline -0.004 -15"><span class='ocrx_word' id='word_1_688' title='bbox 352 5487 495 5551; x_wconf 75' lang='lat' dir='ltr'>rum</span> <span class='ocrx_word' id='word_1_689' title='bbox 518 5487 815 5566; x_wconf 79' lang='lat' dir='ltr'>meminit,</span> <span class='ocrx_word' id='word_1_690' title='bbox 844 5491 999 5562; x_wconf 88' lang='lat' dir='ltr'>apud</span> <span class='ocrx_word' id='word_1_691' title='bbox 1024 5508 1174 5560; x_wconf 86' lang='lat' dir='ltr'>quos</span> <span class='ocrx_word' id='word_1_692' title='bbox 1205 5487 1506 5566; x_wconf 65' lang='grc' dir='ltr'>Ἀφροδίτη</span> <span class='ocrx_word' id='word_1_693' title='bbox 1554 5487 1798 5566; x_wconf 65' lang='grc' dir='ltr'>ᾈνᾳῖτης</span> <span class='ocrx_word' id='word_1_694' title='bbox 1859 5493 2008 5566; x_wconf 78' lang='lat' dir='ltr'>cole-</span> 
     </span>
    </p>
   </div>
   <div class='ocr_carea' id='block_1_98' title="bbox 350 5564 2011 5636">
    <p class='ocr_par' dir='ltr' id='par_1_98' title="bbox 350 5564 2011 5636">
     <span class='ocr_line' id='line_1_99' title="bbox 350 5564 2011 5636; baseline -0.004 -12"><span class='ocrx_word' id='word_1_695' title='bbox 350 5569 546 5633; x_wconf 83' lang='lat' dir='ltr'>batur,</span> <span class='ocrx_word' id='word_1_696' title='bbox 583 5572 639 5619; x_wconf 86' lang='lat' dir='ltr'>et</span> <span class='ocrx_word' id='word_1_697' title='bbox 666 5564 823 5636; x_wconf 85' lang='lat' dir='ltr'>apud</span> <span class='ocrx_word' id='word_1_698' title='bbox 855 5566 1063 5636; x_wconf 74' lang='lat' dir='ltr'>Persas</span> <span class='ocrx_word' id='word_1_699' title='bbox 1095 5581 1261 5617; x_wconf 76' lang='lat' dir='ltr'>sacra</span> <span class='ocrx_word' id='word_1_700' title='bbox 1287 5564 1470 5636; x_wconf 67' lang='lat' dir='ltr'>fuisse</span> <span class='ocrx_word' id='word_1_701' title='bbox 1504 5564 1800 5636; x_wconf 69' lang='lat' dir='ltr'>celebrata</span> <span class='ocrx_word' id='word_1_702' title='bbox 1815 5564 2011 5636; x_wconf 80' lang='lat' dir='ltr'>prodit</span> 
     </span>
    </p>
   </div>
   <div class='ocr_carea' id='block_1_99' title="bbox 350 5630 2005 5697">
    <p class='ocr_par' dir='ltr' id='par_1_99' title="bbox 350 5630 2005 5697">
     <span class='ocr_line' id='line_1_100' title="bbox 350 5630 2005 5697; baseline -0.004 -2"><span class='ocrx_word' id='word_1_703' title='bbox 350 5630 650 5695; x_wconf 86' lang='lat' dir='ltr'>Anaitidis</span> <span class='ocrx_word' id='word_1_704' title='bbox 677 5630 736 5692; x_wconf 74' lang='lat' dir='ltr'>et</span> <span class='ocrx_word' id='word_1_705' title='bbox 764 5634 973 5691; x_wconf 89' lang='lat' dir='ltr'>Omani</span> <span class='ocrx_word' id='word_1_706' title='bbox 1009 5651 1022 5689; x_wconf 93' lang='lat'>:</span> <span class='ocrx_word' id='word_1_707' title='bbox 1077 5636 1253 5687; x_wconf 80' lang='grc' dir='ltr'>Ταῦτα</span> <span class='ocrx_word' id='word_1_708' title='bbox 1305 5634 1355 5687; x_wconf 86' lang='grc' dir='ltr'>ἐν</span> <span class='ocrx_word' id='word_1_709' title='bbox 1414 5640 1530 5695; x_wconf 83' lang='grc' dir='ltr'>τοῖς</span> <span class='ocrx_word' id='word_1_710' title='bbox 1566 5630 1860 5697; x_wconf 77' lang='grc' dir='ltr'>Ἀναίτιδὸς</span> <span class='ocrx_word' id='word_1_711' title='bbox 1916 5634 2005 5688; x_wconf 87' lang='grc' dir='ltr'>καὶ</span> 
     </span>
    </p>
   </div>
   <div class='ocr_carea' id='block_1_100' title="bbox 348 5701 2005 5783">
    <p class='ocr_par' dir='ltr' id='par_1_100' title="bbox 348 5701 2005 5783">
     <span class='ocr_line' id='line_1_101' title="bbox 348 5701 2005 5783; baseline -0.004 -17"><span class='ocrx_word' id='word_1_712' title='bbox 348 5714 448 5766; x_wconf 76' lang='grc' dir='ltr'>τοῦ</span> <span class='ocrx_word' id='word_1_713' title='bbox 473 5710 716 5783; x_wconf 87' lang='grc' dir='ltr'>Ὁμανοῦ</span> <span class='ocrx_word' id='word_1_714' title='bbox 745 5707 911 5782; x_wconf 74' lang='grc' dir='ltr'>ἱερεῖς</span> <span class='ocrx_word' id='word_1_715' title='bbox 940 5701 1276 5777; x_wconf 84' lang='grc' dir='ltr'>νενόμισται.</span> <span class='ocrx_word' id='word_1_716' title='bbox 1312 5706 1645 5764; x_wconf 85' lang='lat' dir='ltr'>Videndum</span> <span class='ocrx_word' id='word_1_717' title='bbox 1667 5722 1828 5779; x_wconf 84' lang='lat' dir='ltr'>ergo,</span> <span class='ocrx_word' id='word_1_718' title='bbox 1860 5723 2005 5763; x_wconf 88' lang='lat' dir='ltr'>num</span> 
     </span>
    </p>
   </div>
   <div class='ocr_carea' id='block_1_101' title="bbox 2110 3356 3768 3428">
    <p class='ocr_par' dir='ltr' id='par_1_101' title="bbox 2110 3356 3768 3428">
     <span class='ocr_line' id='line_1_102' title="bbox 2110 3356 3768 3428; baseline 0.001 -16"><span class='ocrx_word' id='word_1_719' title='bbox 2110 3359 2235 3412; x_wconf 69' lang='lat' dir='ltr'>haec</span> <span class='ocrx_word' id='word_1_720' title='bbox 2262 3358 2339 3411; x_wconf 92' lang='lat' dir='ltr'>sit</span> <span class='ocrx_word' id='word_1_721' title='bbox 2367 3356 2496 3428; x_wconf 83' lang='lat' dir='ltr'>dea,</span> <span class='ocrx_word' id='word_1_722' title='bbox 2533 3372 2710 3428; x_wconf 87' lang='lat' dir='ltr'>quam</span> <span class='ocrx_word' id='word_1_723' title='bbox 2742 3356 3015 3411; x_wconf 90' lang='lat' dir='ltr'>Clemens</span> <span class='ocrx_word' id='word_1_724' title='bbox 3046 3357 3159 3412; x_wconf 93' lang='lat' dir='ltr'>hoc</span> <span class='ocrx_word' id='word_1_725' title='bbox 3189 3357 3318 3412; x_wconf 91' lang='lat' dir='ltr'>loco</span> <span class='ocrx_word' id='word_1_726' title='bbox 3341 3357 3584 3412; x_wconf 88' lang='lat' dir='ltr'>indicat.</span> <span class='ocrx_word' id='word_1_727' title='bbox 3620 3358 3768 3414; x_wconf 89' lang='lat' dir='ltr'>Vide</span> 
     </span>
    </p>
   </div>
   <div class='ocr_carea' id='block_1_102' title="bbox 2112 3427 3768 3492">
    <p class='ocr_par' dir='ltr' id='par_1_102' title="bbox 2112 3427 3768 3492">
     <span class='ocr_line' id='line_1_103' title="bbox 2112 3427 3768 3492; baseline 0.001 -8"><span class='ocrx_word' id='word_1_728' title='bbox 2112 3428 2459 3484; x_wconf 89' lang='lat' dir='ltr'>Strabonem</span> <span class='ocrx_word' id='word_1_729' title='bbox 2486 3427 2589 3481; x_wconf 82' lang='lat' dir='ltr'>lib.</span> <span class='ocrx_word' id='word_1_730' title='bbox 2621 3445 2713 3492; x_wconf 89' lang='lat' dir='ltr'>xv,</span> <span class='ocrx_word' id='word_1_731' title='bbox 2746 3428 2845 3482; x_wconf 93' lang='lat' dir='ltr'>ubi</span> <span class='ocrx_word' id='word_1_732' title='bbox 2878 3430 3088 3483; x_wconf 88' lang='lat' dir='ltr'>Persas</span> <span class='ocrx_word' id='word_1_733' title='bbox 3112 3430 3399 3483; x_wconf 87' lang='lat' dir='ltr'>Venerem</span> <span class='ocrx_word' id='word_1_734' title='bbox 3450 3435 3507 3482; x_wconf 89' lang='lat' dir='ltr'>et</span> <span class='ocrx_word' id='word_1_735' title='bbox 3565 3430 3768 3486; x_wconf 90' lang='lat' dir='ltr'>Solem</span> 
     </span>
    </p>
   </div>
   <div class='ocr_carea' id='block_1_103' title="bbox 2110 3499 3769 3566">
    <p class='ocr_par' dir='ltr' id='par_1_103' title="bbox 2110 3499 3769 3566">
     <span class='ocr_line' id='line_1_104' title="bbox 2110 3499 3769 3566; baseline -0.001 -10"><span class='ocrx_word' id='word_1_736' title='bbox 2110 3502 2305 3556; x_wconf 87' lang='lat' dir='ltr'>colere</span> <span class='ocrx_word' id='word_1_737' title='bbox 2339 3499 2537 3565; x_wconf 88' lang='lat' dir='ltr'>tradit,</span> <span class='ocrx_word' id='word_1_738' title='bbox 2571 3505 2631 3553; x_wconf 90' lang='lat' dir='ltr'>et</span> <span class='ocrx_word' id='word_1_739' title='bbox 2659 3499 2763 3553; x_wconf 88' lang='lat' dir='ltr'>lib.</span> <span class='ocrx_word' id='word_1_740' title='bbox 2805 3517 2881 3553; x_wconf 73' lang='grc' dir='ltr'>χι.</span> <span class='ocrx_word' id='word_1_741' title='bbox 2933 3501 3200 3555; x_wconf 78' lang='lat' dir='ltr'>COLLEC’I‘.</span> <span class='ocrx_word' id='word_1_742' title='bbox 3250 3500 3597 3566; x_wconf 87' lang='lat' dir='ltr'>Bochartus,</span> <span class='ocrx_word' id='word_1_743' title='bbox 3631 3504 3769 3557; x_wconf 80' lang='lat' dir='ltr'>Gea-</span> 
     </span>
    </p>
   </div>
   <div class='ocr_carea' id='block_1_104' title="bbox 2109 3571 3765 3642">
    <p class='ocr_par' dir='ltr' id='par_1_104' title="bbox 2109 3571 3765 3642">
     <span class='ocr_line' id='line_1_105' title="bbox 2109 3571 3765 3642; baseline 0.001 -16"><span class='ocrx_word' id='word_1_744' title='bbox 2109 3572 2368 3642; x_wconf 63' lang='lat' dir='ltr'>graphiac</span> <span class='ocrx_word' id='word_1_745' title='bbox 2396 3586 2565 3626; x_wconf 66' lang='lat' dir='ltr'>sacrm</span> <span class='ocrx_word' id='word_1_746' title='bbox 2596 3573 2866 3642; x_wconf 76' lang='lat' dir='ltr'>pag.2‘i7,</span> <span class='ocrx_word' id='word_1_747' title='bbox 2891 3571 2973 3624; x_wconf 89' lang='lat' dir='ltr'>ait</span> <span class='ocrx_word' id='word_1_748' title='bbox 3006 3588 3060 3624; x_wconf 75' lang='grc' dir='ltr'>τα</span> <span class='ocrx_word' id='word_1_749' title='bbox 3087 3572 3255 3626; x_wconf 88' lang='lat' dir='ltr'>Circa</span> <span class='ocrx_word' id='word_1_750' title='bbox 3286 3571 3501 3626; x_wconf 86' lang='lat' dir='ltr'>Arbela</span> <span class='ocrx_word' id='word_1_751' title='bbox 3531 3578 3589 3625; x_wconf 91' lang='lat' dir='ltr'>et</span> <span class='ocrx_word' id='word_1_752' title='bbox 3612 3573 3765 3627; x_wconf 88' lang='lat' dir='ltr'>Gau-</span> 
     </span>
    </p>
   </div>
   <div class='ocr_carea' id='block_1_105' title="bbox 2109 3588 3766 3765">
    <p class='ocr_par' dir='ltr' id='par_1_105' title="bbox 2109 3588 3766 3765">
     <span class='ocr_line' id='line_1_106' title="bbox 2109 3588 3765 3695; baseline 0.001 -69"><span class='ocrx_word' id='word_1_753' title='bbox 2109 3588 2368 3642; x_wconf 74' lang='lat' dir='ltr'>grapnul:</span> <span class='ocrx_word' id='word_1_754' title='bbox 2396 3588 2565 3626; x_wconf 67' lang='lat' dir='ltr'>sacrm</span> <span class='ocrx_word' id='word_1_755' title='bbox 2590 3588 2803 3695; x_wconf 52' lang='lat' dir='ltr'>sagum</span> <span class='ocrx_word' id='word_1_756' title='bbox 2826 3588 2866 3636; x_wconf 75' lang='grc' dir='ltr'>ί,</span> <span class='ocrx_word' id='word_1_757' title='bbox 2891 3588 2973 3624; x_wconf 77' lang='lat' dir='ltr'>ait</span> <span class='ocrx_word' id='word_1_758' title='bbox 3006 3588 3060 3624; x_wconf 75' lang='grc' dir='ltr'>τα</span> <span class='ocrx_word' id='word_1_759' title='bbox 3087 3588 3255 3626; x_wconf 52' lang='grc' dir='ltr'>ιλιι-ρει</span> <span class='ocrx_word' id='word_1_760' title='bbox 3286 3588 3501 3626; x_wconf 81' lang='lat' dir='ltr'>AI‘Dela</span> <span class='ocrx_word' id='word_1_761' title='bbox 3531 3588 3589 3625; x_wconf 83' lang='lat' dir='ltr'>et</span> <span class='ocrx_word' id='word_1_762' title='bbox 3612 3588 3765 3627; x_wconf 71' lang='lat' dir='ltr'>bau-</span> 
     </span>
     <span class='ocr_line' id='line_1_107' title="bbox 2109 3641 3766 3765; baseline 0 -67"><span class='ocrx_word' id='word_1_763' title='bbox 2109 3642 2339 3716; x_wconf 89' lang='lat' dir='ltr'>gamela</span> <span class='ocrx_word' id='word_1_764' title='bbox 2356 3642 2560 3697; x_wconf 88' lang='lat' dir='ltr'>Strabo</span> <span class='ocrx_word' id='word_1_765' title='bbox 2632 3641 2873 3696; x_wconf 91' lang='lat' dir='ltr'>escribit</span> <span class='ocrx_word' id='word_1_766' title='bbox 2929 3642 3164 3765; x_wconf 44' lang='lat' dir='ltr'>uaginae</span> <span class='ocrx_word' id='word_1_767' title='bbox 3223 3642 3471 3702; x_wconf 83' lang='lat' dir='ltr'>fontem.</span> <span class='ocrx_word' id='word_1_768' title='bbox 3506 3649 3565 3697; x_wconf 91' lang='lat' dir='ltr'>et</span> <span class='ocrx_word' id='word_1_769' title='bbox 3610 3644 3766 3711; x_wconf 77' lang='lat' dir='ltr'>ignis</span> 
     </span>
     <span class='ocr_line' id='line_1_108' title="bbox 2111 3711 3766 3765; baseline 0 0"><span class='ocrx_word' id='word_1_770' title='bbox 2111 3714 2412 3765; x_wconf 84' lang='lat' dir='ltr'>scatebras</span> <span class='ocrx_word' id='word_1_771' title='bbox 2446 3731 2459 3765; x_wconf 90' lang='lat'><strong>:</strong></span> <span class='ocrx_word' id='word_1_772' title='bbox 2492 3711 2583 3765; x_wconf 85' lang='lat' dir='ltr'>xui</span> <span class='ocrx_word' id='word_1_773' title='bbox 2612 3712 2675 3764; x_wconf 87' lang='grc' dir='ltr'>τὸ</span> <span class='ocrx_word' id='word_1_774' title='bbox 2706 3718 2806 3765; x_wconf 68' lang='grc' dir='ltr'>τῆς</span> <span class='ocrx_word' id='word_1_775' title='bbox 2855 3714 2990 3765; x_wconf 82' lang='lat' dir='ltr'>’Avu</span> <span class='ocrx_word' id='word_1_776' title='bbox 3017 3733 3080 3765; x_wconf 79' lang='grc' dir='ltr'>ας</span> <span class='ocrx_word' id='word_1_777' title='bbox 3110 3712 3277 3765; x_wconf 73' lang='grc' dir='ltr'>ἱερόν.</span> <span class='ocrx_word' id='word_1_778' title='bbox 3308 3720 3358 3765; x_wconf 87' lang='lat' dir='ltr'>et</span> <span class='ocrx_word' id='word_1_779' title='bbox 3415 3716 3603 3765; x_wconf 63' lang='lat' dir='ltr'>Antea?</span> <span class='ocrx_word' id='word_1_780' title='bbox 3634 3722 3766 3765; x_wconf 84' lang='lat' dir='ltr'>lem-</span> 
     </span>
    </p>
   </div>
   <div class='ocr_carea' id='block_1_106' title="bbox 2111 3711 3769 3784">
    <p class='ocr_par' dir='ltr' id='par_1_106' title="bbox 2111 3711 3769 3784">
     <span class='ocr_line' id='line_1_109' title="bbox 2111 3711 3769 3784; baseline -0.001 -14"><span class='ocrx_word' id='word_1_781' title='bbox 2111 3711 2412 3770; x_wconf 77' lang='lat' dir='ltr'>scatebras</span> <span class='ocrx_word' id='word_1_782' title='bbox 2446 3731 2459 3779; x_wconf 90' lang='lat'><strong>;</strong></span> <span class='ocrx_word' id='word_1_783' title='bbox 2492 3711 2583 3766; x_wconf 85' lang='lat' dir='ltr'>xui</span> <span class='ocrx_word' id='word_1_784' title='bbox 2612 3712 2675 3764; x_wconf 83' lang='grc' dir='ltr'>τὸ</span> <span class='ocrx_word' id='word_1_785' title='bbox 2706 3718 2806 3779; x_wconf 83' lang='grc' dir='ltr'>τῆς</span> <span class='ocrx_word' id='word_1_786' title='bbox 2855 3711 3080 3773; x_wconf 63' lang='grc' dir='ltr'>Ἀναίας</span> <span class='ocrx_word' id='word_1_787' title='bbox 3110 3712 3277 3784; x_wconf 75' lang='grc' dir='ltr'>ἱερόν,</span> <span class='ocrx_word' id='word_1_788' title='bbox 3308 3720 3358 3768; x_wconf 88' lang='lat' dir='ltr'>et</span> <span class='ocrx_word' id='word_1_789' title='bbox 3415 3716 3603 3769; x_wconf 54' lang='lat' dir='ltr'>Antea)</span> <span class='ocrx_word' id='word_1_790' title='bbox 3634 3722 3769 3769; x_wconf 85' lang='lat' dir='ltr'>lem-</span> 
     </span>
    </p>
   </div>
   <div class='ocr_carea' id='block_1_107' title="bbox 2104 3784 3769 3857">
    <p class='ocr_par' dir='ltr' id='par_1_107' title="bbox 2104 3784 3769 3857">
     <span class='ocr_line' id='line_1_110' title="bbox 2104 3784 3769 3857; baseline 0.001 -18"><span class='ocrx_word' id='word_1_791' title='bbox 2104 3786 2284 3857; x_wconf 83' lang='lat' dir='ltr'>plum,</span> <span class='ocrx_word' id='word_1_792' title='bbox 2307 3785 2366 3839; x_wconf 90' lang='lat' dir='ltr'>id</span> <span class='ocrx_word' id='word_1_793' title='bbox 2393 3790 2484 3839; x_wconf 88' lang='lat' dir='ltr'>est</span> <span class='ocrx_word' id='word_1_794' title='bbox 2528 3784 2842 3857; x_wconf 83' lang='lat' dir='ltr'>Anaitidis,</span> <span class='ocrx_word' id='word_1_795' title='bbox 2875 3785 2947 3839; x_wconf 91' lang='lat' dir='ltr'>de</span> <span class='ocrx_word' id='word_1_796' title='bbox 3001 3802 3118 3857; x_wconf 89' lang='lat' dir='ltr'>qua</span> <span class='ocrx_word' id='word_1_797' title='bbox 3154 3785 3314 3839; x_wconf 88' lang='lat' dir='ltr'>idem</span> <span class='ocrx_word' id='word_1_798' title='bbox 3350 3785 3580 3857; x_wconf 81' lang='lat' dir='ltr'>Strabo</span> <span class='ocrx_word' id='word_1_799' title='bbox 3623 3786 3769 3840; x_wconf 89' lang='lat' dir='ltr'>alibi</span> 
     </span>
    </p>
   </div>
   <div class='ocr_carea' id='block_1_108' title="bbox 2110 3855 3766 3929">
    <p class='ocr_par' dir='ltr' id='par_1_108' title="bbox 2110 3855 3766 3929">
     <span class='ocr_line' id='line_1_111' title="bbox 2110 3855 3766 3929; baseline 0 -17"><span class='ocrx_word' id='word_1_800' title='bbox 2110 3855 2355 3929; x_wconf 78' lang='lat' dir='ltr'>passim,</span> <span class='ocrx_word' id='word_1_801' title='bbox 2379 3862 2453 3929; x_wconf 73' lang='lat' dir='ltr'>et</span> <span class='ocrx_word' id='word_1_802' title='bbox 2475 3856 2752 3929; x_wconf 88' lang='lat' dir='ltr'>Agathias</span> <span class='ocrx_word' id='word_1_803' title='bbox 2778 3855 2882 3909; x_wconf 88' lang='lat' dir='ltr'>lib.</span> <span class='ocrx_word' id='word_1_804' title='bbox 2930 3873 2988 3924; x_wconf 84' lang='grc' dir='ltr'>ιι,</span> <span class='ocrx_word' id='word_1_805' title='bbox 3023 3855 3086 3910; x_wconf 84' lang='lat' dir='ltr'>et</span> <span class='ocrx_word' id='word_1_806' title='bbox 3108 3856 3430 3929; x_wconf 74' lang='lat' dir='ltr'>Pausanias</span> <span class='ocrx_word' id='word_1_807' title='bbox 3457 3858 3766 3929; x_wconf 80' lang='lat' dir='ltr'>Laconicis,</span> 
     </span>
    </p>
   </div>
   <div class='ocr_carea' id='block_1_109' title="bbox 2112 3927 3771 3999">
    <p class='ocr_par' dir='ltr' id='par_1_109' title="bbox 2112 3927 3771 3999">
     <span class='ocr_line' id='line_1_112' title="bbox 2112 3927 3771 3999; baseline 0.001 -17"><span class='ocrx_word' id='word_1_808' title='bbox 2112 3927 2170 3982; x_wconf 79' lang='lat' dir='ltr'>et</span> <span class='ocrx_word' id='word_1_809' title='bbox 2200 3927 2553 3999; x_wconf 78' lang='lat' dir='ltr'>Plutarchus</span> <span class='ocrx_word' id='word_1_810' title='bbox 2600 3930 2953 3999; x_wconf 84' lang='lat' dir='ltr'>Artaxerxe:</span> <span class='ocrx_word' id='word_1_811' title='bbox 2993 3945 3063 3981; x_wconf 90' lang='lat' dir='ltr'>ex</span> <span class='ocrx_word' id='word_1_812' title='bbox 3093 3927 3328 3999; x_wconf 73' lang='lat' dir='ltr'>quibus</span> <span class='ocrx_word' id='word_1_813' title='bbox 3375 3928 3771 3999; x_wconf 82' lang='lat' dir='ltr'>corrigendus</span> 
     </span>
    </p>
   </div>
   <div class='ocr_carea' id='block_1_110' title="bbox 2111 3998 3774 4069">
    <p class='ocr_par' dir='ltr' id='par_1_110' title="bbox 2111 3998 3774 4069">
     <span class='ocr_line' id='line_1_113' title="bbox 2111 3998 3774 4069; baseline 0 -15"><span class='ocrx_word' id='word_1_814' title='bbox 2111 3998 2433 4054; x_wconf 90' lang='lat' dir='ltr'>Clementis</span> <span class='ocrx_word' id='word_1_815' title='bbox 2481 3998 2645 4053; x_wconf 90' lang='lat' dir='ltr'>locus</span> <span class='ocrx_word' id='word_1_816' title='bbox 2676 3998 2738 4052; x_wconf 92' lang='lat' dir='ltr'>in</span> <span class='ocrx_word' id='word_1_817' title='bbox 2762 4001 3041 4069; x_wconf 69' lang='lat' dir='ltr'>Protrept.</span> <span class='ocrx_word' id='word_1_818' title='bbox 3075 3998 3150 4069; x_wconf 73' lang='lat' dir='ltr'>de</span> <span class='ocrx_word' id='word_1_819' title='bbox 3179 3998 3387 4069; x_wconf 89' lang='lat' dir='ltr'>eodem</span> <span class='ocrx_word' id='word_1_820' title='bbox 3415 3998 3774 4069; x_wconf 74' lang='lat' dir='ltr'>Artaxerxe,</span> 
     </span>
    </p>
   </div>
   <div class='ocr_carea' id='block_1_111' title="bbox 2110 4064 3770 4145">
    <p class='ocr_par' dir='ltr' id='par_1_111' title="bbox 2110 4064 3770 4145">
     <span class='ocr_line' id='line_1_114' title="bbox 2110 4064 3770 4145; baseline 0.001 -23"><span class='ocrx_word' id='word_1_821' title='bbox 2110 4069 2169 4145; x_wconf 61' lang='grc' dir='ltr'>ξς</span> <span class='ocrx_word' id='word_1_822' title='bbox 2200 4072 2419 4145; x_wconf 69' lang='grc' dir='ltr'>πρῶτος</span> <span class='ocrx_word' id='word_1_823' title='bbox 2448 4074 2549 4145; x_wconf 50' lang='grc' dir='ltr'>ᾖς</span> <span class='ocrx_word' id='word_1_824' title='bbox 2581 4064 2913 4145; x_wconf 77' lang='grc' dir='ltr'>Ἀφροδίτης</span> <span class='ocrx_word' id='word_1_825' title='bbox 2950 4064 3221 4145; x_wconf 48' lang='grc' dir='ltr'>ῖΓαναΐδος</span> <span class='ocrx_word' id='word_1_826' title='bbox 3279 4068 3349 4145; x_wconf 63' lang='grc' dir='ltr'>το</span> <span class='ocrx_word' id='word_1_827' title='bbox 3400 4065 3568 4145; x_wconf 71' lang='grc' dir='ltr'>ᾃγαλ.</span> <span class='ocrx_word' id='word_1_828' title='bbox 3618 4064 3770 4145; x_wconf 73' lang='lat' dir='ltr'>Lege</span> 
     </span>
    </p>
   </div>
   <div class='ocr_carea' id='block_1_112' title="bbox 2112 4137 3773 4211">
    <p class='ocr_par' dir='ltr' id='par_1_112' title="bbox 2112 4137 3773 4211">
     <span class='ocr_line' id='line_1_115' title="bbox 2112 4137 3773 4211; baseline 0.001 -15"><span class='ocrx_word' id='word_1_829' title='bbox 2112 4137 2509 4203; x_wconf 67' lang='lat' dir='ltr'>’Avaiti80&lt;.in</span> <span class='ocrx_word' id='word_1_830' title='bbox 2531 4157 2649 4211; x_wconf 90' lang='lat' dir='ltr'>qua</span> <span class='ocrx_word' id='word_1_831' title='bbox 2661 4137 3081 4196; x_wconf 72' lang='lat' dir='ltr'>emendatione</span> <span class='ocrx_word' id='word_1_832' title='bbox 3107 4156 3228 4194; x_wconf 93' lang='lat' dir='ltr'>non</span> <span class='ocrx_word' id='word_1_833' title='bbox 3261 4137 3467 4195; x_wconf 81' lang='lat' dir='ltr'>debuit</span> <span class='ocrx_word' id='word_1_834' title='bbox 3486 4137 3773 4197; x_wconf 69' lang='lat' dir='ltr'>haesitare</span> 
     </span>
    </p>
   </div>
   <div class='ocr_carea' id='block_1_113' title="bbox 2111 4210 3771 4284">
    <p class='ocr_par' dir='ltr' id='par_1_113' title="bbox 2111 4210 3771 4284">
     <span class='ocr_line' id='line_1_116' title="bbox 2111 4210 3771 4284; baseline 0.001 -18"><span class='ocrx_word' id='word_1_835' title='bbox 2111 4214 2199 4267; x_wconf 89' lang='lat' dir='ltr'>vir</span> <span class='ocrx_word' id='word_1_836' title='bbox 2219 4210 2600 4269; x_wconf 84' lang='lat' dir='ltr'>doctus.Nam</span> <span class='ocrx_word' id='word_1_837' title='bbox 2622 4219 2840 4284; x_wconf 65' lang='lat' dir='ltr'>praeter</span> <span class='ocrx_word' id='word_1_838' title='bbox 2867 4212 3170 4284; x_wconf 81' lang='lat' dir='ltr'>Persicam</span> <span class='ocrx_word' id='word_1_839' title='bbox 3198 4210 3771 4284; x_wconf 20' lang='lat' dir='ltr'>illamwAnaitidem,</span> 
     </span>
    </p>
   </div>
   <div class='ocr_carea' id='block_1_114' title="bbox 2114 4282 3777 4355">
    <p class='ocr_par' dir='ltr' id='par_1_114' title="bbox 2114 4282 3777 4355">
     <span class='ocr_line' id='line_1_117' title="bbox 2114 4282 3777 4355; baseline -0.001 -16"><span class='ocrx_word' id='word_1_840' title='bbox 2114 4285 2184 4339; x_wconf 93' lang='lat' dir='ltr'>de</span> <span class='ocrx_word' id='word_1_841' title='bbox 2215 4301 2333 4355; x_wconf 91' lang='lat' dir='ltr'>qua</span> <span class='ocrx_word' id='word_1_842' title='bbox 2354 4290 2570 4354; x_wconf 58' lang='lat' dir='ltr'>praeter</span> <span class='ocrx_word' id='word_1_843' title='bbox 2601 4282 2949 4355; x_wconf 80' lang='lat' dir='ltr'>Strabonem</span> <span class='ocrx_word' id='word_1_844' title='bbox 3009 4282 3289 4355; x_wconf 84' lang='lat' dir='ltr'>Agathias</span> <span class='ocrx_word' id='word_1_845' title='bbox 3339 4282 3441 4337; x_wconf 89' lang='lat' dir='ltr'>lib.</span> <span class='ocrx_word' id='word_1_846' title='bbox 3496 4300 3557 4355; x_wconf 76' lang='grc' dir='ltr'>ιι,</span> <span class='ocrx_word' id='word_1_847' title='bbox 3592 4287 3777 4339; x_wconf 89' lang='lat' dir='ltr'>etiam</span> 
     </span>
    </p>
   </div>
   <div class='ocr_carea' id='block_1_115' title="bbox 2110 4353 3776 4411">
    <p class='ocr_par' dir='ltr' id='par_1_115' title="bbox 2110 4353 3776 4411">
     <span class='ocr_line' id='line_1_118' title="bbox 2110 4353 3776 4411; baseline -0.001 -1"><span class='ocrx_word' id='word_1_848' title='bbox 2110 4353 2423 4411; x_wconf 82' lang='lat' dir='ltr'>Ecbatanis</span> <span class='ocrx_word' id='word_1_849' title='bbox 2453 4354 2791 4409; x_wconf 85' lang='lat' dir='ltr'>Anaitidem</span> <span class='ocrx_word' id='word_1_850' title='bbox 2842 4354 3025 4409; x_wconf 83' lang='lat' dir='ltr'>fuisse</span> <span class='ocrx_word' id='word_1_851' title='bbox 3066 4353 3296 4409; x_wconf 76' lang='lat' dir='ltr'>cultam</span> <span class='ocrx_word' id='word_1_852' title='bbox 3349 4370 3420 4408; x_wconf 88' lang='lat' dir='ltr'>ex</span> <span class='ocrx_word' id='word_1_853' title='bbox 3448 4354 3776 4411; x_wconf 90' lang='lat' dir='ltr'>Plutarcho</span> 
     </span>
    </p>
   </div>
   <div class='ocr_carea' id='block_1_116' title="bbox 2033 4424 3766 4501">
    <p class='ocr_par' dir='ltr' id='par_1_116' title="bbox 2033 4424 3766 4501">
     <span class='ocr_line' id='line_1_119' title="bbox 2033 4424 3766 4501; baseline -0.001 -19"><span class='ocrx_word' id='word_1_854' title='bbox 2033 4436 2077 4501; x_wconf 81' lang='lat' dir='ltr'><strong>D</strong></span> <span class='ocrx_word' id='word_1_855' title='bbox 2110 4428 2364 4501; x_wconf 53' lang='lat' dir='ltr'>scimus,</span> <span class='ocrx_word' id='word_1_856' title='bbox 2388 4431 2446 4501; x_wconf 82' lang='lat' dir='ltr'>et</span> <span class='ocrx_word' id='word_1_857' title='bbox 2482 4426 2667 4501; x_wconf 80' lang='lat' dir='ltr'>Susis,</span> <span class='ocrx_word' id='word_1_858' title='bbox 2701 4431 2761 4479; x_wconf 87' lang='lat' dir='ltr'>et</span> <span class='ocrx_word' id='word_1_859' title='bbox 2788 4425 2849 4501; x_wconf 77' lang='lat' dir='ltr'>in</span> <span class='ocrx_word' id='word_1_860' title='bbox 2881 4425 3078 4501; x_wconf 84' lang='lat' dir='ltr'>Lydia,</span> <span class='ocrx_word' id='word_1_861' title='bbox 3114 4424 3213 4478; x_wconf 91' lang='lat' dir='ltr'>ubi</span> <span class='ocrx_word' id='word_1_862' title='bbox 3244 4424 3476 4491; x_wconf 88' lang='lat' dir='ltr'>Sardes,</span> <span class='ocrx_word' id='word_1_863' title='bbox 3509 4442 3581 4481; x_wconf 88' lang='lat' dir='ltr'>ex</span> <span class='ocrx_word' id='word_1_864' title='bbox 3602 4429 3766 4501; x_wconf 79' lang='lat' dir='ltr'>Pau-</span> 
     </span>
    </p>
   </div>
   <div class='ocr_carea' id='block_1_117' title="bbox 2113 4496 3778 4567">
    <p class='ocr_par' dir='ltr' id='par_1_117' title="bbox 2113 4496 3778 4567">
     <span class='ocr_line' id='line_1_120' title="bbox 2113 4496 3778 4567; baseline -0.001 -14"><span class='ocrx_word' id='word_1_865' title='bbox 2113 4498 2299 4553; x_wconf 86' lang='lat' dir='ltr'>sania.</span> <span class='ocrx_word' id='word_1_866' title='bbox 2324 4498 2394 4550; x_wconf 88' lang='lat' dir='ltr'>Et</span> <span class='ocrx_word' id='word_1_867' title='bbox 2424 4497 2484 4551; x_wconf 92' lang='lat' dir='ltr'>in</span> <span class='ocrx_word' id='word_1_868' title='bbox 2518 4496 2681 4551; x_wconf 91' lang='lat' dir='ltr'>illius</span> <span class='ocrx_word' id='word_1_869' title='bbox 2710 4496 2937 4551; x_wconf 89' lang='lat' dir='ltr'>cultum</span> <span class='ocrx_word' id='word_1_870' title='bbox 2985 4500 3338 4567; x_wconf 79' lang='lat' dir='ltr'>Artaxerxes</span> <span class='ocrx_word' id='word_1_871' title='bbox 3370 4512 3552 4567; x_wconf 86' lang='lat' dir='ltr'>quam</span> <span class='ocrx_word' id='word_1_872' title='bbox 3592 4497 3778 4552; x_wconf 87' lang='lat' dir='ltr'>fuerit</span> 
     </span>
    </p>
   </div>
   <div class='ocr_carea' id='block_1_118' title="bbox 2112 4566 3776 4641">
    <p class='ocr_par' dir='ltr' id='par_1_118' title="bbox 2112 4566 3776 4641">
     <span class='ocr_line' id='line_1_121' title="bbox 2112 4566 3776 4641; baseline -0.001 -17"><span class='ocrx_word' id='word_1_873' title='bbox 2112 4567 3179 4641; x_wconf 14' lang='lat' dir='ltr'>propensus,_inde_Acolligas,_quod</span> <span class='ocrx_word' id='word_1_874' title='bbox 3239 4566 3542 4641; x_wconf 77' lang='lat' dir='ltr'>celebrem</span> <span class='ocrx_word' id='word_1_875' title='bbox 3601 4568 3776 4624; x_wconf 86' lang='lat' dir='ltr'>illam</span> 
     </span>
    </p>
   </div>
   <div class='ocr_carea' id='block_1_119' title="bbox 2116 4638 3779 4711">
    <p class='ocr_par' dir='ltr' id='par_1_119' title="bbox 2116 4638 3779 4711">
     <span class='ocr_line' id='line_1_122' title="bbox 2116 4638 3779 4711; baseline -0.001 -16"><span class='ocrx_word' id='word_1_876' title='bbox 2116 4638 2447 4711; x_wconf 30' lang='lat' dir='ltr'>Asp’asiam,</span> <span class='ocrx_word' id='word_1_877' title='bbox 2470 4639 2603 4709; x_wconf 81' lang='lat' dir='ltr'>Cyri</span> <span class='ocrx_word' id='word_1_878' title='bbox 2634 4639 2777 4693; x_wconf 90' lang='lat' dir='ltr'>olim</span> <span class='ocrx_word' id='word_1_879' title='bbox 2801 4638 3398 4711; x_wconf 76' lang='lat' dir='ltr'>concubinam,cuju_s</span> <span class='ocrx_word' id='word_1_880' title='bbox 3426 4638 3685 4711; x_wconf 85' lang='lat' dir='ltr'>formam</span> <span class='ocrx_word' id='word_1_881' title='bbox 3719 4645 3779 4693; x_wconf 87' lang='lat' dir='ltr'>et</span> 
     </span>
    </p>
   </div>
   <div class='ocr_carea' id='block_1_120' title="bbox 2121 4708 3779 4792">
    <p class='ocr_par' dir='ltr' id='par_1_120' title="bbox 2121 4708 3779 4792">
     <span class='ocr_line' id='line_1_123' title="bbox 2121 4708 3779 4792; baseline -0.001 -26"><span class='ocrx_word' id='word_1_882' title='bbox 2121 4708 2385 4792; x_wconf 72' lang='lat' dir='ltr'>reliquas</span> <span class='ocrx_word' id='word_1_883' title='bbox 2406 4708 2573 4792; x_wconf 65' lang='lat' dir='ltr'>dotes</span> <span class='ocrx_word' id='word_1_884' title='bbox 2595 4715 2715 4765; x_wconf 87' lang='lat' dir='ltr'>tam</span> <span class='ocrx_word' id='word_1_885' title='bbox 2746 4710 2950 4792; x_wconf 76' lang='lat' dir='ltr'>multis</span> <span class='ocrx_word' id='word_1_886' title='bbox 2972 4709 3259 4792; x_wconf 61' lang='lat' dir='ltr'>praedicat</span> <span class='ocrx_word' id='word_1_887' title='bbox 3285 4708 3549 4792; x_wconf 66' lang='lat' dir='ltr'>tlilianus</span> <span class='ocrx_word' id='word_1_888' title='bbox 3570 4709 3639 4792; x_wconf 63' lang='lat' dir='ltr'>in</span> <span class='ocrx_word' id='word_1_889' title='bbox 3667 4711 3779 4792; x_wconf 84' lang='lat' dir='ltr'>Va_-</span> 
     </span>
    </p>
   </div>
   <div class='ocr_carea' id='block_1_121' title="bbox 2115 4780 3779 4851">
    <p class='ocr_par' dir='ltr' id='par_1_121' title="bbox 2115 4780 3779 4851">
     <span class='ocr_line' id='line_1_124' title="bbox 2115 4780 3779 4851; baseline -0.001 -14"><span class='ocrx_word' id='word_1_890' title='bbox 2115 4782 2217 4837; x_wconf 82' lang='lat' dir='ltr'>riis</span> <span class='ocrx_word' id='word_1_891' title='bbox 2247 4780 2416 4836; x_wconf 85' lang='lat' dir='ltr'>initio</span> <span class='ocrx_word' id='word_1_892' title='bbox 2442 4781 2545 4835; x_wconf 91' lang='lat' dir='ltr'>lib.</span> <span class='ocrx_word' id='word_1_893' title='bbox 2578 4798 2674 4849; x_wconf 87' lang='lat' dir='ltr'>xu,</span> <span class='ocrx_word' id='word_1_894' title='bbox 2704 4782 2923 4836; x_wconf 89' lang='lat' dir='ltr'>creavit</span> <span class='ocrx_word' id='word_1_895' title='bbox 2944 4780 3416 4847; x_wconf 87' lang='lat' dir='ltr'>sacerdotem,ut</span> <span class='ocrx_word' id='word_1_896' title='bbox 3436 4780 3779 4851; x_wconf 68' lang='lat' dir='ltr'>praeﬁceret</span> 
     </span>
    </p>
   </div>
   <div class='ocr_carea' id='block_1_122' title="bbox 2117 4852 3775 4925">
    <p class='ocr_par' dir='ltr' id='par_1_122' title="bbox 2117 4852 3775 4925">
     <span class='ocr_line' id='line_1_125' title="bbox 2117 4852 3775 4925; baseline -0.002 -16"><span class='ocrx_word' id='word_1_897' title='bbox 2117 4852 2656 4925; x_wconf 75' lang='lat' dir='ltr'>temploAnaitidis</span> <span class='ocrx_word' id='word_1_898' title='bbox 2686 4852 3222 4925; x_wconf 48' lang='lat' dir='ltr'>Ecbatanenaad‘iec</span> <span class='ocrx_word' id='word_1_899' title='bbox 3251 4867 3616 4925; x_wconf 75' lang='lat' dir='ltr'>quamquam</span> <span class='ocrx_word' id='word_1_900' title='bbox 3638 4868 3775 4925; x_wconf 83' lang='lat' dir='ltr'>mo-</span> 
     </span>
    </p>
   </div>
   <div class='ocr_carea' id='block_1_123' title="bbox 2118 4922 3780 4995">
    <p class='ocr_par' dir='ltr' id='par_1_123' title="bbox 2118 4922 3780 4995">
     <span class='ocr_line' id='line_1_126' title="bbox 2118 4922 3780 4995; baseline -0.001 -15"><span class='ocrx_word' id='word_1_901' title='bbox 2118 4922 2260 4980; x_wconf 78' lang='lat' dir='ltr'>vere</span> <span class='ocrx_word' id='word_1_902' title='bbox 2275 4923 2637 4995; x_wconf 89' lang='lat' dir='ltr'>debet,quod</span> <span class='ocrx_word' id='word_1_903' title='bbox 2659 4924 3000 4979; x_wconf 87' lang='lat' dir='ltr'>Anaitidem</span> <span class='ocrx_word' id='word_1_904' title='bbox 3031 4923 3132 4995; x_wconf 86' lang='lat' dir='ltr'>alii</span> <span class='ocrx_word' id='word_1_905' title='bbox 3157 4925 3466 4989; x_wconf 90' lang='lat' dir='ltr'>Venerem,</span> <span class='ocrx_word' id='word_1_906' title='bbox 3488 4922 3605 4995; x_wconf 78' lang='lat' dir='ltr'>alii</span> <span class='ocrx_word' id='word_1_907' title='bbox 3637 4923 3780 4978; x_wconf 87' lang='lat' dir='ltr'>Dia—</span> 
     </span>
    </p>
   </div>
   <div class='ocr_carea' id='block_1_124' title="bbox 2116 4993 3781 5067">
    <p class='ocr_par' dir='ltr' id='par_1_124' title="bbox 2116 4993 3781 5067">
     <span class='ocr_line' id='line_1_127' title="bbox 2116 4993 3781 5067; baseline -0.002 -15"><span class='ocrx_word' id='word_1_908' title='bbox 2116 5012 2257 5053; x_wconf 86' lang='lat' dir='ltr'>nam</span> <span class='ocrx_word' id='word_1_909' title='bbox 2279 4993 2596 5067; x_wconf 78' lang='lat' dir='ltr'>explicant.</span> <span class='ocrx_word' id='word_1_910' title='bbox 2625 4996 2769 5067; x_wconf 87' lang='lat' dir='ltr'>Nam</span> <span class='ocrx_word' id='word_1_911' title='bbox 2793 5012 2927 5051; x_wconf 91' lang='lat' dir='ltr'>raro</span> <span class='ocrx_word' id='word_1_912' title='bbox 2960 4994 3074 5067; x_wconf 89' lang='lat' dir='ltr'>sibi</span> <span class='ocrx_word' id='word_1_913' title='bbox 3106 4999 3377 5067; x_wconf 84' lang='lat' dir='ltr'>constant</span> <span class='ocrx_word' id='word_1_914' title='bbox 3412 4993 3596 5067; x_wconf 81' lang='lat' dir='ltr'>prisci</span> <span class='ocrx_word' id='word_1_915' title='bbox 3634 4995 3781 5067; x_wconf 81' lang='lat' dir='ltr'>scri-</span> 
     </span>
    </p>
   </div>
   <div class='ocr_carea' id='block_1_125' title="bbox 2116 5064 3781 5140">
    <p class='ocr_par' dir='ltr' id='par_1_125' title="bbox 2116 5064 3781 5140">
     <span class='ocr_line' id='line_1_128' title="bbox 2116 5064 3781 5140; baseline -0.001 -17"><span class='ocrx_word' id='word_1_916' title='bbox 2116 5064 2505 5140; x_wconf 46' lang='lat' dir='ltr'>ptoresfcum</span> <span class='ocrx_word' id='word_1_917' title='bbox 2532 5066 2845 5140; x_wconf 80' lang='lat' dir='ltr'>peregrina</span> <span class='ocrx_word' id='word_1_918' title='bbox 2882 5066 3133 5140; x_wconf 74' lang='lat' dir='ltr'>numina</span> <span class='ocrx_word' id='word_1_919' title='bbox 3161 5064 3376 5121; x_wconf 65' lang='lat' dir='ltr'>Graecis</span> <span class='ocrx_word' id='word_1_920' title='bbox 3424 5064 3781 5140; x_wconf 82' lang='lat' dir='ltr'>nominibus</span> 
     </span>
    </p>
   </div>
   <div class='ocr_carea' id='block_1_126' title="bbox 2116 5134 3779 5205">
    <p class='ocr_par' dir='ltr' id='par_1_126' title="bbox 2116 5134 3779 5205">
     <span class='ocr_line' id='line_1_129' title="bbox 2116 5134 3779 5205; baseline -0.002 -10"><span class='ocrx_word' id='word_1_921' title='bbox 2116 5134 2389 5195; x_wconf 74' lang='lat' dir='ltr'>efferunt.</span> <span class='ocrx_word' id='word_1_922' title='bbox 2423 5134 2761 5193; x_wconf 73' lang='lat' dir='ltr'>Anaitidém</span> <span class='ocrx_word' id='word_1_923' title='bbox 2800 5138 2969 5193; x_wconf 88' lang='lat' dir='ltr'>multi</span> <span class='ocrx_word' id='word_1_924' title='bbox 3006 5138 3250 5192; x_wconf 89' lang='lat' dir='ltr'>Dianam</span> <span class='ocrx_word' id='word_1_925' title='bbox 3276 5152 3405 5190; x_wconf 89' lang='lat' dir='ltr'>esse</span> <span class='ocrx_word' id='word_1_926' title='bbox 3431 5134 3779 5205; x_wconf 88' lang='lat' dir='ltr'>voluerunt,</span> 
     </span>
    </p>
   </div>
   <div class='ocr_carea' id='block_1_127' title="bbox 2117 5207 3779 5281">
    <p class='ocr_par' dir='ltr' id='par_1_127' title="bbox 2117 5207 3779 5281">
     <span class='ocr_line' id='line_1_130' title="bbox 2117 5207 3779 5281; baseline -0.001 -16"><span class='ocrx_word' id='word_1_927' title='bbox 2117 5211 2257 5281; x_wconf 89' lang='lat' dir='ltr'>quia</span> <span class='ocrx_word' id='word_1_928' title='bbox 2286 5208 2588 5266; x_wconf 89' lang='lat' dir='ltr'>communi</span> <span class='ocrx_word' id='word_1_929' title='bbox 2635 5210 2774 5264; x_wconf 79' lang='lat' dir='ltr'>fano</span> <span class='ocrx_word' id='word_1_930' title='bbox 2805 5226 2940 5265; x_wconf 90' lang='lat' dir='ltr'>cum</span> <span class='ocrx_word' id='word_1_931' title='bbox 2972 5210 3090 5281; x_wconf 84' lang='lat' dir='ltr'>Deo</span> <span class='ocrx_word' id='word_1_932' title='bbox 3138 5216 3256 5281; x_wconf 68' lang='lat' dir='ltr'>nm</span> <span class='ocrx_word' id='word_1_933' title='bbox 3289 5210 3519 5281; x_wconf 77' lang='lat' dir='ltr'>Omano,</span> <span class='ocrx_word' id='word_1_934' title='bbox 3553 5207 3616 5281; x_wconf 84' lang='lat' dir='ltr'>id</span> <span class='ocrx_word' id='word_1_935' title='bbox 3663 5215 3779 5281; x_wconf 87' lang='lat' dir='ltr'>est.</span> 
     </span>
    </p>
   </div>
   <div class='ocr_carea' id='block_1_128' title="bbox 2117 5278 3781 5347">
    <p class='ocr_par' dir='ltr' id='par_1_128' title="bbox 2117 5278 3781 5347">
     <span class='ocr_line' id='line_1_131' title="bbox 2117 5278 3781 5347; baseline 0 -12"><span class='ocrx_word' id='word_1_936' title='bbox 2117 5278 2270 5347; x_wconf 88' lang='lat' dir='ltr'>Sole,</span> <span class='ocrx_word' id='word_1_937' title='bbox 2296 5281 2703 5347; x_wconf 87' lang='lat' dir='ltr'>colebatur,ut</span> <span class='ocrx_word' id='word_1_938' title='bbox 2732 5287 2982 5337; x_wconf 89' lang='lat' dir='ltr'>testatur</span> <span class='ocrx_word' id='word_1_939' title='bbox 3015 5279 3222 5334; x_wconf 88' lang='lat' dir='ltr'>Strabo</span> <span class='ocrx_word' id='word_1_940' title='bbox 3251 5295 3341 5332; x_wconf 88' lang='lat' dir='ltr'>xv.</span> <span class='ocrx_word' id='word_1_941' title='bbox 3376 5278 3655 5334; x_wconf 89' lang='lat' dir='ltr'>Vicissim</span> <span class='ocrx_word' id='word_1_942' title='bbox 3676 5280 3781 5337; x_wconf 86' lang='lat' dir='ltr'>alii</span> 
     </span>
    </p>
   </div>
   <div class='ocr_carea' id='block_1_129' title="bbox 2117 5349 3782 5424">
    <p class='ocr_par' dir='ltr' id='par_1_129' title="bbox 2117 5349 3782 5424">
     <span class='ocr_line' id='line_1_132' title="bbox 2117 5349 3782 5424; baseline 0.002 -19"><span class='ocrx_word' id='word_1_943' title='bbox 2117 5354 2406 5424; x_wconf 86' lang='lat' dir='ltr'>Venerem</span> <span class='ocrx_word' id='word_1_944' title='bbox 2440 5368 2571 5424; x_wconf 83' lang='lat' dir='ltr'>esse</span> <span class='ocrx_word' id='word_1_945' title='bbox 2598 5353 2961 5424; x_wconf 86' lang='lat' dir='ltr'>maluerunt,</span> <span class='ocrx_word' id='word_1_946' title='bbox 2984 5351 3124 5424; x_wconf 82' lang='lat' dir='ltr'>quia</span> <span class='ocrx_word' id='word_1_947' title='bbox 3145 5349 3351 5424; x_wconf 79' lang='lat' dir='ltr'>infami</span> <span class='ocrx_word' id='word_1_948' title='bbox 3378 5351 3782 5424; x_wconf 75' lang='lat' dir='ltr'>ritu_v_irgines</span> 
     </span>
    </p>
   </div>
   <div class='ocr_carea' id='block_1_130' title="bbox 2116 5420 3778 5494">
    <p class='ocr_par' dir='ltr' id='par_1_130' title="bbox 2116 5420 3778 5494">
     <span class='ocr_line' id='line_1_133' title="bbox 2116 5420 3778 5494; baseline -0.002 -17"><span class='ocrx_word' id='word_1_949' title='bbox 2116 5423 2177 5477; x_wconf 93' lang='lat' dir='ltr'>in</span> <span class='ocrx_word' id='word_1_950' title='bbox 2211 5423 2372 5477; x_wconf 88' lang='lat' dir='ltr'>illius</span> <span class='ocrx_word' id='word_1_951' title='bbox 2395 5422 2615 5494; x_wconf 90' lang='lat' dir='ltr'>templo</span> <span class='ocrx_word' id='word_1_952' title='bbox 2646 5420 3087 5494; x_wconf 84' lang='lat' dir='ltr'>prostabant,ut</span> <span class='ocrx_word' id='word_1_953' title='bbox 3108 5420 3265 5476; x_wconf 89' lang='lat' dir='ltr'>idem</span> <span class='ocrx_word' id='word_1_954' title='bbox 3285 5420 3345 5475; x_wconf 94' lang='lat' dir='ltr'>in</span> <span class='ocrx_word' id='word_1_955' title='bbox 3366 5421 3484 5494; x_wconf 84' lang='lat' dir='ltr'>fine</span> <span class='ocrx_word' id='word_1_956' title='bbox 3499 5420 3728 5494; x_wconf 45' lang='lat' dir='ltr'>libfxi.</span> <span class='ocrx_word' id='word_1_957' title='bbox 3750 5447 3778 5474; x_wconf 84' lang='grc'>››</span> 
     </span>
    </p>
   </div>
   <div class='ocr_carea' id='block_1_131' title="bbox 2114 5491 3783 5564">
    <p class='ocr_par' dir='ltr' id='par_1_131' title="bbox 2114 5491 3783 5564">
     <span class='ocr_line' id='line_1_134' title="bbox 2114 5491 3783 5564; baseline 0.001 -16"><span class='ocrx_word' id='word_1_958' title='bbox 2114 5526 2185 5533; x_wconf 92' lang='grc'><strong>-</strong></span> <span class='ocrx_word' id='word_1_959' title='bbox 2202 5495 2348 5564; x_wconf 54' lang='lat' dir='ltr'>Nota</span> <span class='ocrx_word' id='word_1_960' title='bbox 2368 5491 2537 5549; x_wconf 67' lang='lat' dir='ltr'>infra</span> <span class='ocrx_word' id='word_1_961' title='bbox 2551 5491 2805 5564; x_wconf 78' lang='lat' dir='ltr'>formam</span> <span class='ocrx_word' id='word_1_962' title='bbox 2819 5492 3191 5549; x_wconf 86' lang='lat' dir='ltr'>dialecticam</span> <span class='ocrx_word' id='word_1_963' title='bbox 3214 5492 3541 5561; x_wconf 84' lang='lat' dir='ltr'>imperativi</span> <span class='ocrx_word' id='word_1_964' title='bbox 3568 5491 3783 5564; x_wconf 84' lang='grc' dir='ltr'>ὁμολο-</span> 
     </span>
    </p>
   </div>
   <div class='ocr_carea' id='block_1_132' title="bbox 2115 5560 3442 5653">
    <p class='ocr_par' dir='ltr' id='par_1_132' title="bbox 2115 5560 3442 5653">
     <span class='ocr_line' id='line_1_135' title="bbox 2115 5560 3442 5653; baseline 0 -36"><span class='ocrx_word' id='word_1_965' title='bbox 2115 5562 2358 5653; x_wconf 54' lang='grc' dir='ltr'>γούντων</span> <span class='ocrx_word' id='word_1_966' title='bbox 2389 5583 2490 5653; x_wconf 66' lang='lat' dir='ltr'>pro</span> <span class='ocrx_word' id='word_1_967' title='bbox 2523 5560 2991 5653; x_wconf 68' lang='grc' dir='ltr'>ὀμολογείτωσαν.</span> <span class='ocrx_word' id='word_1_968' title='bbox 3017 5565 3168 5620; x_wconf 82' lang='grc' dir='ltr'>Ευιτ.</span> <span class='ocrx_word' id='word_1_969' title='bbox 3202 5560 3442 5653; x_wconf 50' lang='grc' dir='ltr'>Ριγξῐιοιι.</span> 
     </span>
    </p>
   </div>
   <div class='ocr_carea' id='block_1_133' title="bbox 2184 5634 3774 5709">
    <p class='ocr_par' dir='ltr' id='par_1_133' title="bbox 2184 5634 3774 5709">
     <span class='ocr_line' id='line_1_136' title="bbox 2184 5634 3774 5709; baseline -0.001 -20"><span class='ocrx_word' id='word_1_970' title='bbox 2184 5638 2298 5707; x_wconf 71' lang='grc'>(42)</span> <span class='ocrx_word' id='word_1_971' title='bbox 2354 5634 2456 5689; x_wconf 65' lang='grc' dir='ltr'>Τὸν</span> <span class='ocrx_word' id='word_1_972' title='bbox 2506 5634 2926 5709; x_wconf 41' lang='grc' dir='ltr'>πάντωνζωιλθεί</span> <span class='ocrx_word' id='word_1_973' title='bbox 2985 5640 3208 5709; x_wconf 79' lang='lat' dir='ltr'>potest_</span> <span class='ocrx_word' id='word_1_974' title='bbox 3234 5634 3411 5688; x_wconf 89' lang='lat' dir='ltr'>etiam</span> <span class='ocrx_word' id='word_1_975' title='bbox 3466 5637 3578 5686; x_wconf 83' lang='grc' dir='ltr'>τῶν</span> <span class='ocrx_word' id='word_1_976' title='bbox 3632 5635 3774 5688; x_wconf 67' lang='grc' dir='ltr'>πάν-</span> 
     </span>
    </p>
   </div>
   <div class='ocr_carea' id='block_1_134' title="bbox 2112 5703 3451 5779">
    <p class='ocr_par' dir='ltr' id='par_1_134' title="bbox 2112 5703 3451 5779">
     <span class='ocr_line' id='line_1_137' title="bbox 2112 5703 3451 5779; baseline -0.003 -18"><span class='ocrx_word' id='word_1_977' title='bbox 2112 5703 2246 5775; x_wconf 75' lang='grc' dir='ltr'>των,</span> <span class='ocrx_word' id='word_1_978' title='bbox 2277 5703 2343 5763; x_wconf 85' lang='lat' dir='ltr'>ut</span> <span class='ocrx_word' id='word_1_979' title='bbox 2371 5713 2577 5779; x_wconf 83' lang='lat' dir='ltr'>postea.</span> <span class='ocrx_word' id='word_1_980' title='bbox 2602 5710 2710 5761; x_wconf 83' lang='grc' dir='ltr'>τῶν</span> <span class='ocrx_word' id='word_1_981' title='bbox 2738 5703 2899 5762; x_wconf 65' lang='grc' dir='ltr'>ὅλων⁷</span> <span class='ocrx_word' id='word_1_982' title='bbox 2918 5703 3146 5778; x_wconf 71' lang='grc' dir='ltr'>Πσῐτὲρα.</span> <span class='ocrx_word' id='word_1_983' title='bbox 3178 5706 3451 5760; x_wconf 78' lang='lat' dir='ltr'>SYLBURG.</span> 
     </span>
    </p>
   </div>
  </div>
