4026 6140
282 227 385 282 183

279 353 426 408 Dein
456 351 706 406 ulterius
737 365 1008 422 pergens,
1044 347 1202 403 clare
1235 347 1507 418 subjicit:

349 466 414 530 is
436 470 521 523 Ea?
549 483 602 522 se
628 482 767 522 unus
798 467 1033 534 genitus,
1061 465 1245 533 genita
1266 469 1316 518 et
1345 466 1470 517 sunt
1491 462 1673 516 omnia
1699 461 1766 513 ab
1791 473 1937 512 uno:

362 611 727 678 Versaturque
757 609 815 660 in
844 608 918 660 eis
949 606 1101 675 ipse;
1132 621 1200 659 ea:
1229 602 1554 658 mortalibus
1584 601 1727 654 ullus

357 754 460 807 Nec
485 751 631 806 videt
657 750 820 817 hunc,
854 755 1045 804 contra
1069 749 1162 803 sed
1191 753 1408 801 cunctos
1434 745 1631 815 aspicit
1661 743 1796 814 ipse.

289 869 381 923 Sic
411 865 654 938 quidem
703 865 1015 937 Orpheus:
1068 864 1249 934 inque
1299 878 1499 917 errore
1553 865 1944 931 seyersatum

292 956 477 1012 fuisse
507 955 748 1011 tandem
779 953 1096 1009 intellexit.

369 1066 449 1118 Tu
477 1080 622 1131 vero,
676 1063 922 1117 mortalis
965 1061 1118 1115 vario
1158 1060 1380 1114 consilio
1424 1058 1679 1131 praedite,
1710 1076 1776 1131 ne
1806 1073 1945 1113 cun-

1501 1130 1682 1200 [cteris
1713 1130 1944 1195 diutius,

363 1207 470 1262 Sed
494 1211 636 1260 retro
656 1220 860 1273 versus,
894 1208 1067 1260 Deum
1094 1205 1186 1272 fac
1212 1203 1315 1257 tibi
1335 1203 1667 1272 propitium.

297 1325 443 1380 Nam
475 1322 524 1377 si
553 1319 869 1392 Grzeci,qui
896 1319 1183 1391 quasdam
1205 1318 1388 1373 divini
1415 1316 1574 1372 verbi
1599 1317 1766 1388 quasi
1789 1315 1948 1370 scin-

291 1413 452 1468 tillas
482 1415 860 1482 acceperunt,
894 1409 1165 1480 exiguam
1197 1407 1462 1478 aliquam
1490 1405 1783 1460 versitatis
1815 1422 1947 1476 par-

291 1507 434 1568 tem,
467 1500 683 1555 clocuti
715 1503 872 1565 sunt,
901 1497 1019 1550 vim
1053 1495 1295 1566 quidem
1343 1496 1474 1567 ejus
1505 1511 1623 1549 non
1656 1494 1949 1550 occultam

293 1594 669 1656 attestantur,
703 1603 822 1641 una
854 1590 1075 1651 tamen,
1109 1599 1278 1638 suam
1324 1583 1798 1638 imbecillitatem
1853 1599 1949 1638 ar-

295 1685 505 1752 guunt,
535 1678 676 1748 quia
721 1677 901 1730 finem
946 1691 1066 1729 non
1096 1673 1400 1745 attigerint
1437 1691 1455 1727 :
1505 1674 1645 1728 hinc
1675 1673 1945 1728 existimo

297 1768 480 1823 cuivis
504 1784 634 1822 esse
667 1764 1073 1828 manifestum,
1107 1762 1265 1834 quod
1300 1762 1548 1834 perinde
1578 1762 1816 1826 faciant,
1846 1761 1947 1832 qui

299 1856 428 1911 sine
457 1854 633 1909 verbo
664 1853 924 1909 veritatis
947 1859 1048 1908 aut
1076 1857 1258 1924 agunt
1276 1851 1522 1921 aliquid,
1552 1855 1652 1905 aut
1689 1850 1947 1921 loquun-

296 1950 415 2010 tur,
450 1959 517 1999 ac
549 1943 596 1998 si
629 1943 762 2013 quis
820 1947 1067 1998 conetur
1117 1940 1347 2014 ingredi
1396 1941 1617 2011 absque
1679 1939 1947 2012 pedibus.

306 2035 420 2088 Vos
448 2049 607 2098 vero,
639 2037 705 2086 ut
733 2030 985 2086 salutem
1007 2029 1474 2101 amplectamini,
1500 2028 1710 2084 saltem
1742 2028 1951 2100 impel-

303 2123 435 2178 lant
465 2122 713 2176 deorum
753 2125 1084 2175 vestrorum
1133 2125 1286 2173 nota)
1322 2135 1390 2174 ac
1435 2118 1952 2189 reprehensiones,

303 2228 452 2283 quos
483 2216 670 2282 poeta:
698 2210 747 2264 si
773 2208 1036 2264 veritatis
1058 2207 1242 2263 coacti
1269 2207 1678 2279 perstringunt
1707 2211 1765 2262 et
1791 2207 1955 2260 inse-

302 2301 555 2355 ciantur.
591 2298 912 2354 Menander
943 2297 1102 2353 enim
1146 2297 1439 2366 Comicus,
1473 2296 1534 2350 in
1576 2295 1778 2351 fabula
1825 2312 1954 2367 quas

299 2391 510 2458 Auriga
540 2389 776 2444 dicitur.

374 2498 534 2563 Mihi,
567 2497 781 2568 inquit,
809 2496 1028 2566 placere
1055 2511 1166 2550 non
1187 2499 1365 2565 potest
1385 2511 1530 2568 anus
1559 2511 1728 2550 comes

1527 217 1939 275 CLEMENTIS
1980 217 2484 274 ALBXANDRINI

1963 341 2017 408 Α
2048 341 2177 394 Εἶτα
2211 336 2439 411 ὑποϐὰς,
2473 338 2775 418 διαῤῥήδην
2800 339 3058 418 ἐπιφέριιο

3589 211 3692 267 184

2046 457 2138 520 Εἷς
2196 457 2302 513 ἔστ’
2336 503 2349 528 ,

2048 601 2134 657 Ἐν

2409 458 2706 534 αὐτογενής
2767 460 2901 532 (18)·
2961 457 3077 518 ἐνὸς
3133 450 3558 534 ἔκγονα-πάντα
3606 452 3693 507 τέ-

3343 527 3532 598 [τυκτμα
3537 545 3551 576 ι
3560 543 3573 556 ·

3414 593 3541 650 οὐδέ
3612 615 3696 657 τις

3403 667 3586 741 [αὐτὸν

2047 743 2288 818 Εἷσόράα
2336 749 2544 816 θνητῶν
2605 747 2736 816 (20),
2801 742 2962 804 αὐτὸς
3013 738 3070 795 δέ
3121 761 3184 816 γε
3232 737 3430 803 πέντας
3483 739 3697 814 ὁρᾶται.

2213 598 2260 655 δ’
2317 601 2502 664 αὐτοῖς
2561 600 2724 663 αὐτὸς
2779 603 2888 673 (19)
2942 597 3326 673 περινίσσεται⁸

2051 859 2239 923 Οὕτως
2275 862 2368 935 μὲν
2403 859 2470 931 δὴ
2513 861 2756 940 Ὀρφεύς·
2816 860 3002 936 χρόνῳ
3058 857 3118 913 τέ
3164 877 3297 912 ποτε
3345 858 3571 925 συνῆκεν
3601 876 3702 911 πε-

2051 948 2233 1021 πλανη
2245 971 2427 1024 μενος

2051 1055 2234 1112 Ἀλλά
2265 1058 2328 1112 οὗ
2364 1059 2440 1130 μή
2496 1056 2740 1132 μέλλων,
2789 1056 2950 1132 βροτὶ
3000 1052 3388 1128 ποικιλόμητι,
3441 1049 3698 1128 βράδυνε·

2056 1199 2230 1257 Ἀλλὰ
2259 1199 2726 1276 παλίμπλαγκτος
2761 1200 3010 1273 στρέψας,
3042 1199 3171 1253 Θεὸν
3200 1198 3476 1252 ἱλάσκοιο.

2055 1316 2118 1371 El
2147 1315 2246 1390 γὰρ
2277 1317 2365 1372 καὶ
2399 1317 2466 1371 τὰ
2499 1313 2738 1390 μάλιστα
2783 1313 3093 1388 ἐναύσματα
3142 1316 3256 1388 (11)
3303 1333 3427 1368 τινα
3473 1317 3568 1368 τοῦ
3602 1309 3701 1367 λό-

2054 1425 2156 1481 γου
2213 1410 2311 1460 τοῦ
2361 1403 2508 1461 θείου
2558 1400 2820 1468 λαϐόντες
2855 1403 3149 1474 Ἕλληνες,
3205 1401 3370 1476 ὀλίγα
3435 1402 3565 1456 ἄττα
3597 1408 3699 1472 τῆς

2055 1494 2315 1565 ἀληθείας
2371 1493 2716 1572 ἐφθέγξαντο,
2765 1495 3246 1569 προσμαρτυροῦσι
3306 1493 3400 1565 μὲν
3455 1492 3553 1559 τὴν
3607 1487 3700 1544 δό-

2054 1605 2216 1657 ναμιν
2273 1583 2439 1654 αὐτῆς
2499 1584 2599 1638 οὐκ
2653 1584 3169 1657 ἀποκεκρυμμένην,
3197 1587 3331 1659 σφᾶς
3391 1577 3447 1636 δὲ
3503 1579 3702 1642 αὐτοὺς

2058 1672 2374 1749 ἐλέγχουσιν
2408 1672 2647 1736 ἀσθενεῖς
2679 1672 2777 1726 οὐκ
2828 1671 3140 1744 ἐφικόμενοι
3181 1675 3280 1724 τοῦ
3309 1668 3525 1730 τέλους.
3558 1665 3698 1738 Ἤδη

2055 1762 2157 1838 γὰρ
2185 1763 2338 1836 οἶμαι
2372 1764 2531 1818 παντί
2581 1784 2660 1835 τῳ
2709 1760 2879 1831 δῆλον
2907 1761 3203 1836 γεγονέναι,
3237 1760 3312 1821 ὡς
3363 1763 3472 1814 τῶν
3529 1757 3704 1834 χωρὶς

2052 1857 2148 1907 τοῦ
2179 1851 2352 1927 λόγου
2392 1859 2492 1921 τῆς
2540 1851 2798 1920 ἀληθείας
2849 1849 3202 1926 ἐνεργούντων
3250 1870 3325 1919 τι,
3355 1848 3390 1918 ἢ
3421 1849 3511 1902 καὶ
3544 1850 3704 1926 φθεγ-

2055 1941 2326 2016 γομένων,
2369 1939 2578 2013 ὁμοίων
2638 1935 2807 1994 ὄντων
2835 1945 2950 2002 τοῖς
2981 1940 3158 2015 χωρὶς
3207 1939 3413 2014 βάσεως
3467 1935 3701 2014 βαδίζειν

2061 2029 2427 2104 βιαζομένοις.
2489 2029 2892 2084 Δυσωπούντων
2947 2026 3005 2083 δέ
3049 2049 3108 2082 σε
3158 2027 3234 2088 είς
3282 2025 3553 2100 σωτηρίαν
3607 2025 3698 2081 καὶ

2058 2121 2110 2174 οἱ
2139 2120 2263 2194 περὶ
2294 2120 2421 2183 τοὺς
2449 2117 2604 2180 θεοὺς
2661 2120 2813 2190 ὑμῶν
2864 2116 3110 2194 ἔλεγχοι,
3142 2117 3257 2186 οὕς,
3290 2114 3379 2171 διὰ
3424 2117 3522 2186 τὴν
3559 2114 3701 2185 ἀλή-

2057 2210 2201 2262 θειαν
2246 2203 2650 2280 ἐκϐιαζόμενοι,
2693 2203 3027 2280 κωμῳδοῦσι
3085 2203 3334 2276 ποιηταί.
3394 2203 3700 2280 Μένανδρος

2057 2300 2185 2373 γοῦν
2219 2297 2247 2350 6
2285 2296 2556 2369 κωμικὸς,
2595 2294 2647 2349 ἐν
2694 2294 2963 2369 ἹΙνιόχῳ,
3025 2293 3077 2349 ἐν
3130 2288 3544 2366 Ὑποϐολιμαίῳ
3591 2296 3701 2367 (22)

2061 2392 2142 2459 τῷ
2173 2385 2432 2462 δράματι,

2135 2491 2324 2580 ροῦδείς
2359 2495 2414 2566 μ’
2429 2493 2680 2580 βρέᾳξι,
2711 2491 3213 2580 δρησξηπεριὶπὶητῶν
3246 2485 3503 2578 ἕεωὶθεὸς

373 2571 510 2624 Deus
541 2565 872 2634 ambulator,
900 2583 997 2622 nec
1027 2569 1128 2637 qui
1146 2569 1342 2636 irrepit
1373 2565 1433 2620 in
1463 2566 1641 2621 domos

2136 2566 2287 2640 Metu
2316 2562 2508 2640 γραὸς,
2542 2562 2656 2640 οὐδ’
2682 2562 2757 2626 εἷς
2787 2562 3095 2640 οίκία,ς“(23)
3123 2563 3424 2640 παρεισιὼν

379 2583 510 2624 Deus
541 2583 872 2634 ambulator,
900 2583 997 2622 nec
1027 2584 1128 2637 qui
1146 2583 1342 2636 irrepit
1373 2583 1433 2620 ιη
1463 2583 1641 2621 aomos
2137 2583 2287 2620 Μετα
2316 2585 2508 2640 γραος,
2542 2583 2654 2620 ουο’
2682 2583 2757 2626 εις
2787 2583 2962 2625 οικιας
2983 2583 3095 2637 (2ο)
3126 2584 3201 2618 πα

379 2640 598 2695 Tabulae
623 2639 908 2709 prasidio.
2140 2637 2260 2692 Ἐπὶ
2290 2642 2389 2692 τοῦ
2421 2634 2658 2692 σανιδίου
2691 2635 3080 2709 μητραγύρτης

2140 2637 2260 2692 Ἐπὶ
2290 2634 2389 2692 τοῦ
2421 2634 2658 2692 σανιδίου
2691 2634 3084 2709 μητραγύρτης

301 2749 368 2804 Id
402 2748 621 2819 quippe
652 2745 971 2813 faciebant,
1005 2745 1106 2816 qui
1133 2744 1300 2800 Matri
1349 2744 1595 2798 deorum
1650 2745 1863 2816 stipem
1896 2761 1958 2799 e-

2081 2747 2331 2802 Γοιοῦτοι
2361 2745 2464 2820 γὰρ
2497 2745 2550 2799 οἱ
2583 2742 2984 2820 μητραγύρται.
3024 2744 3181 2800 ’Ὀθεν
3215 2742 3439 2803 εἰκότως
3473 2743 3500 2796 6
3533 2743 3713 2798 Ἀντι-

303 2834 743 2901 mendicabant,
775 2833 990 2904 quibus
1030 2834 1415 2889 Antisthenes
1437 2835 1595 2889 haud
1617 2834 1722 2889 abs
1752 2851 1815 2889 re
1848 2835 1958 2888 fer-

2081 2835 2260 2904 τθὲνης
2319 2831 2498 2910 ἔλεγεν
2571 2834 2761 2895 αὐτοῖς
2823 2836 3185 2904 μεταιτοῢσινο
3245 2831 3322 2888 Οὐ
3372 2831 3554 2907 τρέφω
3609 2829 3709 2896 τήν

310 2934 409 2983 tur
437 2924 856 2996 respondisse:
887 2924 1062 2993 {Non}
1089 2924 1178 2977 alo
1233 2930 1472 2978 matuem
1520 2925 1743 2978 deorum
1801 2941 1958 2994 quam

2081 2922 2300 2997 Μητέρα
2344 2926 2451 2976 τῶν
2517 2926 2675 2989 θεῶν,
2749 2922 2814 2992 ἢν
2875 2922 2927 2975 οἱ
2988 2921 3100 2984 θεοὶ
3157 2920 3478 2996 ζτρέφουσινσ
3539 2917 3712 2974 Ηάλιν

309 3019 394 3074 dii
421 3018 596 3072 alunt.
622 3013 784 3069 Idem
811 3029 1045 3084 quoque
1069 3013 1361 3078 Comicus,
1387 3030 1630 3068 suorum
1651 3014 1958 3069 hominum

2081 3010 2125 3066 δῖ
2153 3014 2180 3066 6
2213 3011 2374 3073 αὐτὸς
2404 3008 2834 3084 κωμῳδοποιὸς,
2880 3010 2931 3065 ἐν
2960 3009 3152 3085 Ἱερείᾳ
3195 3013 3274 3081 τῷ
3305 3006 3561 3084 δράματι,
3611 3025 3713 3082 χα-

311 3104 805 3163 consuetudinem
832 3119 984 3174 aegre
1015 3102 1234 3172 ferens,
1269 3103 1330 3156 in
1363 3119 1450 3171 ea,
1485 3119 1663 3173 quam
1696 3105 1958 3160 Sacerdo-

2081 3101 2346 3157 λεπαίνων
2403 3101 2541 3175 πρὸς
2587 3102 2684 3169 τὴν
2745 3075 3053 3168 συνήθειαν)
3109 3075 3419 3174 διελέγχειν
3465 3103 3717 3173 πειρᾶται

311 3205 417 3253 tem
455 3193 778 3264 inscripsit,
809 3191 1030 3256 fabula,
1061 3191 1187 3255 haec
1216 3190 1412 3258 verba,
1445 3192 1660 3262 quibus
1719 3193 1958 3264 impiam

2081 3191 2158 3245 τὸν
2210 3193 2364 3254 ἄθεον
2412 3196 2516 3260 τῆς
2573 3185 2788 3257 πλάνης
2844 3187 3034 3264 τόφον,
3095 3186 3567 3261 ἐπιφθεγγόμενος
3619 3184 3720 3258 ἐμ-

314 3285 530 3342 erroris
588 3297 794 3337 eorum
851 3281 1250 3352 arrogantiam
1304 3279 1545 3348 refellit,
1594 3286 1764 3337 acute
1821 3283 1964 3337 satis

313 3380 491 3447 atque
521 3371 847 3446 prudenter
875 3370 1176 3440 eloquitur
1199 3386 1212 3423 :

483 3503 718 3558 namque
745 3487 792 3542 si
822 3501 930 3557 quo
959 3484 1078 3539 vult
1102 3486 1272 3538 Deum

386 3609 452 3674 τι(
479 3606 544 3660 Ρ.
577 3605 647 3658 64
666 3603 778 3658 ED.
811 3601 1106 3668 ΡΟΤΤΕΒ,
1137 3602 1204 3654 49
1234 3600 1347 3654 ED.
1381 3600 1607 3656 PARIS.

389 3721 505 3793 (18)
534 3718 625 3780 El:
657 3715 765 3772 ἐστ’
793 3715 916 3770 αὐτ.
948 3715 1237 3771 Eusebius
1268 3733 1339 3770 ex
1369 3715 1740 3772 Arristobulo
1775 3733 1786 3770 :

464 3816 558 3877 Εἷς
617 3813 724 3870 ἐστ’
770 3810 1113 3882 αὐτοτελὴς,
1173 3811 1339 3868 αὐτοῦ
1393 3809 1440 3866 δ’
1496 3811 1600 3868 ὕπο
1657 3812 1826 3940 πάντρ
1881 3833 1968 3867 τε-

1770 3886 1789 3940 ί
1832 3889 1968 3939 εἷται

1832 3903 1856 3937 ε

1770 3886 1969 3957 [λεῖτοιι

324 3959 726 4017 Theodoretus
757 3973 891 4012 vero
926 3973 939 4010 :

465 4058 560 4118 Εἷς
614 4054 721 4111 ἐστ’
775 4053 1088 4127 αυτὸγενὴςο
1147 4052 1314 4108 αὐτοῦ
1371 4049 1416 4108 δ’
1475 4050 1580 4108 ὕπο
1653 4054 1829 4179 «iam
1879 4074 1971 4108 τε-

1717 4127 1732 4179 ί
1780 4130 1971 4179 εῖτται.

1780 4146 1803 4180 ε
1815 4146 1946 4180 ιτται
1957 4169 1971 4182 ο

325 4203 600 4258 Clemens
624 4200 691 4270 in
715 4199 914 4270 Strom.
948 4194 1244 4270 αὐτογενής
1275 4195 1500 4270 habet._
1550 4266 1560 4270 _
1691 4127 1734 4270 ‘[

397 4276 509 4342 (l9)
538 4273 627 4327 ’Ev
671 4266 720 4324 δ’
749 4267 933 4342 αὐτοῖς
987 4264 1171 4330 αὐτός.
1202 4264 1305 4323 ⁷Ὲν
1349 4264 1396 4321 δ’
1445 4266 1604 4342 αὐτὸς
1647 4265 1976 4342 αὖτοῖςϐγ-

323 4338 444 4400 rill.
478 4338 704 4399 Ibidem
733 4339 1107 4415 περιγίγνεται
1148 4357 1255 4412 pro
1299 4338 1682 4412 περινίσσεται,
1709 4338 1978 4396 Justinus

325 4415 761 4484 utroqueloco,
789 4414 1030 4484 aliique.

397 4481 510 4558 (20)
541 4482 780 4558 Εἱσοράα
806 4494 887 4546 θν.
912 4481 1201 4538 Eusebius
1231 4499 1301 4537 ex
1331 4481 1586 4537 Aristob.
1624 4499 1636 4537 :

469 4579 713 4656 Εἲσορᾶα
742 4584 934 4656 ψυχῷν
987 4585 1221 4651 θνητῶν,
1268 4583 1350 4652 τῷ
1409 4577 1456 4634 δ’
1504 4579 1833 4656 είσοράαται.

475 4655 657 4710 Gemit
696 4655 1009 4709 mortalium
1059 4657 1390 4722 animarum,
1438 4660 1612 4709 mente
1653 4661 1831 4710 autem
1863 4669 1978 4708 cer-

401 4799 486 4872 (21
522 4795 882 4867 Ἐναόσματα,
913 4793 1225 4866 ﬂavam-uta
1253 4798 1390 4851 Nov.
1781 4725 1976 4796 luitur.

403 4896 516 4969 (22)
543 4899 627 4948 ’Ev
680 4885 1118 4969 Ὑποϐολιμαίῳ.
1180 4892 1642 4969 supervacanea
1678 4898 1816 4969 sunt
1846 4893 1982 4969 haec

329 4963 526 5023 verba.
562 4969 705 5021 Nam
747 4965 808 5018 hi
840 4979 1042 5035 versus
1081 4979 1201 5017 non
1231 4963 1293 5017 in
1342 4964 1646 5035 Menandri
1681 4964 1983 5035 Hypoboli-

327 5056 479 5107 mzo,
503 5037 606 5094 sed
621 5039 840 5106 Auriga
851 5034 1181 5107 exstabant.
1205 5034 1470 5107 Justinus
1489 5035 1591 5089 lib.
1613 5037 1688 5091 De
1699 5034 1976 5091 monarch.

328 5105 472 5185 pagJ
495 5111 598 5165 166
629 5109 824 5164 locum
856 5107 1014 5161 hunc
1048 5105 1224 5177 paulo
1257 5105 1430 5160 aliter
1461 5107 1763 5162 recitavit:

469 5195 662 5268 Οὐθείς
700 5195 755 5268 μ’
786 5194 998 5268 ἀρεσκει
1024 5195 1335 5268 περιπατῷν
1367 5187 1468 5264 ἔξω
1502 5191 1645 5268 θεὸς,

469 5267 668 5338 Οὐδεὶς
698 5261 873 5338 οἰκίαν
906 5261 1186 5338 παρειπὼν
1221 5262 1308 5318 ἐπὶ
1337 5261 1434 5318 τοῦ
1466 5261 1728 5320 σανιδίου.

469 5340 570 5394 Τὺν
605 5337 815 5394 δίκαιον
844 5335 926 5392 δεῖ
955 5335 1107 5402 Θεὸν,

473 5411 628 5470 Ο⁹ίκοι
665 5411 840 5484 μένειν
875 5410 1125 5478 σώζοντα
1160 5406 1287 5470 τοὺς
1318 5404 1660 5482 ἱδρυμένους.

331 5507 514 5570 Quem
548 5502 779 5558 Grotius
809 5518 918 5572 ope
949 5499 1270 5554 Clementis
1315 5499 1425 5553 hoc
1470 5497 1647 5553 modo
1679 5497 1933 5552 correxit
1967 5515 1979 5551 :

476 5589 668 5654 Οὖθείς
705 5586 1004 5664 μ’ᾼάρέσκει
1034 5589 1344 5664 περιπατῶν
1375 5581 1477 5658 ἕξω
1509 5584 1629 5664 θεὸς

478 5663 631 5721 Μετᾶ
648 5657 840 5736 γραός·’
865 5657 982 5715 οὐδ’
1012 5657 1300 5722 εἷςόἶκίας
1329 5657 1623 5731 παρεισιὼν

2071 3279 2305 3356 φρόνως·

2293 3483 2470 3542 ...ηΕἱ
2491 3483 2593 3558 γὰρ
2623 3478 2772 3536 ἕλκει
2804 3482 2918 3554 (25)
2945 3479 3036 3534 τὸν
3071 3480 3198 3534 Θεὸν

2289 3715 2411 3771 Ἐπὶ
2443 3717 2540 3768 τοῦ
2569 3710 2834 3768 σανιδίου·
2867 3712 2958 3767 σιὸν
2993 3709 3198 3767 δίκαιον
3248 3709 3330 3767 δεῖ
3381 3713 3511 3768 Θεὸν

2286 3784 2444 3844 Οἷ¹κοι
2493 3787 2669 3859 μένειν
2712 3785 2954 3855 σώζοντα
2991 3784 3118 3846 τοὺς
3162 3781 3507 3860 ἱδρυμένους.

2077 3878 2301 3946 Quibus
2327 3876 2520 3932 verbis
2558 3875 2880 3931 Menander
2920 3875 3166 3948 Cybeles
3199 3874 3534 3930 sacerdotes
3560 3892 3728 3947 pers-

2080 3950 2305 4028 tringit,
2332 3949 2444 4028 qui.
2465 3964 2770 4028 cum-anu,
2801 3964 2932 4028 quae
2950 3947 3212 4028 Cybeles
3241 3963 3558 4028 personam
3605 3964 3728 4001 sus-

2079 4021 2324 4087 tinebat,
2354 4019 2533 4089 urbes
2565 4019 2987 4089 circumibant,
3030 4019 3161 4072 Deae
3198 4019 3411 4088 stipem
3437 4024 3726 4089 petentes.

2154 4095 2262 4159 (23)
2293 4087 2417 4144 Οὐδ’
2451 4089 2526 4151 εἰς
2561 4087 2757 4150 δί’κίας.
2809 4089 3249 4144 Consuluerunt
3277 4087 3410 4142 inos
3438 4087 3591 4144 ‘olim
3623 4090 3729 4142 viri

2081 4164 2313 4233 nobiles
2363 4168 2421 4218 et
2469 4162 2705 4229 eruditi,
2749 4177 2867 4233 qua
2912 4161 3142 4233 ratione
3208 4159 3598 4233 μητραγύρτής
3644 4159 3731 4233 ἐπὶ

2084 4231 2326 4289 σανιδίου
2358 4252 2393 4289 a
2420 4233 2740 4302 Menandro
2767 4230 3045 4287 idicatur.
3093 4232 3242 4286 Sane
3276 4230 3540 4297 σανίδιον,
3575 4232 3734 4302 quod

2083 4309 2185 4364 alii
2219 4304 2363 4380 ἱερὸν
2394 4301 2633 4380 σανίδιον
2665 4309 2876 4380 vocant
2904 4305 3054 4374 (erat
3083 4308 3289 4380 autern
3329 4301 3640 4380 rhombus,
3672 4308 3738 4380 ut

2089 4373 2466 4434 Grammatici
2501 4377 2738 4444 docent)
2764 4373 3057 4444 cumquo
3089 4373 3419 4430 circuibant
3444 4375 3651 4430 urbem
3684 4373 3736 4426 οἲ

2008 4441 2057 4506 D
2091 4447 2490 4531 pnt_payv6p1al,
2521 4453 2669 4529 .erat
2688 4441 2991 4528 indicium
3011 4449 3082 4531 let
3099 4451 3334 4526 tessera
3364 4445 3737 4531 illiuannod

2089 4516 2372 4594 agebant:
2422 4519 2610 4594 ipsius
2641 4517 2924 4594 nimirum
2975 4516 3166 4594 stipis,
3222 4534 3403 4594 sacras
3447 4517 3734 4594 collectae,

2133 4534 2372 4594 genam:
2422 4536 2610 4590 ipsms
2641 4534 2924 4573 nimirum
2975 4534 3166 4642 SLIJJIS,
3222 4534 3403 4572 sacras
3447 4534 3733 4583 couecwe,

2133 4609 2267 4649 nam
2299 4591 2597 4662 petebant.
2645 4590 2806 4643 Sicut
2853 4605 2987 4659 ergo
3081 4587 3314 4662 icimus,
3347 4587 3433 4643 ἐπὶ
3469 4587 3733 4662 κυλίκων,

2123 4658 2470 4736 emno—erum
2503 4661 2645 4736 quia
2688 4658 3080 4736 reprmsentat
3121 4658 3604 4736 ViHJIIIIA‘ﬂXISAIC,
3657 4659 3740 4736 ita

2087 4729 2189 4789 ἐπῖ
2207 4729 2474 4802 σανιδίου,
2504 4729 2538 4786 6
2565 4729 2650 4784 ἐπὶ
2682 4729 2780 4804 τοῦ
2809 4729 2959 4804 ἱεροῦ
2981 4730 3252 4804 ἀγυρμοῦ.
3282 4732 3542 4804 Dicimus
3574 4731 3735 4804 enim

2089 4805 2226 4890 ὸέπὶ
2256 4801 2502 4894 ᾁγυρμοῦ
2548 4808 2655 4894 τῆς
2677 4801 3005 4894 “Belia—sive
3029 4801 3150 4868 τῆς
3177 4805 3284 4854 τῶν
3320 4803 3452 4856 θεῶν
3475 4801 3738 4894 ’Μητρὸςρ

2091 4880 2236 4944 sicu,
2265 4872 2410 4931 δ’ὲπὶ
2443 4872 2768 4944 ἐπιστολῶν.
2809 4876 3159 4943 Quanquam
3190 4891 3308 4928 non
3351 4892 3445 4930 me
3475 4873 3639 4937 latet,
3671 4873 3736 4926 τὸ

2089 4949 2176 5004 ἐπὶ
2209 4947 2323 5004 ἀντὶ
2367 4950 2462 5002 τοῦ
2521 4943 2674 5018 μετὰ,
2726 4945 2884 5016 quod
2937 4951 3027 4999 est
3057 4945 3360 5015 usitatum,
3417 4945 3738 5016 subrepere

2089 5023 2373 5094 potuisse.
2409 5021 2689 5094 HEiNsxus.

2160 5095 2271 5164 (24)
2305 5088 2731 5164 Μητραγυρτης.
2764 5087 2926 5164 Hanc
2953 5104 3154 5164 vocem
3176 5086 3742 5164 abjicientlampsse

2091 5159 2234 5220 satis
2255 5159 2348 5219 est
2377 5159 2406 5217 e
2435 5159 2664 5217 Iustino
2688 5159 3090 5213 manifestum.
3114 5159 3345 5214 Grotius
3368 5159 3482 5213 ait:
3517 5182 3543 5207 ‹‹
3577 5160 3745 5224 Quod

2089 5237 2185 5291 hic
2213 5235 2368 5307 apud
2391 5235 2756 5307 Clementem
2789 5232 3092 5307 sequitur,
3125 5231 3542 5304 μητράγυρτης,
3576 5230 3743 5307 addi-

2087 5301 2421 5362 tamehtum
2455 5306 2536 5360 esi
2588 5303 2930 5372 interpretis
2977 5301 3132 5355 male
3181 5301 3422 5358 sensum
3455 5303 3743 5370 assecuti;

2091 5379 2162 5459 de
2195 5379 2322 5459 ipso
2354 5379 2470 5459 ξ)οο
2504 5391 2706 5459 ξιξερο.
2750 5378 2858 5459 estz
2892 5389 3069 5459 quem
3100 5373 3214 5426 fert
3252 5375 3591 5441 circulator,
3625 5391 3744 5429 non

2092 5450 2164 5504 de
2192 5443 2561 5517 circulatore.
2595 5448 2664 5499 Et
2693 5444 2802 5498 hac
2825 5443 3241 5517 demptavoce,
3267 5462 3398 5516 quae
3431 5451 3738 5517 sequntur,

2088 5519 2178 5573 τὸν
2211 5517 2420 5573 δίκαιον
2446 5515 2547 5587 δεῖ,
2582 5522 2718 5581 etc.,
2739 5514 2960 5585 optime
2987 5514 3307 5583 cohaerent,
3333 5518 3451 5572 sive
3482 5514 3737 5584 versum,

2093 5593 2210 5647 sive
2244 5607 2486 5646 sensum
2519 5592 2773 5658 spectes.
2800 5607 2840 5658 Β

2161 5662 2273 5735 (25)
2307 5660 2373 5718 Et
2417 5659 2522 5736 γὰρ
2551 5655 2740 5713 Ἕλκει.
2799 5656 2916 5711 Hos
2945 5655 3124 5714 etiam
3167 5675 3372 5715 versus
3420 5674 3555 5714 cum
3603 5658 3738 5715 aliis
