4026 6140
308 191 406 249 191
1560 204 1972 261 CLEMENTIS
2011 204 2511 259 ALEXANDRINI

3624 205 3730 258 192

297 328 446 397 facie
475 325 590 392 eius
613 325 856 392 cognitio
890 329 942 381 et
990 327 1369 396 intelligentia
1409 329 1476 384 ιθ.
1537 330 1840 401 Quousque,
1870 329 1962 398 pi-

2083 325 2213 380 σιᾶν.
2248 325 2307 380 Τί
2338 347 2422 380 σοι
2471 325 2664 404 σοφίας
2713 323 3037 399 ἀναγγέλλω
3099 327 3389 401 μυστήρια,
3422 324 3514 379 καὶ
3543 324 3732 402 ῥήσεις

298 430 416 483 ger,
440 414 612 484 jaces,
643 415 861 483 quando
917 423 1098 470 autem
1151 433 1220 472 ex
1263 434 1453 474 somno
1509 418 1841 476 excitaberis
1869 417 1912 451 ‘7
1945 416 1970 472 Τ

302 504 392 556 sin
418 505 600 556 autem
629 503 808 572 fueris
829 502 1105 577 impiger,
1139 509 1316 563 veniet
1337 516 1609 580 tanquam
1631 511 1755 578 fons
1779 507 1972 562 messis

303 599 398 646 tua
410 590 475 659 “,
498 590 754 646 Verbum
777 597 1116 663 paternum,
1137 603 1201 666 ιι‹
1224 597 1396 653 bonus
1418 597 1678 670 lychnus,
1705 597 1972 652 Dominus

307 681 404 751 qui
440 678 658 734 inducit
708 681 915 752 lucem,
973 684 1137 752 ﬁdem
1193 687 1472 754 omnibus,
1527 689 1578 744 et
1633 687 1874 742 salutem
1903 684 1966 751 ⁸⁸,

303 770 570 824 Dominus
603 770 765 825 enim
794 773 893 843 qui
915 771 1050 844 fecit
1074 781 1281 830 terram
1313 777 1373 831 in
1404 777 1611 832 virtute
1639 791 1760 839 sua,
1793 777 1860 827 ut
1887 771 1973 825 ait

303 859 590 914 Jeremias
619 859 683 926 ⁸ο,
730 861 909 915 erexit
967 862 1152 918 orbem
1199 868 1359 920 terra
1403 865 1465 921 in
1521 861 1797 932 sapientia
1845 878 1967 918 sua.

305 948 542 1003 Etenim
573 964 703 1014 nos,
737 948 838 1018 qui
876 949 950 1003 ad
1001 951 1324 1009 simulacra
1367 952 1834 1024 procideramus,
1869 951 1969 1005 Sa-

305 1038 548 1107 pientia,
583 1052 714 1107 quas
747 1038 876 1110 ejus
908 1045 999 1094 est
1022 1041 1288 1109 verbum,
1313 1041 1483 1112 erigit
1505 1040 1581 1095 ad
1616 1041 1924 1094 veritatem
1954 1065 1967 1102 ε

307 1142 438 1197 quae
468 1125 662 1197 prima
693 1132 782 1182 est
812 1144 847 1183 a
876 1128 1048 1200 lapsu
1080 1130 1451 1186 resurrectio.
1486 1130 1655 1193 Hinc,
1688 1133 1754 1183 ut
1795 1146 1907 1183 nos
1937 1145 1972 1183 a

308 1218 472 1273 cultu
495 1219 952 1276 simulacrorum
974 1222 1210 1292 penitus
1236 1224 1541 1288 averteret,
1567 1220 1970 1291 pulcherrime

306 1307 584 1363 clamavit
611 1310 834 1380 Moyses
862 1327 875 1364 :
908 1309 1069 1374 Audi,
1096 1308 1300 1363 Israel:
1352 1311 1620 1364 Dominus
1652 1311 1790 1364 Deus
1819 1319 1947 1364 tuus

306 1398 447 1453 Deus
494 1413 639 1452 unus
686 1377 766 1452 est
797 1398 860 1453 εί.
893 1399 958 1452 Et
988 1395 1284 1452 Dominum
1343 1398 1519 1453 Deum
1568 1403 1726 1453 tuum
1775 1377 1971 1453 adora:

308 1486 410 1555 bis,
440 1494 494 1540 et
519 1487 574 1540 ei
598 1484 704 1541 soli
732 1487 933 1540 servies
963 1485 1029 1540 ⁵³.
1058 1485 1346 1550 Quocirca
1377 1487 1621 1542 tandem
1647 1487 1968 1558 aliquando

306 1573 640 1646 intelligite,
660 1574 955 1639 homines,
970 1590 1005 1628 a
1027 1574 1265 1642 Davide,
1283 1576 1460 1631 beato
1481 1576 1582 1630 illo
1603 1576 1968 1647 psalmorum

2080 411 2139 467 ἐκ
2195 411 2392 476 παιδὸς
2453 409 2710 489 Ἐϐραίου
2786 413 3224 490 σεσοφισμὲννλυ;
3283 412 3491 488 ιΚῦριος
3556 408 3734 468 ἔκτισε

2081 522 2148 573 με
2197 501 2376 578 ἀρχὴν
2433 500 2573 557 ὁδῶν
2633 501 2796 556 αὐτοῦ
2854 502 2931 563 εἷς
2971 499 3104 577 ἔργα
3143 503 3334 558 αὐτοῦ.
3388 503 3508 572 Καὶ,
3538 503 3734 579 Κύριος

2080 588 2271 646 δίδωσι
2333 591 2564 669 σοφίαν,
2622 591 2713 646 καὶ
2785 591 2890 646 ἀπὸ
2947 590 3247 667 προσώπου
3305 592 3474 647 αὐτοῦ
3530 597 3728 667 γνῶσις

2078 679 2168 733 καὶ
2224 681 2452 745 σύνεσις.
2511 682 2658 742 Ἕως
2713 683 2845 736 πότε
2896 683 3034 754 (54),
3095 680 3310 753 ὀκνηρὲ,
3371 679 3730 751 κατάκεισαις

2079 765 2212 822 πότε
2268 765 2325 823 δὲ
2381 769 2433 840 ἐξ
2491 768 2658 823 ὕπνου
2717 767 2983 844 ἐγερθήσῃ
3030 788 3044 837 ;
3102 769 3226 825 Ἐὰν
3279 765 3337 824 δὲ
3395 769 3588 831 ἄοκνος
3643 772 3732 842 ᾗς,

2079 855 2193 927 ἥξει
2226 878 2311 911 σοι
2366 857 2545 930 ὥσπερ
2594 857 2746 931 πηγή
2801 858 2828 911 6
2881 856 3095 930 ἀμητός
3143 879 3262 920 σου.
3296 859 3324 912 6
3357 857 3535 933 Λόγος
3568 860 3596 912 6
3627 879 3730 913 πα-

2078 945 2305 1020 τρικὸς,
2365 946 2393 999 6
2451 945 2650 1021 ἀγαθὸς
2708 944 2911 1020 κύχνος
2977 947 3110 1018 (55),
3174 946 3202 999 6
3256 944 3457 1020 Κύριος
3517 944 3760 1022 ἐπάγων

2078 1036 2139 1089 τὸ
2197 1040 2334 1114 φῶς,
2383 1037 2484 1104 τὴν
2531 1034 2711 1090 πίστιν
2779 1041 2910 1089 πᾶσι
2944 1081 2960 1107 ,
3020 1036 3111 1089 καὶ
3171 1035 3470 1110 σωτηρίαν.
3531 1036 3730 1111 Κύριος

2076 1125 2217 1198 γὰρ,
2278 1125 2307 1179 6
2363 1126 2598 1195 ποιήσας
2644 1126 2742 1193 τήν
2801 1131 2901 1199 γῆν
2957 1122 3010 1178 ἑν
3188 1124 3346 1199 ἷσχόϊ
3405 1125 3592 1194 αὐτοῦ,
3651 1125 3728 1189 ὥς

2079 1229 2241 1286 φησιν
2300 1213 2602 1285 Ἱερεμίας,
2662 1211 2952 1287 ἀνώρθωσε
3005 1213 3106 1281 τὴν
3165 1213 3491 1286 οἰκουμένην
3549 1212 3603 1269 ἐν
3660 1219 3729 1290 τῇ

2079 1302 2241 1379 σοφίᾳ
2271 1301 2455 1356 αὐτοῦ’
2513 1301 2880 1377 προπεσόντας
2925 1301 3027 1378 γὰρ
3075 1305 3224 1374 ἡμᾶς
3261 1301 3348 1357 ἐπὶ
3405 1303 3472 1357 τὰ
3503 1301 3729 1377 εἴδωλα,

2077 1394 2112 1460 ἡ
2147 1391 2338 1469 φοφία,
2386 1390 2422 1459 ἤ
2474 1390 2613 1445 ἐστιν
2660 1391 2687 1445 6
2736 1391 2911 1466 Λόγος
2975 1391 3159 1460 αὑτοῦ,
3217 1392 3441 1466 ἆνορθοῖ
3478 1390 3564 1446 ἐπὶ
3622 1395 3724 1463 τὴν

2077 1478 2360 1552 ἀλήθειαν·
2408 1481 2498 1535 καὶ
2548 1479 2680 1551 αὕτη
2713 1481 2903 1554 πρώτη
2953 1485 3049 1534 τοῦ
3101 1481 3549 1554 παραπτώματος
3597 1481 3731 1536 ἀνά-

2078 1592 2285 1633 στασις.
2335 1572 2497 1634 ’Όθεν
2553 1569 2875 1646 ἀποτρέπων
2935 1566 3398 1645 εἷδωλολατρείας
3453 1572 3726 1642 ἀπάσηςὸ

305 1668 564 1729 auctore,
598 1662 909 1729 admoniti,
932 1664 1334 1734 apprehendite
1359 1664 1735 1736 disciplinam,
1766 1683 1836 1721 ne
1855 1667 1961 1721 ali-

2083 1658 2358 1725 θεσπὲσιος
2411 1658 2705 1732 παγκάλως
2764 1657 3091 1733 ἆνακέκραγε
3146 1660 3389 1727 Μωϋσῆς
3420 1701 3433 1715 .
3492 1661 3731 1729 Ἄκουε,

301 1751 525 1823 quando
556 1751 836 1805 irascatur
884 1751 1170 1818 Dominus,
1201 1757 1252 1808 et
1299 1755 1547 1824 pereatis
1573 1753 1639 1808 de
1669 1755 1767 1810 via
1784 1755 1963 1825 justa,

2069 1748 2312 1819 Ἰσδαήλ·
2373 1747 2577 1822 Κύριος
2636 1749 2662 1802 6
2711 1747 2842 1809 Θεός
3045 1767 3162 1818 σου,
3219 1747 3422 1821 Κύριος
3479 1748 3552 1810 εἷς
3597 1748 3730 1802 ἐστι’

303 1837 518 1910 quando
547 1840 825 1894 exarserit
858 1840 1121 1896 velociter
1172 1845 1333 1911 furor
1375 1843 1509 1908 eius.
1564 1843 1729 1898 Beati
1783 1859 1964 1899 omnes

2083 1840 2207 1912 ιαὶ,
2265 1837 2466 1915 Κύριον
2538 1840 2630 1894 τὸν
2715 1838 2843 1894 Θεόν
2915 1860 3010 1894 σου
3087 1841 3522 1912 προσκυνήσεις,
3581 1838 3732 1912 αὐτῷ

302 1927 400 1999 qui
429 1926 710 1997 confidunt
741 1929 799 1983 in
835 1929 953 2000 ipso
980 1931 1044 1983 ⁸³.
1077 1932 1205 1986 ,Ιιιιι
1238 1948 1371 1986 vero
1406 1931 1690 2004 singulari
1721 1949 1830 1987 nos
1861 1932 1964 1986 mi-

2083 1930 2224 2001 ,ιόνῳ
2255 1925 2589 2003 λατρεύσεις.
2652 1931 2762 1983 Νὖν
2824 1925 2889 1995 δὴ
2951 1927 3043 1981 οὗν
3101 1924 3727 2003 σόνετε,ὧόίνθρωποι,

306 2015 632 2072 sericordia
689 2018 1093 2090 complectens
1143 2021 1448 2090 Dominus,
1504 2021 1761 2076 salutare
1793 2021 1964 2076 nobis

2083 2017 2204 2072 ιατὰ
2257 2018 2347 2072 τὸν
2402 2017 2666 2092 μακάριον
2724 2013 3032 2090 ψαλμῳδὸν
3100 2015 3302 2070 ἐκεῖνον
3359 2016 3450 2070 τὸν
3513 2011 3682 2070 Δαόίδ
3718 2036 3731 2048 ο

306 2106 632 2174 canticum,
666 2108 838 2176 quasi
895 2109 1104 2164 modos
1134 2109 1209 2164 ad
1242 2126 1390 2180 quos
1423 2110 1630 2182 praelia
1660 2110 1964 2177 ineuntur,

2083 2106 2328 2184 Βράξασθε
2383 2105 2676 2178 παιδείας,
2739 2108 2955 2180 μήποτε
3013 2106 3244 2181 ὀργισθῇ
3321 2106 3568 2182 Κύριος,
3630 2107 3722 2161 καὶ

307 2194 507 2250 dedit:
538 2195 680 2250 Filii
707 2196 1018 2264 hominum,
1048 2213 1324 2270 usquequo
1354 2199 1515 2270 gravi
1560 2200 1718 2255 eritis
1754 2198 1914 2254 corde
1933 2199 1964 2253 ?

2083 2195 2363 2261 ἱπολέἷσθε
2417 2196 2468 2267 ἐξ
2548 2193 2678 2251 ὁδοῦ
2731 2193 2942 2258 δικαίας
2976 2241 2991 2268 ,
3071 2197 3150 2250 6'1'
3225 2194 3286 2250 ἂν
3346 2194 3579 2269 ἐκκαυθῇ
3677 2195 3729 2250 ἐν

311 2285 412 2340 24
444 2285 621 2352 Quare
669 2285 907 2354 diligitis
961 2288 1288 2355 vanitatem,
1327 2291 1379 2343 et
1434 2287 1691 2359 quarritis
1739 2288 1964 2343 menda-

2083 2283 2224 2361 τάχει
2285 2286 2313 2340 6
2370 2285 2542 2356 θυμὸς
2597 2283 2802 2339 αὐτοῦ·
2866 2285 3123 2359 μακάριοι
3181 2285 3374 2346 πάντες
3429 2285 3481 2338 οἱ
3529 2304 3737 2339 πεποι-

311 2373 459 2430 cium
487 2373 533 2408 "
561 2373 589 2429 ‘2
618 2375 900 2439 Quasnam
931 2375 1110 2448 igitur
1142 2392 1211 2431 ea
1243 2379 1485 2445 vanitas,
1537 2376 1838 2448 quodnam
1879 2381 1964 2431 est

2083 2375 2220 2438 ὶότες
2269 2374 2350 2429 ἐπ’
2411 2373 2603 2446 αὐτῷ.
2663 2370 2803 2443 Ἤδη
2861 2371 2939 2442 δὲ,
3007 2372 3427 2447 ὑπεροικτείρων
3487 2375 3640 2444 ἡμᾶς
3708 2372 3734 2426 6

314 2461 706 2518 mendacium?
736 2462 801 2517 Id
833 2463 939 2517 tibi
971 2470 1224 2536 exponet
1263 2470 1501 2520 sanctus
1547 2466 1781 2520 Domini
1810 2468 1964 2536 Apo-

2083 2463 2291 2537 Κύριος,
2319 2463 2382 2518 τὸ
2413 2464 2688 2533 σωτήριον
2713 2459 2959 2517 ἐνδίδωσι
2996 2461 3188 2533 μέλος,
3241 2462 3356 2516 οἷον
3391 2456 3732 2537 ἐμϐατήριον

315 2551 522 2618 stolus,
556 2567 671 2622 quo
717 2549 848 2605 loco
898 2553 1128 2607 Graecos
1177 2553 1582 2624 reprehendit,
1638 2552 1789 2622 Quod
1844 2569 1964 2608 cum

2083 2552 2300 2626 Ξυθμόν.
2369 2553 2486 2606 Υἱοὶ
2544 2552 2843 2626 ἀνθρώπων
2883 2595 2896 2619 ,
2976 2547 3082 2612 ἕως
3135 2550 3265 2605 πότε
3317 2547 3731 2626 βαρυκὰρδιοι;

312 2641 482 2696 Deum
512 2641 902 2710 cognovissent,
933 2657 1047 2697 non
1093 2643 1233 2698 sicut
1286 2648 1459 2697 Deum
1503 2643 1964 2714 gloriﬁcaverunt,

2083 2643 2185 2698 Ἰνα
2238 2639 2292 2695 τί
2341 2641 2580 2714 ἀγαπᾶτε
2641 2640 3002 2713 ματαιότητα,
3053 2641 3142 2694 καὶ
3205 2645 3415 2709 ζητεῖτε
3471 2635 3725 2712 ψεῦδοςς

311 2744 486 2800 neque
513 2729 731 2796 gratias
762 2730 816 2783 ei
843 2733 1080 2797 egerunt
1103 2748 1118 2799 ;
1151 2731 1240 2786 sed
1260 2731 1393 2786 vani
1411 2734 1554 2802 facti
1579 2736 1707 2787 sunt
1733 2732 1792 2786 in
1822 2734 1964 2802 cogi-

2083 2730 2159 2792 Γίς
2190 2730 2280 2785 οὗν
2336 2733 2370 2799 ἡ
2430 2731 2752 2802 ματαιότης,
2809 2729 2900 2783 καὶ
2956 2727 3009 2783 τί
3062 2729 3124 2782 τὸ
3183 2725 3380 2802 ψεῦδος
3415 2746 3428 2796 ;
3460 2729 3518 2784 Ὀ
3569 2729 3731 2800 ἅγιος

315 2820 616 2875 tationibus
645 2820 782 2882 suis.
805 2823 861 2874 et
889 2824 1244 2875 mutaverunt
1263 2821 1502 2889 gloriam
1529 2820 1964 2893 incorruptibilis

2083 2818 2406 2881 Απόστολος
2452 2823 2548 2873 τοῦ
2605 2817 2831 2892 Κυρίου,
2861 2816 2989 2879 τοὺς
3040 2816 3321 2887 ’Έλληνας
3370 2815 3726 2888 αἰτιώμενος,

317 2911 419 2966 Dei
448 2908 510 2964 in
537 2909 968 2965 similitudinem
998 2910 1267 2982 imaginis
1304 2912 1683 2982 corruptibilis
1711 2912 1964 2966 hominis.

2083 2907 2394 2982 ἓξηγήσεταί
2455 2928 2582 2976 σοι,
2649 2907 2777 2970 ’Όθι
2833 2904 3052 2980 γνόντες
3106 2905 3200 2960 τὸν
3254 2905 3426 2976 Θεὸν,
3493 2902 3605 2979 οὐχ
3654 2903 3732 2966 ὡς

313 3003 365 3054 et
393 2997 699 3054 servierunt
726 3007 1002 3056 creaturae
1029 3000 1210 3069 potius
1238 3014 1402 3069 quam
1421 3003 1657 3056 creatori
1675 3001 1738 3054 ⁸⁸.
1770 3002 1964 3065 Quan-

2083 2999 2208 3054 Θεὸν
2256 2994 2530 3070 ἐδόξασαν,
2589 2994 2626 3064 ἢ
2684 2995 3138 3070 ηὐχαρίστησαν,
3197 2993 3321 3050 ἀλλ’
3379 2991 3734 3094 ἐματαιώιὶη-

318 3087 638 3157 doquidem
670 3087 848 3160 igitur
894 3088 990 3143 hic
1038 3088 1179 3143 Deus
1230 3093 1319 3142 est
1360 3088 1409 3143 is
1441 3089 1540 3160 qui
1574 3090 1635 3144 in
1685 3088 1966 3160 principio

309 3179 445 3248 fecit
471 3175 672 3232 calum
707 3185 757 3232 et
785 3185 990 3232 terram
1019 3177 1063 3212 ⁸⁸
1099 3219 1112 3244 ,
1146 3183 1208 3232 tu
1256 3183 1455 3233 autem
1485 3179 1668 3233 Deum
1716 3194 1838 3233 non
1860 3178 1967 3233 ha-

315 3265 466 3320 bens
497 3265 822 3337 cognitum,
864 3264 1060 3321 divino
1093 3266 1256 3320 cultu
1287 3270 1346 3320 et
1375 3267 1598 3322 honore
1631 3266 1843 3321 caelum
1875 3266 1967 3320 di-

312 3353 533 3425 gnaris,
567 3371 698 3424 quas
745 3359 800 3408 te
860 3355 1158 3410 excusatio
1217 3355 1288 3409 ab
1344 3355 1667 3426 impletatis
1718 3355 1966 3410 crimine

313 3441 636 3498 defendet?
658 3441 875 3497 Attend
897 3442 1114 3497 iterum
1133 3443 1484 3514 prophetam
1503 3443 1805 3498 dicentum
1836 3460 1848 3497 :
1874 3445 1969 3499 De-

313 3533 458 3603 ﬁciet
485 3531 706 3602 quidem
734 3531 834 3596 sol,
868 3540 920 3588 et
957 3534 1158 3589 caelum
1203 3533 1614 3588 obscurabitur.
1664 3533 1970 3604 splendebit

313 3625 514 3676 autem
541 3622 886 3692 omnipotens
916 3623 973 3676 in
1006 3629 1299 3690 aeternum,
1330 3634 1382 3677 et
1403 3622 1784 3678 concutientur
1809 3624 1969 3678 caelo-

316 3724 445 3764 rum
474 3710 724 3776 virtutes,
757 3713 809 3766 et
837 3710 963 3765 caeli
1009 3711 1409 3766 convolventur
1453 3720 1516 3766 ut
1565 3710 1730 3782 pellis
1759 3714 1974 3768 extensi

317 3806 367 3854 et
395 3799 665 3854 contracti
689 3799 772 3870 (et
791 3800 951 3855 enim
975 3800 1102 3855 hanc
1135 3805 1274 3855 sunt
1303 3801 1728 3872 prophetarum
1753 3801 1969 3870 verba),

320 3891 371 3941 et
401 3891 552 3942 terra
570 3889 750 3958 fugiet
776 3905 807 3943 a
833 3890 986 3954 facie
1015 3889 1254 3944 Domini.

2079 3108 2172 3142 σαν
2255 3084 2307 3140 ἐν
2377 3091 2492 3147 τοῖς
2565 3082 2922 3159 διαλογισμοῖ
3010 3083 3185 3138 αὐτῶν
3218 3127 3232 3153 ,
3306 3083 3399 3138 καὶ
3481 3078 3730 3151 ἤλλαξαν

2075 3178 2173 3247 τὴν
2244 3172 2398 3246 δόξαν
2469 3172 2567 3230 τοῖ’)
2644 3178 2780 3228 Θεοῦ
2847 3175 2959 3244 (57)
3015 3171 3067 3226 ἐν
3127 3172 3442 3244 ὁμοιώματι
3523 3170 3732 3231 εἰκόνος

2077 3267 2317 3343 φθαρτοῦ
2400 3261 2687 3337 ἀνθρώπου
2732 3305 2748 3332 ,
2831 3261 2921 3315 καὶ
3007 3259 3331 3332 ἐλάτρευσον
3415 3264 3484 3332 τῇ
3556 3258 3736 3313 κτίσει

2075 3353 2222 3428 παρᾶ
2274 3352 2366 3408 τὸν
2421 3351 2695 3406 κτίσαντα.
2757 3349 2859 3406 Καὶ
2922 3349 3030 3421 μὴν
3064 3349 3094 3402 ὅ
3126 3368 3190 3422 γε
3245 3349 3374 3411 Θεὸς
3431 3348 3611 3415 οὗτος,
3669 3349 3729 3410 ’ὸς

2078 3440 2129 3496 ἐν
2178 3440 2325 3515 ἀρχῆ
2373 3437 2598 3506 ἐποίησε
2651 3437 2742 3490 τὸν
2795 3435 3020 3509 οὐρανὸν
3080 3435 3170 3490 καὶ
3226 3436 3327 3504 τήν
3388 3434 3619 3510 γῆν.Σὺ
3681 3431 3739 3489 δὲ

2076 3529 2166 3584 τὸν
2232 3528 2325 3602 μὲν
2386 3528 2513 3582 Θεὸν
2548 3525 2608 3580 οὐ
2651 3529 2822 3592 νοεῖς,
2863 3525 2952 3578 τὸν
3000 3522 3057 3578 δὲ
3105 3523 3325 3598 οὐρανὸν
3377 3530 3729 3597 προσκυνεῖς,

2078 3618 2168 3672 καὶ
2197 3622 2313 3678 πῶς
2351 3615 2450 3671 οὐκ
2477 3610 2688 3676 ἀσεϐεῖς
2716 3635 2730 3683 ;
2760 3616 2960 3669 ’Ἄκουε
2989 3611 3155 3668 πάλιν
3199 3615 3488 3689 προφήτου
3538 3611 3736 3689 λὲγον-

2077 3727 2192 3770 τος·
2251 3704 2526 3779 Ἐκλείψει
2585 3706 2697 3777 (58)
2751 3705 2844 3776 μὲν
2905 3705 2933 3758 6
2987 3702 3150 3772 ἣλιος
3186 3746 3198 3770 ,
3260 3703 3352 3756 καὶ
3410 3702 3438 3756 6
3498 3703 3734 3778 οὐρανὸς

2082 3797 2558 3866 σκοτισθήσεται·
2642 3794 2848 3866 Λάμψει
2934 3789 2991 3846 δὲ
3076 3793 3103 3846 6
3183 3789 3578 3865 παντοκράτωρ
3662 3789 3739 3852 εἷς

2078 3887 2172 3941 τὸν
2231 3884 2436 3953 αἰῶνα,
2511 3883 2600 3938 καὶ
2660 3883 2715 3936 αἱ
2773 3879 3028 3955 δυνάμεις
3074 3885 3184 3936 τῶν
3241 3880 3484 3954 οὐρανῶν
3545 3878 3744 3934 σαλευ-

319 3977 597 4047 θήσονται,
629 3975 719 4030 καὶ
751 3977 802 4030 οἱ
834 3975 1051 4050 οὐρανοὶ
1088 3977 1465 4050 εἱλιγήσονται
1521 3977 1596 4039 ὡς
1647 3974 1826 4054 δέῤῥις
1885 3975 2247 4050 ἐκτεινόμενοι
2306 3975 2395 4030 καὶ
2448 3971 2872 4046 συστελλόμενοι
2933 3970 3255 4044 (αὗταιγὰρ
3313 3970 3365 4024 αἱ
3396 3968 3742 4046 προφητικαὶ

319 4063 538 4141 φωναί)
571 4064 661 4118 καὶ
691 4067 726 4134 ἡ
758 4070 829 4138 γῆ
862 4062 1110 4144 φεύσεται
1143 4065 1248 4118 ἀπὸ
1277 4066 1571 4138 προσώποτ
1604 4065 1834 4140 Κυρίου.

1840 4228 2072 4284 CAPUT
2109 4228 2202 4281 IX.

821 4333 1072 4390 Graviter
1100 4332 1228 4389 illos
1253 4348 1502 4404 peccare,
1533 4334 1630 4404 qui
1659 4333 1950 4405 benignam
1980 4335 2080 4390 Dei
2106 4333 2442 4389 vocationem
2470 4331 2758 4402 spernunt,
2789 4332 2884 4383 aut
2920 4325 3235 4398 negligunt.

394 4461 635 4514 Possem
667 4461 845 4515 etiam
879 4460 1026 4515 alias
1059 4460 1166 4514 tibi
1200 4460 1532 4531 Scripturas
1563 4460 1774 4514 afferre
1818 4476 1964 4530 pene

2156 4456 2254 4509 Καὶ
2291 4453 2486 4528 μυρίας
2519 4450 2579 4506 ἂν
2620 4450 2811 4526 ἔχοιμί
2866 4470 2951 4504 σοι
3010 4449 3223 4526 Γραφὰς
3270 4447 3622 4526 παραφέρειν,
3657 4451 3731 4504 ὧν

320 4547 810 4616 innumerabiles,
837 4566 1087 4619 quarum
1122 4565 1193 4602 ne
1225 4565 1368 4619 apex
1396 4548 1616 4619 quidem
1655 4565 1800 4603 unus
1828 4564 1969 4619 prae-

318 4635 511 4691 teribit
523 4637 657 4708 57.“,
674 4638 772 4708 qui
792 4655 909 4692 non
925 4638 1445 4709 perﬁciatur.Spiri
1457 4644 1546 4692 tus
1561 4637 1719 4692 enim
1734 4642 1972 4692 sanctus

390 4804 549 4867 *P.
583 4804 654 4857 68
699 4805 790 4858 EI)
849 4806 1143 4873 POTTER,
1195 4805 1374 4857 52-53
1422 4805 1536 4859 ΕΙ).
1588 4803 1811 4859 PARIS.
1861 4804 1904 4840 ⁴⁶
1953 4805 1964 4857 ]

2083 4819 2120 4856 ι.
2154 4819 2212 4869 ιι,
2264 4803 2314 4855 6.
2365 4800 2408 4835 ⁸⁷
2461 4800 2626 4853 Prov.
2683 4815 2756 4873 vi,
2800 4800 2865 4873 _9.

2085 4540 2214 4598 οὐδὲ
2269 4541 2467 4618 περαία
2521 4539 2906 4615 παρελεύσεται
2971 4538 3103 4610 μία,
3158 4539 3232 4610 μή
3292 4535 3424 4612 πύχῖ
3481 4535 3740 4604 ἐπιτελής

2087 4631 2384 4707 γενομένη.
2417 4630 2480 4685 τὸ
2528 4631 2632 4704 γὰρ
2682 4626 2858 4700 στόμα
2910 4625 3132 4701 Κυρίου,
3175 4626 3237 4680 τὸ
3286 4626 3434 4702 ἅγιον
3483 4629 3733 4697 Πνεῦμα-

2927 4795 2968 4831 ⁴⁸
3025 4794 3171 4849 lbid.
3231 4794 3319 4849 H.
3379 4793 3424 4827 "
3478 4787 3606 4843 Ibid
3661 4792 3724 4842 21

317 4875 365 4909 ⁴⁰
389 4863 503 4929 ler.
537 4892 594 4938 x,
640 4876 725 4930 12.
777 4876 818 4911 ⁵¹
853 4877 1020 4931 Deut.
1074 4863 1234 4941 v1,4.
1297 4875 1512 4930 I"Ibid.
1574 4878 1674 4942 13;
1735 4893 1790 4942 Ι,
1849 4878 1937 4928 20.

2089 4863 2244 4928 Psa'l.
2306 4889 2366 4944 ιι,
2421 4875 2507 4938 12,
2564 4873 2650 4925 13.
2700 4863 2750 4904 ³⁸
2800 4867 2954 4923 Psal.
3014 4884 3087 4936 ιν,
3131 4867 3184 4920 3.
3239 4865 3284 4900 ⁵⁸
3341 4867 3506 4919 Rom.
3566 4877 3602 4926 ι,
3659 4863 3722 4913 21

320 4948 409 5014 23,
433 4949 520 5001 23.
553 4947 597 4981 ⁸⁸
629 4947 768 5002 Gen.
797 4965 833 5014 ι,
864 4947 913 5002 Ι.
946 4948 1011 5004 ⁵⁷.
1041 4947 1083 4985 ⁵⁸
1116 4947 1316 5000 Matth.
1350 4964 1404 5011 v,
1439 4949 1542 5013 18;
1578 4948 1715 5002 Luc.
1745 4963 1863 5012 xvi,
1907 4949 1990 5000 17.

390 5119 676 5191 (54)Ἒως
703 5115 854 5191 πότε.
889 5119 1032 5177 Ἕως
1083 5114 1230 5176 τινός
1263 5114 1414 5170 Bibl.
1464 5116 1644 5170 61·ωο.
1701 5117 1850 5182 Mox,
1885 5134 1970 5168 σοι

319 5189 453 5264 post
480 5189 595 5264 ἥξει
637 5190 937 5264 omittunt.

393 5265 506 5331 (55)
535 5258 598 5318 Ὀ
631 5261 826 5333 ἀγαθὸς
860 5258 913 5316 λ.
949 5260 1177 5333 Similia
1207 5261 1526 5333 occurrunt
1574 5258 1738 5333 Prov.
1773 5274 1845 5333 vi,
1880 5260 1969 5333 '29,

319 5324 409 5398 22,
443 5324 507 5389 33
545 5324 698 5420 ζΐὶξ,
733 5331 976 5425 φύλαξον,
1003 5332 1206 5420 νόμους
1241 5327 1450 5418 πατρός
1502 5346 1672 5415 σουρξθ
1699 5326 1859 5394 ἡνίκα
1888 5324 1966 5425 fw

319 5395 620 5478 περιπατῇς
659 5395 1110 5477 ἐπείγουάὖτὴν,
1167 5399 1257 5455 καὶ
1306 5395 1438 5478 μετὰ
1493 5401 1590 5451 συῦ
1647 5395 1861 5478 Emam“:
1886 5396 1967 5450 ὅτι

321 5467 526 5551 λύίλνος
552 5467 972 5551 ἐντολὴ-’νόμου
1021 5467 1110 5528 καὶ
1143 5477 1279 5551 φῶς
1307 5467 1636 5551 ’δρὸξιζωῆεν
1691 5471 1777 5551 7-1;
1816 5467 1968 5551 ἕλὲγ·

322 5541 444 5622 χοξ,
475 5551 563 5603 καὶ
595 5541 830 5606 παιδεία.
865 5541 962 5618 Ea,
988 5566 1119 5620 quin
1151 5541 1695 5616 ScripsitCleinens,
1724 5543 1772 5596 si
1794 5541 1970 5598 verba

321 5623 622 5694 respicias,
656 5624 876 5679 frustra
906 5624 1265 5694 quaerentur.

2151 5114 2262 5186 (56)
2311 5110 2565 5186 Κύριοςὸ
2623 5115 2683 5165 Θ.
2745 5107 3176 5186 Κύριος-ὸ-Θεὸς
3219 5108 3313 5160 σοῦ
3372 5102 3567 5186 [ξύριος
3605 5101 3725 5186 ,ξῖς

2081 5167 2191 5237 ne;
2224 5167 2359 5239 Nov.
2391 5167 2409 5250 ‘;
2438 5167 2598 5253 ἡμῶν
2647 5199 2752 5253 pro
2781 5167 2896 5234 σὸυ.
2932 5167 3095 5253 Bibl.
3141 5182 3317 5234 Graec.
3376 5167 3526 5242 Mo'x,
3559 5167 3728 5250 «9667,-

2079 5257 2217 5324 θγςση
2251 5273 2354 5326 pro
2387 5252 2802 5326 προσκυνήσεις.
2828 5252 2976 5326 Bibl.
3011 5253 3191 5326 Graec.

2151 5320 2267 5397 (5³7)
2290 5320 2590 5400 Τοῦ-Θεοῦ.
2612 5320 3018 5400 Τοῖιλάφθᾴρτου
3050 5325 3204 5375 Θεοῦ.
3238 5320 3600 5400 Bibl._Crch‘.

2148 5389 2259 5462 (58)
2314 5395 2584 5469 Ἐκλείψει
2612 5439 2624 5451 .
2679 5389 3044 5469 His'siniilia
3093 5397 3414 5469 occurrunt
3453 5389 3617 5469 _psal:
3651 5405 3729 5469 ¹ιιι

2079 5461 2186 5535 ἓθνς
2247 5470 2357 5523 Isa.
2419 5461 2542 5536 xui,
2580 5470 2680 5534 10;
2737 5466 2940 5530 Ezech,
2992 5481 3169 5529 χχχιι,
3231 5468 3309 5536 7;_
3347 5463 3516 5536 Joel:_
3541 5477 3604 5524 ιι,
3645 5461 3729 5524 10,

2079 5542 2140 5594 31
2166 5531 2184 5605 ;⁷
2216 5556 2300 5612 ιιι,
2337 5543 2423 5597 15.
2467 5531 2600 5612 Ipsa
2628 5531 2822 5605 verba,
2857 5542 3028 5606 prout
3078 5551 3148 5590 ea
3196 5534 3405 5589 recitat
3457 5531 3734 5587 Clemens

2076 5610 2347 5666 nondum
2370 5610 2588 5670 invehi.
