4026 6140
308 342 416 396 207

1563 332 1971 388 CLEMENTIS
2007 326 2514 382 ALEXANDRINI

3617 325 3725 382 208

312 472 511 524 autem
541 482 663 521 una
689 464 947 536 migrant
988 462 1145 516 bona
1176 477 1244 516 ac
1273 458 1561 532 praeclara
1591 474 1791 529 opera,
1813 472 1960 528 pen-

2079 447 2229 511 οὗτος
2268 451 2429 522 ἡμῶν
2461 449 2643 523 πατὴρ
2687 448 2715 502 6
2748 444 2919 509 ὅντως
2964 449 3167 522 πατὴρ,
3199 446 3262 503 οὐ
3316 447 3543 504 παύεται
3590 469 3726 523 προ⁴

312 557 528 627 nisque
544 553 805 610 veritatis
817 550 1129 606 nobiscum
1147 550 1327 604 simul
1355 548 1588 625 evolant
1603 547 1762 601 Hanc
1794 544 1963 601 nobis

2079 539 2282 613 τρέπων
2313 582 2328 604 ,
2384 538 2652 592 νουθετῶν
2686 582 2701 606 ,

2072 628 2260 697 σώζων
2293 626 2540 683 παύεται.
2574 620 2938 700 συμϐουλεύει
2972 624 3030 681 δὲ
3057 626 3125 681 τὰ
3155 628 3366 696 ἄριστα·
3401 626 3609 683 Δίκαιοι
3644 627 3729 705 γὲ-
3820 636 3827 641 ’

314 646 431 701 han
444 644 745 709 editatem,
778 646 1069 695 aeternum
1100 655 1242 694 sane
1274 638 1518 706 donum,
1542 642 1832 692 aeternum
1862 634 1964 689 Dei

315 734 505 790 fmdus
537 733 597 787 in
619 747 832 786 manus
855 729 1052 785 tradit.
1076 730 1249 783 Pater
1268 732 1465 782 autem
1490 726 1591 781 ille
1613 729 1836 792 noster,
1865 723 1966 794 qui

313 838 447 877 vere
470 827 562 877 est
577 825 1011 897 pater,nosque
1038 817 1368 889 impensius
1389 821 1569 883 amat,
1594 816 1689 872 21
1717 812 1964 880 hortari,

315 927 582 979 monere,
616 908 955 970 emendare,
974 906 1220 978 diligere
1240 922 1547 977 nunquam
1577 904 1825 969 desinit;
1856 917 1968 956 nec

318 1001 481 1056 enim
524 998 743 1053 desinit
772 1012 1025 1066 servare,
1057 1011 1257 1049 verum
1302 996 1593 1066 optimum
1640 992 1742 1048 dat
1769 990 1967 1046 consi-

316 1090 486 1155 lium,
512 1089 656 1142 Justi
692 1086 1033 1155 efﬁciamini,
1094 1086 1279 1153 inquit
1329 1086 1611 1138 Dominus.
1645 1084 1750 1146 Qui
1777 1082 1961 1147 sititis,

315 1181 393 1233 ite
418 1177 491 1230 ad
518 1192 720 1245 aquam
740 1192 762 1239 ;
787 1180 838 1229 et
857 1176 1174 1243 quicunque
1195 1190 1305 1227 non
1328 1173 1536 1227 habetis
1551 1173 1863 1242 pecuniam,
1891 1170 1966 1223 ite

313 1274 364 1323 et
393 1266 570 1332 emite,
603 1272 654 1319 et
685 1266 868 1331 bibite,
899 1265 1100 1333 absque
1120 1265 1361 1334 pecunia
1388 1262 1453 1317 ⁸⁸.
1477 1262 1566 1316 Ad
1587 1260 1965 1321 lavationem,

314 1356 388 1413 ad
420 1355 695 1423 salutem,
750 1353 825 1409 ad
883 1352 1385 1407 illuminationem
1444 1352 1734 1417 hortatur,
1761 1354 1965 1421 aperte

310 1450 374 1514 »Ρ
402 1442 832 1515 propemodum
861 1440 1149 1507 clamans,
1178 1442 1260 1495 Do
1292 1440 1420 1507 tibi,
1453 1457 1487 1495 o
1519 1439 1627 1507 fili,
1660 1444 1879 1493 terram
1911 1441 1970 1491 et

312 1547 501 1599 mare,
532 1537 708 1603 atque
740 1530 995 1586 cmlum:
1050 1546 1301 1601 quaeque
1332 1530 1393 1583 in
1443 1528 1529 1583 eis
1574 1532 1732 1593 sunt,
1766 1526 1971 1582 omnia

314 1621 422 1677 tibi
452 1622 672 1693 largior
701 1620 1049 1675 animantia.
1083 1620 1165 1672 Tu
1204 1618 1400 1686 modo,
1434 1634 1466 1671 ο
1499 1617 1607 1685 fili,
1639 1604 1869 1689 patrem
1897 1618 1968 1669 si-

316 1712 441 1777 tias,
472 1710 627 1764 Deus
658 1708 762 1763 tibi
793 1707 974 1779 gratis
996 1706 1380 1772 ostendetur;
1412 1706 1626 1761 veritas
1656 1705 1816 1760 enim
1846 1720 1967 1758 non

316 1798 577 1853 venditur
601 1798 664 1851 ⁸⁸.
688 1796 815 1851 Tibi
846 1796 1125 1863 volatilia,
1160 1794 1266 1850 tibi
1292 1795 1597 1865 aquatilia,
1630 1794 1758 1862 tibi,
1799 1793 1969 1848 deni-

317 1903 455 1959 que,
487 1885 589 1941 dat
611 1901 980 1957 quaecunque
1003 1890 1222 1940 terram
1253 1883 1541 1939 habitant.
1576 1884 1711 1938 Haec
1736 1899 1804 1938 eo
1828 1886 1971 1937 sunt

316 1992 352 2032 a
380 1978 553 2031 Patre
583 1974 841 2045 condita,
869 1979 936 2029 ut
963 1991 1062 2029 vos
1084 1974 1158 2028 iis
1186 1978 1351 2046 grato
1374 1971 1743 2043 memorique
1767 1971 1965 2026 animo

312 2063 597 2120 fruamini
622 2082 635 2132 ;
666 2081 797 2135 quae
835 2063 1089 2135 pecunia
1135 2061 1377 2133 quidem
1407 2066 1566 2116 emet
1593 2061 1833 2129 nothus,
1865 2059 1967 2130 qui

311 2154 460 2224 ﬁlius
490 2158 582 2207 est
601 2154 933 2223 perditionis
961 2152 1026 2221 ’7,
1070 2152 1283 2223 cuique
1321 2165 1648 2207 mammonae
1692 2148 1895 2204 servire
1923 2148 1967 2183 ⁸⁸

315 2242 705 2297 constitutum
727 2246 818 2296 est
836 2258 849 2294 :
875 2241 981 2295 tibi
1000 2257 1133 2295 vero
1151 2246 1434 2311 tanquam
1448 2245 1548 2294 tua
1565 2236 1968 2310 permittit,le-

311 2330 516 2403 gitimo
539 2330 768 2385 scilicet
795 2329 940 2397 ﬁlio,
965 2329 1067 2400 qui
1091 2331 1327 2384 Patrem
1354 2328 1571 2400 diligis,
1590 2327 1760 2399 cujus
1782 2326 1969 2399 gratia

314 2420 492 2474 adhuc
512 2426 778 2489 operatur
802 2420 867 2486 θ’,
890 2418 1104 2489 cuique
1128 2417 1238 2472 soli
1262 2418 1373 2472 hoc
1396 2416 1755 2488 promissum
1776 2415 1918 2470 facit
1950 2432 1964 2468 :

308 2510 381 2562 Et
414 2514 561 2563 terra
591 2508 915 2562 extendetur
943 2510 1003 2561 in
1030 2509 1347 2575 ﬁrmitatem
1374 2523 1395 2569 ;
1423 2508 1549 2575 jnec
1594 2505 1755 2559 enim
1784 2504 1969 2559 desti-

309 2601 451 2651 nata
480 2602 571 2651 est
600 2596 966 2669 corruptioni
1002 2611 1015 2649 :
1048 2611 1171 2650 mea
1197 2601 1275 2650 est
1303 2596 1443 2649 enim
1466 2596 1719 2649 universa
1749 2600 1899 2647 terra
1922 2595 1963 2663 ί,

307 2689 411 2740 tua
439 2702 576 2739 vero
607 2686 737 2753 erit,
773 2685 819 2739 si
852 2686 1037 2740 Deum
1059 2684 1378 2755 receperis.
1414 2682 1560 2737 Hinc
1591 2682 1683 2748 iis,
1715 2682 1816 2753 qui
1838 2699 1963 2737 cre-

309 2772 561 2842 diderat,
589 2774 700 2827 hoc
718 2773 1095 2828 latissimum
1126 2773 1405 2839 nuntium
1418 2772 1609 2827 defert
1628 2772 1961 2843 Scriptura:

312 2861 503 2917 Sancti
538 2869 727 2917 autem
775 2861 999 2916 Domini
1042 2866 1207 2917 erunt
1252 2861 1495 2918 heredes
1540 2859 1741 2929 gloriae
1767 2861 1886 2928 Dei,
1915 2862 1967 2915 et

306 2952 574 3023 potentiae
625 2953 767 3022 ejus.
796 2951 1076 3015 Quaenam
1109 2954 1199 3004 est
1228 2966 1316 3016 ea,
1358 2948 1453 3004 dic
1505 2948 1674 3017 mihi,
1706 2966 1740 3003 ο
1769 2949 1962 3020 beate,

311 3040 491 3110 gloria
508 3042 534 3093 .9
553 3055 732 3110 quam
754 3037 951 3095 oculus
966 3054 1077 3094 non
1104 3039 1265 3109 vidit,
1294 3054 1394 3094 nec
1420 3039 1575 3093 auri:
1601 3036 1836 3104 audivit,
1866 3054 1966 3093 nec

311 3127 373 3183 in
402 3143 497 3183 cor
524 3129 766 3184 hominis
796 3126 1078 3196 ascendit;
1122 3131 1177 3183 et
1208 3127 1546 3184 Letabuntur
1570 3127 1629 3181 in
1659 3142 1829 3197 regno
1856 3126 1965 3182 Do-

2770 534 3096 605 παιδεόων,
3160 535 3362 615 φιλῶν.
3423 536 3566 595 Οὐδὲ
3623 539 3727 615 γὰρ

2069 718 2221 771 νεσθε
2270 718 2411 789 (22),
2473 715 2616 791 λέγει
2678 715 2903 791 Κύριος,
2965 716 3028 769 Οἱ
3088 713 3374 789 διψῶντες,
3433 716 3730 791 πορεύεσθε

2071 804 2153 883 ἐφ’
2209 802 2376 881 ὕδωρ·
2434 806 2524 859 καὶ
2584 806 2701 859 ὅσοι
2763 806 2840 878 μή
2899 804 3054 878 ἔχετε
3111 804 3368 880 ἀργύριον
3400 849 3413 861 .
3451 803 3727 881 βαδίσατε.

2071 895 2160 949 καί
2213 896 2535 970 ἆγορασατε,
2593 898 2685 950 καί
2743 896 2928 965 πίετε,
2991 892 3110 951 ἄνευ
3167 896 3449 971 ἀργυρίου.
3508 895 3613 952 Επὶ
3667 898 3730 953 τὸ

2070 982 2321 1060 λουτρὸν,
2354 983 2440 1038 ἐπὶ
2470 985 2569 1053 τῆν
2604 982 2897 1059 σωτηρίαν,
2930 983 3017 1038 ἐπὶ
3047 984 3141 1038 τὸν
3163 986 3445 1062 φωτισμὸν
3478 988 3589 1059 (23)
3621 1007 3724 1041 πα-

2069 1071 2317 1145 ρακαλεῖ,
2381 1073 2679 1148 μονονουχὶ
2733 1073 2874 1148 βοῶν
2932 1072 3025 1127 καὶ
3086 1072 3283 1147 λέγων·
3350 1080 3456 1143 Γῆν
3517 1095 3601 1129 σοι
3642 1072 3722 1130 δί-

2071 1157 2217 1229 δωμι
2266 1161 2359 1215 καὶ
2406 1159 2699 1232 θάλασσαν,
2748 1156 2992 1229 παιδίον,
3045 1158 3274 1235 οὐρανόν
3315 1180 3394 1215 τε·
3454 1161 3546 1215 καὶ
3574 1162 3643 1216 τὰ
3672 1160 3725 1217 ἐν

2071 1248 2258 1311 αὐτοῖς
2287 1248 2460 1304 πάντα
2509 1250 2621 1318 ζῶά
2671 1270 2756 1304 σοι
2806 1247 3127 1326 χαρίζομαι.
3160 1248 3366 1307 Μόνον.
3400 1250 3446 1303 ὦ
3476 1247 3719 1322 παιδίον,

2072 1335 2302 1409 δίψησον
2332 1342 2429 1393 τοῦ
2470 1337 2701 1413 Πατρός·
2734 1337 2949 1411 ἀμισθεί
2981 1358 3067 1391 σοι
3125 1335 3473 1413 δειχθήσεται
3504 1341 3532 1393 6
3562 1341 3719 1402 Θεός·

2072 1423 2135 1478 οὐ
2165 1423 2535 1494 καπηλεόεται
2564 1426 2599 1493 ἡ
2622 1423 2874 1494 ἀλήθεια.
2910 1421 3111 1479 Δίδωσί
3146 1444 3231 1478 σοι
3277 1427 3367 1479 καὶ
3418 1426 3484 1479 τὰ
3522 1427 3725 1497 πτηνὰ,

2070 1511 2160 1567 καὶ
2188 1512 2256 1566 τὰ
2283 1513 2455 1583 νηκτὰ
2484 1515 2598 1587 (24)
2635 1512 2726 1568 καὶ
2776 1513 2844 1568 τὰ
2900 1512 2989 1568 ἐπὶ
3044 1520 3145 1583 τῆς
3201 1520 3328 1589 γῆς.
3388 1514 3567 1570 Ταῦτά
3624 1537 3726 1570 σου

2069 1606 2190 1665 ταῖς
2221 1602 2571 1677 εὐχαρίστοις
2620 1608 2870 1680 τρυφαῖς
2903 1605 3015 1676 (25)
3046 1600 3519 1681 δεδημιούργηκεν
3553 1605 3581 1659 6
3615 1610 3729 1659 Πα-

2070 1692 2197 1765 τὴρ·
2260 1693 2394 1766 ἅπερ
2443 1690 2686 1767 ἀργυρίῳ
2727 1692 2822 1764 μὶν
2873 1690 3139 1763 ὠνήσεται
3174 1694 3203 1747 6
3232 1693 3412 1761 νόθος,
3461 1694 3521 1757 ’ὸς
3569 1695 3725 1748 ἀπω-

2074 1778 2223 1842 λείας
2254 1778 2367 1834 ἐστὶ
2416 1777 2658 1853 παιδίον,
2688 1780 2748 1843 ὃς
2783 1785 3018 1855 μαμωνᾷ
3062 1779 3339 1836 δουλεύειν
3388 1782 3724 1858 προῄρηται·

1996 1848 2045 1914 Β
2075 1868 2164 1921 σοὶ
2187 1865 2246 1922 δὲ
2273 1867 2341 1923 τὰ
2362 1869 2428 1922 σὰ
2458 1848 2758 1945 ἐπιτρέπει,
2905 1848 3115 1945 γνησίῳ
3146 1868 3315 1946 λέγει,
3345 1848 3442 1943 τῷ,
3474 1848 3727 1948 φίλοῦντι

2068 1957 2162 2012 τὸν
2217 1955 2450 2031 Πατέρα,
2501 1954 2573 2011 δι’
2603 1958 2673 2012 ὃν
2709 1951 2789 2013 ἔτι
2838 1956 3137 2034 ἐργάζεται,
3174 1958 3220 2032 ᾦ
3254 1958 3407 2032 μόνῳ
3455 1958 3545 2014 καὶ
3602 1960 3729 2015 ὑπι-

2070 2052 2314 2122 σχνεῖται
2350 2092 2365 2117 ,
2432 2045 2629 2124 λέγων⁸
2698 2047 2794 2105 Καὶ
2867 2049 2902 2117 ὴ
2971 2056 3041 2124 γῆ
3109 2051 3542 2123 παραταθήσεται
3612 2053 3728 2125 (26)

2071 2135 2149 2197 εἲς
2209 2130 2517 2211 βεϐαίωσιν·
2596 2136 2661 2190 οὗ
2717 2136 2822 2211 γάρ
2893 2140 3152 2210 κυροῦται
3223 2139 3335 2212 (27)
3386 2141 3455 2212 τῇ
3525 2143 3721 2213 φθορᾷ.

2071 2224 2213 2297 Ἐμή
2268 2225 2373 2299 γὰρ
2430 2223 2540 2279 ἰστι
2598 2229 2743 2278 πᾶσα
2789 2227 2824 2293 ἡ
2876 2231 2971 2299 γῆ·
3031 2221 3142 2279 ἔστι
3201 2223 3259 2280 δὲ
3318 2226 3384 2295 σή
3434 2229 3569 2300 (28),
3630 2225 3724 2282 ἐὰν

2070 2307 2361 2386 ἀπολάϐῃς
2386 2312 2479 2368 τὸν
2534 2313 2682 2368 Θεὸν.
2743 2314 2901 2369 Ὅθεν
2932 2316 2967 2383 ἡ
3002 2314 3188 2390 Γραφῆ
3224 2314 3447 2376 εἰκότως
3505 2314 3727 2390 εὐαγγε-

2074 2401 2279 2471 Λίζεται
2305 2407 2419 2464 τοῖς
2462 2402 2895 2457 πεπιστευκόσιν·
2951 2402 3018 2459 Οἱ
3059 2399 3118 2456 δὲ
3165 2403 3312 2477 ἅγιοι
3364 2404 3470 2476 (29)
3522 2403 3727 2477 Κυρίου

2070 2490 2559 2565 κληρονομήσουσι
2614 2492 2715 2561 τὴν
2777 2487 2932 2562 δόξαν
2990 2495 3088 2547 τοῦ
3144 2496 3279 2546 Θεοῦ
3330 2491 3421 2546 καὶ
3476 2494 3575 2562 τήν
3637 2491 3735 2547 δύ-

2071 2600 2234 2651 ναμιν
2285 2578 2471 2635 αὐτοῦ.
2530 2580 2721 2651 Ποίαν,
2771 2581 2817 2633 ὦ
2874 2582 3124 2654 μακάριε,
3178 2578 3360 2654 δόξαν,
3410 2581 3527 2636 είπὲ
3589 2600 3728 2654 μοις
3806 2647 3819 2659 θ

2071 2667 2140 2736 ἣν
2200 2665 2486 2744 ὀφθαλμὸς
2539 2667 2639 2723 οὐκ
2698 2666 2831 2723 εἶδεν
2866 2711 2881 2726 .
2958 2666 3084 2723 οὐδὲ
3143 2670 3232 2732 οὗς
3292 2667 3547 2738 ἤκουσεν.
3606 2668 3737 2725 οὐδὲ

2072 2754 2160 2809 ἐπὶ
2217 2753 2439 2831 καρδίαν
2495 2756 2787 2832 ἀνθρώπου
2844 2752 3032 2828 ἀνέϐη·
3093 2757 3183 2812 καὶ
3246 2761 3581 2834 χαρήσονται
3640 2757 3733 2813 ἐπὶ

2070 2847 2138 2917 τῇ
2203 2842 2453 2918 βασιλείᾳ
2502 2849 2601 2899 τοῦ
2659 2844 2858 2920 Κυρίου
2924 2846 3105 2901 αὐτῶν
3161 2846 3257 2919 (εἷς
3310 2844 3439 2908 τοὺς
3498 2845 3729 2908 αἰῶνας.

2070 2932 2278 3005 Ἀμήν.
2311 2934 2530 3007 Ἔχετε,
2564 2930 2608 2987 ὦ
2650 2930 2954 3009 ἄνθρωποι,
3014 2936 3113 3005 τήν
3165 2934 3307 2999 θείαν
3364 2941 3465 3006 τῆς
3496 2932 3731 3011 χᾶριτος

2072 3018 2417 3096 ἐπαγγελιίαν·
2452 3020 2724 3091 ἀκηκόατε
2774 3023 2862 3077 καὶ
2924 3024 3023 3092 τήν
3080 3021 3261 3090 ἀλλην
3290 3030 3389 3093 τῆς
3447 3022 3735 3088 κολάσεως

2072 3108 2327 3179 ἀπειλήν·
2382 3106 2453 3163 δι’
2509 3106 2582 3163 ὧν
2643 3111 2670 3165 6
2725 3110 2923 3184 Κύριος
2979 3114 3165 3181 σώζει,
3217 3107 3371 3185 φόϐῳ
3416 3112 3504 3167 οιαὶ
3535 3113 3729 3187 χάριτι

311 3218 460 3271 mini
485 3216 577 3272 sui
595 3215 658 3271 in
684 3220 983 3273 aeternum.
1016 3217 1207 3271 Amen.
1258 3217 1384 3271 Jam
1415 3216 1594 3287 igitur
1621 3215 1958 3287 accepistis,

2079 3193 2436 3287 παιδαγωγῶν
2464 3195 2888 3287 τὸνάᾶνθρωπον.
2922 3200 2985 3255 Τί
3036 3198 3317 3272 μέλλομεν
3351 3219 3364 3268 ;
3398 3202 3449 3255 τί
3501 3201 3601 3255 οὐκ
3631 3200 3727 3256 ἐκ-

316 3323 349 3361 ο
384 3306 683 3376 homines,
707 3306 946 3377 qualem
968 3310 1369 3376 quantamque
1390 3305 1545 3359 Deus
1560 3304 1810 3376 gratiam
1831 3304 1960 3375 pol-

316 3394 589 3463 liceatur,
624 3410 694 3450 ex
718 3394 907 3450 altera
924 3411 1160 3465 quoque
1189 3398 1377 3466 parte,
1401 3410 1532 3464 qum
1548 3393 1839 3465 supplicia
1858 3394 1963 3448 mi-

316 3488 494 3540 natus
540 3483 741 3552 fuerit,
800 3482 1125 3539 audivistis.
1187 3484 1288 3539 His
1346 3482 1631 3537 Dominus
1687 3482 1760 3537 ad
1805 3482 1966 3537 salu-

317 3577 438 3629 tem
501 3574 683 3643 ducit,
743 3579 804 3628 et
858 3578 1021 3629 metu
1078 3577 1137 3627 et
1190 3572 1380 3645 gratia
1446 3572 1751 3627 hominem
1791 3571 1962 3626 insti-

316 3666 511 3718 tuens.
544 3662 694 3728 Quid
719 3665 1109 3718 cunctamur?
1139 3678 1244 3717 cur
1263 3678 1384 3716 non
1407 3661 1721 3733 effugimus
1745 3660 1966 3732 suppli-

317 3752 476 3806 cium
505 3751 533 3805 ?
561 3768 669 3806 cur
696 3768 817 3807 non
847 3752 1167 3823 recipimus
1193 3750 1417 3806 donum
1445 3750 1473 3804 ‘I
1500 3751 1616 3805 Cur
1644 3754 1841 3805 autem
1872 3766 1963 3817 ea,

318 3856 452 3910 qua:
479 3840 895 3911 praestantiora
924 3844 1082 3908 sunt,
1115 3841 1301 3894 Deum
1344 3838 1573 3895 scilicet
1626 3855 1749 3910 praa
1793 3838 1964 3909 malo,

314 3943 438 3983 non
469 3927 764 3999 eligimus,
796 3931 856 3982 et
883 3928 1338 3983 simulacrorum
1385 3926 1570 3982 cultui
1609 3926 1965 3998 sapientiam

2069 3282 2328 3359 κλίνομεν
2354 3288 2454 3355 τὴν
2505 3284 2733 3342 κόλασιν
2771 3307 2785 3357 ;
2821 3287 2875 3343 τί
2924 3287 2985 3343 οὐ
3016 3287 3432 3363 καταδεχόμεθα
3482 3290 3581 3357 τὴν
3616 3287 3732 3344 δω-

2072 3370 2194 3449 ρεάν
2231 3373 2328 3444 ;τί
2355 3372 2440 3429 δαὶ
2486 3375 2596 3450 οὐχ
2651 3374 2954 3452 αἱρούμεθα
2990 3376 3058 3431 τὰ
3090 3374 3363 3452 βελτίονα,
3416 3378 3547 3431 Θεὸν
3604 3378 3730 3433 ἀντὶ

2070 3467 2171 3517 τοῦ
2200 3466 2461 3538 πονηροῦ,
2492 3463 2582 3518 καὶ
2628 3465 2816 3543 σοφίαν
2853 3462 3281 3540 εῗδωΛολατρίας
3330 3468 3731 3541 προκρίνομεν,

2072 3550 2163 3607 καὶ
2226 3552 2371 3620 ζωήν
2431 3549 3041 3627 ἀντικαταλλασσόμεθα
3098 3554 3355 3627 θανάτῳ;
3433 3553 3574 3611 Ἰδοὺ
3638 3554 3730 3609 τέ-

2075 3650 2225 3703 θεικα
2280 3641 2395 3713 (30)
2451 3639 2557 3715 πρὸ
2612 3638 2910 3714 προσώπου
2972 3641 3146 3713 ὑμῶν,
3205 3639 3362 3718 φησὶ,
3419 3641 3508 3695 τὸν
3566 3643 3731 3705 θάνα-

2072 3748 2164 3783 τον
2205 3728 2293 3782 καὶ
2350 3729 2449 3797 τὴν
2495 3729 2663 3799 ζωήν.
2717 3730 2967 3803 Πειροὶζει
3028 3749 3085 3782 σε
3133 3729 3161 3782 6
3220 3729 3439 3803 Κύριος,
3491 3727 3731 3797 ἐπλὲζα-

2074 3827 2196 3880 σθαι
2251 3817 2351 3886 τὴν
2412 3818 2577 3887 ζωήν.
2637 3812 3014 3890 Συμϐουλεύει
3079 3838 3165 3872 σοι
3219 3818 3295 3879 ὡς
3348 3818 3527 3892 πατὴρ
3589 3821 3731 3892 (31).

2073 3905 2347 3970 πείθεσθαι
2405 3909 2487 3977 τῷ
2541 3910 2658 3978 Θεῷ
2706 3906 2838 3979 (32).
2902 3906 3023 3962 Ἐὰν
3083 3906 3187 3982 γὰρ
3254 3906 3519 3977 ἀκούσητὲ
3574 3927 3682 3981 μου
3714 3951 3732 3978 ,

381 4069 445 4133 is
476 4070 540 4123 P.
574 4071 641 4123 76
671 4069 782 4123 ΕΙ).
817 4068 1111 4137 ΡΟΤΤΕΒ,
1139 4068 1211 4122 60
1238 4068 1351 4140 ΕΙ).
1383 4068 1615 4122 PARIS.
1656 4067 1701 4103 ⁸⁸
1737 4069 1849 4123 Isa.
1899 4085 1963 4123 Lv

2105 4067 2150 4102 9‘
2180 4066 2246 4140 lIf
2275 4067 2404 4140 Cor.
2435 4084 2499 4140 ιι,
2537 4070 2620 4121 t7.
2654 4068 2697 4102 9"
2726 4068 2892 4123 Joau.
2939 4085 3071 4140 xvn,
3106 4072 3209 4134 t2;
3252 4069 3303 4122 II
3331 4068 3533 4124 Thess.
3568 4086 3627 4140 ιι,
3673 4073 3729 4126 3.

321 4142 365 4177 ³⁸
396 4140 599 4197 Matth.
632 4157 708 4208 v1,
740 4141 810 4194 24
837 4156 851 4206 ;
886 4140 1021 4195 Luc.
1053 4155 1165 4206 χιιι,
1196 4141 1282 4194 13.
1307 4138 1352 4174 θ’
1379 4140 1543 4194 Joan.
1578 4156 1632 4207 v,
1667 4140 1753 4195 17.
1787 4140 1803 4173 ¹
1835 4140 1961 4195 Levi

2079 4156 2169 4207 xv,
2194 4139 2284 4192 23.
2316 4139 2338 4172 ²
2365 4140 2389 4192 Ι
2418 4139 2545 4193 Cor.
2580 4155 2637 4206 ιι,
2678 4141 2729 4192 9.

387 4307 497 4376 (22)
546 4301 756 4376 Δίκαιοι
793 4303 1022 4376 ,γένεσθε
1054 4302 1347 4376 .-Ἔσεσθέ
1405 4321 1499 4373 μοι
1558 4298 1756 4376 δίκα-ιρι
1809 4302 1960 4376 Bibl.

316 4370 498 4448 Graio"
525 4377 679 4448 Mox,
716 4370 1030 4448 βαδίσαντες
1081 4372 1378 4448 ἀγοράσατε
1407 4370 1538 4445 pro
1594 4370 1845 4448 βαδίσατε
1874 4373 1963 4427 καὶ

316 4446 401 4517 ἀγ.
422 4446 584 4520 Dein
614 4445 809 4520 φάγετε
838 4464 943 4520 pro
964 4445 1137 4501 πίετε.
1165 4445 1315 4520 Ibid.

388 4516 502 4588 (35)
532 4514 856 4588 «mmet»:
894 4519 1011 4574 Hac
1054 4534 1194 4572 voce
1242 4515 1874 4588 Patresibaptismum,
1907 4522 1965 4571 et

356 4586 564 4643 ratiam
585 4587 889 4658 baptizatis
905 4590 1182 4658 collatam
1204 4586 1423 4658 ubique
1445 4587 1751 4655 denotant,
1777 4588 1963 4658 secuti

356 4603 564 4643 ranam
585 4603 659 4643 na
705 4603 889 4643 uzatls
905 4603 1182 4645 COllamm
1204 4603 1423 4658 umque
1445 4603 1751 4655 aenomnt,
1777 4603 1961 4643 secuti

316 4603 494 4714 ﬁebr.
525 4674 600 4734 γι,
642 4604 722 4711 Ᾱρε
746 4655 1034 4734 Ἀδύνατον
1066 4657 1167 4733 γὰρ
1224 4656 1370 4734 τοὺς⁸
1410 4657 1545 4728 ἅπαξ
1577 4657 1961 4734 φωτισθξντας,

316 4730 681 4803 γευσαμένους
710 4748 768 4782 τε
794 4736 893 4798 τῆς
943 4726 1148 4804 δωρεᾶς
1203 4736 1305 4798 τῆς
1351 4726 1696 4805 ἐπουρανίου,
1727 4729 1817 4783 καὶ
1867 4750 1959 4802 μετ

311 4801 515 4876 τόχους
563 4798 884 4876 γενηθέντας
939 4800 1254 4876 Πνεόματος
1302 4800 1491 4876 ,ἁγίονῂ
1522 4808 1632 4876 etc.
1665 4802 1958 4876 Clemens,

310 4844 529 4944 552%,}.
563 4844 912 4944 l'iii.”{,"c'z§f).
939 4844 1252 4944 ξῖἶέῗᾴἑζ
1292 4844 1366 4925 ιῖέ
1386 4844 1960 4944 tamam:

312 4941 529 5018 λουτρῷ
556 4941 732 5019 μόνῳ,
760 4941 875 5019 καῖ
904 4946 1002 4996 τοῖ’)
1040 4941 1355 5019 Πνεύματος
1383 4945 1451 5015 τῇ
1476 4941 1694 5019 καθόδῳ
1744 4941 1963 5019 ᾁγιάζεὲ-

305 5035 416 5089 τα-ι.
557 5011 993 5088 βαπτιζόμενοι,
1051 5011 1466 5086 υἱοποιοόμεθα·
1521 5011 1959 5089 υἱοποιούμενοι,

305 5083 665 5158 τελειούμεθα

400 5159 491 5226 24)
522 5155 736 5226 Νηκτά.
771 5155 985 5224 Νοητά.
1019 5158 1157 5211 Nov.
1190 5156 1495 5212 mendose.

400 5159 469 5213 24
522 5159 736 5226 Νηκτά.
771 5159 985 5224 Νοητά.
1019 5159 1157 5211 Nov.
1190 5159 1495 5212 mendose.

400 5159 492 5302 25)
539 5231 795 5303 Τρυφαῖς.
856 5228 1157 5303 Hervetus
1189 5233 1248 5281 et
1304 5229 1371 5282 Α.
1427 5226 1660 5303 malunt
1711 5231 1958 5303 τροφαῖς,

307 5297 607 5358 alimentis.
642 5297 804 5373 Svye.
838 5329 914 5373 ——_
936 5298 1048 5353 Sed
1098 5297 1371 5373 Clemens
1423 5302 1652 5373 τρυφαῖς
1696 5297 1864 5371 dixit,
1895 5306 1962 5355 ut

308 5374 539 5429 coniam
572 5371 1018 5429 etafﬂuentiam
1049 5386 1247 5423 rerum
1282 5371 1576 5424 innueret.

404 5447 492 5516 '26)
528 5443 990 5514 Παραταθήσεται.
1200 5442 1377 5507 Flor.,
1412 5442 1611 5513 Sylb.;
1673 5460 1955 5516 παραστα-

307 5513 549 5584 eadem,
576 5516 917 5579 Heinsiana,
938 5519 996 5567 et
1024 5513 1269 5584 reliqua:
1294 5519 1428 5584 post
1457 5530 1585 5568 eam
1619 5514 1785 5568 editt.
1810 5515 1959 5569 Vera

304 5582 479 5642 lectio
512 5588 742 5643 videtur
770 5587 974 5658 fuisse,
1010 5582 1071 5636 οὐ
1103 5582 1461 5658 πραθήσεται,
1489 5601 1667 5657 quam
1721 5586 1960 5658 exhibet

303 5662 440 5732 Nov.
475 5660 747 5715 Clemens
780 5656 1212 5732 enimnrespiCit
1262 5659 1438 5714 Levit.
1474 5656 1603 5726 xxv,
1636 5660 1700 5711 23
1728 5674 1741 5712 :
1791 5656 1856 5712 Ἡ
1885 5663 1953 5732 γῆ

303 5731 366 5785 οὗ
399 5733 734 5807 πραθήσεται
772 5727 849 5790 είς
887 5722 1200 5802 βεϐαίωσιν.

1997 4626 2045 4691 D

2143 4302 2255 4372 (27)
2300 4303 2587 4375 Κυροῦται.
2633 4302 2843 4375 Aptius
2901 4305 3169 4375 κηροῢται
3225 4305 3463 4360 vitiatur
3496 4347 3511 4373 ,
3564 4304 3727 4361 ladi-

2071 4378 2185 4444 tur,
2215 4390 2253 4427 a
2281 4373 2389 4447 κήρ
2433 4388 2601 4428 noxa.
2654 4373 2945 4447 Ut_apudi
2978 4373 3335 4447 Hesychium
3372 4391 3631 4447 quoque,
3662 4395 3725 4430 κε

2071 4441 2412 4516 κηρωμένη,
2472 4441 2865 4515 κεκακωμένη,
2926 4441 3200 4501 ὃγιιιῑῖιιϐ.
3261 4477 3327 4490 -
3386 4441 3724 4503 Sed-nulla

2072 4516 2401 4571 mutatione
2435 4532 2584 4585 opus
2616 4521 2722 4571 est.

2148 4588 2260 4657 (28)
2292 4586 2442 4641 Ἐστι
2474 4582 2548 4638 δὲ
2592 4588 2682 4655 σή.
2740 4588 2815 4659 Α.
2865 4582 2975 4639 ἔστι
3034 4582 3091 4639 δὲ
3144 4587 3235 4641 καὶ
3285 4588 3375 4657 σή,
3433 4598 3516 4645 est
3570 4604 3718 4659 tero,

2075 4666 2126 4714 et
2153 4667 2267 4713 tua.
2302 4659 2461 4711 εγω.
2495 4690 2563 4697 ——
2589 4660 2773 4723 Quam
2804 4658 3119 4713 lectionem
3142 4661 3340 4714 firmat
3370 4661 3506 4714 Nov.
3535 4658 3717 4715 Paulo

2070 4736 2229 4799 ante,
2262 4733 2415 4799 itaqu
2438 4730 2722 4784 omittunt
2760 4729 2908 4783 Bibl.
2939 4732 3120 4785 Graec.

2141 4795 2248 4871 (29)
2281 4800 2348 4856 Οἱ
2378 4795 2435 4853 δὶ
2464 4799 2553 4873 ἅγ.
2585 4800 3124 4873 δὶωίιὶαᾳιιωάιιηι
3171 4807 3493 4857 occurrunt
3544 4803 3715 4858 Prov.

2069 4870 2156 4942 ιιι,
2183 4875 2273 4939 35,
2308 4873 2417 4927 Isa.
2448 4870 2573 4937 ωιν,
2606 4874 2658 4925 9.
2716 4870 2923 4943 Verba
2948 4872 3093 4940 haec,
3126 4876 3193 4943 ut
3217 4874 3416 4943 etiam
3459 4889 3549 4941 ea,
3582 4890 3714 4943 quae

2110 4940 2244 4999 aulo
2274 4948 2408 5015 post
2423 4946 2763 5016 occurrunt2
2780 4942 3117 5016 χαρήσονται
3137 4940 3246 5014 ini,
3266 4950 3401 5010 etc.,
3427 4940 3714 4999 hactenus

2091 5013 2293 5086 rustra
2317 5013 2988 5086 quasivi.iConf."A'poc.
3014 5032 3094 5083 ιι,
3127 5018 3213 5069 15.

2140 5087 2249 5155 (30)
2279 5083 2420 5139 Ἰδοὺ
2446 5086 2556 5148 tto.
2592 5085 2728 5140 Hinc
2757 5083 2971 5157 Moisis
3001 5091 3062 5141 et
3096 5086 3262 5157 Isaiae
3294 5084 3452 5140 dicta
3481 5085 3715 5152 eodem,

2068 5173 2185 5228 quo
2217 5156 2509 5225 Clemens,
2541 5172 2724 5211 sensu
2754 5156 2891 5212 ante
2913 5156 3083 5213 illum
3106 5156 3376 5228 exhibuit
3402 5158 3618 5228 Justin,
3644 5159 3715 5212 Μ.

2066 5223 2218 5300 Apol.
2252 5245 2289 5295 ι,
2323 5223 2589 5300 (δηξόη).
2620 5229 2712 5293 84,
2746 5229 2833 5281 85.
2876 5229 3057 5283 Porro
3103 5223 3312 5283 δεδωκα
3352 5246 3456 5300 pro
3507 5226 3718 5293 τὲθέικα

2067 5298 2291 5371 habent
2320 5298 2467 5353 Bibl.
2504 5299 2597 5371 Gr.
2632 5301 2915 5354 Neutrum
2942 5302 3216 5371 agnoscit
3251 5298 3469 5356 Justin.

2137 5370 2249 5444 (3t)
2284 5370 2370 5430 Ὠς
2403 5369 2604 5444 πατήρ.
2643 5371 2911 5444 Justinus
2941 5368 3071 5426 lo'co
3101 5373 3382 5444 superius
3414 5372 3593 5437 dicto,
3624 5368 3720 5444 Διὰ

2137 5388 2249 5440 (31)
2300 5388 2370 5430 υς
2403 5388 2544 5437 πατη
2592 5411 2604 5423 .
2643 5388 2911 5426 Jusunus
2944 5388 3071 5426 loco
3104 5388 3382 5444 superius
3414 5388 3593 5437 uicto,
3624 5388 3717 5425 Δια

2065 5437 2307 5515 Ἠσαίου,
2339 5388 2683 5515 τοῦ-ἐτέρου.
2725 5441 3037 5515 προφήτου,
3082 5442 3156 5503 ὡς
3204 5443 3311 5497 ἀπὸ
3363 5446 3460 5497 τοῦ
3510 5443 3717 5514 Πατρός

2063 5514 2170 5585 τῶν
2204 5510 2350 5565 ὅλων
2380 5511 2467 5585 καὶ
2522 5508 2785 5565 δεσπότου
2817 5508 2971 5566 Θεὸν.
3012 5508 3109 5584 ῥεῖ
3138 5517 3367 5580 Isaiam,
3401 5508 3720 5585 prophetam

2065 5532 2170 5564 των
2204 5532 2350 5565 om»:
2380 5532 2467 5565 και
2522 5532 2785 5565 οεσποτου
2817 5532 2971 5566 UEO'J.
3012 5532 3109 5584 per
3138 5532 3367 5580 ιδαῑίιηι,
3441 5532 3718 5585 ropncmm

2065 5584 2265 5711 (stium,
2308 5584 2454 5640 velut
2485 5601 2518 5639 a
2547 5586 2716 5640 Patre
2766 5600 2954 5640 rerum
3000 5585 3248 5641 omnium
3280 5592 3333 5643 et
3372 5532 3718 5641 agminatore

2112 5671 2194 5711 eo.

2112 5671 2194 5712 80.

2137 5729 2249 5801 (32)
2306 5723 2585 5780 Πείθεσθαι
2651 5730 2731 5797 τῷ
2788 5734 2870 5783 Θ.
2922 5723 3175 5788 Πείθεσθε
3229 5729 3309 5797 τῷ
3367 5729 3517 5798 Θεῷ,
3578 5728 3721 5781 Nov.
