4026 6140
285 284 399 339 215

1539 278 1944 332 CLEMENTIS
1981 281 2486 340 ALEXANDRINI

3601 277 3712 332 216

279 425 379 465 ros
412 407 572 463 enim
596 406 831 477 oportet
851 400 1119 472 esse,qui
1141 399 1355 455 cmlum
1369 400 1722 466 ascendunt,
1758 402 1941 456 Homo

2067 403 2235 480 φέρων
2407 407 2508 475 τήν
2556 407 2851 475 ἀπείθειαν,
2882 403 2995 478 ὅσῳ
3031 424 3094 480 γε
3122 402 3535 481 φρονιμώτερος
3575 399 3711 454 εἶναι

285 513 421 553 cum
448 496 551 564 sis,
575 493 812 565 require
839 490 997 561 quod
1026 490 1391 544 estmaxime
1420 504 1755 555 commune,
1787 507 1949 558 eum,-

284 604 321 642 a
349 602 466 657 quo
497 588 730 640 creatus
761 597 842 637 es.
876 579 1059 634 Filius
1084 596 1220 633 cum
1250 580 1355 647 sis,
1397 594 1651 645 agnosce
1682 578 1841 648 quod
1860 584 1950 634 est

288 674 546 732 maxime
576 670 905 743 proprium,
930 673 1096 723 tuum
1121 668 1349 723 scilicet
1371 671 1622 739 patrem.
1645 668 1727 722 Tu
1748 671 1947 723 autem

286 761 687 834 voluptatibus
707 759 1002 825 addictus,
1025 761 1084 813 et
1105 758 1272 828 quasi
1298 757 1704 827 illiquescens,
1741 757 1951 813 etiam-

288 869 436 909 num
469 852 530 907 in
562 850 822 923 peccatis
852 864 1168 921 permanes
1189 847 1217 901 ‘I
1260 848 1364 902 Cui
1419 846 1577 902 dicet
1620 848 1947 903 Dominus:

294 944 552 999 Vestrum
590 947 667 995 est
712 954 941 1009 regnum
972 937 1225 993 calorum
1254 939 1282 991 ?
1310 936 1331 971 ³
1362 938 1638 991 Vestrum
1674 942 1786 1005 est,
1819 936 1949 1008 qui-

288 1032 402 1088 bus
432 1032 549 1086 Deo
567 1045 775 1101 parere
800 1025 1171 1098 propositum
1200 1030 1310 1093 est,
1340 1026 1389 1081 si
1418 1026 1650 1093 velitis;
1689 1032 1950 1081 vestrum

290 1122 558 1191 inquam,
592 1117 767 1173 modo
792 1115 986 1169 velitis
1027 1114 1291 1182 credere,
1339 1120 1399 1169 et
1424 1114 1950 1187 [compendiariam

288 1206 728 1281 praedicationis
747 1206 903 1260 viam
934 1204 1102 1275 sequi
1125 1221 1137 1258 :
1161 1204 1255 1259 cui
1277 1203 1755 1275 obtemperantes
1781 1204 1942 1259 Nini-

287 1300 441 1366 vitaa,
456 1301 588 1353 acta
604 1296 835 1350 sincere
855 1293 1210 1365 paenitentia
1230 1297 1633 1364 exspectatum
1656 1291 1951 1348 excidium

287 1386 693 1461 pulcherrima
749 1383 940 1438 salute
991 1387 1521 1437 commutaverunt.
1577 1384 1702 1447 Qua
1751 1382 1949 1454 igitur,

288 1477 508 1548 inquit,
539 1475 771 1530 ratione
797 1472 1023 1544 patebit
1051 1472 1197 1525 mihi
1227 1471 1302 1525 ad
1330 1472 1547 1526 caalnm
1579 1471 1775 1527 aditus
1795 1471 1823 1525 ?
1850 1473 1954 1525 Via

294 1572 386 1622 est
414 1565 698 1621 Dominus
720 1564 742 1598 ⁹
765 1579 779 1616 :
804 1567 1039 1631 angusta
1060 1561 1103 1595 ¹⁰
1125 1560 1388 1630 quidem,
1409 1560 1513 1615 sed
1536 1577 1666 1631 quae
1688 1561 1873 1631 efcazlo
1906 1562 1950 1595 ίί

292 1655 455 1710 venit
478 1673 491 1721 ;
511 1657 761 1725 angusta
781 1650 1046 1721 quidem,
1067 1650 1171 1704 sed
1183 1666 1314 1720 qum
1336 1649 1409 1704 ad
1431 1649 1647 1705 caalum
1671 1650 1949 1716 remittit;

2057 489 2218 563 δόξει,
2269 495 2405 568 πρὸς
2452 495 2933 568 κακοῦὴσόνεσος
2965 493 3134 563 αὐτῷ’
3189 489 3271 545 ὅτι
3324 493 3395 556 τῇ
3449 490 3710 564 φρονήσει

2054 578 2320 658 κέχρηται
2361 583 2676 659 κατηγόρῳ,
2705 584 2768 638 τὸ
2798 583 3079 658 βέλτιστον
3113 580 3221 654 οὐχ
3270 576 3556 652 ἐλόμενος.
3599 577 3711 631 1ιέ-

2056 692 2188 748 φυκε
2215 672 2316 747 γὰρ
2347 670 2535 736 ἄλλως
2570 674 2597 727 ὁ
2630 672 2915 748 ἄνθρωπος
2967 672 3102 743 (67)·
3136 667 3353 729 οἰκείως
3402 662 3547 742 ἔχειν
3599 667 3715 739 (68)

2054 761 2190 834 πρὸς
2231 760 2382 819 Θεόν.
2429 764 2634 839 ’Ὠσπερ
2688 759 2779 816 οῦν
2836 760 2928 815 τὸν
2975 757 3146 813 ’ίππον
3203 757 3367 831 ἀροῦν
3413 755 3477 811 οὐ
3526 754 3716 830 βιαζό-

2057 861 2216 923 μεθα,
2285 848 2411 906 οὐδὲ
2461 852 2555 907 τὸν
2611 853 2811 925 ταῦρον
2869 851 3200 923 κυνηγετεῖν,
3249 846 3388 921 πρὸς
3434 845 3464 899 ὃ
3511 844 3715 921 πέφυκε

2057 936 2116 994 δὲ
2140 935 2366 995 ἕκαστον
2412 944 2521 995 τῶν
2570 941 2724 1010 ζώων
2765 934 3148 1015 περιέλκομεν·
3183 933 3355 996 οὕτως
3384 932 3580 1007 ἀμέλει
3624 931 3715 987 καί

2054 1028 2145 1082 τὸν
2192 1025 2473 1105 ἄνθρωπον
2507 1028 2615 1101 ,ἐπὶ
2655 1030 2755 1100 τὴν
2807 1027 3039 1103 οὐρανοῦ
3095 1023 3387 1101 γενόμενον
3439 1020 3581 1094 θέαν,
3615 1043 3718 1100 φυ-

2053 1117 2148 1173 τὸν
2175 1117 2432 1194 οὐράνιον
2466 1120 2581 1192 (69)
2609 1122 2684 1181 ὡς
2718 1116 2962 1188 ἀληθῶς,
2991 1114 3080 1171 ἐπὶ
3132 1114 3233 1183 τὴν
3286 1117 3484 1188 γνῶσιν
3536 1130 3716 1185 παρα-

2055 1204 2330 1280 καλοῦμεν
2378 1211 2476 1263 τοῦ
2532 1211 2687 1276 Θεοῦ,
2718 1206 2782 1262 τὸ
2834 1205 3040 1260 οἰκεῖον
3093 1202 3260 1258 αὐτοῦ
3307 1200 3400 1256 καὶ
3450 1199 3718 1275 ἐξαίρετον

2054 1296 2145 1351 καὶ
2199 1294 2555 1371 ἶδιωματικὸν
2588 1295 2831 1371 παρᾶτά
2890 1293 3036 1350 ἄλλα
3092 1297 3204 1362 ζῶα
3252 1290 3716 1364 κατειλημμένοι,

2058 1381 2317 1461 αὔταρκες
2398 1384 2614 1460 ἐφόδιον
2700 1385 2908 1439 αἰώνων
2938 1429 2953 1454 ,
3010 1376 3315 1437 θεοσέϐειαν
3369 1381 3480 1455 (70)
3537 1400 3715 1455 παρα-

2058 1472 2435 1543 πευνάζεσθαι
2495 1469 2986 1547 συμϐουλεύοντες.
3050 1474 3287 1546 Γεώργει
3323 1513 3337 1539 ,
3388 1466 3561 1546 φαμὲν
3596 1511 3610 1537 ,
3666 1466 3714 1522 εἰ

2055 1564 2301 1639 γεωργὸς
2350 1564 2414 1618 εἶ’
2476 1560 2625 1618 ἀλλὰ
2679 1563 2853 1637 γνῶθι
2912 1561 3003 1616 τὸν
3058 1560 3212 1628 Θεὸν,
3269 1563 3549 1634 γεωργῶ-δ’
3610 1556 3714 1614 Καὶ

2057 1649 2230 1717 πλῆθι
2261 1654 2373 1726 (71)
2403 1652 2431 1706 ὁ
2460 1658 2561 1721 τῆς
2600 1649 2882 1714 ναυτιλίας
2922 1649 3079 1724 ἐρῶν,
3108 1646 3257 1703 ἀλλὰ
3304 1648 3396 1702 τὸν
3456 1647 3709 1720 οὐράνιον

296 1747 571 1815 angusta,
593 1746 653 1796 et
673 1756 790 1812 qua
809 1738 964 1794 nihil
984 1743 1075 1793 est
1092 1739 1155 1792 in
1178 1738 1352 1793 terris
1374 1739 1806 1811 contemptius;
1831 1739 1951 1794 lata

2067 1736 2398 1812 κυϐερνήτην
2455 1743 2806 1816 παρακαλῶν·
2866 1736 3290 1813 στρατευόμενόν
3338 1756 3395 1791 σε
3451 1732 3714 1805 κατείλη-

296 1839 500 1888 tamen
531 1830 761 1897 eadem,
788 1832 847 1883 et
876 1828 938 1882 in
963 1827 1127 1883 caelis
1156 1826 1355 1882 divino
1378 1828 1541 1883 cultu
1572 1828 1832 1900 dignata.
1858 1832 1952 1884 In-

296 1926 462 1976 terea
487 1920 588 1991 qui
614 1918 685 1973 de
718 1917 906 1973 Verbo
935 1916 1022 1971 nil
1042 1932 1309 1987 unquam
1344 1916 1586 1985 audivit,
1621 1919 1672 1973 is
1703 1924 1953 1992 propter

299 2007 921 2083 ignorantiamerroris
949 2006 1182 2061 veniam
1212 2007 1634 2077 consequitur;
1668 2010 1768 2080 qui
1816 2026 1951 2065 vero

298 2099 542 2154 auribus
562 2096 791 2167 accepit
805 2100 865 2151 et
883 2094 1154 2167 consulto
1178 2100 1375 2149 tamen
1399 2095 1768 2152 incredulam
1784 2115 1952 2153 men-

297 2193 418 2243 tem
443 2187 613 2259 gerit,
638 2201 753 2256 quo
776 2184 1072 2239 videbitur
1091 2200 1221 2239 esse
1244 2184 1618 2255 prudentior,
1642 2202 1744 2242 eos
1768 2189 1955 2260 magis

291 2278 404 2348 ipsi
436 2292 544 2331 sua
571 2274 828 2347 cognitio
850 2274 1127 2338 nocebit;
1155 2289 1292 2328 cum
1318 2273 1447 2344 ipsa
1471 2290 1607 2329 eum
1630 2276 1958 2346 prudentia

292 2365 671 2430 condemnet,
686 2363 845 2435 quod
865 2362 1156 2434 optimum
1174 2361 1373 2425 >X<non
1396 2362 1660 2434 elegerit.
1684 2366 1957 2422 Estenim

294 2455 519 2527 altoqui
551 2470 586 2509 a
614 2458 837 2508 natura
862 2451 1095 2507 homini
1113 2451 1383 2519 insitum,
1411 2457 1479 2507 ut
1506 2452 1558 2507 ei
1581 2454 1853 2523 quasdam
1882 2456 1960 2510 sit

297 2561 433 2601 cum
466 2545 584 2599 Deo
614 2541 980 2613 conjunctio.
1026 2542 1108 2595 Ac
1153 2540 1402 2611 proinde
1454 2542 1957 2612 quemadmodum

301 2649 522 2705 equum
551 2648 671 2687 non
702 2631 968 2703 cogimus
999 2645 1192 2698 arare,
1223 2645 1417 2700 neque
1468 2634 1703 2686 taurum
1732 2634 1957 2705 venari,

302 2723 377 2779 ad
406 2722 467 2777 id
498 2726 717 2787 autem,
748 2720 821 2775 ad
853 2717 1011 2791 quod
1059 2724 1275 2774 natura
1322 2724 1523 2791 aptum
1575 2726 1684 2790 est,
1734 2723 1961 2781 animal

298 2809 767 2880 unumquodque
782 2808 1103 2864 trahimus:
1125 2808 1209 2862 sic
1233 2823 1375 2863 sane
1398 2809 1705 2865 hominem
1726 2827 1739 2865 :
1758 2812 1859 2882 qui
1885 2811 1961 2867 ad

305 2897 872 2969 contemplationem
928 2895 1062 2950 coeli
1119 2900 1315 2963 natus,
1373 2902 1432 2951 et
1470 2896 1645 2967 plane
1704 2900 1960 2955 caelestis

307 2989 514 3061 planta
544 2990 653 3053 est,
678 2983 738 3038 id
771 2982 929 3053 quod
958 2984 1021 3037 in
1052 2984 1180 3054 ipso
1211 2983 1369 3038 inest
1409 3001 1530 3055 prae
1562 2986 1791 3041 caeteris
1824 2989 1957 3043 ani-

300 3075 605 3133 mantibus
634 3072 935 3145 peculiare
983 3076 1159 3142 atque
1201 3071 1484 3128 eximium
1532 3080 1857 3146 sumentes,
1889 3083 1956 3132 ut

300 3168 487 3220 Deum
517 3165 852 3235 cognoscat,
885 3165 944 3215 et
971 3160 1248 3215 viaticum
1280 3160 1391 3215 sibi
1421 3162 1481 3216 in
1514 3164 1715 3219 omnia
1738 3167 1954 3221 saecula

301 3254 691 3309 suffecturum
713 3255 1038 3321 comparet,
1062 3250 1371 3304 hortamur
1386 3266 1453 3305 ac
1480 3251 1819 3308 suademus.
1849 3256 1951 3321 Da,

2061 1851 2153 1909 φεν
2195 1832 2231 1900 ἡ
2273 1833 2526 1905 γνῶσιςς
2584 1833 2680 1883 τοῦ
2739 1825 2917 1883 δίκαια
2979 1825 3342 1900 σημαίνοντος
3400 1827 3514 1899 (72)
3558 1822 3721 1909 ἄκουε

2060 1922 2400 1995 στρατηγοῦ.
2464 1919 2712 1994 Καθάπερ
2772 1918 2864 1972 οῦν
2920 1918 3071 1991 κάρῳ
3124 1915 3215 1970 καὶ
3277 1914 3413 1989 μέθῃ
3478 1908 3720 1991 βεϐαρη-

2064 2008 2240 2082 μένοι,
2293 2007 2621 2082 ἀνανήψατε,
2678 2007 2767 2062 καὶ
2828 2001 3214 2079 διαϐλέψαντες
3272 2001 3483 2078 ὀλίγον,
3531 2003 3719 2073 ἐννοή-

2060 2109 2191 2167 θητε
2218 2096 2272 2151 τί
2303 2094 2555 2152 θέλουσιν
2609 2096 2734 2170 ὑμῖν
2780 2096 2837 2149 οἱ
2887 2092 3356 2170 προσκυνούμενοι
3410 2090 3577 2160 λίθοι,
3627 2090 3720 2145 καὶ

2060 2184 2094 2240 ἅ
2122 2185 2245 2261 περὶ
2283 2187 2384 2255 τὴν
2414 2184 2551 2257 ὕλην
2598 2182 2979 2246 κενοσπούδως
3022 2181 3310 2239 δαπανᾶτε.
3361 2180 3454 2243 Εἷς
3503 2178 3721 2256 ἄγνοιαν

2059 2276 2150 2331 καὶ
2206 2277 2274 2330 τὰ
2303 2276 2567 2351 χρήματα
2608 2274 2699 2329 καὶ
2752 2275 2841 2330 τὸν
2899 2275 3042 2350 βίον,
3089 2274 3164 2337 ὡς
3209 2273 3272 2326 τὸ
3307 2275 3399 2345 ζῇν
3457 2270 3609 2343 ὑμῶν
3645 2268 3722 2331 εἷς

2069 2366 2292 2431 θάνατον
2353 2363 2791 2433 καταναλίσκετε,
2848 2368 3015 2419 τοῦτο
3086 2362 3250 2437 μόνον
3317 2364 3415 2427 τῆς
3493 2359 3724 2434 ματαίας

2064 2453 2216 2526 ὑμῶν
2252 2451 2479 2516 ἐλπίδος
2532 2454 2822 2529 εὑράμενοι
2869 2453 2932 2508 τὸ
2980 2454 3165 2527 πέρας
3217 2448 3342 2507 οὐδὲ
3379 2450 3576 2512 αὐτούς
3619 2442 3725 2504 οἷοί

2061 2563 2122 2597 τε
2152 2538 2302 2605 ὄντες
2353 2541 2641 2617 οἷκτεῖραι,
2693 2541 2824 2613 ἀλλ,
2856 2540 2983 2598 οὐδὲ
3027 2547 3147 2603 τοῖς
3190 2538 3540 2596 κατελεοῦσιν
3586 2540 3728 2612 ὑμᾶς

2062 2637 2166 2701 τῆς
2223 2628 2441 2702 πλάνης
2499 2629 2804 2703 ἐπιτήδειοι
2858 2630 3132 2695 πείθεσθαι
3190 2628 3422 2705 γίνεσθε,
3475 2628 3732 2700 συνηθείᾳ

2063 2723 2206 2794 κακῇ
2264 2717 2726 2794 δεδουλῳμενοῖ,
2783 2722 2850 2790 ἧς
2911 2720 3341 2796 ἀπηρτημένοι,
3401 2716 3728 2793 αὐθαίρετοι,

2073 2810 2239 2885 μέχρι
2271 2816 2372 2879 τῆς
2419 2808 2657 2884 ἐσχάτης
2717 2811 3010 2879 ἀναπνοῆς,
3072 2808 3148 2870 είς
3200 2806 3477 2863 ἀπώλειαν
3531 2804 3732 2883 ὑποφέ·

2069 2911 2243 2974 ρεσθε’
2301 2901 2425 2957 ’Ὁτι
2482 2900 2544 2954 τὸ
2602 2903 2714 2978 φῶς
2766 2898 3031 2970 ἐλήλυθεν
3084 2898 3163 2961 εἰς
3214 2898 3308 2953 τὸν
3366 2896 3726 2969 κόσμον,καῖ

2066 2989 2351 3064 ήγάπησυν
2391 2990 2443 3043 οἱ
2477 2988 2756 3064 ἅνθρωποι
2817 2986 3033 3062 μᾶλλον
3075 2987 3138 3043 τὸ
3170 2986 3360 3049 σκότος
3408 2987 3444 3056 ἢ
3474 2985 3537 3040 τὸ
3587 2988 3724 3063 φῶς*

2069 3078 2185 3148 ἐξὸν
2226 3077 2605 3151 ἀπομάξασθαι
2651 3078 2720 3133 τά
2766 3074 3025 3150 ἐμποδὼν
3059 3078 3127 3149 τῇ
3183 3075 3446 3149 σωτηρίᾳ,
3497 3072 3585 3129 καὶ
3632 3073 3725 3127 τὸν

2062 3165 2258 3244 τῦφον,
2314 3166 2403 3221 καὶ
2450 3167 2545 3221 τὸν
2588 3165 2853 3236 πλοῦτον,
2903 3166 2993 3220 καὶ
3035 3166 3125 3221 τὸν
3159 3160 3350 3243 φόϐον,
3398 3162 3727 3240 ἐπιφθεγγο-

2069 3256 2262 3328 μένους
2289 3255 2353 3310 τὸ
2375 3256 2663 3326 ποιητικὸν
2695 3253 2762 3325 δή
2793 3259 2975 3310 τοῦτο’

304 3343 582 3413 inquam,
617 3338 993 3412 agriculturae
1024 3354 1286 3410 operam,
1324 3340 1372 3393 si
1405 3340 1663 3412 agricola
1686 3358 1748 3396 es
1782 3364 1796 3408 ;
1830 3343 2071 3400 interim
2106 3346 2248 3401 dum
2278 3363 2451 3419 agros
2482 3346 2650 3413 colis,
2684 3347 2871 3401 Deum
2901 3362 3212 3419 cognosce.
3244 3344 3475 3414 Naviga,
3499 3341 3600 3413 qui
3627 3341 3717 3395 rei

308 3432 567 3487 nauticas
600 3428 838 3484 deditus
871 3444 934 3482 es
968 3445 981 3492 ;
1025 3444 1146 3482 non
1194 3433 1331 3483 ante
1383 3433 1605 3501 tamen,
1640 3447 1818 3502 quam
1863 3433 2164 3489 caalestem
2212 3434 2673 3507 gubernatorem
2726 3435 3111 3490 invocaveris.
3145 3432 3499 3488 Militantem
3534 3435 3590 3484 te
3619 3429 3727 3484 de-

310 3519 631 3593 p'rrehendit
659 3517 962 3590 cognitio?
991 3516 1126 3572 audi
1158 3517 1602 3589 imperatorem,
1628 3521 1729 3591 qui
1761 3522 1845 3575 nil
1884 3522 2013 3589 tibi,
2047 3523 2165 3577 nisi
2199 3523 2357 3595 quod
2391 3523 2623 3595 justum
2675 3528 2785 3591 est,
2834 3524 3108 3595 imperat.
3141 3521 3398 3577 Proinde
3441 3527 3725 3590 tanquam

304 3606 439 3666 vino
492 3626 557 3664 ac
608 3623 819 3680 sopore
867 3607 1114 3679 gravati,
1145 3606 1336 3662 redite
1390 3609 1628 3665 tandem
1682 3610 1756 3665 ad
1812 3613 2243 3683 vosmetipsos:
2300 3614 2641 3684 apertisque
2699 3613 3138 3684 aliquantulum
3188 3611 3398 3679 oculis,
3449 3609 3721 3681 dispicite

305 3698 560 3771 lapides,
594 3697 695 3768 qui
726 3713 761 3752 a
790 3695 954 3751 vobis
1006 3696 1305 3765 coluntur,
1339 3702 1398 3752 et
1428 3704 1719 3771 sumptus,
1764 3717 1913 3771 quos
1944 3701 2005 3755 in
2030 3702 2343 3757 materiam
2374 3702 2595 3758 frustra
2624 3702 2992 3774 impenditis,
3021 3702 3307 3773 quidnam
3357 3700 3469 3756 sibi
3519 3698 3721 3753 velint.

304 3789 456 3859 Opes
488 3790 733 3852 vestras,
766 3801 833 3840 ac
861 3785 1174 3840 facultates
1205 3787 1264 3840 in
1298 3786 1717 3859 ignorantiam,
1750 3790 2253 3860 quemadmodum
2284 3793 2475 3863 ipsam
2506 3809 2741 3863 quoque
2790 3793 2967 3847 vitam
3000 3793 3062 3847 in
3092 3797 3343 3847 mortem
3397 3787 3723 3857 effunditis,

308 3881 487 3945 atque
518 3874 580 3928 in
611 3873 723 3927 hac
754 3872 882 3927 sola
910 3889 1073 3928 vanae
1101 3878 1309 3929 vestrm
1339 3876 1465 3945 spei
1497 3876 1677 3931 ﬁnem
1710 3878 2006 3949 reperitis.
2033 3879 2279 3935 Interim
2321 3880 2467 3935 adeo
2516 3881 2838 3951 mancipati
2869 3897 3061 3952 pravae
3110 3877 3528 3936 consuetudini
3560 3875 3723 3943 estis,

304 3968 373 4018 ut
397 3978 510 4017 nec
541 3965 801 4016 vestrum
832 3961 948 4031 ipsi
992 3962 1284 4030 misereri,
1316 3978 1512 4034 neque
1542 3964 1658 4032 his,
1700 3982 1848 4036 quos
1909 3967 2215 4023 misertum
2278 3974 2366 4025 est
2394 3970 2569 4024 vestri
2625 3969 2862 4037 erroris,
2894 3986 3121 4025 morem
3178 3985 3382 4042 gerere
3434 3965 3675 4039 possitis
3707 3982 3722 4031 ;

303 4067 509 4107 verum
548 4066 617 4106 ea
644 4049 941 4120 suspensi,
973 4048 1047 4103 ad
1079 4054 1407 4106 extremum
1455 4068 1644 4124 usque
1680 4054 1952 4125 spiritum
1998 4056 2154 4113 ultro
2206 4058 2267 4112 in
2310 4060 2637 4130 perniciem
2686 4063 2935 4114 vestram
2982 4059 3176 4114 ruitis.
3229 4060 3348 4113 Lux
3383 4058 3534 4112 enim
3579 4055 3734 4110 venit

302 4145 362 4199 in
395 4141 684 4208 mundum,
715 4139 808 4197 sed
836 4138 1161 4196 dilexerunt
1190 4143 1443 4198 homines
1468 4143 1655 4214 potius
1685 4146 1941 4202 tenebras
1970 4164 2138 4219 quam
2170 4149 2343 4204 lucem
2378 4150 2423 4186 ¹²
2453 4166 2465 4204 :
2520 4165 2655 4205 cum
2696 4165 2785 4217 ea,
2824 4166 2954 4221 quae
2987 4150 3163 4206 saluti
3194 4149 3452 4217 obstant,
3480 4146 3725 4211 fastum,

303 4237 363 4287 et
387 4230 642 4298 divitias,
674 4234 735 4286 et
764 4229 1063 4297 timorem,
1096 4229 1208 4285 hoc
1238 4228 1395 4286 dicto
1434 4232 1664 4303 poetico
1696 4234 2031 4308 abstergere
2066 4236 2370 4293 licuisset:

372 4351 497 4418 Quo
521 4348 643 4403 Iam
673 4345 773 4401 has
820 4345 1068 4417 ingentes
1115 4360 1239 4416 opes
1288 4345 1405 4416 fero
1437 4349 1463 4400 .’
1508 4363 1615 4420 quo
1665 4356 1851 4404 autem
1896 4355 1952 4404 et

374 4490 524 4544 Erro
544 4490 570 4541 .’
1743 4422 1883 4493 [ipse

2132 4350 2215 4419 Πῆ
2264 4347 2330 4419 δὴ
2383 4352 2494 4425 (73)
2545 4352 2807 4425 χρήματα
2870 4348 3055 4407 πολλᾶ
3093 4351 3242 4426 φέρω
3288 4346 3415 4405 τάδε
3446 4367 3459 4419 ;
3489 4356 3599 4426 -πῆ
3659 4348 3723 4405 δὲ

3300 4426 3414 4497 [καί
3445 4421 3606 4484 αὐτὸς

2133 4490 2422 4564 Πλάζομαι
2456 4511 2470 4562 ;

376 4658 445 4734 >11
462 4654 636 4734 nso
659 4653 781 4734 so,
804 4653 1099 4734 rprrER,
1134 4655 1202 4709 63
1235 4656 1348 4711 ED.
1382 4657 1612 4713 riuus.
1645 4657 1667 4691 ο
1697 4658 1899 4713 Matth.
1934 4676 1951 4713 η

2067 4703 2071 4720 ,
2106 4662 2192 4715 10.
2225 4660 2247 4695 ⁰
2282 4661 2449 4717 Joan.
2500 4678 2617 4730 xxv,
2650 4666 2701 4716 6.
2739 4662 2782 4700 ¹⁰
2811 4664 3012 4719 Matth.
3045 4681 3141 4734 vn,
3176 4668 3263 4733 13,
3315 4666 3400 4719 14.
3447 4668 3489 4701 ﬂ
3544 4667 3709 4721 Joan.

307 4742 390 4796 Ill,
425 4726 512 4797 13,
546 4726 634 4779 31.
666 4724 711 4760 ¹²
738 4722 888 4778 Ibid.
923 4724 1009 4779 19.

375 4904 487 4983 (βξ)
514 4900 729 4983 ξιζέεων.
754 4900 914 4983 Φέρει
947 4904 1086 4983 Nov.
1119 4905 1530 4983 Mox.ic_al_§'eq;
1567 4926 1630 4981 γε
1659 4926 1753 4983 φρ.
1789 4908 1948 4964 SYLB.

375 4973 487 5049 (67)
514 4974 576 5049 fg
599 4973 1111 5049 iivOp._Art_iculum
1144 4976 1364 5030 omittit
1387 4973 1524 5035 Nov'.

372 5043 483 5119 (68)
513 5043 722 5122 ’Έχιινζ
753 5044 843 5099 Sic
874 5043 1191 5122 legendum
1221 5063 1327 5122 pro
1359 5049 1587 5121 vulgato
1634 5044 1772 5122 ἔχει.
1816 5051 1947 5105 SYL-

299 5116 474 5174 nunc.
501 5116 785 5175 —‘Quam
818 5116 1249 5171 correctionem
1280 5116 1485 5174 firmat
1501 5122 1638 5175 Nov.

372 5189 485 5262 (69)
516 5187 692 5264 Φυτρν
722 5184 1000 5264 ῠῷράνιρν.
1051 5186 1310 5264 Οὐράνιον
1363 5190 1525 5264 φυτόν
1578 5207 1704 5245 esse
1754 5192 1951 5247 homi-

297 5258 1263 5338 nem,traditetiamflutarchus
1293 5258 1423 5335 Περὶ
1451 5266 1647 5338 φυγῆς,
1682 5268 1739 5315 et
1758 5264 1944 5332 Plato,

295 5334 358 5388 in
385 5334 572 5389 Timaei
602 5330 853 5402 epilogo.
886 5330 964 5402 Il.
997 5330 1268 5387 SYLBURG.

543 5397 795 5479 Ἐφ’όδιον
872 5399 1097 5479 αἷ-ώπιον
1132 5443 1146 5467 ,
1206 5397 1509 5466 θεοσέϐειαν
1544 5445 1557 5457 .
1634 5397 1947 5459 Θεοσὲϐειαν

296 5475 517 5529 omittit
539 5473 669 5530 No'v.
700 5473 1011 5543 Gregorius
1035 5475 1367 5543 Thaumat.,
1386 5480 1658 5545 Panegyr.
1684 5478 1741 5528 in
1769 5478 1944 5545 0rig.,

299 5564 363 5619 p._
392 5548 586 5619 56-57,
620 5545 760 5619 edit.
794 5545 1004 5611 Paris.,
1030 5545 1175 5601 dicit
1202 5550 1403 5617 Legum
1421 5547 1795 5618 disciplinam
1818 5563 1946 5603 esse

298 5612 580 5711 μέγξξτόν
616 5612 866 5711 ἐφόᾷιον,
902 5612 1590 5711 Wimum‘subsidjumj,
1644 5619 1945 5703 Oratorifn.

318 5685 576 5766 Εφόδιον,
599 5685 881 5745 viaticum.
902 5688 1157 5758 Persius,
1178 5696 1286 5747 sat.
1307 5708 1358 5761 v,
1378 5692 1533 5759 v.64,
1548 5689 1621 5745 de
1636 5693 1945 5762 sapientia:

2058 5425 2107 5481 ν.
2144 5410 2229 5461 85.
2264 5411 2413 5474 Quin
2447 5412 2624 5467 etiam
2648 5413 2708 5466 in
2740 5428 2830 5481 eo,

2058 5479 2243 5552 detur
2262 5481 2495 5552 Homeri
2518 5484 2702 5552 Odyss.
2736 5487 2795 5551 Γ,
2817 5479 2858 5538 ν
2882 5479 3013 5541 ’139
3039 5505 3052 5541 :

2136 4952 2176 4987 ζ
2192 4951 2210 4987 Α.
2253 4951 2268 4966 .
2302 4914 2476 4987 petite
2505 4912 2652 4981 hinc,
2675 4914 3032 4986 juvenesque,
3066 4934 3339 4987 senesque,

2132 4984 2340 5057 Einem‘
2367 4985 2551 5057 animo
2600 4991 2807 5057 certum
2852 4984 3170 5057 miserisque
3216 4984 3412 5043 {viatico
3465 4991 3635 5045 canis.

2131 5054 2246 5125 (71)
2276 5050 2656 5132 ΠλῆθεεἊντὶ
2686 5059 2780 5109 τοῦ
2828 5050 3091 5127 πλεῦσον,
3143 5060 3443 5116 adnotavit
3488 5060 3709 5132 aliquis

2060 5124 2121 5179 in
2142 5124 2417 5198 margine
2446 5127 2581 5198 Nov.

2131 5197 2243 5277 (72)
2276 5196 2673 5277 Σημαίνοντος..
2724 5201 2849 5255 Non
2896 5202 3280 5273 signiﬁcantis,
3310 5210 3377 5259 ut
3403 5222 3532 5277 exp.
3568 5207 3712 5259 Her-

2058 5272 2194 5335 vet.,
2230 5267 2331 5323 sed
2366 5267 2707 5339 imperantis,
2756 5288 2871 5342 quo
2899 5267 3078 5329 sensu
3110 5267 3399 5331 Homerus
3431 5267 3539 5331 hac
3570 5295 3707 5332 voce

2061 5354 2215 5417 saepe
2247 5355 2389 5417 usus
2420 5345 2527 5417 est,
2559 5344 2626 5395 Il.
2651 5343 2722 5417 _A,
2772 5359 2822 5397 v.
2855 5345 3013 5417 296;
3050 5348 3099 5399 Il
3142 5348 3204 5413 K,
3256 5364 3303 5401 v.
3353 5348 3458 5411 58;
3512 5348 3577 5403 ΙΙ.
3633 5350 3705 5417 Ξ,

2864 5416 3020 5484 quod
3052 5419 3341 5488 sequitur,
3370 5419 3591 5473 imitari
3622 5420 3706 5473 vi-

2130 5545 2268 5633 .δ⁷
2297 5549 2469 5618 ἦλθον
2504 5545 2659 5633 οῗνῷλ
2682 5545 3050 5633 βεβαρηκότις
3078 5560 3189 5633 υἷες
3219 5560 3485 5633 Ἀχαιῶν.

2130 5621 2370 5701 illioram
2395 5621 3069 5701 gener-unt'pino'g‘ravati
3112 5632 3219 5701 ﬁlii
3264 5621 3626 5689 A'chivorum.

2128 5694 2246 5767 (Ἲς)
2275 5694 2358 5762 lli
2392 5691 2481 5763 δή.
2518 5696 2741 5767 Ulyssis
2765 5691 2941 5754 verba
2968 5691 3227 5757 Ithacam
3258 5704 3512 5773 patriam
3534 5705 3699 5776 igno~
