4058 6164
286 261 395 320 799

1534 270 1941 326 CLEMENTIB
1976 264 2499 338 ALEXANDRINI}

3603 264 3715 321 800

296 393 507 461 cimus,
568 394 734 448 nullo
786 392 963 448 modo
1012 410 1141 448 esse
1194 410 1471 462 causam;
1522 395 1584 449 in
1632 394 1693 449 id
1749 398 1947 449 autem

2064 388 2217 457 λῦον,
2240 388 2386 444 ἀλλὰ
2406 390 2715 465 προτρέπον
2737 391 2871 465 (16),
2905 387 2952 445 εἰ
2981 389 3070 445 καὶ
3105 391 3180 462 μὴ
3204 388 3556 466 προέτρεπεν.
3575 388 3715 446 Οὕτε

297 481 454 551 quod
496 482 787 553 prohibet,
837 497 1073 536 causam
1127 483 1483 554 culpamque
1530 482 1786 537 conferri
1841 481 1948 546 Qui

297 572 456 625 enim
490 571 696 643 clypeo
723 570 997 641 protegit,
1030 571 1104 639 ei,
1130 571 1229 642 qui
1252 570 1598 644 protegitur,
1632 585 1813 625 causa
1843 575 1951 637 est,

298 678 371 715 ne
409 661 726 725 saucietur,
759 660 1083 731 prohibens
1104 661 1299 733 ipsum
1334 662 1605 717 sauciari.
1639 662 1709 715 Et
1729 661 1954 717 Socrati

300 751 660 805 daemonium
701 766 880 805 causa
910 756 1059 815 erat,
1090 768 1208 806 non
1226 752 1570 823 prohibens,
1602 750 1705 806 sed
1734 749 1952 805 adhor-

303 842 455 904 tans,
490 838 600 892 etsi
633 855 754 893 non
785 839 1219 894 adhortaretur.
1275 839 1384 894 Sed
1412 856 1523 895 nec
1570 838 1799 907 laudes,
1844 852 1956 891 nec

296 927 784 999 vituperationes,
837 945 947 983 nec
995 928 1274 996 honores,
1324 946 1435 985 nec
1478 928 1770 1000 supplicia
1791 927 1957 998 justa

304 1020 464 1084 sunt,
499 1018 545 1071 si
577 1018 778 1073 anima
824 1034 942 1073 non
974 1018 1191 1073 habeat
1218 1018 1470 1074 liberam
1500 1022 1854 1090 potestatem
1899 1020 1959 1069 et

300 1107 615 1177 appetendi
647 1112 704 1162 et
733 1107 1094 1175 abstinendi,
1130 1108 1234 1163 sed
1266 1109 1343 1164 sit
1382 1109 1590 1163 vitium
1622 1106 1956 1161 involunta-

305 1196 482 1250 rium.
518 1196 682 1251 Unde
711 1196 811 1267 qui
842 1197 1147 1269 prohibuit
1178 1197 1440 1268 quidem,
1487 1213 1664 1252 causa
1695 1200 1821 1260 est;
1854 1195 1954 1265 qui

303 1289 502 1340 autem
536 1301 657 1340 non
684 1285 990 1356 prohibuit
1020 1292 1196 1357 atque
1232 1286 1523 1357 impediit,
1555 1285 1805 1339 liberam
1834 1282 1956 1337 ani-

299 1390 412 1428 mae
445 1373 797 1429 electionem
820 1374 983 1445 juste
1006 1375 1273 1447 judicat:
1325 1380 1391 1429 ut
1420 1374 1510 1429 vel
1538 1372 1797 1429 maxime
1819 1371 1954 1441 qui-

300 1463 457 1529 dem,
489 1463 643 1518 Deus
674 1462 843 1518 nobis
874 1480 997 1518 non
1027 1464 1105 1518 sit
1143 1480 1320 1519 causa
1346 1463 1495 1518 vitii.
1529 1463 1817 1528 Quoniam
1849 1476 1956 1516 au-

300 1558 420 1607 tem
449 1551 640 1607 libera
668 1551 879 1608 electio
912 1558 969 1607 et
999 1552 1282 1624 appetitio
1314 1557 1557 1624 peccata
1576 1553 1835 1623 primum
1860 1551 1955 1605 in—

299 1642 493 1709 choat,
517 1641 667 1696 falsa
688 1647 885 1697 autem
910 1657 1344 1713 nonnunquam
1364 1642 1706 1696 dominatur
1726 1641 1949 1712 opinio,

2060 478 2117 535 δὶ
2148 479 2200 533 οἱ
2231 476 2464 549 ἔπαινοι,
2494 480 2616 535 οὕτε
2637 482 2691 535 οἱ
2711 480 2894 556 ψόγοι,
2920 481 3033 535 οὔθ’
3054 481 3109 535 αἱ
3130 481 3311 553 τιμαὶ,
3333 476 3451 534 οὔθ’
3472 479 3527 534 αἱ
3543 478 3713 534 κολά-

2061 588 2169 630 σεις
2200 566 2422 640 δίκαιαι,
2459 571 2533 643 μὴ
2565 576 2667 639 τῆς
2696 573 2883 645 ψυχῆς
2929 568 3167 645 ἐχούσης
3212 570 3310 639 τήν
3338 567 3579 640 ἐξουσίαν
3610 575 3711 639 τῆς

2061 659 2241 732 ὁρμῆς
2271 657 2363 713 καὶ
2389 657 2668 735 ἀφορμῆς,
2700 657 2827 713 ἀλλ’
2858 657 3115 713 ἀκουσίου
3150 665 3253 727 τῆς
3278 658 3471 720 κακίας
3521 655 3707 726 οἱὶσης.

2059 749 2221 811 ’Όθεν
2255 749 2283 802 6
2317 748 2411 820 μὲν
2469 746 2724 811 κωλόσας
2784 747 2976 811 αἴτιος·
3011 747 3040 802 6
3071 744 3129 802 δὶ
3189 748 3265 819 μή
3324 746 3579 808 κωΛύσας
3607 747 3709 815 τήν

2061 832 2261 911 α’ίρεσιν
2288 843 2389 906 τῆς
2435 840 2623 912 ψυχῆς
2664 837 2830 913 κρίνει
2885 834 3130 898 δικαίως·
3176 834 3249 889 ἵν’
3296 833 3378 891 ὅτι
3414 832 3653 909 μάλιστα
3679 836 3709 889 6

2061 925 2190 986 Θεὸς
2227 926 2322 998 μὲν
2362 928 2499 999 ἡμῖν
2549 925 2739 989 κακίας
2789 925 3047 989 ἀναίσιος.
3083 924 3235 983 Ἐπεὶ
3285 922 3344 980 δὲ
3388 928 3497 979 τῶν
3530 926 3709 998 ἀμαρ-

2059 1035 2127 1085 τη
2138 1016 2323 1087 μάτων
2352 1015 2665 1092 προαίρεσις
2684 1016 2774 1071 καί
2797 1016 2943 1092 ὁρμή
2965 1017 3250 1090 κατάρχει,
3283 1013 3372 1085 διη
3383 1034 3562 1088 μαρτη
3573 1014 3707 1086 μὲνη

2063 1102 2121 1159 δὲ
2150 1103 2427 1179 ὑπόληψις
2454 1102 2562 1169 ἔσθ’
2585 1104 2673 1161 ὅτε
2692 1110 2900 1182 κρατεῖ,
2916 1106 2985 1175 ἧς
3008 1104 3229 1180 ἀγνοίας
3249 1103 3339 1158 καὶ
3361 1103 3596 1177 ἀμαθίας
3618 1098 3708 1157 οὗ·

2062 1214 2164 1262 σης
2190 1193 2570 1270 ὀλιγωροῢμεν
2600 1194 2926 1267 ἀποστῆναι,
2959 1194 3186 1255 εἰκότως
3216 1194 3272 1248 αἱ
3297 1190 3577 1253 κολάσεις.
3610 1191 3709 1246 Καὶ

2060 1283 2161 1357 γὰρ
2190 1283 2252 1338 τὸ
2296 1282 2573 1359 πυρέττειν
2630 1282 2906 1354 ἀκούσιον,
2938 1282 3066 1339 ἀλλ’
3127 1284 3253 1337 ὅταν
3308 1279 3382 1336 δι’
3410 1281 3599 1336 ἑαυτόν
3629 1300 3711 1342 τις

2060 1371 2148 1425 καὶ
2183 1368 2253 1426 δι’
2284 1371 2543 1445 ἀκρασίαν
2593 1373 2856 1448 πυρέττῃ,
2907 1370 3212 1443 αἰτιώμεθα
3257 1375 3474 1428 τοῦτον.
3534 1370 3624 1433 Ὠς
3652 1368 3710 1424 δὲ

2061 1460 2151 1515 καὶ
2196 1468 2296 1531 τῆς
2349 1462 2541 1525 κακίας
2572 1460 2828 1517 ἀκουσίου
2877 1459 3063 1531 οῧσης·
3120 1461 3184 1516 οὖ
3212 1458 3313 1536 γὰρ
3343 1457 3578 1534 αἱρεῖται
3623 1457 3706 1520 τίς

2061 1549 2249 1622 κακὸν,
2279 1548 2316 1624 ᾔ
2344 1550 2531 1605 κακόν·
2586 1555 2655 1625 τῇ
2701 1547 2759 1605 δὲ
2788 1549 2912 1627 περὶ
2963 1549 3111 1621 αὖτῷ
3163 1551 3271 1622 (17)
3323 1546 3496 1618 ἡδονῇ
3546 1567 3706 1601 συνα-

2059 1638 2391 1715 παγόμενος,
2441 1638 2635 1714 ἀγαθὸν
2695 1633 3008 1705 ὂπυλάϐὼν,
3069 1636 3279 1709 ληπτὸν
3338 1639 3576 1713 ἡγεῖται.
3608 1637 3702 1690 Ὧν

298 1746 331 1785 a
353 1746 488 1800 qua,
514 1746 647 1786 cum
673 1731 1007 1803 ignorantia
1027 1736 1086 1785 et
1106 1731 1405 1802 imperitia
1426 1731 1523 1798 sit,
1547 1729 1825 1785 recedere
1848 1746 1947 1784 ne-

2061 1726 2237 1789 οὕτως
2268 1727 2531 1804 ἐχόντων,
2561 1728 2624 1782 τὸ
2655 1724 3093 1782 ἀπαλλάττεσθαι
3121 1733 3225 1796 τῆς
3249 1747 3307 1781 τε
3337 1724 3576 1802 ἀγνοίας,
3603 1726 3702 1793 τῆς

296 1820 593 1892 gligimus,
616 1820 753 1891 jure
794 1819 1146 1892 inﬂiguntur
1174 1820 1485 1891 supplicia.
1520 1818 1756 1874 Febrire
1790 1819 1947 1873 enim

2061 1836 2117 1871 τε
2171 1815 2428 1889 αἱρέσεως
2482 1818 2583 1883 τῆς
2628 1815 2842 1895 φαύλης
2895 1816 2985 1871 καὶ
3041 1816 3401 1891 ἐπιτερποῦς,
3456 1817 3543 1870 καὶ
3592 1813 3703 1887 πρὸ

302 1917 391 1967 est
414 1911 908 1978 involuntarium,
941 1913 1044 1968 sed
1076 1929 1210 1967 cum
1241 1912 1375 1983 quis
1404 1928 1511 1983 per
1543 1928 1603 1967 se
1636 1917 1694 1966 et
1713 1916 1956 1983 propter

302 2016 472 2055 suam
499 2000 1023 2071 intemperantiam
1052 2000 1339 2067 febrierit,
1382 2016 1518 2055 eum
1566 1998 1954 2070 reprehendi-

298 2106 453 2146 mus.
489 2091 699 2161 Utpote
739 2106 873 2145 cum
920 2090 1388 2145 involuntarium
1412 2090 1540 2161 jam
1585 2089 1662 2143 sit
1686 2087 1950 2143 malum:

299 2195 476 2234 nemo
512 2180 670 2233 enim
710 2179 933 2234 malum
980 2180 1162 2252 eligit,
1213 2184 1508 2251 quatenus
1556 2177 1804 2246 malum,
1851 2177 1952 2233 sed

299 2268 588 2324 abductus
619 2267 691 2324 ab
719 2285 809 2337 ea,
851 2286 981 2339 quaa
1012 2269 1172 2323 inest
1217 2270 1281 2323 in
1328 2269 1479 2340 ipso,
1523 2267 1844 2339 voluptate,
1892 2265 1953 2321 id

297 2359 529 2413 bonum
555 2364 732 2423 ratus,
762 2358 1206 2430 suscipiendum
1252 2358 1572 2414 existimat.
1631 2358 1769 2422 Qua:
1818 2372 1953 2411 cum

299 2447 383 2502 ita
413 2465 475 2502 se
497 2447 776 2515 habeant,
802 2452 859 2503 et
878 2446 1117 2503 liberari
1141 2447 1213 2502 ab
1248 2446 1639 2519 ignoratione,
1665 2451 1723 2500 et
1743 2462 1777 2501 a
1799 2444 1956 2500 mala

301 2542 360 2591 et
392 2535 729 2592 delectabili
761 2537 1071 2605 electione,
1114 2542 1172 2592 et
1200 2543 1336 2592 ante
1369 2537 1572 2591 omnia
1591 2552 1710 2591 non
1738 2550 1951 2590 assen-

298 2625 396 2680 tiri
427 2625 739 2681 fallacibus
766 2625 884 2680 illis
917 2626 1246 2697 phantasiis
1277 2632 1336 2681 et
1362 2626 1527 2695 visis,
1561 2625 1737 2680 situm
1772 2629 1863 2679 est
1891 2624 1953 2679 in

299 2721 503 2770 nostra
530 2721 843 2787 potestate.
880 2737 908 2766 «
940 2717 1110 2772 Latro
1145 2738 1171 2765 n
1219 2721 1415 2771 autem
1447 2720 1506 2770 et
1549 2738 1576 2766 ‹‹
1607 2715 1704 2769 fur
1736 2736 1764 2763 υ
1796 2714 1951 2769 dici-

298 2808 395 2858 tur
414 2803 706 2872 diabolus,
732 2805 831 2875 qui
855 2804 1161 2876 prophetis
1191 2804 1739 2876 pseudoprophetas
1761 2802 1948 2858 admi-

303 2893 474 2961 scuit,
517 2898 801 2963 tanquam
834 2893 1132 2947 frumento
1163 2893 1399 2949 zizania.
1437 2913 1462 2944 ιι
1499 2894 1715 2948 Omnes
1738 2914 1765 2942 ››
1790 2909 1951 2965 ergo,

301 3003 330 3030 «
363 2981 462 3051 qui
498 2980 741 3036 fuerunt
769 2986 906 3036 ante
928 2981 1266 3049 Dominum,
1289 2980 1451 3036 fures
1474 2986 1532 3036 et
1550 2981 1949 3053 latrones(a):»

293 3086 413 3125 non
460 3069 727 3125 absolute
775 3076 972 3125 autem
1020 3087 1227 3125 omnes
1275 3070 1569 3139 homines,
1604 3071 1707 3125 sed
1737 3086 1947 3126 omnes

294 3159 847 3232 pseudoprophetaa,
889 3164 948 3214 et
990 3176 1217 3227 omnes,
1273 3161 1376 3231 qui
1424 3176 1542 3214 non
1590 3161 1826 3232 proprie
1874 3158 1947 3214 ab

291 3249 420 3320 ipso
454 3249 621 3305 missi
644 3256 801 3306 sunt.
826 3251 1170 3305 Habuerunt
1193 3256 1392 3306 autem
1412 3250 1945 3322 pseudoprophetaa

294 3355 530 3409 quoque
559 3340 805 3408 furtum,
838 3339 997 3412 quod
1034 3340 1336 3412 prophetas
1385 3340 1764 3394 dicerentur:
1810 3355 1946 3395 cum

292 3429 595 3499 prophetae
623 3430 865 3499 quidem
888 3434 1108 3497 essent,
1133 3428 1237 3484 sed
1255 3429 1405 3500 ejus,
1431 3428 1532 3499 qui
1556 3433 1646 3483 est
1670 3429 1944 3483 mendax.

296 3517 446 3571 Dicit
471 3518 627 3572 enim
663 3519 947 3573 Dominus
971 3534 984 3572 :
1022 3540 1050 3569 «
1083 3519 1196 3572 Vos
1218 3534 1282 3572 ex
1307 3523 1473 3588 patre
1495 3522 1687 3573 vestro
1710 3516 1946 3572 diabolo

293 3607 455 3673 estis,
486 3609 550 3672 ›ι‹
579 3613 637 3662 et
666 3607 959 3663 desideria
988 3607 1174 3679 patris
1200 3606 1380 3662 vestri
1402 3605 1578 3661 vultis
1606 3605 1819 3662 facere.
1840 3606 1945 3662 Ille

296 3695 595 3751 homicida
625 3702 752 3752 erat
780 3696 851 3752 ab
883 3696 1074 3764 initio,
1107 3700 1166 3751 et
1204 3695 1265 3751 in
1297 3696 1541 3752 veritate
1586 3712 1707 3751 non
1763 3696 1944 3766 stetit,

294 3785 575 3854 quoniam
607 3802 728 3840 non
761 3791 851 3841 est
878 3786 940 3839 in
965 3786 1092 3856 ipso
1112 3785 1347 3840 veritas.
1380 3785 1524 3840 Cum
1556 3784 1791 3841 locutus
1820 3784 1945 3840 fue-

290 3874 369 3927 rit
396 3872 632 3945 falsum,
668 3890 738 3929 ex
768 3874 1021 3946 propriis
1059 3873 1345 3945 loquitur,
1379 3875 1659 3945 quoniam
1691 3874 1948 3930 mendax

294 3967 404 4029 est,
437 3968 497 4017 et
521 3968 693 4035 pater
721 3963 852 4035 ejus
872 3963 970 4035 (b).
1007 3984 1035 4012 »
1058 3964 1125 4017 1n
1146 3962 1312 4018 falsis
1334 3968 1534 4017 autem
1555 3980 1691 4018 vera
1710 3979 1947 4034 quoque

292 4052 496 4123 aliqua
527 4052 803 4109 dicebant
831 4052 1385 4125 pseudoprophetaa.
1417 4054 1488 4107 Et
1507 4052 1549 4107 ii
1581 4069 1785 4109 revera
1817 4070 1951 4126 pro-

2053 1904 2261 1960 τούτων
2292 1906 2356 1961 τὸ
2390 1906 2466 1978 μή
2523 1904 2995 1982 συγκατατίθεσθαι
3040 1910 3161 1969 ταῖς
3214 1901 3523 1974 ἀπατηλαῖς
3565 1901 3702 1958 ἑκεί-

2056 2016 2172 2060 ναις
2203 1996 2534 2074 φαντασίαις,
2567 1995 2851 2051 ἀπόκειται
2883 1995 2965 2070 ἐφ’
3013 1998 3172 2069 ἡμῖν.
3212 2019 3233 2045 ι
3268 1994 3490 2068 Λῃστής
3528 1989 3586 2047 δὲ
3611 1991 3703 2047 καὶ

2056 2086 2298 2157 κλέπτης
2334 2112 2362 2139 ››
2394 2088 2422 2141 ὁ
2449 2081 2711 2150 διάϐολος
2763 2086 2999 2164 λίγεται,
3040 2084 3495 2162 ψευδοπροφήτας
3543 2083 3704 2159 ἐγκα-

2054 2179 2284 2251 ταμίξας
2328 2183 2448 2240 τοῖς
2493 2180 2822 2255 προφήταις,
2874 2177 3115 2254 καθάπερ
3165 2182 3247 2249 τῷ
3276 2181 3433 2253 πυρῷ
3459 2175 3527 2230 τὰ
3559 2175 3701 2244 ζιζά-

2055 2285 2164 2321 νια·
2216 2267 2474 2329 «Πάντες
2532 2265 2623 2321 οὖν
2669 2267 2720 2321 οἱ
2752 2268 2857 2341 πρὸ
2916 2267 3120 2341 Κυρίου
3176 2261 3411 2320 κλέπται
3459 2261 3550 2318 καὶ
3609 2261 3708 2336 λῃ-

2058 2354 2196 2409 σταί·
2232 2378 2261 2407 ››
2319 2355 2428 2431 οὐχ
2472 2355 2663 2418 ἁπλῶς
2716 2358 2913 2419 πάντες
2968 2354 3272 2431 ἄνθρωποι,
3329 2351 3524 2414 πάντες
3564 2348 3624 2406 δὲ
3652 2351 3705 2405 οἱ

2056 2440 2525 2521 ψευδοπροφῆται,
2584 2445 2676 2499 καὶ
2732 2445 2927 2507 πάντες
2978 2445 3030 2499 οἱ
3090 2445 3167 2517 μή
3220 2442 3422 2519 κυρίως
3484 2441 3702 2496 ὑπἀὐο

2054 2537 2151 2588 τοῦ
2207 2532 2602 2596 ἀποσταλέντες
2634 2579 2648 2594 .
2709 2534 2880 2609 Εἶχον
2950 2531 3007 2589 δὲ
3053 2533 3144 2590 καὶ
3202 2533 3259 2587 οἱ
3316 2527 3703 2607 ψευδοπροφῆ-

2052 2644 2141 2678 ται
2196 2624 2260 2678 τὸ
2315 2623 2542 2697 κλέμμα
2609 2623 2672 2679 τὸ
2743 2620 2919 2697 ὄνομα
2983 2623 3046 2679 τὸ
3111 2620 3453 2701 προφητικὸν
3490 2665 3504 2690 ,
3564 2639 3704 2694 προ-

2056 2720 2223 2791 φῆται
2308 2708 2503 2785 ὄντες,
2564 2711 2710 2769 ἀλλᾶ
2759 2717 2863 2768 τοῦ
2915 2711 3149 2786 ψεύστου
3184 2755 3197 2769 .
3284 2710 3445 2786 Λέγει
3509 2709 3613 2785 γὰρ
3672 2709 3701 2761 6

2055 2801 2274 2878 Κύριοςο
2309 2825 2333 2856 α
2362 2803 2544 2875 Ὑμεῖς
2577 2801 2637 2858 ἐκ
2662 2805 2760 2858 τοῦ
2782 2802 2986 2879 πατρὸς
3011 2803 3164 2876 ὑμῶν
3190 2805 3294 2873 (18)
3315 2804 3414 2855 τοῦ
3433 2793 3701 2854 διαϐόλου

2054 2891 2192 2964 ἐστὲ,
2251 2891 2341 2946 καὶ
2401 2892 2495 2954 τὰς
2547 2890 2839 2965 ἐπιθυμίας
2894 2895 2992 2947 τοῦ
3047 2890 3252 2967 πατρὸς
3308 2889 3461 2963 ὑμῶν
3521 2886 3704 2942 θὲλετε

2055 2985 2253 3037 ποιεῖν.
2308 2982 2546 3043 Ἐκεῖνος
2604 2977 3057 3057 ἀνθρωποκτόνος
3082 2981 3118 3050 ἧ
3151 2981 3241 3036 ἀπ’
3272 2979 3470 3055 ἀρχῆς,
3529 2977 3620 3032 καὶ
3649 2975 3709 3030 ἓν

2060 3073 2128 3144 τῇ
2160 3068 2392 3142 ἀληθείᾳ
2431 3070 2542 3147 οὐχ
2589 3068 2834 3143 ἕστηκεν,
2895 3069 2978 3126 ὅτι
3036 3069 3137 3125 οὐκ
3192 3065 3333 3125 ἔστιν
3386 3065 3621 3138 ἀλήθεια
3650 3063 3704 3119 ἐν

2061 3158 2232 3230 αὐτῷ.
2262 3159 2383 3216 Ὀτ’
2426 3157 2485 3214 ἃν
2532 3157 2679 3234 λάλῇ
2728 3162 2790 3215 τὸ
2838 3156 3059 3235 ψεῦδος,
3108 3159 3169 3214 ἐκ
3196 3162 3302 3213 τῶν
3335 3155 3486 3212 ἰδίων
3519 3154 3702 3210 λαλεῖ·

2057 3246 2139 3302 ὅτι
2171 3247 2406 3321 ψεύστης
2441 3247 2573 3319 ἐστὶ,
2613 3249 2705 3304 καὶ
2752 3251 2781 3304 6
2810 3250 2989 3323 πατὴρ
3045 3248 3232 3305 αὐτοῦ.
3262 3270 3290 3300 ››
3350 3247 3436 3304 'Ev
3495 3241 3551 3298 δί
3580 3246 3703 3304 τοῖς

2055 3334 2272 3411 ψεύδεσι
2312 3338 2401 3393 καὶ
2434 3337 2615 3409 ἀληθῆ
2652 3340 2765 3413 (19)
2794 3359 2918 3393 τινα
2947 3334 3134 3413 ἔλεγον
3161 3337 3213 3392 οἱ
3230 3332 3699 3411 ψευδοπροφῆται.

2056 3427 2155 3481 Καὶ
2211 3431 2291 3499 τῷ
2347 3423 2462 3481 ὄντι
2497 3428 2647 3483 οὗτοι
2706 3426 2758 3481 ἐν
2807 3452 2832 3481 ‹‹
2868 3425 3113 3482 ἐκστάσει
3144 3450 3173 3479 ››
3203 3426 3596 3503 προεφήτευον,
3628 3421 3707 3482 ὡς

2055 3514 2116 3570 ἂν
2153 3540 2179 3568 ι(
2212 3516 2516 3571 ἀποπάτου
2549 3540 2578 3569 ››
2610 3514 2874 3574 διάκονοι.
2924 3514 3083 3592 Λέγει
3133 3511 3190 3571 δὲ
3216 3515 3306 3570 καὶ
3338 3515 3367 3568 6
3400 3512 3641 3585 Ποιμήν,
3672 3509 3701 3563 6

2055 3602 2287 3680 ἅγγελος
2342 3612 2444 3675 τῆς
2507 3604 2791 3679 μετανοίας
2849 3609 3004 3679 (20),
3061 3609 3143 3677 τῷ
3195 3605 3371 3678 Ἑρμᾷ
3423 3600 3549 3676 περὶ
3606 3601 3709 3654 τοῦ

2056 3692 2513 3771 ψευδοπροφήτου
2547 3713 2560 3727 ·
2641 3719 2669 3746 ‹‹
2723 3696 2854 3750 Τινά
2914 3697 3029 3767 (21)
3085 3693 3187 3769 γάρ
3248 3692 3468 3769 ῥήματα
3520 3689 3702 3759 ἀληθῆ

2058 3781 2239 3839 λαλεῖ·
2274 3785 2302 3839 6
2331 3785 2430 3858 γὰρ
2463 3779 2724 3848 διάϐολος
2761 3784 2921 3839 αὐτὸν
2950 3782 3167 3860 πληροῖ
3212 3786 3293 3854 τῷ
3324 3783 3514 3836 ἑαυτοῦ
3545 3776 3705 3834 πνεύ-

2060 3893 2210 3947 ματι,
2244 3872 2298 3928 εἷ’
2318 3894 2440 3929 τινα
2463 3871 2748 3945 δυνήσεται
2780 3873 2938 3949 ῥῆξαι
2993 3877 3102 3928 τῶν
3157 3870 3400 3929 δικαίων.
3437 3896 3460 3925 ι
3520 3869 3706 3925 Πάντα

2061 3965 2155 4036 μὶν
2190 3961 2280 4017 οὖν
2314 3962 2687 4038 οἰκονομεῖται
2745 3961 2946 4018 ἄνωθεν
2974 3962 3050 4025 εἰς
3081 3961 3268 4033 καλὸν,
3319 3985 3347 4013 ‹‹
3378 3958 3471 4016 ’ίνα
3498 3980 3702 4036 γνωρι-

2059 4054 2159 4126 σθῇ
2222 4049 2311 4108 διὰ
2360 4057 2460 4128 τῇς
2506 4053 2835 4125 Ἐκκλησίας
2866 4055 2900 4123 ἠ
2936 4050 3341 4115 πολυποίκιλος
3397 4052 3559 4130 σοφία
3606 4054 3704 4107 τοῦ

359 4230 504 4298 *P.
538 4230 641 4283 369
671 4228 783 4283 ΕΙ).
824 4226 1116 4294 POTTER,
1152 4227 1257 4281 312
1283 4225 1396 4281 ΕΙ).
1436 4226 1666 4284 PARIS.
1742 4226 1820 4299 (a)
1851 4228 1947 4283 Joa

2061 4245 2104 4298 ι,
2133 4230 2185 4284 8.
2217 4228 2294 4300 (ὁ)
2328 4230 2494 4284 Joan.
2527 4245 2641 4300 vni,
2675 4231 2766 4284 44.

368 4403 481 4475 (16)
511 4398 655 4475 υρχὶ
696 4398 773 4475 μὴ
823 4396 1063 4475 κωλῦίον,
1096 4395 1242 4475 ἀλλὰ
1271 4396 1593 4475 ’προτρέπον
1654 4399 1946 4475 Loythius

300 4468 680 4545 scribendum
697 4468 1031 4539 admonuit,
1062 4468 1192 4545 ουχὶ
1218 4470 1293 4545 μὴ
1318 4468 1648 4545 προτρέπον,
1668 4468 1814 4545 ἀλλὰ
1836 4491 1945 4524 κω-

301 4543 450 4598 λῦον·
486 4552 545 4599 et
573 4545 830 4600 delenda
859 4541 1188 4615 sequentia,
1220 4541 1289 4596 ἐἰ
1318 4541 1409 4596 καὶ
1461 4541 1536 4613 μὴ
1584 4541 1941 4615 προέτρεπεν.

299 4615 500 4680 Quoad
531 4632 665 4671 vero
699 4616 808 4670 hoc
834 4614 1223 4687 postremum,
1248 4615 1298 4670 ei
1318 4614 1595 4687 assentiri
1625 4614 1783 4670 haud
1806 4632 1944 4687 pos-

302 4674 454 4740 s'um.
481 4687 702 4742 Sensus
720 4674 877 4742 enim
899 4692 1008 4754 est,
1027 4707 1051 4737 ι
1078 4674 1448 4741 Daamonium
1463 4687 1684 4742 Socrati
1704 4674 1945 4742 causam
1977 4674 2022 4739 Ι)

299 4756 509 4829 agendi
541 4758 743 4825 fuisse,
778 4774 899 4813 non
924 4774 1058 4812 eum
1080 4757 1393 4823 hortando,
1419 4757 1522 4812 sed
1552 4757 1940 4829 prohibendo,

299 4829 478 4883 etiam
505 4834 649 4897 tum,
672 4845 805 4884 cum
828 4846 951 4884 non
973 4830 1329 4884 hortaretur.
1351 4850 1379 4879 »
1411 4829 1544 4884 Vult
1557 4830 1718 4884 enim
1739 4836 1946 4886 auctor

298 4899 609 4955 ostendere
633 4917 753 4954 non
778 4900 970 4955 solum
996 4916 1153 4968 eum,
1176 4901 1277 4971 qui
1305 4900 1603 4967 hortatur;
1638 4900 1743 4957 sed
1763 4901 1943 4957 etiam

298 4987 456 5038 eum,
485 4972 587 5041 qui
638 4971 936 5042 prohibet,
995 4971 1227 5028 etiamsi
1282 4988 1402 5026 non
1461 4973 1751 5042 hortetur,
1807 4989 1944 5029 vere

297 5058 536 5097 causam
560 5058 707 5097 esse.
732 5043 912 5097 Porro
935 5043 1204 5098 Socrates
1230 5043 1386 5113 apud
1408 5042 1717 5099 Platonem
1740 5044 1941 5112 refert,

298 5113 679 5176 daemonium.
695 5112 853 5185 quod
870 5114 979 5169 sibi
1004 5112 1663 5185 assistebat,prohihere
1678 5114 1941 5180 solitum,

298 5201 418 5260 non
449 5201 583 5240 vero
616 5184 861 5260 hortari,
889 5186 1252 5260 T_hea_g.pag.
1287 5183 1392 5260 99::
1426 5183 1581 5260 Ἐστι
1606 5186 1711 5260 γάρ
1742 5206 1794 5240 τι
1825 5185 1943 5260 θείᾳ

299 5253 464 5329 μοίρᾳ
508 5255 887 5329 παεεπόμενον
921 5251 1067 5326 ἒμοῖ,
1102 5251 1169 5329 ἐκ
1203 5251 1409 5329 Ῑπαιδὸς
1465 5251 1763 5329 ἀρξάμενον
1803 5251 1941 5329 -δαιξ

296 5306 502 5403 ξιόνιιόν·
538 5329 691 5403 Ἔστι
729 5306 996 5403 Ιδὲιςδεοῧίο
1028 5306 1205 5403 φωνὴ,
1238 5325 1273 5393 ἢ
1307 5323 1434 5403 ὅταν
1460 5306 1700 5403 γίνήξαι,
1733 5326 1812 5381 ἀεί
1846 5349 1939 5399 μοι

297 5395 551 5472 σημαίνει
603 5397 721 5472 ’ῥᾶν
759 5396 950 5472 “tum
1006 5395 1285 5472 πράττειν,
1341 5395 1540 5472 3013169
1561 5395 1939 5472 ,ἀποτροπὴν-

296 5468 589 5546 προτρέπει
616 5468 673 5527 δὲ
704 5468 1252 5546 οὖόἑποτεχίΑάθει
1282 5468 1425 5546 mihi
1456 5470 1656 5546 divina
1686 5468 1943 5542 quadam

301 5540 457 5617 sorte
477 5544 839 5602 daemonium
854 5541 1175 5617 quoddam,
1199 5557 1233 5596 a
1254 5540 1509 5610 pueritia
1522 5540 1905 5617 mesecutum
1924 5561 1936 5599 :

300 5616 407 5687 hoc
439 5622 639 5673 autem
668 5637 774 5674 vox
803 5614 894 5673 est
913 5614 1207 5687 quasdam,
1242 5628 1374 5687 quae
1414 5628 1549 5669 cum
1596 5615 1682 5677 fit.
1707 5631 1945 5686 semper

300 5685 427 5760 ejus
447 5688 555 5754 rei,
581 5706 758 5760 quam
779 5683 1075 5745 fracturus
1095 5701 1250 5760 sum,
1270 5683 1704 5760 dissuasionem
1720 5683 1937 5758 innuit,

297 5753 567 5816 hortatur
577 5753 711 5818 v'ero
729 5776 1058 5833 nunquam.
1071 5778 1102 5811 »
1118 5756 1257 5824 Qum
1273 5753 1431 5813 infra
1440 5759 1652 5817 recitat
1666 5753 1939 5815 Clemens

2056 4419 2114 4473 p.
2139 4403 2266 4466 334,
2296 4402 2526 4458 Similia
2551 4401 2707 4474 apud
2734 4402 3042 4458 Platonem
3072 4407 3392 4458 occurrunt
3417 4401 3476 4457 in
3507 4402 3700 4457 Socra-

2057 4476 2133 4528 tis
2163 4475 2382 4543 apolog.
2418 4490 2475 4544 p.
2509 4476 2595 4530 30.

2127 4546 2234 4614 (l7)
2268 4543 2597 4618 Περὶ-αυτῷ.
2629 4546 2819 4600 Etiam
2869 4546 3199 4603 accusativo
3248 4561 3389 4601 casu
3435 4543 3550 4615 legi
3596 4561 3695 4616 po-

2055 4613 2172 4671 test
2198 4614 2321 4685 περὶ
2343 4613 2502 4671 ἀύτὸ.
2537 4613 2810 4673 Sanuac.

2124 4688 2233 4758 (18)
2254 4685 2453 4758 Ὑμῶν.
2490 4688 2671 4744 Abest
2699 4705 2733 4744 a
2761 4690 2926 4746 Joan.

2125 4753 2231 4832 (19)
2266 4753 2479 4828 ’Ᾱὶηθῆ
2530 4759 2695 4826 Quod
2736 4759 2870 4816 falsi
2927 4761 3229 4832 propheta;
3259 4777 3395 4817 vera
3425 4753 3698 4831 quaedam

2052 4828 2219 4904 falsis
2245 4831 2614 4899 miscuerint,
2642 4828 3121 4904 notarunt'etiam
3143 4833 3394 4904 scriptor
3414 4828 3695 4904 Recogm't.

2052 4900 2161 4955 lib.
2194 4919 2267 4972 iv,
2300 4920 2349 4958 c.
2383 4906 2471 4971 2t,
2503 4906 2591 4970 22,
2626 4908 2685 4958 et
2705 4903 2806 4958 lib.
2840 4920 2958 4969 νηί,
2986 4920 3017 4959 c
3070 4906 3159 4971 60,
3190 4900 3698 4972 pseudo-Ambro-

2054 4921 2161 4955 un.
2194 4921 2267 4972 ιγ,
2300 4921 2349 4958 c.
2383 4921 2471 4971 λιι,
2503 4921 2591 4970 zz,
2626 4921 2685 4958 et
2707 4921 2806 4958 un.
2840 4921 2958 4969 νηί,
2986 4921 3017 4959 c
3070 4921 3159 4971 ου,
3232 4921 3698 4959 seuuo-amnro-

2054 4973 2329 5056 siusdadl
2356 4975 2642 5056 Thess},
2670 4978 2759 5056 2‘1,
2788 4979 2851 5056 et
2878 4921 3592 5056 pseudo-Cﬁrysostomus
3623 4972 3699 5056 ad

2052 5046 2253 5100 Matth.
2292 5063 2386 5115 vn,
2417 5046 2507 5103 21.
2561 5045 2727 5103 Conf.
2787 5045 3174 5102 Maimonides
3204 5045 3281 5101 De
3319 5045 3698 5116 fundamentis

2055 5116 2206 5186 legis.
2240 5133 2372 5188 cap.
2410 5121 2503 5188 l0._
2528 5133 2588 5172 n.
2622 5120 2673 5172 3.

2124 5191 2235 5254 (20)
2261 5182 2533 5261 ’Ἑγγελός
2560 5193 2661 5254 τῆς
2708 5208 2824 5259 μετ.
2873 5190 2952 5245 De
2981 5188 3093 5244 hoc
3124 5187 3531 5261 angeloconf.
3567 5204 3697 5259 quae

2052 5258 2359 5315 adnotavit
2381 5258 2717 5317 Cotelerius’
2744 5261 2818 5316 ad
2848 5261 3078 5316 Hermae
3108 5258 3259 5315 Pas't.
3306 5258 3409 5315 lib.
3461 5277 3524 5323 ιι,
3557 5258 3608 5314 ὁ.
3646 5261 3698 5325 1,

2051 5348 2108 5401 p.
2144 5332 2209 5384 85
2242 5332 2395 5401 edit.
2416 5331 2743 5388 Amstelod.

2125 5403 2232 5471 (21)
2263 5400 2417 5458 Τινά.
2453 5404 2586 5459 Ηωο
2640 5404 2842 5459 Latine
2893 5407 3125 5458 exstant
3180 5401 3339 5474 apud
3397 5403 3696 5469 Hermam,

2051 5475 2267 5547 Pastor.
2299 5473 2398 5529 lib.
2422 5492 2496 5547 ιι,
2527 5475 2708 5530 mand
2764 5479 2859 5547 10.7
2881 5492 2939 5547 p.
2983 5478 3088 5547 97;
3122 5496 3150 5524 ‹‹
3184 5473 3465 5547 Quaedam
3498 5481 3699 5547 autem

2050 5543 2228 5599 verba
2255 5562 2392 5601 vera
2419 5546 2703 5617 loquitur.
2739 5543 3022 5601 Diabolus
3058 5545 3457 5617 impleteum
3484 5544 3699 5617 spiritu

2053 5631 2181 5690 suo,
2204 5620 2272 5670 ut
2292 5614 2533 5690 dejiciat
2557 5617 2817 5689 aliquem
2840 5616 3123 5690 exjustis.
3150 5614 3178 5668 ἱ
3203 5616 3310 5690 Ubi
3333 5614 3697 5690 p'ﬁEat,_und

2052 5687 2307 5761 Herveto
2329 5687 2419 5745 est
2451 5711 2478 5739 ι(
2506 5687 2801 5761 frangere,
2833 5712 2859 5739 ››
2892 5687 3460 5761 meliusexplicatur
3486 5710 3508 5740 ι
3545 5687 3700 5761 deji-

2053 5772 2206 5813 cere.
2239 5778 2268 5811 »
2302 5760 2404 5815 Est
2434 5759 2595 5820 enim
2621 5757 2866 5819 v'erbum
2918 5757 3158 5816 athletis
3206 5757 3271 5814 ac
3303 5757 3694 5817 bellatoribus
