4058 6164
337 304 443 394 ξος

1692 303 2142 369 STROMATUM
2175 310 2312 368 LIB.
2350 312 2399 367 Ι.

3646 312 3759 367 802

340 433 498 497 Θεοῦ,
544 428 682 482 κατᾶ
733 428 1040 503 πρόγνωσιν
1093 428 1205 502 (22)
1258 430 1363 484 τῶν
1414 427 1652 500 αἰώνων,
1682 427 1751 499 ἤν
1794 428 1986 500 ἐποίη-

2112 433 2427 505 phetabant
2454 434 2516 491 in
2551 456 2581 486 «
2613 432 2850 499 exstasi,
2884 454 2912 483 »
2942 436 3052 489 ut«
3086 435 3390 506 apostata,
3424 456 3452 485 »
3477 434 3627 508 ejus,
3654 436 3755 492 in-

339 540 428 576 σεν
457 517 507 572 ἐν
543 519 785 592 Χριστῷο
824 540 852 568 ››
900 521 982 590 τῷ
1030 521 1148 591 Θεῷ
1192 514 1251 573 δὲ
1297 517 1452 574 οὐδὲν
1502 518 1841 585 ἀντίκειται,⁶
1870 516 1996 574 οὐδὶ

340 606 678 664 ἐναντιοῦταί
706 627 759 661 τι
801 604 970 679 αὐτῷ,
1034 607 1224 682 Κυρίῳ
1276 604 1368 664 καὶ
1427 608 1823 684 παντοκράτορι
1856 604 1995 664 ὄντι.

341 695 521 757 Ἀλλά
549 696 640 750 καὶ
671 694 726 749 αἱ
778 698 887 750 τῶν
925 694 1420 767 ἀποστατησάντων
1449 699 1561 772 (23)
1596 695 1794 773 βουλαί
1820 718 1880 752 τε
1906 696 1997 752 καὶ

342 787 634 862 ἐνέργειαι,
696 783 912 859 μερικαὶ
972 783 1148 854 οὖσαι,
1218 788 1462 861 γίνονται
1524 786 1618 859 μὲν
1673 785 1732 840 ἐκ
1782 782 1996 860 φαύλης

344 874 657 945 διαθέσεως,
706 872 947 947 καθάπερ
997 875 1086 928 καὶ
1137 875 1192 928 αἱ
1239 875 1390 930 νόσοι
1440 876 1494 929 αἱ
1544 873 1870 947 σωματικαί’
1902 895 1998 929 κυ-

346 960 646 1040 ϐερνῶνται
696 959 753 1017 δὲ
803 962 906 1017 ὑπὸ
954 965 1054 1032 τῆς
1108 962 1348 1020 καθόλου
1396 963 1658 1038 προνοίας
1705 963 1792 1018 ἐπὶ
1836 959 1998 1026 τέλος

347 1053 603 1130 ὑγιεινὸν,
652 1051 749 1107 κᾶν
808 1052 1100 1114 νοσοποιὸς
1151 1052 1189 1127 ᾖ
1245 1055 1279 1123 ἡ
1341 1052 1508 1109 αἰτία.
1565 1052 1834 1127 Μέγιστον
1867 1049 1996 1128 γοῧν

342 1150 445 1213 τῆς
479 1140 622 1206 θείας
672 1140 955 1216 προνοίας,
1002 1141 1064 1196 τὸ
1118 1142 1195 1214 μή
1249 1141 1398 1196 έᾶσαι
1438 1144 1538 1212 τὴν
1568 1140 1620 1212 ἐξ
1652 1141 1999 1204 ἀποστάσεως

348 1231 603 1288 ἑκουσίου
635 1235 853 1309 φυεῖσαν
894 1229 1086 1285 κακίαν
1139 1228 1420 1307 ἄχρηστον
1470 1231 1563 1287 καί
1612 1229 1872 1308 ἀνωφελῆ
1906 1230 2001 1304 μέ-

349 1343 483 1394 νειν,
514 1318 655 1395 μηδὶ
689 1321 796 1393 μὴν
828 1318 964 1373 κατᾶ
1010 1320 1184 1374 πάντα
1236 1314 1507 1396 βλαϐερὰν
1536 1320 1703 1390 αὐτὴν
1735 1321 1999 1395 γενέσθαι·

349 1418 449 1482 τῆς
508 1411 610 1486 γὰρ
669 1408 813 1471 θείας
872 1407 1082 1485 σοφίας,
1149 1408 1238 1464 καὶ
1297 1409 1517 1483 ἀρετῆς,
1572 1408 1664 1464 καὶ
1721 1405 2002 1481 δυνάμεως

353 1500 507 1577 ἔργον
537 1497 678 1555 ἐστὶν
732 1496 792 1553 οὗ
846 1499 1012 1572 μόνον
1058 1498 1121 1553 τὸ
1170 1499 1520 1574 ἀγαθοποιεῖν
1563 1499 1743 1577 (φύσις
1772 1498 1896 1575 γὰρ,
1929 1500 2004 1562 ὡς

353 1591 547 1660 εἰπεῖν,
581 1588 714 1658 αὕτη
745 1592 842 1642 τοῦ
901 1591 1057 1655 θεοῦ,
1119 1587 1193 1650 ὡς
1251 1592 1349 1642 τοῦ
1379 1590 1550 1663 πυρὸς
1575 1589 1638 1644 τὸ
1670 1588 2002 1664 θερμαίνειν,

351 1682 570 1736 καὶτοῦ
602 1678 782 1754 φωτὸς
828 1677 889 1731 τὸ
933 1676 1229 1755 φωτίζειν)’
1277 1676 1426 1733 ἀλλά
1469 1679 1689 1733 κάκεῖνο
1746 1677 2003 1752 μάλιστα,

355 1772 415 1826 τὸ
449 1767 538 1825 διὰ⁴
567 1772 744 1824 κακῶν
795 1771 904 1823 τῶν
963 1765 1352 1838 έπινοηθέντων
1412 1768 1550 1843 πρός
1588 1789 1774 1837 τινων,
1807 1767 2000 1842 ἀγαθόν

353 1880 405 1914 τι
450 1858 541 1913 καὶ
573 1857 815 1932 χρηστὸν
845 1854 1007 1917 τέλος
1056 1853 1364 1925 ἀποτελεῖν,
1412 1856 1503 1911 καὶ
1553 1855 1850 1930 ὠφελίμως
1888 1862 2005 1919 τοῖς

355 1948 575 2004 δοκοῦσι
633 1943 863 2023 φαύλοις
920 1946 1185 2021 χρῆσθαι,
1243 1946 1483 2020 κατάπερ
1534 1947 1625 2002 καὶ
1671 1952 1751 2019 τῷ
1799 1945 1859 2001 ἐκ
1887 1968 2006 2001 πει-

352 2041 567 2113 ρασμοῦ
602 2034 903 2110 μαρτυρίῳ.
939 2036 1122 2090 Ἔστιν
1153 2033 1243 2089 οὖν
1304 2036 1401 2089 κᾶν
1438 2035 1742 2112 φιλοσοφίᾳ
1769 2039 1838 2109 τῇ
1870 2034 2004 2090 κλα-

352 2126 532 2201 πείσῃ,
565 2123 805 2198 καθάπερ
866 2124 969 2178 ὑπὸ
1024 2122 1386 2199 Προμηθέως,
1426 2128 1534 2198 πῦρ
1566 2122 1750 2198 ὀλίγον
1785 2123 1858 2187 εἷς
1891 2129 2009 2203 φῶς

353 2212 663 2285 ἐπιτήδειον
714 2212 1011 2288 χρησίμως
1066 2212 1510 2287 ζωπυρούμενον,
1553 2210 1707 2288 ἴχνος
1733 2234 1785 2267 τι
1816 2214 2003 2291 σοφίας

354 2306 444 2359 καί
470 2303 684 2374 κίνησις
725 2301 873 2377 παρᾶ
921 2305 1074 2358 Θεοῦ.
1124 2306 1297 2355 Ταῦτα
1345 2304 1459 2374 (24)
1506 2299 1552 2356 δ’
1602 2301 1662 2355 ἂν
1692 2301 1794 2356 εἶεν
1828 2301 2007 2357 «κλέ-

357 2415 487 2448 πται
513 2391 603 2448 καί
636 2390 828 2466 λῃσταὶ
861 2414 889 2442 ››
919 2391 972 2445 οἱ
997 2391 1122 2464 παρ’
1153 2388 1397 2459 Ἕλλησι
1431 2386 1749 2467 φιλόσοφοι,
1781 2392 1869 2445 καὶ
1898 2391 2004 2466 πρὸ

355 2490 457 2553 τῆς
485 2486 584 2538 τοῦ
615 2482 824 2556 Κυρίου
852 2479 1149 2554 παρουσίας
1182 2480 1329 2553 παρὰ
1369 2484 1477 2534 τῶν
1528 2474 1833 2555 Ἐὄραῖκῶν
1864 2500 2003 2555 προ-

356 2575 543 2647 φητῶν
580 2569 718 2645 μέρη
750 2575 850 2638 τῆς
882 2566 1142 2639 ἀληθείας
1169 2567 1230 2623 οὗ
1253 2569 1370 2623 κατ’
1393 2566 1683 2643 ἐπίγνωσιν
1718 2563 2002 2638 λαϐόντες,

354 2657 588 2722 ἀλλ’ὡς
640 2655 750 2713 ἴδια
808 2658 1251 2735 σφετερισάμενοι
1312 2655 1576 2733 δόγματα·
1632 2657 1722 2712 καὶ
1779 2659 1846 2713 τὰ
1908 2659 2001 2731 μὶν

352 2748 857 2823 παραχαράξαντες,
906 2747 973 2800 τὰ
1022 2742 1079 2799 δὲ
1128 2745 1231 2801 ὐπὸ
1279 2746 1589 2821 περιεργίας
1638 2746 1863 2819 ἀμαθως
1911 2768 2003 2801 σο-

357 2838 662 2915 φισάμενοι,
717 2837 784 2891 τὰ
867 2832 926 2891 δὶ
1007 2836 1095 2891 καὶ
1157 2834 1481 2910 ἐξευρόντες·
1560 2833 1693 2897 ἴσως
1748 2836 1853 2911 γάρ
1910 2838 1999 2891 καὶ

360 2951 389 2977 ‹‹
421 2929 634 2997 πνεῦμα
688 2924 987 2996 αἰσθήσεως
1035 2928 1148 2998 (25)
1188 2948 1215 2975 ››
1272 2924 1593 2998 ἐσχήκασιν.
1653 2924 2004 2999 ὨμοΛόγησε

362 3011 420 3068 δὲ
484 3013 575 3069 καὶ
642 3010 1023 3088 Ἀριστοτέλης
1076 3017 1143 3087 τῇ
1195 3017 1405 3090 Γραφῇ,
1446 3013 1748 3082 κλεπτιγήν
1808 3013 1999 3089 σοφίας

355 3104 456 3170 τήν
513 3104 824 3181 σοφιστικὴν
884 3103 1073 3171 εἰπὼν,
1149 3103 1223 3165 ὡς
1285 3102 1775 3185 προεμηνύσαμεν..
1825 3104 1886 3160 Ὀ
1944 3101 2002 3158 δὲ

352 3192 703 3256 Ἀπόστολος·
740 3217 768 3245 ι(
809 3195 881 3250 "A
924 3192 1013 3247 καὶ
1044 3190 1346 3264 λαλοῦμεν,
1394 3190 1567 3268 λέγει,
1613 3191 1712 3247 οὐκ
1745 3191 1797 3248 ἰν
1849 3190 2000 3247 διδα-

350 3287 502 3344 κτοῖς
553 3283 901 3358 ἀνθρωπίνης
953 3281 1144 3360 σοφίας
1191 3280 1401 3356 λόγοις,
1446 3280 1575 3337 ἀλλ’
1625 3282 1676 3337 ἐν
1726 3279 2000 3344 διδακτοῖς

352 3371 679 3444 πνεύματος.
714 3394 742 3424 ››
778 3372 902 3428 Ἐπὶ
937 3371 1032 3445 μὲν
1066 3370 1169 3446 γὰρ
1199 3374 1309 3425 τῶν
1360 3375 1683 3446 προφητῶν’
1720 3393 1745 3425 α
1780 3373 2000 3441 Πάντες,

353 3462 541 3538 φησὶν,
577 3461 637 3517 ἐκ
663 3464 760 3516 τοῦ
790 3460 1168 3534 πληρώματος
1199 3460 1366 3515 αὐτοῦ
1400 3456 1693 3532 ἐλάϐομεν
1730 3485 1757 3511 ››
1791 3458 1997 3531 δηλον-

349 3551 431 3606 ότι
486 3555 584 3605 τοῦ
641 3552 894 3624 Χριστοῦ.
952 3550 1109 3605 Ὥστε
1166 3549 1229 3605 οὐ
1286 3551 1516 3604 κλέπται
1585 3551 1638 3605 οἱ
1695 3557 1997 3625 προφῆται.

352 3665 380 3693 ‹‹
407 3639 511 3697 Καί
542 3642 577 3709 ἡ
606 3638 813 3715 διδαχή
845 3642 880 3709 ἡ
914 3639 1022 3711 έμή
1078 3644 1209 3709 (26),
1263 3638 1363 3693 οὐκ
1402 3635 1545 3694 ἔστιν
1578 3638 1707 3714 ἐμὴ,
1740 3641 1769 3694 ὁ
1801 3643 1997 3715 Κύριος

350 3728 523 3805 λέγει,
556 3727 703 3785 ἀλλᾶ
750 3732 848 3783 τοῦ
878 3727 1192 3802 πέμψαντός
1242 3747 1307 3799 με
1358 3727 1590 3802 Ιιατρόςο
1626 3750 1654 3779 ››
1686 3727 1771 3783 ἐπὶ
1808 3725 1866 3783 δὲ
1892 3733 2001 3783 τῶν

348 3818 714 3889 κλεπτόντων,
755 3839 776 3868 ι
809 3818 871 3875 Ὁ
903 3815 960 3873 δὲ
989 3816 1086 3891 ἀφ,
1123 3817 1337 3887 ἑαυτοῦ,
1370 3818 1526 3894 φησὶ,
1560 3814 1744 3872 λαλῶν
1776 3819 1876 3888 τήν
1908 3815 2002 3872 δό-

350 3908 438 3979 ξαν
498 3909 596 3976 τὴν
653 3904 792 3961 ἰδίαν
854 3910 1026 3975 ζητεῖ.
1078 3927 1107 3957 ››
1167 3907 1424 3961 Τοιοῦτοι
1480 3901 1538 3959 δὲ
1604 3906 1655 3958 οἱ
1707 3904 2000 3975 Ἕλληνες,

352 4021 380 4049 ‹‹
412 3996 669 4075 φίλαυτοι
699 3996 788 4051 καὶ
819 3995 1098 4064 ἀλαζόνες,
1134 4016 1162 4045 ››
1196 3992 1409 4071 Σοφοὺς
1438 3990 1497 4047 δὲ
1536 3992 1730 4056 αὐτοὺς
1770 3993 2002 4070 λέγουσα

352 4089 387 4156 ἡ
420 4089 630 4163 Γραφὴ,
664 4084 725 4140 οὖ
757 4083 885 4147 τοὺς
918 4080 1088 4146 ὅντως
1120 4082 1319 4162 σοφοὺς
1353 4076 1662 4153 διαϐάλλει,
1697 4080 1843 4139 ἀλλὰ
1870 4085 2001 4148 τοὺς

356 4172 573 4246 δοκήσει
597 4174 825 4250 σοφούς.

2103 540 2304 593 quam,
2340 526 2440 596 qui
2471 524 2788 593 defecerat,
2822 523 3103 579 ministri.
3138 524 3291 578 Dicit
3318 529 3518 579 autem
3548 530 3756 582 Pastor

2101 624 2361 684 quoque,
2413 613 2660 685 angelus
2710 612 3098 683 panitentia,
3149 611 3222 667 ad
3272 613 3629 684 Hermetem,
3682 618 3754 674 de

2054 772 2059 777 ο
2102 703 2653 775 pseudopropheta:
2691 724 2719 753 ‹‹
2750 702 3029 768 Quadam
3066 702 3226 757 enim
3264 702 3442 759 verba
3472 721 3606 761 vera
3652 706 3754 761 di-

2103 790 2221 844 cit:
2278 790 2548 846 diabolus
2606 791 2766 846 enim
2817 806 2951 845 eum
3001 789 3213 861 implet
3260 807 3366 846 suo
3415 792 3646 863 spiritu,
3704 795 3754 849 si

2104 895 2281 951 quem
2315 880 2503 950 possit
2533 895 2602 933 ex
2623 879 2804 950 justis
2833 878 3124 950 frangere.
3163 902 3182 928 ι
3220 881 3434 936 Omnia
3465 898 3599 954 ergo
3627 899 3752 938 ca-

2104 967 2247 1023 litus
2276 968 2337 1022 in
2368 968 2592 1023 bonum
2638 969 3082 1039 dispensantur,
3131 986 3153 1016 ι
3185 973 3252 1023 ut
3297 985 3403 1041 per
3427 971 3752 1028 Ecclesiam

2105 1058 2442 1113 innotescat
2462 1057 2772 1129 multiplex
2794 1074 2861 1114 ac
2884 1058 3046 1112 varia
3068 1058 3169 1113 Dei
3202 1059 3514 1130 sapientia,
3541 1079 3753 1117 secun-

2107 1146 2250 1201 dum
2283 1146 2634 1201 saculorum
2655 1146 3116 1218 prascientiam,
3140 1163 3319 1218 quam
3343 1147 3484 1204 fecit
3503 1149 3565 1204 in
3586 1151 3756 1205 Chri-

2108 1241 2197 1291 sto
2248 1240 2345 1305 (a).
2399 1255 2428 1285 »
2479 1237 2597 1291 Deo
2648 1240 2846 1291 autem
2895 1236 3046 1290 nihil
3094 1237 3458 1306 adversatur,
3507 1256 3617 1295 nec
3667 1246 3758 1297 est

2107 1327 2434 1398 quidquam
2466 1326 2519 1382 ei
2550 1327 2935 1395 contrarium,
2980 1332 3044 1382 ut
3093 1328 3194 1398 qui
3235 1328 3311 1383 sit
3360 1331 3647 1386 Dominus
3697 1338 3760 1387 et

2108 1415 2506 1488 omnipotens.
2568 1417 2903 1481 Quinetiam
2957 1433 3185 1484 eorum,
3233 1418 3334 1488 qui
3384 1418 3750 1488 defecerunt,

2108 1505 2362 1560 consilia
2378 1510 2436 1560 et
2448 1505 2845 1576 operationes,
2869 1522 3004 1560 cum
3016 1511 3247 1576 partem
3262 1507 3454 1563 solum
3468 1507 3529 1563 af
3530 1510 3753 1578 ficiant,

2110 1594 2262 1649 ﬁunt
2291 1594 2532 1665 quidem
2565 1611 2634 1648 ex
2664 1595 2823 1648 mala
2850 1595 3183 1660 affectione,
3216 1597 3371 1651 sicut
3400 1598 3592 1653 morbi
3625 1617 3756 1654 cor-

2112 1684 2311 1754 poris;
2345 1682 2416 1737 ab
2446 1683 2768 1737 universali
2800 1688 2999 1737 autem
3025 1684 3398 1754 providentia
3422 1686 3759 1758 diriguntur

2036 1789 2082 1854 Β
2112 1770 2184 1826 ad
2218 1771 2399 1826 ﬁnem
2432 1771 2752 1833 salubrem,
2795 1771 3027 1826 etiamsi
3078 1788 3257 1827 causa
3301 1775 3378 1828 sit
3405 1775 3597 1829 morbi
3631 1778 3757 1832 effi-

2112 1861 2295 1916 ciens.
2340 1863 2441 1915 Est
2488 1860 2688 1930 itaque
2738 1862 3061 1916 maximum
3112 1860 3323 1916 divina
3372 1864 3757 1934 providentia

2111 1966 2279 2021 opus.
2314 1949 2471 2020 quod
2498 1965 2619 2003 non
2651 1949 2825 2019 sinat,
2853 1955 2919 2003 ut
2946 1949 3174 2016 vitium,
3226 1950 3384 2020 quod
3434 1968 3504 2006 ex
3551 1953 3760 2008 volun-

2110 2039 2261 2095 taria
2289 2039 2619 2095 defectione
2649 2044 2845 2095 ortum
2894 2045 3001 2105 est,
3051 2038 3493 2095 inconducibile
3522 2048 3763 2097 maneat

2112 2128 2418 2193 etinutile,
2445 2128 2546 2183 sed
2565 2144 2675 2183 nec
2694 2127 2770 2182 sit
2790 2127 3010 2198 ubique
3034 2134 3091 2181 et
3112 2128 3174 2182 in
3192 2128 3468 2185 omnibus
3491 2132 3754 2186 noxium.

2111 2218 2330 2274 Divina
2366 2220 2524 2273 enim
2557 2218 2886 2289 sapientia,
2921 2218 3249 2285 etvirtutis,
3283 2223 3340 2273 et
3363 2221 3645 2289 potentia
3671 2227 3761 2277 est

2111 2308 2396 2374 ofﬁcium,
2430 2323 2551 2362 non
2584 2307 2777 2361 solum
2806 2306 3153 2362 benefacere
3185 2308 3334 2376 (hac
3357 2313 3447 2362 est
3476 2309 3660 2375 enim,
3692 2317 3758 2364 ut

2108 2397 2192 2451 ita
2222 2396 2436 2463 dicam,
2473 2396 2574 2451 Dei
2596 2401 2829 2461 natura,
2862 2401 2927 2449 ut
2957 2395 3108 2467 ignis
3139 2395 3483 2464 calefacere,
3509 2402 3567 2450 et
3605 2398 3756 2454 lucis

2108 2485 2490 2554 illuminare),
2526 2484 2628 2538 sed
2660 2483 2810 2538 illud
2832 2498 3066 2554 quoque
3091 2484 3364 2545 maxime,
3398 2490 3465 2539 ut
3493 2485 3573 2553 id,
3598 2488 3754 2556 quod

2106 2590 2214 2645 per
2244 2574 2432 2629 malos
2464 2572 2699 2642 aliquos
2732 2572 3123 2643 excogitatum
3156 2578 3264 2639 est,
3287 2572 3362 2628 ad
3392 2573 3616 2629 bonum
3646 2576 3758 2630 ali-

2108 2678 2286 2733 quem
2318 2662 2499 2717 ﬁnem
2531 2666 2589 2714 et
2634 2660 2843 2715 utilem
2891 2660 3164 2727 deducat,
3217 2665 3274 2716 et
3318 2663 3627 2719 commode
3661 2665 3757 2736 iis,

2107 2767 2238 2821 qua
2269 2750 2544 2805 videntur
2573 2749 2749 2815 mala,
2783 2754 3001 2815 utatur,
3037 2750 3191 2805 sicut
3220 2767 3311 2818 eo,
3339 2752 3497 2822 quod
3529 2770 3599 2807 ex
3622 2758 3751 2809 ten-

2106 2840 2327 2895 tatione
2355 2839 2664 2910 processit,
2720 2839 3082 2893 testimonio.
3136 2841 3236 2894 Est
3275 2856 3411 2913 ergo
3461 2842 3640 2898 etiam
3693 2844 3752 2899 in

2105 2928 2502 3000 philosophia,
2531 2944 2662 2998 qua
2695 2928 2851 2982 furto
2901 2934 3193 3000 surrepta,
3227 2929 3405 2984 veluti
3437 2947 3470 2984 a
3500 2933 3751 2988 Prome-

2106 3016 2263 3083 theo,
2296 3020 2581 3086 tanquam
2610 3014 3049 3085 aliquantulum
3083 3016 3258 3089 ignis,
3290 3019 3628 3089 generando
3662 3020 3756 3074 lu-

2111 3105 2281 3171 mini,
2314 3105 2364 3159 si
2395 3104 2703 3159 commode
2735 3105 3043 3171 excitetur,
3100 3112 3324 3177 aptum,
3360 3111 3417 3161 et
3446 3108 3756 3181 vestigium

2112 3194 2353 3265 aliquod
2385 3193 2712 3264 sapientia,
2751 3198 2811 3247 et
2853 3194 3033 3247 motio
3083 3210 3118 3248 a
3164 3195 3282 3249 Deo
3330 3201 3478 3251 orta.
3528 3198 3596 3251 In
3646 3199 3757 3253 hoc

2111 3289 2310 3339 autem
2355 3306 2381 3333 ι(
2432 3282 2695 3337 latrones
2745 3286 2803 3337 et
2850 3282 3012 3337 fures
3064 3305 3084 3330 υ
3145 3283 3370 3340 fuerint
3421 3288 3757 3343 Graecorum

2112 3372 2473 3445 philosophi,
2506 3371 2664 3443 quod
2711 3388 2845 3425 cum
2889 3375 3025 3427 ante
3072 3372 3306 3427 Domini
3356 3374 3673 3431 adventum
3727 3395 3763 3432 a

2111 3462 2420 3534 prophetis
2451 3461 2605 3517 135
2638 3460 2899 3515 Hebrais
2948 3459 3238 3530 quasdam
3269 3468 3466 3535 partes
3495 3467 3756 3521 veritatis

2110 3552 2494 3623 sumpserint,
2528 3550 2587 3605 id
2617 3550 2863 3605 minime
2896 3556 3304 3622 agnoscentes,
3338 3552 3450 3606 sibi
3475 3558 3757 3624 tanquam

2108 3640 2352 3713 propria
2366 3639 2641 3710 dogmata
2660 3639 3078 3706 attribuerunt,
3106 3644 3163 3693 et
3183 3639 3303 3694 alia
3323 3641 3563 3710 quidem
3587 3643 3754 3697 adul-

2111 3733 2400 3793 terarunt,
2415 3728 2533 3783 alia
2546 3732 2766 3794 autem,
2785 3743 3220 3799 supervacanea
3237 3727 3492 3800 quadam
3506 3730 3759 3804 diligen-

2110 3818 2193 3875 tia
2222 3817 2517 3888 imperite,
2550 3833 2617 3872 ac
2667 3816 3069 3887 sophistarum
3101 3832 3264 3871 more
3296 3816 3758 3889 interpolarunt,

2112 3907 2230 3962 alia
2259 3912 2458 3961 autem
2490 3906 2666 3959 etiam
2698 3904 3089 3972 invenerunt;
3136 3922 3246 3960 nec
3278 3906 3439 3960 enim
3488 3924 3622 3963 \ero
3653 3908 3759 3964 ab-

2113 3998 2305 4055 simile
2325 4001 2434 4061 est,
2455 4013 2556 4052 eos
2574 4018 2600 4044 ‹‹
2621 4013 2831 4051 sensus
2845 3995 3117 4067 spiritum
3132 3994 3249 4066 (b)'«
3264 3996 3561 4052 habuisse.
3577 3998 3757 4061 >X<As~

2113 4088 2368 4144 sentitur
2396 4092 2596 4142 autem
2627 4085 2943 4156 Scriptura
2993 4101 3229 4155 quoque
3259 4085 3626 4155 Aristoteles,
3656 4088 3755 4158 qui

2111 4177 2278 4247 dixit,
2311 4176 2698 4248 sophisticam
2722 4191 2851 4229 esse
2880 4173 3073 4228 furem
3096 4174 3423 4245 sapientia,
3449 4176 3602 4231 sicut
3621 4182 3758 4232 ante

354 4266 743 4321 ostendimus.
796 4264 1112 4337 Apostolus
1166 4268 1408 4319 autem.
1469 4280 1495 4310 α
1527 4265 1663 4329 Qua
1723 4264 1900 4320 etiam
1957 4266 2281 4339 loquimur,
2336 4266 2550 4337 inquit,
2610 4281 2731 4319 non
2788 4263 2848 4318 in
2904 4263 3091 4318 doctis
3143 4264 3417 4319 humana
3449 4265 3756 4337 sapientia

351 4354 563 4421 verbis,
599 4354 702 4411 sed
734 4356 794 4409 in
825 4354 1099 4408 doctrina
1127 4353 1369 4424 spiritus
1401 4352 1495 4425 (c).
1533 4375 1553 4401 ι
1590 4354 1670 4407 De
1701 4354 2006 4425 prophetis
2036 4357 2234 4411 enim:
2290 4375 2318 4404 «
2359 4356 2596 4420 Omnes,
2650 4352 2863 4423 inquit,
2913 4352 2985 4407 de
3031 4352 3405 4423 plenitudine
3438 4354 3567 4424 ejus
3594 4371 3760 4410 acce-

351 4444 547 4515 pimus
576 4444 678 4514 (d),
718 4465 744 4491 n
776 4442 991 4498 Christi
1021 4442 1267 4497 scilicet.
1301 4442 1488 4506 Quare
1520 4458 1639 4497 non
1672 4448 1813 4497 sunt
1841 4444 1999 4499 fures
2026 4446 2349 4516 propheta.
2406 4465 2434 4494 ‹‹
2467 4445 2536 4496 Et
2582 4441 2854 4496 doctrina
2895 4457 3047 4506 mea,
3082 4458 3201 4495 non
3233 4447 3324 4496 est
3352 4459 3506 4508 mea,
3540 4444 3756 4514 inquit,

352 4533 656 4598 Dominus,
689 4531 791 4587 sed
823 4532 972 4603 ejus,
1007 4531 1107 4602 qui
1139 4530 1302 4584 misit
1331 4547 1445 4597 me,
1478 4530 1686 4585 Patris.
1726 4552 1751 4578 ›ι

1812 4534 1881 4586 Et
1935 4532 2007 4587 de
2061 4533 2333 4588 furibus:
2399 4553 2421 4579 ι
2455 4531 2564 4596 Qui
2613 4536 2812 4586 autem
2863 4545 2931 4585 ex
2977 4530 3194 4601 seipso,
3222 4531 3437 4601 inquit,
3473 4531 3757 4602 loquitur,

349 4621 596 4694 gloriam
622 4621 922 4693 propriam
956 4619 1170 4692 quarit
1199 4620 1287 4692 (c).
1322 4642 1349 4668 »
1400 4619 1573 4674 Tales
1622 4624 1821 4676 autem
1868 4626 2007 4676 sunt
2054 4622 2259 4687 Graci,
2313 4642 2341 4670 «
2375 4620 2602 4691 seipsos
2637 4625 2924 4686 amantes,
2966 4617 3104 4673 elati
3135 4618 3224 4691 (ν’).
3256 4642 3283 4669 ››
3317 4620 3625 4691 Sapientes
3653 4639 3762 4676 au-

349 4716 469 4765 tem
503 4728 602 4766 eos
633 4710 839 4766 dicens
872 4709 1194 4781 Scriptura,
1230 4724 1349 4762 non
1376 4708 1761 4780 reprehendit
1791 4725 1891 4764 eos
1922 4710 2023 4780 qui
2055 4715 2194 4765 sunt
2221 4726 2355 4765 vere
2389 4708 2724 4780 sapientes;
2757 4707 2860 4762 sed
2892 4723 2992 4761 eos
3024 4708 3124 4777 qui
3158 4709 3268 4763 sibi
3299 4709 3592 4764 videntur.

419 4897 482 4961 ›ι‹
512 4900 575 4952 Ρ.
610 4899 712 4953 370
741 4897 1181 4969 ED.POTTER.
1217 4897 1317 4951 313
1348 4896 1461 4951 ED.
1503 4896 1730 4969 PARIS.
1770 4894 1870 4969 (α)
1928 4898 2001 4968 Ep

2112 4914 2140 4951 ι.
2198 4898 2295 4964 ΙΙΙ,
2358 4899 2446 4963 10,
2505 4899 2588 4950 11.
2625 4896 2704 4968 (b)
2736 4896 2913 4951 Exod.
2946 4913 3145 4966 xxvul,
3179 4899 3230 4951 3.
3273 4896 3344 4969 (ο)
3370 4899 3393 4951 Ι
3420 4898 3550 4955 Cor.
3580 4915 3640 4969 ιι,
3677 4899 3761 4953 13.

348 4971 426 5039 (ἀ)
458 4971 624 5025 Joan.
659 4986 698 5036 ι,
732 4972 816 5025 16.
852 4968 923 5041 (e)
951 4969 1116 5025 Joan.
1148 4985 1244 5034 v11,
1280 4969 1366 5034 16,
1429 4968 1511 5022 18.
1543 4968 1609 5037 (Γ)
1642 4969 1692 5021 Η
1721 4967 1868 5022 Tim.
1902 4967 2065 5036 111,2-

348 5160 752 5232 notissimum,
779 5158 940 5232 apud
988 5174 1137 5232 quos
1194 5156 1350 5232 ῥῆξαι
1410 5163 1500 5232 est
1551 5150 2004 5232 fataealeivttlt

349 5249 479 5303 exp.
537 5226 887 5304 Hesychius.
956 5226 1099 5285 Iride
1158 5226 1421 5302 epitheta
1473 5226 1773 5305 ῥηξίφρων,
1830 5226 2001 5303 sm-

346 5322 484 5365 νωρ,
517 5308 629 5358 etc.

417 5322 894 5447 ίέἒῗιῐῗρόγνωσιν.
928 5369 1210 5447 Πρόθεσιν,
1232 5372 1454 5447 Ephes.

590 5439 1138 5517 ’Ἀποστατησάντων.
1200 5439 1484 5517 '_A._Ams._,
1554 5439 1999 5517 ἀποπησᾶντων.

347 5512 452 5572 sed
481 5512 677 5573 verior
705 5517 858 5590 vulg.
893 5515 1068 5571 lectio
1096 5533 1109 5581 ;
1133 5514 1224 5569 vel
1252 5514 1429 5569 etiam
1452 5514 1710 5581 brevius,
1734 5512 2005 5567 ἀποστάν-

345 5606 478 5641 των.
514 5590 789 5645 Sanunc.

421 5662 537 5731 (24)
563 5661 767 5715 Ταῦτα.
806 5660 862 5715 Si
894 5674 1031 5714 vera
1088 5660 1178 5711 est
1235 5657 1548 5729 scriptura,
1592 5654 2005 5712 subaudienda

2110 5159 2448 5231 praepositio
2480 5158 2736 5231 κατείδῃς
2761 5157 3006 5218 similis:
3032 5157 3121 5231 vel
3145 5156 3461 5223 legendum
3481 5156 3758 5231 ταύτῃ.Ιυ.

2182 5227 2292 5299 (23)
2325 5229 2544 5299 Πνεῦμα
2573 5227 2896 5298 αἰσθήσεως.
2948 5229 3261 5299 Respicere
3310 5231 3541 5285 videtur
3578 5227 3758 5299 Exod.

2111 5298 2307 5376 xxviii,
2339 5304 2405 5376 3._
2437 5298 2571 5376 ῌᾷσι
2628 5305 2745 5376 τοῖς
2801 5306 2991 5376 σοφοῖς
3048 5298 3281 5376 διανοίᾳ,
3342 5300 3435 5376 οὕς
3486 5298 3762 5376 ἐνέπλησα

2111 5375 2325 5439 πνεῦμα
2356 5370 2673 5445 αἰσθήσεως.
2708 5370 2889 5429 (Ξοῐιῖ.’
2908 5390 3039 5445 qua
3072 5373 3346 5444 superius
3381 5373 3527 5427 dixit
3555 5376 3763 5425 auctor

2112 5461 2169 5516 p.
2205 5446 2301 5498 281
2342 5444 2496 5516 edit._
2519 5446 2704 5516 Paris.

2185 5517 2297 5589 (26)
2324 5512 2525 5589 ξῙῙΔδιδ,
2558 5517 2592 5582 ἠ
2628 5515 2757 5583 ἐμή.
2792 5517 2990 5589 iVulg._
3013 5515 3138 5569 Bib.
3188 5516 3354 5589 Joan.
3402 5529 3471 5565 vn
3499 5511 3754 5589 brevius,

2111 5586 2145 5653 ἠ
2179 5585 2286 5660 ἐμὴ
2320 5584 2547 5660 διδαχή.
2580 5582 2667 5643 Ab
2695 5582 3108 5644 iisdem'abest
3137 5586 3314 5640 etiam
3363 5582 3756 5655 appositivum

2112 5653 2316 5732 πατρός
2345 5653 2619 5715 δγιῖυπσ.
