4058 6164
321 266 429 353 803

1556 288 1965 345 CLIMBNTIB
2000 287 2503 346 ALEXANDBINI

3630 289 3738 348 804

1793 439 2027 495 CAPUT
2062 437 2257 495 XVIII.

953 550 1206 608 Illustrat
1237 550 1381 606 illud
1409 551 1617 607 dictum
1647 549 1900 621 Apostoli
1921 564 1940 602 :
1971 569 2001 598 α
2032 549 2269 604 Perdam
2317 549 2653 620 sapientiam
2690 551 3023 622 sapientum.
3058 569 3084 600 ν

385 676 463 729 De
480 673 571 727 his
589 675 786 726 autem
812 669 956 726 dicit
980 689 992 725 :
1017 694 1044 721 κ
1072 671 1321 726 Perdam
1347 668 1703 742 sapientiam
1726 667 1961 739 sapien-

2147 663 2244 718 Καὶ
2275 665 2399 738 περὶ
2429 665 2637 722 τούτων
2671 674 2784 742 (27)
2834 671 3036 747 φησὶν,
3090 694 3118 720 ‹‹
3151 666 3377 727 ’Δπολῶ
3405 668 3505 737 τὴν
3539 667 3730 746 σοφίαν

312 769 460 825 tum,
493 766 552 814 et
580 759 959 832 prudentiam
1001 761 1362 832 prudentum
1412 758 1686 815 abolebo.
1719 776 1746 806 ιι
1785 756 1970 810 Infert

309 854 508 923 itaque
538 850 894 923 Apostolus:
931 871 953 900 ι
990 853 1096 906 Ubi
1140 852 1377 922 sapiens
1400 852 1426 905 ?
1453 851 1550 906 ubi
1586 848 1819 904 scriba?
1859 847 1963 902 ubi

312 942 632 1013 inquisitor
687 940 865 1013 hujus
916 941 1117 996 saeculi
1156 941 1184 994 Ἰ
1237 963 1264 990 ››
1313 941 1597 995 nimirum
1653 956 1685 994 a
1729 937 1962 1005 scribis,

312 1033 490 1102 hujus
513 1030 712 1086 saeculi
739 1031 1142 1101 inquisitores,
1169 1030 1552 1102 philosophos
1577 1046 1646 1084 ex
1666 1027 1962 1101 gentibus,

315 1121 701 1192 distinguens.
741 1143 766 1168 «ι
821 1122 1024 1174 Nonne
1077 1119 1318 1174 stultam
1366 1120 1506 1174 fecit
1551 1120 1705 1174 Deus
1755 1116 1962 1171 mundi

314 1211 665 1282 sapientiam
690 1210 763 1280 (α)
785 1209 812 1264 ?
835 1231 863 1258 ››
888 1209 1045 1280 quod
1079 1210 1324 1281 perinde
1361 1215 1468 1276 est,
1494 1226 1560 1264 ac
1593 1209 1835 1264 stultam
1868 1224 1965 1261 os-

311 1301 524 1365 tendit,
559 1305 766 1354 etnon
811 1316 1027 1367 veram,
1077 1305 1143 1353 ut
1185 1299 1272 1353 illi
1319 1315 1448 1354 eam
1495 1315 1622 1354 esse
1658 1296 1961 1369 putabant.

314 1393 383 1446 Et
411 1391 458 1445 si
491 1406 661 1462 roges
691 1405 928 1444 causam
963 1405 1068 1444 cur
1093 1388 1202 1443 sibi
1252 1387 1593 1443 viderentur
1623 1387 1922 1458 sapientes
1948 1402 1962 1438 :

320 1504 347 1531 ‹‹
383 1485 624 1552 prOpter
655 1477 978 1534 caecitatem
1001 1478 1194 1533 cordis
1216 1478 1480 1549 ipsorum
1507 1479 1598 1547 (ὁ),
1632 1497 1658 1529 ι
1695 1475 1960 1547 inquiet:

315 1592 344 1619 «
374 1569 666 1634 Quoniam
698 1568 760 1622 in
792 1567 1085 1639 sapientia
1111 1567 1234 1634 Dei,
1273 1590 1301 1617 »
1334 1584 1402 1622 ea
1425 1583 1661 1638 nempe,
1697 1583 1826 1637 qum
1859 1582 1965 1636 per

315 1660 637 1732 prophetas
668 1663 757 1712 est
786 1657 1156 1723 annuntiata,
1191 1679 1218 1706 «
1252 1674 1372 1712 non
1403 1656 1674 1729 cognovit
1705 1655 1962 1710 mundus

310 1766 418 1820 per
450 1748 826 1819 sapientiam,
857 1767 880 1796 ν
934 1763 1065 1817 qua)
1113 1746 1342 1802 scilicet
1389 1745 1652 1816 loquitur
1691 1762 1797 1816 per
1826 1761 1960 1816 pro-

309 1839 542 1910 phetas,
574 1858 598 1887 α
633 1837 850 1908 ipsum,
878 1856 905 1885 »
942 1835 1167 1890 scilicet
1201 1837 1407 1903 Deum,
1433 1858 1460 1884 ι(
1490 1836 1602 1906 ipsi
1634 1837 1750 1889 Deo
1773 1834 1960 1888 visum

310 1933 401 1982 est
440 1943 544 1998 per
575 1925 1058 1998 praedicationem
1089 1924 1377 1990 stultitim,
1401 1947 1429 1973 »
1456 1941 1587 1997 qum
1612 1923 1825 1979 Graecis
1849 1922 1963 1977 sci-

2076 757 2184 808 τῶν
2218 761 2423 832 σοφῶν,
2453 756 2541 811 καὶ
2570 758 2670 826 τὴν
2714 759 2920 814 σύνεσιν
2980 764 3088 814 τῶν
3125 763 3355 814 συνετῶν
3398 759 3666 829 ἀθετήσω.
3704 785 3726 811 υ

2079 846 2355 923 Ἐπιφέρει
2399 852 2527 922 γοῦν
2589 849 2616 902 6
2668 849 3029 912 Ἀπόστολος’
3091 876 3118 902 ‹‹
3181 855 3293 905 Ποῦ
3351 851 3559 928 σοφός;
3621 857 3726 906 ποῦ

2074 936 2463 1010 γραμματεύς;
2523 942 2627 991 ποῦ
2688 941 2998 1010 συζητητὴς
3043 944 3140 995 τοῦ
3192 939 3392 1002 αἷῶνος
3419 939 3619 995 τούτου
3649 968 3662 1008 ;
3697 965 3724 992 ιο

2075 1023 2210 1097 πρὸς
2243 1021 2663 1092 ἀντιδιαστολὴν
2721 1030 2831 1080 τῶν
2881 1027 3268 1101 γραμματέων,
3307 1026 3434 1088 τοὺς
3460 1031 3556 1081 τοῦ
3587 1029 3724 1083 αἱῶ-

2074 1134 2167 1174 νος
2205 1113 2395 1167 εοῦτου
2440 1115 2699 1184 ζητητὰς,
2746 1114 2875 1178 τοὺς
2926 1115 2977 1186 ἐξ
3027 1117 3189 1170 ἐθνῶν
3240 1117 3599 1194 φιλοσόφους,
3629 1117 3723 1172 τά·

2073 1203 2186 1272 ξας.
2224 1227 2252 1254 ‹‹
2285 1203 2430 1278 Οὐχὶ
2491 1202 2765 1279 ἐμώρανεν
2827 1206 2853 1260 6
2913 1206 3042 1267 Θεὸς
3097 1207 3201 1275 τήν
3251 1206 3441 1284 σοφίαν
3469 1211 3566 1261 τοῦ
3596 1207 3723 1262 κόσ-

2077 1312 2183 1363 μου
2215 1295 2358 1364 (28);
2397 1315 2424 1342 »
2456 1292 2649 1362 ἐπίσης
2678 1298 2778 1365 τῷ,
2815 1294 3001 1367 μωρᾶν
3043 1291 3229 1366 ἔδειξε,
3259 1294 3351 1350 καί
3384 1296 3486 1350 οὐκ
3517 1295 3721 1368 ἀληθῆ,

2072 1381 2146 1442 ὠς
2175 1381 2368 1455 ᾦοντο.
2403 1380 2511 1439 Κᾶν
2542 1383 2682 1458 πύθῃ
2736 1384 2836 1452 τὴν
2887 1384 3060 1438 αἰτίαν
3117 1392 3218 1453 τῆς
3271 1383 3592 1464 δοξοσοφίας
3626 1387 3721 1441 αύ-

2069 1478 2200 1540 τῶν,
2239 1497 2266 1524 ‹‹
2297 1469 2386 1527 διὰ
2413 1474 2512 1542 τὴν
2563 1475 2821 1547 πώρωσιν
2866 1482 2966 1544 τῆς
3009 1472 3238 1551 καρδίας
3282 1475 3482 1543 αὐτῶν,
3531 1501 3551 1526 ι
3587 1476 3720 1552 ἐρεῖ-

2072 1586 2100 1610 υ
2135 1559 2348 1616 ἐπειδὰν
2382 1561 2434 1616 ἐν
2491 1566 2560 1636 τῇ
2613 1563 2773 1639 σοφίᾳ
2828 1567 2923 1618 τοῦ
2973 1569 3129 1633 Θεοῦ,
3164 1589 3192 1616 ››
3221 1566 3466 1620 τουτέστι
3500 1563 3588 1621 διὰ
3611 1571 3718 1622 τῶν

2069 1655 2368 1728 προφητῶν
2396 1650 2834 1727 κατηγγελμένῃ,
2867 1677 2889 1706 ι
2914 1653 3013 1707 οὐκ
3044 1652 3180 1729 ἔγνω
3215 1655 3242 1708 6
3273 1653 3480 1728 κόσμος
3505 1653 3594 1710 διά
3615 1664 3717 1726 τῆς

2070 1740 2320 1817 σοφίας,››
2344 1746 2444 1809 τῆς
2465 1737 2671 1794 διΞιτῶν
2688 1746 2983 1818 προφητῶν
3001 1740 3336 1814 λαλοῦσηςμ
3363 1743 3519 1799 αὐτὸν
3542 1748 3715 1817 (29),››

2071 1826 2330 1900 δηλονότι
2361 1830 2452 1884 τὸν
2487 1829 2634 1886 Θεόν.
2669 1855 2696 1882 ‹‹
2731 1827 3020 1900 εὐδόκησεν
3068 1833 3225 1894 οὗτος
3263 1837 3374 1905 (30)
3407 1835 3434 1888 6
3467 1835 3594 1895 Θεὸς
3627 1832 3718 1889 διὰ

2067 1923 2162 1974 τοῦ
2192 1921 2548 1994 κηρύγματος
2578 1927 2678 1989 τῆς
2711 1921 2946 1996 μωρίας,
2972 1945 3000 1972 »ι
3021 1928 3120 1991 τῆς
3147 1919 3415 1993 δοκούσης
3446 1923 3715 1994 Ἕλλησιν

308 2018 448 2072 licet
481 2015 711 2070 videtur
739 2032 869 2069 esse
902 2014 1172 2082 stultitia,
1206 2037 1233 2064 «
1269 2014 1677 2069 salvos-facere
1709 2012 1957 2068 creden-

2075 2009 2200 2063 εἶναι
2237 2008 2466 2082 μωρίας,
2501 2033 2529 2062 α
2563 2014 2730 2064 σῶσαι
2773 2009 2902 2073 τοὺς
2948 2011 3321 2074 πιστεύοντας·
3357 2011 3546 2082 ἐπειδὴ
3579 2015 3715 2071 Ἰου-

309 2111 434 2160 tes:
466 2105 755 2171 Quoniam
784 2102 990 2171 Judaei,
1027 2102 1241 2173 inquit,
1285 2102 1452 2174 signa
1483 2106 1692 2174 petunt
1723 2124 1752 2152 η
1785 2099 1860 2157 ad
1891 2101 1956 2155 ﬁ-

307 2195 468 2262 dem,
503 2216 530 2244 ‹‹
551 2194 731 2249 (ἓνωοὶ
752 2197 948 2248 autem
970 2197 1247 2263 quaerunt
1270 2191 1623 2262 sapientiam
1651 2207 1664 2245 :
1695 2213 1722 2240 »
1745 2207 1962 2261 nempe

305 2285 631 2349 orationes,
669 2299 799 2354 qua:
832 2287 1120 2336 vocantur
1151 2277 1554 2353 ἆναγκαστικαί,
1587 2280 1697 2334 hoc
1719 2285 1828 2344 est,
1852 2295 1961 2334 ne-

313 2373 572 2430 cessario
629 2370 1073 2436 concludentes,
1122 2375 1181 2426 et
1234 2370 1382 2425 alios
1443 2369 1672 2438 scilicet
1719 2369 1962 2440 syllogi-

315 2481 494 2521 smos.
530 2486 557 2511 «
594 2464 706 2518 Nos
739 2467 938 2518 autem
989 2461 1382 2532 praedicamus
1425 2461 1622 2514 Jesum
1663 2458 1961 2512 Christum

309 2554 681 2613 cruciﬁxum.
701 2552 920 2608 Iudaeis
942 2551 1183 2623 quidem
1210 2549 1591 2615 scandalum;
1614 2549 1805 2619 nquod
1827 2564 1962 2603 cum

307 2643 500 2700 sciant
529 2643 921 2714 prophetiam,
955 2658 1074 2696 non
1103 2640 1351 2696 credant
1379 2638 1616 2695 eventui
1645 2654 1658 2692 :
1697 2657 1723 2690 ι
1747 2637 1963 2693 Graacis

305 2737 504 2788 autem
529 2731 893 2785 stultitiam»
921 2748 933 2796 ;
967 2729 1232 2785 fabulam
1257 2728 1418 2783 enim
1443 2745 1570 2783 esse
1599 2727 1961 2795 existimant,

310 2821 411 2890 qui
444 2820 556 2874 sibi
606 2820 881 2874 videntur
932 2819 1253 2889 sapientes,
1305 2817 1461 2887 quod
1508 2834 1614 2888 per
1661 2816 1963 2871 hominem

314 2909 495 2964 Filius
527 2908 628 2963 Dei
661 2908 956 2979 loquatur,
993 2913 1050 2962 et
1075 2909 1229 2962 Deus
1272 2906 1486 2960 habeat
1529 2906 1740 2971 tilium,
1775 2911 1834 2960 et
1864 2905 1964 2961 ille

315 2997 392 3052 sit
448 3011 696 3068 passus:
749 3013 867 3066 quo
916 2995 1000 3060 ﬁt,
1052 3000 1117 3050 ut
1165 2994 1350 3050 nimia
1400 2995 1490 3049 sui
1529 2994 1965 3049 existimatione

313 3085 734 3158 praeoccupati,
764 3085 1008 3140 credere
1057 3084 1270 3140 nolint.
1321 3083 1642 3138 Servatoris
1671 3084 1830 3138 enim
1862 3083 1966 3137 ad-

310 3182 541 3242 ventus,
593 3192 713 3230 non
746 3174 958 3229 stultos
998 3173 1158 3240 fecit,
1213 3179 1270 3228 et
1304 3172 1484 3228 duros
1515 3172 1712 3239 corde,
1749 3177 1808 3226 et
1836 3171 1967 3226 infi-

308 3264 509 3330 deles;
543 3264 646 3320 sed
677 3264 1023 3336 prudentes,
1056 3270 1114 3318 et
1145 3269 1312 3334 aptos
1345 3262 1562 3334 quibus
1602 3261 1966 3332 persuadea-

305 3362 424 3422 tur,
458 3359 515 3410 et
545 3360 834 3426 prreterea
865 3353 1091 3409 ﬁdeles.
1127 3355 1360 3418 Verum,
1390 3351 1490 3422 qui
1518 3365 1726 3422 parere
1751 3348 1963 3457 nqlue-
1991 3391 2035 3457 Ο

305 3450 466 3508 runt,
499 3443 572 3498 ab
604 3459 830 3509 eorum,
867 3443 966 3514 qui
992 3442 1366 3506 obedierunt,
1398 3439 1733 3494 voluntaria
1763 3437 1963 3494 adhae-

308 3536 475 3591 sione
505 3532 888 3599 discedendo,
922 3532 1145 3587 ostensi
1168 3537 1310 3586 sunt
1339 3529 1773 3601 imprudentes,
1795 3535 1850 3582 et
1872 3529 1965 3582 in-

309 3622 537 3688 ﬁdeles,
568 3627 626 3674 et
651 3621 835 3676 stulti.
876 3641 901 3671 ιι
945 3621 1093 3692 Ipsis
1143 3625 1341 3675 autem
1387 3619 1626 3687 vocatis,
1657 3618 1875 3673 Iudaeis
1909 3622 1966 3672 et

305 3713 541 3779 Graecis,
557 3713 824 3767 Christus
840 3712 1000 3775 estis
1017 3713 1114 3766 Dei
1130 3712 1402 3780 virtus,et
1419 3711 1517 3766 Dei
1535 3711 1922 3782 sapientia(c).
1935 3732 1956 3760 ι

304 3806 452 3860 Num
487 3818 622 3874 ergo
655 3801 834 3872 (quod
866 3807 956 3855 est
997 3801 1175 3855 etiam
1228 3800 1462 3870 melius)
1495 3799 1962 3856 existimandum

302 3897 390 3946 est
423 3908 552 3946 esse
609 3890 946 3963 negativum
1005 3888 1176 3955 illud,
1210 3911 1237 3938 «
1289 3886 1434 3961 Οὐχὶ
1483 3885 1758 3960 ἐμώρανεν
1810 3890 1963 3943 Deus

308 3982 663 4054 sapientiam
722 3979 953 4047 mundi,
1014 4001 1041 4028 »
1096 3979 1344 4050 perinde
1401 3996 1468 4033 ac
1519 3975 1616 4030 οὐκ
1663 3975 1959 4050 ἐμώρανεν·

303 4093 332 4123 ‹‹
368 4089 487 4126 non
521 4070 763 4126 stultam
796 4069 955 4132 fecit,
1004 4091 1030 4117 ››
1082 4085 1156 4122 ne
1205 4085 1383 4122 causa
1436 4067 1672 4122 duritiei
1706 4067 1899 4121 cordis
1931 4084 1965 4122 a

303 4163 421 4217 Deo
454 4162 540 4217 eis
577 4160 739 4215 facta
768 4159 1036 4214 videatur
1065 4181 1090 4207 ‹‹
1128 4158 1226 4230 qui
1291 4157 1533 4212 stultam
1564 4157 1702 4211 fecit
1728 4157 1963 4228 sapien-

301 4253 444 4307 tiam
467 4251 494 4306 ?
523 4272 551 4302 »
587 4249 842 4306 Omnino
877 4249 1035 4304 enim
1068 4264 1201 4303 cum
1248 4247 1544 4319 sapientes
1587 4252 1805 4311 essent,
1838 4262 1965 4300 ma-

294 4341 417 4413 jori
451 4340 640 4411 culpas
671 4339 834 4394 fuere
859 4337 1229 4408 obnoxii,qui
1263 4335 1667 4409 prmdicationi
1697 4352 1817 4390 non
1843 4351 1965 4390 cre-

303 4432 619 4485 diderunt:
654 4430 988 4485 voluntaria
1027 4428 1185 4483 enim
1237 4433 1325 4482 est
1355 4427 1564 4482 electio
1615 4431 1674 4481 et
1702 4426 1966 4482 delectus

299 4520 582 4574 veritatis.
663 4519 997 4584 Quinetiam
1058 4517 1240 4572 illud:
1314 4539 1338 4569 α
1415 4517 1662 4571 Perdam
1735 4515 1965 4587 sapien-

305 4610 448 4664 tiam
482 4608 837 4679 sapientum.
876 4631 902 4658 ››
950 4607 1100 4679 ejus,
1135 4625 1266 4678 qua:
1299 4607 1702 4662 contemnitur
1745 4623 1812 4662 ac
1861 4606 1960 4662 de-

303 4698 574 4770 spicitur,
634 4696 898 4751 barbara:
950 4697 1342 4768 philosophiae
1390 4697 1763 4769 oppositione
1821 4695 1965 4751 dicit

299 4787 630 4843 illustrasse
659 4803 672 4851 ;
707 4786 860 4841 sicut
890 4786 1069 4840 etiam
1116 4787 1383 4854 lucerna,
1436 4802 1565 4857 quas
1609 4803 1643 4841 a
1671 4786 1794 4840 sole
1825 4786 1959 4841 illu-

303 4880 544 4942 stratur,
577 4873 795 4929 dicitur
824 4874 1093 4945 periisse,
1123 4891 1190 4930 eo
1223 4874 1380 4946 quod
1429 4891 1548 4930 non
1575 4876 1653 4930 sit
1681 4875 1841 4946 paris
1873 4875 1962 4930 ef-

2068 2095 2234 2165 δαῖοι,
2251 2099 2408 2176 φησὶ,
2424 2103 2625 2171 σημεῖα
2645 2098 2855 2153 αίτοῦσι
2881 2123 2907 2150 »ι
2931 2100 3066 2175 πρὸς
3089 2101 3292 2156 πίστινο
3317 2126 3346 2153 ‹‹
3368 2100 3639 2173 Ἓλληνες
3662 2101 3719 2158 δὲ

2067 2185 2256 2264 σοφίαν
2311 2191 2554 2257 ζητοῦσι,
2611 2211 2641 2239 ι)
2688 2187 2817 2250 τοὺς
2865 2187 3289 2264 ἀναγκαστικοὺς
3338 2188 3716 2262 καλουμένους

2066 2275 2292 2349 λόγους,
2350 2275 2439 2330 καὶ
2495 2274 2624 2337 τοὺς
2685 2275 2890 2338 ἄλλους
2960 2276 3370 2351 συλλογισμοὺς
3431 2277 3714 2350 δηλονότι.

2073 2389 2096 2417 ι
2129 2365 2321 2437 Ἡμεῖς
2365 2362 2422 2419 δὲ
2458 2365 2801 2440 κηρύσσομεν
2855 2367 3064 2436 Ἰησοῦν
3111 2370 3217 2439 (31)
3265 2369 3494 2441 Χριστὸν
3527 2368 3714 2424 ἐσταυ-

2070 2455 2338 2530 ρωμένονο
2370 2451 2662 2516 Ἰουδαίοις
2699 2457 2791 2528 μὶν
2828 2453 3151 2527 σκάνδαλον,
3191 2481 3210 2507 ι
3267 2454 3358 2511 διὰ
3385 2458 3471 2530 τὸ,
3503 2457 3714 2521 εἷδοτας

2065 2545 2164 2613 τήν
2197 2543 2559 2618 προφητείαν,
2589 2546 2666 2616 μὴ
2715 2543 2986 2599 πιστεύειν
3033 2549 3102 2618 τῇ
3154 2541 3388 2616 ἐκϐάσει,
3421 2573 3449 2600 ‹‹
3479 2547 3717 2620 Ἕλλησι

2071 2631 2128 2688 δὲ
2163 2633 2392 2708 μωρίαν·
2431 2657 2455 2686 ι
2494 2630 2742 2706 μυθῶδες
2785 2636 2886 2710 γαρ
2931 2636 3194 2709 ἡγοῦνται
3228 2636 3280 2690 οἱ
3330 2633 3712 2716 δοκησίσοφοι,

2071 2720 2159 2778 διὰ
2186 2744 2246 2778 τε
2274 2723 2560 2796 ἀνθρώπου
2609 2723 2732 2778 Υἱὸν
2779 2728 2914 2780 Θεοῦ
2973 2723 3184 2798 λαλεῖν,
3217 2725 3331 2780 υἱόν
3365 2747 3424 2781 τε
3455 2724 3600 2801 ἔχειν
3629 2728 3718 2783 τὸν

2071 2813 2222 2884 Θεὸν,
2253 2812 2345 2868 καὶ
2401 2809 2468 2881 δὴ
2527 2812 2618 2867 καὶ
2675 2815 3001 2876 πεπονθέναι
3048 2819 3262 2870 τοῦτον·
3305 2813 3426 2879 ὅθεν
3457 2817 3656 2879 αὐτοὺς
3686 2821 3720 2888 ἡ

2070 2900 2353 2977 πρόληψις
2407 2908 2509 2970 τῆς
2566 2900 2802 2971 οἰήσεως
2859 2901 3134 2967 ἀναπείθει
3192 2903 3455 2960 ἀπιστεῖν.
3512 2906 3574 2963 Ἦ
3622 2908 3723 2982 γὰρ

2070 2990 2340 3067 παρουσία
2367 2994 2466 3046 τοῦ
2495 2997 2756 3063 Σωτῆρος
2801 2990 2862 3045 οὐ
2917 2991 3136 3067 μωροὺς
3180 2991 3403 3064 ἐποίησε
3430 2996 3522 3049 καὶ
3552 2995 3726 3068 σκλη-

2073 3078 2416 3155 ροκαρδίους,
2473 3081 2563 3136 καὶ
2612 3081 2891 3146 ἀπίστους,
2941 3079 3086 3136 ἀλλά
3140 3084 3387 3148 συνετοὺς
3419 3085 3508 3140 καὶ
3541 3085 3722 3141 εὐπει-

2071 3173 2204 3238 Θεῖς,
2240 3171 2463 3247 προσέτι
2522 3171 2766 3232 πιστούς.
2826 3168 3185 3245 Έδείχθησαν
3248 3171 3326 3244 δὲ,
3381 3173 3438 3228 ὲκ
3478 3181 3578 3243 τῆς
3606 3180 3714 3230 τῶν

2076 3260 2494 3315 ὑπακουσάντων
2575 3259 2824 3315 ἑκουσίου
2901 3259 3278 3333 προσκλίσεως
3337 3266 3718 3338 χωρισθέντες,

2073 3350 2126 3404 οἱ
2161 3351 2236 3422 μὴ
2299 3346 2653 3419 ἐθελήσαντες
2712 3349 2988 3414 πείθεσθαι
3050 3351 3298 3406 ἀσύνετοί
3345 3374 3424 3421 τε,
3472 3353 3561 3408 καὶ
3593 3350 3716 3408 ἄπι-

2075 3459 2212 3507 στοι,
2270 3437 2360 3492 καὶ
2423 3437 2622 3512 μωροί.
2683 3463 2710 3488 ‹‹
2744 3438 2937 3501 Λῦτοῖς
2997 3437 3054 3493 δέ
3111 3445 3227 3502 τοῖς
3281 3439 3533 3511 κλητοῖς,
3579 3444 3720 3498 Ἰου-

2073 3525 2249 3588 δαίοις
2305 3548 2364 3580 τε
2413 3527 2505 3581 καὶ
2560 3525 2822 3597 Ἕλλησι,
2881 3529 3112 3602 Χριστὸς
3160 3533 3292 3584 Θεοῦ
3325 3527 3555 3603 δύναμίς
3587 3531 3720 3601 ἔστι,

2073 3617 2162 3671 καὶ
2195 3620 2328 3670 Θεοῦ
2386 3615 2624 3692 σοφίαό
2695 3618 2785 3687 Μή
2847 3638 2899 3671 τι
2957 3615 3047 3671 οῦν
3108 3617 3264 3694 (ὅπερ
3315 3621 3401 3673 καὶ
3453 3617 3721 3693 ἄμεινον),

2073 3703 2412 3781 ἀποφατικὸν
2471 3705 2710 3778 ἡγητέον
2762 3706 2845 3776 τὸ,
2904 3731 2930 3754 u
2969 3706 3109 3781 Οὗχὶ
3168 3705 3445 3783 ἐμώρανεν
3507 3710 3535 3763 6
3593 3711 3722 3772 Θεὸς

2069 3796 2170 3861 τήν
2229 3792 2415 3869 σοφίαν
2475 3798 2571 3847 τοῦ
2632 3793 2862 3865 κόσμου,
2897 3820 2917 3847 ι
2986 3793 3198 3865 ἐπίσης,
3258 3821 3286 3847 ‹‹
3329 3797 3448 3853 Οὑκ
3507 3796 3723 3875 ἐμώραα

2071 3903 2180 3951 νεν,
2219 3879 2358 3936 »ἵνα
2393 3882 2466 3954 μή
2501 3884 2535 3950 ἡ
2571 3881 2718 3936 αἷτία
2748 3885 2848 3947 τῆς
2877 3881 3318 3958 σκληροκαρδίας
3364 3885 3549 3947 αὐτοῖς
3580 3889 3724 3962 παρὰ

2070 3977 2168 4027 τοῦ
2195 3977 2328 4028 Θεοῦ
2360 3971 2614 4049 φαίνηται
2673 3973 2960 4044 γενομένη,
3020 3999 3046 4024 ‹‹
3074 3977 3170 4027 τοῦ
3244 3974 3593 4049 μωρανοντος
3620 3980 3722 4046 τήν

2073 4063 2302 4141 σοφίαν;
2339 4087 2367 4113 ››
2401 4063 2486 4118 Ἐν
2531 4067 2658 4116 πᾶσι
2707 4064 2832 4138 γὰρ,
2881 4063 3058 4117 καίτοι
3115 4064 3275 4141 σοφοὶ
3321 4061 3471 4128 ὅντες
3515 4065 3564 4120 έν
3603 4068 3722 4140 μεί-

2075 4159 2188 4222 ζονι
2218 4151 2363 4222 αἰτία
2399 4151 2673 4228 γεγόνασι,
2729 4153 2806 4224 μή
2864 4153 3244 4216 πιστεύσαντες
3274 4159 3354 4227 τῷ
3383 4157 3718 4230 κηρύγματιο

2073 4242 2318 4303 ἑκούσιος
2348 4243 2450 4317 γὰρ
2546 4262 2604 4295 τε
2635 4239 2859 4315 α’ίρεσις,
2890 4241 2925 4311 ἦ
2973 4263 3029 4297 τε
3066 4250 3165 4312 τῆς
3199 4241 3460 4315 ἀληθείας
3490 4245 3718 4323 ἐκλογή,

2075 4331 2256 4389 Ἀλλά
2301 4332 2391 4386 καὶ
2447 4333 2532 4398 τὸ,
2597 4353 2624 4384 α
2656 4329 2878 4387 Ἀπολῶ
2936 4333 3034 4402 τὴν
3093 4335 3280 4411 σοφίαν
3314 4341 3418 4390 τῶν
3453 4339 3658 4416 σοφῶν,
3694 4363 3720 4391 n

2071 4427 2140 4496 τῇ
2225 4430 2324 4492 τῆς
2401 4423 2849 4498 καταφρουμένης
2935 4425 3362 4498 ὑπερορωμένης
3417 4431 3527 4502 (32)
3593 4431 3722 4506 βαρ-

2074 4513 2244 4588 οάρου
2295 4510 2620 4590 φιλοσοφίας
2668 4511 3079 4587 ἁντιπαραθέσει
3133 4516 3487 4590 καταλάμψαι
3536 4519 3721 4595 φησίν·

2073 4603 2148 4665 ὡς
2189 4601 2278 4655 καὶ
2310 4602 2337 4655 ὁ
2370 4599 2596 4675 λύχνος,
2658 4601 2760 4654 ὑπὸ
2824 4606 2921 4656 τοῦ
2979 4601 3146 4671 ἡλίου
3198 4603 3725 4681 καταλαμπόμενος,

2074 4689 2427 4748 ἀπολωλέναι
2461 4689 2698 4765 λέγεται,
2747 4695 2827 4763 τῷ
2875 4693 2950 4765 μὴ
3003 4693 3101 4761 τήν
3155 4690 3275 4765 ίίσην
3310 4693 3546 4752 ἐκτελεῖν
3577 4698 3729 4773 ἐνέρ-

2071 4804 2243 4859 γειαν.
2306 4785 2523 4836 Πάντων
2587 4781 2762 4835 τοίνυν
2846 4782 3146 4852 ἀνθρώπων
3231 4784 3618 4859 κεκλημένων,
3673 4789 3725 4843 οἳ

2075 4873 2372 4926 ὑπακοῦσαι
2407 4863 2788 4944 βουληθέντες,
2823 4894 2852 4922 ι(
2881 4871 3079 4942 κλητοὶ
3103 4876 3214 4947 (33)
3239 4894 3263 4925 ι
3299 4872 3721 4948 ὠνομάσθησαν.

366 5017 516 5082 *P.
559 5018 652 5071 371
701 5018 811 5072 ΕΙ).
855 5017 1146 5084 POTTER,
1191 5018 1292 5071 314
1323 5019 1436 5072 ED.
1479 5019 1706 5074 PARIS.
1745 5019 1961 5094 (a)ICo

2076 5062 2090 5089 ,
2122 5019 2208 5085 19,
2241 5018 2329 5069 20.
2363 5015 2436 5084 (b)
2467 5015 2682 5086 Ephes.
2716 5033 2790 5086 ιν,
2824 5019 2908 5072 l8.
2943 5017 3015 5089 (ο)
3041 5019 3065 5071 Ι
3095 5019 3226 5073 Cor.
3257 5037 3297 5086 ι,
3329 5020 3522 5076 21-24.

367 5163 473 5230 (27)
508 5156 614 5214 Καὶ
645 5157 768 5230 περὶ
799 5157 1031 5214 τούτων.
1066 5161 1236 5230 Forte
1280 5159 1368 5212 καὶ
1423 5157 1510 5213 ἐπὶ
1559 5158 1789 5230 τούτων,
1823 5183 1852 5211 ι(
1893 5167 1954 5217 et

295 5228 515 5304 dehis,
550 5253 577 5282 ι)
613 5237 677 5304 ιιι
707 5228 884 5304 paulo
917 5248 1097 5304 supra
1126 5228 1213 5304 ἐπὶ
1258 5233 1362 5304 τῶν
1415 5235 1740 5304 προφητῶν,
1775 5228 1833 5287 et
1863 5231 1951 5286 ἐπὶ

291 5309 398 5358 τῶν
429 5300 797 5358 κλεπτόντων.
824 5300 946 5357 Ἐπὶ
973 5300 1170 5358 autem
1194 5303 1254 5375 in
1279 5303 1389 5375 hoc
1420 5300 1704 5375 loquendi
1735 5320 1950 5375 genere

293 5377 481 5448 magis
509 5375 821 5431 convenire
875 5391 1052 5448 quam
1099 5372 1247 5448 περί,
1283 5373 1680 5448 liq_uet_etiam
1714 5372 1781 5428 e'x
1817 5375 1950 5431 aliis

293 5439 705 5536 scriptoribus,
738 5439 1748 5536 prasei'ti‘rn.Aris‘toLtéle.r§vLauac.

363 5515 474 5590 (28)
523 5521 635 5575 Τοῦ
692 5515 924 5588 κόσμου.
992 5517 1154 5590 Vulg.
1215 5515 1340 5590 Biib.
1387 5517 1410 5570 Ι
1458 5516 1590 5572 Cor.
1643 5534 1682 5586 l,
1731 5517 1944 5590 majori

289 5587 578 5662 emphasi,
612 5595 707 5662 τοῦ
737 5587 948 5662 κόσμου
978 5587 1198 5642 τούτου.
1239 5589 1514 5647 SYLBURG.

357 5661 471 5734 (29)
501 5661 694 5718 Αὐτόν.
730 5661 886 5732 Θεόν,
917 5664 939 5719 Ι
969 5663 1100 5717 Cor.

2057 5444 2236 5500 deton
2269 5452 2397 5518 est;
2430 5444 2606 5518 quale
2658 5463 2837 5518 supra
2886 5444 3154 5518 notatum

2132 5155 2682 5238 O5to¢.__A_best
2709 5177 2744 5216 a
2786 5161 2810 5214 Ι
2856 5160 2986 5218 Cor.
3041 5162 3167 5218 Mox
3218 5167 3320 5231 τῆς
3377 5162 3590 5238 μωρίας
3623 5167 3722 5218 τοῦ

2059 5231 2434 5304 κηρύγματος.
2461 5230 2608 5304 Ibid.

2133 5301 2248 5375 (31)
2281 5301 2515 5368 Ἰησοῦν.
2549 5302 2736 5375 Abest
2759 5318 2792 5358 a
2819 5303 2972 5375 vulg.
3007 5305 3134 5360 Bid.

2128 5374 2245 5444 (32)
2309 5373 2831 5450 Καταφρονουμένης
2894 5373 3339 5450 ὑπερορωμένης.
3376 5380 3479 5434 Hic
3535 5395 3723 5450 asyn-

3187 5467 3258 5521 p_.7
3285 5453 3400 5505 I26.
3435 5451 3722 5521 SrLBURG.

2125 5513 2501 5601 (3‘3)'K11]TO—t'.
2528 5519 2558 5601 ‘I
2575 5513 2790 5601 Sors-1,
2824 5520 2930 5601 ἓξέ
2982 5513 3275 5601 Αύτοῖίδὲ
3303 5525 3420 5601 τοῖς
3450 5518 3720 5601 κλητοῖς,

2055 5584 2349 5666 Ἰουδαίοις.
2368 5607 2425 5640 τε
2455 5586 2544 5641 καὶ
2575 5584 2844 5662 Ἕλλησι,
2877 5589 3104 5664 Χριστὸν
3155 5596 3286 5646 Θεοῦ
3335 5584 3589 5666 δύναμιν,
3623 5584 3720 5647 καὶ

2055 5662 2193 5714 Θεοῦ
2222 5655 2435 5735 σοφίαν.
