4058 6164
310 313 519 370 809’

310 532 432 602 ζῇν,
465 522 596 580 οὐδὲ
620 522 1073 595 πολυμαθοῦντα,
1121 519 1269 576 ἀλλὰ
1316 516 1457 573 ἄλλο
1509 537 1584 572 τισ
1632 516 1749 572 ἐπεὶ
1801 514 1976 591 ἔγωγε

308 613 470 689 ᾤμην
528 613 621 668 καὶ
675 607 886 673 ὄνειδος
943 612 1101 665 εἶναι.
1156 632 1183 661 n
1235 605 1388 677 ᾝδει
1439 607 1563 682 γὰρ,
1615 606 1792 678 οἶμαι,
1840 627 1867 656 ‹‹
1898 604 1973 665 ὡς

309 703 412 777 ἄρα
441 706 557 775 (50)
590 698 701 771 ἤδη
753 698 1056 771 πολυμαθῆ
1102 697 1224 752 νόον
1255 694 1394 772 ἔχει.
1429 695 1459 750 ὅ
1499 692 1738 750 διδάσκει
1768 717 1795 748 ι
1854 703 1973 756 καθ’

305 789 691 868 Ἡράκλειτον.
750 790 846 845 Ἔν
912 807 972 842 τε
1026 790 1106 857 τῷ
1162 786 1200 840 ε’
1254 792 1357 854 τῆς
1408 782 1716 844 Πολιτείας·
1762 806 1790 833 ‹‹
1823 780 1973 839 Τού-

303 901 433 943 τους
467 885 585 949 (51)
642 879 738 933 οὗν
787 877 1020 944 πάντας,
1075 874 1232 951 φησὶ,
1290 873 1381 928 καὶ
1439 872 1647 934 ἄλλους
1704 869 1970 926 τοιούτων

307 974 472 1027 τινῶν
551 962 997 1042 μαθηματικοὺς,
1072 962 1163 1018 καὶ
1236 966 1344 1017 τῶν
1424 958 1759 1037 τεχνυδρίων
1835 962 1969 1031 (52),

310 1056 652 1134 φιλοσόφους
711 1057 1006 1126 θήσομεν;
1063 1048 1375 1123 Οὐδαμῶς,
1426 1049 1571 1104 εἶπεν
1633 1051 1783 1134 (53),
1842 1044 1971 1134 ἀλλ’

310 1132 545 1220 όμοίους
582 1144 678 1217 μὶν
723 1139 1074 1220 φιλοσόφοις.
1126 1138 1269 1201 Τοὺς
1304 1136 1349 1192 δ’
1380 1135 1694 1206 ἀληθινοὺς,
1726 1133 1852 1213 ἔφη,
1880 1132 1969 1189 τί-

308 1256 404 1297 νας
434 1233 657 1310 λέγειςς
711 1230 858 1293 Τοὺς
903 1233 1003 1295 τῆς
1045 1227 1328 1297 ἀληθείας,
1359 1226 1426 1296 ἧν
1478 1224 1524 1281 δ’
1571 1224 1677 1302 ἐγὼ
1707 1223 1970 1303 φιλοθεά-

314 1343 507 1397 μονας,
544 1345 573 1373 »ο
603 1320 681 1379 Οὐ
737 1320 839 1396 γὰρ
901 1318 954 1373 ἐν
994 1317 1306 1393 γεωμετρίᾳ
1360 1319 1495 1385 (54),
1543 1313 1821 1387 αἰτήματα
1875 1312 1963 1367 καὶ

315 1412 596 1475 ὑποθέσεις
643 1408 876 1485 ἐχούσῃ,
909 1404 1209 1484 φιλοσοφία
1265 1401 1379 1459 οὐδ’
1436 1402 1487 1458 ἐν
1525 1405 1784 1477 μουσικῇ,
1838 1421 1966 1456 στο-

309 1503 551 1577 χαστικῇ
610 1519 671 1575 γε
737 1494 875 1570 οὔσῃ
910 1513 924 1527 ’
986 1492 1100 1550 οὐδ’
1157 1494 1211 1549 ἐν
1266 1492 1620 1569 ἀστρονομίᾳ,
1680 1495 1962 1577 φυσικῶν,

308 1576 400 1646 καὶ
455 1588 708 1664 ῥεόντων,
756 1586 847 1641 καὶ
897 1584 1122 1639 εἷ’κότων
1156 1578 1457 1658 βεϐυσμένῃ
1504 1581 1709 1655 λόγωνο
1742 1578 1868 1635 ἀλλ’
1899 1576 1965 1634 αὗ

308 1683 406 1735 τοῦ
448 1678 655 1752 ἀγαθοῦ
710 1672 780 1729 δι’
808 1672 1119 1745 ἐπιστήμης
1291 1670 1380 1724 καὶ
1410 1676 1510 1739 τῆς
1545 1667 1826 1738 ἀληθείας,
1859 1667 1965 1722 ἑτέ-

313 1787 422 1843 ρων
459 1766 555 1839 μὲν
601 1763 774 1819 ὅντων
802 1762 1039 1860 τόιγαθοῦ
1059 1756 1224 1860 “ὁδῶν
1256 1762 1370 1833 (56)
1404 1758 1605 1860 ’ὥσπερ
1637 1754 1694 1812 δί
1724 1754 1812 1811 ἐπὶ
1867 1756 1963 1810 τά-
1995 1796 2040 1860 Β

310 1854 518 1930 γαθόν.
572 1853 725 1908 ⁹Ὠστ’
782 1847 897 1905 οὐδ’
951 1849 1113 1912 αὐτὸς
1166 1848 1265 1915 τήν
1322 1870 1351 1900 ι(
1400 1844 1691 1921 ἐγκύκλιον
1751 1868 1780 1896 ››
1836 1865 1962 1900 παι-

314 1943 460 2002 δείαν
492 1948 607 2017 (57)
655 1941 928 1998 συντελεῖν
980 1939 1118 2015 πρὸς
1148 1936 1380 2013 τάγαθόν
1415 1934 1659 2006 δίδωσιν,
1691 1941 1962 2013 συνεργεῖν

315 2031 374 2090 δὲ
445 2034 583 2107 πρὸς
639 2033 703 2087 τὸ
767 2027 1049 2105 διεγείρειν
1113 2029 1205 2083 γαί
1262 2023 1650 2103 συγγυμνάζειν
1708 2024 1845 2101 πρὸς
1899 2024 1967 2079 τὰ

312 2124 484 2193 νοητᾶ
536 2122 637 2192 τήν
693 2121 903 2195 ψυχήν.
958 2117 1070 2175 Εἶτ’
1101 2117 1193 2171 οὗν
1241 2116 1378 2171 κατᾶ
1420 2114 1755 2188 περίπτωσίν
1806 2134 1965 2191 φασιν

314 2209 748 2289 ἆποφθέγξασθαί
804 2228 924 2263 τινα
974 2213 1074 2275 τῆς
1140 2203 1382 2275 ἀληθοῦς
1438 2202 1765 2282 φιλοσοφίας
1834 2202 1964 2265 τοὺς

312 2298 635 2370 Ἓλληνας,
715 2296 863 2358 Θείας
941 2294 1261 2368 οῗκονομίας
1342 2296 1376 2362 ἡ
1460 2291 1814 2367 περίπτωσις·
1900 2291 1963 2348 οὗ

316 2390 419 2466 γὰρ
474 2387 817 2460 ταύτόματον
872 2383 1133 2449 ἐκθειάσει
1192 2404 1276 2447 τις
1331 2379 1421 2437 διὰ
1473 2383 1575 2451 τὴν
1630 2381 1769 2456 πρὸς
1815 2383 1963 2454 ἡμᾶς

317 2476 641 2553 φιλοτιμίαν
746 2472 852 2529 εἷ’τε
918 2474 1055 2527 κατᾶ
1126 2470 1432 2547 συντυχίαν,
1506 2470 1606 2525 οὐκ
1686 2469 1962 2545 ἀπρονόη-

313 2587 406 2629 τος
454 2568 489 2635 ἡ
548 2563 833 2639 συντυχία·
869 2559 967 2617 εἶτ’
1030 2561 1096 2615 αὗ
1155 2561 1386 2634 φυσικὴν
1432 2557 1638 2614 ἔννοιαν
1670 2558 1963 2633 ἐσχηκέναι

311 2655 439 2719 τοὺς
472 2652 758 2725 Ἕλληνας
788 2650 967 2727 λέγοι,
990 2650 1083 2707 τὸν
1113 2656 1215 2719 τῆς
1262 2648 1474 2727 φύσεως
1506 2645 1852 2723 δημιουργὸν
1876 2643 1968 2703 ἕνα

313 2745 679 2819 γινώσκομεν’
712 2742 848 2806 καθὸ
875 2738 967 2795 καὶ
1004 2739 1103 2807 τὴν
1137 2735 1483 2807 δικαιοσύνην
1534 2737 1764 2815 φυσικὴν
1814 2734 1967 2809 εἰρή-

316 2852 509 2906 καμεν·
543 2831 650 2887 εἴτε
682 2833 788 2905 μὴν
820 2830 999 2885 κοινὸν
1049 2826 1340 2903 ἐσχηκέναι
1388 2829 1537 2896 νοῦν,
1579 2824 1661 2887 τίς
1712 2824 1741 2879 ὁ
1770 2823 1968 2879 τούτου

319 2920 522 2994 πατὴρ,
578 2919 667 2974 καὶ
722 2918 804 2981 τίς
861 2917 997 2973 κατὰ
1042 2917 1141 2985 τὴν
1171 2919 1268 2970 τοῦ
1296 2918 1392 2969 νοῦ
1449 2910 1711 2984 διανομήν
1759 2909 1966 2968 δικαιο-

322 3008 885 3079 σύνη,σκοπήσωμεν.
941 3008 1040 3062 ἸΔν
1090 3006 1195 3081 γὰρ
1256 3028 1283 3056 (ι
1333 3001 1792 3078 προαναφώνησίν
1826 3025 1853 3052 ››
1882 3021 1965 3063 τις

320 3094 470 3172 εἷ’πῃ.
531 3096 619 3151 καὶ
672 3119 696 3149 α
730 3095 1126 3172 συνεκφώνησιν
1164 3116 1193 3145 ››
1242 3092 1576 3161 αἰτιάσηται,
1630 3089 1967 3163 προφητείας

318 3182 436 3255 εἷ’δη
498 3184 670 3260 Λέγει.
729 3183 832 3243 Ναὶ
890 3185 996 3256 μὴν
1050 3182 1169 3237 κατ’
1225 3179 1455 3259 ἔμφασιν
1505 3178 1765 3250 ἀληθείας
1796 3176 1967 3234 ἄλλοι

316 3276 568 3330 θέλουσιν
602 3272 851 3349 εἰρῆσθαί
879 3293 1003 3327 τινα
1040 3274 1156 3333 τοῖς
1214 3268 1555 3348 φιλοσόφοις.
1600 3268 1663 3325 Ὀ
1723 3269 1817 3341 μὶν
1874 3268 1965 3323 οὗν

312 3364 593 3425 θεσπέσιος
642 3358 977 3422 Ἀπόστολος
1006 3360 1088 3439 ἐφ’
1134 3362 1296 3431 ἡμῶν
1340 3372 1555 3436 γραφει·
1618 3382 1646 3409 ‹‹
1682 3356 1965 3430 Βλέπομεν

313 3453 418 3529 γὰρ
477 3455 570 3507 νῦν
631 3452 706 3513 ὡς
739 3447 807 3505 δι’
838 3449 1106 3525 ἐσόπτρου
1138 3450 1272 3521 (58),
1333 3471 1363 3500 ››
1411 3448 1528 3502 κατ’
1558 3445 1852 3501 ἀνάκλασιν
1886 3445 1969 3501 ἐπ’

312 3539 480 3596 αὐτοῦ
529 3539 753 3602 ἑαυτοὺς
792 3539 1177 3615 γινώσκοντες,
1224 3535 1328 3591 κάκ
1381 3539 1481 3590 τοῦ
1529 3534 1582 3591 ἐν
1626 3537 1763 3609 ἡμῖν
1822 3534 1968 3599 θείου

307 3631 372 3687 τὸ
429 3630 721 3702 ποιητικὸν
779 3626 952 3684 α’ίτιον
985 3669 1001 3696 ,
1060 3627 1136 3689 ὡς
1193 3625 1308 3681 οἷόν
1366 3645 1465 3691 τε,
1515 3625 1963 3700 συνθεωροῦντες.

380 3756 444 3821 α(
471 3751 535 3805 Ρ.
570 3748 674 3802 3⁸14
713 3747 826 3801 ED.
860 3744 1155 3812 POTTER,
1186 3744 1290 3798 316
1318 3742 1431 3797 ΕΙ).
1464 3741 1693 3797 PARIS.

385 3860 617 3934 (£30)ch
675 3857 797 3933 ἄρα.
861 3860 929 3934 Ηἐ
982 3875 1128 3934 ms.,_
1168 3855 1396 3934 tbcjipa
1450 3853 1794 3934 πολυμσίθεια
1844 3855 1965 3934 νόον

315 3929 457 4006 ἔχει.
481 3929 869 4006 'SvLsun'c._-—
900 3929 1623 4006 Secundum_Menagium,
1658 3929 1789 4006 loco
1840 3930 1969 4006 jam

315 3997 493 4074 dicto,
529 4002 910 4060 scribendum
937 4019 950 4056 :
1002 4000 1078 4063 ὡς
1106 3998 1210 4072 ἄρα
1237 4001 1272 4067 ἡ
1305 3997 1651 4074 πολυμάθεια
1679 4000 1805 4053 νόον
1838 3997 1967 4074 οὐχὶ

317 4072 559 4128 διδάσκει
592 4097 619 4125 ‹‹
653 4075 812 4145 quod
845 4074 1167 4145 multarum
1198 4072 1673 4145 rerumlscientia
1703 4072 1969 4128 mentem

317 4164 438 4215 non
468 4147 639 4215 docet
673 4138 712 4215 ξι»
736 4146 933 4200 Malim
957 4160 1113 4209 vero,
1142 4144 1215 4203 ὡς
1242 4142 1343 4215 ἄρα
1380 4138 1482 4210 ἤδη
1516 4141 1812 4212 πολυμαθῆ
1842 4144 1967 4197 νόον

317 4214 490 4291 ἔχειν,
522 4217 586 4272 οὐ
612 4213 871 4270 διδάσκει·
908 4240 933 4266 ‹‹
960 4216 1124 4291 Quod
1147 4213 1468 4291 multarum
1489 4230 1686 4291 rerum
1721 4215 1970 4291 peritam

317 4286 536 4345 habere
577 4297 852 4345 mentem.
892 4305 1008 4343 non
1038 4287 1229 4341 docet.
1267 4309 1292 4335 η
1325 4288 1468 4341 Nam
1500 4286 1610 4340 hoc
1635 4286 1875 4357 prOpius
1896 4286 1971 4341 ad

318 4360 496 4416 verba
551 4361 873 4416 Clementis
927 4359 1192 4414 accedit:
1245 4364 1304 4411 et
1349 4374 1418 4412 eo
1468 4357 1644 4412 modo
1692 4358 1969 4412 Heracliti

317 4431 541 4503 dictum
576 4432 823 4503 protulit
852 4432 1174 4486 Athenaeus
1203 4429 1313 4503 sub
1345 4429 1536 4503 finem
1561 4428 1697 4483 libri
1729 4446 1860 4503 xm;

318 4495 943 4575 Πουλυμέθημοσύνης,
1029 4506 1152 4575 τῇςΔ
1184 4570 1195 4575 _
1218 4498 1281 4552 οὐ
1327 4568 1339 4575 _
1376 4500 1706 4575 Δδιενειιῖκτερον
1772 4495 1970 4575 Δοὐδὲν,

315 4568 525 4630 Ἵππων
746 4575 773 4628 ὁ
804 4568 998 4651 Ῠᾶθεος·
1049 4569 1208 4651 ⁸,ἀλλὰ
1254 4568 1735 4651 καὶξΗῇορκλειτος
1825 4570 1973 4651 93:65

319 4639 827 4724 φησι.“π,ολυ’μαθῆ
884 4644 1009 4699 νόον
1048 4640 1219 4718 ἔχειν,
1268 4642 1329 4697 οὐ
1362 4639 1657 4698 διδάσκειν.
1693 4642 1797 4698 Καὶ
1832 4644 1859 4697 ὁ
1890 4642 1974 4696 Τί-

322 4713 438 4792 μων
472 4715 530 4773 δὲ
556 4713 682 4795 ἔφη’

902 4787 991 4843 Ἐν
1022 4782 1079 4840 δὲ
1116 4782 1439 4857 πλατυσμὸς

316 4858 929 4933 Πουλυμαθημοσῦνης,
960 4859 1058 4926 τῆς
1090 4857 1155 4912 οὐ
1183 4852 1511 4931 κενεώτερον
1544 4852 1705 4912 ἄλλο.

318 4975 348 5005 (ι
383 4952 563 5007 Multa
591 4953 857 5021 variaque
885 4950 1158 5011 doctrina.
1190 4965 1301 5018 qua
1327 4947 1412 5002 nil
1440 4954 1517 5003 est
1544 4950 1758 5016 vanius,

322 5040 474 5096 dixit
522 5041 774 5111 Hippon,
826 5039 1036 5095 atheus
1060 5054 1091 5111 :4
1126 5036 1361 5111 divinus
1391 5043 1590 5111 autem
1622 5035 1973 5111 Heraclitus,

320 5112 478 5167 nihil
524 5107 758 5177 docere,
808 5111 912 5169 ait.
970 5108 1286 5179 multiplici
1319 5107 1592 5163 doctrina
1621 5108 1977 5163 instructam

320 5190 607 5239 mentem.
634 5183 789 5248 Quin
822 5189 881 5237 et
908 5182 1115 5235 Timon
1147 5179 1331 5235 dixit:

788 5273 934 5325 Inest
962 5276 1145 5324 autem
1170 5266 1530 5338 ampliﬁcatio

640 5344 826 5398 Multap
858 5342 1146 5401 doctrina.
1178 5356 1290 5410 qua
1316 5341 1401 5394 nil
1429 5341 1626 5394 vanius
1656 5345 1751 5396 est.
1782 5359 1811 5391 ι

318 5430 596 5503 Plerique
618 5430 731 5485 hoc
750 5429 941 5503 _modo
965 5427 1243 5503 Heracliti
1277 5428 1634 5503 sententiam
1666 5427 1979 5503 proferunt

317 5496 647 5573 Πολυμῐαθιη
700 5501 829 5555 νόον
878 5499 961 5573 οὐκ
991 5496 1650 5573 Stidcxez"ut_Laerti_us
1672 5496 1975 5573 principio

316 5570 586 5630 Heracliti
609 5593 622 5643 ;
654 5573 929 5630 Julianus
952 5571 1322 5643 imp.orat._6;
1345 5570 1973 5643 Gelliuslib.ult.c.ult.

390 5647 502 5715 (51)
532 5640 795 5706 Τούτους.
849 5644 983 5699 Ηωο
1015 5640 1168 5713 apud
1203 5640 1512 5715 Platonem
1545 5647 1780 5715 exstant
1810 5641 1978 5715 libtv

322 5711 613 5789 De'repub.
647 5735 707 5791 p.
764 5718 889 5789 667,
932 5711 1195 5787 itemque
1245 5712 1403 5784 apud
1440 5711 1873 5770 Theodoretum
1905 5713 1978 5768 De

601 5836 876 5898 ΡΑτιιοι.
924 5833 1039 5896 Gn.
1084 5828 1245 5893 Vill.

1669 301 2117 361 STROHATUH
2159 302 2295 356 LIB.
2336 301 2379 356 Ι.

304 437 368 493 τὸ
427 434 751 514 φιλοσοφεῖν
808 432 983 508 λέγειν
1043 429 1169 507 περὶ
1226 430 1323 493 τὰς
1372 426 1571 505 τέχνας
1625 427 1970 496 κυπτάζοντα
1999 439 2051 504 Α
2083 425 2390 482 Platonis:

3628 309 3735 365 810

2454 450 2475 476 ι
2535 430 2650 484 Nec
2708 431 3010 488 existimes
3067 449 3162 488 me
3216 433 3414 490 dicere
3469 434 3736 506 philoso—

2082 515 2273 586 phari.
2322 516 2382 569 in
2433 522 2590 573 artes
2641 519 3083 576 incumbentem
3133 524 3344 589 vivere,
3395 540 3505 580 nec
3544 525 3733 582 multa

2080 603 2310 660 discere
2338 613 2717 677 appetentem
2746 626 2760 673 ;
2790 609 2980 665 absit:
3016 627 3154 665 nam
3187 628 3290 685 ego
3331 613 3572 683 quidem
3620 615 3732 670 hoc

2082 695 2362 766 probrum
2379 713 2507 751 esse
2521 698 2829 755 ducebam.
2849 723 2877 751 ››
2898 702 3127 757 Sciebat
3148 704 3328 768 enim,
3349 710 3414 758 ut
3434 706 3729 773 existimo,

2082 807 2109 833 «
2137 801 2271 839 eum
2295 785 2619 841 multarum
2642 805 2842 844 rerum
2866 791 3294 862 scientemjam
3318 792 3536 848 habere
3558 811 3730 850 men-

2081 877 2222 938 tem,
2256 874 2415 944 quod
2438 873 2629 941 docet,
2666 898 2693 924 ››
2725 883 2791 931 ut
2821 884 2910 933 est
2940 879 3216 935 Heracliti
3241 882 3558 939 sententia.
3578 884 3734 939 Etin

2081 961 2288 1031 quinto
2304 961 2677 1033 Derepublica
2697 982 2715 1018 :
2731 987 2754 1017 ιι
2779 968 3056 1037 Nunquid
3073 969 3253 1040 igitur
3271 970 3435 1038 istos,
3462 993 3489 1017 η
3514 971 3730 1041 inquit,

2081 1071 2109 1098 ‹‹
2138 1064 2368 1114 omnes,
2391 1057 2449 1105 et
2470 1050 2618 1106 alios
2637 1052 2931 1124 ejusmodi
2956 1072 3048 1110 res
3070 1058 3436 1128 percipiendi
3461 1060 3729 1131 cupidos,

2077 1137 2306 1192 artibus
2335 1138 2641 1195 vilissimis
2680 1141 3115 1207 incumbentes,
3165 1146 3553 1218 philosophos
3578 1148 3734 1203 dice-

2076 1226 2669 1299 mus?Nequaquam,
2687 1230 3080 1303 ninquit,«sed
3096 1234 3322 1290 similes
3336 1236 3728 1307 philosophis.

2080 1316 2259 1370 Veros
2276 1323 2497 1385 autem,
2514 1342 2535 1368 ι
2557 1318 2773 1389 inquit,
2794 1343 2821 1371 «
2842 1321 3230 1393 philosophos
3250 1341 3537 1394 quosnam
3553 1325 3733 1381 dicis?

2076 1405 2208 1471 Eos,
2242 1406 2487 1476 inquam
2512 1423 2637 1480 ego,
2663 1409 2763 1479 qui
2787 1410 3047 1465 veritatis
3070 1412 3442 1467 delectantur
3462 1420 3728 1469 contem-

2074 1492 2337 1563 platione
2393 1517 2420 1543 »
2452 1497 2579 1551 Non
2612 1498 2770 1552 enim
2812 1499 2873 1552 in
2922 1502 3260 1571 geometria;
3307 1503 3623 1573 postulatis
3672 1508 3731 1557 et

2074 1581 2229 1653 hypo
2239 1584 2505 1639 thesibus
2518 1591 2607 1639 est
2626 1587 3005 1659 phi1050phia
3024 1610 3039 1655 ;
3056 1606 3249 1661 neque
3264 1590 3325 1644 in
3340 1592 3725 1662 musica,qum

2074 1671 2316 1741 quidem
2347 1677 2438 1727 est
2466 1675 2933 1744 conjecturalis;
2984 1694 3178 1748 neque
3228 1680 3288 1733 in
3337 1681 3724 1746 astronomia,

2074 1777 2205 1831 quas
2232 1763 2625 1829 naturalibus,
2661 1765 2975 1836 ﬂuxisque,
3001 1772 3059 1820 et
3079 1769 3500 1824 verisimilibus
3529 1776 3620 1825 est
3637 1788 3728 1825 re-

2068 1848 2222 1905 ferta
2262 1851 2592 1906 rationibus
2620 1869 2634 1917 ;
2666 1852 2772 1907 sed
2802 1871 2951 1924 opus
2983 1860 3074 1909 est
3103 1856 3289 1927 ipsius
3316 1857 3457 1911 boni
3479 1858 3729 1912 scientia

2071 1943 2131 1992 et
2153 1940 2398 1995 veritate
2423 1958 2437 2006 ;
2473 1957 2608 1995 cum
2640 1941 2771 1996 alias
2795 1942 3035 2013 quidem
3061 1944 3183 1999 sint
3203 1944 3345 1999 boni
3367 1946 3497 2012 vise,
3517 1962 3729 2016 quem-

2070 2027 2392 2083 admodum
2443 2028 2518 2083 ad
2569 2030 2818 2084 bonum.
2867 2033 3060 2096 Quare
3109 2050 3219 2088 nec
3266 2034 3392 2105 ipse
3440 2035 3724 2089 doctrinm

2069 2116 2297 2178 orbem.
2318 2134 2495 2189 quem
2514 2125 2728 2175 vocant
2751 2142 2777 2167 »
2805 2121 3329 2192 encyclopzrdiam,
3354 2146 3376 2175 ι
3405 2124 3479 2179 ad
3498 2124 3725 2179 bonum

2069 2205 2193 2260 vult
2224 2206 2521 2273 sufficere,
2556 2208 2660 2262 sed
2681 2206 2969 2264 duntaxat
2989 2227 3161 2280 opem
3187 2211 3342 2265 ferre
3364 2211 3438 2266 ad
3459 2214 3724 2268 excitan—

2070 2294 2205 2349 dam
2239 2300 2299 2350 et
2326 2296 2719 2351 exercendam
2752 2297 3013 2353 animam
3045 2299 3118 2353 ad
3139 2315 3207 2354 ea
3228 2317 3359 2370 quae
3382 2301 3728 2371 percipiun-

2070 2389 2168 2438 tur
2192 2383 2609 2456 intelligentia.
2639 2384 2770 2439 Sive
2804 2400 2940 2457 ergo
2972 2386 3179 2441 dicunt
3228 2388 3458 2442 Graecos
3510 2388 3725 2444 divinas

2069 2473 2463 2544 philosophiae
2496 2490 2625 2528 esse
2657 2491 2796 2529 casu
2828 2474 3057 2545 aliquid
3097 2475 3361 2530 elocutos
3388 2494 3401 2544 ;
3436 2493 3607 2532 casus
3640 2483 3732 2532 est

2070 2561 2144 2617 ad
2178 2561 2437 2616 divinam
2469 2561 2977 2633 dispensationem
3004 2564 3351 2619 referendus
3377 2582 3390 2618 :
3420 2582 3543 2620 non
3570 2565 3731 2621 enim

2069 2656 2312 2722 propter
2342 2666 2495 2715 eam,
2528 2667 2660 2720 quae
2693 2650 3004 2706 nobiscum
3038 2653 3373 2722 intercedit,
3405 2656 3734 2710 contentio-

2070 2755 2231 2806 nem,
2265 2755 2469 2794 casum
2502 2739 2636 2809 quis
2667 2740 2729 2793 in
2756 2740 2898 2796 deos
2928 2742 3165 2796 referet.
3208 2742 3335 2797 Sive
3367 2760 3437 2798 ex
3467 2744 3725 2815 fortuna,

2073 2843 2142 2882 ea
2164 2826 2404 2881 fortuna
2430 2843 2552 2881 non
2585 2832 2674 2882 est
2704 2844 2913 2899 expers
2939 2830 3343 2901 provndentiae.
3368 2832 3498 2887 Sive
3521 2850 3727 2889 rursus

2072 2916 2232 2971 dicat
2261 2916 2475 2971 Graecis
2509 2916 2802 2989 ingenitas
2830 2934 2960 2974 esse
2982 2919 3287 2976 naturales
3309 2921 3596 2992 quasdam
3620 2939 3725 2978 no-

2074 3005 2287 3072 tiones,
2339 3021 2526 3060 unum
2555 3012 2784 3062 naturas
2816 3010 3231 3081 cognoscimus
3263 3011 3537 3082 Opiﬁcem
3565 3029 3578 3067 :
3611 3028 3730 3083 qua

2076 3099 2308 3149 ratione
2340 3109 2471 3149 esse
2500 3110 2737 3165 quoque
2768 3097 3101 3152 naturalem
3134 3097 3391 3155 diximus
3411 3100 3729 3173 justitiam.

1998 3156 2042 3222 (ἶ
2080 3183 2207 3237 Sive
2223 3187 2483 3237 mentem
2500 3182 2620 3237 illis
2640 3183 2837 3239 inesse
2852 3184 2915 3248 ›ι‹
2931 3202 3308 3242 communem
3335 3205 3347 3243 :
3368 3190 3643 3261 quisnam
3659 3192 3737 3245 sit

2078 3271 2206 3343 ejus
2237 3276 2425 3342 pater,
2458 3275 2516 3325 et
2546 3288 2678 3341 quae
2707 3272 2784 3325 sit
2815 3272 2875 3326 in
2908 3275 3037 3345 ejus
3067 3277 3287 3331 mentis
3312 3278 3731 3335 distributione

2069 3359 2306 3432 justitia
2334 3359 2802 3415 consideremus.
2828 3361 2885 3415 Si
2919 3362 3052 3432 quis
3078 3364 3238 3419 enim
3263 3366 3479 3421 dixerit
3497 3386 3730 3439 προανα-

2078 3447 2345 3520 φώνησιν,
2380 3447 2493 3502 hoc
2541 3454 2628 3503 est
2675 3470 2703 3499 «
2752 3449 3223 3521 praedictionem,
3274 3476 3301 3503 »
3353 3460 3411 3509 et
3455 3454 3729 3532 συνεκφώ-

2075 3558 2257 3606 νησιν,
2291 3538 2352 3593 id
2404 3544 2494 3594 est
2541 3560 2569 3588 ‹‹
2621 3539 3001 3610 conjunctam
3052 3544 3442 3613 vocationem,
3494 3567 3520 3595 »
3571 3546 3734 3601 velut

2077 3643 2319 3683 causam
2343 3628 2627 3700 assignet,
2659 3627 2805 3683 dicit
2826 3629 3055 3701 species
3079 3633 3424 3704 prophetiae.
3449 3636 3640 3706 Atque
3664 3650 3734 3690 ex

2077 3859 2308 3934 curand.
2344 3858 2991 3934 Grzeg._aﬂ’ect._,‘serm.
3030 3866 3124 3934 l,p
3153 3864 3274 3919 470.
3299 3866 3480 3921 Porro
3506 3866 3733 3929 τούτους

2078 3929 2174 3983 οὖν
2208 3930 2446 3992 ἅπαντας
2474 3929 2563 3983 καὶ
2593 3928 2722 3990 τοὺς
2745 3928 2953 3991 ἄλλους
2983 3952 3034 3988 τ.
3070 3928 3248 3989 liabet
3276 3938 3620 3993 Theodoret.

2149 4004 2268 4074 (52)
2310 4000 2413 4056 Καὶ
2442 4005 2728 4074 τῶνλτεχ.
2791 4003 3180 4060 Scribendum
3241 4023 3309 4061 ex
3366 4009 3614 4064 Platone
3674 4016 3733 4066 et

2078 4072 2468 4150 Theodoreto,
2500 4071 2590 4150 καὶ
2621 4071 2748 4133 τους
2778 4077 2885 4127 τῶν
2924 4074 3278 4150 τεχνυδρίων.
3310 4080 3495 4145 Quam
3529 4081 3733 4136 lectio-

2080 4160 2217 4198 nem
2250 4144 2473 4229 habere
2502 4146 2566 4199 Η.
2598 4162 2708 4200 ms.
2744 4144 3315 4229 testatiir'Sylburh.
3342 4144 3399 4192 9-
3440 4154 3590 4222 Mox,
3623 4152 3729 4229 φή-

2080 4234 2246 4285 σομεν
2273 4232 2389 4288 pro__
2409 4216 2648 4287 θήσομεν
2682 4217 2838 4287 apud
2872 4219 3017 4273 Plat.

2150 4286 2290 4354 (53f
2325 4286 2504 4341 Ε’πεν.
2567 4286 2953 4343 Scribendum
3017 4306 3085 4343 ex
3139 4291 3385 4348 Platone
3429 4299 3487 4347 et
3515 4295 3732 4350 Theod.

2080 4356 2255 4482 ﬁngam,
2286 4358 2461 4429 prim.
2498 4375 2655 4429 pers.
2709 4376 2827 4429 qua
2876 4367 3082 4431 postea
3140 4361 3267 4416 iter.
3294 4381 3353 4418 m
3383 4365 3618 4420 utitur:
3666 4365 3733 4434 ἦν

2082 4444 2108 4482 Ο
2184 4450 2285 4482 νω.

2082 4428 2128 4483 δ’
2158 4428 2285 4483 ἐγώ.

2156 4450 2375 4571 (ἐξ).οὐ
2398 4497 2501 4571 γὰρ
2523 4499 2774 4578 tvvs-mp.
2802 4502 3096 4578 Hactenus
3119 4503 3283 4559 Plato
3325 4507 3463 4570 Qum
3483 4524 3738 4578 sequun-

2083 4576 2181 4626 tur
2227 4569 2421 4641 u'sque‘
2466 4570 2541 4625 ad
2587 4569 2783 4643 ἑτέρων
2835 4574 2956 4642 μὲν,
2988 4574 3310 4631 Clementis
3340 4569 3527 4633 nostri
3561 4569 3738 4636 verba

2085 4648 2224 4718 sunt
2249 4660 2371 4718 ;_ca
2392 4648 2613 4718 tamen,
2642 4648 2929 4718 tanquam
2962 4646 3247 4714 Platonis,
3282 4650 3569 4718 recitavit,
3604 4652 3733 4707 loco

2077 4715 2203 4786 jam
2233 4714 2409 4776 dicto,
2465 4713 2906 4794 Theodo‘retus:
2952 4733 3021 4772 ea
3069 4713 3284 4790 nempe
3338 4737 3369 4776 e
3408 4713 3737 4794 Clemente,

2084 4801 2191 4857 pro
2222 4792 2909 4857 more‘suotmutuatus.

2157 4859 2278 4937 (55>.
2326 4851 2489 4937 Ἀλλ’
2520 4855 2865 4937 sarem.-
2923 4853 3004 4937 διὶ
3033 4856 3118 4937 ear-
3179 4860 3570 4937 Scribendum
3612 4883 3738 4937 ope

2085 4923 2461 5009 Theodoreti,
2518 4923 2865 5009 {ll'oﬁtoii
2910 4929 3005 4982 τοῦ
3066 4930 3270 5009 ἀγαθοῦ
3319 4929 3402 4987 δεῖ
3430 4923 3742 5009 ἐπιστήμης

2084 4999 2169 5052 καὶ
2203 5000 2303 5065 τῆς
2326 4996 2492 5067 ἀληθ.
2526 4999 2692 5073 Quod
2724 5001 2927 5073 Latine
2962 4996 3381 5073 expressimus.

2157 5073 2268 5137 (56)
2328 5074 2537 5125 ’Όντων
2584 5070 2817 5142 τάγαθοῦ
2869 5069 3052 5127 686w.-
3082 5075 3290 5130 ’Ὄντων
3347 5083 3406 5133 et
3435 5074 3578 5132 ὁδῶν
3634 5080 3738 5135 ha.

2086 5141 2233 5196 bent
2261 5142 2622 5198 anomaliam
2654 5141 2907 5207 generis.
2950 5145 3218 5202 SYLBURG.
3256 5178 3319 5189 —
3353 5150 3540 5205 Scribi
3587 5150 3738 5207 forte

2086 5213 2302 5293 melius
2355 5214 2591 5293 pqs_sit:_
2641 5213 3024 5293 :Eté_pccv_pév
3081 5214 3583 5293 avtwvA‘tti'faﬂt-iiv,
3633 5218 3738 5274 ἐτὲ-

2088 5303 2194 5363 ρων
2255 5280 2535 5363 δὲεῖὸδιῦν.
2574 5282 2661 5337 ἐπὶ
2708 5280 2958 5363 τάγαθόὼ
2998 5312 3029 5363 _«
3056 5307 3209 5363 _cum
3242 5280 3404 5347 aliud
3435 5280 3582 5346 sint,
3611 5293 3741 5363 ipsa

2086 5356 2268 5433 bona,
2295 5354 2457 5411 aliud
2487 5356 2593 5410 vim
2624 5372 2691 5411 ac
2717 5354 2913 5413 media
2942 5360 3016 5413 ad
3056 5360 3298 5433 bonum.
3337 5386 3362 5410 ››
3394 5354 3740 5433 Cujusmodi

2086 5427 2375 5498 quiddam
2423 5444 2557 5503 cum
2605 5444 2699 5495 ea,
2740 5447 2870 5503 quae
2901 5432 3266 5503 przecedunt,
3300 5438 3424 5487 tum
3473 5427 3614 5503 'quaa
3645 5449 3741 5488 se-

2087 5505 2352 5570 quuntur
2385 5499 2589 5570 etiam,
2616 5502 2920 5569 postulare
2950 5502 3239 5557 videntur.

2157 5572 2288 5646 (57)-
2324 5566 2649 5646 Lemano;
2682 5590 2739 5625 π.
2802 5572 2967 5627 Conf.
3028 5590 3158 5643 quae
3190 5574 3345 5628 dicta
3392 5579 3532 5629 sunt
3578 5574 3652 5630 ad
3680 5591 3739 5646 p.

2086 5642 2191 5696 284
2222 5641 2295 5696 ed
2324 5640 2515 5696 Paris!

2162 5713 2272 5784 (58)
2332 5714 2443 5767 Νῦν
2481 5710 2559 5772 ὡς
2591 5706 2662 5763 δι’
2694 5708 2772 5767 ἐσ.
2832 5712 2987 5785 Ἀρτι
3023 5708 3095 5766 δι’
3126 5711 3202 5768 ἐσ.
3238 5714 3258 5769 l
3318 5716 3449 5775 Cor.
3493 5734 3613 5786 xm,
3650 5719 3735 5772 l2.

3379 5834 3460 5893 26
