4058 6164
278 256 388 332 .313.

1637 256 2090 325 ΒΤΒΟΠΔἸὌΜ
2127 257 2263 314 LIB.
2303 257 2352 311 Ι.

3595 261 3707 318 814

279 383 374 457 cpia
405 384 542 456 (69),
572 381 690 441 τοῖς
723 375 864 455 ἀμφὶ
893 378 992 441 τὰς
1037 375 1270 450 αἱρέσεις
1323 377 1606 450 δηλονότισ
1643 405 1670 433 ι(
1726 345 1939 456 Ἀρτίυν

2063 388 2319 456 sectatur
2345 383 2622 438 haereses.
2656 382 2842 439 Infert
2886 383 3129 454 itaque:
3165 404 3193 432 «
3236 384 3500 456 Reliquit
3547 388 3708 442 enim

277 471 522 548 κρυφίων
555 465 735 538 ἡδέως
788 463 1013 542 ἄψασθε,
1073 466 1166 537 καὶ
1225 464 1420 533 ὕδατος
1477 467 1694 535 κλοπῆς
1749 467 1948 547 γλυκε-

285 567 386 640 ροῦ
415 565 549 636 (70)·
586 583 614 611 ››
648 583 675 610 ‹‹
713 555 870 632 ἄρτον
907 581 934 608 »δ
967 557 1057 640 διἏῖ
1091 581 1120 609 ‹‹
1152 554 1298 628 ὕδωρ
1332 561 1441 632 (71)
1469 583 1497 610 ››
1531 559 1633 614 οὐκ
1657 557 1738 614 ἐπ’
1761 557 1948 614 ἃλλων

280 635 468 718 τινῶν,
531 646 658 704 ἀλλ’
717 645 754 716 ἢ
813 645 901 701 ἐπὶ
957 635 1064 700 τῶν
1114 648 1262 720 ἄρτῳ
1316 648 1406 702 καὶ
1465 646 1618 703 ὕδατι
1667 650 1806 704 κατὰ
1849 650 1947 716 τήν

279 739 631 816 προσφορὰν,
695 737 773 808 μή
851 736 987 790 κατὰ
1043 737 1137 790 τὸν
1193 739 1393 793 κανόνα
1436 745 1538 807 τῆς
1601 737 1950 808 Ἐκκλησίας,

281 828 590 906 χοωμὲνων
642 824 928 900 αἰρὲσεων,
983 823 1240 902 ἐμφανῶς
1295 828 1600 896 ταττούσης
1654 834 1757 896 τῆς
1814 833 1950 900 Γρα-

283 926 415 998 φῆς.
448 917 569 974 Εἰσὶ
601 917 704 990 γὰρ
740 915 792 968 οἳ
824 913 913 982 καὶ
947 911 1094 988 ὕδωρ
1137 915 1299 987 ψιλὸν
1353 915 1767 992 εὐχαριστοῦσιν
1799 918 1941 989 (72).

281 1033 310 1059 ‹‹
376 1003 558 1076 Ἀλλᾷ
622 1000 1006 1074 ἀποπήδησον,
1066 1003 1143 1076 μή
1218 1003 1484 1080 χρονίσῃς
1545 1004 1596 1060 ἐν
1670 1009 1750 1075 τῷ
1795 1004 1951 1076 τόπῳ

284 1097 474 1164 αὐτῆς·
531 1093 700 1149 τόπον
769 1116 796 1144 ››
845 1093 944 1161 τὴν
1006 1094 1353 1168 Συναγωγὴν,
1414 1094 1542 1170 οὐχὶ
1602 1091 1660 1148 δὲ
1713 1093 1949 1164 Ἐκκλη-

283 1188 429 1254 σίαν,
481 1183 796 1257 ὁμωνύμως
846 1187 1164 1257 προσεῖπεν.
1225 1182 1357 1240 Εἶτα
1412 1184 1693 1262 ἐπιφωνεῖο
1729 1209 1756 1236 ι(
1793 1182 1950 1242 Οὕτω

281 1277 388 1353 γὰρ
445 1268 684 1348 διαϐήσῃ
760 1269 908 1345 ὕδωρ
967 1269 1286 1345 ἀλλότριον·
1340 1296 1368 1324 ››
1427 1273 1491 1327 τὸ
1551 1273 1832 1350 βάπτισμα
1886 1273 1949 1329 τὸ

283 1364 579 1439 αἱρετικὸν,
611 1361 712 1416 οὐκ
744 1359 945 1415 οἰκεῖον
977 1359 1070 1415 καὶ
1121 1362 1343 1434 γνήσιον
1396 1358 1542 1437 ὕδωρ
1582 1359 1943 1436 λογιζομένη.

288 1477 317 1505 ιι
352 1451 455 1508 Καὶ
490 1443 773 1524 ὑπερϐήσῃ
797 1449 1042 1520 ποταμὸν
1075 1447 1528 1526 ἀλλότριον,ιιτὸν
1571 1449 1950 1527 παραφέροντα

287 1540 380 1596 καὶ
413 1541 784 1613 κατασῦροντα
871 1538 949 1600 εἷς
1005 1537 1299 1601 θάλασσαν,
1360 1539 1435 1602 είς
1483 1539 1548 1610 ἤν
1582 1537 1859 1595 ἐκδίδοται
1919 1541 1948 1595 ὁ

283 1629 688 1705 παρεκτραπεῖς
772 1627 832 1682 ἐκ
883 1634 984 1697 τῆς
1060 1628 1178 1683 κατ’
1234 1626 1496 1698 ἀλήθειαν
1572 1625 1945 1700 ἐδραιότητος,

2055 473 2177 529 vias
2209 491 2331 528 sua;
2361 473 2567 540 vineas,
2596 472 2656 544 in
2688 473 2916 528 semitis
2938 479 3135 528 autem
3167 475 3421 546 proprias
3452 476 3705 549 agricul-

2055 568 2200 618 turaa
2232 563 2543 618 aberravit.
2578 585 2607 612 »
2644 565 2736 617 Eas
2768 568 2968 618 autem
3000 570 3158 631 sunt,
3191 581 3322 634 quae
3367 567 3708 636 primaevam

2054 652 2377 706 Ecclesiam
2408 652 2772 722 relinquunt.
2807 653 2930 706 Jam
2965 667 3098 706 vero
3132 653 3230 724 qui
3255 654 3470 708 cecidit
3499 655 3558 709 in
3582 656 3706 710 hae-

2053 741 2256 808 resim,
2291 762 2318 789 «
2354 741 2565 796 transit
2595 757 2700 812 per
2735 739 3118 795 solitudinem
3169 741 3296 797 sine
3345 759 3520 813 aqua,
3557 767 3582 791 ››
3615 761 3709 812 eo,

2056 829 2156 899 qui
2187 846 2320 886 vere
2351 830 2506 884 Deus
2537 836 2644 897 est,
2677 829 2905 894 relicto,
2941 847 2976 885 a
3006 831 3122 884 Deo
3167 830 3456 896 desertus.
3491 848 3712 902 aquam

2058 935 2333 990 quaerens
2363 920 2492 974 sine
2524 935 2697 990 aqua.
2733 941 2760 968 «
2794 936 2915 975 non
2948 919 3335 976 habitabilem
3368 927 3426 975 et
3457 922 3713 979 sitibun-

2057 1007 2190 1063 dam
2213 1013 2430 1062 terram
2454 1007 2800 1080 pervadens,
2832 1009 3115 1081 colligens
3134 1010 3411 1065 manibus
3433 1013 3714 1068 sterilita-

2057 1102 2176 1152 tem
2208 1097 2525 1152 fructuum.
2551 1099 2620 1152 Et
2636 1099 2728 1164 iis,
2754 1098 2854 1168 qui
2879 1104 3085 1152 carent
3105 1098 3441 1169 prudentia,
3455 1101 3663 1169 jubeo,
3685 1126 3705 1151 υ

2055 1186 2253 1257 inquit
2283 1186 2602 1257 Sapientia,
2633 1186 2878 1253 scilicet,
2913 1187 3013 1257 qui
3036 1195 3352 1242 versantur
3378 1189 3438 1243 in
3467 1189 3713 1245 haeresi-

2053 1274 2184 1342 bus,
2221 1297 2248 1324 ‹‹
2280 1292 2462 1347 panes
2489 1274 2810 1331 absconsos
2840 1275 3116 1332 lubenter
3141 1278 3382 1349 tangite,
3410 1283 3467 1332 et
3491 1296 3710 1350 aquam

2053 1363 2193 1418 furti
2222 1363 2456 1418 dulcem
2481 1381 2495 1431 ;
2526 1389 2548 1417 ι
2585 1364 2685 1419 ubi
2707 1381 2813 1436 per
2833 1387 2859 1414 «
2884 1381 3133 1436 panem»
3161 1372 3220 1438 et
3242 1389 3268 1415 ‹‹
3296 1383 3532 1438 aquam,
3556 1388 3581 1419 υ
3611 1385 3712 1423 eas

2053 1452 2312 1508 haereses
2353 1453 2512 1508 clare
2561 1458 2728 1508 notat
2770 1453 3090 1524 Scriptura,
3144 1437 3274 1525 quae
3301 1437 3367 1509 in
3407 1456 3713 1512 oblatione

2053 1558 2205 1613 pane
2237 1547 2295 1596 et
2319 1557 2477 1613 aqua
2505 1541 2680 1596 aliter
2707 1547 2978 1606 utuntur,
3011 1560 3191 1613 quam
3233 1543 3510 1599 Ecclesiae
3534 1562 3716 1600 cano—

2053 1631 2230 1685 nibus
2256 1631 2617 1702 praacipitur.
2651 1631 2801 1686 Sunt
2830 1631 3014 1697 enim,
3047 1632 3146 1702 qui
3199 1633 3325 1686 sola
3354 1650 3508 1704 aqua
3534 1641 3713 1688 utun-

285 1718 596 1793 συνεκρυεὶς
630 1715 784 1779 αὖθις
833 1715 909 1779 εἷς
963 1716 1030 1770 τὰ
1084 1715 1264 1780 ἐθνικά
1308 1716 1399 1772 καὶ
1432 1718 1632 1773 ἄτακτα
1672 1722 1769 1772 τοῦ
1824 1716 1946 1792 βίου

2063 1724 2152 1774 tur
2180 1720 2240 1773 in
2268 1719 2646 1774 eucharistia.
2694 1742 2714 1768 ι
2751 1719 2862 1774 Sed
2911 1719 3165 1786 resilias,
3217 1737 3292 1797 ne
3325 1721 3427 1776 diu
3460 1723 3709 1777 moreris

284 1807 353 1863 κύ
362 1828 525 1880 ματα.

2053 1807 2113 1862 in
2143 1807 2271 1863 loco
2304 1809 2434 1880 ejus
2460 1825 2472 1862 :
2505 1809 2704 1862 locum
2732 1830 2760 1858 »
2789 1809 3175 1880 Synagogam,
3206 1827 3327 1864 non
3358 1816 3556 1865 autem
3587 1812 3704 1866 Ec-

282 1898 553 1962 clesiam.
586 1896 885 1968 mquivoce
918 1895 1258 1967 appellavit.
1283 1895 1506 1952 Deinde
1538 1897 1861 1953 acclamat:
1895 1920 1922 1950 (ι
1955 1899 2043 1952 Ita
2069 1897 2228 1951 enim
2255 1897 2516 1969 trajicies
2565 1913 2783 1968 aquam
2815 1897 3106 1951 alienam:
3134 1919 3160 1946 ››
3189 1897 3487 1969 baptisma
3517 1900 3706 1954 haere-

282 1989 492 2047 ticum.
526 2002 648 2042 non
673 1991 1129 2041 convenientem
1163 1992 1222 2041 et
1249 2002 1592 2058 germanam
1625 2003 1838 2058 aquam
1877 1992 2183 2058 reputans.
2216 2007 2244 2036 «
2278 1988 2349 2040 Et
2395 1985 2789 2040 transmeabis
2847 1985 3092 2041 fluvium
3124 1986 3388 2042 alienum
3417 1993 3511 2055 (α),
3548 2009 3575 2037 ››
3610 1984 3728 2058 (ῃιῑ

285 2078 350 2132 in
383 2093 544 2132 mare
580 2074 771 2130 defert
801 2081 860 2130 et
891 2073 1174 2142 detrahit,
1208 2074 1269 2129 in
1302 2074 1462 2146 quod
1491 2075 1781 2147 illabitur,
1815 2076 1918 2148 qui
1949 2075 2186 2132 divertit
2219 2093 2254 2132 a
2299 2075 2621 2131 stabilitate
2681 2075 2965 2144 veritatis,
3018 2093 3224 2131 rursus
3277 2076 3589 2133 conﬂuens
3641 2075 3717 2131 ad

277 2164 537 2240 gentiles
570 2168 628 2220 et
656 2163 1032 2220 inordinatos
1063 2164 1196 2220 vita:
1227 2161 1464 2220 ﬂuctus.

1791 2263 2022 2318 CAPUT
2051 2263 2169 2318 XX.

817 2362 1080 2426 Quanam
1111 2361 1327 2414 ratione
1349 2359 1706 2431 philosophia
1735 2364 1986 2430 conferat
2006 2362 2080 2417 ad
2106 2361 2311 2416 divinae
2341 2362 2593 2416 veritatis
2623 2359 3170 2430 comprehensionem.

350 2479 438 2538 Ὠς
465 2471 523 2529 δὶ
579 2475 636 2528 οἱ
695 2470 903 2528 πολλοὶ
961 2472 1266 2545 ἄνθρωποι,
1325 2473 1379 2526 οἱ
1435 2470 1789 2534 καθέλκοντες
1843 2474 1945 2542 τήν

280 2566 433 2632 ναῦν,
461 2562 523 2616 οὗ
554 2559 742 2617 πολλᾶ
771 2559 917 2615 αἴτια
949 2557 1188 2634 λέγοιντ’
1219 2560 1303 2626 ἄν,
1336 2557 1464 2615 ἀλλ’
1495 2559 1555 2615 ἐκ
1602 2559 1829 2616 πολλῶν
1863 2559 1944 2615 α’ί-

283 2671 402 2706 τιον
431 2647 512 2706 ἵν’
544 2650 648 2705 οὐκ
704 2647 818 2704 ἔστι
867 2648 971 2722 γὰρ
1025 2648 1202 2712 αἳτιος
1253 2645 1478 2708 ’ἕκαστος
1533 2653 1632 2703 τοῦ
1686 2647 1945 2712 καθέλκε-

289 2741 412 2794 σθαι
464 2739 562 2808 τὴν
619 2742 769 2809 ναῦν,
829 2735 976 2793 ἀλλᾶ
1029 2736 1120 2790 σὺν
1179 2743 1298 2798 τοῖς
1379 2735 1598 2799 ἃλλοις’
1661 2737 1804 2792 οὕτω
1855 2737 1947 2792 καὶ

293 2829 332 2896 ἡ
381 2827 702 2904 φιλοσοφία,
732 2828 867 2902 πρὸς
895 2827 1206 2900 κατάληψιν
1263 2832 1365 2895 τῆς
1419 2824 1702 2895 ἀληθείας,
1780 2828 1947 2897 ζήτη-

304 2935 389 2976 σις
434 2914 568 2969 οὖσα
625 2915 906 2985 ἀληθείας,
965 2910 1432 2987 συλλαμϐάνεταιο
1484 2913 1584 2969 οὐκ
1639 2915 1786 2970 αἰτία
1819 2913 1950 2970 οὖσα

2126 2474 2638 2540 Quemadmodum
2669 2479 2868 2529 autem
2895 2474 3066 2528 multi
3115 2473 3410 2540 homines,
3449 2474 3550 2546 qui
3600 2491 3706 2531 na-

2055 2581 2184 2619 vem
2218 2564 2480 2625 trahunt,
2514 2579 2635 2617 non
2666 2561 2782 2616 dici
2816 2567 3066 2633 possunt
3090 2562 3294 2616 multas
3341 2579 3554 2628 causae,
3607 2563 3710 2618 sed

2057 2669 2177 2708 una
2205 2668 2385 2708 causa
2417 2669 2483 2706 ex
2511 2651 2713 2706 multis
2741 2656 3021 2706 constans
3047 2667 3060 2704 :
3085 2667 3203 2705 non
3230 2657 3321 2706 est
3350 2651 3508 2705 enim
3529 2669 3717 2708 unus-

2060 2743 2310 2814 quisque
2341 2756 2538 2804 causa,
2574 2745 2640 2794 ut
2682 2739 2847 2794 navis
2881 2740 3168 2808 trahatur,
3202 2740 3306 2796 sed
3356 2757 3489 2796 cum
3540 2741 3712 2808 aliis;

2058 2830 2140 2884 ita
2159 2830 2335 2885 etiam
2359 2827 2734 2900 phi1050phia
2751 2828 2982 2884 confert
2999 2829 3071 2884 ad
3090 2830 3715 2900 comprehendendam

2060 2919 2387 2982 veritatem,
2421 2933 2555 2973 cum
2588 2917 2665 2972 sit
2710 2918 3019 2988 inquisitio
3053 2919 3338 2984 veritatis,
3393 2935 3511 2973 non
3556 2919 3716 2990 quod

293 3002 674 3078 καταλήψεως,
704 3004 794 3058 σὺν
841 3003 900 3059 δὲ
935 3010 1054 3066 τοῖς
1106 3001 1304 3066 ἃλλοις
1336 3003 1503 3073 α”τία,
1534 3006 1624 3059 καὶ
1665 3004 1943 3079 συνεργός”

2063 3008 2139 3062 sit
2168 3023 2346 3062 causa
2376 3007 2949 3078 comprehensionis,
2984 3008 3087 3063 sed
3122 3025 3300 3064 causa
3321 3025 3452 3063 cum
3478 3009 3633 3074 aliis,
3657 3013 3717 3063 et

296 3092 447 3168 τάχα
477 3090 534 3146 δὲ
583 3093 772 3147 καὶτὸ
825 3093 1096 3148 συναίτιον
1157 3091 1351 3149 α’ίτιον.
1383 3093 1472 3154 Ὦς
1505 3090 1562 3148 δὲ
1623 3093 1741 3156 ἓνὸς
1794 3089 1950 3158 ὄντος

292 3186 391 3236 τοῦ
425 3179 797 3255 εὐδαιμονεῖν,
829 3183 999 3238 αἰτίαι
1029 3182 1395 3258 τυγχάνουσιν
1458 3184 1514 3237 αἳ
1561 3183 1745 3258 ἀρεταὶ
1796 3180 1952 3238 πλεί-

289 3291 407 3332 ονες
438 3270 806 3345 ὑπάρχουσαν
839 3272 931 3327 καὶ
969 3271 1045 3336 ὡς
1073 3275 1171 3326 τοῦ
1203 3271 1586 3345 θερμαίνεσθαι
1619 3272 1648 3327 ’ὁ
1677 3291 1736 3326 τε
1764 3271 1952 3343 ἣλιος,

289 3359 353 3415 τό
381 3380 442 3414 τε
466 3363 598 3434 πῦρ,
636 3358 926 3435 βαλανεῖόν
956 3381 1037 3429 τε,
1080 3360 1171 3415 καὶ
1231 3359 1409 3431 ἐσθής
1471 3359 1614 3415 οὕτω
1676 3363 1802 3433 μιᾶς
1857 3357 1952 3414 οὕ-

291 3469 391 3519 σης
421 3450 522 3517 τῆς
555 3447 840 3519 ἀληθείας,
903 3446 1088 3504 πολλὰ
1139 3449 1208 3504 τὰ
1264 3445 1763 3522 συλλαμϐανόμενα
1819 3451 1954 3526 πρὸς

296 3539 526 3608 ζήτησιν
557 3540 671 3610 ('73)
721 3537 914 3607 αὐτῆς·
975 3535 1120 3607 ἡδὶ
1177 3537 1405 3612 εὕρεσις,
1463 3541 1499 3608 ἡ
1559 3535 1628 3592 δι’
1681 3539 1827 3594 Υἱοῦ.
1887 3538 1954 3594 Ei

287 3631 416 3702 γοῦν
475 3632 801 3700 σκοποῖμεν,
859 3627 958 3700 μία
1014 3625 1150 3682 κατᾶ
1207 3624 1436 3699 δύναμίν
1492 3626 1632 3682 ἐστιν
1682 3629 1717 3696 ἡ
1763 3627 1950 3702 ἂρετή·

287 3714 491 3786 ταύτην
541 3711 599 3770 δὲ
658 3709 993 3788 συμϐέϐηκε,
1043 3715 1262 3780 τούτοις
1322 3716 1417 3788 μὶν
1468 3720 1584 3778 τοῖς
1639 3717 1950 3792 πράγμασιν

2061 3097 2451 3168 oooperatrix.
2508 3102 2566 3150 et
2633 3096 2781 3150 forte
2855 3097 3032 3152 etiam
3091 3113 3271 3152 causa
3326 3113 3714 3153 concausans.

2062 3183 2571 3252 Quemadmodum
2599 3190 2799 3239 autem
2846 3201 2980 3239 cum
3028 3185 3332 3240 beatitudo
3383 3203 3568 3242 unum
3619 3187 3714 3256 sit,

2063 3275 2193 3348 ejus
2209 3291 2400 3329 causas
2424 3279 2562 3328 sunt
2581 3272 2782 3344 plures
2809 3273 3055 3327 virtutes
3083 3291 3097 3339 ;
3124 3280 3182 3328 et
3203 3275 3712 3344 quemadmodum

2061 3370 2128 3418 ut
2158 3363 2289 3434 quis
2306 3362 2559 3426 calefiat,
2580 3361 2850 3416 efficiunt
2865 3367 2924 3416 et
2939 3361 3028 3416 sol
3054 3368 3112 3416 et
3134 3363 3308 3435 ignis,
3333 3369 3392 3418 et
3410 3363 3713 3433 balneum,

2063 3458 2121 3508 et
2149 3451 2327 3507 vestis
2353 3469 2366 3517 ;
2399 3452 2480 3505 ita
2509 3467 2644 3505 cum
2677 3451 2752 3506 sit
2781 3466 2900 3504 una
2924 3450 3157 3516 veritas,
3186 3451 3374 3506 multa
3398 3458 3555 3519 sunt,
3582 3469 3712 3521 quas

2063 3541 2378 3596 conferunt
2406 3539 2479 3594 ad
2530 3540 2657 3610 ejus
2706 3538 3180 3609 inquisitionem,
3232 3539 3482 3594 inveniri
3513 3545 3712 3595 autem

2064 3631 2191 3684 sine
2219 3629 2283 3693 ἤ(
2310 3629 2442 3683 Filii
2473 3627 2694 3683 auxilio
2721 3643 2840 3682 non
2871 3633 3083 3700 potest.
3118 3629 3188 3682 Et
3216 3628 3264 3682 si
3289 3628 3528 3698 quidem
3551 3632 3711 3683 recte

2063 3717 2526 3784 consideremus,
2578 3721 2870 3787 potestate
2920 3732 3039 3771 una
3087 3722 3177 3772 est
3231 3717 3434 3784 virtus,
3497 3717 3713 3772 accidit

361 3837 423 3902 »ιι
480 3837 544 3890 Ρ.
579 3836 683 3890 376
708 3835 822 3889 ED.
858 3835 1151 3902 roman,
1185 3836 1287 3888 318
1317 3835 1428 3889 ED.
1470 3835 1698 3890 PARIS.
1731 3835 1804 3906 (a)
1837 3836 1948 3890 Pro

2063 3855 2105 3904 ι,
2133 3839 2217 3904 16,
2252 3839 2339 3903 17,
2372 3835 2460 3890 18.

367 3951 480 4024 (69)
504 3946 701 4024 Σοφία.
725 3950 804 4005 De
829 3950 1145 4024 Sapientiae
1171 3950 1413 4024 nomine
1430 3949 1768 4024 Salomonis
1787 3949 1955 4024 libris

297 4021 490 4095 indito
521 4021 677 4095 conf.
713 4038 843 4095 qum
866 4021 1170 4095 adnotavit
1191 4021 1517 4095 Cotelerius
1533 4022 1606 4076 ad
1625 4022 1806 4076 ﬁnem
1833 4023 1956 4077 Cle-

295 4093 516 4148 mentis
547 4093 794 4150 Bomani
821 4093 1000 4163 Epist.
1036 4095 1059 4146 Ι
1090 4095 1162 4152 ad
1190 4093 1524 4148 Corinthios.

366 4164 512 4237 (70)_
555 4165 848 4237 ΓΛυκέροῦ.
932 4167 1205 4237 ΓΛυκεροῦ
1252 4163 1430 4237 πίετε,
1492 4164 1953 4237 Ρνονθῴηῄιώί

293 4227 546 4308 φὸξςίν
605 4238 686 4299 τῷ
731 4227 938 4308 τόπῳ,
968 4227 1187 4291 omisso
1248 4227 1440 4303 αὐτῆς.
1503 4235 1671 4300 Dein,
1713 4227 1950 4308 διαϐήσῃ

293 4302 568 4398 ὡςιςιξδιυθρὶ
595 4308 792 4380 inquit
817 4302 1096 4398 ‘S'xl‘burg;

370 4381 478 4446 171)
509 4375 710 4452 ’Ἄρτον
743 4377 832 4452 καὶ
865 4375 1067 4452 ὕδωρξ
1086 4378 1381 4452 Hervetus
1419 4394 1729 4452 perperam
1779 4378 1954 4452 vertit

301 4471 323 4495 -
372 4449 594 4520 panem‘
619 4457 677 4506 et
705 4451 927 4505 vinum.
966 4449 989 4502 ἡ
1025 4449 1227 4504 Scribe
1258 4466 1288 4503 e
1346 4449 1545 4504 Graeco
1605 4449 1947 4510 Clementis,

295 4543 323 4568 «
354 4536 570 4594 panem
601 4528 661 4576 et
691 4538 908 4594 aquam
944 4540 957 4586 ;
994 4543 1034 4594 ii
1054 4528 1144 4575 est
1173 4522 1332 4594 enim
1365 4537 1532 4594 error
1577 4521 1952 4592 typographi,

295 4593 394 4661 qui
431 4609 498 4646 ex
527 4593 646 4648 alia
678 4592 936 4648 editione
966 4593 1235 4647 adhaesit.
1270 4592 1418 4647 Sunt
1456 4593 1582 4646 haec
1622 4608 1691 4646 ex
1724 4608 1775 4645 ix
1809 4593 1955 4646 Pro-

295 4662 455 4738 verb,
489 4671 544 4718 et
575 4664 882 4738 familiare,
903 4670 992 4718 est
1023 4664 1245 4738 sanctis
1267 4662 1539 4738 Batribus
1591 4664 1689 4726 τῆς
1749 4663 1952 4738 Eppia:

294 4735 538 4789 nomine
569 4743 840 4790 auctores
871 4735 1250 4805 innuere,qui
1278 4735 1717 4797 Ecclesiastam,
1753 4735 1952 4790 Ecble-

296 4804 604 4862 siasticum
638 4813 697 4862 et
725 4806 1045 4874 Proverbia
1096 4804 1486 4877 scripserunt,
1546 4813 1612 4860 ut
1657 4811 1955 4874 ποιητικῆς

297 4878 824 4950 ῃοῐηὶῐιοηροεῐειε.
875 4877 1040 4942 Quod
1068 4893 1215 4950 ivero
1258 4877 1527 4950 sequitur
1559 4892 1572 4930 :
1610 4899 1637 4926 «
1668 4878 1780 4932 Sed
1806 4877 1953 4932 resi-

296 4947 433 5014 lias,
459 4965 531 5003 ne
561 4947 663 5004 diu
695 4950 944 5004 moreris
975 4950 1036 5004 in
1067 4949 1196 5004 loco
1218 4947 1366 5017 ejus,
1406 4971 1432 4997 υ
1464 4947 1844 5019 desumptum
1869 4954 1958 5004 est

297 5035 370 5075 ex
403 5022 731 5092 appendice
775 5020 1043 5092 ejusdem
1076 5021 1284 5091 capitis
1309 5021 1368 5092 in
1402 5020 1662 5092 editione
1695 5024 1957 5076 Romana

295 5091 497 5163 nuper
522 5093 677 5148 aucti
704 5111 719 5157 ;
745 5099 809 5146 ut
840 5097 897 5145 et
919 5091 1054 5146 illa:
1080 5113 1099 5137 ι
1124 5094 1220 5163 Ita,
1237 5091 1397 5146 enim
1437 5091 1718 5159 transibis
1741 5109 1956 5163 aquam

297 5161 574 5219 alienam.
631 5170 691 5218 et
740 5163 1132 5219 transmeabis
1189 5161 1432 5216 fluvium
1487 5161 1956 5229 alienum,3>xai

301 5229 588 5308 ὓπεοϐἥσῃ
639 5230 785 5308 ὕδωρ
838 5231 1259 5308 ἀλλότριονηεξχ
1304 5250 1422 5308 uno
1453 5233 1604 5288 libro
1634 5235 1956 5308 adduntur,

298 5307 471 5374 cujus
492 5306 814 5363 auctoritas
847 5306 1185 5378 conﬁrmari
1211 5306 1322 5378 hoc
1353 5306 1676 5360 Clementis
1702 5307 1828 5362 loco
1853 5324 1960 5378 po-

302 5384 438 5432 test.
472 5385 530 5432 et
585 5377 1016 5434 commentario
1040 5377 1278 5448 ‘Didymi
1313 5379 1580 5448 nondum
1606 5378 1792 5448 edito,
1856 5377 1956 5448 qui

299 5448 546 5521 fluvium
579 5451 1010 5521 interpretatur
1035 5444 1385 5521 διδασκαλίαν
1417 5445 1706 5521 «inquiti,»
1733 5450 1820 5502 καὶ
1856 5444 1956 5502 τις.

303 5518 663 5591 ρασῦρουσαν,
719 5516 789 5574 οὗ
849 5519 986 5584 πρὸς
1065 5517 1437 5593 καρποφορίαν
1503 5516 1755 5592 ἄγουσαν.
1815 5521 1958 5575 Vide

303 5607 440 5664 quas
474 5593 754 5664 adnotata
783 5598 924 5664 sunt
953 5591 1021 5664 in_
1045 5591 1437 5664 Pardagogum.
1471 5591 1739 5649 Censor.

372 5665 490 5736 (72)
519 5661 700 5740 Ὕδωρ
757 5660 922 5738 ψιλὸν
974 5659 1096 5736 ιύχ.
1146 5659 1390 5734 Aquarii
1421 5679 1635 5736 nempe
1670 5682 1684 5732 ;
1717 5665 1789 5721 de
1823 5663 1960 5736 qui-

2063 3951 2172 4006 bus
2196 3949 2558 4023 Augustinus
2589 3947 2692 4002 lib.
2752 3949 2847 4023 De_
2872 3948 3070 4023 haeres,
3121 3965 3248 4023 cap.
3316 3951 3421 4023 64,
3455 3949 3614 4023 _S_vL_n.
3649 3979 3716 3989 —

2064 4019 2325 4078 Ebionaa'i
2359 4022 2548 4076 solam
2582 4036 2810 4091 aquam
2834 4021 2893 4073 in
2927 4020 3286 4074 eucharistia
3332 4019 3715 4091 adhibebant.

2065 4095 2188 4159 Quo
2220 4093 2424 4149 allusit
2479 4090 2738 4145 Irenaeus
2799 4090 2900 4144 lib.
2961 4109 3012 4158 v,
3045 4107 3171 4161 cap.
3227 4095 3274 4154 1,
3309 4108 3365 4161 p.
3423 4092 3525 4144 394
3573 4090 3713 4145 edit.

2065 4166 2247 4220 Oxon.
2284 4181 2297 4218 :
2331 4188 2358 4214 α
2394 4162 2732 4233 Reprobant
2756 4162 2955 4232 itaque
2997 4164 3054 4216 hi
3087 4162 3566 4216 commistionem
3597 4162 3715 4215 vini

2063 4237 2341 4303 caelestis,
2371 4243 2429 4288 et
2455 4235 2582 4289 sola
2636 4249 2792 4303 aqua
2848 4233 3152 4288 saecularis
3181 4233 3385 4287 volunt
3413 4248 3563 4294 esse.
3595 4248 3718 4287 non

2062 4308 2419 4380 recipientes
2449 4307 2632 4380 Deum
2666 4304 3244 4380 adcommistionem
3278 4320 3462 4380 suam.
3491 4326 3519 4353 ι)
3547 4303 3712 4358 Conf.

2062 4375 2427 4450 Epiphanius
2459 4377 2669 4450 hzeres.
2699 4377 2935 4430 30.sect.
2966 4378 3120 4450 16in
3155 4375 3428 4450 eumdem
3452 4391 3714 4429 errorem

2064 4446 2274 4504 inci—dit
2304 4449 2481 4503 etiam
2513 4446 2813 4508 Tatianus,
2849 4453 3023 4500 sectas
3056 4447 3496 4516 Encratitaruni
3529 4452 3714 4516 pater,

2065 4522 2333 4576 tradente
2367 4517 2696 4590 Epiphanio
2731 4521 2936 4590 haeres.
2971 4520 3074 4571 46:
3109 4517 3442 4590 Murot‘r‘pimc
3477 4513 3718 4590 δὲὡσαύ-

2059 4612 2167 4664 τῳς
2226 4585 2495 4664 κ-ὲχρημταῖ
2545 4587 2680 4664 κατὰ
2742 4586 2975 4664 μίμησιν
3031 4593 3130 4653 τῆς
3179 4585 3718 4664 ᾀγίαςἙκκλησίας,

2064 4661 2216 4716 ὕδατι
2250 4659 2492 4731 δέ’μὸνῳ
2525 4661 2815 4732 χρώμενος
2840 4731 2846 4732 7
2870 4659 2923 4711 ἐν
2981 4663 3098 4714 τοῖς
3156 4659 3339 4720 αὐτοῖς
3371 4659 3715 4730 μυστηείοις·

2064 4760 2090 4785 «ι
2119 4733 2407 4807 Mysteriis
2439 4731 2616 4807 etiam
2647 4731 2892 4807 perinde
2946 4748 3088 4807 usus
3121 4739 3240 4807 est_
3266 4733 3338 4786 ad
3379 4733 3717 4807 exemplum

2066 4802 2284 4862 sanctae
2327 4803 2627 4866 Ecclesiae,
2687 4802 2790 4857 sed
2849 4803 2910 4856 in
2967 4803 3039 4856 iis
3097 4803 3469 4858 celebrandis
3529 4802 3718 4859 solam

2063 4895 2277 4949 aquam
2307 4875 2565 4932 adhibet.
2601 4895 2625 4949 ξ»
2662 4873 2826 4928 Unde
2860 4874 2987 4944 ejus
3019 4872 3296 4949 discipuli
3335 4875 3720 4949 appellaban:

2064 4943 2161 5036 till-1‘
2200 4944 2722 5036 'l‘aponapaota'tat,
2785 4967 2813 4995 ι(
2865 4943 3124 5036 aquarii,
3173 4943 3216 4994 “››
3266 4945 3340 5007 ὡς
3371 4943 3544 5028 ῖῧδωρ
3584 4944 3719 5036 ἐντὶ

2067 5017 2216 5074 ο⁹ίνου
2247 5016 2669 5092 προσφὲοοντες,
2695 5039 2730 5092 _«
2756 5016 2915 5086 quod
2947 5033 3161 5092 aquam
3195 5035 3313 5092 pro,
3349 5019 3482 5092 vino
3517 5016 3721 5073 'offer-

2067 5098 2222 5158 rent,
2258 5088 2381 5146 n'ut
2405 5088 2494 5144 ait
2513 5088 2918 5143 Theodoretus
2947 5090 3198 5144 Haeretic.
3232 5091 3348 5156 fab.
3379 5090 3482 5144 lib.
3516 5107 3555 5156 ι,
3589 5106 3718 5160 cap.

2065 5168 2134 5219 20
2189 5163 2518 5235 Cyprianus
2552 5179 2611 5235 p_.
2673 5163 2782 5235 2⁸76Δ
2808 5160 2987 5235 edit.__
3012 5161 3343 5235 Amstelod._
3371 5179 3383 5215 :
3421 5161 3720 5235 «Quidam

2068 5230 2710 5291 novel-lailistilutione
2770 5232 2828 5284 in
2882 5230 3065 5286 calice
3118 5233 3421 5286 Dominico
3454 5232 3721 5286 sanctifi-

2068 5309 2254 5363 cando
2289 5314 2346 5361 et
2375 5303 2533 5376 plebi
2566 5303 2962 5376 ministrando
2990 5320 3109 5356 non
3145 5305 3267 5376 hoc
3293 5304 3532 5376 faciunt.
3562 5300 3721 5376 quod

2067 5381 2353 5435 Christus.
2381 5372 2572 5444 hujus
2604 5375 2877 5428 sacriﬁcii
2914 5382 3120 5428 auctor
3151 5381 3208 5427 et
3238 5375 3461 5429 doctor.
3494 5372 3634 5425 fecit
3664 5375 3723 5423 et

2069 5451 2269 5505 docuit
2301 5469 2313 5514 ;
2353 5472 2378 5497 ι»
2413 5455 2532 5501 tum
2570 5447 2759 5517 pergit
2807 5446 2994 5499 solam
3053 5461 3268 5515 aquam
3302 5446 3720 5499 consecrantes

2067 5523 2302 5593 copiose
2333 5518 2627 5593 refellere.

2138 5581 2255 5663 (73)
2305 5589 2444 5663 Πρὸς
2493 5588 2584 5656 iit.
2617 5587 2814 5642 Malim
2846 5602 2980 5640 cum
3024 5585 3295 5653 articulo,
3327 5581 3464 5653 πρὸς
3495 5581 3593 5650 τὴν
3628 5581 3723 5651 ζή-

2067 5679 2248 5734 τησιν.
2281 5664 2556 5719 Sanuno.
