4058 6164
384 300 495 357 815

1621 300 2031 358 CLEMENTIS
2067 305 2570 363 ALEXANDle

3694 301 3807 360 818

388 434 609 493 autem,
644 432 709 481 ut
740 442 808 481 ea
838 440 970 479 cum
1001 424 1095 479 his
1126 423 1366 494 quidem
1396 424 1543 480 insit
1571 425 1767 494 rebus,
1804 425 2019 481 dicatui

2148 425 2537 503 ἐγγενομένην,
2572 428 2818 503 λέγεσθαι
2858 428 3144 499 φρόνησιν,
3177 426 3230 482 ἰν
3256 425 3475 491 τούτοις
3502 424 3561 483 δὶ
3590 448 3816 502 σωφρο-

390 520 728 592 prudentia.
763 518 823 571 in
850 517 969 571 illis
999 523 1199 570 autem
1229 516 1640 586 temperantia,
1668 516 1730 570 in
1750 516 1884 572 aliis
1908 534 2041 573 vero

392 609 575 664 animi
603 604 942 678 magnitudo
960 604 1318 675 veljustitia.
1348 605 1565 659 Eadem
1588 611 1787 660 autem
1811 606 2044 662 ratione

390 714 521 751 cum
555 697 630 750 sit
660 711 777 749 una
807 710 1041 764 quoque
1072 694 1306 754 veritas.
1337 693 1399 747 in
1439 695 1765 765 geometria
1803 711 2044 768 geome-

388 787 514 840 trias
546 785 757 838 veritas
787 801 801 849 ;
845 785 909 837 in
940 782 1168 837 musica
1187 788 1385 838 autem
1410 783 1686 849 musicae;
1720 790 1780 838 et
1800 785 1861 839 in
1885 791 2046 840 recta

383 874 761 945 philosophia
790 873 968 927 fuerit
1011 874 1212 927 Graeca
1242 872 1475 927 veritas.
1521 872 1654 928 Sola
1686 879 1883 927 autem
1918 873 2045 928 haac

288 1016 293 1019 Α
384 969 471 1017 est
502 962 849 1017 authentica
878 962 1113 1027 veritas,
1172 978 1423 1032 quaeque
1454 978 1489 1016 a
1544 964 1785 1017 nemine
1834 962 2044 1035 attingi

386 1057 599 1123 potest.
630 1068 809 1123 quam
840 1051 1124 1105 docemur
1151 1067 1186 1105 a
1228 1051 1331 1105 Dei
1379 1051 1545 1105 Filio.
1595 1051 1814 1106 Eodem
1865 1049 2043 1106 modo

384 1157 507 1196 una
542 1140 871 1211 eademque
891 1140 1195 1205 drachma,
1227 1140 1275 1194 si
1297 1139 1437 1195 data
1457 1140 1635 1197 fuerit
1655 1148 1871 1207 nautas,
1895 1157 2044 1195 nau-

389 1231 552 1298 lum;
587 1232 634 1288 si
669 1232 1009 1303 publicano,
1045 1231 1336 1303 vectigal;
1372 1231 1420 1285 si
1454 1231 1507 1286 ei
1542 1232 1640 1302 qui
1674 1232 1921 1286 domum
1960 1230 2044 1285 lo-

383 1328 497 1383 cat,
521 1337 748 1376 merces
771 1321 1078 1376 conductze
1096 1320 1339 1387 domus;
1369 1320 1417 1375 si
1447 1319 1818 1391 praeceptori,
1851 1336 2046 1391 Operm

382 1435 653 1485 merces;
689 1419 737 1473 si
772 1419 822 1473 ei
874 1419 971 1489 qui
1006 1417 1226 1484 vendit,
1281 1417 1457 1472 arrha
1506 1416 1742 1472 dicitur.
1790 1416 2046 1490 Singula:

380 1515 608 1572 autem,
642 1525 745 1562 seu
776 1509 1043 1569 virtutes,
1080 1524 1184 1561 seu
1225 1507 1523 1573 veritates,
1576 1506 1879 1562 communi
1914 1505 2044 1576 qui-

386 1597 523 1651 dem
552 1597 793 1651 nomine
835 1596 1213 1661 conveniunt,
1249 1595 1353 1650 sed
1400 1596 1709 1667 proprium
1758 1595 2045 1665 aliquem,

386 1711 645 1765 eumque
677 1695 939 1757 unicum,
975 1695 1252 1748 effectum
1299 1693 1559 1759 habent;
1612 1710 1867 1763 quorum
1917 1709 2046 1747 om-

2152 516 2341 587 σύνην,
2374 517 2426 572 ἐν
2457 518 2679 580 τούτοις
2710 516 2767 573 δὲ
2799 516 3047 592 ἀνδρείαν
3071 516 3108 586 ἢ
3141 514 3480 587 δικαιοσύνη.
3529 518 3658 573 Ἀνὰ
3712 518 3809 573 τὸν

2148 606 2307 662 αὐτὸν
2340 604 2432 662 οὖν
2464 606 2632 683 λόγον
2665 607 2753 662 καὶ
2790 612 2916 679 μιᾶς
2941 602 3112 677 οὔσης
3140 604 3480 675 ἀλτ,θείας,ἒν
3500 606 3816 682 γεωμετρίᾳ

2152 697 2249 770 μὲν
2279 695 2620 771 γεωμετρίας
2649 694 2904 766 ἀλήθεια,
2936 693 2990 750 ἐν
3027 698 3263 768 μουσικῇ
3297 692 3354 749 δὲ
3384 702 3680 767 μουσικῆς·
3711 696 3811 751 κάν

2149 781 2456 861 φιλοσοφίᾳ
2486 788 2553 859 τῇ
2586 784 2726 858 ὀρθῇ
2758 782 3066 855 Ἑλληνικὴ
3100 782 3185 854 εἴη
3208 781 3269 838 ἅν
3302 783 3721 854 ἆλῆθεια.Μόνη
3754 782 3816 840 δὶ

2148 875 2184 941 ἡ
2217 872 2376 948 κυρία
2405 874 2541 942 αὕτη
2575 874 2829 944 ἀλήθεια,
2852 874 3422 950 ἀπαρεγχείρητος,ἢν
3450 875 3595 949 παρᾶ
3611 876 3813 947 rana.

2147 964 2245 1015 τοῦ
2280 965 2415 1016 Θεοῦ
2446 960 2818 1035 παιδευόμεθα
2865 962 3070 1018 Τοῦτόν
3099 983 3274 1041 φαμεν
3304 967 3415 1032 (74)
3470 963 3563 1018 τὸν
3603 965 3811 1040 τρόπον

2154 1055 2283 1122 μιᾶς
2310 1050 2401 1105 καὶ
2430 1058 2530 1120 τῆς
2561 1050 2727 1118 αὐτῆς
2754 1048 3039 1127 δραχμῆς,
3085 1056 3165 1123 τῷ
3223 1051 3322 1125 μὶν
3379 1051 3678 1127 ναυκλήρῳ
3710 1050 3810 1107 δο-

2151 1139 2364 1209 θείσης,
2400 1139 2650 1214 λέγεσθαι
2691 1144 2914 1211 ναῦλον,
2972 1145 3053 1213 τῷ
3107 1138 3165 1195 δὲ
3217 1138 3433 1215 τελώνῃ
3482 1140 3667 1202 τέλος·
3724 1142 3816 1197 καὶ

2151 1225 2386 1283 ἐνοίκιον
2422 1228 2516 1301 μὲν
2547 1232 2628 1302 τῷ
2668 1229 3028 1304 σταθμούχῳ·
3094 1231 3286 1303 μισθὸν
3343 1227 3401 1285 δὲ
3444 1234 3525 1303 τῷ
3557 1227 3811 1286 διδασκά-

2151 1313 2254 1388 λῳ·
2289 1316 2489 1389 καὶτῷ
2535 1318 2903 1390 πιπράσκοντι
2956 1314 3267 1394 ἆρῥαϐὦνα.
3330 1320 3562 1390 Ἐκάστη
3623 1317 3681 1375 δὲ
3710 1318 3813 1376 ε’ίτε

2151 1405 2340 1481 ἀρετὴ,
2402 1404 2510 1463 ε’ίτε
2578 1407 2667 1462 καὶ
2743 1407 2996 1478 ἀλήθεια,
3059 1406 3392 1481 συνωνύμως
3476 1408 3813 1483 καλουμένῃ,

2154 1495 2320 1566 μόνου
2375 1499 2473 1551 τοῦ
2524 1498 2643 1551 καθ’
2700 1497 2895 1566 ἑαυτὴν
2954 1496 3399 1569 ἀποτελέσματός
3453 1496 3594 1553 ἐστιν
3644 1498 3810 1553 αἰτία·

2150 1584 2287 1639 κατὰ
2342 1584 2655 1660 σύγχρησιν
2703 1582 2762 1640 δὲ
2807 1586 3018 1640 τούτων
3068 1586 3274 1660 γίνεται
3349 1586 3413 1641 τὸ
3470 1585 3813 1661 εὐδαιμόνως

2154 1676 2272 1746 ζῇψ
2311 1676 2387 1746 μή
2420 1676 2521 1749 γὰρ
2554 1672 2621 1743 δὴ
2656 1671 3070 1748 εὐδαιμονῶμεν
3103 1676 3239 1750 πρὸς
3294 1676 3362 1730 τὰ
3409 1676 3675 1749 ὀνόματα,
3734 1677 3815 1732 ὅτ’

383 1784 553 1837 nium
574 1800 644 1837 ex
661 1783 1082 1853 conjunctione
1101 1782 1365 1836 nascitur
1382 1782 1500 1835 vita
1521 1781 1713 1837 beata.
1732 1783 1860 1836 Non
1884 1782 2019 1837 enin

2152 1759 2213 1816 ἂν
2239 1763 2330 1818 τὸν
2361 1762 2522 1839 ὀρθὸν
2559 1764 2678 1840 βίον
2710 1761 2968 1837 εὔδαιμον
2982 1764 3059 1819 ίαν
3091 1763 3365 1840 λέγωμεν,
3397 1765 3487 1820 καὶ
3518 1763 3816 1839 εὐδαίμονα

383 1871 526 1925 solis
562 1872 905 1925 nominibus
926 1870 1084 1925 beati
1106 1869 1429 1938 reddimur,
1453 1886 1588 1925 cum
1618 1875 1841 1924 rectam
1862 1870 2019 1925 vitan

2148 1854 2240 1908 τὸν
2272 1857 2694 1927 κεκοσμημένον
2745 1857 2846 1923 τήν
2904 1857 3094 1930 ψυχὴν
3153 1856 3426 1930 εὐαρέτως
3455 1860 3579 1929 (75).
3634 1856 3699 1912 Li
3755 1854 3814 1913 δε

384 1968 653 2023 dicamus
692 1969 1161 2034 beatitudinem;
1197 1974 1256 2022 et
1292 1968 1463 2023 illum
1506 1967 1766 2031 beatum,
1802 1969 1897 2023 cui
1927 1968 2041 2024 vir-

380 2064 508 2114 tute
545 2065 827 2115 exornata
844 2065 934 2113 est
949 2059 1165 2114 anima.
1192 2057 1357 2123 Quod
1389 2058 1438 2112 si
1462 2058 1639 2113 etiam
1662 2058 2042 2130 philosophia

388 2166 418 2204 e
450 2149 773 2221 longinquo
805 2167 977 2222 opem
1008 2149 1124 2203 fert
1166 2148 1493 2203 inventioni
1536 2148 1820 2211 veritatis,
1860 2149 2038 2204 variis

393 2238 737 2293 notiombus
752 2239 1003 2294 tendens
1019 2238 1092 2293 ad
1105 2243 1367 2293 nostram
1389 2237 1701 2294 scientiam
1746 2254 1877 2308 quae
1898 2254 2038 2309 pro-

389 2326 545 2381 xime
577 2327 811 2399 attingit
838 2328 1142 2383 veritatem
1172 2344 1184 2392 ;
1219 2327 1301 2381 sic
1334 2333 1532 2382 tamen
1573 2326 1626 2381 ei
1675 2344 1847 2398 opem
1899 2326 2034 2396 fert,

387 2424 487 2494 qui
519 2425 653 2496 LOgi
685 2425 904 2480 auxilio
944 2431 1195 2480 conatur
1242 2424 1690 2496 apprehendere
1735 2424 2032 2497 cognitio-

385 2528 543 2568 nem.
578 2513 832 2570 Proinde
876 2515 1075 2570 Grzeca
1102 2514 1339 2581 veritas,
1373 2514 1605 2569 etiamsi
1637 2514 1715 2569 sit
1744 2513 1900 2568 idem
1931 2530 2034 2568 no-

380 2619 520 2657 men
551 2604 777 2671 sortita,
810 2609 1011 2659 tamen
1042 2620 1076 2659 a
1104 2610 1308 2659 nostra
1341 2610 1467 2658 tum
1497 2602 1908 2675 magnitudine
1931 2620 2034 2659 co-

378 2692 680 2763 gnitionis,
712 2699 833 2748 tum
876 2692 1454 2748 demonstrationum
1502 2692 1816 2759 evidentia,
1849 2696 1907 2746 et
1937 2691 2029 2747 di-

376 2780 512 2835 vina
539 2782 774 2845 virtute,
808 2787 866 2836 et
890 2782 1024 2837 aliis
1068 2782 1385 2848 similibus,
1436 2782 1577 2837 satis
1622 2781 2025 2854 distinguitur.

378 2882 424 2933 A
450 2880 568 2932 Deo
600 2879 759 2933 enim
786 2880 942 2934 docti
974 2895 1200 2939 sumus.
1235 2881 1335 2950 qui
1368 2879 1596 2935 litteras
1620 2895 1754 2934 vere
1779 2895 2030 2935 sacrasa

377 2968 524 3022 Filio
558 2969 659 3023 Dei
687 2969 1038 3035 didicimus;
1072 2969 1231 3024 unde
1271 2986 1392 3025 non
1425 2969 1670 3041 perinde
1700 2986 1768 3024 ac
1800 2986 1909 3025 nos
1937 2968 2027 3024 illi

377 3063 614 3111 movent
644 3058 895 3125 animas,
930 3058 1031 3113 sed
1063 3057 1293 3114 diversa
1314 3058 1488 3130 plane
1514 3056 1793 3114 methodo
1812 3075 1880 3114 ac
1904 3057 2027 3113 dis-

374 3146 614 3217 ciplina.
648 3147 813 3213 Quod
844 3148 894 3202 si
924 3154 1165 3220 propter
1195 3165 1316 3217 eos,
1350 3149 1448 3220 qui
1481 3165 1590 3203 nos
1612 3146 2017 3204 calumniandi
2048 3146 2092 3213 C

372 3261 548 3299 ansas
580 3251 873 3316 qumrunt,
899 3246 1317 3317 oportebitnos
1347 3247 1733 3319 distinguere,
1762 3245 2022 3317 philoso-

369 3334 592 3405 phiam,
620 3341 682 3389 ut
698 3352 829 3406 qum
850 3337 910 3390 in
934 3337 1175 3391 veritate
1198 3335 1534 3407 indaganda
1553 3340 1841 3401 versetur,
1864 3351 2020 3389 com-

365 3423 805 3493 prehendendae
819 3425 1082 3480 veritatis
1100 3441 1454 3480 concausam
1477 3430 1536 3479 et
1551 3424 2016 3495 coaperatricem

362 3522 755 3591 appellantes,
790 3521 1109 3577 fatebimur
1137 3539 1268 3577 eam
1292 3538 1423 3577 esse
1448 3521 1727 3593 praiviam
1752 3521 2015 3577 hominis

360 3613 613 3686 gnoslici
645 3612 1046 3683 disciplinam,
1071 3628 1192 3666 non
1216 3616 1414 3666 tamen
1434 3628 1563 3666 esse
1592 3626 1856 3677 causam,
1883 3627 2015 3682 qua

363 3704 554 3758 solum
587 3708 677 3758 est
715 3717 1044 3769 concausa;
1096 3718 1290 3772 neque
1335 3701 1670 3768 continens,
1722 3698 1802 3767 id,
1856 3699 2013 3771 quod

361 3802 601 3873 adjuvat
629 3807 689 3855 at
713 3805 1083 3871 coaperatur,
1105 3815 1215 3854 nec
1236 3798 1482 3869 perinde
1505 3815 1572 3854 ac
1595 3799 1642 3853 si
1666 3814 1786 3853 non
1810 3797 1887 3851 sit
1908 3813 2012 3852 ve-

362 3892 505 3945 ritas
537 3890 761 3960 absque
792 3888 1188 3959 philosophia.
1215 3889 1358 3942 Nam
1392 3903 1600 3942 omnes
1632 3887 1753 3942 fere
1784 3885 2009 3957 absque

362 3979 815 4051 disciplinarum
829 3974 1723 4047 orbe,quamuencyclopaadiam
1742 3979 2006 4043 nvocant,

362 4086 419 4133 et
448 4080 647 4133 Grmca
678 4074 1074 4148 philosophia,
1102 4073 1201 4130 alii
1230 4079 1426 4129 autem
1458 4073 1636 4128 etiam
1664 4072 1887 4143 absque
1912 4072 2010 4127 lit-

360 4169 521 4236 teris,
546 4167 743 4221 divina
773 4170 831 4219 et
848 4163 1103 4218 barbara
1125 4162 1268 4217 moti
1294 4161 1691 4233 philosophia,
1714 4166 2006 4233 potestate

357 4284 515 4332 eum,
549 4265 649 4336 qui
680 4264 751 4318 de
785 4264 902 4317 Deo
935 4267 1043 4329 est,
1074 4277 1182 4332 per
1211 4259 1392 4315 fidem
1413 4260 1750 4331 accepimus
1780 4275 2007 4314 sermo-

356 4372 515 4419 nem,
530 4352 745 4407 eruditi
761 4350 1209 4423 sapientia,quaa
1224 4365 1331 4421 per
1342 4366 1402 4404 se
1417 4347 1886 4420 operatur.Quod
1898 4363 2005 4401 au-

357 4448 474 4497 tem
501 4442 564 4505 ›ι‹
579 4459 714 4496 cum
744 4441 860 4495 alio
872 4441 1010 4511 agit,
1030 4455 1164 4493 cum
1183 4437 1814 4510 perimperfectionem
1832 4451 2002 4492 suam

421 4559 485 4623 ’14
513 4561 575 4615 Ρ.
610 4559 709 4612 377
733 4559 843 4611 ED.
878 4556 1171 4612 ΡΟἹἼῈΒ.
1205 4557 1308 4611 319
1339 4556 1451 4611 ED.
1495 4555 1724 4611 PARIS.

352 4747 387 4801 S
421 4677 527 4745 (74)
556 4673 758 4729 Τοῦτόν
792 4692 984 4749 φαμεν.
1016 4675 1081 4728 Η.
1116 4690 1226 4729 ms.
1283 4674 1474 4727 τοῦτον
1534 4673 1629 4746 μὶν
1674 4669 1765 4727 οῦν
1798 4690 1995 4749 φαμεν.

394 4763 624 4801 YLBURG.

394 4763 624 4801 YLBUBG.

421 4819 528 4886 (75)
562 4814 893 4886 Εὐναογέτως.
919 4816 1115 4871 Malim
1139 4813 1424 4885 ἐναρὲτως.

419 4883 531 4959 (76)
563 4884 932 4959 Θεοδίδακτοι.
989 4883 1250 4959 Respicit
1297 4889 1322 4941 Ι
1363 4890 1564 4944 Thess.
1589 4894 1665 4955 iv,
1720 4889 1751 4941 9
1782 4902 1795 4941 :
1826 4883 1993 4941 Αὐτοὶ

347 4955 450 5034 γὰρ
484 4955 638 5029 ὑμεῖς
666 4955 1007 5034 θεοδίδακτοί
1026 4955 1171 5034 ἐστε.

418 5026 528 5101 (77)
554 5030 691 5084 Ἱεσᾶ
718 5026 890 5089 ὅντως
936 5028 1252 5101 γράμματα.
1293 5049 1319 5081 ε
1377 5032 1526 5086 Vere
1584 5047 1837 5086 sacras»
1888 5046 1989 5101 ap-

345 5105 529 5175 pellat
557 5104 1026 5175 Christianorum
1057 5124 1084 5150 ‹‹
1110 5102 1357 5175 litteras,
1391 5124 1419 5152 »
1452 5110 1518 5157 ut
1545 5119 1646 5159 eas
1662 5102 1990 5175 distingue-

342 5172 430 5228 ret
488 5175 560 5229 ab
619 5173 1039 5243 :Egyptiorum,
1098 5172 1551 5245 Chaldaeorum,
1628 5172 1986 5245 Ethiop’um,

337 5247 662 5301 aliorumve
707 5245 939 5310 litteris,
998 5259 1130 5313 quae
1191 5243 1540 5298 dicebantur
1569 5243 1839 5314 quidem,
1882 5243 1987 5299 sed

334 5337 468 5374 vere
499 5336 619 5374 non
652 5322 823 5371 erant
849 5314 969 5384 ἰερὰ
993 5314 1308 5385 γράμαατα.

402 5392 825 5463 (ἹδιλΣυναῖτιον
857 5382 976 5463 φιλ.
1007 5382 1209 5441 Malim
1241 5401 1377 5441 cum
1427 5385 1677 5441 articulo
1708 5382 1980 5439 συναίτιον

328 5464 426 5529 τῆν
463 5461 811 5538 φυλοσοᾳφίαν.

397 5521 508 5605 (7θι
568 5526 694 5589 068"
753 5533 827 5593 ὡς
899 5528 999 5605 οὐκ
1041 5521 1208 5605 οὔσης
1267 5522 1397 5605 ἄνευ.
1464 5524 1565 5590 τήν
1627 5521 1977 5603 φιλοσοφίαν.

324 5613 368 5659 Α
405 5599 478 5663 ἐι
511 5608 598 5666 Η..
634 5609 756 5661 ανευ
783 5611 881 5670 τῆς
914 5599 1263 5683 φιλοσοφῖᾳς·
1297 5599 1679 5683 ιιξίιιιθνρςεὲξ
1718 5599 1977 5683 αυρίῐιιθς

325 5696 468 5735 «nec
492 5681 737 5749 perinde
758 5696 825 5735 ac
845 5671 963 5732 non
988 5671 1528 5749 sitveritasabsque
1542 5671 1976 5749 philosOphia.»

321 5752 437 5823 Ego
460 5740 777 5824 legendum
804 5756 967 5824 puto,
999 5741 1114 5801 οὐδ’
1147 5744 1222 5806 ὡς
1253 5741 1316 5798 οῦ
1349 5740 1452 5798 οὐκ
1481 5740 1624 5817 ἄνευ,
1662 5740 1796 5812 τῆν’
1820 5740 1978 5820 φιλο-⁶

2147 1942 2236 1997 καὶ
2263 1942 2545 2019 πόρρωθεν
2576 1940 3020 2018 συλλαμϐάνεται
3051 1942 3357 2022 φιλοσοφία
3401 1949 3470 2019 τῇ
3515 1945 3655 2021 πρὸς
3710 1948 3813 2014 τὴν

2145 2031 2407 2102 ἀλήθειαν
2469 2032 2695 2104 εὐρὲσει,
2752 2033 2890 2088 κατὰ
2937 2030 3234 2112 διαφόρους
3287 2028 3551 2096 ἐπιϐολὰς
3604 2031 3812 2091 διατεί-

2143 2140 2311 2175 νουσα
2364 2119 2453 2177 ἐπὶ
2484 2124 2583 2191 τὴν
2640 2126 2930 2197 προσεχῶς
2987 2121 3309 2196 ἁπτομένην
3360 2130 3461 2193 τῆς
3522 2121 3807 2195 ἀληθείας,

2141 2210 2244 2278 τήν
2274 2212 2396 2274 καθ’
2426 2212 2573 2283 ἡμᾶς
2622 2209 2853 2281 εἴδησιν·
2916 2209 3064 2266 ἀλλὰ
3108 2206 3554 2284 συλλαμϐάνεταί
3610 2233 3673 2289 γε
3728 2217 3807 2286 τῷ

2143 2294 2382 2372 λογικῶς
2437 2298 2736 2374 ἐπιχειρεῖν
2797 2297 3155 2355 ἐσπουδακότι
3229 2301 3586 2357 ἀνθάπτεσθαι
3654 2303 3794 2378 γνώ-

2139 2407 2294 2449 σεως.
2344 2387 2645 2462 Χωρίζεταί
2673 2409 2732 2444 τε
2769 2391 2805 2459 ἡ
2861 2388 3169 2460 Ἑλληνικὴ
3228 2387 3462 2461 ἀλήθεια
3516 2398 3618 2461 τῆς
3674 2392 3793 2446 καθ’

2138 2476 2311 2547 ἡμᾶς.
2368 2475 2415 2531 εί
2472 2477 2562 2531 καὶ
2612 2481 2710 2532 τοῦ
2762 2478 2927 2533 αὐτοῦ
2987 2476 3312 2557 μετείληφεν
3339 2478 3631 2552 ὀνόματος,
3698 2482 3791 2535 καί

2141 2564 2653 2639 μεγὲθειγνώσεως,
2710 2566 2801 2621 καὶ
2852 2564 3123 2637 ἀποδείξει
3180 2570 3505 2644 κυριωτέρα,
3562 2569 3793 2642 καὶθείᾳ

2138 2649 2386 2726 δυνάμει,
2418 2653 2508 2709 καὶ
2538 2659 2656 2716 τοῖς
2686 2652 2925 2727 ὁμοίοις.
2958 2652 3308 2712 Θεοδίδακτοι
3330 2658 3441 2731 (76)
3470 2658 3574 2733 γὰρ
3602 2660 3790 2730 ἡμεῖς,

2135 2740 2255 2813 iepd
2285 2738 2458 2804 ὅντως
2489 2744 2790 2817 γράμματα
2831 2746 2946 2817 (77)
3003 2745 3151 2821 παρὰ
3207 2749 3287 2817 τῷ
3344 2746 3455 2818 Υἱῷ
3504 2751 3603 2802 τοῦ
3660 2751 3790 2803 Θεοῦ

2134 2826 2541 2903 παιδευόμενοι·
2577 2829 2722 2895 ἔνθεν
2784 2829 2900 2887 οὐδ’
2959 2833 3219 2896 ὡσαύτως
3268 2838 3479 2890 κινοῦσι
3535 2836 3632 2899 τὰς
3686 2839 3791 2911 ψύ-

2133 2918 2263 2993 χᾶς,
2296 2917 2442 2974 ἀλλὰ
2472 2917 2718 2994 διαφόρῳ
2761 2917 3106 2994 διδασκαλίᾳ.
3142 2922 3207 2979 El
3266 2920 3323 2979 δὲ
3380 2920 3787 2991 διαστέλλεσθαι

2130 3009 2279 3080 ἡμᾶς
2310 3005 2398 3063 διὰ
2424 3007 2552 3071 τοὺς
2585 3008 3038 3087 φιλεγκλήμονας
3078 3008 3282 3082 δεήσει,
3316 3012 3595 3068 συναίτιον
3626 3013 3789 3093 φιλο-

2131 3096 2324 3154 σοφίαν
2353 3099 2467 3168 (78)
2496 3096 2586 3152 καὶ
2617 3098 2869 3175 συνεργὸν
2923 3098 3175 3173 λέγοντες
3220 3104 3322 3166 τῆς
3356 3100 3598 3171 ἀληθοῦς
3628 3125 3789 3159 κατα-

2131 3183 2376 3258 λήψεως,
2407 3188 2631 3256 ζήτησιν
2665 3184 2825 3243 οὖσαν
2874 3186 3156 3258 ἀληθείας,
3214 3188 3570 3266 προπαιδείαν
3615 3191 3788 3262 αὐτὴν

2128 3271 2563 3349 ὁμολογήσομεν
2656 3279 2753 3331 τοῦ
2836 3281 3157 3352 γνωστικοῦ,
3242 3277 3343 3334 οὐκ
3394 3278 3561 3335 αἳτιον
3628 3282 3783 3345 τιθε-

2129 3384 2283 3435 μενοι
2312 3364 2375 3419 τὸ
2406 3363 2701 3419 συναίτιον·
2729 3362 2858 3420 οὐδὲ
2891 3368 2999 3438 μὴν
3046 3367 3109 3422 τὸ
3162 3368 3414 3443 συνεργὸν
3446 3371 3779 3426 συνεκτικόν·

2126 3448 2244 3507 οὐδ’
2274 3452 2350 3517 ὡς
2379 3452 2480 3508 οὐκ
2511 3453 2677 3525 οὕσης
2707 3453 2831 3511 ἄνευ
2886 3456 2987 3524 τήν
3046 3454 3377 3535 φιλοσοφίαν
3436 3461 3568 3531 (79).
3626 3460 3780 3517 Ἐπεὶ

2125 3539 2323 3616 σχεδὸν
2356 3544 2408 3597 οἱ
2436 3542 2633 3605 πάντες
2661 3542 2784 3598 ἄνευ
2814 3551 2915 3614 τῆς
2943 3569 2970 3597 ι(
3003 3544 3301 3619 ἐγκυκλίου
3331 3545 3597 3618 παιδείας,
3632 3574 3659 3600 »
3685 3552 3777 3605 καὶ

2123 3630 2452 3707 φιλοσοφίας
2509 3639 2609 3701 τῆς
2659 3631 3020 3702 Ἑλληνικῆς,
3079 3636 3131 3690 οἱ
3184 3631 3240 3690 δὲ
3299 3635 3387 3691 καὶ
3420 3634 3545 3692 ἄνευ
3597 3659 3781 3713 γραμ-

2126 3719 2421 3794 μάτων,τῇ
2474 3720 2591 3793 θείᾳ
2644 3722 2735 3776 καὶ
2787 3718 3047 3798 βαρϐάρῳ
3099 3721 3408 3795 κινηθέντες
3457 3725 3776 3804 φιλοσοφία,

2121 3805 2345 3882 δυνάμει
2377 3813 2488 3883 (80)
2519 3811 2610 3865 τὸν
2641 3811 2765 3886 περὶ
2825 3814 2961 3866 Θεοῦ
3011 3809 3100 3866 διὰ
3157 3812 3387 3876 πίστεως
3428 3812 3774 3893 παρειλήφα-

2122 3918 2216 3969 μεν
2243 3898 2434 3972 Λόγον,
2464 3896 2748 3973 αὐτουργῷ
2779 3900 2943 3977 σοφίᾳ
2972 3897 3424 3975 πεπαιδευμένοι.
3456 3904 3525 3960 ⁸0
3568 3900 3626 3959 δὲ
3658 3905 3774 3977 μεθ’

2118 3984 2304 4057 ἑτέρου
2333 3992 2504 4057 ποιεῖ,
2553 3985 2743 4050 ἀτελὲς
2802 3983 2861 4042 ὅν
2920 3989 3040 4053 καθ’
3097 3989 3229 4045 αὐτὸ
3279 3989 3529 4067 ἐνεργεῖν,
3587 4013 3775 4071 συνερ-

2116 4080 2213 4151 γόν
2245 4097 2419 4153 φαμεν
2477 4077 2567 4131 καὶ
2626 4077 2916 4146 συναίτιον,
2964 4078 3073 4134 ἀπὸ
3145 4083 3243 4135 τοῦ
3294 4082 3567 4137 συναιτίου
3596 4094 3770 4139 αϊτιον

2120 4166 2385 4242 ὑπάρχειν
2420 4168 2556 4239 (81),
2588 4166 2694 4221 ἀπὸ
2753 4172 2850 4223 τοῦ
2909 4168 3078 4242 ἑτέρῳ
3129 4171 3430 4243 συνεΑθείν,
3462 4169 3634 4228 α’ίτιον
3682 4175 3771 4250 γί-

2112 4265 2328 4330 γνεσθαι
2361 4253 2775 4328 ὠνομασμένον·
2807 4258 2928 4321 καθ’
2978 4257 3134 4312 ἑαυτὸ
3192 4256 3250 4314 δὲ
3281 4260 3357 4331 μὴ
3406 4257 3658 4316 δύνασθαι
3707 4262 3768 4318 τὸ

2116 4343 2463 4417 ἀποτέλεσμα
2521 4344 2584 4399 τὸ
2637 4346 2756 4402 κατ’
2802 4346 3061 4416 ἀλήθειαν
3094 4348 3380 4424 παρέχειν.
3437 4350 3620 4406 Καίτοι
3676 4351 3769 4406 καὶ

2109 4434 2227 4488 καθ’
2256 4434 2449 4503 ἑαυτὴν
2482 4430 2729 4489 ἐδικαίου
2752 4438 2862 4508 (82)
2889 4455 3023 4492 ποτε
3052 4443 3143 4492 καὶ
3200 4439 3235 4507 ἡ
3290 4436 3586 4518 φιλοσοφία
3641 4440 3768 4505 τοὺς

2109 4666 2321 4745 σοφίαν·
2353 4669 2415 4725 id
2445 4676 2585 4748 θεῖ-ᾳ
2615 4687 2813 4748 neque
2865 4677 2933 4729 ut
2989 4690 3229 4730 causam
3268 4675 3417 4748 sine
3440 4693 3559 4748 qua
3616 4695 3761 4747 non,

2107 4743 2435 4821 statuentes
2448 4743 3016 4821 philosophiam,»ut
3029 4743 3532 4821 quemadmodum
3549 4749 3609 4804 in
3626 4743 3770 4821 prai-

2106 4813 2460 4869 cedentibus
2486 4813 2771 4891 membris
2792 4813 3114 4891 nomina—ta
3143 4824 3234 4891 est
3251 4835 3431 4876 causa
3446 4820 3519 4876 ad
3518 4813 3762 4891 juvans,

2105 4891 2165 4940 et
2194 4901 2374 4940 causa
2403 4887 2716 4960 continens
2740 4888 2872 4960 ;7ita
2902 4888 2996 4943 hic
3030 4890 3397 4960 exprimatur
3426 4887 3607 4948 causa
3631 4887 3765 4950 sine

2147 4972 2221 5012 ua
2253 4974 2422 5024 non;
2475 4958 2630 5013 sicut
2688 4959 2844 5015 inl‘ra
2899 4958 3137 5031 quoque
3195 4979 3254 5034 p.
3319 4965 3440 5032 180,
3473 4966 3600 5032 332,
3634 4966 3763 5022 333.

2147 5045 2377 5084 YLBURG.

2173 5101 2286 5173 (80)
2346 5098 2977 5173 Δυ-νάμει.ᾼΗθερίοθιξθ
3034 5103 3267 5173 videtur
3327 5107 3496 5161 Rom.
3559 5123 3599 5171 ι,
3672 5109 3759 5163 ιε

2100 5173 2209 5249 Τοῦ
2236 5170 2706 5249 ὁρισθέντος-Ποῦ
2740 5170 2872 5249 Θεοῦ
2930 5172 3004 5249 ἐν-
3042 5170 3292 5249 δυνάμει..
3348 5176 3483 5230 κατὰ
3535 5170 3760 5249 Πνεῦμα

2097 5241 2714 5320 ᾁγιωσύνηςχίΤίιθεξ.
2749 5262 2786 5311 l,
2816 5246 2892 5320 5_:_
2916 5245 3017 5320 ⁸Τὸ
3048 5241 3387 5320 Εὐαγγέλιον
3428 5250 3591 5318 ἡμῶν
3625 5241 3765 5320 οὐκ

2096 5310 2327 5392 ἐγενῇθη
2352 5314 2404 5369 ἐν
2439 5311 2589 5392 λόγῳ
2622 5310 2811 5392 μόνον,
2842 5314 2986 5392 άλλᾶ
3010 5318 3098 5392 καὶ
3158 5310 3220 5372 ἔν’
3266 5310 3516 5392 δυνάμεὶ,
3550 5319 3639 5373 καὶ
3702 5319 3757 5375 ἓν

2093 5385 2372 5511 ἓγῇματι
2428 5383 2590 5460 am-
2623 5383 2745 5443 ’νει
2824 5388 3009 5445 alium
3068 5390 3266 5448 locum
3326 5383 3419 5448 his
3472 5383 3762 5448 consimi-

2118 5473 2232 5513 ΘΗΜ

2162 5531 2276 5597 (81)
2304 5527 2629 5609 Ὑπάοζειν,
2653 5531 2709 5586 Si
2751 5530 2884 5602 quis
2915 5531 3088 5589 malit
3141 5533 3523 5605 participium
3578 5532 3759 5609 ὑπάρ-

2091 5616 2215 5674 χον,
2240 5618 2345 5674 per
2375 5617 2468 5674 me
2500 5601 2656 5674 licet.

2158 5668 2271 5749 (82]
2306 5668 2598 5749 'paagzog.
2633 5673 2799 5749 conf.
2833 5692 2965 5746 quae
3020 5677 3296 5747 superius
3327 5677 3477 5733 dixit
3518 5683 3755 5749 auctor,

2088 5759 2219 5815 pag.
2244 5746 2348 5800 262
2380 5744 2521 5801 edit.
2553 5743 2745 5801 Paris.
