4058 6164
342 213 448 270 817

1700 210 2146 270 ΒΤΒΟΠΔἸὌΠ
2185 211 2320 267 LIB.
2360 212 2406 266 Ῑ.

3659 223 3764 280 818

338 336 646 409 Ἕλληνας,
680 336 779 393 οὔκ
808 335 886 402 εἰς
939 338 1037 407 τὴν
1095 334 1338 402 καθόλου
1398 335 1457 393 δὲ
1514 334 1882 408 δικαιοσύνην,
1916 335 1973 390 εί

2109 353 2216 409 per
2231 353 2293 392 se
2313 337 2547 408 operari
2567 342 2843 409 nequeat,
2860 354 3102 396 causam
3121 349 3541 415 cooperantem
3556 353 3761 406 etcon-

339 427 407 498 ἢν
460 427 767 502 εὑρίσκεται
825 427 1107 502 συνεργὸς,
1167 426 1413 501 καθάπερ
1469 429 1559 484 καὶ
1591 428 1858 503 ὁπρὼτος
1910 447 1973 481 κα

2102 443 2345 483 causam
2386 428 2660 490 dicimus.
2695 434 2759 483 ut
2790 430 2949 500 quod
2982 447 3051 485 ex
3070 434 3490 504 conjunctione
3521 456 3589 493 ac
3619 459 3755 496 con-

340 519 371 574 6
403 514 654 593 δεύτερος
692 516 907 591 βαθμὸς
960 520 1041 588 τῷ
1090 514 1166 578 εἲς
1224 517 1287 571 τὸ
1349 518 1594 592 ὑπερῷον
1648 512 1876 584 ἀνιόντι,
1907 536 1973 571 κα

2104 518 2428 572 sociatione
2471 534 2666 574 causaa
2698 519 2942 574 alterius
2975 536 3194 575 nomen
3226 540 3418 580 causae
3454 533 3755 602 meruerit,

338 608 371 665 6
428 605 857 682 γραμματιστὴς
910 609 990 676 τῷ
1048 604 1507 682 φιλοσοφήσοντν
1572 605 1681 681 οὐχ
1733 606 1807 667 ὡς
1863 625 1973 659 κατι

2102 622 2209 677 per
2227 623 2288 662 se
2306 613 2502 662 autem
2522 624 2645 662 non
2669 610 2861 680 possit
2881 626 3082 664 verum
3106 612 3379 668 efTectum
3408 617 3753 686 producere.

336 696 438 765 τὴν
472 694 748 773 ἀφαίρεσιν
778 693 946 759 αὐτῆς
976 691 1102 764 ἤτοι
1149 693 1425 750 ἐλλείπειν
1474 699 1555 767 τῷ
1604 693 1846 750 καθόλου
1891 691 1999 748 Λό-

339 808 450 862 γῳ,
481 785 516 854 ἧ
542 785 880 858 ἀναιρεῖσθαι
910 784 1009 852 τήν
1042 782 1325 854 ἀλήθειαν·
1361 783 1475 839 ἐπεὶ
1506 785 1595 839 καὶ
1628 787 1663 853 ἡ
1697 780 1821 858 ὄψις
1856 804 1996 855 συμ-

336 869 627 939 ϐάλλεται,
657 873 748 927 καὶ
791 875 826 942 ἡ
889 871 1053 941 ἀκοή,
1112 873 1204 928 καὶ
1235 876 1270 944 ἡ
1303 873 1457 952 φωνή
1522 874 1655 947 πρὸς
1712 872 1993 943 ἀλήθειαν*

2102 696 2449 767 Quanquam
2484 714 2590 767 per
2618 713 2681 751 se
2713 714 2948 769 quoque
2980 698 3302 769 aliquando
3326 704 3755 778 Grzecosjusti-

2099 783 2317 839 ﬁcabat
2345 785 2744 857 philosophia,
2780 786 2882 840 sed
2914 804 3034 841 non
3075 789 3350 846 universa
3381 808 3448 847 ac
3496 797 3757 867 perfecta

2089 871 2345 945 justitia,
2382 873 2453 929 ad
2487 891 2666 944 quam
2698 877 3177 947 consequendam
3201 889 3573 952 c00peratur,
3598 887 3758 972 velu‘t

335 966 463 1024 νοῦς
517 960 574 1017 δὶ
631 963 660 1018 6
715 962 999 1038 γνωρίζων
1056 960 1222 1032 αὐτὴν
1281 967 1598 1041 προσφυῶς.
1654 960 1832 1017 ’Δλλᾶ
1883 966 1973 1017 τῶ·

2098 961 2330 1033 primus
2362 968 2421 1017 et
2452 964 2749 1019 secundus
2779 966 2996 1038 gradus
3028 967 3104 1034 ei,
3134 969 3234 1038 qui
3265 973 3535 1027 ascendit
3555 974 3613 1029 in
3636 960 3752 1031 cae.-

336 1056 612 1129 συνεργῶν
665 1052 735 1109 τὰ
794 1052 892 1125 μὲν
949 1049 1201 1123 πλείονα,
1256 1053 1324 1108 τὰ
1363 1049 1408 1108 δ’
1441 1051 1706 1108 ἐλάσσονα
1752 1052 1991 1128 προσφιι

333 1161 483 1217 ρεται
517 1138 771 1215 δύναμιν.
825 1142 889 1198 Ἥ
918 1144 1045 1215 γοῦν
1101 1142 1368 1220 σαφήνεια
1420 1145 1666 1216 συνεργεῖ
1712 1139 1851 1216 πρὸς
1891 1140 1991 1209 τήν

328 1227 631 1305 παράδοσιν
689 1233 789 1296 τῆς
845 1228 1129 1299 ἀληθείας·
1188 1230 1280 1285 καὶ
1310 1232 1347 1299 ἡ
1380 1226 1699 1299 διαλεκτική
1751 1228 1888 1303 πρὸς
1927 1229 1990 1284 τὸ

331 1319 412 1393 μὴ
476 1318 802 1375 ὑποπίπτειν
860 1323 982 1382 ταῖς
1032 1318 1496 1395 κατατρεχοόσαις
1554 1317 1840 1396 αἱρέσεσιν.
1872 1318 1988 1375 Αὖ-

326 1407 563 1478 τοτελής
595 1408 689 1483 μὶν
719 1410 815 1464 οῦν
847 1407 937 1464 καὶ
994 1405 1304 1483 ἀπροσδεὴς
1359 1410 1394 1479 ἡ
1452 1409 1588 1464 κατά
1628 1409 1719 1463 τὸν
1755 1414 1988 1481 Σωτῆρα

334 1494 679 1565 διδασκαλία,
714 1522 742 1549 ιι
776 1494 1008 1570 δύναμις
1036 1495 1170 1552 οῦσα
1202 1501 1309 1571 (83)
1331 1498 1419 1553 καὶ
1453 1496 1615 1573 σοφία
1637 1501 1734 1553 τοῦ
1764 1502 1923 1565 Θεοῦ,
1954 1518 1982 1551 ι

328 1589 635 1660 προσιοῦσα
679 1583 737 1641 δὲ
783 1586 1079 1664 φιλοσοφία
1122 1588 1157 1656 ἡ
1186 1585 1509 1657 Ἑλληνικὴ,
1562 1587 1629 1642 οὔ
1681 1584 1980 1642 δυνατωτέ-

2096 1051 2379 1107 naculum
2406 1072 2421 1119 ;
2455 1056 2514 1107 et
2543 1055 2965 1126 grammaticus
2997 1055 3071 1123 ei,
3105 1058 3206 1127 qui
3247 1065 3337 1113 est
3364 1061 3751 1135 philosopha-

2094 1143 2284 1195 turus.
2313 1142 2438 1196 Non
2463 1142 2642 1213 quod,
2668 1142 2777 1197 hac
2801 1142 3055 1211 sublata,
3079 1146 3398 1203 universali
3420 1150 3570 1223 Logo
3595 1154 3746 1209 I38

2094 1228 2249 1285 desit
2278 1229 2528 1301 aliquid,
2564 1230 2653 1286 vel
2685 1231 3015 1303 perimatur
3042 1234 3258 1290 veritas
3283 1251 3297 1290 :
3329 1254 3464 1292 cum
3488 1246 3546 1294 et
3568 1242 3744 1311 visus,

2094 1322 2154 1373 et
2181 1317 2442 1386 auditus,
2474 1323 2533 1375 et
2562 1336 2670 1374 vox
2701 1320 2968 1377 conferat
2996 1322 3071 1376 ad
3103 1324 3429 1395 veritatem,
3449 1344 3616 1384 mens
3639 1347 3741 1385 au-

2092 1409 2212 1460 tem
2245 1406 2341 1474 sit,
2370 1424 2501 1477 qua)
2544 1424 2673 1462 eam
2708 1409 3060 1464 naturaliter
3082 1421 3415 1485 cognoscat.
3449 1417 3560 1472 Sed
3583 1419 3742 1474 exiis

2091 1494 2356 1565 quidem,
2391 1513 2521 1566 quas
2549 1503 2961 1569 cooperantur,
3010 1499 3127 1554 alia
3155 1502 3396 1572 quidem
3428 1506 3739 1579 majorem,

2088 1581 2207 1639 alia
2235 1600 2370 1639 vero
2403 1585 2695 1640 minorem
2718 1586 2837 1640 vim
2865 1586 3170 1644 adhibent.
3201 1592 3599 1663 Perspicuitas
3631 1597 3736 1651 ita-

332 1695 429 1753 ραν
459 1679 610 1729 ποιεῖ
661 1674 762 1743 τήν
822 1673 1105 1745 ἀλήθειαν,
1162 1674 1290 1730 ἀλλ’
1346 1673 1606 1731 ἀδύνατον
1662 1676 1973 1751 παρέχουσα

2093 1688 2207 1743 que
2237 1682 2592 1744 cooperatur
2618 1673 2679 1727 in
2728 1674 3047 1730 traditione
3073 1678 3371 1745 veritatis;
3406 1682 3736 1753 dialectica,

327 1766 430 1835 τὴν
487 1765 603 1819 κατ’
656 1762 825 1829 αὐτῆς
882 1765 1202 1843 σοφιστικήν
1259 1763 1602 1841 ὖπιχείρησιν
1635 1811 1649 1836 ,
1725 1763 1813 1819 καὶ
1860 1762 1975 1819 δια-

326 1853 637 1927 κρουομὲνη
667 1853 763 1915 τας
805 1850 1035 1928 δολεράς
1088 1853 1225 1907 κατά
1276 1858 1377 1922 τῆς
1434 1852 1693 1924 ἀληθείας
1750 1846 1974 1907 ἐπιϐου-

326 1941 451 2009 λὰς,
485 1967 514 1995 ‹‹
547 1943 795 2021 φραγμὸς
824 1945 937 2015 (84)
967 1965 996 1994 »
1030 1940 1232 2004 οἰκεῖος
1262 1946 1376 2015 (85)
1424 1940 1634 2018 εἵρηται
1687 1942 1776 1997 καὶ
1823 1953 1973 2018 θριγ-

323 2033 421 2093 κὸς
463 2032 599 2085 εἶναι
648 2055 677 2082 «
707 2034 803 2084 τοῦ
857 2028 1208 2101 ἀμπελῶνος.
1246 2054 1272 2079 η
1327 2030 1423 2085 Καὶ
1458 2032 1495 2100 ἡ
1532 2031 1651 2103 μὶν,
1683 2030 1759 2092 ὡς
1790 2027 1972 2103 ἄρτος,

321 2120 579 2196 ἀναγκαία
609 2118 746 2194 πρὸς
776 2120 838 2173 τὸ
898 2123 1020 2192 ζῇν,
1050 2121 1085 2189 ἡ
1119 2118 1256 2175 κατά
1310 2120 1410 2188 τὴν
1472 2118 1657 2175 πίστιν
1717 2119 1969 2190 ἀλήθεια’

322 2213 357 2281 ἡ
385 2206 714 2286 προπαιδεία
744 2206 802 2264 δὲ
832 2210 1083 2283 προσοψή
1098 2229 1224 2282 ματι
1269 2204 1440 2264 ἔοικεν
1493 2208 1584 2265 καὶ
1638 2211 1970 2284 τραγήματι.

325 2323 353 2353 ‹‹
386 2301 615 2355 Δείπνου
645 2301 755 2367 (86)
788 2294 845 2353 δὶ
876 2296 1163 2373 λήγοντος,
1202 2296 1376 2374 γλυκὺ
1432 2297 1742 2375 τρωγάλιον
1778 2302 1907 2370 (8⁸7),
1944 2323 1966 2352 ι

321 2391 458 2446 κατᾶ
475 2390 569 2445 τὸν
600 2383 840 2460 Θηϐαῖον
892 2386 1181 2464 Πίνδαρον.
1239 2388 1532 2464 Ἄντικρυς
1590 2385 1648 2444 δὶ
1702 2386 1907 2459 ἐξεῖπεν
1935 2390 1970 2459 ἢ

323 2480 548 2556 Γραφή·
615 2500 645 2530 α
704 2477 1143 2552 Πανουργότερος
1202 2480 1316 2550 (88)
1368 2472 1515 2532 ἔσται
1570 2473 1794 2547 ἄκακος,
1850 2499 1974 2533 συν-

327 2569 446 2623 ιών·
482 2569 512 2623 6
541 2564 602 2622 δὲ
630 2587 798 2643 σοφος
855 2564 1055 2639 δέξεται
1111 2570 1326 2639 γνῶσιν.
1361 2589 1389 2618 η
1450 2565 1553 2623 Καὶ
1584 2589 1614 2618 ‹‹
1668 2568 1697 2622 6
1732 2567 1826 2639 μὲν
1882 2567 1970 2645 ἀφ’

325 2658 516 2714 ἑαυτοῦ
547 2651 732 2711 λαϐὼν
764 2658 901 2729 (89),
930 2655 1029 2725 τήν
1065 2651 1219 2727 δόξαν
1258 2656 1358 2723 τήν
1417 2651 1556 2709 ἰδίαν
1595 2660 1767 2725 ζητεῖ,
1802 2677 1832 2707 ››
1863 2676 1967 2731 φη-

325 2747 407 2803 σὶν
441 2748 470 2802 6
501 2746 714 2821 Κύριος·
777 2770 805 2799 ι(
839 2746 866 2799 6
899 2741 958 2799 δὶ
990 2748 1166 2814 ζητῶν
1223 2746 1324 2813 τήν
1385 2741 1540 2814 δόξαν
1593 2749 1691 2799 τοῦ
1729 2746 1971 2818 πεμψαν-

322 2857 420 2898 τος
452 2834 612 2890 αὐτὸν
642 2833 853 2903 ἀληθής
904 2835 1038 2903 ἔστι,
1081 2832 1172 2889 καὶ
1226 2831 1412 2888 ἀδικία
1460 2833 1564 2888 οὐκ
1618 2827 1761 2888 ἔστιν
1788 2834 1840 2888 ἐν
1872 2834 1967 2888 αὐ-

322 2928 425 2996 τῷ.
458 2946 487 2975 η
517 2921 795 2996 Ἑμπαλιν
841 2921 931 2977 οῦν
981 2920 1160 2978 ἀδικεῖ
1188 2923 1218 2978 6
1258 2923 1709 3000 σφετερισάμενος
1739 2922 1809 2977 τὰ
1841 2922 1969 2997 βαρ·

322 3006 526 3087 ϐἀρων,
555 3011 642 3067 καὶ
687 3012 761 3073 ὡς
812 3008 954 3067 ΐδίαν
989 3013 1097 3084 (90)
1130 3009 1339 3086 αὐχῶν,
1395 3011 1496 3079 τήν
1556 3010 1748 3065 ἑαυτοῦ
1807 3008 1962 3083 δόξαν

318 3099 516 3175 αὔξων,
548 3102 636 3156 καί
682 3098 1018 3175 ψευδόμενος
1056 3101 1156 3169 τήν
1190 3099 1483 3170 ἀλήθειαν·
1540 3100 1696 3162 οὗτος
1720 3097 1963 3170 κλέπτης

321 3191 427 3247 ὑπὸ
498 3197 601 3260 τῆς
676 3196 896 3265 Γραφῆς
969 3188 1206 3264 ε’ίρηται.
1285 3188 1432 3259 Φησὶ
1505 3192 1658 3262 γοῦν·
1736 3214 1765 3241 ‹‹
1827 3189 1917 3246 Υἱὲ
1951 3234 1964 3260 ,

323 3282 398 3354 μή
429 3279 584 3356 γίνου
626 3278 883 3352 ψεύστης·
947 3277 1140 3354 ὁδηγεῖ
1191 3278 1292 3352 γὰρ
1342 3279 1405 3334 τό
1436 3281 1652 3351 ψεῦσμα
1699 3279 1834 3353 πρὸς
1865 3281 1965 3348 τὴν

317 3360 562 3431 κλοπήν.
598 3384 626 3411 »ι
657 3357 802 3428 ’Ἤδη
837 3358 895 3415 δὲ
924 3360 953 3413 6
981 3358 1249 3427 κλέπτης,
1295 3357 1429 3431 ὅπερ
1488 3358 1817 3437 ὑφελόμενος
1851 3358 1966 3436 ἔχει

322 3448 544 3520 ἀληθῶς
578 3447 718 3524 ἔχει,
749 3448 843 3504 κᾶν
878 3449 1109 3524 χρυσίον
1142 3449 1201 3520 ᾖ,
1231 3448 1326 3503 κᾶν
1360 3446 1614 3525 ἄργυρος,
1645 3446 1741 3503 κᾶν
1777 3449 1969 3523 λόγος,

322 3537 419 3594 κᾶν
453 3536 637 3614 δόγμα
713 3540 811 3594 Ἐκ
862 3538 1059 3611 μέρους
1116 3537 1296 3592 τοίνυν
1327 3535 1362 3591 ἃ
1390 3535 1742 3614 κεκλόφασιν,
1790 3538 1972 3609 ἀληθῆ

329 3628 448 3700 μὶν,
480 3630 856 3702 στοχσπικῶς
907 3623 966 3680 δὲ
1019 3625 1107 3680 καὶ
1168 3630 1286 3687 ταῖς
1344 3630 1451 3680 τῶν
1508 3624 1689 3702 λόγων
1718 3626 1976 3703 ἀνάγκαις

322 3714 473 3771 ἔσασι
508 3760 522 3785 ,
584 3713 1013 3789 μαθητευθὲντες
1063 3711 1193 3787 οῦν,
1251 3713 1681 3786 καταληπτικῶς
1737 3715 1974 3793 ἐπιγνώ-

520 3790 546 3811 ο

323 3825 532 3863 σονται.

2089 1778 2166 1816 ne
2196 1768 2646 1832 prosternamur
2670 1762 2742 1817 ab
2765 1762 3111 1832 haaresibus,
3131 1784 3262 1837 qua:
3293 1768 3518 1825 faciunt
3538 1773 3737 1827 incur-

2082 1850 2303 1913 siones,
2334 1849 2592 1922 adjuvat.
2626 1852 2727 1904 Est
2755 1857 2955 1906 autem
2979 1868 3086 1923 per
3115 1870 3178 1907 se
3208 1856 3488 1925 perfecta,
3524 1865 3582 1913 et
3601 1862 3733 1915 nul-

2080 1939 2197 1995 lius
2228 1938 2429 2010 indiga
2459 1939 2779 1994 Servatoris
2820 1939 3112 2007 doctrina,
3144 1959 3278 1998 cum
3311 1945 3389 1998 sit
3419 1968 3446 1994 ‹‹
3495 1947 3596 2002 Dei
3628 1949 3739 2002 vir.

2079 2033 2175 2083 tus
2207 2033 2265 2083 et
2294 2027 2623 2099 sapientia;
2660 2049 2688 2077 »
2719 2027 3008 2084 accedens
3030 2036 3229 2086 autem
3257 2033 3458 2089 Graaca
3478 2036 3740 2106 phiIOSO'

2078 2117 2239 2190 phia,
2273 2117 2581 2173 veritatem
2612 2133 2732 2172 non
2771 2116 2913 2172 facit
2960 2120 3395 2190 potentiorem;
3450 2125 3555 2179 sed
3604 2144 3739 2182 cum

2079 2206 2308 2263 debiles
2340 2206 2561 2262 efﬁciat
2591 2207 2994 2277 sophistarum
3043 2209 3328 2265 adversus
3380 2228 3513 2267 eam
3563 2231 3739 2288 argu-

2078 2296 2498 2363 mentationes,
2532 2301 2590 2350 et
2619 2296 2931 2367 propulset
2958 2296 3195 2354 dolosas
3218 2300 3500 2357 adversus
3523 2305 3739 2359 verita-

2079 2389 2198 2440 tem
2230 2383 2503 2447 insidias,
2537 2384 2695 2439 dicta
2733 2390 2824 2439 est
2853 2406 2880 2433 «
2912 2384 3097 2440 vineae
3130 2408 3159 2434 ›ι
3186 2393 3322 2457 apta
3359 2407 3381 2434 ι
3414 2406 3585 2460 sepes
3616 2413 3644 2440 »
3679 2397 3737 2446 et

2076 2473 2285 2529 vallus.
2319 2474 2390 2527 Et
2418 2488 2487 2528 ea
2512 2472 2754 2543 quidem
2786 2472 3020 2539 veritas,
3071 2490 3203 2543 qua:
3237 2475 3352 2529 fide
3382 2477 3729 2549 percipitur,

2077 2568 2364 2634 tanquam
2394 2562 2566 2633 panis
2596 2562 2935 2616 necessaria
2964 2567 3056 2615 est
3091 2564 3165 2617 ad
3212 2564 3565 2633 vivendum;
3597 2584 3729 2639 quas

2076 2657 2277 2707 autem
2307 2649 2592 2721 prmcedit
2628 2649 2963 2721 disciplina,
3014 2656 3105 2705 est
3149 2651 3396 2708 obsonio
3428 2655 3641 2711 similis
3672 2662 3731 2711 et

2076 2738 2345 2794 bellariis
2370 2754 2383 2791 :
2419 2759 2447 2788 ιι
2481 2737 2800 2793 Desinente
2826 2754 2961 2793 vero
2992 2755 3179 2801 coena,
3204 2757 3397 2797 suans
3419 2743 3728 2813 placentu-

2076 2827 2155 2893 la,
2191 2848 2219 2876 »
2245 2831 2311 2881 ut
2337 2826 2421 2881 ait
2444 2825 2737 2881 Pindarus
2756 2826 3093 2884 Thebanus.
3117 2832 3334 2901 Aperte
3359 2836 3559 2887 autem
3586 2834 3732 2888 dicit

2077 2916 2416 2988 Scriptura:
2468 2937 2497 2965 α
2550 2915 2815 2971 Astutior
2864 2918 2978 2971 erit
3025 2918 3300 2990 simplex,
3345 2921 3727 2994 intelligens:

2079 3006 2318 3077 sapiens
2335 3010 2532 3061 autem
2551 3004 2837 3077 suscipiet
2853 3006 3254 3079 cognitionem
3272 3008 3370 3078 (a).
3396 3030 3425 3058 ››
3448 3011 3545 3064 Et:
3573 3032 3595 3061 ι
3623 3012 3731 3076 Qui

2077 3112 2113 3152 ει
2142 3111 2205 3150 se
2237 3095 2365 3166 ipso
2396 3092 2639 3164 quidem
2672 3096 2921 3166 accepit,
2953 3095 3203 3168 gloriam
3230 3099 3531 3170 propriam
3571 3118 3731 3171 quaa-

2077 3185 2175 3245 rit,
2208 3206 2236 3235 ››
2266 3182 2463 3254 inquit
2492 3182 2778 3238 Dominus
2804 3200 2817 3236 :
2844 3204 2872 3233 ‹‹
2905 3200 3001 3254 qui
3028 3191 3224 3240 autem
3254 3188 3731 3261 quaaritgloriam

2079 3273 2230 3344 ejus.
2264 3271 2364 3342 qui
2398 3270 2561 3326 misit
2589 3270 2806 3342 ipsum,
2836 3287 3009 3326 verus
3042 3278 3150 3338 est,
3184 3281 3243 3328 et
3284 3275 3579 3346 injustitia
3607 3294 3729 3333 non

2082 3367 2171 3416 est
2194 3360 2255 3415 in
2279 3361 2407 3432 ipso
2428 3361 2527 3428 (b).
2577 3381 2604 3407 ιι
2631 3359 2849 3414 Contra
2878 3359 3055 3433 igitur
3080 3378 3141 3416 se
3171 3362 3392 3434 injuste
3425 3366 3592 3436 gerit,
3628 3368 3729 3437 qui

2082 3448 2519 3522 sibijusurpavit
2535 3465 2622 3515 ea,
2648 3465 2777 3519 quas
2793 3448 3351 3515 suntbarbarorum,
3373 3459 3431 3505 et
3444 3460 3727 3524 tanquam

2082 3540 2382 3613 propriam
2408 3539 2667 3609 jactans,
2700 3554 2867 3594 suam
2899 3554 3122 3610 augens
3151 3539 3419 3611 gloriam,
3445 3548 3503 3596 et
3523 3558 3725 3597 emen-

2085 3630 2243 3685 tiens
2271 3628 2576 3684 veritatem
2605 3645 2615 3682 :
2651 3627 2700 3683 is
2729 3627 2826 3682 fur
2861 3627 3053 3683 dictus
3085 3634 3176 3683 est
3220 3645 3254 3684 a
3284 3629 3601 3699 Scriptura.
3641 3632 3731 3686 Di-

2086 3723 2165 3779 cit
2194 3721 2431 3791 itaque:
2464 3743 2490 3769 ‹‹
2528 3719 2655 3775 Fili.
2687 3736 2763 3774 ne
2810 3720 2892 3775 sis
2942 3720 3235 3784 mendax;
3285 3721 3524 3776 deducit
3572 3724 3731 3777 enim

2085 3810 2462 3868 mendacium
2497 3809 2570 3866 ad
2600 3810 2843 3865 furtum.
2878 3831 2906 3859 »
2940 3811 3065 3865 Jam
3098 3817 3294 3865 autem
3325 3813 3421 3865 tur
3465 3812 3545 3877 id,
3577 3813 3733 3883 quod

323 3895 505 3954 habet
533 3902 895 3970 surreptam,
926 3912 1063 3952 vere
1089 3895 1285 3952 habet.
1318 3896 1553 3952 etiamsi
1584 3897 1662 3953 sit
1685 3914 1919 3968 aurum,
1954 3901 2187 3960 etiamsi
2216 3900 2279 3965 ἰα
2307 3906 2639 3973 argentum,
2690 3898 2925 3955 etiamsi
2974 3899 3186 3967 oratio,
3220 3902 3453 3956 etiamsi
3502 3901 3735 3973 dogma.

391 4037 456 4105 -ι‹
483 4041 547 4098 Ρ.
574 4039 678 4096 378
708 4040 820 4096 sn.
853 4039 1146 4107 POTTER,
1177 4040 1281 4094 32o
1318 4039 1431 4095 ED.
1464 4040 1695 4098 PARIS.
1724 4044 1803 4115 (a)
1832 4046 1973 4101 Prov

2086 4062 2160 4113 xi,
2194 4047 2280 4101 11.
2305 4044 2383 4116 (b)
2410 4044 2577 4099 Joan.
2611 4059 2707 4111 vn,
2737 4044 2823 4099 18.

394 4195 507 4263 (83)
540 4189 777 4263 Δῦναμις
809 4186 961 4245 οῦσα.
1005 4189 1283 4263 Respicit
1332 4190 1358 4245 Ι
1413 4190 1549 4263 Cor.
1599 4209 1648 4263 i.
1703 4195 1810 4249 24:
1872 4193 1976 4250 Αὖ-

321 4268 437 4341 τοῖς
469 4262 527 4319 δὶ
548 4268 666 4341 τοῖς
687 4261 923 4341 ξκλητοῖς
957 4304 971 4326 ,
995 4261 1290 4341 ¹Ἰουόαίοις
1318 4279 1379 4341 τε
1407 4262 1498 4314 καὶ
1527 4261 1767 4331 Ἕλλησι
1795 4308 1809 4332 ,
1845 4267 1977 4341 Χρι-

323 4336 449 4391 στὸν
476 4339 610 4391 Θεοῦ
639 4332 888 4405 δόναμιν,
921 4332 1010 4386 καὶ
1044 4336 1178 4386 Θεοῦ
1209 4331 1420 4408 σοφίαν.

396 4410 507 4479 (84)
534 4407 819 4482 Φραγμός.
852 4406 1175 4482 Βοερξοειιθ.
1196 4405 1430 4482 videtur
1459 4406 1662 4482 Matth.
1704 4424 1826 4476 xxx,
1866 4410 1931 4482 3_3
1960 4426 1973 4464 :

322 4472 742 4554 Ἀνθρωπος“⁷ἧν
774 4497 856 4539 τις
888 4472 1305 4554 οἰκοδεσπότης,
1338 4476 1485 4554 ὅστις
1537 4472 1819 4554 ἐφύτευσεν
1868 4479 1974 4551 ἀμ-

2085 4191 2337 4277 Τρωκτά,
2368 4191 2435 4277 τά
2481 4190 2743 4277 κατακτά,
2794 4195 3022 4277 corrige
3083 4213 3153 4252 ex
3185 4198 3589 4277 manuscripto
3627 4199 3740 4252 ιτα

2084 4263 2429 4340 καταρῗακτα
2465 4268 2583 4340 Δτῶν
2636 4263 2891 4340 ὀπωοῶν.
2927 4263 3018 4340 Sic
3060 4284 3190 4340 pag.
3225 4271 3327 4322 685
3363 4286 3373 4322 :
3411 4291 3439 4318 ‹‹
3472 4263 3733 4327 (ἶνωρειιιι

2086 4336 2324 4409 quoque
2371 4336 2610 4410 attingit
2658 4336 3117 4409 philosophiam,
3144 4336 3233 4394 ἰιι
3280 4340 3380 4410 qui
3440 4341 3516 4395 sit
3544 4340 3732 4397 bella-

2086 4408 2265 4470 rium.
2299 4432 2326 4459 ››
2362 4414 2472 4464 etc.
2508 4408 2771 4463 Coancr.

2159 4483 2270 4549 I87)
2310 4475 2489 4555 Γλυκίι
2530 4477 2982 4555 τρωγάλιον-Η.
3033 4497 3143 4535 ms.
3186 4478 3392 4552 γλυκέα
3426 4482 3727 4555 τρωγάλια.
3776 4486 3783 4495 ’

320 4529 581 4618 τὲἑλῖἱνῖιζ
596 4529 736 4606 '-‘..‘~:'
770 4529 1018 4626 ῴρὶςρμὸν
1056 4529 1205 4622 αὐτῇ
1238 4529 1587 4623 ’ἆέιριέθήκέθ
1635 4529 1751 4607 ιρι
1770 4529 1973 4619 ιεαῑῑ,

2088 4529 2333 4608 διξοἕαῖ
2355 4529 2636 4626 ξ’ἁοέίιζ
2650 4529 3720 4621 λῖέὶιζτὸιᾶῥιῐὶιὸέιὶέἆνὲὲἑξὲᾜιζζ

326 4627 507 4767 1λὲξῑ)
537 4692 1123 4767 Οἷκεῖοςηῐιοινὶῐιίιιε
1169 4691 1297 4767 ait:
1369 4693 1599 4767 ¢;_Forte
1653 4693 1972 4767 legendum

321 4762 541 4827 οἰκείως
609 4790 635 4815 η
668 4764 808 4823 Mihi
838 4765 925 4821 nil
956 4763 1309 4820 mutandum
1340 4762 1590 4818 videtur.

393 4840 502 4901 (86‘
536 4836 785 4908 Δείπνου.
839 4836 1299 4908 Referturinter
1326 4834 1657 4908 fragmenta
1686 4835 1969 4908 Pindari:

321 4908 554 4983 Δείπνου
575 4906 633 4983 δὶ
657 4909 948 4983 λήγοντος,
974 4904 1150 4983 γλυκῦ
1169 4904 1504 4983 τρωγάλιον.
1520 4908 1589 4961 Et
1607 4908 1763 4983 apud
1791 4907 1970 4983 Athe;

319 4999 518 5052 nasum
545 4982 627 5037 lib
680 4975 794 5045 xiv.
828 4998 887 5052 p.
918 4975 1023 5034 274
1078 4975 1310 5052 Aldinae
1367 4978 1507 5034 edit.
1545 4994 1578 5052 :_
1619 4975 1882 5052 Πίνδαρος
1913 4975 1970 5052 δέ

317 5050 461 5108 ἔστιν
504 5053 533 5107 6
580 5052 770 5107 εἰπών·
804 5046 1036 5122 Δείπνου
1090 5046 1147 5103 ὃὶ
1180 5048 1469 5122 λήγοντος.
1526 5046 1699 5122 γλυγὺ
1755 5046 1970 5122 τρωγά-

319 5122 464 5188 λιοθ,
497 5124 585 5198 καὶ
620 5125 743 5198 περὶ
770 5119 915 5198 παίδ’
947 5121 1181 5198 ἀφθονον
1218 5119 1403 5194 βοράν.
1430 5119 1749 5198 interpres
1781 5119 1966 5198 _Dale-

319 5197 631 5269 champius
663 5193 738 5269 τέ
789 5195 876 5251 Ad
908 5193 1130 5251 exitum
1188 5193 1409 5269 omnia,
1425 5193 1623 5263 inquit
1652 5193 1964 5269 Pindarus,

320 5263 848 5343 dulce‘tpw'va'hqv.
876 5272 934 5322 et
962 5281 1283 5343 puerorum
1314 5263 1658 5343 afﬂuetltem
1688 5265 1905 5343 cibum.
1932 5285 1959 5343 ιε

320 5335 609 5397 Subaudit
654 5335 980 5411 ’περιέθεσαν
1008 5380 1042 5411 ._
1081 5336 1402 5411 Hesychius
1432 5352 1445 5390 :
1480 5336 1806 5411 _prya'zh:z
1899 5335 1967 5411 τὰ

318 5413 645 5485 τραγήματα
691 5405 962 5485 Α’ἀκωνες.
1013 5405 1241 5485 Polluit,
1292 5405 1601 5485 Τρωγάλια
1646 5405 1777 5485 esse
1824 5408 1968 5485 dicit

321 5478 526 5551 nuces,
558 5490 619 5540 et
651 5483 921 5555 mespila.
975 5486 1034 5537 et
1076 5478 1527 5555 I_nala__punica_,_
1555 5484 1614 5534 et
1641 5480 1760 5555 alia
1808 5482 1964 5552 ejus-

321 5548 710 5625 modiaApud
741 5548 980 5625 suidam
1014 5569 1051 5625 :_
1076 5548 1420 5625 Ἐρωγάλιον,
1465 5549 1619 5625 οὕτω-
1654 5551 1722 5605 τά
1765 5548 1970 5625 τραγή-

326 5645 469 5698 ματα
496 5620 726 5685 Ξκάλουν
746 5627 800 5683 οἱ
823 5620 1071 5681 παλαιοί.
1096 5620 1278 5678 Paulo
1307 5626 1443 5695 post
1469 5623 1625 5698 apud
1648 5620 1922 5681 eumdem
1949 5639 1965 5691 ;

2083 4640 2153 4688 Iv,
2188 4641 2318 4694 cap.
2349 4623 2439 4677 20.

2151 4692 2277 4766 (88)
2316 4692 2773 4768 Πανουργότερος.
2839 4693 3081 4768 Yidetur
3137 4710 3207 4749 ea
3260 4704 3547 4767 spectare,
3597 4717 3728 4768 qua;

2082 4772 2222 4841 guilt
2250 4760 2265 4820 ι
2296 4782 2421 4841 cap:
2449 4760 2620 4819 Ρέιόν.
2695 4765 2811 4841 ’[να
2840 4760 2918 4834 δῷ
2949 4765 3171 4825 ἀνάκυις
3199 4760 3547 4841 πανουργίανξ
3575 4760 3729 4824 παιδὶ

2080 4830 2139 4889 δε
2167 4835 2270 4912 νέιρ
2300 4830 2553 4903 ανσθησιν
2582 4835 2670 4889 καὶ
2725 4830 2930 4890 ἔννοιαν
2968 4854 2980 4891 :
3043 4858 3067 4889 α
3106 4842 3179 4893 Ut
3224 4839 3324 4894 det
3354 4830 3731 4912 simplicibus

2080 4909 2401 4986 astutiamu:
2426 4925 2611 4979 puero
2642 4915 2839 4986 autem
2874 4925 3047 4986 n_ovo_,
3067 4926 3309 4966 sensum
3336 4919 3394 4967 et
3423 4909 3732 4986 cogitatio-

2078 4995 2238 5035 nem.
2273 5002 2302 5030 »
2348 4981 2562 5035 Versus
2613 4988 2702 5035 est
2731 4984 2764 5035 4
2796 4981 2856 5035 in
2909 4981 3132 5038 Latina.
3169 4987 3227 5035 et
3278 5006 3303 5033 (ι
3338 4980 3589 5039 audiens
3641 5004 3736 5043 sa-

2078 5052 2273 5123 piens,
2309 5051 2633 5123 sapientior
2682 5053 2870 5123 crit.-
2925 5052 3011 5106 Ad
3061 5054 3303 5108 verbum
3366 5072 3434 5110 ex
3493 5058 3735 5114 Hebra‘o

2078 5122 2105 5173 ιι
2141 5122 2320 5178 addet
2350 5122 2705 5199 doctrinam.
2743 5148 2768 5171 ι»
2818 5122 2878 5177 id
2911 5130 3000 5179 est
3030 5124 3133 5199 fiet
3163 5126 3412 5199 doctior,
3447 5132 3732 5199 cognitio-

2079 5210 2215 5249 nem
2250 5195 2621 5264 promovebit
2650 5196 3014 5267 COLLEpT._-f
3046 5197 3309 5267 Respicit
3338 5195 3545 5253 auctor
3567 5203 3731 5255 Prov.

2074 5282 2192 5331 XXI,
2229 5263 2287 5342 ῌ
2313 5282 2342 5342 ﬁ:
2378 5264 2762 5342 Ζημιουμένρυ
2794 5263 3617 5342 *ἀκολάστου-’πανουργότερος
3647 5270 3726 5342 γί-

2073 5356 2218 5390 νεται
2247 5335 2275 5389 6
2307 5333 2531 5413 ἄκακος,
2561 5333 2757 5413 συνιὼν
2792 5333 2848 5391 δὲ
2880 5337 3044 5413 σοφὸς
3074 5335 3274 5407 δέξεται
3305 5333 3525 5410 γνῶσιν.

2129 5411 2259 5533 (ϐξ)
2311 5403 2529 5466 Λαϐὼνζ
2583 5409 2800 5478 Λαλῶν,
2831 5403 3019 5478 Joari.,
3054 5403 3157 5466 ubi
3200 5403 3354 5477 moi,
3388 5411 3548 5467 οὗτος
3579 5407 3716 5477 ἁλη-

2129 5502 2175 5533 lC
2225 5499 2361 5533 στιν.

2225 5499 2361 5536 στιν.

2074 5489 2175 5548 θής
2198 5489 2361 5536 ἐστιν.

2142 5553 2256 5622 (90)
2286 5548 2469 5607 Ἰδίαν.
2498 5554 2668 5609 Forte
2700 5548 2833 5622 ῒδιᾳ,
2859 5574 2886 5601 ‹‹
2919 5551 3194 5622 privatim
3229 5566 3243 5603 :
3278 5570 3299 5599 ο
3359 5548 3471 5615 vel,
3532 5545 3712 5616 ἰδίοις,

2073 5643 2102 5671 ι(
2132 5624 2375 5696 proprio
2409 5647 2436 5674 υ
2463 5641 2677 5696 nempe
2706 5621 2968 5680 invento.
3002 5621 3274 5677 Sasona.
