4044 6154
319 221 428 280 849

1673 221 2122 278 STROMATUM
2161 224 2294 278 LIB.
2333 223 2378 277 Ι.

3629 229 3743 284 850

322 347 460 405 Τότε
488 349 578 403 καὶ
635 346 890 412 Χελκίας,
925 345 1177 420 ὁὶερεὺς,
1241 346 1268 401 6
1327 349 1423 400 τοῦ
1482 347 1767 424 προφήτου
1815 345 1976 420 Ἰερε-

2097 347 2152 401 in
2196 363 2285 415 eo,
2338 347 2496 419 quod
2545 349 2982 416 intercesserat,
3030 354 3298 421 tempore
3348 350 3543 406 fuerat
3590 354 3740 408 cele-

330 438 458 512 μίου
517 438 720 510 πατὴρ,
782 435 1090 511 περιτυχὼν
1147 439 1226 505 τῷ
1282 438 1379 490 τοῦ
1439 434 1631 505 Νόμου
1685 428 1888 509 βιϐλίῳ
1920 433 1970 488 έν

326 533 407 600 τῷ
461 528 596 601 ἱερῷ
654 525 1022 597 ἀποκειμένῳ,
1083 522 1346 599 ἀναγνοὺς
1427 523 1799 592 ἐτελεύτησεν.
1855 521 1975 578 Ἐπὶ

320 617 527 672 τούτου
559 613 893 691 προφητεύει
927 611 1117 683 Ὀλδᾶ,
1176 612 1266 667 καὶ
1323 611 1631 690 Σοφωνίας,
1679 613 1765 667 καὶ
1818 612 1976 686 Ἱερε-

330 706 480 779 μίας.
564 704 690 761 Ἐπὶ
778 702 836 757 δὲ
915 701 1182 778 Ἱερεμίου
1261 698 1724 776 ψευδοπροψήτης
1775 701 1977 774 γίνεται

325 794 574 854 Ἀνανίας
633 794 662 847 6
724 791 936 846 Ἰωσίου
995 797 1130 860 (26).
1179 793 1375 862 Οὗτος,
1424 791 1769 866 παρακούσας
1819 791 1979 865 Ἰερε-

330 885 462 958 μίου
492 886 593 937 τοῦ
622 883 931 956 προφήτου,
965 881 1068 935 ὐπὸ
1112 882 1333 955 Νεχαὼ,
1371 879 1640 956 βασιλέως
1675 879 1975 954 Αἰγύπτου,

325 971 586 1047 ἀνῃρέθη,
621 972 757 1026 κατὰ
787 972 926 1025 ποτὰ
948 971 1193 1042 ποταμὸν
1221 969 1533 1046 Εὐφράτην,
1566 969 1806 1043 ὁρμῶντι
1835 967 1980 1038 αὐτῷ

327 1064 464 1137 πρὸς
517 1059 833 1130 Ἀσσυρίους
891 1062 1005 1132 (2'7)
1058 1059 1390 1120 ἀπαντίσας.
1424 1059 1635 1116 Ἰωσίαν
1670 1054 1978 1132 διαδέχεται

327 1150 631 1226 Ἰεχωνίας,
685 1150 774 1204 καὶ
837 1149 1091 1222 Ἰωάχας,
1151 1148 1179 1202 6
1234 1148 1349 1209 υίὸς
1412 1149 1528 1220 (28)
1583 1146 1768 1211 αὐτοῦ,
1801 1153 1977 1218 μῆνας

325 1248 475 1315 τρεῖς
501 1238 593 1292 καὶ
627 1236 835 1310 ἡμέρας
863 1233 990 1291 δέκα
1062 1238 1270 1294 Τοῦτον
1322 1235 1542 1309 Νεχαὼ,
1589 1234 1844 1309 βασιλεὺς
1877 1233 1978 1290 Αί-

330 1327 561 1404 γύπτου,
595 1325 782 1396 δήσας,
830 1325 1108 1400 ἀπήγαγεν
1162 1325 1239 1388 είς
1288 1322 1578 1399 Αἴγυπτον,
1638 1325 1978 1394 καταστήσας

332 1417 445 1472 ἀντ’
479 1415 645 1470 αὐτοῦ
680 1413 906 1489 βασιλέα
955 1414 1048 1468 τὸν
1100 1411 1336 1491 ἀδελφόν
1378 1413 1545 1468 αὐτοῦ
1575 1413 1784 1468 Ἰωακεὶ
1797 1435 1856 1485 μ,
1889 1410 1978 1466 ἐπὶ

335 1525 489 1583 φορῳ
516 1512 617 1574 τῆς
643 1501 866 1580 γῆς,ἔτη
888 1499 1261 1558 ἓνδεκα.Μετὰ
1278 1506 1470 1557 τοῦτον
1491 1502 1518 1554 6
1550 1499 1848 1574 ὁμώνυμος
1877 1501 1978 1555 αύ-

332 1599 430 1650 τοῦ
461 1593 718 1665 Ἰωακείμ
746 1594 860 1665 (29)
890 1591 1159 1666 τρίμηνον
1194 1589 1490 1666 βασιλεύει.
1527 1590 1654 1646 Εἶτα
1701 1586 1976 1657 Σεδεκίας,

331 1679 422 1753 ἔτη
445 1679 635 1737 ἕνδεκα
657 1683 791 1755 (30)·
814 1679 904 1734 καὶ
930 1682 1098 1755 μέχρι
1118 1679 1315 1734 τούτου
1341 1677 1703 1756 προφητεύων
1725 1676 1978 1733 διατείνει

331 1772 618 1848 Ἱερεμίας·
668 1769 1073 1848 προφητεύουσι
1121 1766 1178 1824 δὲ
1221 1769 1312 1823 καὶ
1361 1768 1526 1837 Βουζὶ
1573 1771 1708 1842 (31),
1749 1769 1838 1822 καὶ
1871 1768 1982 1825 Οὐ..

337 1859 454 1936 ρίας
485 1859 599 1930 (32)
632 1858 660 1912 6
691 1856 807 1920 υἱὸς
851 1855 1121 1928 Σαμαίου,
1180 1855 1270 1908 καὶ
1331 1849 1657 1927 Ἀμϐακούμ
1687 1853 1774 1907 σύν
1809 1853 1976 1926 αὒτῷ-

337 1949 426 2004 καὶ
457 1945 619 2010 τέλος
647 1944 762 2021 ἔχει
791 1946 859 1999 τὰ
907 1949 1018 1999 τῶν
1051 1938 1352 2018 Ἑϐραϊκῶν
1411 1943 1702 2019 βασιλέων.
1738 1941 1982 1998 Γίνονται

335 2035 428 2091 οὖν
457 2035 564 2090 ἀπὸ
598 2045 693 2106 μὲν
723 2041 823 2101 τῆς
861 2032 1133 2094 Μωυσέως
1163 2035 1422 2107 γενέσεως
1469 2027 1576 2093 ἕως
1605 2038 1704 2100 τῆς
1740 2051 1982 2104 μετοικε-

337 2124 456 2188 σίας
484 2125 687 2194 ταύτης
718 2117 834 2192 ἔτη,
891 2122 966 2184 ὡς
1023 2121 1118 2194 μὶν
1175 2141 1341 2192 τινες,
1397 2119 1706 2175 έννεακόσια
1737 2116 1978 2192 ἑϐδομή-

329 2235 495 2270 κοντα
552 2210 670 2268 δύο·
727 2211 864 2266 κατὰ
949 2207 1007 2265 δὲ
1081 2211 1182 2279 τήν
1267 2204 1466 2278 ἀκριϐῆ
1550 2209 1984 2287 χρονογραφίαν,

333 2302 497 2380 χίλια
529 2298 1053 2377 ὀγδοηκονταπέντε,
1107 2306 1271 2372 μῆνες
1318 2295 1393 2370 ἓξ,
1441 2299 1647 2373 ἡμέραι
1695 2295 1842 2352 δέκα·
1875 2298 1980 2353 ἀπό

332 2391 390 2449 δὶ
417 2399 518 2460 τῆς
553 2385 719 2446 Δαϐἒδ
781 2385 1059 2465 βασιλείας
1113 2385 1219 2451 ἓως
1270 2394 1372 2457 τῆς
1427 2385 1842 2462 αίχμαλωσίας,
1882 2391 1983 2453 τῆς

331 2483 438 2538 ὑπὸ
469 2481 764 2538 Χαλδαίων
794 2479 1114 2553 γενομένης,
1166 2474 1258 2546 ἔτη
1313 2478 1635 2552 τετρακόσια
1679 2497 1978 2546 πεντηκον-

325 2570 516 2638 ταδύο,
556 2577 724 2641 μῆνες
778 2568 854 2638 ἓξ·
916 2567 990 2628 ὡς
1041 2565 1098 2621 δὶ
1155 2568 1190 2634 ἡ
1247 2567 1365 2620 καθ’
1423 2568 1572 2638 ἡμᾶς
1625 2570 1732 2620 τῶν
1766 2567 1982 2641 χρόνων

329 2655 578 2734 ἀκρίϐεια
664 2656 906 2728 συνάγει,
964 2651 1058 2724 ἔτη
1133 2653 1454 2729 τετρακόσια
1520 2651 1978 2729 ὀγδοηκονταδύο,

337 2757 502 2823 μῆνες
528 2745 606 2818 ἓξ,
638 2746 840 2819 ἡμέραι
874 2742 1022 2800 δέκα.
1077 2744 1165 2796 Ἐν
1199 2740 1256 2797 δὶ
1304 2747 1383 2814 τῷ
1413 2739 1707 2814 δωδεκάτῳ
1748 2740 1852 2797 ἔτει
1878 2749 1978 2812 τῆς

404 2849 467 2912 ’Β
499 2849 562 2901 Ρ.
597 2850 692 2900 391
726 2847 837 2900 ED.
875 2845 1162 2910 POTTER,
1195 2847 1298 2899 329
1333 2845 1444 2898 ΕΙ).
1478 2843 1708 2897 PARIS.

2087 435 2346 491 bratum.
2377 439 2536 492 Tunc
2571 439 2749 494 etiam
2782 439 3050 494 Chelcias
3093 440 3389 507 sacerdos,
3441 447 3608 512 pater
3650 442 3744 495 Je-

2086 527 2290 580 remiae
2320 528 2644 597 prophetae.
2679 545 2812 582 cum
2846 529 2906 582 in
2953 529 3169 583 librum
3225 530 3388 602 Legis
3433 530 3744 584 incidisset

2089 615 2150 668 in
2185 616 2404 686 templo
2427 616 2821 680 reconditum,
2850 633 2917 671 eo
2937 618 3000 681 ’Β
3024 617 3176 672 lecto
3198 617 3375 672 vitam
3402 618 3574 673 ﬁniit.
3602 619 3741 689 Ejus

2088 709 2352 775 tempore
2385 706 2758 776 prophetavit
2789 705 2956 773 Olda,
2993 712 3050 760 et
3081 707 3432 778 Sophonias,
3482 713 3541 762 et
3580 709 3741 762 Jere-

2087 793 2256 847 mias.
2313 795 2598 865 Tempore
2652 802 2852 851 autem
2903 797 3175 850 Ieremia;
3220 796 3330 849 fuit
3375 796 3741 867 pseudopro-

2089 882 2267 953 pheta
2298 883 2581 951 Ananias,
2618 885 2774 938 ﬁlius
2800 885 2991 939 Josia—z.
3027 886 3100 950 Is,
3135 902 3267 938 cum
3301 902 3422 938 non
3454 874 3741 940 au'diisset

2087 971 2404 1025 Jeremiam
2436 973 2808 1043 prophetam.
2841 973 3234 1044 interemptus
3281 979 3369 1028 est
3414 991 3448 1028 a
3487 975 3739 1040 Nechao,

2088 1075 2224 1132 rege
2273 1061 2520 1132 zEgypti,
2565 1061 2739 1131 juxta
2781 1061 3024 1116 fluvium
3073 1064 3453 1133 Euphratem,
3508 1081 3640 1117 cum
3687 1065 3738 1118 ei

2089 1148 2448 1204 occurrisset
2477 1150 2881 1220 proficiscenti
2924 1151 3204 1205 adversus
3251 1152 3539 1222 Assyrios.
3574 1153 3739 1206 Josia:

2089 1237 2356 1291 succedit
2377 1238 2715 1306 Jechonias,
2749 1245 2808 1295 et
2835 1240 3082 1295 Joachas
3115 1241 3246 1311 ejus
3291 1240 3468 1308 ﬁlius,
3512 1241 3741 1296 mensi-

2088 1325 2198 1380 bus
2221 1326 2412 1382 tribus
2435 1333 2493 1381 et
2513 1327 2719 1382 decem
2745 1328 2974 1386 diebus.
3000 1331 3146 1384 Eum
3171 1329 3426 1396 Nechao,
3450 1347 3552 1384 rex
3571 1332 3740 1402 Egy-

2086 1415 2192 1486 pti,
2227 1417 2487 1471 vinctum
2536 1417 2785 1472 abduxit
2837 1419 2898 1472 in
2949 1421 3281 1492 zEgyptum,
3331 1437 3464 1474 cum
3517 1437 3621 1490 pro
3672 1437 3739 1474 eo

2087 1505 2498 1560 constituisset
2528 1522 2725 1578 regem
2752 1507 2995 1562 fratrem
3038 1508 3166 1578 ejus
3204 1509 3490 1574 Joachim,
3541 1509 3737 1563 tribu-

2087 1594 2305 1647 tarium
2323 1595 2603 1666 regionis,
2628 1595 2802 1650 annis
2823 1596 3126 1651 undecim.
3152 1599 3292 1651 Post
3314 1614 3451 1652 eum
3473 1598 3737 1652 Joachim

2088 1682 2358 1753 ejusdem
2391 1700 2525 1737 cum
2554 1700 2622 1738 eo
2654 1685 2934 1750 nominis,
2969 1686 3234 1757 regnavit
3271 1687 3456 1740 tribus
3505 1687 3735 1741 mensi-

2091 1769 2220 1826 bus.
2256 1770 2481 1825 Deinde
2514 1770 2787 1826 Sedecias
2835 1773 3008 1827 annis
3056 1773 3369 1827 undecim:
3407 1779 3463 1828 et
3501 1774 3574 1828 ad
3602 1791 3736 1828 eum

2092 1875 2279 1929 usque
2311 1859 2592 1929 perdurat
2606 1861 2968 1931 prophetans
2980 1861 3281 1916 Jeremias.
3303 1863 3740 1932 Prophetarunt

2094 1953 2293 2001 autem
2325 1954 2384 2002 et
2414 1949 2568 2015 Buzi,
2603 1955 2661 2002 et
2686 1949 2852 2004 Urias
2893 1950 3053 2005 ﬁlius
3103 1951 3332 2017 Samari,
3385 1956 3444 2004 et
3488 1968 3621 2005 cum
3671 1969 3739 2006 eo

2094 2035 2377 2089 Abacum.
2411 2036 2514 2091 Hic
2543 2036 2846 2108 accipiunt
2876 2038 3054 2092 finem
3090 2039 3315 2094 Hebraei
3350 2056 3532 2112 reges.
3570 2041 3742 2094 Fiunt

2094 2141 2230 2197 ergo
2263 2141 2297 2180 a
2319 2127 2533 2197 Moysis
2559 2127 2800 2198 quidem
2826 2135 2956 2182 ortu
2981 2145 3167 2199 usque
3191 2128 3262 2183 ad
3288 2129 3438 2184 hanc
3463 2131 3741 2184 transmi-

2093 2215 2443 2285 grationem,
2478 2221 2544 2269 ut
2574 2216 2850 2271 nonnulli
2884 2216 3123 2286 quidem
3160 2216 3383 2281 dicunt,
3416 2218 3557 2271 anni
3592 2235 3740 2271 non-

2091 2304 2250 2375 genti
2280 2304 2652 2376 septuaginta
2680 2304 2798 2359 duo
2825 2325 2840 2370 ;
2871 2322 2941 2358 ex
2971 2311 3245 2361 accurata
3265 2311 3462 2360 autem
3486 2306 3742 2360 chrono-

2090 2392 2356 2464 graphia,
2389 2393 2554 2447 mille
2577 2393 2876 2465 octoginta
2897 2393 3182 2464 quinque,
3208 2411 3307 2448 sex
3333 2409 3587 2454 menses,
3613 2394 3738 2448 dies

2091 2481 2317 2536 decem.
2353 2483 2398 2535 Α
2425 2498 2605 2553 regno
2633 2488 2832 2536 autem
2866 2482 3097 2536 Davidis
3128 2499 3314 2552 usque
3338 2482 3410 2536 ad
3433 2482 3738 2552 captivita-

2091 2576 2232 2637 tem,
2267 2587 2397 2640 quaa
2429 2571 2582 2625 facta
2614 2576 2705 2625 est
2733 2589 2767 2626 a
2806 2571 3118 2637 Chaldaeis,
3151 2573 3290 2626 anni
3323 2571 3737 2643 quadringenti

2092 2659 2524 2731 quinquaginta
2551 2659 2688 2727 duo,
2720 2677 2957 2715 menses
2989 2677 3128 2724 sex;
3160 2667 3227 2714 ut
3268 2667 3469 2715 autem
3518 2661 3742 2732 colligit

2092 2754 2298 2802 nostra
2327 2753 2604 2803 accurata
2637 2754 2968 2820 temporum
3011 2751 3372 2820 supputatio,
3405 2750 3547 2804 anni
3597 2766 3738 2819 qua-

338 2941 534 3031 ὅμοιον
560 2943 706 3030 αύτῷ
720 2941 772 2997 έν
791 2940 1178 3031 Ἰσραήλλᾌπὸ
1201 2944 1425 3031 impii)!
1447 2937 1714 3031 Σαμουὴλ
1734 2943 1834 3030 τοῦ
1852 2960 1980 3031 προκ-

2101 2949 2277 3031 μῆνας
2310 2943 2378 3016 γ’.
2414 2966 2442 2993 ‹‹
2474 2945 2808 3031 Ιεοὴρηίειε,
2831 2945 3134 3031 quietiam
3156 2946 3374 3031 Joacim
3409 2946 3600 3031 dictus
3619 2952 3738 3031 est,

336 3011 510 3095 φητρυ
539 3015 629 3095 καὶ
662 3011 1172 3095 παντὸςξβασιλέως
1214 3011 1434 3095 Ἰσραὴλ
1459 3011 1590 3095 ὀύκ
1625 3011 1977 3095 έποίησανζτὸ

335 3086 523 3166 eam,
543 3087 574 3142 ὅ
593 3086 839 3156 ἐποίησεν
865 3086 1098 3156 Ἰωσίας,
1124 3092 1234 3143 etc.
1264 3087 1431 3142 Conf.
1457 3087 1528 3139 IV
1553 3087 1689 3156 Reg.
1723 3088 1975 3152 xxm,22.

401 3182 514 3250 (26)
569 3175 814 3239 Ἀνανίας
870 3177 898 3228 ὁ
955 3174 1189 3233 Ἰωσίου.
1274 3173 1538 3250 Ἀνανίαςν
1598 3173 1719 3250 Ῐδὶὸς
1777 3173 1977 3246 Ἀζὼρ’

330 3252 358 3306 ὁ
387 3245 870 3324 ψευδοπροφήτης.
903 3250 1144 3324 _._lerem.
1205 3248 1538 3324 XXII‘I.ACl‘l!‘
1594 3245 1981 3324 itaqueneum

330 3316 610 3380 Clemens
659 3316 831 3378 Iosiaa
890 3320 1080 3376 filium
1137 3317 1407 3374 vocavit?
1464 3320 1553 3372 An
1598 3334 1731 3372 cum
1763 3316 1981 3386 aliquis

323 3397 497 3468 juxta
518 3395 865 3468 proximam
889 3409 1090 3447 vocem
1123 3390 1280 3468 οὗτος
1312 3391 1374 3468 in
1395 3388 1671 3468 margine
1705 3389 1980 3468 adnotas:

332 3460 480 3523 ἐειό
515 3460 753 3529 Ἰωσίας,
813 3463 870 3518 id
929 3470 1134 3534 postea
1189 3463 1249 3517 in
1305 3461 1332 3514 6
1395 3460 1606 3514 Ἰωσίου
1641 3460 1983 3534 mutatum?

334 3539 595 3610 Scaliger
625 3539 686 3610 in
717 3537 840 3610 Hist
894 3529 1102 3604 Synag.
1124 3541 1451 3610 utrumque
1485 3533 1714 3610 p_osuit._
1736 3529 1982 3592 Ἀνανίας

334 3611 362 3663 6
393 3603 630 3670 Ἰωξίου,
666 3607 873 3666 Ἰωσίας
901 3603 1100 3678 παρακ.
1123 3607 1278 3678 Νᾶῐῐι
1297 3604 1446 3658 illud
1473 3603 1629 3678 οὗτος
1661 3603 1980 3678 obscurilrn

334 3688 482 3744 erat.
514 3687 715 3737 utrum
747 3680 821 3734 ad
848 3675 1160 3741 Ananiam,
1190 3677 1360 3745 cujus
1393 3677 1659 3746 proxime
1691 3676 1844 3730 facta
1872 3675 1984 3728 fuit

335 3754 585 3814 mentio,
619 3769 695 3806 an
725 3751 799 3806 ad
827 3756 1119 3805 remotum
1150 3748 1367 3803 Josiam
1400 3748 1738 3801 referretur.

410 3829 520 3887 (2‘7)
555 3823 714 3895 Πρὸς
750 3821 1089 3895 Ἀσσυρίους.
1147 3820 1430 3895 Hervetus
1486 3818 1678 3895 vertit,
1721 3839 1747 3865 ‹‹
1778 3817 1985 3895 adver-

339 3914 440 3952 sus
495 3889 871 3977 Aﬂg'yptiosu»
922 3889 1162 3977 'S‘cribe,‘
1212 3912 1239 3938 «
1285 3889 1566 3977 adversus
1613 3889 1982 3977 itssyr‘iosz‘):

339 3959 701 4023 Adhaesit'ex
731 3964 864 4020 aliis
895 3962 1258 4019 editionibus
1288 3962 1384 4016 hic
1406 3977 1586 4016 error.
1613 3961 1894 4014 Narratur
1914 3959 1984 4012 IV

338 4041 476 4109 Reg.
510 4055 638 4110 cap.
660 4054 835 4110 χχιιι,
874 4043 932 4110 et
960 4035 1007 4088 ll
1041 4033 1296 4110 P_ara_lip.
1321 4049 1492 4110 xxxv,
1516 4037 1582 4086 ut
1611 4031 1671 4110 in
1708 4030 1982 4110 Maceddo

337 4101 517 4165 fuerit
547 4101 778 4164 occisus
807 4108 997 4162 Josias
1040 4105 1111 4160 ab
1157 4101 1421 4176 .Egyptio
1440 4101 1811 4176 ascendente
1843 4118 1987 4176 con-

338 4188 430 4236 tra
461 4181 835 4245 Assyriorum
861 4178 1191 4232 Nechaone.
1214 4172 1389 4245 quem
1415 4173 1836 4245 Herodotus,ut
1855 4172 1985 4245 qui-

339 4253 473 4307 dam
504 4244 716 4318 volent,
777 4251 997 4304 Necum
1039 4244 1320 4318 appellat,
1372 4244 1796 4318 Psammetichi
1841 4244 1986 4310 ﬁlio,

339 4324 558 4395 quique
591 4315 880 4395 Necepsos
926 4315 1181 4395 dici_tur._
1215 4316 1448 4395 Eusebii
1493 4316 1752 4395 Chronici
1783 4315 1980 4395 locum
2019 4318 2062 4382 ι)

339 4385 551 4451 hac-de
583 4411 644 4448 re
704 4385 788 4447 sic
841 4392 970 4463 lego
1031 4391 1093 4463 in
1151 4388 1381 4463 duobus
1429 4385 1980 4463 _manuscriptis.__ad

338 4465 748 4537 Olympiadem
778 4481 850 4518 xL
872 4480 884 4518 :
905 4459 951 4513 ἰι
980 4462 1188 4526 Josias,
1214 4477 1316 4514 rex
1339 4459 1672 4514 Judzeorum
1707 4459 1974 4537 cum-Ne-

340 4525 588 4602 chamie,
624 4553 758 4608 rege
788 4525 1211 4608 Aigyptiorum,
1263 4547 1638 4608 congressus,
1671 4529 1979 4585 occiditur.

341 4612 416 4665 At
447 4610 589 4663 mihi
624 4602 910 4662 miraculo
933 4602 1064 4671 est,
1097 4603 1394 4673 quomodo
1426 4602 1497 4656 ad
1532 4618 1716 4655 unum
1749 4608 1982 4670 tempus

337 4688 590 4751 uterque
603 4678 1114 4751 conveneritgcum
1129 4673 1638 4751 Scripturadivina
1651 4674 1805 4751 hunc
1825 4689 1985 4726 eum-

340 4753 477 4808 dem
497 4745 914 4815 'Pharaonem,
941 4748 1313 4803 Nechaonem
1344 4745 1622 4816 appellet.
1662 4766 1687 4792 »ι
1717 4746 1981 4798 COLLEDT.

414 4843 527 4908 (28)
581 4837 881 4904 Ἰελωνὲας,
963 4834 1052 4890 καὶ
1132 4831 1640 4908 Ἰωέχαςᾼᾷῌυίμὸς,
1731 4831 1983 4904 ’Ῑωάχχς,

337 4913 430 4968 vel
472 4905 717 4978 ’[ωάκαζ,
774 4915 842 4965 ut
897 4925 1032 4963 eum
1088 4905 1495 4978 vocantiLXX
1542 4905 1904 4978 interpretes
1930 4909 1988 4958 et

338 4983 647 5050 Eusebius,
681 4976 770 5036 vel
800 4981 993 5053 Ὠχάζ,
1025 4984 1098 5053 ut_
1119 4977 1500 5053 Theophilus.
1532 4976 1704 5053 Josia)
1740 4976 1898 5053 illius
1929 4980 1988 5029 et

340 5047 651 5111 successor
684 5059 827 5108 erat.
860 5047 1202 5107 Jechoniam
1250 5047 1423 5103 Iosiaa
1473 5052 1749 5118 nepotem
1780 5047 1982 5118 fuisse,

339 5144 412 5182 ex
441 5126 940 5197 historiairegum
992 5122 1331 5197 Judmorum
1391 5117 1694 5197 discimus.
1731 5117 1986 5197 Proinde

340 5199 600 5254 Lowthio
633 5188 864 5252 videtur
895 5195 1000 5249 has
1030 5209 1202 5248 voces
1231 5188 1507 5259 Ἰεχωνίας
1539 5190 1649 5255 καὶ,
1683 5196 1751 5245 ut
1779 5205 1988 5259 super-

340 5270 517 5333 ﬂuas,
543 5286 670 5325 esse
701 5267 986 5324 delendas
1040 5258 1430 5320 Scribendum
1482 5279 1639 5327 vero,
1680 5258 1985 5334 ἰεχωνίας,

343 5340 489 5414 ὁκαὶ
527 5340 790 5414 ’lméxaq.
809 5345 900 5394 etc
932 5409 942 5414 _
971 5360 997 5386 «
1030 5335 1364 5414 lechonias.
1397 5334 1497 5414 qui
1532 5333 1986 5414 e_ti_am..l(lachas

343 5413 538 5469 dictus
560 5397 717 5468 est?»
737 5397 830 5466 Sic
851 5409 1010 5466 enim
1034 5409 1095 5463 in
1118 5407 1385 5462 Chronico
1406 5397 1984 5474 EusebiuSL'ESpatmv

342 5485 356 5506 ν
435 5481 485 5504 μ
582 5481 596 5502 ν
720 5481 730 5502 ν
1017 5483 1027 5498 υ
1104 5479 1116 5496 ι
1232 5494 1248 5508 ς
1303 5475 1315 5512 ξ
1607 5476 1620 5494 ι
1683 5481 1696 5505 ,
1885 5475 1964 5512 (ρ

365 5491 524 5538 ιουοα
579 5477 893 5538 εϐασιλευσε
947 5499 1015 5533 κα
1122 5480 1386 5550 νίωαλεμ,
1450 5479 1478 5530 6
1535 5497 1623 5531 και
1706 5481 1984 5550 ιεχωνας,

351 5561 526 5629 μῆνας
556 5557 621 5629 γ’·
655 5580 680 5629 «λι
719 5553 978 5629 Hebraeis
1023 5549 1238 5629 Judaaaa
1263 5549 1600 5629 vicesimus
1632 5549 1860 5629 primus
1877 5563 1987 5629 rex

345 5621 461 5685 fuit
479 5621 872 5697 Joachim.qui
895 5623 1072 5697 etiam
1091 5621 1403 5697 Jechonias
1421 5627 1510 5697 est
1529 5621 1742 5697 dictus.
1750 5637 1854 5692 per
1873 5628 1988 5697 tres

350 5715 609 5760 menses.
645 5722 673 5748 ι»
704 5689 866 5754 Idem
897 5696 1013 5757 alio
1044 5694 1208 5750 loco:
1243 5691 1523 5770 Ἰεχονίας,
1558 5693 1586 5748 6
1613 5689 1703 5747 καὶ
1732 5689 1990 5766 Ἰωακεὶμ.

2099 3022 2216 3071 tres
2247 3032 2502 3071 menses.
2540 3039 2567 3065 ››
2600 3018 2783 3072 Porro
2834 3017 3175 3074 Jechoniam
3226 3019 3448 3074 dictum
3477 3018 3740 3073 Joachim

2092 3087 2523 3158 existimabant
2543 3094 2784 3158 propter
2816 3089 2989 3158 illud
3020 3091 3245 3158 Matth.
3307 3108 3346 3158 ι,
3383 3091 3440 3143 11
3472 3107 3483 3142 ;
3530 3090 3743 3148 Ἰωσίας

2091 3154 2423 3236 δὲιέγέννησε
2476 3154 2568 3210 τὸν
2605 3154 2889 3236 ’Ἰεχονίαν
2943 3157 3032 3212 καὶ
3085 3162 3212 3223 τοὺς
3267 3157 3537 3236 ἀδελφοὺς
3576 3157 3742 3214 αὐτοῦ

2091 3228 2178 3283 ἐπὶ
2207 3223 2308 3297 τῆς
2345 3223 2684 3300 μετοικεσίας
2705 3223 2983 3284 ’Βαϐυλὼν
2993 3250 3073 3290 ος.

2163 3300 2742 3384 (29⁸)..Ὁωὸμώγυμος
2801 3300 2963 3384 αὐτου
3024 3300 3298 3384 Ἰωακείμ⁸
3343 3303 3741 3384 ἕρᾶίίεϐἲηᾶά

2092 3373 2327 3428 Eusebii
2367 3374 2638 3429 Chronico
2697 3375 2822 3429 haac
2879 3373 3218 3429 adnotavit:
3281 3398 3305 3421 ‹‹
3343 3373 3593 3429 Eliakim
3633 3377 3739 3429 lle-

2092 3445 2288 3500 braice
2363 3451 2603 3500 vocatur
2634 3455 2859 3534 nil-nm,
2897 3447 3135 3512 Joakim,
3212 3446 3393 3499 Graeci
3453 3447 3742 3516 interpre-

2093 3531 2478 3603 ῐρε.“1ωακίμ,
2532 3533 2620 3588 vel
2670 3529 2944 3601 ἰ’ωακείμ.
2999 3535 3073 3586 At
3121 3532 3189 3592 is,
3242 3532 3339 3601 qui
3391 3538 3526 3585 ante
3570 3533 3742 3586 Sede-

2092 3605 2253 3659 kiam
2287 3611 2405 3659 tres
2466 3621 2700 3659 menses
2761 3610 2991 3659 tantum
3046 3605 3329 3672 regnavit,
3380 3603 3742 3672 penultimus

2093 3693 2195 3731 rex
2224 3677 2582 3740 Judaaorum,
2643 3692 2779 3730 cum
2838 3692 2954 3745 quo
3014 3675 3276 3744 captivus
3333 3675 3620 3745 abductus
3654 3680 3742 3728 ost

2094 3747 2356 3803 Ezechiel
2400 3748 2709 3818 prepheta,
2742 3743 2982 3802 vocatur
3007 3743 3210 3832 Vim-P-
3251 3743 3522 3817 Ἰωϊαχίν,
3555 3747 3616 3798 in
3649 3745 3741 3798 Bi-

2093 3835 2231 3908 bliis
2263 3836 2478 3890 Graecis
2511 3834 3493 3908 'lmaxthtaquedistinguuntur
3522 3850 3555 3888 a
3587 3836 3740 3888 Cra)-

2095 3908 2179 3962 cis
2212 3907 2656 3977 interpretibus,
2687 3907 2830 3961 solis
2859 3907 3073 3978 litteris
3102 3925 3135 3958 κ
3166 3913 3224 3959 et
3254 3922 3328 3978 χε
3374 3922 3507 3959 cum
3541 3912 3741 3959 tamen

2096 3978 2376 4034 ﬁnalibus
2399 3978 2613 4033 litteris
2635 3977 3036 4049 distinguendi
3063 3984 3262 4032 essent
3283 3977 3325 4046 μ
3347 3985 3403 4030 et
3422 3998 3469 4030 ν.
3498 3981 3612 4030 Hoc
3635 3993 3708 4030 ne
3733 4010 3740 4014 -

2096 4049 2352 4105 cessario
2387 4050 2753 4105 monendum
2785 4050 2917 4116 fuit,
2951 4049 3092 4119 quia
3134 4051 3344 4103 horum
3403 4064 3603 4119 regum
3632 4065 3740 4102 no-

2096 4122 2260 4176 mina
2291 4122 2350 4175 in
2384 4121 2603 4176 Latinis
2648 4120 3085 4192 exemplaribus
3138 4121 3312 4190 culpa
3360 4120 3741 4192 librariorum

2099 4210 2253 4264 scepe
2276 4193 2756 4258 confunduntur;
2782 4190 2839 4247 et
2861 4193 3373 4264 utriusqueﬁregis.
3391 4197 3454 4264 ut
3475 4190 3738 4254 nomina,

2099 4262 2200 4319 sici
2215 4271 2396 4334 gesta.
2433 4267 2619 4334 Atque
2651 4264 2797 4318 adeo
2821 4265 3092 4318 Clemens
3114 4262 3550 4317 Alexandrinus
3583 4278 3739 4334 eum,

2098 4335 2190 4390 cui
2219 4331 2870 4397 Sedekiassuccessit,
2931 4333 3225 4403 ὁμώνυμον
3289 4333 3432 4387 dicit
3475 4335 3555 4400 τῷ
3611 4331 3743 4400 μετᾶ

2093 4405 2301 4460 Ἰωσίαν
2388 4403 2786 4478 βασιλεύσαντι.
2879 4405 3262 4460 Doctissimus
3326 4405 3738 4478 Hieronymus,

2093 4479 2263 4533 initio
2297 4475 2683 4534 Coinmentarii
2712 4481 2771 4531 in
2803 4477 3102 4543 Danielem,
3133 4482 3290 4530 recte
3331 4475 3564 4530 monuit
3592 4475 3741 4529 alte—

2093 4551 2217 4604 rius
2247 4565 2466 4603 nomen
2504 4548 2775 4604 desinere
2825 4549 2884 4601 in
2931 4549 3074 4605 CIM.
3120 4549 3364 4602 alterius
3395 4547 3455 4600 in
3489 4547 3671 4599 CHlN.
3709 4569 3736 4595 ››

2166 4615 2578 4686 (301Σεδεκίας,
2634 4615 2726 4688 ἔτη
2781 4613 2990 4672 ἕνδεκα.
3049 4619 3142 4673 Sic
3201 4619 3470 4688 plerique
3519 4618 3618 4671 alii
3670 4634 3737 4671 ac

2095 4692 2404 4763 speciatim
2436 4692 2496 4746 in
2530 4691 2798 4747 Chronico
2830 4690 3137 4763 Eusebius.
3166 4689 3321 4745 Idem
3346 4705 3479 4763 vero
3502 4689 3563 4763 in
3594 4691 3740 4763 Prae-

2088 4755 2258 4834 parat
2311 4763 2555 4832 evangel.
2589 4763 2844 4818 Sedecize
2875 4760 2966 4828 ἔτη
3007 4755 3070 4814 ιϐ’
3095 4786 3120 4812 ‹‹
3147 4779 3334 4834 annos
3366 4760 3736 4834 duodecim.»

2095 4831 2322 4890 tribuit.
2356 4831 2521 4899 Qubd
2552 4834 2772 4891 factum
2814 4835 3062 4892 videtur.
3095 4834 3185 4888 vel
3225 4833 3298 4886 ad
3339 4831 3736 4902 supplendum

2097 4913 2352 4981 tempus,
2385 4923 2502 4976 quo
2530 4906 3076 4981 regnavitjloachin,
3097 4906 3268 4981 cujus
3300 4903 3379 4956 ibi
3413 4903 3580 4958 nulla
3600 4904 3744 4981 falta

2096 4975 2320 5049 mentio
2339 4975 2464 5033 est:
2490 4979 2580 5032 vel
2600 4975 2761 5049 quod
2787 4977 3058 5033 Sedecias
3081 4977 3308 5049 aliquot
3334 4992 3568 5049 menses
3586 4975 3746 5049 ultra

2095 5048 2372 5103 undecim
2391 5065 2580 5103 annos
2595 5046 2982 5120 compleverit
2998 5066 3010 5102 :
3029 5049 3183 5103 unde
3197 5047 3470 5120 Clemens
3485 5046 3628 5120 dicit
3644 5047 3750 5120 Na-

2097 5113 2952 5185 buchodonosorem,tradente
2974 5121 3208 5183 Beroso,
3232 5119 3490 5172 Sedecias
3511 5113 3746 5168 δωδεκά-

2095 5210 2174 5259 τῳ
2187 5185 2350 5256 ἔτει,ι‹
2369 5191 2720 5246 duodecimo
2739 5208 2953 5257 annon
2973 5191 3190 5244 Iudaeis
3211 5189 3431 5243 bellum
3450 5189 3745 5259 intulisse.

2169 5264 2280 5333 (3t)
2331 5261 2518 5333 Βουζί.
2548 5263 2864 5333 Lowthius
2913 5261 3033 5333 ait;
3085 5285 3110 5309 α
3149 5260 3390 5314 Videtur
3428 5258 3745 5333 legendum

2097 5329 2363 5400 Ἰεζεκιὴλ
2399 5331 2575 5400 Βουζί.
2598 5333 2866 5388 Ezechiel
2896 5332 3135 5402 quidem
3169 5329 3538 5386 memoratur
3569 5329 3744 5402 paulo

2098 5399 2263 5477 post:
2299 5405 2400 5461 sed
2429 5399 2579 5460 solet
2604 5405 2878 5460 Clemens
2910 5399 3331 5477 prophetarum
3366 5399 3746 5477 tempora_d_i-

2097 5469 2281 5558 versis
2306 5469 2990 5558 epochisnassignare_,_'ut
3009 5469 3201 5528 videre
3224 5480 3312 5558 est
3329 5487 3506 5558 supra
3536 5469 3593 5558 i‘n
3620 5470 3746 5558 Elia

2098 5556 2157 5604 et
2184 5538 2414 5604 Eliszéo.
2453 5549 2571 5603 Nisi
2605 5538 2737 5618 quis
2767 5546 2937 5601 malit
2977 5545 3171 5617 legere
3221 5538 3505 5612 Σοφωνιας
3545 5538 3739 5606 Χουζί.

2098 5621 2239 5676 Vide
2270 5639 2326 5678 D.
2360 5623 2483 5674 335.
2517 5643 2545 5670 »

2172 5639 2550 5766 ξδ’οὅὑέδώξῖ
2593 5690 2698 5747 Hic
2727 5693 3091 5747 memoratur
3136 5687 3349 5742 Jerem.
3383 5701 3532 5755 un,
3564 5687 3654 5752 20,
3687 5689 3746 5738 et
