4044 6154
329 190 435 247 861

1678 191 2128 248 ΒΤΒΟΜΔἸὍΜ
2166 194 2300 248 LIB.
2343 194 2386 247 Ι.

3636 182 3746 244 862

333 314 666 390 Εὐεργέτης,
697 307 790 386 ἔτη
823 314 982 370 πέντε
1010 313 1100 369 καὶ
1160 313 1351 369 εἴκοσι·
1387 314 1499 368 εἶτα
1547 315 1575 368 6
1627 313 1984 389 Φιλοπάτωρ,

2101 317 2370 385 lometor,
2405 325 2464 375 et
2502 323 2710 391 regnat
2748 318 2922 374 annis
2973 317 3212 390 triginta
3259 315 3563 388 quinque;
3611 321 3750 389 post

333 403 428 474 ἔτη
461 400 843 459 ἑπτακαίδεκα·
882 405 998 477 μεθ’
1055 403 1113 457 ’ὃν
1173 403 1200 457 6
1258 404 1584 480 Ἐπιφανὴς,
1634 399 1726 471 ἔτη
1757 404 1990 478 τέσσαρα

326 495 418 549 καὶ
452 492 644 548 εἶ’κοσι·
675 497 872 547 τοῦτον
922 490 1230 568 διαδέχεται
1265 492 1292 546 6
1345 490 1714 565 Φιλομήτωρ,
1747 493 1836 547 καὶ
1892 493 1991 567 βα-

331 580 536 637 σιλεύει
566 579 656 651 ἔτη
693 582 848 636 πέντε
877 583 967 636 καὶ
1005 582 1318 656 τριάκοντα’
1375 585 1488 653 μεθ’
1539 581 1599 635 ὃν
1649 581 1677 634 6
1736 581 1988 648 Φῧσκων,

331 671 424 740 ἔτη
458 670 606 725 ἐννέα
633 671 724 725 καὶ
785 669 955 725 εἴκοσι
1007 675 1138 742 (76)·
1202 671 1314 724 εἶτα
1371 671 1398 723 6
1455 668 1753 743 Λάθουρος,
1787 668 1879 738 ἔτη

329 761 421 816 καὶ
474 762 767 830 τριάκοντα
804 779 816 793 ·
883 761 996 814 εἶτα
1053 761 1080 814 6
1137 757 1457 828 ἐπικληθεὶς
1518 758 1775 819 Διόνυσός
1812 803 1826 828 ,
1895 757 1988 827 ἔτη

331 851 481 905 ἐννέα
546 849 636 903 καὶ
717 848 889 903 εἴκοσι
967 852 1124 920 (77)·
1205 847 1292 902 ἐπὶ
1350 854 1510 901 πᾶσιν
1573 849 1606 915 ἠ
1669 845 1993 920 Κλεοπάτρα

333 935 677 994 ἐϐασίλευσεν
704 936 796 1007 ἔτη
835 935 932 991 δύο
962 938 1052 991 καὶ
1085 935 1276 990 εἶ’κοσιο
1313 937 1430 1008 μεθ’
1483 937 1545 1005 ἢν
1597 939 1631 1004 ἡ
1688 940 1795 989 τῶν
1832 939 1990 991 Καπ-

333 1025 588 1083 παδόκων
654 1024 906 1101 βασιλεία
975 1029 1198 1100 ἡμερῶν
1260 1024 1677 1080 ὀκτωκαίδεκα.
1739 1025 1990 1078 Γίνονται

329 1117 514 1173 τοίνυν
545 1115 632 1171 ἐπὶ
690 1115 854 1170 ταὺτὸ
911 1116 1001 1169 καὶ
1060 1115 1112 1168 οἱ
1167 1119 1274 1168 τῶν
1335 1111 1662 1168 Μακεδόνων
1721 1113 1989 1188 βασιλέων

333 1207 554 1282 χρόνοι,
605 1203 698 1274 ἔτη
729 1205 1016 1279 τριακόσια
1048 1201 1279 1273 δώδεκα,
1338 1204 1540 1276 ἡμέραι
1602 1201 1990 1260 ὀκτωκαίδεκα.

337 1292 784 1351 Ἀποδείκνυνται
815 1293 995 1348 τοίνυν
1026 1295 1078 1347 οἱ
1129 1293 1216 1347 ἐπὶ
1268 1293 1491 1360 Δαρείου
1546 1297 1643 1347 τοῦ
1695 1292 1990 1347 Ὑστάσπου

334 1383 833 1462 προφητεύσαντες,
891 1384 1028 1436 κατά
1083 1381 1146 1436 τὸ
1200 1380 1450 1455 δεύτερον
1509 1376 1628 1442 ἔτος
1694 1389 1793 1450 τῆς
1828 1383 1990 1457 βασι-

335 1471 484 1533 λείας
533 1472 720 1538 αὖτοῦ,
773 1473 1031 1546 Ἀγγαῖος
1090 1471 1180 1525 καὶ
1213 1470 1508 1546 Ζαχαρίας,
1557 1472 1645 1525 καὶ
1707 1472 1734 1524 6
1795 1470 1854 1525 ἐκ
1881 1469 1988 1526 τῶν

331 1558 542 1616 δώδεκα
573 1561 865 1636 ”Αγγελος,
925 1560 1062 1614 κατὰ
1105 1561 1168 1614 τὸ
1216 1564 1434 1636 πρῶτον
1489 1558 1606 1620 ἔτος
1659 1566 1760 1628 τῆς
1792 1557 1991 1634 ὀγδόης

326 1651 415 1704 καὶ
501 1656 938 1722 τεσσαρακοστῆς
1026 1645 1400 1722 Ὀλυμπιάδος
1484 1647 1988 1723 προφητεύσαντες,

329 1732 690 1813 πρεσϐύτεροι
749 1737 880 1791 εἶναι
918 1737 1257 1812 Πυθαγόρου,
1309 1741 1407 1790 τοῦ
1437 1738 1574 1791 κατὰ
1600 1738 1700 1805 τὴν
1734 1733 1983 1801 δευτέραν

327 1828 418 1884 καὶ
491 1826 786 1900 ἑξηκοστὴν
865 1823 1216 1898 Ὀλυμπιάδα
1291 1827 1593 1901 φερομένου
1627 1845 1640 1858 ’
1727 1825 1816 1880 καὶ
1887 1830 1986 1880 τοῦ

327 1911 704 1992 πρεσϐυτάτου
752 1919 860 1969 τῶν
909 1917 1038 1989 παρ’
1094 1912 1338 1985 Ἕλλησι
1395 1919 1575 1992 σοφῶν
1608 1913 1810 1986 Θαλοῦ,
1860 1915 1980 1988 περὶ

327 2011 428 2074 τήν
483 2004 858 2072 πεντηκοστὴν
921 2001 1273 2076 Ὀλυμπιάδα
1328 2005 1647 2078 γενομένου,
1709 2003 1985 2080 Συνεχρό-

325 2115 474 2149 νισαν
539 2090 596 2147 δὲ
654 2093 705 2146 οἱ
766 2090 1248 2166 συγκαταλεγέντες
1310 2092 1470 2170 σοφοὶ
1526 2096 1605 2158 τῷ
1664 2090 1850 2160 Θαλεῖ,
1909 2091 1985 2154 ὥς

323 2205 485 2262 φησιν
543 2179 792 2257 ’Ἄνδρων
851 2181 901 2234 ἐν
959 2185 1040 2253 τῷ
1099 2178 1372 2254 Τρίποδι.
1425 2180 1777 2254 Ἡράκλειτος
1838 2181 1982 2257 γὰρ,

328 2272 777 2348 μεταγενέστερος
839 2267 911 2324 ὢν
976 2269 1316 2344 Πυθαγόρου,
1379 2269 1647 2342 μέμνηται
1709 2270 1872 2326 αὐτοῦ
1929 2269 1984 2326 ἐν

326 2368 407 2434 τῷ
467 2362 899 2436 συγγράμματι.
976 2362 1136 2422 ’Ὀθεν
1213 2357 1630 2436 ἀναμφιλέκτως
1704 2368 1804 2430 τῆς
1877 2366 1982 2415 τῶν

331 2448 748 2527 προειρημένων
803 2453 1100 2525 προφητῶν
1154 2447 1402 2517 ἡλικίας,
1457 2447 1547 2502 σὺν
1580 2449 1818 2512 καὶτοῖς
1853 2449 1987 2504 ἑπτὰ

331 2539 656 2616 λεγομένοις
688 2543 898 2615 σοφοῖς,
929 2539 1326 2613 προγενεστέρα
1355 2538 1414 2590 ἄν
1467 2536 1547 2607 εἷή
1604 2540 1640 2608 ἡ
1674 2538 1984 2612 Ὀλυμπιὰς

327 2633 362 2700 ἡ
395 2631 606 2706 πρώτῃ,
636 2627 673 2697 ἢ
731 2631 821 2682 καὶ
875 2627 1065 2701 ὑστέρα
1095 2631 1203 2681 τῶν
1257 2625 1508 2682 Ἰλιακῶν
1548 2624 1816 2682 δείκνυται
1847 2625 1986 2683 ἔτεσι

323 2718 692 2794 τετρακοσίοις
749 2717 883 2770 ἑπτά
918 2761 930 2774 .
997 2713 1212 2786 Ῥᾴδιον
1269 2717 1447 2770 τοίνυν
1508 2714 1743 2770 συνιδεῖν
1810 2716 1984 2772 Σολο-

339 2813 546 2882 μῶντα,
600 2808 691 2860 τὸν
748 2806 886 2859 κατὰ
943 2803 1212 2860 Μενέλαον
1245 2804 1534 2879 γενόμενον
1565 2807 1616 2878 (6
1647 2802 1705 2859 δὲ
1729 2805 1866 2860 κατὰ
1920 2806 1988 2882 τά

345 2881 349 2882 7
1974 2881 1988 2900 ’

337 2895 548 2954 Ἰλιακᾶ
599 2896 713 2967 ἦν),
765 2892 1002 2957 πολλοῖς
1071 2891 1211 2948 ἔτεσι
1271 2889 1634 2968 πρεσϐύτερον
1692 2898 1799 2948 τῶν
1859 2913 1967 2968 παρ

337 2984 572 3054 Ἕλλησι
629 2987 828 3060 σοφῶν.
879 2983 1094 3041 Τούτου
1142 2981 1187 3037 δ’
1223 2984 1286 3038 αὗ
1319 2984 1542 3046 ὁπόσοις
1573 2982 1710 3038 ἔτεσι
1746 2987 1987 3053 Μωυσῆς

2100 433 2276 488 quem
2300 417 2592 488 Physcon,
2608 414 2780 472 annis
2801 413 3004 487 viginti
3023 428 3233 470 novem
3259 413 3506 480 ;deinde
3529 414 3748 470 Lathu-

2098 523 2220 571 rus,
2243 508 2416 561 annis
2441 509 2681 580 triginta
2704 524 2806 562 sex
2829 525 2842 572 ;
2874 506 3090 560 deinde
3115 505 3214 576 qui
3235 505 3345 559 fuit
3361 498 3743 577 cognomina-

2099 600 2192 650 tus
2221 597 2556 667 Dionysius,
2603 597 2775 652 annis
2806 595 3007 668 viginti
3041 611 3252 649 novem
3279 612 3292 659 ;
3327 601 3627 665 postrema
3652 611 3748 649 re-

2097 685 2295 756 gnavit
2323 685 2631 757 CleOpatra
2660 685 2863 758 viginti
2897 683 3130 739 duobus
3171 684 3344 738 annis
3396 685 3536 738 Post
3565 701 3744 754 quam

2098 773 2208 828 fuit
2235 790 2483 847 regnum
2502 775 2913 847 Cappadocum
2941 772 3268 828 octodecim
3293 773 3544 828 dierum.
3574 774 3749 827 Fiunt

2099 879 2234 934 ergo
2270 864 2448 918 simul
2480 867 2797 936 conjuncta
2818 862 3205 918 Macedonum
3230 868 3499 934 tempora
3521 879 3747 936 regum,

2098 961 2237 1016 anni
2255 963 2500 1016 trecenti
2521 963 2856 1026 duodecim,
2873 962 2998 1017 dies
3017 962 3362 1017 octodecim.
3382 965 3638 1034 Apparet
3654 976 3750 1016 ero

2097 1066 2188 1122 go,
2215 1067 2334 1110 eos.
2365 1053 2464 1123 qui
2501 1059 2761 1124 tempore
2787 1053 2965 1114 Darii.
3002 1052 3307 1124 Hystaspis
3332 1051 3461 1114 filii,
3491 1051 3751 1106 secundo

2098 1156 2253 1194 anno
2289 1143 2416 1212 ejus
2448 1158 2589 1213 regn
2630 1142 3077 1214 prophetavere.
3111 1157 3327 1213 nempe
3377 1145 3654 1213 Aggieum
3688 1146 3747 1194 et

2097 1239 2460 1305 Zachariam,
2491 1247 2547 1295 et
2581 1241 2892 1312 Angelum,
2928 1241 3027 1311 qui
3059 1241 3257 1295 fuitex
3280 1239 3592 1294 duodecim
3615 1257 3751 1312 pro-

2097 1329 2291 1400 phetis
2323 1347 2500 1396 unus,
2553 1347 2689 1385 cum
2734 1331 2794 1385 in
2838 1331 3031 1402 primo
3074 1345 3231 1384 anno
3284 1327 3750 1400 quadragesima

2098 1423 2314 1472 octavaa
2345 1419 2710 1491 Olympiadis
2758 1418 3196 1491 prophetarint,
3249 1435 3379 1472 esse
3425 1417 3755 1491 Pythagora

2097 1507 2488 1577 antiquiores,
2523 1508 2625 1577 qui
2665 1508 2853 1562 fertur
2877 1508 3060 1562 fuisse
3089 1507 3457 1579 sexagesima
3491 1507 3754 1562 secunda

2095 1603 2481 1675 Olympiade;
2515 1610 2574 1658 et
2600 1605 2860 1674 Thalete,
2887 1605 2986 1675 qui
3013 1622 3082 1659 ex
3105 1606 3439 1659 Graecorum
3468 1605 3716 1676 sapienti
3735 1635 3749 1643 -

2021 1692 2067 1756 Β
2097 1692 2209 1747 bus
2239 1693 2351 1747 fuit
2378 1693 2857 1763 antiquissimus,
2881 1695 2980 1764 qui
3012 1693 3124 1748 fuit
3146 1694 3302 1749 circa
3325 1693 3752 1764 quinquagesi-

2096 1795 2255 1835 mam
2287 1781 2718 1854 Olympiadem.
2751 1783 2858 1847 Qui
2881 1789 3080 1837 autem
3105 1799 3239 1837 cum
3260 1782 3500 1837 Thalete
3523 1799 3749 1837 connu—

2097 1871 2309 1926 merati
2343 1877 2481 1926 sunt
2511 1871 2829 1942 sapientes,
2863 1871 3104 1925 fuerunt
3135 1870 3340 1925 eodem
3374 1875 3661 1940 tempore,
3688 1874 3751 1923 ut

2097 1960 2181 2015 ait
2210 1959 2454 2014 Andron
2486 1960 2549 2014 in
2583 1961 2834 2030 Tripode.
2871 1959 3200 2015 Heraclitus
3223 1960 3406 2021 enim,
3437 1976 3571 2014 cum
3595 1964 3752 2014 esset

2097 2049 2429 2120 Pythagora
2458 2049 2770 2120 posterior,
2801 2050 2930 2120 ejus
2964 2049 3025 2103 in
3051 2049 3172 2104 suis
3197 2048 3431 2120 scriptis
3452 2048 3746 2103 meminit.

2099 2147 2262 2203 Unde
2289 2148 2436 2202 citra
2466 2147 2949 2215 controversiam,
2983 2152 3154 2203 aetate
3186 2164 3412 2214 eorum,
3447 2147 3547 2218 qui
3583 2143 3749 2218 prius

2097 2235 2238 2292 dicti
2272 2240 2432 2304 sunt,
2465 2236 2913 2307 prophetarum,
2947 2236 3124 2290 simul
3156 2254 3291 2291 cum
3319 2236 3390 2290 iis
3412 2237 3612 2302 etiam,
3646 2235 3747 2306 qui

2098 2331 2324 2396 septem
2347 2325 2626 2380 dicuntur
2649 2325 2967 2396 sapientes,
2991 2325 3294 2396 antiquior
3314 2324 3536 2379 fueruit
3555 2323 3748 2395 prima

2097 2424 2421 2495 Olympias,
2445 2439 2577 2493 quaa
2601 2424 2778 2478 etiam
2793 2422 3528 2478 ostenditurfuisselliacis
3550 2427 3750 2493 poste-

2096 2513 2236 2578 rior,
2297 2511 2747 2583 quadringentis
2807 2517 3033 2582 septem
3094 2512 3287 2566 annis.
3361 2510 3554 2566 Facile
3611 2526 3746 2582 ergo

2097 2606 2293 2672 potest
2321 2601 2600 2670 perspici,
2631 2599 3048 2665 Salomomem,
3081 2602 3180 2671 qui
3205 2601 3315 2655 fuit
3342 2607 3605 2670 tempore
3627 2601 3742 2653 Me-

2099 2689 2256 2744 nelai
2290 2690 2362 2758 (is
2393 2696 2591 2743 autem
2636 2688 2749 2743 fuit
2787 2690 3154 2760 temporibus
3197 2690 3511 2761 Trojanis),
3563 2689 3746 2744 fuisse

2100 2780 2434 2833 Graacorum
2462 2777 2830 2848 sapientibus
2870 2778 3078 2832 multis
3106 2779 3278 2834 annis
3324 2779 3742 2849 antiquiorem.

2097 2877 2178 2930 Eo
2209 2881 2407 2930 autem
2437 2892 2642 2930 rursus
2669 2882 2812 2946 quot
2830 2877 2904 2930 sit
2926 2877 3102 2932 annis
3121 2878 3282 2948 prior
3294 2879 3540 2949 Moyses,
3566 2877 3624 2930 in
3649 2876 3744 2939 iis,

2100 2981 2231 3035 quas
2271 2969 2407 3018 ante
2437 2963 2595 3019 dicta
2622 2971 2778 3030 sunt,
2812 2981 2847 3020 a
2878 2965 3053 3020 nobis
3080 2965 3445 3022 declaratum
3479 2969 3585 3020 est.
3605 2964 3746 3020 Ale-

329 3051 603 3150 προτερεῖ,
663 3051 719 3127 ἐν.
763 3078 879 3134 τοῖς
925 3067 1229 3148 ἔμπροσθεν
1262 3075 1398 3146 ἡμῖν
1435 3071 1764 3143 δεδήλωται.
1826 3051 1984 3128 Ἀλέ-

2100 3051 2325 3108 xander
2373 3059 2594 3118 autem,
2629 3053 2729 3124 qui
2775 3054 3112 3125 Polyhistor
3152 3061 3241 3110 est
3269 3055 3744 3129 cognominatus,

333 3160 556 3236 ξανδρος
615 3159 672 3216 δὲ
731 3162 758 3216 6
819 3161 1141 3236 ΙΙολυῒστωρ
1202 3160 1563 3233 έπικληθεῖς,
1627 3161 1677 3216 ἐν
1732 3166 1810 3233 τῷ
1865 3162 1988 3236 περὶ

331 3250 608 3311 Ἰουδαίων
693 3253 1074 3326 συγγράμματι
1160 3250 1452 3326 ἀνέγραψέν
1533 3273 1682 3314 τινας
1759 3251 1989 3307 ἐπιστο-

330 3342 430 3404 λὰς
489 3345 627 3414 (78),
689 3339 1055 3412 Σολομῶντος
1117 3343 1214 3412 μὶν
1273 3340 1411 3412 πρός
1467 3362 1526 3396 τε
1580 3341 1835 3415 Οὑάφρην
1895 3343 1986 3396 τὸν

329 3431 608 3507 Αἷγῦπτου
670 3428 916 3502 βασιλέα,
977 3429 1114 3504 πρός
1166 3451 1224 3485 τε
1277 3432 1369 3484 τὸν
1430 3431 1700 3502 Φοινίκης
1747 3432 1987 3506 Τυρίων,

327 3521 423 3584 τάς
479 3540 537 3574 τε
597 3517 771 3572 αὐτῶν
832 3521 968 3591 πρός
1029 3519 1390 3590 Σολομῶντα·
1453 3521 1571 3583 καθ’
1630 3517 1661 3573 ἃ
1719 3518 1987 3574 δείκνυται

330 3610 358 3664 6
421 3609 516 3682 μὲν
574 3605 832 3684 Οὐάφρης
893 3606 1035 3661 ὀκτὼ
1092 3606 1357 3681 μυριάδας
1417 3607 1627 3684 ἀνδρῶν
1678 3609 1990 3685 Αἰγυπτίων

328 3696 718 3753 ἀπεσταλκέναι
775 3695 920 3767 αὑτῷ
977 3695 1053 3758 εἷς
1109 3695 1414 3770 οἰκοδομὴν
1471 3703 1568 3752 τοῦ
1625 3700 1746 3753 νεώ·
1807 3701 1987 3771 ἅτερες

332 3786 390 3844 δὶ
444 3789 538 3848 τὰς
587 3783 710 3846 ’ίσας
763 3784 858 3838 σὺν
917 3784 1264 3860 ἀρχιτέκτονι
1334 3787 1522 3861 Τυρίῳ
1555 3831 1568 3854 ,
1642 3787 1702 3842 ἔκ
1780 3789 1986 3862 μητρὸς

331 3875 641 3943 Ἰουδαίας,
703 3875 762 3929 ἐκ
835 3876 935 3940 τῆς
1013 3872 1193 3951 φυλῆς
1270 3871 1436 3928 Δαϐὶδ
1508 3880 1669 3948 (79),
1724 3877 1798 3937 ὡς
1877 3877 1990 3932 ἐκεῖ

328 3965 648 4042 γέγραπται,
678 3962 913 4037 Ὑπέρων
961 3960 1205 4035 τοῦνομα
1233 3967 1366 4035 (80),
1428 3965 1529 4018 Ναὶ
1591 3965 1700 4037 μὴν
1752 3967 1980 4039 Ὀνομά,

399 4092 461 4155 ιχ‹
491 4085 552 4138 Ρ.
589 4084 690 4137 397
723 4083 832 4136 ED.
871 4083 1162 4149 POTTER,
1197 4083 1429 4136 332-333
1462 4083 1574 4136 ΕΙ).
1609 4083 1837 4139 PARIS.

403 4202 513 4270 (76)
567 4199 697 4264 Ἐτη
757 4194 907 4249 ἐννέα
944 4195 1044 4270 ,καὶ
1107 4197 1301 4250 εἱκοσι.
1356 4197 1684 4263 Eusebius,
1741 4194 1833 4266 ἔτη
1900 4199 1982 4268 ιζ’,

333 4278 506 4345 μῆνας
538 4270 601 4345 ςξ,
634 4270 797 4323 Idem
830 4269 1149 4345 Ptolemaao
1184 4271 1498 4345 Evergetae.
1551 4285 1727 4338 quem
1769 4287 1801 4324 a
1831 4271 1984 4345 Phy-

332 4341 510 4402 scone
549 4343 845 4412 diversum
879 4341 1035 4412 facit.
1066 4357 1256 4395 annos
1289 4341 1490 4412 viginti
1525 4357 1734 4395 novem
1756 4341 1979 4396 tribuit.

404 4419 514 4486 (77}
545 4411 731 4468 Ἐννέα
761 4407 1076 4486 {ml-“51mm:
1112 4412 1204 4466 Sic
1244 4407 1423 4486 Elia-",1
1473 4412 1729 4483 quedam
1760 4413 1981 4486 inloco

330 4483 619 4544 Eusebius
643 4503 656 4539 :
683 4484 786 4539 sed
809 4483 956 4539 alias
972 4483 1109 4538 huic
1132 4484 1252 4554 regi
1281 4485 1521 4555 triginta
1538 4501 1727 4538 annos
1755 4485 1980 4540 tribuit.

400 4562 514 4628 (78)
571 4555 914 4626 Ἐπιστογάς.
993 4555 1326 4628 Salomonis
1402 4561 1459 4609 et
1535 4557 1775 4628 Hirami
1827 4558 1982 4628 Tyrii

331 4627 610 4698 epistolas
631 4631 963 4682 memorant
988 4627 1304 4681 Menander
1321 4628 1608 4697 Ephesnus
1625 4627 1783 4698 apud
1799 4627 1980 4682 Theo-

333 4698 561 4775 philum
588 4698 1144 4775 Antiochenum_,Ad
1166 4699 1500 4775 Autolycum
1521 4699 1620 4775 lib.
1657 4716 1733 4762 ιιι,
1765 4717 1820 4775 p.
1859 4703 1981 4775 illi,

338 4770 435 4828 i32
467 4773 606 4827 edit.
638 4771 802 4825 Paris
835 4813 847 4836 ,
908 4777 968 4824 et
1013 4770 1302 4838 Iosephus
1361 4772 1702 4838 Antiquitat.
1761 4772 1979 4827 Judaic.

331 4847 432 4901 lib.
468 4861 586 4909 Vl'l,
618 4860 746 4913 cap.
780 4845 832 4905 2,
867 4841 965 4894 ubi
999 4842 1199 4896 refert.
1251 4841 1410 4913 ipsas
1443 4841 1724 4910 epistolas
1757 4841 1817 4894 in
1849 4844 1981 4913 Tyri

329 4917 585 4974 archivis
603 4912 708 4968 suo
725 4921 988 4983 tempore
1003 4919 1331 4966 asservatas
1346 4912 1546 4966 fuisse.
1565 4913 1725 4966 ldem
1741 4912 1981 4968 eosdem

328 5006 496 5061 reges
531 4987 850 5061 aenigmata
881 4984 990 5061 sibi
1023 4983 1545 5061 invicemniiSisse
1566 5000 1641 5061 ex
1674 4983 1761 5038 Dii
1793 4986 1948 5061 H_isto

330 5054 424 5116 νὶἇ
477 5054 757 5114 Phoenicia
812 5055 987 5110 refert
1051 5054 1133 5108 lib
1194 5072 1207 5107 ι
1267 5055 1396 5108 Adv.
1462 5057 1748 5124 Apionem.
1834 5057 1980 5125 Ipsm

332 5131 599 5203 epistolae
631 5129 976 5203 etiamnum‘
993 5131 1229 5203 exstant
1253 5125 1410 5195 apud
1442 5127 1761 5181 Eusebium
1793 5128 1975 5196 Prwp.

329 5199 595 5271 Evangel.
631 5200 732 5254 lib.
763 5215 841 5263 ιχ,
875 5215 924 5271 c_.
955 5199 1016 5251 31
1053 5203 1264 5271 εἰλερᾳ.

402 5262 513 5342 Πθδ
572 5271 667 5327 Ἐκ
694 5275 794 5337 τῆς
822 5262 1242 5344 φυλῇςᾼαϐίδί
1282 5269 1374 5323 Sic
1426 5269 1604 5344 etiam
1654 5267 1810 5340 apud
1863 5270 1975 5344 Eu-

331 5337 562 5402 sebium
620 5337 872 5415 legitur;
917 5339 1501 5415 Scribendum_erat_,
1563 5338 1622 5415 ἐκ
1667 5337 1766 5406 τῖς
1798 5337 1976 5415 φυλῆς

329 5416 455 5478 Δάν,
497 5437 516 5463 ι
553 5433 622 5470 ex
654 5411 812 5469 tribu
845 5413 988 5466 Dan.
1031 5435 1048 5458 -
1088 5411 1365 5482 Respexit
1393 5412 1551 5466 enim
1587 5411 1976 5482 harum'iepi-

329 5490 614 5544 stolarum
637 5492 844 5541 auctor
873 5484 921 5536 ll
952 5483 1204 5552 Paralip.
1241 5499 1298 5546 ιι,
1336 5484 1399 5536 l3
1430 5504 1439 5535 ;
1467 5506 1494 5532 ‹‹
1519 5484 1638 5537 Misi
1663 5483 1766 5536 tibi
1791 5481 1976 5535 virum

371 5559 682 5614 rudentem
715 5564 774 5612 et
811 5554 1346 5610 scientissimum...
1382 5554 1572 5608 ﬁlium
1606 5553 1874 5609 mulieris
1904 5553 1975 5608 de

329 5578 567 5685 ﬁliabus
598 5630 760 5685 Dan:
795 5627 964 5685 cuius
997 5631 1162 5685 pater
1188 5625 1301 5681 fuit
1328 5626 1554 5685 Tyrius.
1590 5648 1618 5675 υ

354 5651 371 5687 ι

378 5631 567 5688 liabus
598 5630 760 5696 Dan;
795 5627 964 5699 cujus
996 5631 1162 5698 pater
1188 5625 1301 5681 fuit
1328 5626 1554 5694 Tyrius.
1590 5648 1618 5675 »

2102 3151 2162 3206 in
2205 3168 2310 3205 suo
2332 3167 2509 3222 opere
2538 3150 2609 3205 de
2639 3150 2879 3216 Iudaeis,
2909 3153 3142 3223 aliquas
3191 3153 3506 3224 descripsit
3527 3153 3749 3224 episto-

2099 3240 2208 3304 las,
2245 3240 2579 3296 Salomonis
2595 3239 2859 3310 quidem,
2877 3247 2935 3295 et
2951 3242 3023 3297 ad
3047 3243 3335 3314 Vaphrem
3370 3261 3563 3316 regem
3587 3245 3750 3315 Egy-

2104 3329 2210 3401 pti,
2247 3335 2304 3384 et
2319 3329 2393 3383 ad
2416 3345 2614 3401 regem
2638 3329 2953 3385 thniciaa
2985 3331 3314 3400 Tyriorum,
3353 3338 3410 3386 et
3437 3347 3643 3387 eorum
3677 3331 3752 3386 ad

2107 3416 2507 3483 Salomonem,
2532 3417 2593 3470 in
2607 3416 2824 3486 quibus
2842 3417 3173 3471 ostenditur
3199 3417 3440 3487 quidem
3461 3419 3749 3489 Vaphrem

2100 3507 2399 3578 octoginta
2431 3506 2618 3560 millia
2639 3506 2893 3560 virorum
2919 3507 3322 3578 {Egyptiorum
3349 3507 3399 3562 ei
3421 3507 3657 3561 misisse
3675 3506 3748 3561 ad

2101 3603 2305 3674 templi
2330 3603 2787 3658 aediﬁcationem
2813 3620 2826 3668 ;
2851 3601 3105 3658 alterum
3127 3608 3326 3658 autem
3350 3601 3594 3658 totidem
3613 3619 3747 3656 cum

2099 3694 2422 3748 architecto
2439 3694 2629 3764 Tyrio,
2655 3709 2723 3747 ex
2740 3699 2929 3748 matre
2960 3693 3181 3760 Iudaea,
3206 3710 3276 3748 ex
3293 3694 3447 3748 tribu
3465 3693 3668 3752 David.
3684 3697 3752 3747 ut

2096 3783 2287 3855 .x‘illic
2303 3783 2589 3854 scriptum
2605 3788 2715 3843 est.
2735 3783 2829 3837 cui
2850 3799 3071 3838 nomen
3093 3784 3389 3855 Hyperon.
3409 3783 3748 3848 Quinetiam

2099 3880 2510 3952 Onomacritus
2537 3880 2941 3948 Atheniensis,
2966 3881 3135 3953 cujus
3159 3881 3439 3936 dicuntur
3460 3897 3590 3935 esse
3611 3895 3752 3952 poe-

2099 3975 2260 4025 mata
2287 3986 2419 4040 quaa
2451 3969 2683 4041 Orpheo
2723 3969 3122 4038 ascribuntur,
3156 3976 3420 4043 tempore
3451 3969 3753 4042 principa-

2171 4202 2276 4274 180)
2323 4199 2561 4274 Ὑπέρων
2607 4196 2869 4270 τοῦνομα,
2927 4203 3298 4258 Architectus
3356 4203 3452 4258 hic
3521 4201 3743 4266 Hiram,

2095 4273 2185 4346 vel
2221 4271 2462 4346 Huram,
2495 4271 2688 4327 dictus
2725 4275 2932 4346 est,illl
2967 4277 3100 4346 lteg.
3135 4292 3225 4330 vn.
3264 4277 3325 4329 13
3353 4281 3411 4329 et
3440 4277 3525 4328 40.
3582 4273 3746 4346 Unde

2094 4345 2274 4417 igitur
2297 4343 2544 4417 Ὕπὲρων
2583 4361 2802 4417 nomen
2830 4345 2858 4417 ‘2
2899 4343 3125 4400 scilicet
3153 4363 3222 4401 ex
3255 4345 3520 4417 epistolaa
3551 4344 3744 4400 verbis

2016 4426 2062 4489 Ι)
2094 4415 2401 4542 perperam
2437 4415 2671 4486 scriptis
2703 4423 2804 4470 aut
2840 4416 3025 4471 lectis.
3070 4420 3149 4472 Ea
3190 4415 3325 4472 vero
3368 4417 3525 4488 apud
3565 4419 3750 4472 Euse-

2138 4487 2258 4541 ium
2319 4487 2401 4542 sic
2460 4503 2521 4540 se
2581 4487 2842 4541 habent:
2903 4486 3242 4542 Ἀπέσταλκά
3273 4508 3356 4540 σοι
3413 4487 3623 4542 Τυοίωι
3656 4488 3745 4541 καὶ

2138 4487 2258 4562 iuni
2319 4487 2401 4542 sic
2436 4503 2521 4562 _se
2581 4487 2842 4562 habent:
2903 4486 3242 4562 Ἀπέσταλκά
3273 4508 3356 4540 σοι
3410 4486 3745 4562 Τυρίωυᾼκαὶ

2096 4557 2384 4634 Φοινίκων..
2426 4555 2906 4634 ρκτακισμυριίους,
2965 4560 3052 4634 καὶ
3103 4555 3589 4634 ἀρχιτεκτονάςσοι
3618 4559 3748 4614 ἀπέ-

2095 4628 2638 4702 σταλκα-ἄνθρωπον
2699 4628 2939 4702 Τνξριον,
2980 4629 3039 4684 ἐκ
3093 4628 3302 4702 μητρὸς
3349 4628 3638 4692 Ἰουδαίας,
3688 4631 3748 4685 ἐκ

2091 4707 2189 4778 τῇς
2247 4699 2424 4778 φυλῆς
2455 4695 2569 4778 ξτῆς
2609 4695 2800 4778 ῥαϐίιδλ
2859 4701 2991 4778 ὑπὲρ
3043 4695 3114 4756 ὧν
3159 4695 3225 4756 -ἃν
3268 4702 3428 4778 αιξτὸν
3462 4702 3745 4778 ἐρωτήσῃς

2089 4777 2198 4850 τῶν
2258 4771 2364 4827 tua
2420 4771 2512 4850 τὸν
2568 4772 2794 4850 οὐρανὸν
2836 4771 3080 4850 ’πάντων
3139 4780 3253 4829 κατ’
3310 4771 3743 4850 ἀρχιτεκτονίαν,

2095 4843 2430 4920 ὑφηγήσεταί
2455 4863 2562 4909 σοι,
2594 4843 2680 4898 καὶ
2713 4845 2951 4920 ποιήσει.
3017 4871 3044 4898 ‹‹
3092 4849 3217 4902 Misi
3278 4843 3744 4920 tibinTyriorum

2093 4918 2151 4971 et
2182 4918 2526 4973 Phwnicum
2560 4924 2691 4972 octo
2721 4918 3018 4988 myriadas
3065 4926 3123 4972 et
3173 4918 3562 4975 architectum
3609 4921 3742 4977 misi

2093 4989 2196 5042 tibi
2232 4989 2534 5043 hominem
2557 4990 2815 5059 Tyrium,
2850 5005 2919 5043 ex
2940 4990 3140 5046 Judaea
3171 4999 3358 5046 matre
3389 5008 3419 5046 e
3451 4992 3606 5046 tribu
3639 4993 3743 5046 Da-

2091 5061 2203 5133 vid.
2226 5063 2750 5133 Quaecunqueicum
2776 5062 3232 5132 interrogaveris
3253 5080 3454 5117 eorum
3483 5080 3612 5133 qum
3636 5064 3744 5116 sub

2089 5131 2240 5205 caelo
2268 5138 2426 5205 sunt,
2459 5137 2518 5185 et
2546 5132 2618 5185 ad
2650 5133 3171 5205 architectonicam
3197 5131 3616 5205 spectant—ille
3640 5134 3745 5187 tibi

2091 5203 2424 5294 explicabit.
2461 5208 2520 5257 et
2548 5206 2757 5294 eti'ecta
2777 5203 2942 5294 dabit
2967 5229 3023 5294 "1»
3055 5203 3327 5294 Olemeqs
3356 5207 3566 5294 legisse
3589 5205 3744 5292 vide-

2091 5268 2204 5339 tur,
2255 5271 2315 5347 ἐκ
2355 5280 2456 5341 τῆς
2503 5271 2680 5347 φυλῆς
2725 5268 3226 5347 ΔαϐίδηὙπέρων,
3277 5273 3336 5329 ἂν
3372 5268 3490 5330 αὖτ.
3527 5292 3631 5347 pro
3687 5274 3746 5327 ἐκ

2091 5291 2204 5339 tur,
2255 5291 2315 5326 εκ
2355 5293 2456 5341 της
2545 5293 2680 5341 υΑτ,ς
2726 5291 2915 5338 Animo,
2991 5291 3226 5347 ι’περων,
3277 5291 3336 5329 αν
3372 5291 3490 5330 αυτ.
3527 5292 3631 5344 pro
3687 5291 3745 5327 εκ

2085 5350 2186 5411 τῆς
2215 5343 2395 5418 φυλῆς
2426 5291 2615 5399 Δαὲίδ·
2652 5345 2782 5416 ὑπὲρ
2824 5342 2900 5398 ὧν
2932 5341 2990 5397 ἂν
3026 5345 3168 5415 αυτ,
3202 5348 3457 5418 indeque
3486 5343 3745 5418 rnépmva

2086 5416 2392 5497 proprium
2421 5434 2550 5472 esse
2568 5418 2891 5497 architecti
2927 5433 3145 5497 nomen
3182 5416 3419 5497 putavit.
3475 5416 3740 5497 Quodhin

2086 5487 2390 5543 codicibus
2423 5489 2705 5544 continuo
2755 5490 2937 5542 ductu
2976 5489 3199 5559 absque
3229 5489 3352 5542 ulla
3381 5503 3584 5559 vocum
3621 5487 3737 5539 dis-

2088 5559 2370 5615 tinctione
2403 5561 2657 5616 exaralis
2695 5559 2952 5625 facilius,
2999 5558 3178 5630 quam
3232 5560 3291 5613 in
3345 5558 3560 5614 uostris
3612 5559 3740 5614 ﬁeri

2085 5631 2297 5704 potuit.
