4044 6154
328 250 438 305 869

1684 245 2137 304 ΒΤΒΟΜΔἸὌΜ
2174 248 2309 302 LIB.
2352 249 2396 304 Ι.

3643 261 3751 316 870

330 373 577 446 νομὲνων
635 370 695 428 δὶ
744 369 1054 447 ἀνθρωπίνῃ
1094 369 1222 445 δόξῃ
1278 373 1440 444 θεῶν,
1489 372 1702 445 Ἑρμῆς
1728 391 1788 425 τε
1815 372 1845 426 6
1875 375 1989 439 Θη-

2127 372 2189 429 lii
2204 372 2463 443 fuerunt,
2484 376 2729 431 Hermes
2743 376 3077 446 Thebanus,
3103 384 3161 434 et
3178 381 3549 453 Esculapius
3571 385 3757 440 Mem-

334 457 492 525 ϐαἷος
549 461 640 517 καὶ
699 461 1036 532 Ἀσκληπιὸς
1084 461 1113 515 6
1170 461 1486 539 Μεμφίτης·
1512 459 1791 535 Τειρεσίας
1821 480 1881 514 τε
1926 456 1991 513 αὗ

334 554 427 611 καὶ
451 553 650 609 Μαντὼ
679 552 734 608 ἐν
766 547 999 623 Θήϐαις,
1042 553 1116 615 ὥς
1146 573 1311 629 φησιν
1344 548 1646 626 Εῦριπίδης
1695 555 1792 623 (8)
1826 549 1991 608 Ἕλε-

335 664 428 705 νος
459 640 568 714 ἤδη
605 646 681 715 (9)
711 643 801 698 καὶ
836 642 1118 711 Λαοκόων,
1149 642 1238 696 καὶ
1258 641 1500 710 Οἰνώνη,
1532 639 1622 696 καί
1649 647 1858 715 Βρῆνος
1887 642 1994 710 (10)

337 732 390 787 ἄν
423 730 599 804 Ἰλίῳ·
635 733 849 803 Κρῆνος
880 731 985 806 γάρ
1035 730 1111 793 εἷς
1158 735 1271 785 τῶν
1301 726 1676 802 Ἡρακλειδῶν
1727 727 1993 803 ἐπιφανὴς

338 820 556 898 φέρεται
590 819 796 892 μάντις·
829 820 921 874 καὶ
968 826 1163 893 Ἴαμος
1219 816 1390 880 ἄλλος
1448 818 1500 872 ἐν
1545 816 1756 889 Ἢλιδι,
1812 816 1900 873 ἀφ’
1931 815 1994 870 οῦ

340 911 393 966 οἱ
417 906 671 982 Ἰαμίδαι·
706 907 984 972 Πολύϊδός
1019 928 1077 963 τε
1119 907 1171 962 ἐν
1203 909 1416 984 ”Αργει,
1470 907 1523 961 ἐν
1585 906 1878 981 Μεγάροις,
1935 906 1997 959 οὗ

344 994 1009 1075 μμνηταιὴτραγῳδία.
1068 997 1133 1055 Τί
1187 1017 1280 1071 μοι
1334 995 1597 1069 Τήλεμον
1652 994 1995 1068 καταλέγειν,

340 1089 425 1152 ὃς,
485 1084 804 1142 Κυκλώπων
869 1087 1059 1158 μάντις
1118 1080 1216 1154 ὤν,
1271 1084 1600 1162 Πολυφήμῳ
1648 1083 1885 1151 θεσπίζει
1932 1081 2001 1136 τὰ

339 1176 480 1231 κατὰ
505 1173 932 1245 τὴνὈδυσσὲως
982 1173 1223 1244 πλάνην,
1274 1170 1310 1241 ἤ
1366 1173 1458 1228 τὸν
1512 1173 1803 1246 Ἀθήνῃσιν
1848 1172 1998 1228 Ὀνο-

348 1263 632 1340 μάκριτον·
659 1261 696 1333 ἢ
724 1263 818 1318 τὸν
850 1262 1215 1340 Ἀμφιάρεων,
1248 1262 1338 1317 τὸν
1388 1260 1480 1316 σὺν
1532 1266 1650 1322 τοῖς
1701 1258 1836 1315 ἑπτὰ
1884 1264 2001 1321 τοῖς

343 1352 434 1408 ἐπὶ
464 1347 646 1423 Θήϐας
679 1350 1054 1425 στρατεύσασι,
1118 1355 1218 1423 μ.ιᾷ
1270 1353 1426 1426 γενεᾷ
1471 1356 1571 1418 τῆς
1623 1346 1794 1405 Ἰλίου
1849 1344 2003 1401 ἀλώ-

346 1462 483 1504 σεως
516 1435 883 1516 πρεσϐύτερον
914 1440 1233 1517 φερόμενον·
1294 1440 1329 1510 ἢ
1387 1436 1763 1511 Θεοκλύμενον
1813 1436 1865 1490 ἰν
1894 1441 2000 1492 Κε-

345 1529 646 1608 φαλληνιᾳ·
687 1528 724 1599 ἢ
754 1528 1022 1601 Τελμισὸν
1054 1528 1107 1584 ἐν
1140 1528 1337 1602 Καρίᾳ,
1391 1526 1428 1597 ἤ
1482 1525 1687 1583 Γάλεον
1738 1524 1791 1581 ἐν
1845 1533 2005 1580 Σικε-

348 1622 442 1693 Αίᾳ
470 1644 486 1693 ς
523 1621 641 1680 Εἶεν
666 1618 714 1675 δ’
745 1619 805 1675 ἄν
833 1620 924 1676 καὶ
948 1619 1125 1692 ἕτεροι
1154 1622 1290 1694 πρὸς
1324 1620 1565 1684 τούτοις,
1609 1615 1814 1692 Ἴδμων
1849 1618 1876 1672 6
1907 1616 2001 1671 σὺν

344 1717 465 1774 τοῖς
499 1710 909 1788 Ἀργοναύταις,
944 1710 1217 1784 Φημονόη
1253 1708 1477 1786 Λελφῖς,
1503 1709 1697 1783 Μόψος
1729 1709 1757 1763 6
1788 1705 2002 1763 Ἀπόλ-

348 1799 525 1861 λωνος
554 1799 644 1854 καὶ
678 1801 929 1860 Μαντοῦς
957 1802 1067 1871 (11)
1121 1799 1173 1853 ἐν
1228 1796 1547 1875 Παμφυλίά,
1602 1797 1692 1851 καὶ
1727 1793 2003 1873 Ἀμφίλο-

349 1909 452 1965 χος
483 1887 823 1967 Ἀμφιαράου
855 1886 907 1942 ἐν
942 1885 1190 1960 Κιλικίᾳ,
1240 1887 1527 1960 Ἀλκμέων
1561 1889 1676 1960 (12)
1722 1884 1775 1940 ἐν
1809 1886 1998 1958 Ἀκαρ-

345 1980 523 2047 νάσιν,
552 1977 737 2039 Ἀνίας
783 1976 835 2032 ἐν
887 1976 1073 2050 Δήλῳ,
1135 1972 1523 2052 Ἀρίστανδρός
1573 1994 1634 2029 τε
1688 1975 1717 2029 6
1764 1972 2005 2045 Τελμισ-

347 2066 494 2133 σεὺς,
527 2068 555 2122 6
586 2064 678 2121 σὺν
711 2062 1055 2140 Ἀλεξάνδρῳ
1076 2065 1395 2140 γενόμενος.
1454 2060 1596 2131 νΗδη
1648 2059 1707 2117 δὲ
1755 2061 1847 2116 καὶ
1878 2061 2004 2136 Ὀρ-

350 2157 451 2234 qia
481 2153 803 2229 Φιλόχορος
838 2158 1027 2227 μάντιν
1057 2154 1265 2227 ἱστορεῖ
1292 2146 1539 2228 γενέσθαι
1572 2150 1624 2205 ἐν
1672 2154 1754 2222 τῷ
1801 2151 2006 2226 πρώτῳ

350 2244 481 2321 Περὶ
534 2249 823 2317 μαντικῆς.
899 2243 1227 2314 Θεόπομπος
1308 2237 1387 2307 δὲ,
1452 2240 1540 2294 καὶ
1594 2240 1855 2316 Ἔφορος,
1913 2239 2004 2293 καὶ

349 2337 613 2407 Τίμαιος,
649 2333 981 2409 Ὀρθαγόραν
1030 2334 1152 2386 τινά
1215 2332 1402 2405 μάντιν
1461 2329 1851 2405 ἀναγράφουσι·
1914 2350 2005 2384 κα-

349 2426 518 2498 θάπερ
576 2424 605 2478 ὁ
664 2423 875 2493 Σάμιος
932 2420 1185 2489 Πυθοκλῆ
1255 2420 1308 2474 ἐν
1377 2419 1621 2493 τετάρτῳ
1698 2418 2004 2483 Ἰταλικῶν,

350 2513 511 2569 Γάϊον
544 2509 776 2570 Ἰούλιον
804 2511 1057 2567 Νέπωτα.
1089 2508 1243 2565 Ἀλλ’
1266 2509 1319 2563 οἱ
1353 2508 1472 2576 μὶν,
1505 2532 1533 2559 ‹‹
1555 2506 1787 2561 κλέπται
1812 2506 2003 2569 πάντες

350 2601 439 2657 καὶ
472 2598 717 2670 ληϊοταὶ,
747 2622 776 2650 ››
806 2597 882 2660 ὣς
912 2619 1078 2677 φησιν
1112 2599 1147 2667 ἡ
1192 2598 1379 2673 Γραφή
1408 2600 1536 2669 (13),
1592 2597 1660 2650 τὰ
1687 2595 1919 2651 πλεῖστα
1949 2594 2010 2650 ἐκ

350 2692 782 2768 παρατηρήσεως
811 2688 899 2743 καὶ
933 2688 982 2761 ἐξ
1038 2687 1264 2743 εἰκότων
1322 2687 1733 2762 προειρηκότες,
1768 2685 2006 2759 καθάπερ

357 2781 411 2835 οἱ
443 2781 1015 2856 φυσιογνωμονοῦντες
1073 2776 1250 2852 ἴατροί
1307 2796 1367 2830 τε
1415 2774 1506 2830 καὶ
1570 2775 1808 2847 μάντεις·
1870 2775 1923 2828 οὶ
1953 2771 2011 2828 δὶ

354 2867 447 2923 καὶ
482 2868 584 2922 ὑπὸ
616 2866 890 2940 δαιμόνων
921 2866 1261 2936 κινηθέντες,
1303 2866 1336 2934 ἢ
1387 2864 1619 2933 ὑδάτων,
1677 2864 1768 2919 καὶ
1821 2865 2013 2936 θυμια-

364 2956 568 3028 μάτων,
600 2956 686 3010 καὶ
720 2955 875 3030 ἀὲρος
908 2959 1070 3011 ποιοῦ
1099 2953 1536 3029 ἐκταραχθέντες·
1562 2952 1710 3028 παρὰ
1737 2946 2012 3026 Ἑϐραίοις

361 3043 420 3100 δὲ
451 3046 503 3100 οἱ
534 3045 810 3122 προφῆται
844 3043 1069 3119 δυνάμει
1111 3048 1244 3100 Θεοῦ
1290 3045 1381 3098 καί
1438 3041 1714 3114 ἐπιπνοίᾳ·
1749 3042 1856 3118 πρὸ
1917 3041 2011 3114 μὶν

357 3137 458 3188 τοῦ
488 3133 674 3205 Νόμου
725 3130 899 3206 Ἀδὰμ
955 3132 1208 3207 (14),ἐπί
1267 3152 1325 3187 τε
1361 3138 1462 3201 τῆς
1518 3131 1775 3205 γυναικὸς
1807 3130 1895 3186 ἐπί
1951 3151 2011 3185 τε

350 3227 456 3291 τῆς
489 3219 642 3290 ζώων
692 3219 989 3293 ὀνομασίας
1048 3218 1431 3296 προθεσπίσας·
1491 3217 1581 3273 καὶ
1638 3219 1782 3287 Νῶε,
1848 3218 2011 3291 μετά-

347 3331 496 3366 νοιαν
553 3308 791 3383 κηρύξας
851 3314 981 3382 (15)·
1045 3305 1304 3385 Ἀϐραάμ
1353 3328 1443 3375 τε,
1504 3310 1594 3362 καί
1654 3309 1860 3377 Ἰσαάκ,
1920 3306 2011 3362 καὶ

348 3393 573 3471 Ἰακὼϐ,
605 3396 858 3472 ἄντικρυς
911 3398 1012 3453 οὐκ
1042 3397 1206 3474 ὀλίγα
1233 3402 1342 3453 τῶν
1381 3395 1702 3470 μελλόντων
1755 3396 1847 3451 καὶ
1900 3394 2010 3467 ἢδη

351 3508 489 3557 τειν,
574 3486 771 3543 τούτου
828 3489 1174 3564 ἀποτροπήν·
1230 3494 1530 3561 προτρέπει
1611 3483 1669 3540 δὲ
1725 3483 2013 3540 ούδὲποτε·

428 3608 573 3679 .ι‹ι>.
601 3607 707 3660 400
728 3607 839 3660 Ει).
874 3606 1171 3673 POTTER,
1196 3607 1299 3659 335
1331 3606 1442 3660 EI).
1489 3604 1716 3659 PARIS.
1752 3602 1825 3675 (a)
1864 3604 2032 3659 Joan.

360 3722 584 3778 «Adest
615 3721 761 3776 mihi
792 3720 1257 3793 divinaquadam
1277 3726 1432 3793 sorte
1447 3720 1810 3776 daemonium
1829 3720 2018 3792 quod-

364 3794 521 3851 dam.
557 3809 591 3847 a
620 3794 879 3864 pueritia
912 3810 1003 3848 me
1027 3792 1295 3848 Secutum
1334 3810 1346 3846 :
1383 3792 1492 3846 hoc
1545 3801 1745 3847 autem
1792 3811 1898 3847 vox
1931 3798 2021 3847 est

363 3865 800 3938 quaedam,q_uzn
831 3881 965 3938 cum
990 3865 1073 3928 ﬁt,
1100 3880 1336 3938 semper
1362 3865 1492 3934 ejus
1516 3864 1810 3933 rei.quam
1835 3864 2017 3919 factu-

364 3935 472 3992 rus
498 3952 651 4001 sum,
683 3935 1120 3991 dissuasionem
1152 3935 1366 4002 innuit,
1398 3942 1677 4006 provocat
1706 3951 1839 3990 vero
1864 3951 2018 3991 nun-

410 4024 568 4063 nam.
598 4028 626 4055 ))

366 4026 869 4146 ῳίὲξῃέὶὲῦιπίδης-
905 4078 1218 4150 Respicere
1251 4076 1484 4131 videtur
1529 4076 1828 4148 Euripidis
1858 4078 2018 4133 Phae-

362 4153 494 4207 m‘ss.
530 4167 581 4215 v,
614 4150 739 4217 841,
772 4156 887 4205 etc.

462 4222 513 4290 9)
542 4217 713 4293 Ἤδηἶ
743 4220 863 4273 Ἔτι
897 4220 1150 4293 legimus
1180 4219 1396 4293 aptius.
1431 4220 1707 4293 SgLnunG.

463 4296 546 4361 10)
580 4290 816 4361 υίνώνη,
847 4291 937 4344 καὶ
963 4290 1401 4361 'Bpﬁvochuil.
1452 4291 1775 4361 _Canterus,
1859 4290 2021 4347 Notis

368 4355 453 4419 ad‘
474 4355 939 4436 Lycophronem,
964 4355 1109 4436 legit
1131 4355 1668 4436 OivdivnAKsap'T-‘voc,
1705 4355 2022 4436 scilﬁuyd-

364 4453 493 4507 τηρ·
516 4426 593 4490 ἰιι
623 4426 1152 4507 λροιιοάοὺιιενιὶὶ).
1187 4451 1268 4497 ιιι,
1299 4426 1569 4502 Οἰνώνην,
1602 4433 1701 4507 τήν
1747 4426 2023 4507 Κεϐρῆνος

364 4503 469 4561 τοῦ
498 4503 752 4577 ποταμξοῦ
801 4503 1081 4578 θυγατᾷρα.
1119 4507 1245 4561 Non
1268 4511 1489 4578 tamen
1520 4505 1677 4560 male
1708 4506 1905 4578 Α,ςυὶ
1937 4506 2023 4560 le-

366 4578 626 4652 gendum
647 4575 889 4645 censet,
928 4575 1141 4652 Οἰνώνη
1179 4576 1281 4652 *καὶ
1314 4582 1544 4652 ιςρῆνος·
1597 4576 1851 4652 causalis
1885 4593 2025 4632 sane

368 4648 818 4722 particula,quaa
843 4648 1191 4719 sequitur,ei
1214 4648 1457 4722 leClirOni
1490 4648 1904 4722 quadantenus
1922 4664 2021 4719 pa-

368 4719 721 4777 trocinatur.
754 4722 833 4775 De
854 4722 1040 4788 Jamo,
1066 4726 1124 4775 et
1146 4720 1391 4775 Jamidis
1439 4719 1694 4791 posteris
1713 4719 1870 4791 ejus.
1903 4736 2025 4774 me-

369 4794 548 4848 minit
576 4793 755 4847 etiam
792 4791 1111 4847 Pausanias
1132 4794 1220 4854 94,
1256 4794 1322 4845 10
1352 4796 1411 4846 et
1442 4789 1610 4849 179.1
1646 4808 1660 4856 ;
1695 4789 1767 4844 de
1789 4791 2025 4846 Telemo

369 4865 662 4921 Homerus
694 4863 863 4933 Odyss
931 4864 993 4923 D.
1029 4869 1314 4918 extremo.
1349 4863 1624 4917 SYLBURG.
1680 4892 1725 4902 ες
1755 4861 1918 4916 Conf.
1954 4862 2026 4917 de

368 4938 536 4992 Jamo
570 4938 776 4989 Petrus
814 4934 1104 4989 Victorius
1144 4936 1272 4988 Var.
1300 4934 1421 4988 lcct.
1460 4934 1560 4987 lib.
1589 4948 1713 4988 xm.
1747 4949 1796 4986 c.
1832 4937 1916 4986 15.

448 5008 561 5076 (11)
619 5003 810 5077 Μόψος
858 5005 886 5058 ὁ
956 5001 1309 5077 Ἀπόλλωνος
1367 5003 1458 5077 καὶ
1541 5004 1807 5077 Μαντοῦς.
1868 5005 2023 5077 Flor.

376 5072 759 5147 edit..'M'Siloo';
797 5076 825 5129 6
882 5072 1265 5134 Ἀπόλλωνος.
1298 5075 1386 5127 καὶ
1422 5072 1682 5135 Μαντεύς·
1718 5076 1886 5144 quasi
1954 5076 2026 5130 de

376 5149 853 5220 duobus,Mopso
888 5165 1099 5220 nempe
1148 5156 1207 5203 et
1236 5150 1485 5220 Manteo.
1520 5148 1790 5201 Nostram
1825 5147 2029 5201 lectio-

375 5237 536 5276 nem.
566 5218 764 5292 Μόψος
788 5220 815 5272 6
846 5218 1207 5281 Ἀπόλλωνος
1258 5219 1369 5292 καὶ,
1404 5220 1672 5292 Μαντοῦς.
1727 5234 1859 5272 cum
1911 5219 2030 5274 alia.

375 5299 639 5355 tuentur,
669 5290 795 5347 tum
823 5307 911 5352 ea.
945 5308 1075 5362 quae
1127 5309 1163 5346 a
1211 5290 1411 5347 Natale
1455 5291 1679 5345 Comite
1709 5296 2030 5345 narrantur

374 5364 730 5434 Mythologiz
754 5363 855 5434 lib.
882 5379 952 5429 ιν,
980 5381 1029 5434 p.
1068 5365 1190 5417 5'17.
1227 5364 1497 5434 διίιλιιιιιιιζ

446 5429 562 5505 (12)
619 5429 922 5505 ’λλκμὲων.
971 5429 1361 5505 Scribendum
1422 5429 1759 5505 Ἀλκμαίων·
1786 5449 1925 5505 nam
1985 5451 2030 5505 με

381 5501 792 5577 εἶαιᾼβψρίεὶ·
808 5505 938 5561 soni
958 5504 1413 5559 similitudinem
1441 5509 1579 5558 sunt
1607 5503 1927 5577 admodum
1944 5501 2031 5577 εύ-

381 5571 703 5649 μετάϐολοί.
721 5579 999 5634 Clemens
1015 5579 1387 5649 Acarnanem
1409 5574 1757 5645 vocat,quod
1782 5575 2033 5649 eum_lo-_-

383 5646 519 5705 cum
549 5650 852 5714 habitarit,
886 5663 1065 5719 quem
1121 5648 1223 5718 qui
1276 5652 1483 5719 postea
1517 5648 1858 5701 Acarnanes
1888 5646 2029 5701 dicti

2104 463 2423 534 phitanus;
2457 471 2516 519 et
2544 482 2750 522 rursus
2779 467 3052 532 Tiresias,
3085 473 3146 523 et
3189 471 3381 526 Manto
3412 473 3649 538 Thebis,
3689 480 3756 529 ut

2108 552 2251 608 dicit
2304 555 2636 625 Euripides.
2689 556 2817 611 Jam
2890 556 3174 622 Helenus,
3231 565 3290 614 et
3346 562 3636 631 Laocoon,
3696 568 3757 618 et

2108 651 2368 715 (Enone,
2403 659 2460 707 et
2485 654 2711 709 Brenus
2734 655 2794 709 in
2816 655 2943 709 Ilio.
2968 655 3195 713 Crenus
3217 660 3377 714 enim
3397 677 3550 715 unus
3574 663 3752 716 Hera-

2108 740 2399 796 clidarum
2430 742 2648 798 dicitur
2677 744 2926 816 insignis
2955 750 3137 812 vates,
3172 752 3230 801 et
3257 748 3459 803 Jamus
3506 749 3659 805 alius
3690 750 3752 804 in

2109 830 2295 895 Elide,
2326 847 2360 885 a
2387 848 2505 902 quo
2525 832 2769 887 Jamidae
2794 851 2807 899 ;
2832 839 2892 887 et
2912 834 3190 905 Polyidus
3214 838 3380 909 Argis
3404 843 3462 892 et
3484 839 3755 912 Megaris,

2109 928 2280 997 cujus
2311 928 2586 983 meminit
2615 930 2916 1002 tragoedia.
2949 932 3099 996 Quid
3130 949 3279 1004 opus
3325 939 3415 989 est
3445 952 3756 992 recensere

2108 1015 2432 1077 Telemum,
2465 1017 2526 1079 ἰα
2558 1019 2680 1089 qui,
2704 1035 2838 1074 cum
2870 1025 3027 1075 esset
3047 1026 3208 1077 vates
3238 1022 3577 1095 Cyclopum,
3606 1043 3757 1097 prm-

2112 1104 2260 1159 dixit
2288 1105 2649 1178 Polyphemo
2676 1123 2767 1169 ea.
2801 1125 2931 1179 quae
2964 1109 3023 1163 in
3056 1125 3254 1165 errore
3287 1112 3510 1184 Ulyssis
3541 1126 3761 1170 evene-

2110 1200 2289 1261 runt;
2317 1200 2419 1249 aut
2450 1212 2606 1261 eum,
2658 1196 2759 1267 qui
2793 1202 2921 1252 erat
2967 1198 3237 1266 Athenis,
3290 1201 3755 1272 Onomacritum,

2111 1298 2214 1347 aut
2242 1293 2687 1366 Amphiaraum,
2725 1295 2825 1366 qui
2876 1312 3009 1351 cum
3058 1303 3283 1369 septem
3334 1300 3433 1371 qui
3479 1300 3759 1357 adversus

2110 1381 2337 1437 Thebas
2365 1381 2590 1437 bellum
2621 1388 2931 1455 gesserunt
2967 1385 3157 1440 fertur
3200 1387 3374 1459 Troja
3420 1394 3593 1461 capta
3639 1406 3759 1445 una

2111 1472 2493 1543 generatione
2524 1471 2707 1527 fuisse
2754 1473 2952 1543 prior;
2997 1479 3101 1529 aut
3147 1475 3650 1549 Theoclymenum
3695 1478 3757 1533 in

2112 1569 2515 1642 Cephallenia,
2550 1576 2653 1625 aut
2681 1570 3048 1626 Telmessum
3079 1571 3140 1626 in
3172 1573 3359 1643 Caria,
3383 1581 3486 1630 aut
3513 1576 3759 1633 Galeum

2113 1658 2175 1713 in
2208 1658 2453 1714 Sicilia?
2481 1660 2704 1714 Praater
2732 1659 2841 1714 hos
2881 1665 3081 1715 autem
3129 1660 3353 1717 fuerint
3400 1665 3579 1720 etiam
3630 1666 3757 1733 alii,

2032 1749 2078 1813 Β
2107 1756 2339 1822 Idmon,
2367 1756 2468 1828 qui
2498 1755 2611 1812 fuit
2634 1773 2768 1812 cum
2809 1759 3183 1829 Argonautis,
3233 1760 3576 1817 Phemonoe
3626 1763 3759 1817 Del-

2112 1845 2308 1918 phica,
2341 1847 2576 1917 Mopsus
2606 1845 2900 1917 Apollinis
2931 1846 3091 1902 ﬁlius
3120 1853 3179 1903 et
3207 1849 3473 1905 Manteus
3502 1851 3565 1905 in
3595 1853 3762 1907 Pam-

2114 1934 2338 2007 phylia,
2354 1934 2873 2006 etAmphilochus.
2890 1935 3233 2007 Amphiarai
3251 1937 3429 2004 ﬁlius,
3448 1938 3511 1993 in
3532 1938 3761 2010 Cilicia,

2112 2031 2400 2089 Alcmeon
2417 2031 2574 2104 apud
2593 2034 2956 2102 Acarnanes,
2972 2034 3154 2089 Anias
3176 2033 3237 2089 in
3257 2034 3397 2090 Delo
3416 2035 3766 2093 Aristander

2114 2120 2562 2189 Telmessensis,
2596 2121 2701 2192 qui
2726 2120 2841 2175 fuit
2882 2138 3017 2178 cum
3059 2121 3416 2179 Alexandro.
3458 2124 3587 2180 Jam
3628 2141 3764 2180 vero

2114 2218 2527 2284 Philochorus,
2555 2218 2619 2273 in
2651 2219 2846 2289 prima
2897 2221 2974 2273 De
3018 2218 3378 2287 divinatione,
3427 2221 3610 2276 refert
3655 2223 3765 2278 Or-

2113 2308 2336 2379 pheum
2368 2305 2549 2363 fuisse
2570 2312 2780 2362 vatem.
2809 2307 3221 2379 Theopompus
3240 2314 3460 2372 autem,
3486 2315 3546 2363 et
3565 2310 3763 2381 Epho-

2115 2413 2238 2463 rus,
2261 2402 2320 2450 et
2338 2396 2594 2451 Timaeus
2615 2396 3003 2467 Orthagoram
3025 2397 3346 2466 quemdam
3363 2404 3555 2452 vatem
3578 2398 3761 2454 fuisse

2116 2485 2423 2540 scribunt:
2486 2483 2984 2555 quemadmodum
3043 2486 3359 2556 Pythocles
3413 2486 3645 2543 Samius
3702 2488 3765 2543 in

2117 2580 2327 2644 quarto
2358 2575 2557 2628 lterum
2583 2574 2930 2640 Italicarum,
2961 2574 3167 2629 Caium
3205 2574 3426 2629 Julium
3458 2576 3762 2648 Nepotem.

2119 2671 2230 2726 Sed
2259 2670 2347 2724 illi
2378 2669 2621 2741 quidem
2652 2692 2680 2720 ‹‹
2713 2670 2874 2725 fures
2903 2686 3133 2736 omnes,
3168 2677 3227 2726 et
3242 2671 3527 2739 latrones,
3552 2673 3629 2744 (a)
3652 2694 3681 2723 »
3704 2678 3772 2728 ut

2121 2758 2267 2814 dicit
2293 2758 2616 2829 Scriptura,
2640 2758 2897 2829 plurima
2927 2776 2998 2814 ex
3019 2758 3427 2816 observatione
3449 2766 3509 2815 et
3529 2777 3599 2817 ex
3619 2762 3773 2817 veri-

2122 2846 2419 2902 similibus
2458 2845 2880 2918 praadixerunt,
2917 2847 3070 2902 sicut
3110 2848 3328 2904 medici
3373 2855 3431 2904 et
3454 2855 3634 2919 vates,
3666 2850 3771 2921 qui

2122 2947 2467 3016 conjectant
2496 2962 2566 3000 ex
2595 2945 2800 3017 regula
2839 2950 3067 3002 naturae
3093 2965 3108 3015 ;
3149 2946 3251 3002 alii
3299 2952 3497 3004 autem
3529 2949 3707 3004 etiam
3739 2963 3775 3003 a

2124 3034 2495 3091 daamonibus
2525 3034 2775 3103 incitati,
2806 3035 2898 3090 vel
2929 3052 3038 3107 per
3066 3051 3276 3106 aquas,
3321 3041 3381 3091 et
3426 3038 3684 3106 suffitus,
3717 3043 3778 3093 et

2122 3140 2321 3179 aerem
2338 3124 2540 3195 aliqua
2559 3123 2843 3194 qualitate
2860 3123 3198 3195 praaditum,
3221 3126 3550 3197 perturbati
3576 3143 3591 3194 ;
3616 3126 3773 3198 apud

2125 3222 2402 3278 Hebraeos
2432 3227 2631 3277 autem
2655 3221 2757 3276 Dei
2781 3221 2992 3277 virtute
3017 3228 3075 3277 et
3094 3223 3510 3294 inspiratione,
3534 3230 3673 3280 ante
3691 3225 3780 3281 le-

2122 3328 2253 3385 gem
2285 3312 2528 3383 quidem
2559 3312 2769 3379 Adam,
2800 3312 2901 3383 qui
2933 3317 2992 3365 et
3032 3312 3105 3366 de
3136 3314 3385 3369 muliere
3426 3321 3485 3369 et
3530 3315 3603 3370 de
3652 3316 3782 3372 ani-

2124 3407 2393 3457 mantum
2425 3400 2834 3456 nominatione
2856 3400 3055 3455 futura
3086 3401 3362 3471 praadixit
3386 3422 3401 3469 ;
3427 3408 3485 3457 et
3512 3405 3650 3471 Noe,
3679 3405 3781 3475 qui

2124 3492 2162 3543 1
2179 3492 2274 3547 45
2296 3489 3065 3562 praedicavitpmnitentiam
3089 3506 3104 3557 ;
3127 3496 3186 3544 et
3205 3489 3527 3559 Abraham,
3544 3492 3703 3547 Issac
3725 3498 3784 3546 et

2065 3623 2121 3674 x,
2156 3607 2209 3660 8.

2129 3727 2288 3795 sunt,
2331 3725 2667 3795 tenuerunt.
2720 3724 2865 3795 Nam
2920 3724 3263 3795 Acarnanes
3315 3723 3388 3778 ab
3445 3725 3779 3795 Acarnane,

2127 3793 2484 3849 Alcmaeonis
2516 3793 2661 3854 ﬁlio,
2694 3794 2987 3849 nominati
3020 3801 3178 3861 sunt,
3206 3800 3356 3850 teste
3394 3795 3690 3850 Pausania
3715 3793 3778 3851 in

2126 3865 2438 3937 Arcadius,
2462 3882 2519 3935 p.
2552 3867 2657 3937 492
2688 3864 2828 3937 edit.
2864 3865 3080 3937 Hanov.
3101 3864 3256 3937 _’A_1_t<‘)
3286 3861 3345 3918 δὲ
3372 3868 3468 3937 τοῦ
3525 3864 3783 3937 Ἀκαρνᾷ-

2126 3956 2217 3997 νος
2245 3935 2371 4009 τοῦς
2405 3930 2557 4007 ἐν’τῇ
2590 3934 2805 4009 ἠπείρῳ
2837 3934 3005 4009 ταύτῃ
3036 3935 3124 4009 Δτὸ
3177 3930 3353 4009 ὄνομα
3410 3935 3473 4009 τὸ
3515 3939 3608 3989 νῦν
3634 3930 3783 4009 γενε-

2129 3957 2217 3997 νος
2245 3957 2371 3995 τους
2405 3957 2456 3988 εν
2484 3957 2557 4007 τῃ
2590 3957 2805 4008 ηπειρῳ
2837 3957 3005 4009 ταυτῃ
3061 3957 3124 3989 το
3177 3957 3270 3990 ονο
3321 3957 3353 3989 α
3410 3957 3473 3989 το
3515 3957 3608 3989 νυν
3634 3957 3783 4009 γενε-

2129 4018 2250 4071 σθαι
2282 4004 2507 4079 λὲγουσι
2555 4007 2624 4080 τὰ
2678 4010 2884 4080 προτοῦ
2936 4006 3181 4077 Κούρησι
3216 3957 3599 4079 καῖουμὲνοις·
3634 4030 3662 4058 ‹‹
3696 4008 3783 4065 Ab

2128 4078 2457 4152 Acarnane,
2516 4078 2870 4152 Alcmaeonis
2902 4085 2960 4134 et
2988 4080 3316 4152 Callirhoes
3347 4078 3492 4147 ﬁlio,
3523 4085 3783 4152 gentem,

2131 4169 2263 4222 quae
2277 4151 2441 4206 illam
2459 4150 2820 4205 continentis
2832 4167 2998 4206 oram
3016 4150 3647 4217 tenet,denominatam
3661 4152 3753 4205 exi
3766 4180 3783 4191 -

2130 4224 2397 4283 stimant,
2428 4238 2563 4276 cum
2592 4228 2769 4276 antea
2797 4223 3039 4277 Curetes
3060 4230 3427 4278 vocarentur.
3460 4246 3481 4270 ι
3518 4223 3598 4278 De
3628 4222 3780 4276 Anio

2130 4295 2294 4350 Delio
2326 4300 2503 4347 notus
2534 4299 2624 4347 est
2657 4293 2878 4354 Virgilii
2909 4309 3112 4348 versus
3127 4295 3344 4349 Eneid.
3379 4293 3481 4348 lib.
3507 4310 3590 4354 ιιι,
3620 4310 3654 4347 v
3678 4296 3777 4347 80:

2201 4368 2319 4420 Rea:
2348 4365 2547 4430 Anius,
2577 4380 2680 4435 rex
2708 4364 2853 4418 idem
2873 4364 3490 4435 hominum,Phaabique
3508 4365 3778 4419 sacerdos.

2202 4438 2313 4508 (13)
2344 4435 2412 4508 ἰΙ-
2440 4434 2646 4508 Γραφή.
2679 4435 2844 4490 Conf.
2880 4451 3012 4507 quaa
3062 4435 3138 4490 ad
3182 4434 3543 4507 principium
3573 4437 3776 4492 Strom.

2132 4523 2170 4561 ιι
2203 4505 2456 4561 dicenda
2485 4505 2641 4560 sunt.

2205 4580 2323 4658 (11)
2348 4572 2545 4646 Ἀδάμ.
2577 4576 2865 4658 Adamnan:
2902 4578 3263 4658 prophetam
3317 4576 3781 4658 credidit_.lu_sti-

2136 4666 2248 4704 nus
2277 4651 2345 4703 M.
2381 4648 2732 4721 cu‘mrrdixit,
2783 4648 3029 4721 Christi
3059 4648 3376 4721 adventum
3434 4648 3786 4721 praedictum

2133 4720 2340 4802 fuisse,
2374 4718 2554 4787 πρὶνῆ
2589 4724 2815 4794 φανῆναι
2867 4717 3026 4801 αὐτὸν
3075 4717 3263 4802 ξτεσιν.
3286 4717 3781 4803 πεντακισχιλίοις,

2138 4814 2166 4843 ‹‹
2199 4792 2546 4863 priusquam
2573 4790 2917 4863 apparuerit
2958 4792 3133 4847 annis
3165 4792 3483 4863 quinquies
3516 4790 3683 4863 mille,
3708 4808 3727 4863 ς
3756 4812 3784 4839 »ι

2134 4862 2461 4932 Αροιορλ,
2494 4881 2549 4934 p.
2576 4865 2643 4916 62
2673 4862 2810 4916 edit.
2842 4864 3005 4918 Oxon
3062 4864 3126 4917 In
3161 4862 3641 4932 Recogm'tionibus
3660 4862 3786 4917 Cle-

2137 4935 2355 4990 mentis
2387 4937 2595 4989 Petrus
2614 4934 2887 4989 aflirmat.
2924 4956 2947 4985 ο
2973 4941 3201 4989 certum
3233 4951 3362 4989 esse
3394 4935 3653 5005 primum
3676 4934 3784 5005 ho;-

2138 5007 2363 5061 minem
2388 5008 2733 5076 prophetam
2788 5005 2969 5061 fuisse
3003 5022 3017 5059 :
3056 5030 3078 5050 »
3105 5005 3207 5060 lib.
3242 5023 3280 5072 ι,
3309 5003 3449 5061 sect.
3484 5009 3572 5060 4-7.
3614 5003 3780 5060 Conf.

2139 5078 2597 5132 Clementinorum
2620 5077 2822 5131 homil.
2859 5078 3060 5142 3,sect.
3094 5080 3156 5130 l7
3189 5085 3248 5131 et
3277 5094 3380 5147 seq
3413 5119 3426 5143 ,
3458 5079 3527 5131 42
3546 5083 3739 5147 etseq.
3767 5094 3782 5142 ;

2140 5149 2347 5203 homil.
2377 5150 2432 5213 8,
2455 5154 2596 5203 sect.
2632 5152 2785 5211 l0,et
2846 5148 3221 5203 Clemenlina
3246 5150 3498 5219 Epitome
3526 5150 3592 5203 de
3622 5148 3786 5216 gestis

2137 5222 2291 5274 Petri
2326 5221 2553 5275 secti-0
2599 5218 2761 5275 Unde
2787 5219 3047 5274 haeretici
3075 5218 3519 5275 librumAdami
3544 5219 3785 5273 nomine

2138 5291 2495 5361 inseriptum
2519 5290 2855 5352 ediderunt,
2894 5290 2967 5345 de
2999 5308 3117 5361 quo
3140 5293 3292 5345 conf.
3321 5292 3792 5361 Constitutionum

2138 5309 2322 5345 inseri
2373 5309 2495 5346 tum
2519 5309 2855 5352 ediderunt,
2894 5309 2967 5345 ue
2999 5309 3117 5361 quo
3140 5309 3292 5345 coni.
3321 5309 3788 5345 uonsmuuonum

2138 5309 2370 5444 apostoli
2422 5362 2523 5418 lib.
2558 5379 2635 5430 v1,
2668 5379 2719 5418 c.
2757 5364 2844 5427 l6,
2872 5368 2931 5417 et
2960 5379 3091 5433 quas
3122 5362 3202 5416 ibi
3233 5361 3533 5417 adnotavit
3560 5357 3788 5413 Cotele-

2138 5451 2265 5489 I'lllS

2212 5505 2323 5576 (15)
2380 5504 2683 5560 Μετάνοιαν
2768 5501 3027 5577 κηρύξας.
3103 5502 3228 5558 Νῶε
3286 5495 3632 5566 δικαιοσύνης
3685 5497 3788 5567 κήο

2139 5592 2295 5647 ρυκα,
2327 5577 2379 5630 Π
2407 5578 2531 5633 Pet.
2564 5594 2625 5644 ιι,
2658 5579 2712 5630 5.
