4044 6154
331 246 434 301 8⁸71

1570 234 1979 292 CLEMENTIB
2015 231 2518 291 ALEXANDBINI

3640 241 3752 296 872

337 372 538 438 Jacob,
565 371 666 442 qui
693 373 893 440 aperte
925 383 1044 422 non
1076 381 1264 436 pauca
1285 379 1355 419 ex
1384 363 1622 426 futuris,
1655 367 1712 417 et
1732 361 1826 427 iis,
1853 376 1978 430 qua:

2101 355 2409 413 ἐνεστώτων
2439 359 2850 436 προφαίνοντες.
2887 361 2991 415 Σὺν
3049 359 3107 416 δὲ
3150 365 3229 434 τῷ
3281 361 3475 436 Νόμῳ,
3506 366 3753 436 Μωυσῆς

325 463 456 534 jam
483 459 807 520 instabant,
832 453 1373 527 praasigniﬁcabant
1396 471 1409 519 ;
1439 451 1584 525 legis
1605 457 1799 506 autem
1826 456 1977 505 tem-

335 568 500 623 pore,
535 551 756 619 Moyses
797 551 856 600 et
899 548 1130 609 Aaron;
1181 549 1314 614 post
1361 559 1507 613 quos
1556 541 1980 612 prophetavere

333 643 502 696 Jesus
535 639 690 693 ﬁlius
727 637 896 697 Nave,
938 633 1196 694 Samuel,
1250 632 1390 696 Gad,
1443 632 1692 699 Nathan,
1744 630 1978 695 Achias,

335 731 610 789 Samieas,
659 725 826 789 Jehu,
869 723 1046 778 Elias.
1099 721 1390 787 Michaeas,
1450 721 1663 785 Abdiu,
1711 719 1977 784 Elisaaus,

334 814 704 877 Abdadonai,
736 815 936 872 Amos,
970 811 1172 874 Isaias,
1205 812 1374 873 Osee,
1404 811 1600 874 Jonas,
1628 809 1770 868 Joel.
1819 809 1976 862 Jere-

335 906 505 971 mias,
540 902 866 974 Sophonias
898 900 1056 956 filius
1091 899 1246 966 Buzi,
1279 899 1562 960 Ezechiel,
1599 899 1786 963 Urias,
1839 899 1980 950 Am-

332 995 565 1052 bacum.
591 992 840 1057 Nahnm,
875 989 1100 1046 Daniel.
1136 988 1336 1043 Misael
1369 989 1469 1058 qui
1500 993 1752 1058 praeerat
1798 985 1982 1040 ratio-

333 1083 529 1150 nibus,
566 1084 832 1153 Aggaaus,
861 1078 1193 1145 Zacharias,
1226 1083 1283 1132 et
1317 1077 1597 1149 Angelus,
1629 1076 1728 1146 qui
1761 1080 1887 1130 erat
1913 1091 1982 1128 ex

333 1170 646 1226 duodecim
677 1185 850 1223 unus.
888 1168 1037 1221 Sunt
1065 1172 1262 1220 autem
1295 1183 1503 1220 omnes
1541 1164 1843 1235 prOphetze
1879 1161 1978 1215 tri-

333 1261 496 1334 ginta
527 1259 810 1330 quinque.
845 1259 926 1311 Ex
949 1255 1299 1311 mulieribus
1319 1261 1516 1310 autem
1541 1260 1698 1323 (nam
1725 1269 1807 1306 eae
1831 1267 1975 1322 quo-

336 1366 450 1420 que
496 1346 972 1419 prophetabant),
1024 1346 1184 1411 Sara,
1237 1349 1295 1398 et
1346 1342 1626 1408 Rebecca,
1672 1346 1730 1395 et
1778 1339 1976 1400 Maria.

337 1437 623 1499 Debbora,
653 1445 715 1507 »χι
746 1439 803 1488 et
833 1434 996 1489 Olda.
1032 1431 1252 1486 Deinde
1283 1432 1440 1486 circa
1469 1431 1675 1486 eadem
1716 1436 1984 1500 tempora

336 1523 705 1597 prophetavit
728 1524 986 1577 Joannes
1009 1537 1196 1591 usque
1236 1519 1307 1574 ad
1339 1520 1700 1590 baptismum
1751 1517 1980 1572 saluta-

335 1631 487 1669 rem.
519 1616 660 1668 Post
690 1611 906 1667 Christi
938 1617 1136 1665 autem
1171 1615 1388 1675 ortum,
1421 1612 1590 1662 Anna
1623 1612 1681 1661 et
1723 1607 1979 1660 Simeon.

2095 466 2151 500 τε
2201 447 2289 499 καὶ
2340 446 2574 520 Ἀαρών·
2623 449 2742 519 μεθ’
2794 447 2886 510 οῦς
2939 449 3380 525 προφητεύουσιν
3414 455 3627 522 Ἰησοῦς
3656 458 3754 508 τοῦ

2099 535 2276 604 Ναυῆ,
2311 536 2604 608 Σαμουὴλ,
2641 535 2766 603 Γὰδ,
2805 537 3004 598 Νάθαν,
3040 538 3256 614 Ἀχίας.
3315 541 3580 612 Σαμαίας,
3627 542 3755 613 Ἰοὺ,

2094 623 2311 692 Ἠλίας,
2363 625 2626 690 Μιχαίας,
2703 620 2948 694 Ἀϐδιοὺ,
2999 627 3306 698 Ἐλισαῖος,
3390 625 3759 700 Ἀϐδαδωναὶ,

2094 714 2312 785 Ἀμὼς,
2369 715 2618 785 Ἠσαῒας,
2677 715 2862 785 Ὠσηὲ,
2910 717 3118 780 Ἰωνᾶς,
3198 717 3386 789 Ἰωήλ,
3467 719 3758 792 Ἱερεμίας,

2098 803 2381 880 Σοφωνίας
2415 803 2579 872 Βουζὶ
2636 807 2770 871 (16).
2804 805 3092 874 Ἰεζεκιῆλ,
3136 807 3360 880 Οὐρίας,
3405 803 3760 881 Ἀμϐακοῦμ,

2099 891 2314 964 Ναοὺμ,
2349 890 2580 961 Δανιὴλ,
2613 893 2841 962 Μισαὴλ
2901 894 2928 948 6
2980 895 3107 950 τοὺς
3163 895 3573 972 συλλογισμοὺς
3625 904 3759 970 (17),

2099 976 2383 1054 Ἀγγαῖος,
2416 981 2714 1055 Ζαχαείας,
2741 983 2768 1036 6
2817 981 2908 1036 καί
2940 982 2990 1037 ἐν
3049 989 3164 1046 τοῖς
3225 982 3438 1040 δώδεκα
3467 985 3756 1061 Ἄγγελος.

2098 1070 2340 1124 Γίνονται
2375 1067 2432 1124 δὲ
2463 1071 2515 1124 οἱ
2546 1069 2743 1132 πάντες
2775 1078 3053 1145 προφῆται
3112 1075 3268 1128 πέντε
3319 1075 3409 1128 καὶ
3436 1077 3754 1150 τριάκονταο

2093 1165 2360 1236 γυναικῶν
2395 1158 2452 1214 δὶ
2477 1161 2588 1224 (καὶ
2620 1162 2724 1236 γὰρ
2780 1161 2870 1215 καὶ
2914 1163 3068 1216 αὗται
3117 1166 3534 1239 προεφήτευον).
3572 1165 3756 1243 Σάρρα

2097 1271 2176 1314 τε,
2234 1249 2323 1304 καὶ
2381 1244 2658 1317 Ῥεϐέκκα,
2717 1250 2808 1304 καὶ
2869 1250 3116 1326 Μαριὰμ,
3201 1247 3462 1329 Δεϐϐώρα
3514 1273 3596 1322 τε,
3667 1254 3755 1309 καὶ

2101 1335 2292 1394 Ὀλδά.
2325 1339 2551 1394 Ἔπειτα
2600 1339 2724 1414 περὶ
2753 1337 2880 1400 τοὺς
2929 1339 3127 1401 αὐτοὺς
3160 1341 3394 1415 χρόνους
3423 1345 3536 1415 (18)
3571 1343 3757 1398 Ἰωάν-

2095 1447 2193 1496 νης
2246 1426 2577 1502 προφητεύει
2639 1428 2805 1501 μέχρι
2848 1432 2947 1482 τοῦ
3014 1428 3291 1501 σωτηρίου
3346 1431 3750 1505 βαπτίσματος·

2102 1516 2233 1588 μετᾶ
2290 1513 2347 1570 δὲ
2401 1517 2501 1584 τήν
2554 1515 2759 1592 γένεσιν
2812 1521 2908 1571 τοῦ
2967 1523 3226 1588 Χριστοῦ,
3279 1523 3441 1576 Ἀννα
3505 1520 3601 1574 καὶ
3651 1527 3760 1574 Συ-

2103 1606 2246 1677 μεών
2302 1607 2575 1680 Ζαχαρίας
2605 1607 2730 1681 γὰρ,
2789 1607 2817 1661 6
2851 1608 3106 1662 Ἰωάννου
3162 1610 3366 1682 πατὴρ,
3397 1608 3488 1663 καὶ
3521 1611 3632 1683 πρὸ
3664 1613 3757 1665 τοῦ

333 1702 644 1759 Zacharias
677 1701 857 1765 enim,
892 1705 1058 1770 pater
1085 1698 1347 1763 Joannis,
1373 1703 1510 1750 ante
1533 1696 1723 1750 filium
1747 1709 1978 1764 quoque

2097 1692 2290 1756 παιδός
2343 1694 2703 1772 προφητεύειν
2759 1693 2811 1749 ἐν
2881 1700 2998 1759 τοῖς
3083 1694 3434 1772 Εὐαγγελίοις
3519 1697 3756 1772 λέγεται.

337 1794 398 1847 in
427 1789 754 1863 Evangeliis
785 1788 1004 1842 dicitur
1032 1787 1436 1858 prophetasse.
1469 1786 1594 1839 Jam
1623 1799 1810 1854 usque
1845 1799 1982 1854 ergo

337 1899 371 1937 a
397 1883 589 1951 Moyse
621 1878 969 1950 colligamus
1001 1884 1335 1947 temporum
1375 1874 1701 1928 secundum
1752 1874 1982 1926 Graecos

339 1969 655 2024 rationem.
695 1966 780 2020 Ab
812 1972 945 2020 ortu
977 1965 1189 2036 Moysis
1211 1979 1398 2033 usque
1430 1963 1503 2016 ad
1545 1961 1880 2015 Judaiorum
1915 1977 1983 2014 ex

336 2059 577 2128 .AEgypto
629 2055 873 2118 exitum,
923 2053 1064 2107 anni
1105 2053 1438 2122 octoginta;
1491 2056 1549 2104 et
1596 2050 1695 2120 qui
1744 2048 1985 2103 fuerunt

334 2161 523 2216 usque
554 2143 628 2198 ad
661 2145 790 2214 ejus
816 2148 1092 2209 mortem,
1135 2141 1233 2194 alii
1263 2139 1672 2210 quadraginta.
1707 2137 1838 2192 Fuit
1873 2138 1982 2191 He-

336 2234 629 2288 braeorum
675 2231 868 2284 exitus
892 2237 1155 2300 tempore
1188 2229 1412 2294 Inachi,
1461 2235 1598 2283 ante
1647 2227 1981 2281 Sothiacam

336 2322 805 2381 revolutionem;
849 2336 984 2374 nam
1036 2335 1307 2390 egressus
1348 2335 1417 2372 ex
1464 2319 1706 2389 Egypto
1755 2318 1982 2387 Moyses

335 2414 508 2467 annis
539 2412 704 2483 prius
728 2409 1180 2482 quadringentis
1208 2408 1598 2480 quadraginta
1621 2407 1905 2477 quinque.
1935 2408 1982 2460 A

332 2503 543 2574 Moysis
574 2507 771 2556 autem
804 2499 1140 2570 principatu
1173 2506 1231 2552 et
1252 2498 1467 2552 Inacho
1496 2513 1684 2567 usque
1707 2496 1779 2550 ad
1803 2495 1982 2549 inun-

331 2591 629 2645 dationem
645 2586 1379 2652 Deucalionis,secundum
1391 2586 1678 2656 ,inquam.
1694 2583 1980 2638 diluvium

332 2679 743 2734 etincendium
758 2676 1302 2745 Phaethontis,quaa
1317 2675 1558 2746 quidem
1573 2680 1835 2743 tempore
1849 2673 1982 2726 Cro-

333 2769 452 2840 topi
485 2767 851 2833 acciderunt,
875 2771 1303 2820 enumerantur
1324 2762 1716 2834 quadraginta
1736 2777 1979 2833 genera-

332 2857 545 2911 tiones.
564 2855 649 2908 Ad
669 2861 905 2908 centum
928 2859 1128 2906 autem
1149 2869 1441 2906 annorum
1467 2867 1782 2906 numerum
1807 2851 1984 2905 redu-

330 2951 551 3000 cuntur
599 2949 717 2996 tres
764 2940 1198 3013 generationes.
1250 2939 1334 2994 Ab
1366 2939 1752 2994 inundatione
1783 2945 1982 2993 autem

335 3033 408 3088 ad
440 3032 555 3087 Idas
583 3029 949 3094 incendium,
983 3033 1042 3082 et
1070 3027 1210 3082 ferri
1255 3027 1677 3092 inventionem,
1711 3033 1767 3082 et
1797 3027 1983 3082 Idaeos

2092 1785 2336 1848 "Avweev
2395 1782 2487 1838 οὖν
2544 1783 2651 1838 ἀπὸ
2702 1785 2980 1846 Μωϋσέως
3043 1787 3430 1862 συναγάγωμεν
3476 1789 3579 1857 τὴν
3638 1789 3758 1842 καθ’

2092 1873 2371 1942 ἺΒλληνας
2405 1873 2829 1949 χρονογραφίαν.
2874 1875 3009 1930 Ἀπὸ
3057 1879 3155 1938 τῆς
3187 1877 3459 1940 Μωυσέως
3494 1878 3757 1950 γενέσεως

2096 1960 2182 2016 ἐπὶ
2213 1963 2313 2029 τήν
2336 1961 2388 2032 ἐξ
2425 1961 2702 2037 Αἰγύπτου
2753 1966 2864 2016 τῶν
2924 1961 3201 2018 Ἰουδαίων
3247 1958 3454 2037 ἔξοδον,
3501 1963 3600 2036 ἔτη
3660 1965 3754 2038 ὀγ-

2097 2047 2381 2119 δοήκοντα·
2413 2050 2503 2104 καὶ
2559 2050 2627 2104 τὰ
2678 2050 2844 2124 μέχρι
2891 2057 2992 2119 τῆς
3050 2051 3308 2121 τελευτῆς
3366 2052 3557 2123 αὐτοῦ,
3610 2051 3754 2109 ἄλλα

2089 2140 2511 2213 τεσσαράκοντα.
2569 2139 2775 2193 Γίνεται
2830 2141 2865 2208 ἡ
2928 2137 3113 2210 ἔξοδος
3169 2143 3588 2217 κατὰἽναχον,
3649 2143 3751 2217 πρὸ

2091 2234 2192 2297 τῆς
2252 2230 2537 2291 Σωθιακῆς
2595 2225 2852 2301 περιόδου
2912 2231 3042 2301 (19),
3092 2228 3404 2299 ἐξελθόντος
3455 2231 3551 2284 ἀπ’
3588 2229 3750 2305 Αἰγύ-

2093 2337 2230 2371 πτου
2266 2318 2544 2379 Μωυσέως
2573 2314 2710 2370 ἔτεσι
2769 2317 3040 2392 πρότερον
3099 2319 3438 2392 τριακοσίοις
3489 2340 3753 2393 τεσσαρα·

2089 2403 2432 2460 κονταπέντε.
2475 2405 2614 2460 Ἀπὸ
2672 2402 2729 2459 δὲ
2779 2412 2881 2473 τῆς
2942 2406 3219 2471 Μωϋσέως
3278 2409 3608 2484 στρατηγίας
3666 2408 3750 2463 καὶ

2090 2495 2307 2570 Ἰνάχου
2334 2495 2420 2549 ἐπὶ
2449 2495 2540 2549 τὸν
2575 2495 2956 2560 Δευκαλίωνος
3012 2495 3423 2570 κατακλυσμὸν,
3473 2499 3574 2565 τὴν
3634 2496 3752 2552 δευ-

2087 2584 2244 2660 τέραν
2279 2584 2427 2658 λέγω
2481 2580 2814 2659 ἐπομϐρίαν,
2873 2586 2960 2640 καὶ
3023 2583 3112 2640 έπὶ
3159 2587 3255 2641 τὸν
3307 2589 3615 2651 Φαέθοντος
3647 2589 3750 2660 ἐμ-

2089 2674 2368 2749 πρησμὸν,
2419 2670 2451 2726 ἃ
2507 2670 2576 2741 δὴ
2632 2669 2919 2744 συμϐαίνει
2979 2675 3112 2730 κατᾶ
3184 2673 3502 2750 Κρότωπον,
3561 2675 3738 2751 γενεαί

2088 2761 2482 2833 τεσσαράκοντα
2538 2765 2650 2832 (20)
2705 2761 3085 2836 ἀριθμοῦπαυ
3148 2762 3223 2826 εἰς
3288 2764 3572 2836 μέντοιτᾶ
3620 2765 3739 2817 ἱκα-

2089 2852 2178 2906 τὸν
2241 2846 2332 2920 ἔτη
2391 2855 2536 2923 τρεῖς
2589 2849 3034 2924 ἐγκαταλέγονται
3094 2852 3294 2926 γενεαί.
3347 2855 3480 2909 Ἀπὸ
3537 2850 3596 2906 δὲ
3647 2853 3739 2906 τοῦ

2090 2942 2479 3010 κατακλυσμοῦ
2503 2938 2591 2992 ἐπὶ
2649 2939 2741 2992 τὸν
2795 2936 2947 3008 Ἴδης
3007 2938 3334 3014 ἐμπρησμὸν
3383 2941 3604 3008 χαίτην
3662 2938 3745 2995 εῦ-

2093 3049 2235 3102 ρεσιν
2267 3031 2364 3082 τοῦ
2393 3026 2646 3102 σιῖήρου,
2670 3026 2760 3082 καὶ
2820 3025 3047 3090 Ἰδαίους
3081 3029 3415 3102 Δακτύλους,
3471 3025 3567 3100 ἔτη
3601 3024 3746 3085 1:580-

333 3121 628 3192 Dactylos.
661 3119 801 3174 anni
834 3089 1206 3190 septuaginta
1235 3123 1373 3179 tres.
1402 3123 1467 3172 ut
1491 3118 1572 3172 ait
1599 3089 1974 3188 Thrasyllus;

2094 3116 2484 3191 μηκοντατρία,
2541 3115 2615 3180 ὣς
2672 3138 2803 3194 φησι
2863 3115 3202 3192 Θράσυλλοςσ
3263 3118 3354 3174 καὶ
3433 3120 3541 3173 ἀπὸ
3600 3116 3748 3189 Ἴδης

332 3217 391 3268 et
420 3211 492 3265 ab
523 3209 640 3264 Ida:
672 3209 946 3263 incendio
987 3223 1173 3277 usque
1205 3207 1277 3262 ad
1311 3213 1546 3278 raptum
1601 3207 1975 3277 Ganymedis,

333 3299 477 3355 anni
512 3299 816 3370 sexaginta
845 3298 1130 3368 quinque.
1157 3296 1302 3351 Hinc
1333 3301 1531 3350 autem
1563 3295 1635 3350 ad
1657 3295 1854 3350 Persei
1877 3313 1976 3350 ex-

332 3388 719 3461 peditionem,
745 3387 982 3457 quando
1011 3385 1188 3440 etiam
1221 3384 1474 3440 Glaucus
1507 3385 1749 3439 Isthmia
1772 3385 1978 3438 statuit

334 3483 576 3550 propter
588 3475 1118 3536 Melicertam,anni
1133 3473 1549 3546 quindecim.A
1566 3473 1759 3527 Persei
1777 3479 1974 3528 autem

335 3565 711 3637 expeditione
737 3565 808 3620 ad
821 3567 1054 3634 Trojam
1067 3564 1388 3628 conditam,
1413 3563 1553 3616 anni
1570 3563 1807 3634 triginta
1829 3579 1978 3633 qua-

331 3660 485 3710 tuor.
517 3655 662 3708 Hinc
689 3653 763 3709 ad
794 3655 978 3718 navis,
1010 3671 1140 3725 quaa
1163 3656 1312 3725 Argo
1335 3652 1491 3706 dicta
1512 3658 1619 3718 est,
1653 3651 1972 3724 navigatio-

329 3761 488 3806 nem,
521 3745 663 3799 anni
697 3744 1004 3816 sexaginta
1039 3749 1312 3814 quatuor.
1349 3741 1432 3796 Ab
1483 3756 1551 3796 eo
1604 3747 1870 3812 tempore
1901 3740 1975 3796 ad

326 3835 616 3888 Theseum
652 3839 709 3887 et
729 3833 1146 3892 Minotaurum,
1172 3831 1312 3886 anni
1339 3831 1576 3901 triginta
1593 3830 1706 3884 duo
1753 3830 1973 3884 Deinde

328 3923 400 3978 ad
425 3940 525 3977 eos
551 3928 800 3993 septem,
835 3921 934 3992 qui
972 3921 1196 3975 Thebas
1226 3935 1656 3990 oppugnavere,
1689 3919 1826 3973 anni
1862 3919 1972 3973 de—

327 4028 475 4067 cem.
509 4011 596 4065 Ad
628 4011 1001 4081 Olympicum
1028 4014 1226 4064 autem
1255 4015 1576 4072 certamen,
1612 4007 1769 4077 quod
1804 4007 1974 4061 insti-

396 4152 459 4217 μκ
488 4154 551 4207 Ρ.
586 4154 679 4206 401
735 4152 846 4205 ΕΙ).
889 4151 1182 4217 POTTER,
1225 4151 1326 4203 336
1358 4150 1468 4202 ΕΙ).
1499 4147 1680 4202 PRIS.

393 4293 840 4371 (ﬁrmem-ila:
899 4293 1111 4371 Bou§€._
1156 4296 1467 4371 sophoniaa
1501 4293 1692 4371 initio
1733 4292 1979 4371 legitur,

330 4367 598 4495 ξοφονίαν
628 4365 720 4422 τὸν
751 4365 942 4436 Χουσί,
1006 4388 1033 4420 ι
1081 4365 1442 4439 Sophoniam
1493 4365 1681 4419 ﬁlium
1723 4365 1922 4420 Chusi.
1948 4387 1975 4414 »

373 4457 603 4494 YLBURG.
1947 4475 1952 4480 .

373 4457 603 4494 YLBURG.
1947 4475 1952 4480 .

397 4511 600 4582 (17)?“
624 4508 753 4570 τοὺς
782 4507 1208 4582 συλλογισμούς.
1263 4511 1406 4565 Cum
1463 4508 1556 4582 his
1613 4507 1805 4582 verbis
1864 4525 1975 4578 pu-

331 4576 768 4636 tarit'fortasse
854 4576 1073 4651 aliquis
1129 4581 1603 4636 subaudiendum
1650 4576 1975 4651 ἐπιτετραμτ

331 4653 517 4724 privos,
553 4653 640 4706 vel
674 4652 865 4724 simile
890 4649 1266 4724 participium
1295 4669 1306 4706 :
1340 4660 1442 4707 aut
1467 4651 1806 4722 legendum,
1840 4649 1867 4703 ὁ
1893 4649 1980 4704 ἐπὶ

327 4721 455 4782 τοὺς
492 4721 818 4794 λογισμούς,
850 4721 1014 4794 α’συὶ
1047 4721 1377 4778 rationibus
1411 4721 1662 4793 prmerat
1693 4729 1791 4776 nut
1813 4730 1979 4776 nota-

328 4795 413 4847 vit
443 4795 878 4864 inte_rpres._Sed
910 4795 1290 4850 verisimilior
1309 4801 1399 4849 est
1421 4796 1509 4848 Fr.
1543 4794 1699 4848 Junii
1735 4801 1976 4848 senten-

329 4867 409 4919 tia
441 4864 468 4916 ὁ
499 4862 623 4924 τοὺς
645 4862 1085 4938 συλλογισμούς,
1113 4867 1420 4938 Βαγράψας
1464 4873 1530 4938 ut
1557 4866 1811 4920 Misaelis
1832 4865 1982 4920 liber

333 4937 1277 5009 sanctarumargumentationum
1324 4937 1691 5009 significetur
1722 4953 1734 4990 :
1770 4937 1978 5009 cujus-

330 5007 843 5078 modicomplures
860 5009 959 5062 alii
984 5007 1557 5064 recensentur‘inter
1584 5007 1976 5078 apocryphos.

333 5081 411 5134 lo.

397 5151 505 5222 (l8)
534 5147 669 5208 Τοὺς
702 5146 896 5222 αὐτοὺς
928 5148 1182 5222 χρόνους.
1237 5150 1352 5204 Hoc
1412 5155 1520 5216 est,
1579 5155 1849 5220 tempora
1881 5151 1978 5202 τοῦ

326 5220 542 5290 Νόμου.
577 5243 604 5270 ‹‹
636 5220 893 5276 Ιιιάίιίοω
925 5220 1122 5291 legis.-

397 5285 504 5361 (λθ)
535 5293 648 5357 Τῆς
709 5285 1010 5353 Σιυθιακῆξ
1054 5285 1332 5361 περιόδου.
1387 5310 1418 5342 ιι
1477 5291 1764 5344 δοιὶὶὶἂεω
1813 5307 1980 5344 revo-

327 5364 572 5419 lutionis
620 5389 644 5414 n
701 5364 973 5418 meminit
1017 5362 1193 5416 etiam
1254 5360 1604 5416 Plutarchus
1632 5361 1691 5414 in
1721 5363 1978 5429 Sympos.

326 5437 576 5491 Problem
631 5437 739 5491 Sed
776 5436 1068 5505 interpres
1116 5431 1356 5505 mavult,
1420 5431 1680 5505 apati:
1738 5430 1978 5505 Ἰλιακῆς

323 5506 604 5570 ἁλώσεως,
640 5533 666 5558 ‹‹
704 5515 839 5563 ante
863 5502 1100 5577 captum
1126 5504 1298 5577 lilium
1328 5519 1340 5556 :
1387 5528 1430 5577 _n
1463 5502 1684 5573 quippe
1717 5502 1978 5577 quodab

325 5581 541 5634 Inacho
574 5598 761 5650 usque
784 5579 853 5634 ad
872 5575 1102 5648 captam
1118 5576 1368 5650 Trojam-
1383 5575 1828 5650 intercesserint
1847 5575 1979 5644 plus

327 5667 502 5720 quam
557 5644 976 5724 quadringenti
1010 5645 1174 5712 anni,
1226 5644 1304 5700 (ut
1356 5647 1482 5717 ipse
1540 5644 1813 5700 Clemens
1841 5654 1977 5701 ante

2086 3207 2419 3280 ἐμπρησμοῦ
2449 3205 2538 3260 ἐπὶ
2570 3203 2926 3277 Γανυμήδους
2976 3208 3252 3283 ἁρπαγὴν,
3312 3206 3406 3278 ἔτη
3458 3207 3750 3278 ἑξηκοντα-

2087 3295 2263 3352 πέντε.
2316 3295 2590 3351 Ἐντεύθεν
2651 3291 2709 3348 δε
2769 3293 2857 3348 ἐπὶ
2945 3297 3042 3365 τήν
3133 3294 3382 3369 Περσέως
3441 3296 3749 3371 στρατείαν,

2087 3386 2176 3439 ὅτε
2205 3385 2290 3438 καὶ
2323 3383 2566 3445 Γλαῦκος
2593 3383 2679 3438 ἐπὶ
2715 3382 3024 3459 Μελικέρτῃ
3053 3387 3120 3439 τὰ
3147 3388 3370 3458 Ἴσθμια
3403 3382 3624 3456 ἔθηκεν,
3655 3385 3745 3456 ἔτη

2087 3470 2486 3528 πεντεκαίδεκα·
2545 3472 2652 3527 ἀπὸ
2710 3470 2766 3527 δὲ
2826 3475 3072 3548 Περσέως
3136 3474 3414 3550 στρατείας
3457 3475 3548 3530 ἐπὶ
3584 3475 3746 3530 Ἰλίου

2085 3563 2280 3629 κτίσιν,
2314 3558 2406 3632 ἔτη
2464 3559 3010 3637 τριακοντατέσσαρα.
3064 3565 3334 3619 Ἐντεῦθεν
3383 3565 3471 3619 ἐπὶ
3501 3563 3599 3620 τὸν
3634 3563 3741 3620 εἷ’σ-

2085 3649 2259 3705 πλουν
2279 3657 2380 3718 τῆς
2411 3652 2674 3725 Ἀργοῦς,
2702 3646 2794 3720 ἔτη
2855 3651 3364 3729 ὲξηκοντατέσσαρα.
3405 3655 3502 3710 Ἐκ
3546 3654 3741 3709 τούτου

2086 3738 2173 3794 ἐπὶ
2207 3737 2383 3808 Θησέα
2413 3739 2501 3792 καῖ
2528 3739 2903 3808 Μινώταυρον,
2935 3735 3028 3811 ἔτη
3059 3739 3455 3816 τριακονταδύο
3511 3745 3629 3798 εἶτα
3656 3741 3742 3797 ἐπὶ

2082 3827 2208 3888 τοὺς
2241 3827 2373 3881 έπτᾶ
2405 3822 2730 3896 έπὶθήϐαις,
2764 3825 2855 3898 ἔτη
2883 3825 3028 3884 δέκα.
3057 3830 3178 3886 Ἐπὶ
3210 3827 3267 3885 δὲ
3299 3832 3387 3886 τὸν
3422 3830 3740 3904 Ὀλυμπιά·

2085 3937 2166 3970 σιν
2203 3917 2383 3990 ἀγῶνα
2409 3914 2466 3968 ὅν
2497 3913 2778 3989 Ἡρακλῆς
2807 3913 2997 3986 έθηκεν
3057 3918 3144 3972 ἐπὶ
3181 3917 3412 3984 Πέλοπι,
3446 3917 3538 3988 ἔτη
3599 3920 3743 3995 τρία⁶

2089 4004 2164 4067 εἴς
2217 4025 2277 4060 τε
2333 4005 2433 4072 την
2493 4003 2816 4077 Ἀμαζόνων
2872 4005 2949 4069 είς
3008 4009 3243 4077 Ἀθήνας
3291 4011 3600 4085 στρατείαν,
3659 4007 3748 4064 καὶ

2092 4293 2371 4366 docuitp.
2410 4294 2530 4366 I38.
2567 4293 2838 4366 Sirmium.
2873 4325 2938 4334 --
2993 4296 3267 4352 Sothiaca
3296 4314 3430 4353 vero
3485 4293 3745 4366 περίοδος

2091 4362 2384 4442 εει-πλάνη
2418 4364 2647 4442 Ἰσιακςά,
2685 4386 2712 4413 ‹‹
2765 4382 3188 4442 e_rror,_-__s_eu
3247 4392 3273 4417 ‹‹
3324 4362 3743 4442 peregrinatio,

2089 4436 2281 4514 Isidis,
2319 4457 2345 4484 ››
2375 4452 2491 4514 εθιι.
2515 4459 2541 4482 ‹‹
2581 4435 2707 4514 lus_._
2732 4458 2758 4483 ››
2789 4438 2989 4514 Inachi
3023 4439 3184 4514 ﬁlias,
3217 4435 3748 4514 poe'ticis'scriptoj

2089 4507 2252 4582 ribus
2285 4507 2631 4582 notissima).
2665 4509 3018 4582 Nam_.‘.‘.6i0ic
3053 4507 3261 4565 eadem
3295 4507 3746 4582 est,quaa_lo,vel

2090 4579 2196 4632 Isis
2233 4594 2244 4630 :
2279 4572 2615 4655 ριπερίοδος
2647 4585 2737 4632 est
2766 4576 2968 4655 πλᾴνη.
3000 4582 3347 4655 Hesychius,
3386 4572 3674 4655 Περίοδος,
3708 4583 3742 4650 ἡ

2089 4654 2187 4714 τῆς
2232 4655 2365 4726 ,γῆς-
2403 4650 2755 4726 περιήγησ-ις.
2822 4650 3294 4726 υηάθᾷηερίοδος
3353 4650 3582 4726 Πέτρου,
3635 4650 3744 4710 Pe-

2089 4722 2399 4801 regrinain
2431 4723 2603 4801 Petri,
2637 4720 2708 4774 ab
2742 4720 3119 4801 apocryphis:
3144 4720 3530 4801 scriptoribus
3568 4720 3747 4801 'cele-

2090 4791 2278 4845 brata.
2315 4791 2667 4845 Maximinus
2713 4791 3223 4862 apudiEusebium
3255 4791 3510 4852 Historiae
3557 4799 3742 4852 eccles.

2091 4862 2192 4916 lib.
2247 4880 2298 4946 ix
2363 4878 2374 4914 :
2444 4864 2559 4951 Τῆς
2614 4861 2826 4948 τυφλίῆς
2872 4861 3080 4934 ἐκείνης
3128 4866 3340 4936 πλάνης
3371 4869 3463 4921 καὶ
3485 4865 3744 4942 περιόδου

2090 4952 2425 4986 πανταπασιν
2455 4952 2807 4995 αποσταντες.

2160 5007 2271 5084 (ίᾷΟ)
2323 5004 2473 5058 Κατὰ
2507 5003 2844 5084 Ἰςρότωπον,
2925 5008 3103 5084 γενεαὶ
3158 5009 3578 5084 τεσσαράκοντα.
3633 5012 3742 5064 Pro

2091 5075 3198 5157 1(‘5Arituiaovhquidam_K-é>gpoitailegunt,
3257 5075 3625 5153 ut'superius
3685 5097 3740 5151 p.

2090 5147 2362 5225 320_edit.
2396 5149 2604 5225 Paris,
2638 5149 2738 5225 ubi
2771 5147 2915 5225 dicit
2948 5147 3244 5225 Cle'mens,
3277 5147 3595 5225 Cecropem
3626 5147 3741 5225 τεέν-

2091 5218 2390 5300 σαράχοντα
2420 5223 2630 5300 γενεαῖς
2652 5221 2867 5300 Inacho
2903 5224 3290 5300 posteriorem
3327 5218 3478 5278 esse:
3517 5223 3742 5278 Ibidem

2089 5307 2223 5365 vero
2257 5290 2394 5358 vult,
2432 5290 2587 5365 inter
2608 5290 2992 5365 Inachum—et
3035 5295 3221 5364 Trojte
3265 5300 3550 5365 tempora,
3609 5310 3740 5364 quae

2089 5362 2342 5434 Cecrope
2376 5368 2434 5434 et
2463 5362 2712 5433 CrotOpo
2746 5363 2914 5434 longe
2938 5362 3266 5434 posteriora
3295 5362 3479 5424 lue—re.
3513 5362 3739 5420 tantum

2092 5432 2500 5507 intercessisse
2530 5432 2704 5507 paulo
2739 5432 3142 5507 plures—quam
3171 5434 3338 5488 εηωσι
3371 5435 3740 5507 γενεαίυηᾶθ

2091 5521 2194 5574 pro
2226 5504 2620 5578 τεσσαράκοντα
2655 5506 2934 5578 llervetus
2966 5506 3077 5560 hoc
3108 5507 3237 5562 loco
3297 5504 3438 5577 legit
3464 5507 3738 5578 τέσσαρες,

2091 5597 2117 5623 ‹‹
2156 5582 2429 5645 quatuor.
2465 5599 2484 5622 ι
2521 5576 2685 5630 Conf.
2715 5593 2846 5646 quaa
2879 5577 3151 5649 superius
3198 5575 3481 5635 adnotata
3510 5575 3666 5636 sunt.
