4044 6154
316 236 425 296 875

1552 233 1963 292 CLEHBN'I'IB
1997 234 2495 290 ALEXANDBINI

3619 234 3742 289 8’76

322 381 487 422 mam
517 363 818 420 conditam
850 360 1044 433 colligi
1077 375 1267 415 annos
1299 357 1500 432 viginti
1525 361 1799 429 quatuor.
1828 356 1976 412 Hinc

2095 375 2242 409 νοντο
2301 352 2389 408 ἰπὶ
2449 352 2541 422 ἔτη
2601 351 2852 410 διακόσια
2909 354 3307 430 τεσσαράκοντα
3353 353 3495 430 τρία·
3531 355 3629 409 ἀπὸ
3689 353 3748 409 δὲ

324 456 400 513 ad
416 454 733 528 Babylonis
747 451 1109 507 eversionem
1128 448 1404 504 consules
1425 447 1608 503 creati
1631 453 1769 501 sunt
1787 462 1976 501 annos

329 545 568 601 circiter
598 544 884 598 ducentos
915 538 1307 610 quadraginta
1341 543 1477 592 tres.
1507 539 1553 591 A
1587 542 1757 608 capta
1779 542 1979 590 autem

328 635 625 705 Babylone
657 631 728 686 ad
753 635 1004 684 mortem
1028 627 1372 690 Alexandri,
1401 643 1543 680 anni
1566 632 1804 681 centum
1828 629 1982 679 octo-

329 725 490 798 ginta
522 737 640 776 sex.
677 720 823 773 Hinc
849 718 922 772 ad
955 717 1260 771 victoriam
1288 715 1558 787 Augusti,
1595 713 1832 784 quando
1856 715 1980 767 An-

330 813 532 868 tonius
563 809 673 865 sibi
701 808 812 879 ipsi
839 813 1092 862 mortem
1115 805 1404 860 conscivit
1419 802 1814 866 Alexandriae,
1839 801 1979 855 anni

331 899 567 957 ducenti
584 898 907 970 nonaginta
923 902 1342 966 quatuor,cum
1360 901 1498 948 tunc
1515 898 1671 946 esset
1684 895 1982 962 Augustus

333 995 541 1062 quater
553 986 784 1042 consul.
808 988 850 1039 A
866 1002 983 1056 quo
1003 991 1267 1055 tempore
1283 983 1355 1037 ad
1375 987 1676 1037 certamen
1691 978 1849 1050 quod
1868 981 1985 1033 Ro-

330 1097 443 1136 maa
467 1077 734 1133 exhibuit
755 1074 1147 1140 Domitianus,
1181 1072 1325 1126 anni
1348 1076 1590 1126 centum
1614 1067 1982 1140 quatuorde-

333 1170 468 1225 cim.
503 1169 548 1221 A
581 1166 772 1238 primo
799 1170 996 1219 autem
1029 1165 1353 1218 certamine
1399 1177 1589 1230 usque
1629 1159 1702 1213 ad
1731 1164 1983 1212 mortem

333 1255 658 1324 Commodi,
687 1253 827 1310 anni
844 1257 1082 1307 centum
1097 1249 1396 1306 undecim.
1423 1250 1570 1303 Sunt
1590 1253 1813 1312 autem,
1837 1246 1986 1317 quia

333 1348 590 1416 Cecrope
613 1343 854 1415 quidem
873 1358 1061 1411 usque
1074 1341 1148 1395 ad
1163 1339 1564 1394 Alexandrum
1580 1335 1982 1402 Macedonem,

332 1436 620 1500 colligunt
637 1449 828 1488 annos
846 1431 1010 1486 mille
1033 1431 1408 1497 octingentos
1431 1428 1633 1500 viginti
1655 1426 1985 1492 octo;aDe-

331 1525 649 1596 mophonte
663 1522 958 1588 *autem,
973 1519 1137 1574 mille
1155 1519 1443 1572 ducentos
1459 1515 1910 1587 quinquaginta;
1928 1519 1986 1567 et

333 1631 368 1670 a
394 1614 568 1686 Troja
597 1617 768 1683 capta
791 1609 865 1664 ad
897 1609 1252 1663 descensum
1286 1605 1753 1669 Heraclidarum,
1793 1619 1985 1658 annos

336 1708 573 1759 centum
609 1699 830 1772 viginti,
863 1697 952 1751 vel
983 1701 1224 1750 centum
1247 1695 1563 1764 octoginta.
1593 1693 1676 1746 Ab
1706 1709 1772 1746 eo
1798 1707 1984 1762 usque

336 1792 410 1847 ad
436 1793 774 1844 Evaanetum
791 1786 1036 1840 Athenis
1052 1799 1350 1838 summum
1366 1787 1667 1853 gerentem
1684 1780 1989 1851 magistra-

336 1887 485 1946 tum,
515 1879 687 1948 cujus
721 1881 987 1946 tempore
1020 1873 1228 1927 dicunt
1248 1870 1648 1925 Alexandrum
1683 1869 1988 1939 trajecisse

337 1970 398 2023 in
416 1967 635 2032 Asiam,
650 1970 714 2019 ut
725 1963 980 2018 Phanias
999 1961 1264 2032 quidem,
1281 1960 1419 2014 anni
1435 1958 1790 2029 septingenti
1807 1958 1989 2027 quin-

337 2057 569 2123 decim;
626 2060 692 2109 ut
742 2054 1011 2124 Ephorus
1069 2056 1290 2115 autem,
1337 2049 1696 2120 septingenti
1746 2048 1987 2116 triginta

339 2147 646 2218 quinque;
680 2148 745 2197 ut
775 2148 974 2196 autem
1005 2140 1257 2194 Timaeus
1300 2145 1358 2192 et
1405 2137 1757 2205 Clitarchus,
1791 2137 1985 2191 octin-

333 2235 493 2308 genti
520 2232 727 2305 viginti
756 2249 768 2297 ;
802 2235 869 2284 ut
914 2235 1112 2284 autem
1155 2227 1596 2293 Eratosthenes,
1632 2225 1986 2298 septingenti

335 2323 709 2396 septuaginta
740 2326 859 2374 tres
886 2337 899 2385 ;
932 2324 998 2372 ut
1028 2322 1228 2371 autem
1256 2317 1452 2382 Duris,
1476 2332 1510 2370 a
1529 2315 1702 2385 Troja
1722 2320 1893 2385 capta
1913 2314 1985 2368 ad

333 2409 653 2469 Alexandri
686 2409 745 2464 in
776 2408 976 2463 Asiam
995 2405 1338 2470 adventum,
1364 2405 1506 2459 anni
1534 2403 1718 2458 mille.
1745 2404 1891 2458 Hinc
1913 2403 1985 2458 ad

334 2505 693 2566 Evaanetum,
715 2498 813 2569 qui
835 2495 1081 2551 Athenis
1101 2511 1399 2549 summum
1415 2494 1656 2565 gerebat
1677 2491 1989 2564 magistra-

331 2598 480 2659 tum,
513 2607 630 2662 quo
664 2595 928 2659 tempore
951 2585 1099 2640 obiit
1129 2583 1484 2650 Alexander,
1514 2583 1658 2637 anni
1682 2582 1984 2637 undecim.

334 2683 482 2737 Hinc
502 2680 578 2734 ad
600 2677 918 2750 imperium
943 2673 1276 2730 Germanici
1299 2672 1529 2727 Claudii
1553 2671 1820 2734 Caesaris,
1845 2671 1985 2725 anni

334 2769 584 2825 trecenti
616 2766 921 2838 sexaginta
953 2763 1237 2833 quinque.
1269 2765 1314 2816 A
1347 2777 1462 2832 quo
1496 2767 1762 2832 tempore
1797 2761 1987 2814 maui-

331 2858 467 2914 festi
501 2860 642 2912 sunt
671 2854 835 2921 anni,
870 2851 971 2923 qui
1003 2849 1366 2921 colliguntur
1396 2865 1584 2919 usque
1629 2848 1702 2903 ad
1734 2853 1987 2903 mortem

333 2944 660 3003 Commodi.
689 2945 828 2998 Post
857 2943 1058 2995 Grasca
1082 2945 1280 2994 autem
1313 2944 1454 2994 sunt
1470 2939 1647 2993 etiam
1675 2955 1745 2994 ex
1775 2937 1987 2992 barba-

331 3051 536 3092 rorum
563 3030 1002 3104 supputatione,
1038 3028 1294 3083 maxima
1330 3034 1663 3099 temporum
1696 3026 1984 3082 tradenda

332 3125 542 3199 spatia.
574 3122 660 3178 Ab
692 3120 876 3176 Adam
909 3118 1150 3190 quidem
1179 3133 1368 3188 usque
1402 3116 1474 3170 ad
1501 3115 1786 3171 diluvium
1810 3115 1982 3171 colli-

331 3219 552 3286 guntur
582 3211 722 3267 anni
772 3209 864 3264 bis
899 3207 1060 3263 mille
1113 3212 1352 3262 centum
1404 3205 1796 3278 quadraginta
1825 3209 1980 3268 octo,

331 3304 459 3360 dies
491 3306 763 3374 quatuor.
807 3301 852 3353 A
881 3299 1015 3354 Sem
1064 3301 1261 3352 autem
1304 3310 1495 3366 usque
1543 3294 1617 3350 ad
1660 3293 1978 3361 Abraham,

399 3421 463 3486 μμ
494 3422 553 3475 Ρ.
592 3419 692 3486 403
727 3417 837 3471 ED.
898 3414 1191 3481 POTTER,
1225 3412 1326 3465 337
1360 3411 1472 3465 ΕΙ).
1506 3409 1683 3464 PBIS.

334 3559 463 3627 ejus
495 3551 810 3616 sententia,
842 3550 996 3603 inter
1026 3546 1241 3602 Urbem
1268 3543 1568 3598 conditam
1601 3548 1661 3624 et
1687 3542 1786 3608 τήν
1824 3541 1977 3615 βασι-

332 3624 472 3681 λὲων
504 3622 797 3694 ἆιαὶρεσιν,
833 3644 860 3670 ‹‹
894 3635 1099 3692 regum
1125 3616 1556 3688 expulsionem,
1586 3635 1612 3664 η
1648 3613 1980 3670 intercede-

331 3699 476 3755 bant
505 3695 648 3753 anni
680 3695 805 3748 245.

585 3759 908 3821 Βαϐυλῶνος
991 3757 1276 3839 ἀλώσεφς.
1363 3751 1692 3839 Βαϐυλῶνος
1746 3753 1977 3839 Δἆνλιλυρις

322 3828 712 3906 intelligenda
743 3841 992 3904 est,quaa
1024 3848 1130 3906 per
1157 3831 1372 3900 Cyrum
1402 3829 1556 3882 facta
1583 3828 1978 3894 est,utdecla-

323 3919 415 3967 rat
447 3903 684 3966 Eusebii
710 3903 1042 3964 Chroriicon.
1080 3903 1358 3956 SYLBURG.

391 3985 504 4054 (30)
555 3981 850 4054 Ἐντεῦθεν-
891 3973 984 4054 ὶτῖἶ,
1027 3972 1126 4054 ’ἒῇν
1181 3969 1493 4054 Αὐγιφστοεδ
1533 3989 1660 4054 .ἶ’.ίκ’
1726 3969 1983 4054 ξθίξίίεθτ

321 4041 427 4113 lib.
458 4041 508 4118 v',
543 4069 599 4124 p.
639 4053 740 4106 237
769 4066 780 4102 :
817 4045 1143 4124 Dupliciter
1172 4041 1428 4124 sumitur
1465 4041 1980 4124 initiurnActiacai

324 4111 583 4182 victoriae
619 4140 630 4176 ε
667 4126 769 4176 aut
799 4111 960 4173 enim
992 4134 1026 4171 a
1055 4116 1242 4170 classe
1274 4111 1512 4168 Antonii
1545 4119 1602 4165 et
1657 4112 1980 4182 Cleopatrae

325 4199 496 4264 victa,
532 4202 591 4251 et
619 4192 808 4264 Thoth
855 4191 993 4264 fixo,
1053 4191 1155 4264 aut
1209 4185 1282 4264 a_b
1329 4183 1694 4264 Alexandria
1723 4188 1979 4264 recepta.

325 4255 494 4327 Diem
510 4268 706 4338 ipsum
733 4263 904 4318 docet
926 4257 1289 4338 pio,_classis
1311 4255 1542 4338 devicta
1564 4255 1981 4338 iv.1_‘ion‘.Sept.,

329 4325 557 4397 Cmsaré
581 4340 774 4394 Octav.
809 4333 1006 4398 tertio,
1040 4332 1108 4385 M.
1157 4327 1406 4393 Valerio,
1433 4325 1707 4398 MMessala
1735 4325 1982 4379 Corvino

327 4429 504 4475 coss.,
530 4426 688 4465 anno
713 4404 947 4478 imperii
975 4401 1211 4478 Augusti
1243 4401 1328 4465 15,
1353 4397 1601 4478 Iuliano
1640 4400 1723 4478 iii.
1746 4398 1986 4478 _Rursus
2022 4403 2063 4466 ι)

327 4465 734 4545 Chronologus
758 4465 922 4545 vetus
945 4465 1099 4545 apud
1127 4473 1496 4545 Clementum
1528 4467 1692 4545 ίἈπὸ
1707 4472 1806 4545 τῇς
1827 4465 1986 4545 ’.ξλε-

327 4497 622 4537 ωιιιοῐιοιο
665 4497 734 4533 118
758 4497 922 4531 VBIUS
945 4497 1099 4545 apuu
1127 4497 1496 4526 blt'uu'luuui
1528 4510 1540 4522 .
1574 4497 1805 4531 ηπυτιμ,
1847 4497 1985 4521 mu.-

325 4552 553 4624 ξάνορου
581 4497 839 4616 τόλευτῆς
869 4544 953 4600 ἐπὶ
1015 4544 1112 4609 τὴν
1149 4542 1468 4624 Αὐγοπξστου
1497 4539 1681 4624 νίκην,
1739 4538 1829 4624 ὅτε
1859 4540 1985 4624 Ἀκί-

325 4605 524 4681 τώνιιος
581 4605 1011 4696 ἔσφαξενμαύτὸν
1072 4605 1126 4669 ἒν
1183 4605 1734 4696 Ἀ’λεξανδρείᾳξξτη
1771 4612 1989 4678 ἐννενή-

326 4713 492 4748 κοντα
519 4682 768 4764 τὲσσὰρᾶ.
805 4697 850 4764 A
876 4687 1346 4759 sequentiigitur
1368 4682 1524 4764 anno
1555 4682 1789 4764 .luli_ano
1821 4689 1989 4764 putat

327 4767 629 4823 Actiacam
653 4755 978 4828 victoriam;
1006 4755 1220 4828 nempe
1253 4773 1287 4811 a
1317 4755 1632 4828 consulatu
1656 4756 1705 4828 4_
1739 4755 1985 4828 Augusti

331 4845 391 4894 et
412 4835 767 4894 Alexandria
799 4825 1055 4902 recepta.
1083 4825 1359 4885 Horatius
1390 4827 1493 4882 lib.
1527 4843 1600 4894 iv,
1635 4825 1744 4880 ode
1771 4827 1803 4878 4
1829 4843 1841 4879 :

760 4982 772 4996 .
819 4981 834 4996 .
880 4977 893 4991 .
941 4979 953 4992 .
979 4939 1118 4992 Nam
1151 4935 1258 4989 tibi
1281 4949 1391 5006 quo
1420 4933 1509 4987 die

753 5013 950 5065 Portus
981 5003 1326 5061 Alexandria
1354 5003 1609 5074 supplex,

754 5083 821 5135 Et
854 5094 1082 5133 vacuam
1097 5077 1365 5147 patefecit
1387 5075 1593 5139 aulam,

827 5153 1078 5206 Fortuna
1098 5145 1284 5202 lustro
1310 5162 1581 5216 prospera
1606 5145 1764 5199 tertio

756 5223 897 5278 Belli
920 5219 1183 5276 secundos
1201 5217 1444 5272 reddidit
1476 5219 1678 5272 exitus.
1711 5216 1984 5272 Conwar.

405 5337 519 5406 (31)
541 5331 848 5406 ἰ’πᾷτευεν;
876 5327 1021 5406 L_ege
1052 5322 1141 5406 ὅτε
1172 5319 1330 5406 ﬁngit.
1368 5323 1585 5406 Lo-wru.

543 5402 667 5461 Ἐπὶ
697 5402 789 5456 τὸν
825 5388 1032 5471 ἀγῶνα,
1093 5395 1150 5449 ὅν
1186 5391 1374 5471 ’ἔθηκε
1432 5388 1785 5471 ᾼομετιανός.
1848 5391 1984 5471 5οᾶ-

322 5467 471 5551 Ιὶμιδιυ
495 5464 604 5535 lib.
641 5495 692 5542 ι’,
725 5494 781 5548 p.
817 5464 940 5528 2'23.
995 5466 1381 5551 bnnc'locum
1406 5465 1598 5518 citans
1634 5464 1982 5551 :Te‘traete-

321 5534 750 5620 rirdeis,rinquit..
781 5562 886 5617 per
925 5539 1528 5620 Capitolinosagonas
1570 5534 1978 5620 servabantur.

321 5604 581 5690 olidam;
605 5604 832 5692 primus
863 5604 1261 5692 aliomiti‘ano
1288 5604 1593 5692 institutus
1615 5604 1980 5692 Afuit,duo‘d.e:

325 5677 628 5765 cimoejus
651 5699 710 5747 et
735 5687 917 5747 Servii
937 5683 1197 5742 Cornelii
1230 5681 1564 5738 consulatu.
1597 5679 1772 5734 Anno
1798 5677 1976 5750 Iphiti

2083 449 2182 512 τῆς
2240 437 2570 504 Βαϐυλῶνος
2625 442 2888 504 ἁλώσεως
2949 448 3056 514 (29)
3117 442 3206 497 ἐπὶ
3254 443 3354 510 τήν
3388 441 3747 516 Ἀλεξάνδρου

2083 531 2369 604 τελευτὴν,
2430 530 2524 602 ἔτη
2559 531 2745 586 ἑκατὸν
2801 531 3146 608 ὀγδοήκοντα
3195 529 3270 602 ἕξ.
3333 534 3601 596 Ἐντεῦθεν
3663 532 3748 587 ἐπὶ

2084 621 2184 688 τήν
2220 620 2536 695 Αὐγούστου
2567 619 2724 690 νίκην
2781 624 2918 694 (30),
2980 620 3070 676 ὅτε
3130 621 3425 682 Ἀντώνιος
3459 620 3750 699 ἆπὲσοσξεν

2090 713 2277 766 ἑαυτὸν
2335 711 2387 766 ἐν
2450 709 2855 787 Ἀλεξανδρείᾳ,
2916 711 3008 784 ἔτη
3097 710 3350 768 διακόσια
3411 712 3756 784 ἐννενήκοντα

2086 802 2337 874 τέσσαρα⁹
2423 801 2682 855 ὓπάτευεν
2771 805 2883 873 (31)
2941 802 3250 878 Αὔγουστος
3331 803 3394 857 τὸ
3479 803 3754 879 τέταρτον,

2090 892 2208 967 Ἀφ’
2242 890 2304 944 οὗ
2341 890 2543 965 χρόνου
2588 889 2672 945 ἐπὶ
2732 892 2826 945 τὸν
2882 891 3084 966 ἀγῶνα,
3145 891 3202 945 ὅν
3266 888 3428 961 ἔθηκε
3488 900 3756 964 Δομετιαο

2089 979 2181 1033 νὸς
2247 981 2360 1052 (32)
2417 979 2469 1034 ἐν
2512 981 2733 1054 Ῥώμῃ,
2793 974 2887 1049 ἔτη
2947 980 3134 1034 ἑκατὸν
3208 978 3592 1058 δεκατέσσαρα·
3656 981 3758 1037 ἆπὸ

2093 1064 2150 1120 δὲ
2178 1071 2275 1121 τοῦ
2317 1067 2539 1142 πρώτου
2591 1067 2804 1142 ἆγῶνος
2858 1067 2945 1120 ἐπὶ
3004 1068 3102 1136 τήν
3160 1067 3414 1141 Κομόδου
3471 1068 3758 1138 τελευτὴν,

2091 1153 2182 1225 ἔτη
2227 1154 2414 1210 ἑκατὸν
2473 1153 2683 1213 ἕνδεκα.
2749 1156 2868 1211 Εἰσὶ
2925 1154 3002 1224 δὲ,
3061 1154 3113 1210 o'i
3169 1157 3276 1212 ἀπὸ
3335 1157 3624 1232 Κέκροπος
3665 1161 3754 1231 μὲν

2093 1243 2180 1298 ἐπὶ
2267 1243 2618 1320 Ἀλέξανδρον
2698 1245 2792 1299 τὸν
2892 1242 3172 1300 Μακεδόνα
3260 1248 3578 1321 συνάγουσιν
3671 1243 3760 1320 ἔτη

2093 1331 2254 1408 χίλια
2308 1329 2599 1388 ὀκτακόσια
2655 1332 3000 1388 εἲκοσιοκτώ·
3065 1334 3170 1388 ἀπὸ
3240 1331 3296 1389 δὲ
3359 1340 3760 1413 Δημοφῶνττς,

2093 1422 2254 1498 χίλια
2313 1421 2561 1478 διακόσια
2617 1424 2972 1492 πεντήκοντω
3031 1423 3120 1478 καὶ
3180 1423 3286 1477 ἀπὸ
3341 1425 3549 1500 Τροίας
3611 1425 3761 1480 ἁλώ-

2095 1533 2230 1574 σεως
2278 1511 2365 1566 ἐπὶ
2409 1513 2508 1579 τήν
2560 1510 2935 1584 Ἡρακλειδῶν
2996 1509 3254 1578 κάθοδον,
3286 1509 3380 1582 ἔτη
3431 1515 3626 1568 ἑκατὸν
3688 1516 3762 1568 εθ-

2091 1621 2265 1667 κοσιν,
2298 1601 2546 1669 ἢὲκατὸν
2602 1599 2965 1674 ὀγδοήκοντα.
3023 1602 3162 1656 Ἀπὸ
3218 1601 3416 1656 τούτου
3475 1601 3562 1657 ἐπὶ
3596 1603 3762 1659 Εὐαί-

2019 1710 2247 1780 Βνετον
2292 1689 2560 1764 ἄρχοντα,
2621 1689 2702 1766 ἐφ’
2762 1689 2834 1744 οὗ·
2893 1711 3050 1767 φασιν
3112 1688 3470 1765 Ἀλέξανδρον
3532 1691 3607 1752 εἷς
3669 1693 3766 1760 τήν

2097 1777 2280 1835 Ἀσίαν
2315 1773 2591 1849 διαϐῆναι,
2625 1779 2702 1839 ὡς
2749 1779 2844 1851 μὶν
2902 1779 3159 1849 Φανείας,
3193 1774 3286 1848 ἔτη
3349 1779 3648 1836 ἑπτακόσια
3682 1778 3768 1835 δε-

2097 1864 2344 1935 καπέντε,
2380 1867 2454 1928 ὡς
2493 1865 2548 1921 δὲ
2614 1873 2875 1944 Ἔφορος,
2933 1867 3230 1922 ἑπτακόσια
3287 1870 3767 1944 τριακονταπέντεο

2097 1957 2170 2017 ὡς
2220 1953 2278 2010 δὲ
2329 1957 2567 2028 Τίμαιος
2610 1957 2698 2010 καὶ
2763 1954 3132 2031 Κλείταρχος,
3195 1956 3490 2013 ὀκτακόσια
3537 1957 3766 2014 εἷ’κοσιν·

2097 2043 2258 2106 ὡςδὲ
2316 2046 2726 2120 Ἐρατοσθένης,
2787 2045 3079 2100 ἑπτακόσια
3120 2041 3765 2123 ἒὸδομηκοντατὲσσαρα·

2096 2134 2169 2196 ὡς
2204 2131 2260 2187 δὲ
2288 2137 2498 2206 Δοῦρις,
2531 2134 2636 2188 ἀπὸ
2681 2137 2886 2209 Τροιας
2944 2135 3204 2197 ἁλώσεως
3234 2135 3318 2190 ἐπὶ
3369 2138 3467 2205 τήν
3505 2136 3768 2209 Ἀλεξιιὶν⁸

2097 2221 2227 2298 δρου
2258 2221 2334 2285 εἷς
2390 2224 2576 2280 Ἀσίαν
2638 2219 2910 2292 διάϐασιν,
2968 2220 3058 2294 ἔτη
3119 2225 3302 2299 χίλια.
3338 2227 3620 2283 Ἐντεῦθεν
3676 2226 3763 2279 ἐπὶ

2099 2311 2384 2368 Εὐαίνετον
2418 2315 2530 2384 (33)
2556 2311 2646 2365 τὸν
2683 2312 2966 2384 ’Λθήνῃσίν
3002 2311 3263 2388 ἄρχοντα,
3295 2312 3379 2387 ἐφ’
3420 2315 3480 2368 οὗ
3530 2316 3753 2385 θνήσκει

2097 2397 2480 2473 Ἀλέξανδρος,
2535 2394 2627 2468 ἔτη
2687 2401 2774 2457 ια’.
2839 2403 3112 2464 Ἐντεῦθεν
3173 2400 3257 2456 ἐπὶ
3311 2404 3410 2471 τήν
3450 2404 3752 2478 ἡγεμονίαν

2097 2492 2434 2562 Γερμανικοῦ
2493 2485 2771 2543 Κλαυδίου
2829 2489 3123 2563 Καίσαρος,
3168 2485 3260 2560 ἔτη
3289 2491 3573 2564 τριοκόσ.α
3635 2491 3754 2562 ἐξή-

2098 2598 2258 2632 κοντα
2289 2577 2465 2633 πέντε·
2501 2576 2590 2654 ἀφ’
2620 2579 2682 2631 οὗ
2713 2578 2918 2652 χρόνου
2978 2575 3121 2647 δῆλα
3177 2579 3378 2652 γίνεται
3428 2581 3516 2634 καί
3547 2581 3615 2635 τὰ
3670 2580 3756 2635 ἐπὶ

2094 2667 2196 2734 τήν
2229 2663 2488 2738 Κομόδου
2515 2663 2776 2734 τελευτὴν
2833 2662 2952 2736 ἔτη,
2986 2667 3084 2721 ὅσα
3139 2688 3201 2742 γε
3251 2667 3549 2744 συνάγεται.
3605 2669 3756 2723 Μετᾶ

2098 2752 2155 2809 δὶ
2185 2756 2250 2809 τὰ
2277 2753 2604 2826 Ἑλληνικὰ,
2633 2755 2723 2809 καὶ
2784 2756 2889 2810 ἀπὸ
2950 2761 3059 2811 τῶν
3095 2757 3232 2812 κατὰ
3286 2756 3414 2818 τοὺς
3451 2751 3750 2833 βαρϐάρους

2097 2844 2332 2920 χρόνων,
2367 2841 2663 2899 ἀποδοτέον
2699 2843 2786 2899 καὶ
2819 2845 2884 2899 τὰ
2920 2843 3150 2920 μέγιστα
3209 2843 3571 2917 διαστήματα.
3607 2847 3752 2900 Ἀπὸ

2100 2935 2195 3007 μὶν
2229 2931 2536 3006 ’Λδὰμωιίὴ
2567 2929 2672 2995 ἕως
2730 2937 2829 2988 τοῦ
2889 2933 3282 3008 κατακλυσμοῦ
3332 2935 3613 3010 συνάγεται
3663 2930 3755 3005 ἔτη

2097 3021 2348 3098 δισχίλια
2379 3023 2565 3078 ἑκατὸν
2624 3023 3197 3098 τεσσαρακονταοκτὼ,
3243 3023 3450 3100 ἡμέραι
3481 3026 3759 3100 τέσσαρες·

2093 3113 2198 3168 ἀπὸ
2238 3109 2296 3166 δὲ
2337 3108 2585 3183 Σῆμὲως
2613 3105 2887 3186 Ἀϐραάμ,
2923 3106 3014 3181 ἔτη
3049 3111 3211 3188 χίλια
3242 3110 3490 3168 διακόσια
3518 3115 3581 3168 ν’.
3619 3115 3762 3169 Ἀπὸ

2093 3199 2150 3256 δὶ
2177 3201 2358 3257 Ἰσαὰκ
2383 3199 2487 3262 ’ὲως
2519 3207 2617 3269 τῆς
2675 3198 3074 3276 κληροδοσίας,
3126 3196 3218 3272 ἔτη
3272 3203 3519 3275 ἑξακόσια
3549 3200 3759 3275 δεκαέξ.

2092 3291 2318 3345 Ἔπειτα
2349 3288 2454 3344 ἀπὸ
2485 3292 2684 3364 κριτῶν
2711 3285 2816 3350 ἕως
2851 3288 3141 3362 Σαμουὴλ,
3174 3288 3267 3362 ἔτη
3293 3291 3614 3364 τετρακόσια
3632 3292 3762 3364 ἑξή-

2090 3543 2228 3596 1014
2259 3539 2555 3594 scribebat
2584 3539 2806 3594 librum
2841 3557 3010 3595 suum
3045 3543 3120 3595 De
3172 3540 3264 3595 die
3320 3543 3503 3597 natali
3531 3542 3760 3597 Censo~

2088 3613 2279 3686 rinus,
2311 3627 2427 3681 quo
2459 3627 2617 3665 anno
2650 3612 2847 3686 prodit
2875 3613 3240 3686 celebratum
3264 3613 3760 3686 undequadrage-

2091 3684 2606 3754 simumnagonem
2666 3684 3085 3754 Capitolinum.
3143 3701 3299 3738 anno
3359 3686 3576 3739 Christi
3623 3684 3755 3740 238.

2088 3755 2250 3808 Idem
2285 3753 2386 3806 lib.
2423 3771 2463 3814 ι,
2497 3771 2627 3824 cap.
2675 3753 2761 3820 10,
2791 3757 3323 3820 Auson.lectionum,
3353 3757 3524 3811 docet
3555 3774 3761 3812 exemo

2089 3826 2186 3897 plo
2249 3825 2526 3879 ludorum
2565 3825 3021 3897 ,Olympicorum
3076 3826 3379 3881 institutos
3401 3828 3585 3882 fuisse
3649 3829 3758 3883 hos

2091 3912 2331 3968 agonas,
2360 3897 2420 3950 in
2453 3896 2668 3968 quibus
2701 3914 2875 3952 omne
2899 3913 3084 3968 genus
3124 3899 3386 3953 artifices
3418 3898 3756 3966 certabant,

2093 3967 2151 4022 et
2180 3984 2402 4038 quercu
2433 3967 2961 4028 coronabantur.et
2980 3971 3324 4040 Romanon
3355 3970 3672 4040 perlustra
3688 3977 3756 4025 ut

2091 4046 2285 4096 antea.
2319 4055 2598 4110 magnum
2631 4056 2852 4113 annum
2885 4039 3190 4106 vocabant,
3223 4041 3325 4095 sed
3352 4039 3457 4112 per
3479 4041 3762 4113 Capitoli-

2092 4128 2201 4165 nos
2233 4126 2450 4182 agonas
2473 4111 2914 4181 computabant.
2940 4113 3188 4166 Corwcr

2164 4179 2626 4254 (33)Ἐύαίνετονξ
2668 4183 2778 4236 Seu
2838 4183 3033 4254 potius
3081 4180 3364 4250 Ἡγησίαν,
3419 4184 3556 4237 Erat
3587 4186 3754 4238 enim

2093 4255 2398 4307 Evametus
2429 4253 2672 4326 archon,
2703 4253 2847 4307 cum
2871 4255 3205 4309 Alexander
3237 4255 3295 4308 in
3329 4254 3526 4308 Asiam
3553 4257 3756 4326 profe-

2093 4330 2222 4378 ctus
2246 4330 2355 4386 est,
2389 4331 2453 4377 ut
2485 4325 2661 4394 paulo
2716 4331 2854 4379 ante
2899 4325 3074 4380 refert
3126 4327 3434 4389 Clemens;
3472 4325 3755 4395 Hegesias

2095 4411 2392 4481 ver'o:cu‘m
2412 4395 2834 4481 post‘unde‘cim
2849 4397 3343 4481 annosliabylone
3359 4405 3630 4481 mortuus
3647 4406 3756 4454 est.

2170 4469 2280 4537 (3i)
2306 4463 2440 4519 Ἀπὸ
2503 4465 2596 4533 μὲν
2637 4463 2813 4536 Ἀδάμ
2893 4463 3221 4522 Discrimen
3273 4469 3420 4522 illud
3481 4470 3760 4523 estinter

2101 4538 2376 4592 Hebraeos
2411 4543 2467 4590 et
2498 4539 2657 4598 LXX.
2685 4538 2843 4608 quod
2887 4538 2959 4592 ab
2995 4539 3115 4593 illis
3147 4538 3388 4609 quidem
3421 4539 3493 4594 ab
3531 4539 3758 4594 Adamo

2101 4609 2175 4664 ad
2207 4609 2489 4663 diluvium
2519 4616 2914 4663 numerentur
2933 4612 3320 4665 annitantum
3350 4613 3484 4664 i656
3514 4619 3573 4665 at
3591 4612 3756 4677 LXX,

2097 4687 2162 4735 ut
2191 4687 2281 4734 est
2304 4680 2458 4751 apud
2490 4680 2806 4734 Eusebium
2858 4681 3016 4735 circa
3070 4688 3337 4751 tempora
3397 4682 3756 4747 Salomonis,

2097 4773 2124 4800 «
2160 4752 2232 4824 ab
2274 4751 2497 4806 Adamo
2524 4768 2737 4824 iusque
2770 4751 2844 4824 ad
2875 4752 3160 4807 diluvium
3192 4755 3331 4807 2242
3361 4753 3523 4818 anni,
3560 4774 3586 4801 η
3621 4771 3757 4824 quae

2094 4823 2272 4895 verba
2296 4829 2440 4895 sunt
2467 4822 2742 4895 addenda
2768 4823 2945 4895 etiam
2997 4824 3112 4878 alio
3173 4824 3439 4895 ejusdem
3497 4822 3756 4880 Chrdmci

2094 4893 2224 4966 loco
2255 4894 2414 4966 circa
2439 4894 3041 4966 cxcrxiOlympiadem
3072 4893 3217 4966 post
3263 4895 3367 4951 illa
3415 4895 3614 4963 verba,
3640 4919 3664 4944 ‹‹
3721 4912 3755 4950 a

2096 4965 2312 5020 diluvio
2340 4981 2530 5036 usque.
2551 4965 2959 5036 adAbraham,
2988 4989 3008 5018 ι
3034 4965 3547 5021 consentientibus
3561 4967 3752 5021 tribus

2093 5035 2516 5110 manuscriptis
2537 5035 3011 5110 codicibus.Yide
3038 5038 3501 5110 D.Augustinum
3521 5037 3626 5110 lib.
3660 5055 3751 5103 xv,

2096 5125 2146 5163 c.
2179 5109 2250 5160 23
2282 5110 2356 5162 De
2385 5110 2536 5163 civit.
2590 5109 2708 5170 Dei,
2745 5109 3070 5163 Marianum
3102 5109 3339 5164 Scotum
3391 5115 3448 5163 et
3478 5109 3744 5164 Adonem

2096 5179 2513 5253 Viennensem,
2546 5185 2601 5234 et
2645 5179 2737 5234 bis
2778 5180 3076 5253 historicis
3109 5181 3506 5253 antiquiorem
3535 5181 3752 5253 Grego-

2093 5250 2245 5304 rizzm
2269 5253 2770 5316 Turonensem,ex
2796 5253 2965 5321 cujus
2983 5250 3428 5306 historiae'calce
3447 5250 3750 5321 corrigen-

2093 5321 2234 5376 dum
2277 5328 2583 5392 estcaput,
2614 5329 2671 5376 et
2692 5321 2852 5377 idem
2886 5339 3174 5378 numerus
3198 5323 3334 5378 LXX
3362 5321 3738 5377 scribendas.

2094 5393 2807 5464 comitem—Theophilus
2830 5395 2910 5447 Ad
2938 5395 3192 5462 Aulonc.
3225 5394 3326 5448 lib.
3363 5395 3644 5464 m.p.188,
3677 5393 3746 5449 ab

2092 5463 2314 5518 Adamo
2347 5464 2418 5517 ad
2446 5466 2516 5519 Μ.
2553 5463 2859 5519 Aurelium
2906 5467 3140 5525 Verum,
3177 5463 3752 5521 eumdem’recenset

2092 5551 2383 5589 annorum
2421 5552 2760 5599 numerum,
2794 5551 2969 5606 quem
3002 5537 3275 5590 Clemens
3305 5537 3379 5591 ab
3414 5535 3640 5592 Adamo
3675 5535 3747 5591 ad

2091 5605 2532 5662 Commodum:
2575 5605 2635 5661 in
2696 5605 3066 5662 inte’rmediis
3137 5624 3428 5663 annorum
3483 5607 3743 5664 numeris

2090 5678 2506 5750 computandis
2539 5695 2658 5735 non
2691 5694 2929 5751 semper
2958 5678 3115 5734 inter
3142 5695 3243 5733 eos
3274 5679 3567 5734 convenit.
