4044 6154
339 261 449 318 889

1683 285 2125 346 STBOMATUM
2159 287 2298 343 LIB.
2336 287 2384 342 ἰ.

3641 288 3760 346 890

342 388 378 483 ᾖ
402 385 560 483 euolat
587 389 630 483 ἡ.
654 387 899 483 διρριςίσα,
918 395 954 464 ἡ
981 396 1217 473 ἁμαρτία
1237 399 1332 474 ὶρη
1343 407 1654 476 μωθήσεται
1685 413 1819 479 (61),
1850 406 1967 479 ἡδο

2104 410 2514 483 adjunguntur
2543 409 2791 464 Othonis
2821 414 2880 463 et
2909 407 3104 465 Galbae
3126 415 3186 465 et
3207 389 3563 466 Vitelliiixvu
3584 429 3757 468 men-

343 476 516 568 θεῖσα,
549 478 634 568 καὶ
669 481 703 547 ἡ
737 477 966 556 δύναμις
998 486 1089 541 καὶ
1120 488 1181 543 τὸ
1229 491 1379 568 ἅγιον
1411 498 1820 568 συμπαθήσεται
1847 517 1862 567 ;
1890 499 1993 554 Καὶ

344 566 491 662 ιῖττεν
523 566 692 662 αὐτῷ’
716 570 860 662 Ἕως
887 573 1114 652 ἱσπὲρας
1147 579 1234 633 καὶ
1276 566 1438 658 Ἵπρωΐ
1483 566 1686 662 ἦμέραι
1749 587 1828 662 βτ¹
1852 566 1988 660 (62)·

341 655 431 710 καὶ
464 655 755 729 ἀρθήσεται
785 661 848 716 τὸ
887 664 1060 740 ἅγιον.
1097 691 1125 718 ››
1161 655 1341 726 Αὗται
1385 672 1476 727 οὗν
1529 655 1609 728 αἱ.
1639 675 1717 751 βτ¹
1749 655 1993 751 ’ἡμέραι³

341 742 810 840 γίνονται-ἔτησζ
845 758 1010 824 μῆνες
1047 753 1090 810 δ’
1124 760 1258 832 (63).
1311 760 1383 814 ὧν
1434 762 1498 816 τὸ
1535 742 1710 836 ἥμισυ

341 831 897 928 βασιλεύων
931 887 945 911 ,
1004 844 1096 900 καὶ
1151 845 1360 924 ἐγένετο
1419 831 1593 925 ἥμισυ
1651 831 1990 928 ἱϐδομάδος·

339 923 403 977 τὸ
433 921 492 978 δὲ
538 925 714 999 ἥμισυ
773 929 1163 998 Οὐεσπεσιανὸς
1224 937 1316 993 σὺν
1346 942 1574 1012 ’Όθωνι,
1633 944 1724 1000 καὶ
1784 921 1992 1018 Ῠάλϐᾳ,

338 1013 428 1067 καὶ
463 1012 777 1106 Οὗϊτελλῳ.
811 1022 906 1076 Καὶ
941 1019 1032 1078 διὰ
1073 1030 1235 1082 τοῦτο
1267 1027 1413 1106 λέγει
1461 1031 1689 1102 Δανιὴλ·
1735 1058 1765 1086 ι(
1799 1012 1991 1090 Mani;

341 1120 460 1198 ριος
491 1104 520 1198 6
553 1105 756 1198 φθάσας
786 1107 862 1172 εἰς
893 1112 1102 1186 ἡμέρας
1131 1113 1295 1174 ατλε’.
1333 1104 1361 1170 ›⁷›
1406 1121 1584 1196 Μέχρι
1631 1122 1733 1198 γὰρ
1779 1122 1987 1178 τούτων

336 1195 446 1247 τῶν
485 1194 688 1270 ἥμερον
716 1197 744 1251 6
775 1198 1023 1274 πόλεμος
1053 1202 1145 1276 ἧν,
1179 1207 1315 1278 μετὰ
1371 1205 1431 1264 δὲ
1486 1194 1656 1266 ταῦτα
1694 1194 1985 1270 ἐπαύσατο.

339 1281 617 1338 Δείκνυται
659 1283 716 1340 δὲ
769 1289 861 1343 καὶ
919 1289 1077 1354 οὗτος
1110 1294 1404 1371 ὁάριθμὸς
1457 1296 1516 1354 ἐκ
1570 1304 1667 1356 τοῦ
1727 1301 1988 1358 ὑποτετα-

334 1371 540 1444 γμὲνου
591 1375 909 1450 κεφαλαίου,
961 1374 1191 1456 ἔχοντος
1249 1383 1377 1441 ὦδε·
1424 1409 1452 1442 ι
1482 1388 1585 1445 Καὶ
1641 1389 1748 1444 ἀπὸ
1795 1396 1988 1461 καιροῦ

336 1459 730 1536 παραλλάξεως
776 1472 872 1522 τοῦ
918 1466 1338 1548 ἐνδελεχισμοῦ,
1389 1478 1475 1532 καὶ
1530 1475 1751 1548 δοθῆναι
1787 1459 1986 1555 βδέλυο

331 1571 447 1645 γμα
479 1555 590 1645 (64)
618 1552 978 1630 ἐρημώσεως,
1010 1561 1224 1634 ἡμέρας
1252 1565 1475 1639 ’χιλίους
1507 1552 1818 1632 διακοσίους
1872 1574 1986 1645 (65)

334 1637 715 1737 ξννενήκοντα..
759 1647 1039 1724 Μακάριος
1077 1653 1106 1708 6
1150 1637 1466 1728 ὑποήμὲνων,
1519 1658 1609 1713 καὶ
1660 1637 1984 1737 φθάσαςνεῖς

331 1729 568 1804 ἡμέρας,
617 1731 783 1806 ,ατλι
821 1761 849 1788 ››

332 1817 360 1871 6
389 1819 488 1882 τὰς
539 1819 839 1887 Ἰουδαϊκᾶς
888 1828 1144 1899 συντάξας
1185 1829 1448 1906 ἱστορίας,
1482 1835 1809 1910 χαταγαγὼν
1853 1835 1982 1898 τοὺς

333 1907 592 2001 χρόνους,
625 1913 788 1989 φησὶν
830 1915 935 1970 ἀπὸ
980 1918 1244 1982 Μοϋσὲως
1274 1916 1378 1983 ἓως
1430 1907 1598 1978 Δαϐίδ
1642 1907 1742 1994 ίὲτὴ
1793 1924 1985 2001 γίγνε-

330 1998 451 2091 σθαι
485 2001 624 2076 τρι-ςέο
683 2002 788 2058 ἀπὸ
848 2001 906 2060 δὲ
936 2001 1107 2062 Δαϐἱδ
1136 2005 1241 2072 ἓως
1298 2009 1697 2068 Οὐεσπεσιανοῦ
1729 1998 1982 2091 δευτέρου

327 2082 484 2177 ξτους
515 2091 682 2177 apol)“
717 2093 833 2148 εἶτα
887 2094 995 2151 ἀπὸ
1020 2095 1216 2154 τούτου
1273 2098 1438 2175 μέχρι
1492 2101 1813 2158 Ἀντωνίνου
1871 2082 1980 2177 (66)

329 2172 554 2232 δεκάτου
585 2175 738 2235 ἔτουι·
773 2179 827 2236 ἔτ
983 2204 995 2218 ο
1046 2186 1105 2224 (ρ
1167 2189 1189 2208 ⁷
1588 2201 1614 2226 ιο
1657 2189 1676 2222 ι
1871 2172 1886 2209 ί
1957 2172 1970 2210 ί

713 2219 733 2236 ι
833 2205 865 2254 η
901 2189 974 2254 οζ¹
1030 2208 1103 2248 ω..
1139 2207 1276 2243 ειναι
1326 2189 1432 2244 ἀπὸ
1483 2195 1759 2256 Μωυσεως
1799 2189 1887 2247 ἐπι
1916 2213 1980 2248 το

329 2261 550 2321 δέκατον
579 2262 699 2332 ἔτος
731 2271 1058 2330 ’Δντωνίνου
1085 2273 1257 2331 πάντα
1287 2273 1380 2348 ἔτη
1423 2277 1652 2354 ,α’ῘθλγἏ
1688 2278 1888 2338 Ἀλλοι
1921 2279 1979 2338 δὲ

330 2357 496 2431 μεχρι
549 2364 650 2422 τῆς
727 2358 986 2434 Κομόδου
1057 2363 1316 2435 τελευτῆς
1391 2368 1792 2443 ἀριθμήσαντες
1870 2371 1976 2429 ἀπὸ

326 2443 545 2534 ’1νξχου
573 2447 664 2502 καὶ
696 2449 992 2521 Μωϋσᾶως,
1041 2447 1134 2523 ἔτη
1166 2449 1370 2532 ἵφησαν
1415 2457 1658 2531 γίνεσθαι
1708 2455 1934 2534 ,βἸόμᾶ
1958 2480 1972 2495 ο

324 2533 377 2623 οἱ
411 2531 474 2623 ,δὲ
497 2536 814 2623 οβωκαᾌἘν
849 2537 907 2594 δὲ
947 2545 1026 2612 τῷ
1069 2531 1215 2598 κατὶ
1252 2545 1533 2618 Μαρθαΐον
1581 2531 1908 2623 Εὖαγγελίῳ
1936 2552 1970 2619 ή

324 2620 431 2677 ἀπὸ
463 2619 714 2700 Ἀϐραὰμ
743 2627 1069 2705 γενεαλογία
1111 2631 1274 2708 μέχρι
1343 2635 1552 2710 Μαρίας
1609 2619 1721 2702 τῆς-
1748 2619 1974 2714 ’μητρὸς

322 2717 419 2767 τοῦ
449 2715 653 2788 Κυρίου
683 2719 1017 2791 περαιοῦται·
1056 2744 1083 2772 ‹‹
1115 2721 1358 2778 Γίνονται
1415 2724 1521 2800 γὰρ
1553 2728 1681 2798 (δῖ).
1723 2749 1744 2780 ι
1783 2727 1970 2804 φησὶν,

325 2826 354 2854 ‹‹
383 2801 489 2858 ἀπὸ
517 2799 769 2880 Ἀϐραὰμ
791 2804 895 2870 ’ἕως
933 2807 1100 2866 Δαϐὶδ
1129 2811 1304 2887 γενεαί
1359 2810 1444 2881 ιδ’,
1495 2814 1584 2869 καὶ
1641 2816 1747 2871 ἀπὸ
1795 2799 1969 2873 -Δαϐὶὸ

319 2888 425 2952 ἕως
452 2898 551 2960 τῆς
587 2898 920 2965 μετοικεσίας
953 2895 1278 2964 Βαϐυλῶνος
1334 2903 1512 2978 γενεαὶ
1566 2901 1665 2958 ιδ’·
1713 2906 1801 2960 καὶ
1861 2905 1968 2962 ἀπὸ

320 2986 422 3049 τῆς
456 2983 792 3053 μετοικεσίας
819 2984 1152 3055 Βαϐυλῶνος
1176 2986 1282 3053 ἕως
1333 2996 1431 3047 τοῦ
1471 2993 1706 3066 Χριστοῦ
1756 2994 1966 3068 ὁμοίως

317 3067 484 3156 ἄλλαι
517 3075 625 3146 (68)
653 3077 824 3148 γενεαὶ
874 3074 982 3132 ιδ’·
1041 3079 1164 3156 τρία
1221 3078 1564 3155 διαστήματα
1623 3067 1878 3156 μυστικὰ,
1908 3082 1964 3156 ’ἐξ

314 3152 580 3232 ἑϐδομάσι
609 3159 984 3239 τελειοῦμενα,

905 1736 1151 1796 Φλαύϊος
1183 1738 1241 1796 δὲ
1273 1743 1566 1815 Ἰώσηπος,
1616 1747 1645 1800 6
1674 1736 1969 1812 (Ἰουδαῖος,

905 1828 1143 1852 ..-η-.ινμ--
1185 1829 1261 1852 (κέ
1322 1831 1361 1852 ,f
1748 1835 1762 1852 \
1923 1835 1935 1852 \

2095 1751 2277 1807 Galba
2306 1757 2365 1807 et
2399 1751 2654 1806 Vitellio.
2689 1753 2759 1806 Et
2787 1749 2918 1805 ideo
2966 1749 3111 1805 dicit
3155 1749 3399 1804 Daniel:
3450 1772 3478 1799 «

2106 498 2293 567 sibus,
2324 514 2422 553 νιιι
2463 496 2713 553 diebus:
2745 503 2800 552 et
2833 496 2916 553 sic
2949 497 3104 554 fiunt
3127 499 3264 554 anni
3301 505 3438 566 tres,
3471 505 3531 556 et
3578 517 3749 557 men-

2104 605 2198 644 ses
2210 605 2290 656 γι,
2310 587 2468 660 quod
2488 593 2578 643 est
2593 610 2619 636 ‹‹
2639 587 2950 642 dimidium
2966 587 3449 660 hebdomadis(a)
3464 632 3477 655 ,
3495 612 3523 640 »
3539 607 3751 662 quem-

2102 676 2424 733 admodum
2454 676 2604 732 dixit
2634 677 2838 732 Daniel
2883 678 3190 749 propheta.
3243 678 3401 732 Dixit
3455 679 3614 735 enim
3661 681 3753 736 bis

2101 766 2268 822 mille
2285 773 2582 822 trecentos
2599 766 2726 822 dies
2749 766 2953 834 fuisse,
2979 783 3049 822 ex
3073 783 3189 838 quo
3213 767 3752 825 stetitabominatio

2101 871 2137 910 a
2175 857 2401 911 Nerone
2426 856 2488 911 in
2508 856 2804 912 civitatem
2827 862 3097 912 sanctam
3119 873 3309 928 usque
3329 857 3404 912 ad
3425 857 3552 928 ejus
3575 874 3752 914 ever-

2102 945 2352 1001 sionem.
2377 946 2468 1001 Sic
2488 945 2650 1002 enim
2679 945 2941 1002 ostendit
2961 945 3212 1011 dictum,
3235 945 3394 1017 quod
3412 946 3748 1018 subjicitur:

2101 1035 2470 1106 «Quousque
2495 1035 2672 1092 stabit
2693 1035 2860 1103 visio,
2882 1035 3240 1091 sacriﬁcium
3265 1035 3588 1096 sublatum.
3612 1053 3752 1109 pec-

2100 1129 2297 1180 catum
2329 1124 2739 1191 desolationis,
2773 1125 2931 1196 quod
2955 1124 3158 1180 datum
3184 1131 3306 1180 est:
3331 1130 3388 1179 et
3407 1130 3670 1196 potestas
3695 1132 3754 1181 et

2099 1213 2378 1270 Sanctum
2391 1213 2734 1271 conculcabi
2746 1213 2878 1270 tur?
2889 1215 2957 1268 Et
2969 1213 3116 1269 dixit
3128 1214 3180 1268 ei
3209 1231 3221 1268 :
3248 1214 3442 1284 Usque
3457 1214 3532 1270 ad
3547 1231 3752 1286 vespe-

2097 1320 2247 1374 ram,
2264 1303 2491 1360 diesbis
2510 1304 2675 1359 mille
2690 1304 2960 1369 trecenti,
2979 1309 3037 1358 et
3050 1302 3291 1358 tolletur
3315 1303 3593 1359 Sanctum
3609 1305 3708 1373 (ὁ).
3722 1325 3748 1352 »ι

2099 1395 2165 1449 Hi
2193 1409 2328 1466 ergo
2360 1393 2449 1449 bis
2472 1393 2635 1449 mille
2664 1393 2910 1449 trecenti
2935 1392 3062 1448 dies
3086 1392 3239 1448 ﬁunt
3257 1393 3399 1448 anni
3425 1410 3546 1461 sex,
3569 1409 3744 1448 men-

2097 1501 2192 1540 ses
2221 1488 2476 1555 quatuor
2501 1501 2513 1537 :
2548 1499 2800 1556 quorum
2827 1482 3143 1538 dimidium
3169 1482 3361 1536 tenuit
3381 1483 3529 1537 Nero
3551 1483 3742 1554 impe-

2095 1574 2251 1628 rium
2312 1573 2608 1642 obtinens,
2669 1578 2727 1628 et
2778 1572 2891 1627 fuit
2945 1572 3256 1626 dimidium
3309 1571 3740 1628 hebdomadis:

2091 1665 2153 1728 ᾧ
2172 1662 2484 1717 dimidium
2500 1669 2698 1718 autem
2711 1667 2909 1717 autem
2925 1661 3318 1732 Vespasianus
3335 1678 3470 1716 cum
3490 1662 3737 1730 Othone,

3532 1752 3742 1806 Beatus

2093 1842 2194 1912 qui
2213 1842 2549 1912 pervenerit
2564 1841 2638 1896 ad
2657 1840 2784 1896 dies
2802 1839 2964 1895 mille
2988 1845 3285 1895 trecentos
3307 1840 3548 1912 triginta
3567 1841 3744 1911 quin-

2093 1947 2208 2001 que
2229 1931 2321 2002 (c).
2355 1953 2382 1980 »
2415 1930 2503 1987 Ad
2532 1947 2634 1985 eos
2667 1930 2826 1985 enim
2847 1945 3037 2000 usque
3059 1928 3185 1983 dies
3207 1928 3320 1984 fuit
3337 1927 3586 1994 bellum,
3610 1934 3745 2000 post

2092 2019 2219 2074 haec
2249 2025 2448 2075 autem
2483 2018 2752 2075 cessavit.
2779 2017 3124 2074 Ostenditur
3152 2022 3350 2072 autem
3376 2017 3472 2072 hic
3502 2034 3743 2089 quoque

2090 2126 2380 2166 numerus
2410 2126 2481 2164 ex
2520 2109 2788 2181 subjecto
2821 2107 3033 2180 capite,
3077 2107 3234 2178 quod
3278 2107 3328 2162 si
3359 2106 3576 2163 habet:
3612 2129 3640 2157 «
3675 2109 3744 2162 Et

2089 2216 2123 2255 a
2154 2205 2421 2272 tempore
2451 2197 2886 2254 immutationis
2925 2196 3336 2268 perennitatis,
3366 2203 3424 2251 et
3454 2212 3571 2268 quo
3603 2195 3742 2252 data

2087 2289 2267 2346 fuerit
2296 2288 2660 2345 abominatio
2691 2287 3104 2356 desolationis,
3138 2285 3264 2341 dies
3298 2285 3462 2340 mille
3493 2287 3735 2342 ducenti

2087 2379 2430 2452 nonaginta.
2461 2379 2672 2434 Beatus
2711 2377 2811 2448 qui
2835 2376 3203 2436 sustinuerit.
3231 2380 3286 2430 et
3308 2375 3643 2447 pervenerit
3661 2375 3736 2430 ad

2088 2466 2214 2523 dies
2243 2467 2409 2522 mille
2457 2471 2755 2522 trecentos
2802 2464 3044 2537 triginta
3091 2463 3377 2535 quinque.
3427 2483 3452 2514 ι
3504 2463 3736 2520 Flavius

2085 2562 2283 2613 autem
2315 2556 2603 2627 Iosephus
2631 2553 2888 2624 Iudaeus,
2932 2553 3032 2625 qui
3082 2552 3356 2608 Iudaicas
3404 2552 3739 2623 composuit

2084 2644 2382 2713 historias,
2416 2644 2702 2716 colligens
2735 2649 3021 2714 tempora,
3052 2643 3135 2698 ait
3163 2659 3197 2698 a
3229 2643 3421 2714 Moyse
3448 2657 3634 2712 usque
3655 2641 3729 2695 ad

2081 2733 2262 2788 David
2294 2749 2422 2788 esse
2443 2749 2632 2788 annos
2663 2749 2913 2801 DLxxxv;
2949 2748 2981 2787 a
3015 2730 3191 2787 David
3212 2747 3402 2803 usque
3425 2730 3499 2785 ad
3518 2748 3732 2786 secun-

2081 2821 2222 2877 dum
2271 2838 2496 2878 annum
2549 2822 2918 2894 Vespasiani,
2968 2838 3218 2885 ucxxlx;
3273 2819 3488 2875 deinde
3539 2819 3613 2874 ab
3663 2835 3731 2874 eo

2078 2926 2267 2980 usque
2299 2908 2374 2964 ad
2405 2909 2701 2964 decimum
2735 2924 2958 2964 annum
2984 2908 3497 2974 Antonini,annos
3518 2923 3724 2974 Lxxvu;

2077 2999 2159 3054 ita
2189 3004 2252 3053 ut
2283 3015 2317 3054 a
2348 2999 2541 3070 Moyse
2559 3013 2746 3068 usque
2769 2996 2841 3052 ad
2865 2997 3162 3053 decimum
3194 3012 3416 3050 annum
3443 2995 3726 3050 Antonini

2078 3088 2198 3143 sint
2225 3104 2433 3143 omnes
2471 3086 2612 3142 anni
2642 3103 2950 3143 ncxxxxiu.
2985 3087 3098 3142 Alii
3122 3092 3321 3142 autem
3344 3090 3727 3142 numerantes

1995 3158 2037 3224 (ἶ
2067 3175 2140 3231 ab
2171 3177 2389 3231 Inacho
2421 3181 2480 3230 et
2512 3177 2705 3247 Moyse
2742 3191 2932 3246 usque
2975 3175 3047 3230 ad
3094 3182 3347 3231 mortem
3397 3173 3725 3239 Commodi,

305 3249 582 3308 dixerunt
613 3269 741 3310 esse
771 3273 961 3314 annos
991 3277 1276 3317 ιιιιοιιηιι.
1310 3262 1425 3317 Alii
1459 3281 1612 3332 vero,
1646 3270 1979 3322 nuncccxxi.
2013 3265 2080 3320 In
2125 3265 2438 3337 Evangelio
2467 3270 2666 3320 autem
2715 3263 3044 3319 secundum
3095 3264 3454 3327 Matthmum,
3489 3280 3620 3334 quae
3651 3261 3723 3317 ab

301 3337 599 3396 Abraham
629 3341 941 3400 deducitur
968 3349 1331 3422 genealogia,
1365 3367 1552 3422 usque
1583 3351 1656 3408 ad
1689 3354 1932 3409 Mariam
1964 3359 2214 3409 matrem
2245 3352 2480 3409 Domini
2509 3352 2899 3408 terminatur:
2956 3372 2983 3399 ‹‹
3016 3352 3164 3406 Sunt
3206 3352 3387 3418 enim,
3423 3372 3452 3400 »
3502 3351 3721 3421 inquit:

303 3449 331 3477 ‹‹
367 3427 439 3482 ab
473 3429 771 3488 Abraham
800 3451 990 3506 usque
1021 3437 1095 3492 ad
1126 3439 1306 3494 David
1335 3457 1428 3496 xxv
1455 3443 1892 3513 generationes,
1928 3448 1985 3498 et
2013 3459 2050 3498 a
2078 3442 2258 3498 David
2301 3458 2488 3514 usque
2519 3441 2593 3497 ad
2637 3440 3220 3512 transmigrationem
3264 3439 3578 3510 Babylonis
3621 3455 3723 3510 ge-

302 3518 646 3575 nerationes
675 3539 787 3588 xiv,
821 3529 880 3578 et
907 3541 940 3579 a
972 3527 1492 3601 transmigratione
1518 3531 1835 3602 Babylonis
1867 3549 2052 3604 usque
2085 3532 2161 3588 ad
2190 3532 2489 3588 Christum
2521 3530 2798 3587 similiter
2827 3529 2958 3586 alia:
2989 3528 3400 3602 generationes
3425 3526 3547 3582 XIV
3569 3527 3670 3598 (ἀ),
3692 3548 3721 3576 ››

302 3604 421 3662 tria
451 3609 703 3680 mystica
727 3611 1058 3685 intervalla,
1093 3633 1226 3689 quas
1258 3635 1359 3675 sex
1391 3620 1766 3694 complentur
1793 3621 2286 3679 hebdomadibus.

1786 3764 2016 3820 CAPUT
2053 3765 2223 3820 XXII.

1306 3851 1382 3907 De
1413 3852 1602 3908 erca
1638 3855 1846 3910 Veteris
1882 3855 2212 3909 Testamenti
2241 3855 2719 3924 interpretatione.

377 3957 484 4010 Καὶ
514 3957 581 4010 τὰ
623 3957 719 4029 μὲν
774 3960 898 4034 περῖ
955 3981 1064 4016 των
1111 3957 1342 4038 χρόνων
1392 3961 1665 4042 διαφόρως
1717 3966 1957 4030 πολλοῖς

297 4043 657 4118 ἱστορηθὲντα
684 4048 770 4102 καὶ
832 4050 968 4121 πρὸς
1024 4052 1186 4123 ἡμῶν
1237 4049 1535 4124 ἐκτεθέντα,
1596 4053 1701 4110 ὧδε
1756 4054 1952 4131 ἐχέτωο

295 4132 704 4208 ἒρμηνευθῆναι
736 4140 849 4212 (69)
873 4134 930 4193 δὲ
949 4140 1045 4203 τὰς
1077 4140 1310 4218 Γραφᾶς,
1349 4143 1447 4205 τάς
1492 4163 1551 4198 τι
1597 4145 1694 4198 τοῦ
1739 4145 1953 4217 Νόμου,

2137 3971 2208 4022 Et
2238 3985 2370 4040 quae
2400 3967 2474 4024 de
2524 3967 2890 4039 temporibus
2938 3965 3179 4038 quidem
3227 3965 3384 4021 varie
3433 3982 3466 4020 a
3514 3965 3719 4020 multis

2066 4058 2305 4130 scripta,
2340 4063 2397 4112 et
2426 4073 2461 4112 a
2490 4057 2662 4112 nobis
2695 4056 2963 4128 exposita
2991 4055 3252 4117 fuerunt.
3295 4056 3379 4110 sic
3425 4054 3706 4110 habeant.

2069 4150 2278 4204 Versas
2309 4153 2509 4203 autem
2540 4147 2722 4202 fuisse
2754 4146 3088 4218 Scripturas
3119 4152 3177 4201 et
3208 4145 3352 4216 legis
3375 4150 3432 4199 et
3461 4143 3719 4216 prophe-

373 4270 676 4352 »ξφ-...409
856 4275 1148 4343 ΡΟΤΤΕΒ,
1201 4276 1298 4332 341
1335 4276 1447 4332 ED.
1481 4277 1706 4334 PARIS.
1751 4279 1826 4350 (a)
1875 4281 1969 4336 Dal

2084 4297 2153 4352 Ix,
2214 4284 2301 4336 27.
2365 4281 2439 4352 (b)
2471 4281 2617 4336 Dan.
2676 4296 2790 4348 vin,
2856 4281 3070 4348 13,14.
3134 4280 3200 4351 (c)
3258 4279 3402 4334 Dan.
3463 4293 3562 4348 xu,
3626 4279 3713 4345 12,

296 4339 379 4411 (d)
410 4341 611 4398 Matth.
645 4359 683 4412 ι,
718 4347 802 4399 17.

282 4473 468 4544 juxta
497 4475 1020 4556 verba_sequent_ia
1050 4481 1282 4556 _reliqui
1315 4489 1490 4540 erunt
1533 4488 1758 4556 septem
1785 4484 1952 4551 anni,

293 4560 538 4601 menses
586 4548 902 4617 undecim,
946 4551 1155 4608 diebus
1199 4548 1657 4612 excurrentibus
1705 4548 1950 4612 minime

297 4620 679 4688 computatis.
716 4621 938 4677 Lowrn.

372 4688 482 4760 (61)
540 4689 671 4762 Ἑρη
684 4693 996 4762 μωθήσεται
1032 4738 1045 4750 .

298 4757 448 4814 Dan.
465 4757 708 4829 ’νιιι,’13’.
737 4764 814 4818 Ιι).

368 4831 482 4912 (6.2)
517 4830 746 4906 ἹΙμὲραι
776 4834 891 4912 ﬁt;
928 4837 1079 4912 Hinc
1128 4846 1362 4895 constat
1418 4840 1769 4896 mendosam
1821 4859 1952 4898 esse

286 4899 615 4983 lectionem
651 4899 1018 4983 τετρακόσιαι,
1053 4910 1198 4966 Dan.
1231 4929 1353 4978 vm,
1405 4915 1492 4980 14,
1539 4930 1671 4983 qum
1716 4913 1778 4967 in
1825 4915 1948 4970 Ro-

289 4985 476 5029 mana
506 4976 645 5031 edit.
682 4976 958 5036 oecurrit.
993 4982 1069 5036 In.

517 5047 601 5125 ,Αἱ
654 5047 753 5122 ,βτ’
809 5049 1030 5125 ἡμέραιΔ
1070 5049 1312 5125 γίνονται
1371 5051 1464 5123 ἔτη
1529 5053 1588 5123 ζ’,
1652 5053 1822 5125 μῆτες
1880 5053 1946 5112 δ’.

287 5114 531 5242 ῗὲξιίοει
561 5114 684 5175 ιιοῆ
713 5114 1306 5194 οοιιὶριίῐειῐὶεᾘίθὺιιε
1345 5129 1434 5192 20,
1453 5114 1586 5196 ἐιιίἷ
1603 5114 1944 5183 excurrunt.

322 5205 374 5242 D.

360 5265 500 5343 (64).
525 5266 788 5343 AOO‘EVGI.“
819 5260 902 5338 βδ.
922 5266 1258 5343 *Δορήσεται
1286 5266 1348 5320 τὸ
1381 5263 1665 5343 βδέλυγμα
1718 5267 1946 5342 ἐρημώ-

1115 4696 1450 4768 chendnm
1527 4695 1860 4769 ἐρημώσεως
1920 4715 1951 4755 e

286 5333 677 5406 aemgﬁpégat
704 5333 886 5409 χίλίαι
919 5333 1186 5392 διακόσιαι
1238 5333 1610 5410 ἐννενῆκοντᾶ,
1645 5333 1940 5408 Dan."xn,

296 5411 473 5552 12(’65)
559 5476 800 5552 ᾟμέρας
904 5476 1125 5552 χιλίους
1209 5477 1566 5543 διακοσίους.
1655 5485 1940 5539 Usitatius

286 5546 502 5624 ἡμᾷρας
525 5546 721 5624 χιλίας,
746 5546 1046 5624 διακοσίας,
1069 5553 1356 5609 feminino
1390 5555 1528 5609 fine.
1565 5555 1836 5609 SYLBURG.
1871 5585 1941 5595 —

291 5623 396 5678 Cui
429 5623 830 5696 emendationi
860 5623 1057 5677 favent
1089 5624 1348 5696 Danielis
1378 5625 1554 5681 verba
1575 5626 1705 5696 jam
1736 5626 1936 5681 allata.

361 5695 475 5767 (66)
540 5692 908 5751 Ἀνσωνίνου.
994 5695 1287 5751 Antonius
1353 5696 1448 5752 hic
1515 5692 1940 5768 intelligendus

1982 4595 2030 4660 D

2063 4491 2455 4558 cognomento
2487 4486 2626 4542 Pius
2655 4502 2668 4540 :
2703 4486 2775 4542 ad
2802 4486 2931 4555 ejus
2962 4487 3123 4542 enim
3155 4501 3378 4541 annum
3411 4485 3706 4558 decimum

2062 4574 2097 4630 ξι
2127 4557 2387 4630 secundo
2419 4559 2785 4630 Vespasiani,
2813 4562 2879 4612 77
2916 4558 3215 4614 intersunt
3245 4557 3386 4613 anni
3431 4558 3608 4613 etiam
3647 4557 3708 4611 in

2059 4629 2270 4684 Fastis.
2307 4629 2577 4685 Svnnuno.

2135 4700 2248 4771 (67)
2278 4699 2522 4774 Γίνονται
2570 4698 2692 4774 γὰρ.
2745 4701 2878 4756 Haec
2909 4717 2943 4756 a
2973 4701 3276 4757 Clemente
3324 4701 3544 4770 addita,
3586 4716 3709 4755 non

2060 4771 2328 4843 agnoscit
2355 4771 2683 4843 Matthaa'us.

2060 4839 2240 4967 (1:558)
2270 4841 2513 4967 Ὀἐιοίως
2559 4839 2748 4898 ἄλλαι.
2801 4844 2933 4899 Haec
2978 4846 3154 4902 etiam
3187 4862 3221 4901 a
3248 4845 3551 4901 Clemente
3605 4844 3706 4898 ad-

2101 4931 2117 4967 ι
2148 4929 2183 4967 a
2214 4930 2326 4967 sun
2359 4955 2373 4967 .

2101 4920 2183 4968 ita
2214 4920 2373 4969 sunt.

2131 4985 2242 5056 (69)
2297 4985 2782 5057 Ἑρμηνευθῆναι.
2871 4987 3185 5043 Historiam
3245 4988 3318 5046 de
3377 4989 3705 5044 Bibliorum

2057 5055 2548 5127 interpretatione
2577 5057 2759 5111 refert
2785 5059 2963 5113 etiam
2996 5059 3166 5115 Philo
3219 5061 3324 5116 lib.
3359 5077 3418 5116 ιιι
3467 5063 3545 5116 De
3590 5063 3707 5114 vita

2055 5129 2294 5199 Mog/sis;
2347 5128 2636 5198 Iosephus
2694 5131 2966 5198 Antiquit.
3024 5131 3154 5186 Iud.
3216 5132 3320 5187 lib.
3382 5149 3484 5199 xu,
3546 5148 3596 5186 c.
3630 5134 3700 5197 2;

2053 5198 2320 5253 Iustinus
2351 5206 2686 5272 martyr.7p.
2719 5201 2818 5265 16;
2865 5201 3153 5256 Eusebius
3201 5205 3448 5272 Prmpa-r.
3474 5198 3701 5270 evang,

2054 5286 2112 5340 p.
2140 5273 2290 5342 7206;
2324 5270 2711 5342 Epiphanius.
2745 5287 2800 5340 p.
2832 5273 2954 5334 535,
2989 5279 3049 5326 et
3078 5270 3338 5329 Aristeas
3381 5274 3531 5328 libro
3577 5273 3703 5326 sin-

2053 5341 2282 5414 gulari;
2316 5341 2459 5414 item
2490 5341 2854 5413 Augustinus
2894 5345 2970 5397 De
3017 5347 3240 5398 civitate
3272 5348 3388 5408 Dei,
3424 5345 3521 5399 lib.
3577 5360 3695 5408 νιιι,

2053 5413 2182 5484 Cap.
2219 5417 2274 5467 11
2306 5431 2318 5480 ;
2351 5413 2454 5469 lib.
2485 5430 2573 5475 xv,
2600 5430 2649 5468 c.
2679 5417 2735 5466 11
2769 5417 2941 5481 et13;
2970 5414 3069 5470 lib.
3104 5432 3263 5483 xvm,
3289 5433 3335 5471 c.
3360 5418 3429 5468 42
3459 5421 3516 5467 et
3545 5429 3696 5482 seq.,

2050 5492 2117 5539 ut
2148 5485 2212 5539 Η.
2239 5491 2298 5539 et
2318 5488 2382 5540 Β.
2414 5485 2616 5540 adnot.
2642 5485 2914 5540 Summo.
2944 5517 3007 5525 —
3029 5487 3252 5551 Quibus
3281 5485 3416 5542 addi
3448 5489 3699 5555 possunt

2050 5556 2452 5612 Tertullianus
2483 5557 2665 5627 Apol.,
2698 5572 2742 5609 c.
2784 5558 3173 5627 l8;7lrenaaus
3206 5557 3308 5614 lib.
3345 5573 3427 5621 ιιι,
3456 5572 3507 5610 c.
3541 5558 3630 5627 25,
3663 5570 3698 5609 a

2051 5642 2169 5696 quo
2199 5627 2472 5684 Clemens
2520 5626 2652 5698 Quae
2710 5627 2822 5680 hac
2873 5626 2945 5681 de
3003 5645 3066 5682 re
3117 5633 3336 5691 narrat,
3371 5626 3695 5698 sumpsisse

2050 5697 2323 5768 videtur;
2358 5700 2506 5754 alios
2535 5697 2602 5752 ut
2634 5703 2855 5754 taceam
2886 5698 3008 5752 fere
3040 5699 3406 5754 innumeros.
