4044 6154
356 211 464 268 907

1587 213 2002 271 CLMNTIB
2035 212 2544 271 ALBIANDBINI

358 338 732 411 Argivorum,
773 337 1106 395 Alexander
1131 354 1268 394 vero
1298 354 1403 394 rex
1430 338 1546 394 fuit
1594 340 2000 396 Macedonum.

2116 359 2197 411 τῳ
2227 337 2290 392 οὐ
2338 357 2647 413 προσεστιν’
2702 337 2747 410 ᾦ
2790 335 2986 411 Πέρσαι
3040 335 3130 391 ἐπὶ
3175 335 3276 407 τὴν
3316 333 3564 394 Ἐλλάδα
3612 357 3767 413 στρα-

360 429 557 484 Tertia
578 433 686 495 est,
716 445 846 499 quas
873 444 1058 482 unum
1084 428 1277 483 solum
1302 429 1692 500 concupiscit,
1713 445 1929 501 nempe
1950 436 2017 486 ut

358 518 554 573 vincat
583 523 640 572 et
670 523 929 585 evertat;
967 517 1026 571 in
1059 517 1285 572 malum
1312 523 1510 572 autem
1545 518 1635 572 vel
1676 518 1899 574 bonum
1953 519 2014 574 ﬂ-

358 623 497 661 nem
527 607 769 660 victoria
797 607 905 672 uti,
939 607 990 660 ei
1015 606 1261 660 minime
1295 607 1451 662 inest
1475 623 1488 660 :
1515 623 1631 678 qua
1654 608 1895 678 quidem
1921 609 2017 664 usi

359 702 498 750 sunt
525 697 743 760 Persae,
781 712 915 750 cum
949 695 1171 750 bellum
1203 703 1477 768 gererent
1521 697 1802 754 adversus
1855 699 2016 752 Grai-

357 785 531 839 ciam.
567 785 708 840 Nam
743 785 1066 840 irascibilis
1089 787 1385 857 appetitus
1409 786 1556 841 alias
1580 787 1820 857 quidem
1842 803 2016 858 pror-

361 891 460 928 sus
495 878 584 927 est
613 874 1043 942 contentiosus,
1078 875 1178 946 qui
1220 875 1539 946 imperium
1586 876 1802 946 quaarit
1831 876 2015 930 solius

359 963 788 1018 dominationis
810 965 1017 1036 gratia,
1043 965 1191 1019 alias
1213 981 1348 1019 vero
1374 964 1514 1019 boni
1541 965 1863 1031 studiosus,
1896 982 2014 1036 quo

362 1056 565 1109 anima
596 1055 667 1110 ad
701 1055 780 1118 id,
807 1056 965 1126 quod
997 1056 1223 1110 bonum
1247 1062 1336 1111 est
1365 1062 1423 1111 et
1445 1057 1781 1121 honestum,
1808 1058 2015 1112 utitur.

361 1144 577 1208 Quarta
607 1148 808 1198 autem
839 1144 1126 1216 regnandi
1161 1143 1390 1214 species
1421 1150 1510 1198 est
1527 1144 1794 1198 omnium
1828 1143 2014 1214 pessi-

361 1248 479 1299 ma,
514 1249 645 1302 quae
676 1237 855 1302 prout
880 1233 996 1288 fert
1019 1233 1205 1287 libido
1229 1232 1542 1288 ordinatur
1566 1249 1578 1287 :
1604 1233 1778 1304 quale
1799 1233 2018 1287 fuitre-

361 1338 541 1394 gnum
573 1321 958 1393 Sardanapali
991 1328 1050 1376 et
1087 1338 1312 1388 eorum,
1348 1322 1449 1393 qui
1494 1323 1655 1377 hunc
1688 1321 1869 1376 ﬁnem
1903 1321 2016 1376 sibi

361 1417 722 1482 proponunt,
755 1419 821 1467 ut
851 1413 1359 1484 quamplurimum
1394 1413 1739 1485 indulgeant
1761 1413 1883 1468 suis
1915 1429 2015 1467 cu-

362 1500 733 1572 piditatibus.
771 1501 1074 1574 Regnandi
1122 1507 1322 1556 autem
1385 1502 1670 1568 scientiaa,
1706 1507 1825 1556 tam
1885 1519 2016 1572 quae

364 1588 427 1651 ᾧ
457 1590 667 1644 virtute
697 1590 894 1654 vincit,
930 1607 1109 1662 quam
1170 1608 1300 1661 quae
1323 1591 1399 1656 vi,
1432 1591 1898 1645 instrumentum
1931 1595 2020 1646 est

2119 427 2401 490 τεύσαντες
2431 429 2859 502 συνεχρήσαντο.
2894 429 3008 484 Τοῦ
3037 425 3141 501 γὰρ
3171 428 3346 497 θυμοῦ
3400 427 3464 481 τὸ
3527 427 3622 499 μὶν
3672 451 3766 505 φι-

2123 514 2372 572 λόνεικον
2402 521 2516 591 (36)
2553 516 2718 590 μόνον
2774 515 2938 587 ἐστὶν,
2971 515 3137 571 αὑτοῦ
3189 519 3285 570 τοῦ
3343 521 3560 584 κρατεῖν
3622 515 3767 573 ἐνεκα

2118 608 2217 675 τὴν
2251 607 2560 661 δυναστείαν
2620 606 3015 681 πεποιημένον·
3071 604 3136 659 τὸ
3193 601 3251 658 δὲ
3307 603 3635 680 φιλόκαλον,
3695 606 3768 669 εἷς

2119 695 2294 763 καλήν
2327 695 2765 770 καταχρωμένης
2798 701 2899 763 τῆς
2926 696 3112 769 ψύχῆς
3163 697 3244 765 τῷ
3293 699 3474 766 θυμῷ.
3526 696 3766 768 Τετάρτη

2123 781 2199 854 δὲ,
2232 786 2266 853 ἡ
2292 790 2476 839 πασῶν
2518 783 2769 853 κακίστη,
2801 785 2837 854 ἢ
2867 784 3005 838 κατὰ
3044 785 3140 845 τὰς
3190 783 3481 856 ἐπιθυμίας
3523 785 3770 839 τάττεται

2125 873 2395 949 βασιλεία·
2457 875 2532 935 ὡς
2581 876 2616 942 ἡ
2675 871 3126 945 Σαρδαναπάλου,
3185 873 3277 926 καὶ
3334 877 3441 926 τῶν
3501 872 3566 926 τὸ
3615 871 3770 936 τέλος

2121 962 2489 1036 ⁴ποιουμένων,
2529 969 2646 1024 ταῖς
2696 962 3011 1035 ἐπιθυμίαις
3043 963 3118 1024 ὡς
3150 960 3384 1016 πλεῖστα
3432 962 3769 1037 χαρίζεσθαι.

2122 1055 2237 1109 Τοῦ
2291 1051 2349 1107 δὲ
2405 1053 2693 1127 βασιλικοῦ
2728 1095 2742 1120 ,
2795 1057 2890 1107 τοῦ
2963 1073 3022 1106 τε
3076 1052 3193 1106 κατ’
3251 1051 3447 1124 ἀρετὴν
3505 1055 3770 1113 νικῶντος

2119 1163 2208 1196 και
2238 1146 2336 1196 τοῦ
2373 1143 2510 1197 κατά
2565 1142 2706 1217 βίαν,
2767 1137 2995 1217 ὄργανον
3052 1142 3116 1196 τὸ
3167 1140 3441 1196 τακτικόν.
3502 1138 3689 1196 ’Άλλο
3719 1137 3773 1195 δὲ

2119 1231 2235 1286 κατ’
2267 1229 2445 1300 ἄλλην
2473 1230 2630 1308 φύσιν
2670 1251 2727 1285 τε
2756 1230 2844 1285 καὶ
2879 1229 3040 1300 ὕληνο
3073 1229 3126 1284 ἐν
3163 1229 3259 1302 μέν
3305 1250 3368 1304 γε
3415 1229 3638 1297 ὅπλοις,
3686 1229 3774 1284 καὶ

2118 1325 2240 1381 τοῖς
2275 1319 2544 1394 μαχίμοις
2578 1321 2766 1392 ζώοις,
2829 1317 2898 1373 δι’
2959 1317 3227 1394 ἐμψύχων
3259 1338 3318 1372 τε
3374 1319 3464 1373 καὶ
3523 1318 3774 1396 ἀψύχων,

2121 1410 2274 1483 ψυχή
2300 1409 2363 1463 τὸ
2392 1410 2582 1463 τάττον
2631 1408 2742 1462 ἐστὶ
2791 1409 2878 1462 καὶ
2923 1413 3069 1469 νοῦς’
3119 1407 3170 1462 ἐν
3225 1405 3283 1462 δὶ
3310 1413 3429 1471 τοῖς
3456 1414 3558 1476 τῆς
3590 1411 3778 1482 ψυχῆς

2120 1499 2366 1564 πάθεσιν,
2413 1499 2485 1552 ὧν
2538 1496 2938 1571 ἐπικρατοῦμεν
2983 1502 3053 1571 τῇ
3100 1498 3287 1572 ἀρετῇ,
3338 1497 3608 1572 λογισμός
3667 1497 3778 1551 ἐστι

2121 1587 2184 1642 τὸ
2231 1589 2520 1657 τακτικὸν,
2572 1587 3095 1663 ἐπισφραγιζόμενος
3158 1587 3467 1663 ἐγκράτειαν
3526 1586 3616 1641 καὶ
3669 1609 3778 1642 σω-

365 1677 681 1732 ordinandi
706 1678 972 1734 scientia.
1010 1681 1091 1733 Ea
1121 1695 1255 1734 vero
1283 1696 1387 1751 pro
1420 1679 1635 1752 objecti
1658 1680 1746 1734 sui
1779 1679 2005 1733 diversi-

2126 1677 2398 1755 φροσύνην
2464 1679 2577 1749 μεθ’
2637 1678 2950 1747 ὁσιότητος,
2999 1677 3089 1731 καὶ
3136 1681 3338 1751 γνῶσιν
3395 1675 3601 1752 ἀγαθήν
3657 1677 3777 1748 μετ’

367 1771 482 1820 tate
513 1767 673 1821 varia
695 1772 802 1821 est.
838 1769 981 1822 Nam
1011 1784 1177 1822 arma
1208 1769 1449 1839 quidem
1483 1775 1540 1823 et
1569 1770 1861 1841 pugnacia
1890 1768 2017 1823 ani-

366 1854 564 1921 malia,
599 1873 707 1927 ope
740 1873 874 1910 cum
906 1857 1330 1924 animatorum,
1357 1863 1481 1912 tum
1515 1859 1690 1913 etiam
1724 1859 2021 1913 inanima-

358 1948 577 2010 torum,
602 1945 804 2000 anima
829 1951 889 2000 et
907 1962 1079 2000 mens
1112 1946 1354 2002 ordinat
1378 1964 1391 2013 ;
1415 1949 1629 2002 animae
1661 1954 1859 2002 autem
1877 1948 2018 2002 aﬂ’e-

358 2037 511 2098 ctus,
548 2032 611 2086 in
643 2050 792 2103 quos
852 2051 962 2106 ope
1021 2036 1254 2090 virtutis
1297 2036 1615 2107 imperium
1657 2037 2014 2102 obtinemus,

359 2121 595 2176 ordinat
611 2123 857 2186 ratio,ut
884 2142 1016 2194 quae
1031 2125 1462 2180 continentiam
1482 2131 1541 2180 et
1559 2126 2016 2197 temperantiam

359 2225 494 2263 cum
527 2211 929 2278 sanctitate,et
946 2212 1165 2267 bonam
1189 2212 1590 2283 cognitionem
1614 2230 1748 2268 cum
1772 2213 2015 2269 veritate

359 2297 861 2369 obsignet,omnia
881 2301 1122 2356 demum
1144 2301 1218 2356 ad
1232 2303 1512 2373 pietatem
1532 2303 1755 2373 Deique
1789 2303 2016 2358 cultum

362 2386 651 2454 referens;
675 2388 758 2442 sic
789 2389 950 2443 enim
983 2391 1197 2444 virtute
1230 2391 1535 2446 utentibus
1566 2392 1885 2462 prudentia
1903 2399 2012 2460 est,

359 2493 489 2547 quae
512 2494 608 2532 res
640 2478 911 2548 ordinat;
937 2496 1006 2535 ac
1029 2480 1259 2536 divinas
1284 2481 1550 2552 quidem,
1568 2483 1878 2554 sapientia;
1905 2483 2019 2537 hu-

358 2583 568 2623 manas
624 2585 781 2635 vero,
817 2569 1062 2640 politica
1095 2589 1107 2637 ;
1141 2571 1447 2627 universas
1500 2579 1722 2641 autem,
1765 2573 2015 2631 scientia

356 2657 666 2728 regnandi.
704 2660 821 2714 Rex
855 2660 1122 2730 itaqueis
1146 2665 1254 2728 est,
1287 2662 1388 2732 qui
1409 2662 1661 2733 imperat
1684 2663 2012 2719 secundum

357 2745 538 2818 leges,
555 2753 613 2802 et
625 2748 910 2818 praeditus
925 2755 1014 2803 est
1035 2750 1283 2806 scientia
1302 2752 1634 2822 imperandi
1657 2753 2010 2809 volentibus:

359 2835 694 2906 cujusmodi
729 2842 819 2890 est
850 2837 1159 2906 Dominus,
1196 2839 1296 2909 qui
1331 2856 1452 2908 eos,
1487 2842 1586 2912 qui
1634 2842 1696 2897 in
1728 2843 1921 2913 ipsum
1958 2847 2016 2897 et

359 2942 466 2996 per
491 2925 688 2996 ipsum
720 2927 990 2994 credunt,
1030 2929 1310 2984 admittit.
1342 2932 1552 2987 Omnia
1579 2933 1737 2987 enim
1770 2932 2016 2989 tradidit

360 3015 534 3079 Deus,
569 3020 628 3069 et
657 3017 858 3071 omnia
897 3018 1126 3073 Christo
1179 3018 1433 3090 subjecit
1461 3022 1580 3093 regi
1615 3028 1838 3088 nostro,
1873 3044 1901 3070 «
1944 3027 2010 3076 ut

359 3101 420 3154 in
456 3103 698 3156 nomine
725 3105 862 3158 Jesu
893 3121 1068 3159 omne
1112 3122 1267 3178 genu
1311 3107 1604 3175 ﬂectatur,
1652 3109 2004 3176 caelestium,

358 3191 751 3258 terrestrium,
785 3199 844 3248 et
873 3193 1239 3250 infernorum
1265 3214 1279 3261 ;
1313 3198 1802 3270 etomnislingua
1832 3198 2012 3253 contiL

360 3283 572 3344 teatur,
633 3281 791 3350 quod
862 3284 1147 3339 Dominus
1221 3287 1389 3341 Jesus
1449 3287 1717 3342 Christus
1769 3288 1828 3341 in
1885 3287 2011 3359 glo-

357 3368 508 3422 riam
545 3370 642 3423 Dei
688 3372 878 3426 Patris
917 3374 1011 3442 (a).
1053 3396 1079 3422 ››
1116 3376 1225 3428 Ars
1264 3391 1440 3445 porro
1476 3376 1860 3447 imperatoria
1906 3378 2009 3430 tri-

359 3457 468 3511 bus
485 3459 827 3515 continetur
849 3463 1158 3532 speciebus
1178 3480 1190 3516 :
1211 3464 1505 3527 cautione,
1523 3465 1790 3532 audacia,
1812 3471 1870 3519 et
1891 3472 2010 3520 ter-

357 3546 457 3613 tia,
489 3565 618 3618 qua)
651 3565 720 3603 ex
751 3550 1019 3620 utrisque
1049 3551 1224 3607 mista
1254 3558 1363 3607 est.
1400 3554 1778 3625 Unaquaeque
1809 3559 2005 3609 autem

360 3651 564 3691 earum
596 3639 974 3709 componitur
995 3656 1063 3694 ex
1088 3641 1299 3708 tribus,
1333 3647 1392 3695 et
1421 3643 1506 3698 vel
1528 3659 1634 3713 per
1651 3644 2003 3711 orationem,

355 3725 444 3779 vel
477 3741 584 3796 per
615 3727 786 3794 facta,
806 3729 894 3782 vel
919 3745 1024 3799 per
1044 3735 1294 3801 utraque
1319 3731 1497 3786 simul
1522 3739 1847 3787 exercetur.
1871 3734 2004 3788 Haec

354 3819 551 3868 autem
584 3817 786 3870 omnia
817 3817 1021 3872 licebit
1050 3818 1306 3883 efﬁcere,
1341 3820 1430 3874 vel
1452 3821 1887 3890 persuadendo,
1913 3821 2002 3876 vel

354 3902 637 3975 cogendo,
671 3905 759 3958 vel.
792 3906 1013 3976 injuria
1043 3906 1380 3974 alliciendo,
1414 3927 1562 3979 quos
1584 3910 1789 3964 ulcisci
1825 3927 2003 3980 expe-

353 3989 475 4058 dit;
511 3999 568 4048 et
599 3993 743 4057 haec,
778 3994 866 4048 vel
897 3994 1166 4050 faciendo
1199 3997 1256 4050 id
1285 3997 1440 4068 quod
1462 3999 1696 4069 justum
1741 4004 1866 4065 est;
1911 3998 1999 4053 vel

351 4081 713 4146 mentiendo,
748 4083 836 4137 vel
865 4100 1002 4138 vera
1032 4084 1314 4150 dicendo;
1341 4087 1430 4140 vel
1461 4089 1638 4141 etiam
1670 4087 1878 4142 harum
1903 4104 2000 4142 ar-

348 4170 492 4224 tium
528 4171 798 4242 pluribus
830 4172 1039 4228 eodem
1071 4179 1336 4246 tempore
1356 4177 1595 4230 utendo.
1623 4177 1755 4231 Haec
1773 4181 1994 4244 autem,

347 4261 565 4329 omnia,
583 4262 948 4332 etquomodo
963 4269 1274 4334 Opporteat
1293 4265 1378 4319 uti
1393 4282 1754 4337 unoquoque
1769 4283 1996 4335 eorum,

343 4365 476 4404 cum
517 4351 699 4405 Graeci
732 4352 1153 4423 accepissenta
1177 4355 1392 4424 Moyse,
1418 4371 1540 4410 non
1565 4371 1802 4426 parvam
1825 4371 1996 4410 acce-

2127 1767 2425 1837 ἀληθείας,
2484 1767 2546 1821 τὸ
2597 1764 2756 1828 τέλος
2809 1767 2884 1827 εἶς
2945 1760 3212 1821 εὐσέϐειαν
3275 1765 3553 1843 ἀναφέρων
3615 1770 3775 1821 Θεοῦο

2124 1855 2266 1910 οὕτω
2295 1856 2396 1932 γὰρ
2543 1857 2706 1929 ἀρετῇ
2772 1857 3085 1930 χρωμένοις
3137 1855 3403 1930 φρόνησις
3435 1857 3468 1923 ἡ
3501 1855 3778 1910 τάττουσα

2123 1945 2254 1999 ἐστι·
2306 1945 2372 1999 τὰ
2415 1943 2472 1999 δὲ
2522 1950 2639 2008 θεῖα
2667 1949 2702 2014 ἠ
2736 1945 2919 2018 σοφία’
2968 1948 3036 1998 τὰ
3083 1944 3395 2018 ἀνθρώπεια
3447 1940 3505 1998 δὶ
3535 1945 3568 2012 ἡ
3603 1943 3778 1999 πολι-

2119 2036 2268 2104 τικήο
2294 2034 2576 2106 σύμπαντα
2607 2031 2664 2089 δὲ
2691 2037 2726 2104 ἠ
2764 2032 3047 2109 βασιλική.
3101 2031 3367 2095 Βασιλεὺς
3419 2034 3599 2088 τοίνυν
3633 2033 3779 2088 ἐστὶν

2121 2124 2149 2177 ὸ
2182 2124 2367 2198 ἄρχων
2401 2124 2538 2178 κατᾶ
2566 2123 2789 2193 νόμους,
2828 2124 2855 2178 ὁ
2877 2125 2977 2193 τήν
3009 2127 3106 2177 τοῦ
3136 2121 3324 2197 ἄρχειν
3378 2123 3610 2178 ἑκόντων
3645 2123 3777 2178 ἐπι-

2121 2213 2337 2283 στήμην
2368 2211 2536 2286 ἔχων·
2573 2207 2688 2275 οἷός
2720 2211 2860 2266 ἐστιν
2895 2215 2922 2266 ὁ
2958 2211 3156 2285 Κύριος
3179 2253 3193 2279 ,
3223 2211 3351 2272 τοὺς
3380 2210 3456 2272 εἷς
3489 2210 3650 2266 αὑτὸν
3686 2212 3776 2267 καὶ

2120 2299 2190 2356 δι’
2245 2298 2408 2356 α’ύτοῦ
2464 2322 2816 2363 πιστεύοντας
2874 2302 3203 2375 προϊέμενος
3260 2303 3393 2373 (37).
3429 2303 3612 2356 Πάντα
3660 2305 3775 2374 (38)

2117 2390 2219 2464 γὰρ
2276 2387 2643 2464 παρέδωκενὸ
2675 2391 2824 2460 Θεὸς,
2881 2390 2972 2444 καὶ
3028 2391 3202 2444 πάντα
3258 2389 3481 2459 ὑπέταξε
3523 2391 3774 2463 Χριστῷ,

2116 2483 2195 2548 τῷ
2227 2477 2443 2552 βασιλεῖ
2489 2481 2672 2551 ἠμῶνο
2724 2504 2750 2530 ‹‹
2783 2478 2873 2532 ’ἱνα
2920 2477 2971 2532 ἐν
3020 2482 3099 2550 τῷ
3144 2477 3371 2551 ὀνόματι
3432 2479 3612 2548 Ἰησοῦ
3663 2485 3770 2533 πᾶν

2117 2565 2246 2641 γόνυ
2271 2568 2487 2641 κάμψῃ,
2523 2566 2880 2638 ἐπουρανίων,
2912 2566 3001 2622 καὶ
3034 2565 3307 2642 ἐπιγείων,
3356 2566 3445 2621 καὶ
3493 2579 3770 2641 καταχθο-

2118 2656 2267 2710 νίωνι
2300 2659 2386 2711 καὶ
2437 2663 2580 2711 πᾶσα
2617 2655 2844 2731 γλῶσσα
2898 2653 3396 2730 ἐξομολογήσηται,
3442 2654 3526 2710 ὅτι
3569 2657 3770 2727 Κύριος

2121 2746 2330 2814 Ἰησοῦς
2363 2746 2593 2820 Χριστὸς
2627 2746 2704 2807 εἲς
2735 2743 2888 2818 δόξαν
2944 2749 3077 2800 Θεοῦ
3122 2745 3355 2820 Πατρός.
3389 2768 3419 2796 ››
3477 2742 3660 2805 ἰδέαις
3707 2742 3766 2799 δὲ

2122 2833 2361 2910 ἐνέχεται
2393 2836 2456 2889 τὸ
2488 2837 2853 2910 στρατήγημα
2898 2834 3094 2910 τρισὶν,
3151 2833 3404 2912 ἀσφαλεῖ,
3438 2830 3766 2910 παραϐόλῳ,

2120 2925 2211 2977 καὶ
2240 2928 2321 2995 τῷ
2352 2923 2411 2978 ἐκ
2462 2924 2670 2978 τούτων
2733 2923 2930 2994 μικτῷ·
2967 2923 3262 2986 συντίθεται
3317 2921 3375 2977 δὲ
3401 2922 3608 2977 τούτων
3637 2920 3772 2978 ’ἐκα-

2122 3033 2244 3066 στον
2289 3012 2348 3066 ἐκ
2392 3018 2582 3086 τριῶν,
2613 3013 2646 3074 ἢ
2683 3010 2772 3067 διὰ
2820 3010 3009 3088 λόγου,
3050 3010 3086 3080 ἢ
3137 3009 3207 3065 δι’
3255 3009 3450 3088 ἔργων,
3491 3011 3525 3081 ἢ
3557 3012 3650 3067 καὶ
3703 3009 3772 3068 δι’

2122 3101 2444 3178 ἀμφοτέρων
2503 3101 2616 3174 ἅμα
2670 3104 2908 3162 τούτων.
2966 3106 3142 3156 Ταῦτα
3201 3097 3260 3155 δὲ
3315 3099 3535 3175 ὑπάρξει
3595 3102 3775 3157 πάντα

2117 3187 2410 3260 ἐπιτελεῖν,
2443 3191 2477 3260 ἢ
2520 3189 2824 3258 πείθοντας,
2869 3189 2903 3259 ἢ
2941 3190 3321 3264 βιαζομένους,
3353 3189 3388 3257 ἢ
3423 3188 3774 3258 ἀδικοῦντας,

2117 3279 2167 3334 ἐν
2222 3283 2304 3350 τῷ
2361 3278 2685 3351 ἀμύνασθαι,
2745 3281 2831 3340 οἷς
2883 3277 3316 3353 ἐμπεριέχεται·
3377 3281 3412 3347 ἢ
3469 3281 3538 3333 τὰ
3585 3277 3777 3334 δίκαια

2114 3367 2482 3437 ποιοῦντας,ἢ
2517 3365 2907 3440 ψευδομένους,
3004 3365 3397 3438 ἀληθεύοντας,
3429 3367 3464 3436 ἢ
3498 3368 3589 3423 καὶ
3636 3369 3774 3424 τού-

2111 3477 2218 3510 των
2273 3458 2386 3530 ἅμα
2439 3455 2548 3511 τισὶ
2607 3457 2930 3531 χρωμένους
2980 3456 3118 3511 κατά
3171 3456 3263 3511 τὸν
3324 3455 3481 3511 αὐτὸν
3538 3457 3774 3531 καιρόν.

2110 3548 2283 3598 Ταῦτα
2323 3542 2380 3598 δὲ
2412 3542 2718 3616 σύμπαντα,
2749 3546 2838 3598 καὶ
2870 3545 2931 3599 τὸ
2964 3549 3081 3606 πῶς
3133 3541 3214 3599 δεῖ
3264 3551 3505 3618 χρῆσθαι
3551 3545 3771 3601 τούτων

2112 3633 2340 3705 ἑκάστῳ,
2373 3635 2519 3706 παρὰ
2567 3634 2838 3695 Μωυσέως
2886 3629 3143 3694 λαϐόντες
3175 3632 3475 3704 Ἕλληνες,
3507 3632 3775 3708 ὠφέλην-

2107 3744 2217 3779 ται.
2249 3723 2434 3778 Τύπου
2463 3720 2520 3778 δὶ
2549 3719 2748 3789 ένεγεν,
2781 3722 2898 3784 ένὸς
2929 3723 2964 3791 ἢ
2996 3722 3086 3777 καὶ
3118 3719 3368 3797 δευτέρου
3418 3722 3774 3795 ἐπιμνησθη-

2109 3833 2277 3884 σομαι
2307 3809 2742 3887 παραδείγματος
2776 3816 3158 3887 στρατηγικοῦ.
3196 3814 3440 3881 Μοϋσῆς,
3475 3815 3569 3868 τὸν
3625 3811 3768 3870 λαὸν

2108 3900 2406 3978 ἐξαγαγὼν,
2452 3902 2788 3963 ὑποπτεύσας
2845 3898 3150 3971 ἐπιδιώξειν
3205 3900 3334 3963 τοὺς
3391 3901 3768 3976 Αἰγυπτίους,

2103 3993 2203 4062 την
2261 3990 2454 4066 ὀλίγην
2497 3991 2586 4046 καὶ
2638 3993 2901 4065 σύντομον
2950 3991 3241 4045 ἀπολιπὼν
3302 3989 3460 4058 ὁδὸν,
3516 3989 3603 4045 ἐπὶ
3655 3995 3768 4063 τήν

2104 4080 2312 4154 ἔρημον
2371 4079 2644 4154 ἐτρέπετο·
2703 4079 2794 4134 καὶ
2847 4079 3056 4155 νύκτωρ
3114 4081 3181 4134 τὰ
3229 4077 3416 4135 πολλὰ
3462 4083 3530 4154 τῇ
3563 4081 3768 4154 πορείᾳ

2103 4169 2392 4244 ἐκέχρητο.
2454 4170 2642 4242 Ἑτέρα
2697 4170 2796 4243 γάρ
2849 4169 2914 4238 ἦν
2973 4168 3282 4242 οἰκονομία,
3325 4169 3444 4232 καθ’
3496 4170 3565 4238 ἢν
3599 4169 3766 4225 ἐπαι-

2106 4257 2323 4314 δεόοντο
2379 4255 2656 4332 Ἑϐραῖοι,
2717 4256 2787 4312 δι’
2842 4256 3074 4333 ἐρημίας
3118 4255 3339 4326 πολλῆς
3397 4257 3486 4312 καὶ
3546 4258 3762 4333 χρόνου

2113 4351 2342 4421 μακροῦ,
2375 4347 2452 4409 εἷς
2491 4346 2655 4418 μόνον
2711 4347 2774 4400 τὸ
2830 4345 3097 4400 πιστεύειν
3145 4346 3236 4400 τὸν
3301 4347 3430 4400 Θεὸν
3493 4347 3650 4415 εἶναι,
3688 4345 3763 4402 δι’

341 4455 478 4509 pere
510 4439 849 4495 utilitatem.
880 4440 1050 4496 Verbi
1069 4447 1268 4497 autem
1290 4443 1496 4515 gratia,
1519 4445 1698 4500 unius
1718 4448 1819 4499 aut
1839 4443 1989 4498 alte-

2113 4438 2384 4510 'mouovﬁc
2418 4435 2720 4507 ἐθιζόμενοι
2753 4435 3054 4509 σώφρονος.
3086 4435 3156 4490 Τὸ
3199 4439 3325 4509 γοῦν
3387 4439 3761 4513 στρατήγημα

338 4527 461 4580 rius
493 4527 856 4598 imperatorii
889 4530 1143 4601 exempli
1178 4532 1524 4586 meminero.
1564 4534 1811 4604 Moyses,
1850 4548 1986 4586 cum

338 4615 621 4685 populum
642 4617 958 4685 eduxisset,
982 4620 1314 4691 suspicatus
1337 4621 1460 4676 fore
1476 4626 1540 4676 ut
1555 4637 1988 4692 persequeren-

337 4707 433 4756 tur
461 4704 728 4774 Egyptii,
761 4706 920 4760 brevi
957 4709 1450 4776 etcompendiosa
1472 4711 1564 4765 via
1583 4710 1810 4776 relicta,
1843 4727 1986 4766 con—

335 4808 538 4846 versus
570 4797 660 4846 est
687 4792 749 4848 in
783 4794 1188 4864 solitudinem,
1221 4803 1280 4852 et
1303 4799 1563 4854 maxima
1591 4816 1662 4854 ex
1683 4805 1848 4870 parte
1871 4799 1985 4854 iter

335 4887 515 4937 noctu
541 4881 811 4938 faciebat.
845 4887 988 4939 Nam
1023 4887 1180 4957 quod
1215 4889 1441 4944 Hebraei
1467 4891 1745 4945 diuturno
1770 4889 1982 4961 perin-

333 4976 568 5043 gentem
601 4971 984 5027 solitudinem
1015 4976 1268 5031 transitu
1300 4977 1372 5031 ad
1406 4996 1590 5034 unum
1616 4980 1801 5034 Deum
1843 4995 1978 5033 cre-

332 5060 590 5116 dendum
615 5061 1010 5129 erudirentur,
1040 5069 1098 5117 et
1121 5064 1194 5118 ad
1214 5065 1572 5135 prudentem
1601 5067 1980 5124 tolerantiam

2095 4532 2192 4582 τοῦ
2224 4524 2502 4589 Μωϋσέως
2523 4521 2762 4578 διδάσκει
2789 4524 2896 4598 πρὸ
2923 4529 3030 4578 τῶν
3063 4522 3331 4580 κινδύνων
3364 4523 3474 4580 δεῖν
3501 4528 3570 4582 τὰ
3601 4531 3752 4602 χρή-

2099 4637 2234 4689 σιμα
2264 4612 2520 4683 συνιδεῖν,
2551 4613 2640 4667 καὶ
2681 4613 2854 4676 οὕτως
2897 4609 3201 4670 ἐπιϐαλεῖν.
3251 4612 3480 4687 Ἀμέλει
3522 4617 3751 4691 γέγονεν

2094 4705 2226 4778 ὅπερ
2252 4703 2341 4758 καὶ
2401 4703 2770 4758 ὑπώπτευσεν·
2833 4699 3123 4775 ἐπεδίωξαν
3178 4703 3280 4778 γὰρ
3335 4704 3385 4758 οἱ
3449 4704 3750 4779 Δίγύπτιοι

2093 4793 2175 4868 ἐφ’
2201 4795 2388 4848 ἳππων
2419 4791 2508 4846 καὶ
2540 4793 2867 4866 ὀχημάτωνο
2901 4790 3028 4846 ἀλλ’
3058 4791 3350 4848 ἀπώλοντο
3401 4796 3619 4862 θᾶττον,
3651 4795 3752 4869 ῥα-

2091 4884 2282 4958 γείσης
2313 4885 2412 4946 τῆς
2471 4880 2767 4950 θαλάσσης,
2821 4881 2912 4934 καὶ
2973 4879 3063 4934 σὺν
3116 4880 3311 4943 ἳπποις
3364 4884 3452 4937 καὶ
3515 4883 3753 4958 ἅρμασιν

2091 4971 2285 5029 αὐτοὺς
2315 4968 2752 5038 κατακλυσάσης,
2788 4969 2860 5031 ὡς
2897 4966 3038 5041 μηδὲ
3069 4968 3326 5044 λείψανον
3377 4970 3552 5026 αὐτῶν
3603 4973 3747 5027 ἀπο-

2090 5061 2399 5140 λειφθῆναι.
2444 5060 2596 5116 Μετὰ
2654 5055 2712 5114 δὲ
2765 5062 2934 5114 ταῦτα
2989 5056 3187 5122 στύλος
3245 5060 3416 5133 πυρὸς
3476 5060 3752 5135 ἑπόμενος

435 5199 492 5249 Ρ.
520 5198 624 5251 417
657 5195 767 5250 ED.
802 5195 1093 5262 POTTER,
1128 5197 1230 5250 347
1264 5199 1377 5253 ED.
1411 5201 1637 5255 PARIS.
1672 5203 1744 5269 (α)
1781 5200 1997 5271 Philip.

2121 5199 2328 5264 1Ο,11.

395 5348 508 5422 (36)
536 5347 612 5404 Τὸ
638 5345 729 5419 μὶν
757 5368 812 5422 φ.
847 5349 1009 5422 lianc
1041 5347 1398 5422 sententiam
1429 5351 1658 5422 priores
1681 5351 1974 5422 editiones

321 5416 409 5495 siti
433 5416 800 5495 distingunt:
833 5420 903 5495 "1:6
939 5421 1034 5492 μὲν
1096 5416 1408 5495 φιλόνεικον
1429 5416 1447 5421 ⁷
1473 5416 1636 5494 μόνον
1698 5419 1839 5475 ἐστὶν
1871 5422 1968 5476 αὖ·

315 5494 434 5567 τοῦ,
469 5497 567 5546 τοῦ
597 5489 812 5567 κρατεῖν
843 5489 920 5546 ἓν.

387 5564 500 5634 (37)
533 5562 885 5639 Προὶέμενος.
935 5562 1397 5621 Convenientius
1453 5563 1836 5642 προσιέμενος,
1869 5565 1958 5622 ad.

2082 5351 2322 5414 mittens,
2352 5346 2632 5419 inquiunt
2663 5346 2956 5419 Sylburg.,
2991 5346 3212 5402 Lowth.

2150 5421 2275 5492 (33)Δ
2321 5418 2506 5492 Πάντα
2539 5460 2552 5474 .
2614 5417 2901 5492 Βθερίείιξ
2932 5417 3069 5473 Luc.
3121 5437 3178 5486 ι,
3237 5419 3353 5492 22]
3399 5421 3583 5471 Πάντα
3640 5436 3735 5490 μοι

2073 5487 2350 5566 παρεδόθη
2415 5489 2519 5566 ὑπὸ
2561 5491 2659 5566 τοῦ
2709 5487 2927 5566 ’Πατρός
2989 5508 3117 5566 μου·
3154 5493 3266 5566 et_l
3296 5489 3427 5566 C_or.
3484 5506 3581 5561 xv,
3614 5487 3725 5556 27;

2073 5557 2253 5618 Πάντα
2281 5557 2382 5635 γᾶρ
2417 5559 2669 5630 ὑπέταξεν
2703 5559 2806 5614 ὑπὸ
2829 5557 2958 5620 τοὺς
2985 5557 3158 5621 ¹πόδας
3191 5557 3379 5614 αὐτοῦ.
