4044 6154
1657 244 2110 304 STROM-ATUH
2143 247 2278 302 LIB.
2321 245 2363 301 Ι.

3619 251 3729 306 910

307 360 533 438 (ὡδήγιι
589 360 690 439 γὰρ
775 359 1080 440 ἔμπροσθεν
1146 365 1350 439 αὐτῶν)
1405 367 1510 442 ἦγε
1565 366 1778 443 νύκτωρ
1833 366 1960 430 τοὺς

2079 371 2491 438 assueﬁerent,
2523 369 2582 424 id
2615 369 2861 425 alterius
2892 369 3354 440 dispensationis
3379 370 3731 444 fuit.Moysis

309 445 598 527 Ἐϐραίους
633 449 702 508 δι’
731 447 959 526 ἀϐάτου,
990 452 1042 509 έν
1077 456 1267 519 πόνοις
1299 455 1390 511 καὶ
1421 453 1765 533 ὁδοιπορίαις
1799 456 1874 520 είς
1904 479 1965 513 τε

308 538 554 617 ἀνδρείαν
585 541 664 604 εἵς
715 564 774 598 τε
825 543 1108 619 καρτερίαν
1142 544 1431 620 γυμνάζων
1461 547 1549 602 καὶ
1608 541 1964 620 συμϐιϐάζων

308 630 524 693 αὐτούς·
551 628 643 686 ’ίνα
672 631 762 687 καὶ
795 633 1012 708 χρηστᾶ
1028 634 1096 689 τὰ
1124 642 1226 701 τῆς
1257 636 1448 711 χώρας
1483 637 1620 709 μετὰ
1647 637 1745 705 τήν
1770 642 1964 712 πεῖραν

305 724 414 775 τῶν
449 717 762 776 δοκούντων
790 718 980 777 δεινῶν
1013 726 1176 800 φανῇ,
1209 723 1286 786 εἷς
1341 721 1410 794 ἤν
1439 723 1489 798 ἐξ
1549 721 1772 790 ἀνοδίας
1799 725 1964 800 παρέ-

305 830 517 882 πεμπεν
549 810 767 872 αὐτούς.
795 811 902 868 Ναὶ
937 813 1046 884 μὴν
1078 813 1166 868 καὶ
1198 813 1325 876 τοὺς
1360 811 1685 887 πολεμίους,
1707 813 1833 876 τοὺς
1863 821 1966 883 τῆς

307 898 496 974 χώρας
555 899 1081 975 προκαθεζομένους,
1137 905 1591 976 τροπωσάμενος,
1634 905 1965 970 ἀπέκτεινεν,

308 986 358 1061 ἐξ
380 988 596 1064 ἐρήμου
627 989 715 1043 καὶ
742 991 1002 1065 τραχείας
1031 988 1160 1046 ὁδοῦ
1183 991 1427 1064 κτοιαύτη
1459 992 1560 1069 γὰρ
1593 995 1628 1063 ἡ
1663 993 1825 1064 ἀρετὴ
1869 995 1966 1047 τοῦ

309 1081 698 1155 στρατηγικοῦ)
748 1079 1064 1154 ἐπιθέμενος
1108 1081 1315 1144 αὐτοῖς.
1373 1083 1690 1158 Ἐμπειρίας
1739 1083 1842 1158 γὰρ
1875 1082 1965 1136 καὶ

309 1167 642 1242 στρατηγίας
671 1163 830 1245 ἔργον
860 1169 926 1237 ἦν
955 1169 1016 1224 τὸ
1045 1171 1145 1239 τὴν
1188 1169 1374 1244 χώραν
1408 1175 1515 1225 τῶν
1548 1169 1831 1244 πολεμίων
1863 1168 1965 1226 λαο

307 1250 447 1314 ϐεῖν.
472 1259 651 1314 Τοῦτο
685 1256 914 1313 συνιδὼν
949 1257 1284 1330 Μιλτιάδης,
1317 1261 1464 1316 ὁτῶν
1490 1261 1791 1328 Ἀθηναίων
1806 1283 1965 1339 στρα-

303 1345 497 1421 τηγὸς,
529 1347 557 1400 6
586 1349 655 1420 τῇ
688 1344 740 1400 ἐν
773 1349 1067 1420 Μαραθῶνι
1103 1349 1258 1423 μάχῃ
1306 1351 1532 1420 νικήσας
1559 1349 1690 1412 τοὺς
1737 1353 1964 1426 Πέρσας,

309 1431 629 1507 ἰμιμήσατο
697 1432 851 1490 τόνδε
918 1435 1011 1490 τὸν
1083 1437 1310 1513 τρόπον·
1369 1437 1546 1515 ἤγαγε
1597 1439 1724 1502 τοὺς
1800 1442 1964 1513 Ἀθη-

305 1522 494 1585 ναίους
541 1524 776 1597 νύκτωρ,
833 1523 902 1579 δι’
961 1524 1182 1589 ἀνοδίας
1237 1525 1481 1598 βαδίσας,
1537 1529 1626 1583 καὶ
1679 1527 1964 1601 πλανήσας

303 1610 435 1674 τοὺς
463 1617 760 1685 τηροῦντας
792 1612 953 1668 αὐτὸν
983 1619 1090 1668 τῶν
1126 1611 1431 1692 βαρϐάρων·
1484 1618 1512 1672 6
1568 1618 1668 1693 γὰρ
1731 1618 1964 1692 Ἱππίας,

2077 476 2214 532 ergo
2246 460 2418 515 docet
2449 463 2825 532 stratagema,
2887 464 3013 514 tum
3062 458 3302 515 demum
3333 461 3728 534 aggredienda

2078 565 2206 605 esse
2236 549 2520 621 pericula,
2551 565 2684 604 cum
2717 565 2942 620 ea,quae
2975 549 3202 604 suntiis
3235 549 3596 622 repellendis
3611 552 3726 606 uti-

2075 639 2175 706 lia,
2209 640 2444 710 provisa
2473 637 2714 693 fuerint.
2749 640 2818 691 Et
2849 644 3006 692 certe
3029 639 3224 693 evenit
3253 639 3508 709 id,quod
3531 640 3725 712 suspi-

2073 734 2238 784 catus
2267 733 2372 784 est.
2406 729 2472 782 In
2505 728 2671 799 equis
2694 728 2853 782 enim
2886 733 2943 782 et
2973 727 3245 783 curribus
3274 731 3570 800 persecuti
3591 737 3731 786 sunt

2072 817 2321 889 Egyptii
2356 834 2369 884 ;
2403 817 2505 872 sed
2538 817 2653 872 cito
2672 816 3001 888 perierunt,
3033 833 3165 871 cum
3201 833 3362 872 mare
3387 817 3724 889 disruptum

2074 912 2248 974 esset,
2284 913 2343 961 et
2371 907 2531 978 ipsos
2563 923 2698 961 cum
2753 906 2922 977 equis
2975 912 3034 960 et
3089 907 3361 961 curribus
3411 907 3727 977 obruisset,

2072 995 2218 1051 adeo
2250 1001 2316 1049 ut
2341 1011 2547 1050 eorum
2600 994 2779 1049 nulla)
2825 995 3225 1049 remanserint
3253 995 3542 1066 reliquiae.
3592 998 3732 1051 Post

2073 1083 2199 1139 haec
2231 1091 2430 1140 autem
2461 1100 2717 1155 sequens
2740 1088 2796 1138 et
2827 1084 3118 1138 comitans
3141 1084 3420 1138 columna
3449 1085 3728 1157 ignis(eos

2073 1173 2866 1245 enim>X<przecedebat)duxit
2897 1178 3073 1228 noctu
3108 1173 3381 1228 Hebraeos
3413 1191 3518 1245 per
3538 1175 3730 1248 regio-

2071 1279 2209 1318 nem
2237 1263 2933 1333 inaccessam,laboribus
2965 1269 3022 1317 et
3043 1262 3357 1318 itineribus
3388 1263 3460 1318 ad
3474 1263 3655 1318 robur
3672 1270 3730 1320 et

2070 1351 2482 1408 fortitudinem
2515 1369 2614 1408 eos
2675 1367 2957 1408 exercens
2986 1368 3055 1407 ac
3103 1352 3393 1407 inducens
3421 1369 3432 1405 :
3465 1358 3532 1408 ut
3551 1358 3722 1424 post-

2072 1459 2252 1513 quam
2283 1459 2512 1508 eorum,
2549 1459 2678 1512 quaa
2701 1440 3053 1496 videbantur
3072 1442 3728 1514 gravia,periculumfe-

2071 1531 2313 1600 cissent,
2331 1548 2510 1601 quam
2541 1530 2700 1587 bona
2730 1535 2888 1586 esset
2918 1536 3232 1601 appareret
3260 1530 3523 1601 regio,ad
3546 1548 3727 1601 quam

2073 1636 2173 1674 eos
2204 1636 2274 1674 ex
2329 1620 2421 1674 via
2452 1619 2608 1674 invia
2639 1618 3098 1674 transmittebat.
3135 1618 3472 1683 Quinetiam
3503 1620 3727 1687 hostes,

313 1700 354 1798 6-
373 1705 482 1755 τῶν
542 1701 844 1770 Ἀθηναίων
889 1704 1147 1770 ἀποστὰς,
1188 1704 1424 1781 ἐπήγαγε
1478 1705 1609 1770 τοὺς
1656 1703 1962 1784 βαρϐάρους

2077 1708 2173 1780 qui
2201 1708 2366 1779 prius
2383 1725 2514 1764 eam
2547 1708 3294 1780 regioneminsidebant,in
3319 1709 3515 1780 fugam
3530 1726 3729 1764 versos

306 1789 388 1852 εἷς
433 1791 533 1858 τήν
585 1792 864 1864 Ἀττικὴν,
919 1793 1008 1847 καὶ
1064 1795 1190 1856 τοὺς
1254 1794 1566 1872 ἐπικαίρους
1611 1802 1718 1852 τῶν
1778 1799 1963 1854 τόπων

303 1874 864 1953 προκαταλαϐόμενος
896 1880 1180 1959 ἐφύλαττε,
1215 1880 1303 1938 διὰ
1330 1886 1391 1940 τὸ
1444 1892 1544 1955 τῆς
1594 1888 1786 1963 χώρας
1817 1885 1964 1962 ἔχειν

301 1969 407 2036 τήν
441 1967 751 2041 ἐμπειρίαν.
783 1971 980 2046 Ἔργον
1019 1973 1113 2044 μὶν
1147 1970 1237 2027 οῦν
1269 1975 1338 2044 ἦν
1367 1975 1459 2029 τὸν
1511 1976 1721 2033 Ἱππίαν
1758 1977 1960 2041 λαθεῖν·

307 2056 432 2122 ὅθεν
456 2057 682 2122 εἰκότως
708 2060 734 2113 6
769 2057 1080 2132 Μιλτιάδης
1141 2061 1600 2138 συγχρησάμενος
1641 2063 1829 2137 ἀνοδίᾳ
1883 2087 1962 2133 τε,

305 2146 397 2201 καὶ
424 2148 576 2202 νυκτί
607 2145 924 2221 ἐπιθέμενος
956 2155 1075 2211 τοῖς
1124 2150 1374 2224 Πέρσαις,
1407 2151 1479 2207 ὧν
1541 2154 1698 2216 Δάτις
1751 2157 1960 2228 ἠγεῖτο,

303 2235 373 2290 τὰ
400 2235 539 2290 κατὰ
567 2236 658 2290 τὸν
694 2237 902 2312 ἀγῶνα,
957 2240 1073 2310 μετ’
1123 2237 1340 2294 ἐκείνων
1401 2241 1474 2295 ὧν
1531 2242 1694 2306 αὐτὸς
1747 2245 1960 2318 ἡγεῖτο,

303 2325 684 2399 κατώρθωσεν.
747 2324 923 2382 ’Λλλὰ
971 2327 1059 2382 καὶ
1120 2324 1491 2404 Θρασυϐούλῳ
1520 2329 1648 2394 τοὺς
1707 2331 1959 2388 ἐκπεσόν-

302 2434 402 2477 τας
427 2413 533 2468 ἀπὸ
557 2413 748 2485 Φυλῆς
781 2415 892 2489 (39)
923 2417 1279 2494 καταγαγόντι
1336 2418 1427 2474 καὶ
1489 2421 1816 2495 βουλομένῳ
1865 2420 1961 2478 λα·

309 2504 420 2557 θεῖν
455 2501 652 2566 στύλος
700 2502 904 2578 ὁδηγὸς
951 2507 1156 2580 γίνεται
1211 2504 1299 2562 διὰ
1352 2514 1459 2563 τῶν
1511 2505 1749 2584 ἀτριϐῶν
1801 2509 1959 2566 ίόντιο

309 2597 390 2665 τῷ
412 2587 786 2668 Θρασυϐούλῳ
838 2592 1076 2667 νύκτωρ,
1127 2595 1399 2667 ἀσελήνου
1427 2597 1517 2652 καὶ
1573 2596 1963 2675 δυσχειμερίου

310 2685 408 2734 τοῦ
451 2684 838 2755 κατασῆματος
886 2685 1200 2760 γεγονότος,
1257 2691 1363 2759 πῦρ
1419 2688 1630 2762 ἑωρᾶτο
1681 2689 1960 2764 προηγού-

317 2791 498 2844 μενον,
557 2770 688 2848 ὅπερ
747 2771 941 2834 αὐτοὺς
1002 2773 1310 2839 ἀπταίστως
1392 2776 1721 2851 προπέμψαν
1755 2820 1771 2848 ,
1827 2778 1965 2831 κατᾶ

311 2860 412 2927 τὴν
452 2860 762 2916 Μουνυχίαν
797 2860 1060 2932 ἐξέλιπεν·
1116 2862 1241 2928 ἔνθα
1287 2863 1378 2918 νῦν
1412 2867 1440 2919 6
1496 2872 1596 2935 τῆς
1656 2867 1964 2944 Φωσφόρου

320 2946 510 3021 βωμός
573 2948 702 3006 ἐστι.
757 2953 926 3006 ΙΙιστᾶ
982 2950 1161 3008 τοίνυν
1206 2953 1272 3009 τὰ
1301 2955 1543 3031 ἡμέτερα
1594 2952 1690 3010 κᾶν
1725 2955 1960 3011 ἐντεῦθεν

310 3036 544 3111 γενέσθω
573 3043 690 3100 τοῖς
722 3039 1010 3112 Ἕλλησιν·
1047 3041 1128 3096 ὅτι
1189 3039 1292 3119 ἄρα
1351 3041 1572 3099 δυνατὸν
1614 3049 1694 3118 τῷ
1753 3066 1955 3100 παντο-

2071 1798 2306 1864 occidit,
2341 1814 2442 1852 eos
2469 1814 2540 1852 ex
2566 1797 2886 1852 solitudine
2920 1803 2979 1850 et
3032 1797 3122 1851 via
3181 1813 3391 1867 aspera
3444 1799 3534 1868 (ea
3565 1798 3728 1852 enim

2069 1902 2163 1941 ars
2193 1885 2306 1941 fuit
2332 1886 2734 1958 imperatoria)
2760 1901 3091 1957 aggressus.
3127 1886 3242 1940 Hoc
3277 1885 3435 1940 enim
3470 1891 3593 1940 erat
3623 1902 3728 1957 pe-

2067 1975 2219 2030 ritiae
2253 1980 2310 2029 et
2330 1975 2727 2046 imperatoriae
2759 1975 3024 2029 scientiaa
3057 1991 3225 2045 opus,
3258 1975 3517 2029 hostium
3541 1975 3724 2046 regio-

2067 2080 2204 2118 nem
2236 2079 2581 2135 occupasse.
2616 2062 2780 2128 Quod
2811 2080 2946 2117 cum
2968 2063 3487 2119 animadvertisset
3512 2065 3722 2119 Miltia-

2068 2152 2532 2225 des,imperator
2560 2152 2964 2220 Atheniensis,
2999 2153 3098 2224 qui
3132 2153 3498 2209 Marathonia
3526 2171 3726 2226 pugna

2069 2241 2204 2297 vicit
2231 2243 2463 2309 Persas,
2496 2242 2608 2296 hoc
2653 2240 2830 2296 modo
2863 2246 2955 2296 est
3009 2241 3274 2297 imitatus
3305 2259 3318 2296 :
3352 2248 3529 2297 noctu
3557 2243 3726 2297 duxit

2067 2330 2463 2386 Athenienses
2492 2346 2599 2402 per
2629 2329 2760 2384 loca
2790 2328 2945 2383 invia
2977 2328 3090 2384 iter
3131 2328 3378 2397 faciens,
3403 2335 3461 2384 et
3491 2347 3590 2384 eos
3623 2331 3725 2400 qui

2067 2420 2266 2492 ipsum
2311 2418 2721 2485 observabant,
2780 2417 3064 2472 barbaros
3105 2417 3429 2488 decipiens.
3487 2419 3729 2490 Hippias

2071 2509 2255 2572 enim,
2281 2509 2380 2579 qui
2401 2507 2701 2562 defecerat
2729 2505 2800 2561 ab
2835 2506 3314 2573 Atheniensibus,
3346 2505 3635 2561 barbaros
3668 2508 3730 2561 in

2072 2598 2316 2652 Atticam
2349 2596 2682 2660 induxerat,
2703 2600 2762 2649 et
2786 2595 3211 2666 opportuniora
3238 2594 3531 2664 loca,cum
3554 2596 3733 2651 istius

2067 2685 2327 2758 regionis
2359 2690 2516 2740 esset
2545 2685 2793 2756 peritus,
2827 2687 3461 2755 prreoccupaverat.Ac
3485 2684 3732 2739 difﬁcile

2069 2775 2310 2846 quidem
2343 2773 2664 2829 eratlatere
2695 2773 2967 2845 Hippiam
2995 2791 3006 2827 :
3033 2773 3190 2828 unde
3205 2774 3418 2830 merito
3438 2774 3733 2829 Miltiades

2068 2871 2128 2920 et
2155 2864 2301 2920 locis
2336 2863 2510 2918 inviis
2541 2880 2706 2931 usus,
2727 2869 2786 2918 et
2815 2869 2988 2918 nocte
3019 2880 3330 2937 aggressus
3362 2864 3731 2936 Persas,qui-

2067 2953 2178 3009 bus
2208 2959 2460 3025 praeerat
2490 2953 2672 3020 Datis,
2733 2970 2868 3008 cum
2926 2953 3049 3008 suis
3108 2953 3400 3008 militibus
3461 2954 3736 3026 superior

2071 3043 2272 3098 evasit.
2325 3043 2662 3108 Quinetiam
2719 3043 3105 3112 Thrasybulo,
3170 3061 3304 3098 cum
3361 3044 3596 3098 exsules
3665 3060 3736 3097 ex

308 3128 534 3201 κράτορι
586 3132 721 3201 Θεῷ,
780 3133 1140 3207 προηγεῖσθαι
1194 3109 1419 3202 ποιῆσαι
1487 3139 1604 3197 τοῖς
1666 3109 1956 3210 ”Εϐραίοις

2077 3132 2259 3203 Phyla
2287 3130 2601 3198 reducens,
2626 3130 2811 3186 latere
2844 3109 3263 3201 cuipiebat,dux
3291 3132 3405 3186 fuit
3431 3132 3732 3198 columna,

304 3212 518 3291 νύκτωρ
549 3217 747 3273 στυλον
778 3219 970 3294 πυρὸς,
999 3221 1090 3274 τὸν
1143 3222 1230 3276 καὶ
1289 3224 1744 3298 καθηγησάμενον
1777 3222 1962 3288 αὐτοῖς

303 3306 405 3368 τῆς
433 3301 585 3360 ὁδοῦ.
621 3306 840 3382 Λέγεται
865 3305 921 3363 δὲ
941 3307 1028 3364 καὶ
1052 3308 1102 3362 ἐν
1133 3315 1376 3386 χρησμῷ
1404 3331 1531 3366 τινι·

2073 3239 2180 3294 per
2207 3222 2338 3276 loca
2365 3236 2485 3274 non
2506 3219 2644 3274 trita
2666 3219 3021 3291 ingredienti
3044 3225 3134 3286 ;et
3162 3226 3341 3275 noctu
3366 3238 3492 3276 cum
3511 3238 3622 3276 nec
3645 3222 3740 3276 lu-

2074 3316 2235 3366 ceret
2263 3309 2427 3376 luna,
2460 3307 2900 3378 hibernumque
2930 3308 3144 3362 coelum
3176 3315 3333 3364 esset
3362 3316 3421 3364 et
3455 3310 3740 3382 caligino-

302 3410 458 3461 sum,
491 3397 814 3468 apparebat
841 3399 994 3472 ignis
1011 3401 1374 3472 przecedens,
1405 3402 1505 3474 qui
1533 3419 1667 3457 cum
1701 3419 1802 3458 eos
1836 3408 1993 3458 tutos
2025 3399 2390 3466 deduxisset,
2421 3413 2606 3469 prope
2637 3396 3013 3468 Munychiam
3046 3395 3284 3466 defecit,
3307 3398 3413 3452 ubi
3463 3415 3623 3453 nunc
3657 3403 3746 3452 est

303 3499 408 3538 ara
441 3483 740 3540 Luciferam
775 3487 878 3542 Vel
910 3504 979 3542 ex
1009 3489 1122 3545 hoc
1143 3507 1278 3563 ergo
1308 3492 1458 3546 ﬁant
1488 3496 1692 3547 nostra
1726 3493 1945 3548 Graecis
1975 3488 2305 3555 credibilia,
2340 3503 2554 3558 nempe
2587 3485 2746 3558 quod
2778 3485 2971 3541 facere
3003 3491 3199 3557 potest
3260 3486 3413 3541 Deus
3462 3487 3744 3556 omnipo-

301 3577 458 3641 tens,
487 3580 552 3628 ut
582 3574 862 3631 columna
891 3577 1044 3650 ignis
1071 3579 1346 3635 Hebraeos
1376 3586 1555 3636 noctu
1586 3581 1903 3652 przecedat,
1933 3597 2065 3653 quae
2097 3578 2277 3634 etiam
2304 3575 2422 3630 dux
2453 3575 2529 3630 sit
2559 3590 2764 3630 eorum
2793 3574 3043 3630 itineris.
3079 3576 3261 3628 Porro
3293 3579 3498 3630 autem
3531 3575 3748 3628 dicitur

312 3661 496 3718 etiam
529 3663 589 3718 in
624 3665 885 3735 quodam
915 3683 1201 3739 responso
1237 3685 1249 3723 :

462 3768 677 3832 Στύλος
712 3765 999 3840 Θηϐαίοισι
1041 3772 1346 3838 Διώνυσσος
1369 3773 1722 3850 πολυγηθής,

312 3872 379 3930 ἐκ
404 3878 506 3940 τῆς
537 3879 661 3952 παρ’
688 3873 964 3954 Ἑϐραίοις
994 3881 1256 3956 ἱστορίας.
1319 3881 1495 3939 Ἀλλὰ
1523 3881 1611 3938 καὶ
1671 3879 1974 3958 Εὐριπίδης

313 3966 374 4021 ἐν
400 3965 660 4042 Ἀντιόπῃ
689 3969 850 4046 φησίν
863 3989 875 4001 ·

433 4070 722 4152 ..._'_’Ev6_ov
743 4071 803 4130 δὲ
834 4073 1414 4152 θαλάμοις-βουκόλον

503 4145 776 4218 Κομῶντα
804 4145 996 4220 κισσῷ,
1029 4145 1226 4204 στύλον
1277 4149 1441 4206 Εύῖου
1475 4151 1620 4207 θεοῦ.

319 4250 682 4324 Σημαίνειδὶ
738 4255 767 4309 6
825 4255 1024 4319 στύλος
1079 4258 1141 4312 τὸ
1167 4254 1531 4314 ἀνεικὸνιστον
1560 4261 1657 4312 τοῦ
1705 4261 1860 4313 Θεοῦ.
1921 4259 1977 4311 '0

323 4338 392 4396 δὶ
420 4344 837 4416 πεφωτισμένος
866 4345 1087 4416 στύλος,
1121 4347 1258 4421 πρὸς
1290 4351 1371 4419 τῷ
1399 4347 1462 4402 τὸ
1486 4346 1850 4402 ἀνεικόνιστον
1880 4367 1979 4416 cm-

327 4428 570 4502 μαίνειν,
606 4429 771 4501 δῆλοι
797 4434 862 4488 τὸ
894 4435 1062 4498 ἱστὼς
1090 4436 1181 4490 καί
1217 4435 1450 4509 μόνιμον
1478 4439 1576 4491 τοῦ
1607 4439 1762 4505 Θεοῦ,
1794 4436 1881 4490 καὶ
1915 4435 1978 4490 τὸ

327 4515 598 4590 ἄτρεπτον
633 4521 798 4576 αὑτοῦ
846 4527 980 4599 ιρῶς,
1035 4525 1124 4578 καὶ
1169 4524 1603 4598 ἀσχημάτιστον.
1661 4525 1792 4601 Πρὶν
1849 4527 1975 4598 γοῦν

319 4602 704 4682 ἆκριϐωθῆναι
733 4611 828 4675 τὰς
850 4617 958 4668 τῶν
990 4611 1322 4688 ἀγαλμάτων
1355 4613 1590 4689 σχέσεις,
1637 4613 1826 4677 κίονας
1866 4617 1980 4686 (40)

318 4697 572 4760 ἱστάντες
606 4699 657 4752 οἱ
688 4699 940 4772 παλαιοὶ,
976 4696 1160 4757 ἔσεϐον
1217 4702 1445 4766 τούτους
1498 4704 1572 4764 ὡς
1629 4699 1979 4781 ἀφιδρύματα

316 4786 422 4840 τοῦ
454 4791 590 4841 Θεοῦ
621 4789 817 4867 Γράφει
843 4794 970 4866 γοῦν
995 4791 1024 4845 6
1051 4793 1150 4859 τήν
1184 4789 1475 4868 Φορωνίδα
1503 4795 1760 4863 ποιήσας·

2188 3771 2528 3828 Exhilarans
2558 3770 2805 3826 Bacchus
2858 3770 3129 3825 Thebanis
3154 3788 3262 3826 esse
3290 3770 3565 3838 columna,

2085 3882 2230 3939 I51
2274 3897 2345 3935 ex
2375 3879 2758 3933 Hebraeorum
2789 3879 3417 3944 historia.Quinetiam
3434 3878 3745 3948 Euripides

2086 3969 2230 4025 dicit
2259 3969 2322 4022 in
2355 3969 2596 4038 Antiopa
2625 3983 2643 4021 :

2315 4074 2615 4128 Bubulcum
2647 4073 2736 4127 hic
2776 4075 2835 4127 in
2867 4073 3136 4128 cubilibus

2193 4148 2408 4201 Hedera
2437 4151 2763 4214 comantem,
2805 4145 3118 4199 columnam
3148 4146 3275 4199 Evii
3309 4146 3416 4199 dei.

2089 4253 2391 4325 Signiﬁcat
2421 4256 2620 4306 autem
2653 4249 2950 4316 columna,
3003 4267 3122 4304 non
3154 4267 3326 4321 posse
3384 4250 3584 4322 efﬁngi
3641 4249 3744 4304 Dei

2087 4342 2429 4414 imaginem.
2462 4340 2804 4394 Illuminata
2835 4345 3034 4395 autem
3067 4339 3363 4406 columna,
3385 4344 3600 4411 praeter
3632 4339 3744 4392 hoc

2088 4431 2247 4502 quod
2271 4430 2712 4502 signiﬁcat,non
2728 4446 2902 4499 posse
2919 4429 3118 4501 efﬁngi
3136 4429 3586 4501 imaginem,Dei
3608 4444 3748 4499 quo-

2089 4537 2202 4592 que
2221 4518 2606 4574 stabilitatem
2633 4518 2931 4589 signiﬁcat
2961 4535 3027 4573 ac
3058 4518 3430 4585 ﬁrmitatem,
3455 4519 3743 4572 etimmu-

2087 4609 2331 4664 tabilem
2364 4607 2493 4678 ejus
2525 4605 2742 4674 lucem,
2775 4623 3025 4677 quaeque
3075 4624 3196 4662 non
3218 4676 3222 4679 Α
3247 4611 3446 4678 potest
3485 4607 3743 4679 ﬁgurari.

2088 4699 2258 4753 Prius
2285 4698 2486 4767 itaque
2519 4711 2700 4766 quam
2744 4703 2981 4767 reperta
3035 4703 3127 4751 est
3156 4714 3251 4752 ars
3279 4697 3467 4751 varias
3499 4695 3746 4751 simula-

2088 4802 2326 4842 crorum
2355 4786 2578 4839 formas
2625 4784 2972 4856 efﬁngendi,
3001 4792 3228 4840 veteres
3259 4785 3570 4840 columnas
3631 4783 3744 4838 eri-

324 4882 559 4948 gentes,
581 4893 681 4933 eas
712 4880 990 4936 colebant
1018 4887 1302 4953 tanquam
1333 4884 1433 4938 Dei
1463 4887 1709 4940 statuas.
1747 4887 1934 4952 Atque
1976 4878 2197 4934 idcirco
2230 4875 2314 4930 sic
2343 4872 2552 4929 vcribit
2571 4873 2905 4927 Phoronidis
2937 4880 3178 4928 auctor:

323 4978 974 5080 Ξαλλιθςύηκλριδοῦχος
999 4984 1371 5080 ’ρλυμπιάδος
1396 4986 1692 5080 βασιλείης

353 5058 511 5122 [1οης
543 5058 818 5129 ’Δργείης,
944 5059 1216 5132 στέμμασι
1247 5060 1338 5113 καὶ
1396 5058 1672 5114 θυσάνοισι

402 5169 468 5240 »14
497 5170 559 5225 Ρ.
585 5172 686 5228 448
714 5175 826 5230 ΕΙ).
859 5175 1152 5246 ΡΟΤΤΕΒ,
1186 5177 1286 5231 348
1308 5177 1419 5232 ED.
1449 5176 1678 5232 PARIS.

544 5275 680 5360 ’ᾼπὸ
712 5279 924 5360 φυλῆς.
951 5286 1040 5360 11.,
1071 5279 1179 5360 άπὸ
1211 5281 1496 5360 φυλακῆς,
1524 5305 1550 5336 α
1573 5280 1980 5360 δὀιιεῐοςίἱδε.)

334 5343 448 5400 Sed
471 5343 686 5428 (ξυλῄν,
720 5343 954 5428 daemon
978 5343 1530 5428 Atticuni,agnosc_it
1559 5355 1736 5428 etiam
1761 5351 1989 5428 Eschi-

334 5432 461 5494 {183‘
473 5419 550 5473 De
576 5421 722 5489 falsa
752 5425 854 5494 leg.
879 5441 1014 5480 cum
1043 5426 1128 5480 ait
1152 5442 1164 5478 :
1184 5492 1194 5494 _
1219 5419 1378 5482 ’Ὅσοι
1438 5425 1614 5480 αὐτῶν
1646 5422 1735 5478 ἐπὶ
1792 5421 1985 5490 Φυλῆς

337 5483 842 5571 ἆπσλξερκήθησαπῖ,
883 5495 975 5550 ὅτε
1030 5492 1670 5571 Λακεδαιμόνιοιμκαὶίοί
1695 5483 1988 5571 τριάκοντα

331 5553 676 5632 προσέϐαλον
704 5553 849 5628 ’τοῖς
885 5553 1284 5622 καταλαϐοῦσι’
1317 5569 1533 5640 Φυλήν.
1568 5568 1711 5623 Vide
1732 5553 1822 5622 ’θῑ
1859 5566 1988 5624 Sto—

2309 4979 2581 5035 Callithoe
2613 4979 2817 5034 clavem
2848 4981 3052 5048 reginae
3080 4986 3258 5050 gestat
3288 4982 3526 5051 Olympi,

2306 5053 2354 5105 A
2373 5066 2485 5120 qua
2504 5051 2739 5105 Junonis
2767 5057 2910 5105 serto
2934 5051 3285 5122 pulchraque
3315 5053 3521 5106 corolla

2094 5275 2276 5351 phani
2304 5273 2589 5351 _E_thnica_.
2623 5272 2896 5351 ὃζιιςριιο.

2167 5349 2275 5418 (40)
2304 5343 2526 5418 Κίονας.
2551 5345 2718 5398 Conf.
2752 5344 3042 5418 Eusebius
3093 5346 3524 5418 Praeparationis
3560 5357 3755 5418 Δρξηωίιηι

2316 5417 2648 5560 cap.
2681 5418 2738 5483 9,
2767 5422 2826 5470 et
2866 5413 3257 5486 Archaeologile
3304 5419 3522 5470 nostrae
3547 5413 3753 5468 Graece
