  <div class='ocr_page' id='page_1' title='image "/cluster/home/n/w/nwhite01/storage/ocr_20150623/8/mdp.39015008686480/466.png"; bbox 0 0 4044 6154; ppageno 0'>
   <div class='ocr_carea' id='block_1_1' title="bbox 302 296 431 353">
    <p class='ocr_par' dir='ltr' id='par_1_1' title="bbox 302 296 431 353">
     <span class='ocr_line' id='line_1_1' title="bbox 302 296 431 353; baseline 0 -1"><span class='ocrx_word' id='word_1_1' title='bbox 302 296 411 353; x_wconf 65' lang='grc' dir='ltr'>οη</span> <span class='ocrx_word' id='word_1_2' title='bbox 429 313 431 316; x_wconf 76' lang='lat'><em>‘</em></span> 
     </span>
    </p>
   </div>
   <div class='ocr_carea' id='block_1_2' title="bbox 1651 296 2362 358">
    <p class='ocr_par' dir='ltr' id='par_1_2' title="bbox 1651 296 2362 358">
     <span class='ocr_line' id='line_1_2' title="bbox 1651 296 2362 358; baseline -0.007 0"><span class='ocrx_word' id='word_1_3' title='bbox 1651 296 2106 358; x_wconf 61' lang='lat' dir='ltr'>uacuam</span> <span class='ocrx_word' id='word_1_4' title='bbox 2143 297 2276 353; x_wconf 75' lang='lat' dir='ltr'>LIB.</span> <span class='ocrx_word' id='word_1_5' title='bbox 2319 299 2362 353; x_wconf 86' lang='grc' dir='ltr'>Ι.</span> 
     </span>
    </p>
   </div>
   <div class='ocr_carea' id='block_1_3' title="bbox 3617 301 3728 357">
    <p class='ocr_par' dir='ltr' id='par_1_3' title="bbox 3617 301 3728 357">
     <span class='ocr_line' id='line_1_3' title="bbox 3617 301 3728 357; baseline -0.018 0"><span class='ocrx_word' id='word_1_6' title='bbox 3617 301 3728 357; x_wconf 78' lang='grc'>918</span> 
     </span>
    </p>
   </div>
   <div class='ocr_carea' id='block_1_4' title="bbox 313 421 1955 500">
    <p class='ocr_par' dir='ltr' id='par_1_4' title="bbox 313 421 1955 500">
     <span class='ocr_line' id='line_1_4' title="bbox 313 421 1955 500; baseline -0.001 -21"><span class='ocrx_word' id='word_1_7' title='bbox 313 422 540 497; x_wconf 83' lang='grc' dir='ltr'>ἀγαθὸς,</span> <span class='ocrx_word' id='word_1_8' title='bbox 577 429 705 496; x_wconf 79' lang='grc' dir='ltr'>μιᾶς</span> <span class='ocrx_word' id='word_1_9' title='bbox 732 425 833 492; x_wconf 81' lang='grc' dir='ltr'>τῆς</span> <span class='ocrx_word' id='word_1_10' title='bbox 855 421 1083 499; x_wconf 76' lang='grc' dir='ltr'>ἀγέλης,</span> <span class='ocrx_word' id='word_1_11' title='bbox 1118 447 1146 478; x_wconf 87' lang='grc'>‹‹</span> <span class='ocrx_word' id='word_1_12' title='bbox 1175 428 1282 479; x_wconf 81' lang='grc' dir='ltr'>τῶν</span> <span class='ocrx_word' id='word_1_13' title='bbox 1314 422 1484 480; x_wconf 71' lang='grc' dir='ltr'>αὐτοῦ</span> <span class='ocrx_word' id='word_1_14' title='bbox 1511 423 1810 480; x_wconf 74' lang='grc' dir='ltr'>ἐπαϊόντων</span> <span class='ocrx_word' id='word_1_15' title='bbox 1833 442 1955 500; x_wconf 84' lang='grc' dir='ltr'>προ·</span> 
     </span>
    </p>
   </div>
   <div class='ocr_carea' id='block_1_5' title="bbox 2070 421 3727 500">
    <p class='ocr_par' dir='ltr' id='par_1_5' title="bbox 2079 423 3727 500">
     <span class='ocr_line' id='line_1_5' title="bbox 2079 423 3727 500; baseline 0.004 -21"><span class='ocrx_word' id='word_1_16' title='bbox 2079 423 2342 497; x_wconf 86' lang='lat' dir='ltr'>gislator:</span> <span class='ocrx_word' id='word_1_17' title='bbox 2375 430 2434 480; x_wconf 89' lang='lat' dir='ltr'>et</span> <span class='ocrx_word' id='word_1_18' title='bbox 2453 425 2722 497; x_wconf 88' lang='lat' dir='ltr'>ejusdem</span> <span class='ocrx_word' id='word_1_19' title='bbox 2754 427 2968 499; x_wconf 79' lang='lat' dir='ltr'>gregis,</span> <span class='ocrx_word' id='word_1_20' title='bbox 3008 443 3226 498; x_wconf 88' lang='lat' dir='ltr'>nempe</span> <span class='ocrx_word' id='word_1_21' title='bbox 3257 451 3283 478; x_wconf 86' lang='lat'>«</span> <span class='ocrx_word' id='word_1_22' title='bbox 3319 445 3545 497; x_wconf 89' lang='lat' dir='ltr'>earum,</span> <span class='ocrx_word' id='word_1_23' title='bbox 3597 446 3727 500; x_wconf 67' lang='lat' dir='ltr'>quas</span> 
     </span>
    </p>
   </div>
   <div class='ocr_carea' id='block_1_6' title="bbox 313 510 1965 588">
    <p class='ocr_par' dir='ltr' id='par_1_6' title="bbox 313 510 1965 588">
     <span class='ocr_line' id='line_1_6' title="bbox 313 510 1965 588; baseline -0.001 -19"><span class='ocrx_word' id='word_1_24' title='bbox 313 510 520 584; x_wconf 75' lang='grc' dir='ltr'>ϐάτων,</span> <span class='ocrx_word' id='word_1_25' title='bbox 549 535 575 565; x_wconf 74' lang='grc' dir='ltr'>ιι</span> <span class='ocrx_word' id='word_1_26' title='bbox 611 515 645 569; x_wconf 81' lang='grc' dir='ltr'>ἀ</span> <span class='ocrx_word' id='word_1_27' title='bbox 676 515 750 576; x_wconf 76' lang='grc' dir='ltr'>εἷς</span> <span class='ocrx_word' id='word_1_28' title='bbox 790 512 1072 588; x_wconf 85' lang='grc' dir='ltr'>κηδεμὼν,</span> <span class='ocrx_word' id='word_1_29' title='bbox 1117 536 1147 569; x_wconf 86' lang='grc' dir='ltr'>ιι</span> <span class='ocrx_word' id='word_1_30' title='bbox 1179 516 1208 570; x_wconf 98' lang='lat'>6</span> <span class='ocrx_word' id='word_1_31' title='bbox 1236 515 1300 571; x_wconf 85' lang='grc' dir='ltr'>τό</span> <span class='ocrx_word' id='word_1_32' title='bbox 1347 513 1644 578; x_wconf 85' lang='grc' dir='ltr'>ἀπολωλὸς</span> <span class='ocrx_word' id='word_1_33' title='bbox 1694 515 1965 585; x_wconf 79' lang='grc' dir='ltr'>ἐπιζητῶν</span> 
     </span>
    </p>
   </div>
   <div class='ocr_carea' id='block_1_7' title="bbox 311 602 1968 680">
    <p class='ocr_par' dir='ltr' id='par_1_7' title="bbox 311 602 1968 680">
     <span class='ocr_line' id='line_1_7' title="bbox 311 602 1968 680; baseline 0.001 -22"><span class='ocrx_word' id='word_1_34' title='bbox 311 624 369 658; x_wconf 88' lang='grc' dir='ltr'>τε</span> <span class='ocrx_word' id='word_1_35' title='bbox 417 626 446 655; x_wconf 88' lang='grc'>‹‹</span> <span class='ocrx_word' id='word_1_36' title='bbox 477 602 566 657; x_wconf 80' lang='grc' dir='ltr'>καὶ</span> <span class='ocrx_word' id='word_1_37' title='bbox 597 602 886 678; x_wconf 84' lang='grc' dir='ltr'>εύρίσκων,</span> <span class='ocrx_word' id='word_1_38' title='bbox 937 605 1094 678; x_wconf 88' lang='grc' dir='ltr'>νόμῳ</span> <span class='ocrx_word' id='word_1_39' title='bbox 1144 605 1230 660; x_wconf 84' lang='grc' dir='ltr'>καὶ</span> <span class='ocrx_word' id='word_1_40' title='bbox 1285 602 1460 680; x_wconf 82' lang='grc' dir='ltr'>λόγῳ’</span> <span class='ocrx_word' id='word_1_41' title='bbox 1502 602 1556 660; x_wconf 82' lang='grc' dir='ltr'>εἷ’</span> <span class='ocrx_word' id='word_1_42' title='bbox 1602 626 1665 680; x_wconf 90' lang='grc' dir='ltr'>γε</span> <span class='ocrx_word' id='word_1_43' title='bbox 1725 605 1753 659; x_wconf 86' lang='grc' dir='ltr'>ὀ</span> <span class='ocrx_word' id='word_1_44' title='bbox 1795 605 1968 677; x_wconf 84' lang='grc' dir='ltr'>νόμος</span> 
     </span>
    </p>
   </div>
   <div class='ocr_carea' id='block_1_8' title="bbox 309 691 1964 770">
    <p class='ocr_par' dir='ltr' id='par_1_8' title="bbox 309 691 1964 770">
     <span class='ocr_line' id='line_1_8' title="bbox 309 691 1964 770; baseline 0.001 -23"><span class='ocrx_word' id='word_1_45' title='bbox 309 693 702 764; x_wconf 85' lang='grc' dir='ltr'>πνευματικὸς,</span> <span class='ocrx_word' id='word_1_46' title='bbox 758 694 846 747; x_wconf 83' lang='grc' dir='ltr'>καὶ</span> <span class='ocrx_word' id='word_1_47' title='bbox 907 691 996 748; x_wconf 73' lang='grc' dir='ltr'>ἐπὶ</span> <span class='ocrx_word' id='word_1_48' title='bbox 1051 694 1152 762; x_wconf 67' lang='grc' dir='ltr'>τὴν</span> <span class='ocrx_word' id='word_1_49' title='bbox 1185 692 1530 766; x_wconf 75' lang='grc' dir='ltr'>εὐδαιμονίαν</span> <span class='ocrx_word' id='word_1_50' title='bbox 1565 695 1730 770; x_wconf 60' lang='grc' dir='ltr'>ἀγὼν</span> <span class='ocrx_word' id='word_1_51' title='bbox 1783 695 1811 749; x_wconf 92' lang='lat'>6</span> <span class='ocrx_word' id='word_1_52' title='bbox 1866 693 1964 768; x_wconf 81' lang='grc' dir='ltr'>γὰρ</span> 
     </span>
    </p>
   </div>
   <div class='ocr_carea' id='block_1_9' title="bbox 313 780 1969 856">
    <p class='ocr_par' dir='ltr' id='par_1_9' title="bbox 313 780 1969 856">
     <span class='ocr_line' id='line_1_9' title="bbox 313 780 1969 856; baseline 0 -21"><span class='ocrx_word' id='word_1_53' title='bbox 313 780 586 854; x_wconf 82' lang='grc' dir='ltr'>Πνεύματι</span> <span class='ocrx_word' id='word_1_54' title='bbox 615 781 756 855; x_wconf 81' lang='grc' dir='ltr'>ἁγίῳ</span> <span class='ocrx_word' id='word_1_55' title='bbox 785 781 1100 856; x_wconf 69' lang='grc' dir='ltr'>γενόμενος.</span> <span class='ocrx_word' id='word_1_56' title='bbox 1124 784 1509 856; x_wconf 86' lang='grc' dir='ltr'>πνευματικός.</span> <span class='ocrx_word' id='word_1_57' title='bbox 1543 781 1714 844; x_wconf 80' lang='grc' dir='ltr'>Οὗτος</span> <span class='ocrx_word' id='word_1_58' title='bbox 1748 780 1805 837; x_wconf 81' lang='grc' dir='ltr'><strong>δέ</strong></span> <span class='ocrx_word' id='word_1_59' title='bbox 1835 781 1862 837; x_wconf 85' lang='grc' dir='ltr'>ὀ</span> <span class='ocrx_word' id='word_1_60' title='bbox 1888 786 1969 853; x_wconf 79' lang='grc' dir='ltr'>τῷ</span> 
     </span>
    </p>
   </div>
   <div class='ocr_carea' id='block_1_10' title="bbox 311 868 1968 946">
    <p class='ocr_par' dir='ltr' id='par_1_10' title="bbox 311 868 1968 946">
     <span class='ocr_line' id='line_1_10' title="bbox 311 868 1968 946; baseline -0.001 -18"><span class='ocrx_word' id='word_1_61' title='bbox 311 868 426 928; x_wconf 67' lang='grc' dir='ltr'>ὄντι</span> <span class='ocrx_word' id='word_1_62' title='bbox 456 871 784 943; x_wconf 71' lang='grc' dir='ltr'>νομοθέτης,</span> <span class='ocrx_word' id='word_1_63' title='bbox 836 872 892 933; x_wconf 81' lang='grc' dir='ltr'>ὅς</span> <span class='ocrx_word' id='word_1_64' title='bbox 941 871 1002 926; x_wconf 84' lang='grc' dir='ltr'>οὐ</span> <span class='ocrx_word' id='word_1_65' title='bbox 1039 871 1202 944; x_wconf 82' lang='grc' dir='ltr'>μόνον</span> <span class='ocrx_word' id='word_1_66' title='bbox 1235 871 1630 946; x_wconf 72' lang='grc' dir='ltr'>ἐπαγγέλλεται</span> <span class='ocrx_word' id='word_1_67' title='bbox 1687 873 1754 926; x_wconf 77' lang='grc' dir='ltr'>τὰ</span> <span class='ocrx_word' id='word_1_68' title='bbox 1797 870 1968 946; x_wconf 80' lang='grc' dir='ltr'>ἀγαθὰ</span> 
     </span>
    </p>
   </div>
   <div class='ocr_carea' id='block_1_11' title="bbox 307 957 1962 1034">
    <p class='ocr_par' dir='ltr' id='par_1_11' title="bbox 307 957 1962 1034">
     <span class='ocr_line' id='line_1_11' title="bbox 307 957 1962 1034; baseline 0.001 -18"><span class='ocrx_word' id='word_1_69' title='bbox 307 981 367 1016; x_wconf 89' lang='grc' dir='ltr'>τε</span> <span class='ocrx_word' id='word_1_70' title='bbox 393 961 484 1016; x_wconf 89' lang='grc' dir='ltr'>καὶ</span> <span class='ocrx_word' id='word_1_71' title='bbox 517 959 681 1030; x_wconf 78' lang='grc' dir='ltr'>καλὰ,</span> <span class='ocrx_word' id='word_1_72' title='bbox 714 960 862 1016; x_wconf 82' lang='grc' dir='ltr'>ἀλλὰ</span> <span class='ocrx_word' id='word_1_73' title='bbox 900 961 992 1016; x_wconf 79' lang='grc' dir='ltr'>καὶ</span> <span class='ocrx_word' id='word_1_74' title='bbox 1025 961 1326 1017; x_wconf 78' lang='grc' dir='ltr'>ἐπίσταται.</span> <span class='ocrx_word' id='word_1_75' title='bbox 1359 961 1569 1018; x_wconf 89' lang='grc' dir='ltr'>Τούτου</span> <span class='ocrx_word' id='word_1_76' title='bbox 1599 962 1690 1016; x_wconf 85' lang='grc' dir='ltr'>καὶ</span> <span class='ocrx_word' id='word_1_77' title='bbox 1720 963 1748 1016; x_wconf 97' lang='lat'>6</span> <span class='ocrx_word' id='word_1_78' title='bbox 1772 957 1962 1034; x_wconf 83' lang='grc' dir='ltr'>νόμος.</span> 
     </span>
    </p>
   </div>
   <div class='ocr_carea' id='block_1_12' title="bbox 305 1047 1962 1128">
    <p class='ocr_par' dir='ltr' id='par_1_12' title="bbox 305 1047 1962 1128">
     <span class='ocr_line' id='line_1_12' title="bbox 305 1047 1962 1128; baseline 0 -21"><span class='ocrx_word' id='word_1_79' title='bbox 305 1051 404 1107; x_wconf 74' lang='grc' dir='ltr'>τοῦ</span> <span class='ocrx_word' id='word_1_80' title='bbox 434 1053 535 1120; x_wconf 78' lang='grc' dir='ltr'>τὴν</span> <span class='ocrx_word' id='word_1_81' title='bbox 569 1051 880 1124; x_wconf 69' lang='grc' dir='ltr'>ἐπιστήμην</span> <span class='ocrx_word' id='word_1_82' title='bbox 913 1047 1161 1127; x_wconf 80' lang='grc' dir='ltr'>ἔχοντος,</span> <span class='ocrx_word' id='word_1_83' title='bbox 1212 1052 1276 1106; x_wconf 86' lang='grc' dir='ltr'>τὸ</span> <span class='ocrx_word' id='word_1_84' title='bbox 1306 1053 1582 1128; x_wconf 75' lang='grc' dir='ltr'>σωτήριον</span> <span class='ocrx_word' id='word_1_85' title='bbox 1614 1052 1962 1127; x_wconf 69' lang='grc' dir='ltr'>πρόσταγμα⁸</span> 
     </span>
    </p>
   </div>
   <div class='ocr_carea' id='block_1_13' title="bbox 2080 514 3729 591">
    <p class='ocr_par' dir='ltr' id='par_1_13' title="bbox 2080 514 3729 591">
     <span class='ocr_line' id='line_1_13' title="bbox 2080 514 3729 591; baseline 0.004 -22"><span class='ocrx_word' id='word_1_86' title='bbox 2080 514 2275 585; x_wconf 90' lang='lat' dir='ltr'>ipsum</span> <span class='ocrx_word' id='word_1_87' title='bbox 2291 515 2561 585; x_wconf 90' lang='lat' dir='ltr'>audiunt,</span> <span class='ocrx_word' id='word_1_88' title='bbox 2580 516 2774 571; x_wconf 90' lang='lat' dir='ltr'>ovium</span> <span class='ocrx_word' id='word_1_89' title='bbox 2793 520 2892 587; x_wconf 85' lang='lat' dir='ltr'>(a),</span> <span class='ocrx_word' id='word_1_90' title='bbox 2915 539 2942 564; x_wconf 87' lang='lat'>»</span> <span class='ocrx_word' id='word_1_91' title='bbox 2959 533 3112 572; x_wconf 89' lang='lat' dir='ltr'>unus</span> <span class='ocrx_word' id='word_1_92' title='bbox 3124 523 3214 572; x_wconf 90' lang='lat' dir='ltr'>est</span> <span class='ocrx_word' id='word_1_93' title='bbox 3243 523 3729 591; x_wconf 88' lang='lat' dir='ltr'>curator,nempe</span> 
     </span>
    </p>
   </div>
   <div class='ocr_carea' id='block_1_14' title="bbox 2078 603 3731 680">
    <p class='ocr_par' dir='ltr' id='par_1_14' title="bbox 2078 603 3731 680">
     <span class='ocr_line' id='line_1_14' title="bbox 2078 603 3731 680; baseline 0.004 -23"><span class='ocrx_word' id='word_1_94' title='bbox 2078 603 2149 670; x_wconf 87' lang='lat' dir='ltr'>is,</span> <span class='ocrx_word' id='word_1_95' title='bbox 2172 605 2272 674; x_wconf 87' lang='lat' dir='ltr'>qui</span> <span class='ocrx_word' id='word_1_96' title='bbox 2306 629 2330 654; x_wconf 77' lang='grc' dir='ltr'>ι(</span> <span class='ocrx_word' id='word_1_97' title='bbox 2351 605 2645 676; x_wconf 78' lang='lat' dir='ltr'>perditam</span> <span class='ocrx_word' id='word_1_98' title='bbox 2669 611 2728 660; x_wconf 90' lang='lat' dir='ltr'>et</span> <span class='ocrx_word' id='word_1_99' title='bbox 2767 605 2982 675; x_wconf 62' lang='lat' dir='ltr'>quaerit</span> <span class='ocrx_word' id='word_1_100' title='bbox 3011 606 3121 675; x_wconf 81' lang='lat' dir='ltr'>(b)»</span> <span class='ocrx_word' id='word_1_101' title='bbox 3154 611 3214 660; x_wconf 90' lang='lat' dir='ltr'>et</span> <span class='ocrx_word' id='word_1_102' title='bbox 3241 607 3487 674; x_wconf 87' lang='lat' dir='ltr'>invenit,</span> <span class='ocrx_word' id='word_1_103' title='bbox 3511 609 3639 680; x_wconf 85' lang='lat' dir='ltr'>lege</span> <span class='ocrx_word' id='word_1_104' title='bbox 3672 615 3731 663; x_wconf 91' lang='lat' dir='ltr'>et</span> 
     </span>
    </p>
   </div>
   <div class='ocr_carea' id='block_1_15' title="bbox 2077 694 3726 768">
    <p class='ocr_par' dir='ltr' id='par_1_15' title="bbox 2077 694 3726 768">
     <span class='ocr_line' id='line_1_15' title="bbox 2077 694 3726 768; baseline 0.003 -20"><span class='ocrx_word' id='word_1_105' title='bbox 2077 694 2342 748; x_wconf 79' lang='lat' dir='ltr'>ratione:</span> <span class='ocrx_word' id='word_1_106' title='bbox 2391 694 2687 765; x_wconf 89' lang='lat' dir='ltr'>siquidem</span> <span class='ocrx_word' id='word_1_107' title='bbox 2739 694 2834 750; x_wconf 85' lang='lat' dir='ltr'>lex</span> <span class='ocrx_word' id='word_1_108' title='bbox 2877 700 2967 749; x_wconf 89' lang='lat' dir='ltr'>est</span> <span class='ocrx_word' id='word_1_109' title='bbox 3015 695 3321 767; x_wconf 77' lang='lat' dir='ltr'>spiritalis.</span> <span class='ocrx_word' id='word_1_110' title='bbox 3375 702 3434 750; x_wconf 89' lang='lat' dir='ltr'>et</span> <span class='ocrx_word' id='word_1_111' title='bbox 3475 715 3604 768; x_wconf 77' lang='lat' dir='ltr'>quae</span> <span class='ocrx_word' id='word_1_112' title='bbox 3655 699 3726 753; x_wconf 88' lang='lat' dir='ltr'>ab</span> 
     </span>
    </p>
   </div>
   <div class='ocr_carea' id='block_1_16' title="bbox 2076 783 3725 856">
    <p class='ocr_par' dir='ltr' id='par_1_16' title="bbox 2076 783 3725 856">
     <span class='ocr_line' id='line_1_16' title="bbox 2076 783 3725 856; baseline 0.002 -19"><span class='ocrx_word' id='word_1_113' title='bbox 2076 783 2268 854; x_wconf 85' lang='lat' dir='ltr'>ipsam</span> <span class='ocrx_word' id='word_1_114' title='bbox 2287 783 2915 839; x_wconf 85' lang='lat' dir='ltr'>ducitbeatitudinem.</span> <span class='ocrx_word' id='word_1_115' title='bbox 2943 785 3080 848; x_wconf 74' lang='lat' dir='ltr'>Quae</span> <span class='ocrx_word' id='word_1_116' title='bbox 3104 785 3263 840; x_wconf 90' lang='lat' dir='ltr'>enim</span> <span class='ocrx_word' id='word_1_117' title='bbox 3282 785 3503 856; x_wconf 86' lang='lat' dir='ltr'>Spiritu</span> <span class='ocrx_word' id='word_1_118' title='bbox 3521 791 3725 841; x_wconf 88' lang='lat' dir='ltr'>sancto</span> 
     </span>
    </p>
   </div>
   <div class='ocr_carea' id='block_1_17' title="bbox 2074 872 3723 947">
    <p class='ocr_par' dir='ltr' id='par_1_17' title="bbox 2074 872 3723 947">
     <span class='ocr_line' id='line_1_17' title="bbox 2074 872 3723 947; baseline 0.002 -20"><span class='ocrx_word' id='word_1_119' title='bbox 2074 872 2230 927; x_wconf 77' lang='lat' dir='ltr'>facta</span> <span class='ocrx_word' id='word_1_120' title='bbox 2259 877 2366 942; x_wconf 86' lang='lat' dir='ltr'>est,</span> <span class='ocrx_word' id='word_1_121' title='bbox 2401 879 2492 928; x_wconf 89' lang='lat' dir='ltr'>est</span> <span class='ocrx_word' id='word_1_122' title='bbox 2520 873 2822 943; x_wconf 85' lang='lat' dir='ltr'>spiritalis.</span> <span class='ocrx_word' id='word_1_123' title='bbox 2858 875 2912 928; x_wconf 91' lang='lat' dir='ltr'>Is</span> <span class='ocrx_word' id='word_1_124' title='bbox 2935 879 3131 929; x_wconf 89' lang='lat' dir='ltr'>autem</span> <span class='ocrx_word' id='word_1_125' title='bbox 3154 880 3245 929; x_wconf 89' lang='lat' dir='ltr'>est</span> <span class='ocrx_word' id='word_1_126' title='bbox 3263 891 3466 930; x_wconf 88' lang='lat' dir='ltr'>revera</span> <span class='ocrx_word' id='word_1_127' title='bbox 3486 874 3723 947; x_wconf 87' lang='lat' dir='ltr'>legisla-</span> 
     </span>
    </p>
   </div>
   <div class='ocr_carea' id='block_1_18' title="bbox 2077 962 3724 1034">
    <p class='ocr_par' dir='ltr' id='par_1_18' title="bbox 2077 962 3724 1034">
     <span class='ocr_line' id='line_1_18' title="bbox 2077 962 3724 1034; baseline 0.002 -18"><span class='ocrx_word' id='word_1_128' title='bbox 2077 966 2189 1029; x_wconf 86' lang='lat' dir='ltr'>tor,</span> <span class='ocrx_word' id='word_1_129' title='bbox 2223 962 2323 1032; x_wconf 90' lang='lat' dir='ltr'>qui</span> <span class='ocrx_word' id='word_1_130' title='bbox 2355 978 2475 1016; x_wconf 91' lang='lat' dir='ltr'>non</span> <span class='ocrx_word' id='word_1_131' title='bbox 2508 962 2701 1017; x_wconf 90' lang='lat' dir='ltr'>solum</span> <span class='ocrx_word' id='word_1_132' title='bbox 2731 962 2888 1018; x_wconf 88' lang='lat' dir='ltr'>bona</span> <span class='ocrx_word' id='word_1_133' title='bbox 2905 969 2962 1017; x_wconf 90' lang='lat' dir='ltr'>et</span> <span class='ocrx_word' id='word_1_134' title='bbox 2990 963 3242 1019; x_wconf 89' lang='lat' dir='ltr'>honesta</span> <span class='ocrx_word' id='word_1_135' title='bbox 3263 965 3594 1034; x_wconf 83' lang='lat' dir='ltr'>proﬁtetur,</span> <span class='ocrx_word' id='word_1_136' title='bbox 3621 965 3724 1020; x_wconf 89' lang='lat' dir='ltr'>sed</span> 
     </span>
    </p>
   </div>
   <div class='ocr_carea' id='block_1_19' title="bbox 2076 1051 3721 1124">
    <p class='ocr_par' dir='ltr' id='par_1_19' title="bbox 2076 1051 3721 1124">
     <span class='ocr_line' id='line_1_19' title="bbox 2076 1051 3721 1124; baseline 0 -16"><span class='ocrx_word' id='word_1_137' title='bbox 2076 1051 2187 1108; x_wconf 86' lang='lat' dir='ltr'>scit</span> <span class='ocrx_word' id='word_1_138' title='bbox 2216 1051 2414 1106; x_wconf 90' lang='lat' dir='ltr'>etiam.</span> <span class='ocrx_word' id='word_1_139' title='bbox 2447 1053 2518 1106; x_wconf 92' lang='lat' dir='ltr'>Et</span> <span class='ocrx_word' id='word_1_140' title='bbox 2553 1053 2650 1107; x_wconf 82' lang='lat' dir='ltr'>lex</span> <span class='ocrx_word' id='word_1_141' title='bbox 2684 1056 2776 1107; x_wconf 89' lang='lat' dir='ltr'>est</span> <span class='ocrx_word' id='word_1_142' title='bbox 2817 1053 2964 1123; x_wconf 84' lang='lat' dir='ltr'>ejus,</span> <span class='ocrx_word' id='word_1_143' title='bbox 3013 1053 3113 1124; x_wconf 91' lang='lat' dir='ltr'>qui</span> <span class='ocrx_word' id='word_1_144' title='bbox 3163 1053 3474 1108; x_wconf 84' lang='lat' dir='ltr'>scientiam</span> <span class='ocrx_word' id='word_1_145' title='bbox 3522 1053 3721 1121; x_wconf 87' lang='lat' dir='ltr'>habet,</span> 
     </span>
    </p>
   </div>
   <div class='ocr_carea' id='block_1_20' title="bbox 312 1139 1955 1217">
    <p class='ocr_par' dir='ltr' id='par_1_20' title="bbox 312 1139 1955 1217">
     <span class='ocr_line' id='line_1_20' title="bbox 312 1139 1955 1217; baseline -0.002 -21"><span class='ocrx_word' id='word_1_146' title='bbox 312 1139 528 1215; x_wconf 79' lang='grc' dir='ltr'>μᾶλλον</span> <span class='ocrx_word' id='word_1_147' title='bbox 563 1139 623 1196; x_wconf 73' lang='grc' dir='ltr'>δὲ</span> <span class='ocrx_word' id='word_1_148' title='bbox 651 1141 843 1212; x_wconf 74' lang='grc' dir='ltr'>ὶπιστή</span> <span class='ocrx_word' id='word_1_149' title='bbox 856 1163 965 1214; x_wconf 88' lang='grc' dir='ltr'>μης</span> <span class='ocrx_word' id='word_1_150' title='bbox 992 1142 1315 1217; x_wconf 84' lang='grc' dir='ltr'>πρόσταγμα</span> <span class='ocrx_word' id='word_1_151' title='bbox 1335 1143 1363 1197; x_wconf 92' lang='lat'>6</span> <span class='ocrx_word' id='word_1_152' title='bbox 1385 1143 1576 1215; x_wconf 72' lang='grc' dir='ltr'>νόμοςο</span> <span class='ocrx_word' id='word_1_153' title='bbox 1613 1167 1641 1195; x_wconf 83' lang='grc' dir='ltr'>ιι</span> <span class='ocrx_word' id='word_1_154' title='bbox 1674 1143 1911 1215; x_wconf 81' lang='grc' dir='ltr'>Δύναμις</span> <span class='ocrx_word' id='word_1_155' title='bbox 1934 1165 1955 1193; x_wconf 74' lang='grc'><strong>)]</strong></span> 
     </span>
    </p>
   </div>
   <div class='ocr_carea' id='block_1_21' title="bbox 2070 1139 3722 1217">
    <p class='ocr_par' dir='ltr' id='par_1_21' title="bbox 2070 1140 3722 1214">
     <span class='ocr_line' id='line_1_21' title="bbox 2070 1140 3722 1214; baseline 0.001 -18"><span class='ocrx_word' id='word_1_156' title='bbox 2070 1141 2304 1214; x_wconf 90' lang='lat' dir='ltr'>jussum</span> <span class='ocrx_word' id='word_1_157' title='bbox 2335 1140 2594 1196; x_wconf 87' lang='lat' dir='ltr'>salutare</span> <span class='ocrx_word' id='word_1_158' title='bbox 2619 1159 2632 1207; x_wconf 91' lang='lat'>;</span> <span class='ocrx_word' id='word_1_159' title='bbox 2661 1141 2751 1195; x_wconf 83' lang='lat' dir='ltr'>vel</span> <span class='ocrx_word' id='word_1_160' title='bbox 2781 1141 2998 1212; x_wconf 82' lang='lat' dir='ltr'>potius,</span> <span class='ocrx_word' id='word_1_161' title='bbox 3031 1142 3126 1196; x_wconf 85' lang='lat' dir='ltr'>lex</span> <span class='ocrx_word' id='word_1_162' title='bbox 3156 1147 3246 1196; x_wconf 90' lang='lat' dir='ltr'>est</span> <span class='ocrx_word' id='word_1_163' title='bbox 3266 1143 3502 1214; x_wconf 88' lang='lat' dir='ltr'>jussum</span> <span class='ocrx_word' id='word_1_164' title='bbox 3530 1143 3722 1198; x_wconf 89' lang='lat' dir='ltr'>scien-</span> 
     </span>
    </p>
   </div>
   <div class='ocr_carea' id='block_1_22' title="bbox 306 1230 1964 1306">
    <p class='ocr_par' dir='ltr' id='par_1_22' title="bbox 306 1230 1964 1306">
     <span class='ocr_line' id='line_1_22' title="bbox 306 1230 1964 1306; baseline 0.001 -22"><span class='ocrx_word' id='word_1_165' title='bbox 306 1231 410 1306; x_wconf 77' lang='grc' dir='ltr'>γὰρ</span> <span class='ocrx_word' id='word_1_166' title='bbox 445 1254 473 1281; x_wconf 88' lang='grc'>‹‹</span> <span class='ocrx_word' id='word_1_167' title='bbox 503 1230 594 1285; x_wconf 79' lang='grc' dir='ltr'>καὶ</span> <span class='ocrx_word' id='word_1_168' title='bbox 625 1231 788 1304; x_wconf 73' lang='grc' dir='ltr'>σοφία</span> <span class='ocrx_word' id='word_1_169' title='bbox 824 1254 846 1281; x_wconf 74' lang='grc' dir='ltr'>ι</span> <span class='ocrx_word' id='word_1_170' title='bbox 881 1236 910 1284; x_wconf 88' lang='lat'>6</span> <span class='ocrx_word' id='word_1_171' title='bbox 943 1230 1118 1306; x_wconf 84' lang='grc' dir='ltr'>Λόγος</span> <span class='ocrx_word' id='word_1_172' title='bbox 1147 1254 1174 1281; x_wconf 87' lang='grc'>‹‹</span> <span class='ocrx_word' id='word_1_173' title='bbox 1205 1235 1302 1285; x_wconf 79' lang='grc' dir='ltr'>τοῦ</span> <span class='ocrx_word' id='word_1_174' title='bbox 1327 1235 1481 1287; x_wconf 84' lang='grc' dir='ltr'>Θεοῦ.</span> <span class='ocrx_word' id='word_1_175' title='bbox 1518 1255 1544 1282; x_wconf 85' lang='grc'>››</span> <span class='ocrx_word' id='word_1_176' title='bbox 1577 1230 1781 1303; x_wconf 84' lang='grc' dir='ltr'>Νόμων</span> <span class='ocrx_word' id='word_1_177' title='bbox 1807 1252 1868 1286; x_wconf 89' lang='grc' dir='ltr'>τε</span> <span class='ocrx_word' id='word_1_178' title='bbox 1898 1234 1964 1286; x_wconf 78' lang='grc' dir='ltr'>αὖ</span> 
     </span>
    </p>
   </div>
   <div class='ocr_carea' id='block_1_23' title="bbox 304 1317 1961 1394">
    <p class='ocr_par' dir='ltr' id='par_1_23' title="bbox 304 1317 1961 1394">
     <span class='ocr_line' id='line_1_23' title="bbox 304 1317 1961 1394; baseline 0 -20"><span class='ocrx_word' id='word_1_179' title='bbox 304 1317 574 1394; x_wconf 71' lang='grc' dir='ltr'>ἰξηγητῆς</span> <span class='ocrx_word' id='word_1_180' title='bbox 629 1319 788 1381; x_wconf 82' lang='grc' dir='ltr'>οὗτος</span> <span class='ocrx_word' id='word_1_181' title='bbox 839 1319 1020 1387; x_wconf 80' lang='grc' dir='ltr'>αὐτὸς,</span> <span class='ocrx_word' id='word_1_182' title='bbox 1071 1317 1141 1374; x_wconf 87' lang='grc' dir='ltr'>δι’</span> <span class='ocrx_word' id='word_1_183' title='bbox 1173 1318 1234 1374; x_wconf 75' lang='grc' dir='ltr'>οὗ</span> <span class='ocrx_word' id='word_1_184' title='bbox 1269 1321 1297 1375; x_wconf 90' lang='lat'>6</span> <span class='ocrx_word' id='word_1_185' title='bbox 1327 1321 1492 1392; x_wconf 91' lang='grc' dir='ltr'>νόμος</span> <span class='ocrx_word' id='word_1_186' title='bbox 1534 1317 1716 1391; x_wconf 82' lang='grc' dir='ltr'>ἐδόθη·</span> <span class='ocrx_word' id='word_1_187' title='bbox 1750 1322 1780 1376; x_wconf 90' lang='lat'>6</span> <span class='ocrx_word' id='word_1_188' title='bbox 1809 1325 1961 1394; x_wconf 80' lang='grc' dir='ltr'>πρῶ-</span> 
     </span>
    </p>
   </div>
   <div class='ocr_carea' id='block_1_24' title="bbox 304 1407 1960 1484">
    <p class='ocr_par' dir='ltr' id='par_1_24' title="bbox 304 1407 1960 1484">
     <span class='ocr_line' id='line_1_24' title="bbox 304 1407 1960 1484; baseline 0.001 -22"><span class='ocrx_word' id='word_1_189' title='bbox 304 1428 400 1472; x_wconf 88' lang='grc' dir='ltr'>τος</span> <span class='ocrx_word' id='word_1_190' title='bbox 426 1407 696 1481; x_wconf 81' lang='grc' dir='ltr'>ἐξηγητὴς</span> <span class='ocrx_word' id='word_1_191' title='bbox 723 1413 831 1464; x_wconf 81' lang='grc' dir='ltr'>τῶν</span> <span class='ocrx_word' id='word_1_192' title='bbox 866 1409 1026 1463; x_wconf 85' lang='grc' dir='ltr'>θείων</span> <span class='ocrx_word' id='word_1_193' title='bbox 1067 1409 1528 1484; x_wconf 79' lang='grc' dir='ltr'>προσταγμάτων.</span> <span class='ocrx_word' id='word_1_194' title='bbox 1563 1410 1590 1464; x_wconf 90' lang='lat'>6</span> <span class='ocrx_word' id='word_1_195' title='bbox 1626 1409 1719 1463; x_wconf 84' lang='grc' dir='ltr'>τὸν</span> <span class='ocrx_word' id='word_1_196' title='bbox 1751 1407 1960 1464; x_wconf 83' lang='grc' dir='ltr'>κόλπον</span> 
     </span>
    </p>
   </div>
   <div class='ocr_carea' id='block_1_25' title="bbox 309 1496 1962 1573">
    <p class='ocr_par' dir='ltr' id='par_1_25' title="bbox 309 1496 1962 1573">
     <span class='ocr_line' id='line_1_25' title="bbox 309 1496 1962 1573; baseline 0 -22"><span class='ocrx_word' id='word_1_197' title='bbox 309 1501 409 1552; x_wconf 79' lang='grc' dir='ltr'>τοῦ</span> <span class='ocrx_word' id='word_1_198' title='bbox 439 1497 647 1572; x_wconf 80' lang='grc' dir='ltr'>Πατρὸς</span> <span class='ocrx_word' id='word_1_199' title='bbox 685 1496 1070 1572; x_wconf 67' lang='grc' dir='ltr'>ἐξηγούμενος,</span> <span class='ocrx_word' id='word_1_200' title='bbox 1103 1499 1228 1560; x_wconf 75' lang='grc' dir='ltr'>Υἱὸς</span> <span class='ocrx_word' id='word_1_201' title='bbox 1279 1501 1603 1573; x_wconf 76' lang='grc' dir='ltr'>μονογενής.</span> <span class='ocrx_word' id='word_1_202' title='bbox 1635 1499 1862 1554; x_wconf 85' lang='grc' dir='ltr'>Ἔπειτα</span> <span class='ocrx_word' id='word_1_203' title='bbox 1909 1500 1962 1552; x_wconf 76' lang='grc' dir='ltr'>οἱ</span> 
     </span>
    </p>
   </div>
   <div class='ocr_carea' id='block_1_26' title="bbox 306 1583 1957 1663">
    <p class='ocr_par' dir='ltr' id='par_1_26' title="bbox 306 1583 1957 1663">
     <span class='ocr_line' id='line_1_26' title="bbox 306 1583 1957 1663; baseline 0.001 -22"><span class='ocrx_word' id='word_1_204' title='bbox 306 1588 401 1660; x_wconf 72' lang='grc' dir='ltr'>μὶν</span> <span class='ocrx_word' id='word_1_205' title='bbox 430 1586 748 1660; x_wconf 74' lang='grc' dir='ltr'>πειθόμενοι</span> <span class='ocrx_word' id='word_1_206' title='bbox 779 1591 859 1658; x_wconf 82' lang='grc' dir='ltr'>τῷ</span> <span class='ocrx_word' id='word_1_207' title='bbox 889 1587 1066 1659; x_wconf 89' lang='grc' dir='ltr'>νόμῳ,</span> <span class='ocrx_word' id='word_1_208' title='bbox 1093 1591 1174 1658; x_wconf 82' lang='grc' dir='ltr'>τῷ</span> <span class='ocrx_word' id='word_1_209' title='bbox 1202 1607 1262 1641; x_wconf 89' lang='grc' dir='ltr'>τε</span> <span class='ocrx_word' id='word_1_210' title='bbox 1287 1591 1486 1661; x_wconf 79' lang='grc' dir='ltr'>γνῶσιν</span> <span class='ocrx_word' id='word_1_211' title='bbox 1537 1583 1684 1663; x_wconf 82' lang='grc' dir='ltr'>ἔχειν</span> <span class='ocrx_word' id='word_1_212' title='bbox 1710 1589 1833 1643; x_wconf 77' lang='grc' dir='ltr'>τινὰ</span> <span class='ocrx_word' id='word_1_213' title='bbox 1861 1587 1957 1642; x_wconf 82' lang='grc' dir='ltr'>αύ-</span> 
     </span>
    </p>
   </div>
   <div class='ocr_carea' id='block_1_27' title="bbox 302 1672 1957 1750">
    <p class='ocr_par' dir='ltr' id='par_1_27' title="bbox 302 1672 1957 1750">
     <span class='ocr_line' id='line_1_27' title="bbox 302 1672 1957 1750; baseline 0 -19"><span class='ocrx_word' id='word_1_214' title='bbox 302 1680 423 1743; x_wconf 80' lang='grc' dir='ltr'>τοῦ,</span> <span class='ocrx_word' id='word_1_215' title='bbox 457 1673 570 1731; x_wconf 69' lang='grc' dir='ltr'>οὔτ’</span> <span class='ocrx_word' id='word_1_216' title='bbox 599 1676 866 1744; x_wconf 87' lang='grc' dir='ltr'>ἀπιστεῖν,</span> <span class='ocrx_word' id='word_1_217' title='bbox 897 1672 1006 1730; x_wconf 71' lang='grc' dir='ltr'>οὔτ’</span> <span class='ocrx_word' id='word_1_218' title='bbox 1036 1676 1248 1750; x_wconf 82' lang='grc' dir='ltr'>ἀγνοεῖν</span> <span class='ocrx_word' id='word_1_219' title='bbox 1273 1673 1522 1732; x_wconf 87' lang='grc' dir='ltr'>δύνανται</span> <span class='ocrx_word' id='word_1_220' title='bbox 1545 1679 1642 1746; x_wconf 80' lang='grc' dir='ltr'>τὴν</span> <span class='ocrx_word' id='word_1_221' title='bbox 1670 1675 1957 1747; x_wconf 75' lang='grc' dir='ltr'>ἀλήθειαν⁹</span> 
     </span>
    </p>
   </div>
   <div class='ocr_carea' id='block_1_28' title="bbox 303 1761 2034 1850">
    <p class='ocr_par' dir='ltr' id='par_1_28' title="bbox 303 1761 2034 1850">
     <span class='ocr_line' id='line_1_28' title="bbox 303 1761 2034 1850; baseline 0.001 -32"><span class='ocrx_word' id='word_1_222' title='bbox 303 1766 357 1850; x_wconf 68' lang='grc' dir='ltr'>οἱ</span> <span class='ocrx_word' id='word_1_223' title='bbox 391 1762 448 1820; x_wconf 75' lang='grc' dir='ltr'>δὲ</span> <span class='ocrx_word' id='word_1_224' title='bbox 494 1764 870 1832; x_wconf 78' lang='grc' dir='ltr'>ἀπιστοῦντες,</span> <span class='ocrx_word' id='word_1_225' title='bbox 923 1761 1123 1833; x_wconf 75' lang='grc' dir='ltr'>ἤκιστά</span> <span class='ocrx_word' id='word_1_226' title='bbox 1150 1785 1209 1819; x_wconf 83' lang='grc' dir='ltr'>τε</span> <span class='ocrx_word' id='word_1_227' title='bbox 1238 1763 1293 1819; x_wconf 84' lang='grc' dir='ltr'>ἐν</span> <span class='ocrx_word' id='word_1_228' title='bbox 1322 1771 1439 1827; x_wconf 87' lang='grc' dir='ltr'>τοῖς</span> <span class='ocrx_word' id='word_1_229' title='bbox 1485 1762 1666 1840; x_wconf 80' lang='grc' dir='ltr'>ἔργοις</span> <span class='ocrx_word' id='word_1_230' title='bbox 1697 1766 1828 1821; x_wconf 80' lang='grc' dir='ltr'>εἶναι</span> <span class='ocrx_word' id='word_1_231' title='bbox 1866 1767 1958 1841; x_wconf 84' lang='grc' dir='ltr'>βε·-</span> <span class='ocrx_word' id='word_1_232' title='bbox 1992 1789 2034 1850; x_wconf 73' lang='grc' dir='ltr'><strong>Β</strong></span> 
     </span>
    </p>
   </div>
   <div class='ocr_carea' id='block_1_29' title="bbox 309 1849 1962 1929">
    <p class='ocr_par' dir='ltr' id='par_1_29' title="bbox 309 1849 1962 1929">
     <span class='ocr_line' id='line_1_29' title="bbox 309 1849 1962 1929; baseline 0.001 -20"><span class='ocrx_word' id='word_1_233' title='bbox 309 1849 672 1926; x_wconf 75' lang='grc' dir='ltr'>ϐουλημένοι,</span> <span class='ocrx_word' id='word_1_234' title='bbox 707 1850 857 1928; x_wconf 81' lang='grc' dir='ltr'>εἷ’περ</span> <span class='ocrx_word' id='word_1_235' title='bbox 885 1853 1029 1916; x_wconf 67' lang='grc' dir='ltr'>τινες</span> <span class='ocrx_word' id='word_1_236' title='bbox 1061 1853 1250 1925; x_wconf 76' lang='grc' dir='ltr'>ἄλλοι,</span> <span class='ocrx_word' id='word_1_237' title='bbox 1281 1855 1368 1909; x_wconf 83' lang='grc' dir='ltr'>καὶ</span> <span class='ocrx_word' id='word_1_238' title='bbox 1405 1852 1554 1909; x_wconf 83' lang='grc' dir='ltr'>οὗτοι</span> <span class='ocrx_word' id='word_1_239' title='bbox 1587 1854 1796 1929; x_wconf 84' lang='grc' dir='ltr'>ἀγνοεῖν</span> <span class='ocrx_word' id='word_1_240' title='bbox 1825 1856 1962 1928; x_wconf 84' lang='grc' dir='ltr'>ὁμο-</span> 
     </span>
    </p>
   </div>
   <div class='ocr_carea' id='block_1_30' title="bbox 309 1941 1958 2018">
    <p class='ocr_par' dir='ltr' id='par_1_30' title="bbox 309 1941 1958 2018">
     <span class='ocr_line' id='line_1_30' title="bbox 309 1941 1958 2018; baseline 0 -19"><span class='ocrx_word' id='word_1_241' title='bbox 309 1941 601 2018; x_wconf 79' lang='grc' dir='ltr'>λογοῦνται</span> <span class='ocrx_word' id='word_1_242' title='bbox 654 1943 754 2011; x_wconf 83' lang='grc' dir='ltr'>τήν</span> <span class='ocrx_word' id='word_1_243' title='bbox 814 1941 1092 2013; x_wconf 77' lang='grc' dir='ltr'>ἀλήθειαν.</span> <span class='ocrx_word' id='word_1_244' title='bbox 1143 1944 1242 2006; x_wconf 88' lang='grc' dir='ltr'>Τίς</span> <span class='ocrx_word' id='word_1_245' title='bbox 1285 1943 1464 1998; x_wconf 81' lang='grc' dir='ltr'>τοίνυν</span> <span class='ocrx_word' id='word_1_246' title='bbox 1508 1946 1543 2012; x_wconf 79' lang='grc' dir='ltr'>ἠ</span> <span class='ocrx_word' id='word_1_247' title='bbox 1575 1943 1797 1998; x_wconf 81' lang='grc' dir='ltr'>ἀπιστία</span> <span class='ocrx_word' id='word_1_248' title='bbox 1852 1949 1958 1999; x_wconf 82' lang='grc' dir='ltr'>τῶν</span> 
     </span>
    </p>
   </div>
   <div class='ocr_carea' id='block_1_31' title="bbox 301 2031 1958 2108">
    <p class='ocr_par' dir='ltr' id='par_1_31' title="bbox 301 2031 1958 2108">
     <span class='ocr_line' id='line_1_31' title="bbox 301 2031 1958 2108; baseline -0.001 -19"><span class='ocrx_word' id='word_1_249' title='bbox 301 2031 591 2102; x_wconf 73' lang='grc' dir='ltr'>Ἑλλήνων</span> <span class='ocrx_word' id='word_1_250' title='bbox 625 2053 639 2102; x_wconf 87' lang='grc'>;</span> <span class='ocrx_word' id='word_1_251' title='bbox 672 2033 764 2102; x_wconf 66' lang='grc' dir='ltr'>Μή</span> <span class='ocrx_word' id='word_1_252' title='bbox 798 2053 874 2102; x_wconf 87' lang='grc' dir='ltr'>πη</span> <span class='ocrx_word' id='word_1_253' title='bbox 935 2031 1198 2108; x_wconf 84' lang='grc' dir='ltr'>βούλεσθε</span> <span class='ocrx_word' id='word_1_254' title='bbox 1231 2036 1341 2105; x_wconf 72' lang='grc'>(60)</span> <span class='ocrx_word' id='word_1_255' title='bbox 1390 2034 1666 2097; x_wconf 87' lang='grc' dir='ltr'>πείθεσθαι</span> <span class='ocrx_word' id='word_1_256' title='bbox 1717 2037 1785 2107; x_wconf 83' lang='grc' dir='ltr'>τῇ</span> <span class='ocrx_word' id='word_1_257' title='bbox 1817 2031 1958 2104; x_wconf 84' lang='grc' dir='ltr'>ἀλη-</span> 
     </span>
    </p>
   </div>
   <div class='ocr_carea' id='block_1_32' title="bbox 308 2119 1958 2196">
    <p class='ocr_par' dir='ltr' id='par_1_32' title="bbox 308 2119 1958 2196">
     <span class='ocr_line' id='line_1_32' title="bbox 308 2119 1958 2196; baseline 0 -20"><span class='ocrx_word' id='word_1_258' title='bbox 308 2121 446 2194; x_wconf 81' lang='grc' dir='ltr'>θείᾳ,</span> <span class='ocrx_word' id='word_1_259' title='bbox 501 2121 786 2196; x_wconf 74' lang='grc' dir='ltr'>φασκούσῃ</span> <span class='ocrx_word' id='word_1_260' title='bbox 847 2122 1028 2185; x_wconf 82' lang='grc' dir='ltr'>θεόθεν</span> <span class='ocrx_word' id='word_1_261' title='bbox 1087 2119 1177 2176; x_wconf 80' lang='grc' dir='ltr'>διὰ</span> <span class='ocrx_word' id='word_1_262' title='bbox 1232 2121 1510 2185; x_wconf 77' lang='grc' dir='ltr'>Μωϋσὲως</span> <span class='ocrx_word' id='word_1_263' title='bbox 1565 2120 1815 2187; x_wconf 76' lang='grc' dir='ltr'>δεδόσθαι</span> <span class='ocrx_word' id='word_1_264' title='bbox 1868 2123 1958 2178; x_wconf 88' lang='grc' dir='ltr'>τὸν</span> 
     </span>
    </p>
   </div>
   <div class='ocr_carea' id='block_1_33' title="bbox 303 2209 1958 2288">
    <p class='ocr_par' dir='ltr' id='par_1_33' title="bbox 303 2209 1958 2288">
     <span class='ocr_line' id='line_1_33' title="bbox 303 2209 1958 2288; baseline 0.001 -22"><span class='ocrx_word' id='word_1_265' title='bbox 303 2212 496 2284; x_wconf 79' lang='grc' dir='ltr'>νόμον,</span> <span class='ocrx_word' id='word_1_266' title='bbox 531 2211 697 2266; x_wconf 84' lang='grc' dir='ltr'>ὁπότε</span> <span class='ocrx_word' id='word_1_267' title='bbox 732 2231 794 2286; x_wconf 88' lang='grc' dir='ltr'>γε</span> <span class='ocrx_word' id='word_1_268' title='bbox 820 2211 912 2266; x_wconf 85' lang='grc' dir='ltr'>καὶ</span> <span class='ocrx_word' id='word_1_269' title='bbox 944 2211 1097 2266; x_wconf 84' lang='grc' dir='ltr'>αὐτοὶ</span> <span class='ocrx_word' id='word_1_270' title='bbox 1143 2209 1203 2266; x_wconf 79' lang='grc' dir='ltr'>ἐκ</span> <span class='ocrx_word' id='word_1_271' title='bbox 1230 2215 1339 2266; x_wconf 82' lang='grc' dir='ltr'>τῶν</span> <span class='ocrx_word' id='word_1_272' title='bbox 1387 2212 1534 2282; x_wconf 81' lang='grc' dir='ltr'>παρά</span> <span class='ocrx_word' id='word_1_273' title='bbox 1564 2211 1710 2288; x_wconf 76' lang='grc' dir='ltr'>σφίσι</span> <span class='ocrx_word' id='word_1_274' title='bbox 1755 2216 1958 2284; x_wconf 81' lang='grc' dir='ltr'>τιμῶσι</span> 
     </span>
    </p>
   </div>
   <div class='ocr_carea' id='block_1_34' title="bbox 307 2298 1961 2375">
    <p class='ocr_par' dir='ltr' id='par_1_34' title="bbox 307 2298 1961 2375">
     <span class='ocr_line' id='line_1_34' title="bbox 307 2298 1961 2375; baseline -0.002 -16"><span class='ocrx_word' id='word_1_275' title='bbox 307 2303 484 2370; x_wconf 80' lang='grc' dir='ltr'>Μωσῆ</span> <span class='ocrx_word' id='word_1_276' title='bbox 516 2303 628 2375; x_wconf 84' lang='grc'>(61)</span> <span class='ocrx_word' id='word_1_277' title='bbox 655 2320 669 2368; x_wconf 90' lang='lat'><strong>;</strong></span> <span class='ocrx_word' id='word_1_278' title='bbox 698 2299 793 2355; x_wconf 91' lang='grc' dir='ltr'>τόν</span> <span class='ocrx_word' id='word_1_279' title='bbox 822 2321 880 2354; x_wconf 90' lang='grc' dir='ltr'>τε</span> <span class='ocrx_word' id='word_1_280' title='bbox 912 2299 1064 2356; x_wconf 80' lang='grc' dir='ltr'>Μίνω</span> <span class='ocrx_word' id='word_1_281' title='bbox 1089 2301 1234 2374; x_wconf 86' lang='grc' dir='ltr'>παρά</span> <span class='ocrx_word' id='word_1_282' title='bbox 1264 2300 1390 2362; x_wconf 90' lang='grc' dir='ltr'>Διὸς</span> <span class='ocrx_word' id='word_1_283' title='bbox 1439 2298 1510 2355; x_wconf 83' lang='grc' dir='ltr'>δι’</span> <span class='ocrx_word' id='word_1_284' title='bbox 1539 2299 1760 2356; x_wconf 80' lang='grc' dir='ltr'>ἐννάτου</span> <span class='ocrx_word' id='word_1_285' title='bbox 1809 2299 1961 2364; x_wconf 81' lang='grc' dir='ltr'>ἔτους</span> 
     </span>
    </p>
   </div>
   <div class='ocr_carea' id='block_1_35' title="bbox 305 2385 1959 2466">
    <p class='ocr_par' dir='ltr' id='par_1_35' title="bbox 305 2385 1959 2466">
     <span class='ocr_line' id='line_1_35' title="bbox 305 2385 1959 2466; baseline -0.001 -21"><span class='ocrx_word' id='word_1_286' title='bbox 305 2385 603 2462; x_wconf 74' lang='grc' dir='ltr'>λαμϐάνειν</span> <span class='ocrx_word' id='word_1_287' title='bbox 636 2388 764 2451; x_wconf 82' lang='grc' dir='ltr'>τοὺς</span> <span class='ocrx_word' id='word_1_288' title='bbox 796 2389 1004 2462; x_wconf 88' lang='grc' dir='ltr'>νόμους</span> <span class='ocrx_word' id='word_1_289' title='bbox 1035 2390 1337 2464; x_wconf 76' lang='grc' dir='ltr'>ἱστοροῦσι,</span> <span class='ocrx_word' id='word_1_290' title='bbox 1370 2395 1640 2466; x_wconf 75' lang='grc' dir='ltr'>φοιτῶντα</span> <span class='ocrx_word' id='word_1_291' title='bbox 1671 2391 1749 2452; x_wconf 86' lang='grc' dir='ltr'>εἷς</span> <span class='ocrx_word' id='word_1_292' title='bbox 1778 2392 1842 2447; x_wconf 89' lang='grc' dir='ltr'>τὸ</span> <span class='ocrx_word' id='word_1_293' title='bbox 1861 2396 1959 2446; x_wconf 80' lang='grc' dir='ltr'>τοῦ</span> 
     </span>
    </p>
   </div>
   <div class='ocr_carea' id='block_1_36' title="bbox 303 2477 1960 2555">
    <p class='ocr_par' dir='ltr' id='par_1_36' title="bbox 303 2477 1960 2555">
     <span class='ocr_line' id='line_1_36' title="bbox 303 2477 1960 2555; baseline -0.001 -20"><span class='ocrx_word' id='word_1_294' title='bbox 303 2481 427 2542; x_wconf 85' lang='grc' dir='ltr'>Διὸς</span> <span class='ocrx_word' id='word_1_295' title='bbox 457 2477 670 2555; x_wconf 71' lang='grc' dir='ltr'>ἄντρον·</span> <span class='ocrx_word' id='word_1_296' title='bbox 701 2479 796 2534; x_wconf 93' lang='grc' dir='ltr'>τόν</span> <span class='ocrx_word' id='word_1_297' title='bbox 825 2500 884 2534; x_wconf 84' lang='grc' dir='ltr'>τε</span> <span class='ocrx_word' id='word_1_298' title='bbox 913 2477 979 2533; x_wconf 80' lang='grc' dir='ltr'>αὖ</span> <span class='ocrx_word' id='word_1_299' title='bbox 1011 2484 1322 2555; x_wconf 76' lang='grc' dir='ltr'>Λυκοῦργον</span> <span class='ocrx_word' id='word_1_300' title='bbox 1366 2480 1433 2534; x_wconf 75' lang='grc' dir='ltr'>τὰ</span> <span class='ocrx_word' id='word_1_301' title='bbox 1484 2481 1831 2553; x_wconf 79' lang='grc' dir='ltr'>νομοθετικά,</span> <span class='ocrx_word' id='word_1_302' title='bbox 1884 2481 1960 2544; x_wconf 76' lang='grc' dir='ltr'>εἰς</span> 
     </span>
    </p>
   </div>
   <div class='ocr_carea' id='block_1_37' title="bbox 302 2566 1958 2646">
    <p class='ocr_par' dir='ltr' id='par_1_37' title="bbox 302 2566 1958 2646">
     <span class='ocr_line' id='line_1_37' title="bbox 302 2566 1958 2646; baseline 0 -22"><span class='ocrx_word' id='word_1_303' title='bbox 302 2568 553 2646; x_wconf 78' lang='grc' dir='ltr'>Λελφοὺς</span> <span class='ocrx_word' id='word_1_304' title='bbox 581 2569 720 2645; x_wconf 83' lang='grc' dir='ltr'>πρὸς</span> <span class='ocrx_word' id='word_1_305' title='bbox 745 2571 839 2624; x_wconf 87' lang='grc' dir='ltr'>τὸν</span> <span class='ocrx_word' id='word_1_306' title='bbox 891 2566 1230 2628; x_wconf 75' lang='grc' dir='ltr'>Ἀπόλλωνα</span> <span class='ocrx_word' id='word_1_307' title='bbox 1260 2570 1484 2645; x_wconf 75' lang='grc' dir='ltr'>συνεχὶς</span> <span class='ocrx_word' id='word_1_308' title='bbox 1528 2569 1780 2638; x_wconf 81' lang='grc' dir='ltr'>ἀπιόντα,</span> <span class='ocrx_word' id='word_1_309' title='bbox 1830 2590 1958 2624; x_wconf 88' lang='grc' dir='ltr'>παι-</span> 
     </span>
    </p>
   </div>
   <div class='ocr_carea' id='block_1_38' title="bbox 306 2655 1958 2734">
    <p class='ocr_par' dir='ltr' id='par_1_38' title="bbox 306 2655 1958 2734">
     <span class='ocr_line' id='line_1_38' title="bbox 306 2655 1958 2734; baseline 0.001 -22"><span class='ocrx_word' id='word_1_310' title='bbox 306 2655 552 2723; x_wconf 77' lang='grc' dir='ltr'>δεύεσθαι</span> <span class='ocrx_word' id='word_1_311' title='bbox 601 2657 876 2734; x_wconf 75' lang='grc' dir='ltr'>γράφουσι</span> <span class='ocrx_word' id='word_1_312' title='bbox 906 2655 1138 2714; x_wconf 72' lang='grc' dir='ltr'>Πλάτων</span> <span class='ocrx_word' id='word_1_313' title='bbox 1165 2680 1242 2725; x_wconf 85' lang='grc' dir='ltr'>τε,</span> <span class='ocrx_word' id='word_1_314' title='bbox 1295 2660 1386 2714; x_wconf 82' lang='grc' dir='ltr'>καὶ</span> <span class='ocrx_word' id='word_1_315' title='bbox 1427 2657 1837 2734; x_wconf 79' lang='grc' dir='ltr'>’Δριστοτὲλης,</span> <span class='ocrx_word' id='word_1_316' title='bbox 1868 2660 1958 2714; x_wconf 82' lang='grc' dir='ltr'>καὶ</span> 
     </span>
    </p>
   </div>
   <div class='ocr_carea' id='block_1_39' title="bbox 301 2748 1956 2825">
    <p class='ocr_par' dir='ltr' id='par_1_39' title="bbox 301 2748 1956 2825">
     <span class='ocr_line' id='line_1_39' title="bbox 301 2748 1956 2825; baseline 0.002 -23"><span class='ocrx_word' id='word_1_317' title='bbox 301 2749 562 2820; x_wconf 72' lang='grc' dir='ltr'>Ἐφοροςο</span> <span class='ocrx_word' id='word_1_318' title='bbox 596 2749 926 2819; x_wconf 68' lang='grc' dir='ltr'>Χαμαιλέων</span> <span class='ocrx_word' id='word_1_319' title='bbox 983 2768 1042 2802; x_wconf 88' lang='grc' dir='ltr'>τε</span> <span class='ocrx_word' id='word_1_320' title='bbox 1099 2748 1127 2802; x_wconf 91' lang='lat'>6</span> <span class='ocrx_word' id='word_1_321' title='bbox 1177 2749 1566 2822; x_wconf 78' lang='grc' dir='ltr'>Ἡρακλεώτης</span> <span class='ocrx_word' id='word_1_322' title='bbox 1607 2748 1660 2804; x_wconf 77' lang='grc' dir='ltr'>ἐν</span> <span class='ocrx_word' id='word_1_323' title='bbox 1686 2754 1766 2821; x_wconf 81' lang='grc' dir='ltr'>τῷ</span> <span class='ocrx_word' id='word_1_324' title='bbox 1829 2750 1956 2825; x_wconf 87' lang='grc' dir='ltr'>Περί</span> 
     </span>
    </p>
   </div>
   <div class='ocr_carea' id='block_1_40' title="bbox 308 2836 1954 2912">
    <p class='ocr_par' dir='ltr' id='par_1_40' title="bbox 308 2836 1954 2912">
     <span class='ocr_line' id='line_1_40' title="bbox 308 2836 1954 2912; baseline 0.002 -23"><span class='ocrx_word' id='word_1_325' title='bbox 308 2837 501 2906; x_wconf 67' lang='grc' dir='ltr'>μεθης,</span> <span class='ocrx_word' id='word_1_326' title='bbox 557 2837 648 2890; x_wconf 87' lang='grc' dir='ltr'>καὶ</span> <span class='ocrx_word' id='word_1_327' title='bbox 708 2836 1104 2912; x_wconf 82' lang='grc' dir='ltr'>Ἀριστοτέλης</span> <span class='ocrx_word' id='word_1_328' title='bbox 1159 2838 1210 2892; x_wconf 79' lang='grc' dir='ltr'>ὲν</span> <span class='ocrx_word' id='word_1_329' title='bbox 1266 2841 1335 2910; x_wconf 84' lang='grc' dir='ltr'>τῇ</span> <span class='ocrx_word' id='word_1_330' title='bbox 1397 2843 1622 2912; x_wconf 79' lang='grc' dir='ltr'>Λοκρῶν</span> <span class='ocrx_word' id='word_1_331' title='bbox 1680 2837 1954 2910; x_wconf 79' lang='grc' dir='ltr'>πολιτείᾳ,</span> 
     </span>
    </p>
   </div>
   <div class='ocr_carea' id='block_1_41' title="bbox 309 2921 1953 3002">
    <p class='ocr_par' dir='ltr' id='par_1_41' title="bbox 309 2921 1953 3002">
     <span class='ocr_line' id='line_1_41' title="bbox 309 2921 1953 3002; baseline 0.003 -24"><span class='ocrx_word' id='word_1_332' title='bbox 309 2921 576 2978; x_wconf 78' lang='grc' dir='ltr'>Ζάλευκον</span> <span class='ocrx_word' id='word_1_333' title='bbox 627 2928 733 2998; x_wconf 80' lang='grc' dir='ltr'>ι62)</span> <span class='ocrx_word' id='word_1_334' title='bbox 761 2925 852 2980; x_wconf 80' lang='grc' dir='ltr'>τὸν</span> <span class='ocrx_word' id='word_1_335' title='bbox 887 2927 1096 2999; x_wconf 82' lang='grc' dir='ltr'>Λοκρὸν</span> <span class='ocrx_word' id='word_1_336' title='bbox 1127 2928 1274 3002; x_wconf 89' lang='grc' dir='ltr'>παρά</span> <span class='ocrx_word' id='word_1_337' title='bbox 1302 2934 1400 2997; x_wconf 80' lang='grc' dir='ltr'>τῆς</span> <span class='ocrx_word' id='word_1_338' title='bbox 1432 2930 1664 2997; x_wconf 82' lang='grc' dir='ltr'>Ἀθηνᾶς</span> <span class='ocrx_word' id='word_1_339' title='bbox 1693 2928 1818 2990; x_wconf 81' lang='grc' dir='ltr'>τοὺς</span> <span class='ocrx_word' id='word_1_340' title='bbox 1867 2930 1953 2983; x_wconf 88' lang='grc' dir='ltr'>νό-</span> 
     </span>
    </p>
   </div>
   <div class='ocr_carea' id='block_1_42' title="bbox 309 3007 1956 3090">
    <p class='ocr_par' dir='ltr' id='par_1_42' title="bbox 309 3007 1956 3090">
     <span class='ocr_line' id='line_1_42' title="bbox 309 3007 1956 3090; baseline 0.002 -23"><span class='ocrx_word' id='word_1_341' title='bbox 309 3032 446 3085; x_wconf 86' lang='grc' dir='ltr'>μους</span> <span class='ocrx_word' id='word_1_342' title='bbox 472 3007 767 3084; x_wconf 77' lang='grc' dir='ltr'>λαμϐἀνειν</span> <span class='ocrx_word' id='word_1_343' title='bbox 809 3015 1374 3087; x_wconf 85' lang='grc' dir='ltr'>ἀπομνημονεύουσιν.</span> <span class='ocrx_word' id='word_1_344' title='bbox 1408 3019 1475 3074; x_wconf 74' lang='grc' dir='ltr'>Οἳ</span> <span class='ocrx_word' id='word_1_345' title='bbox 1507 3015 1584 3085; x_wconf 77' lang='grc' dir='ltr'>δὲ,</span> <span class='ocrx_word' id='word_1_346' title='bbox 1635 3018 1698 3072; x_wconf 82' lang='grc' dir='ltr'>τὸ</span> <span class='ocrx_word' id='word_1_347' title='bbox 1746 3017 1956 3090; x_wconf 83' lang='grc' dir='ltr'>ἀξιόπι-</span> 
     </span>
    </p>
   </div>
   <div class='ocr_carea' id='block_1_43' title="bbox 304 3102 1950 3178">
    <p class='ocr_par' dir='ltr' id='par_1_43' title="bbox 304 3102 1950 3178">
     <span class='ocr_line' id='line_1_43' title="bbox 304 3102 1950 3178; baseline 0.005 -22"><span class='ocrx_word' id='word_1_348' title='bbox 304 3122 434 3157; x_wconf 89' lang='grc' dir='ltr'>στον</span> <span class='ocrx_word' id='word_1_349' title='bbox 461 3109 562 3171; x_wconf 84' lang='grc' dir='ltr'>τῆς</span> <span class='ocrx_word' id='word_1_350' title='bbox 590 3104 715 3177; x_wconf 84' lang='grc' dir='ltr'>παρ’</span> <span class='ocrx_word' id='word_1_351' title='bbox 742 3102 984 3174; x_wconf 76' lang='grc' dir='ltr'>’Ἐλλησι</span> <span class='ocrx_word' id='word_1_352' title='bbox 1027 3107 1371 3178; x_wconf 83' lang='grc' dir='ltr'>νομοθεσίας,</span> <span class='ocrx_word' id='word_1_353' title='bbox 1406 3107 1482 3172; x_wconf 87' lang='grc' dir='ltr'>ὡς</span> <span class='ocrx_word' id='word_1_354' title='bbox 1510 3107 1625 3162; x_wconf 80' lang='grc' dir='ltr'>οἷόν</span> <span class='ocrx_word' id='word_1_355' title='bbox 1651 3129 1711 3162; x_wconf 87' lang='grc' dir='ltr'>τε</span> <span class='ocrx_word' id='word_1_356' title='bbox 1741 3107 1950 3170; x_wconf 77' lang='grc' dir='ltr'>αὐτοῖς.</span> 
     </span>
    </p>
   </div>
   <div class='ocr_carea' id='block_1_44' title="bbox 305 3191 1953 3266">
    <p class='ocr_par' dir='ltr' id='par_1_44' title="bbox 305 3191 1953 3266">
     <span class='ocr_line' id='line_1_44' title="bbox 305 3191 1953 3266; baseline 0.003 -18"><span class='ocrx_word' id='word_1_357' title='bbox 305 3192 620 3266; x_wconf 75' lang='grc' dir='ltr'>ἰπαίροντες</span> <span class='ocrx_word' id='word_1_358' title='bbox 669 3191 746 3254; x_wconf 81' lang='grc' dir='ltr'>εῒς</span> <span class='ocrx_word' id='word_1_359' title='bbox 799 3194 862 3248; x_wconf 87' lang='grc' dir='ltr'>τὸ</span> <span class='ocrx_word' id='word_1_360' title='bbox 919 3200 1096 3262; x_wconf 85' lang='grc' dir='ltr'>Θεῖον,</span> <span class='ocrx_word' id='word_1_361' title='bbox 1146 3198 1262 3251; x_wconf 87' lang='grc' dir='ltr'>κατ’</span> <span class='ocrx_word' id='word_1_362' title='bbox 1308 3196 1490 3251; x_wconf 76' lang='grc' dir='ltr'>εἰκόνα</span> <span class='ocrx_word' id='word_1_363' title='bbox 1535 3199 1636 3266; x_wconf 80' lang='grc' dir='ltr'>τῆς</span> <span class='ocrx_word' id='word_1_364' title='bbox 1681 3199 1817 3252; x_wconf 87' lang='grc' dir='ltr'>κατά</span> <span class='ocrx_word' id='word_1_365' title='bbox 1859 3198 1953 3253; x_wconf 78' lang='grc' dir='ltr'>τὸν</span> 
     </span>
    </p>
   </div>
   <div class='ocr_carea' id='block_1_45' title="bbox 305 3282 1953 3360">
    <p class='ocr_par' dir='ltr' id='par_1_45' title="bbox 305 3282 1953 3360">
     <span class='ocr_line' id='line_1_45' title="bbox 305 3282 1953 3360; baseline 0.005 -26"><span class='ocrx_word' id='word_1_366' title='bbox 305 3282 542 3340; x_wconf 35' lang='lat' dir='ltr'>Malitiosa</span> <span class='ocrx_word' id='word_1_367' title='bbox 569 3283 926 3359; x_wconf 78' lang='grc' dir='ltr'>προφητείας,</span> <span class='ocrx_word' id='word_1_368' title='bbox 960 3283 1298 3358; x_wconf 86' lang='grc' dir='ltr'>ἀγνώμονες,</span> <span class='ocrx_word' id='word_1_369' title='bbox 1333 3285 1430 3341; x_wconf 80' lang='grc' dir='ltr'>οὐκ</span> <span class='ocrx_word' id='word_1_370' title='bbox 1467 3287 1689 3351; x_wconf 85' lang='grc' dir='ltr'>αὐτόθεν</span> <span class='ocrx_word' id='word_1_371' title='bbox 1742 3287 1953 3360; x_wconf 83' lang='grc' dir='ltr'>ὁμολο-</span> 
     </span>
    </p>
   </div>
   <div class='ocr_carea' id='block_1_46' title="bbox 296 3371 1953 3452">
    <p class='ocr_par' dir='ltr' id='par_1_46' title="bbox 296 3371 1953 3452">
     <span class='ocr_line' id='line_1_46' title="bbox 296 3371 1953 3452; baseline 0.003 -25"><span class='ocrx_word' id='word_1_372' title='bbox 296 3375 520 3449; x_wconf 78' lang='grc' dir='ltr'>γοῦντες</span> <span class='ocrx_word' id='word_1_373' title='bbox 549 3372 648 3441; x_wconf 79' lang='grc' dir='ltr'>τήν</span> <span class='ocrx_word' id='word_1_374' title='bbox 680 3391 738 3426; x_wconf 87' lang='grc' dir='ltr'>τε</span> <span class='ocrx_word' id='word_1_375' title='bbox 768 3371 1025 3442; x_wconf 72' lang='grc' dir='ltr'>ἀλήθειαν</span> <span class='ocrx_word' id='word_1_376' title='bbox 1074 3373 1164 3429; x_wconf 82' lang='grc' dir='ltr'>καὶ</span> <span class='ocrx_word' id='word_1_377' title='bbox 1193 3376 1256 3430; x_wconf 85' lang='grc' dir='ltr'>τὸ</span> <span class='ocrx_word' id='word_1_378' title='bbox 1287 3375 1595 3451; x_wconf 77' lang='grc' dir='ltr'>ἀρχέτυπον</span> <span class='ocrx_word' id='word_1_379' title='bbox 1647 3382 1756 3432; x_wconf 82' lang='grc' dir='ltr'>τῶν</span> <span class='ocrx_word' id='word_1_380' title='bbox 1805 3379 1953 3452; x_wconf 83' lang='grc' dir='ltr'>παρά</span> 
     </span>
    </p>
   </div>
   <div class='ocr_carea' id='block_1_47' title="bbox 294 3459 934 3539">
    <p class='ocr_par' dir='ltr' id='par_1_47' title="bbox 294 3459 934 3539">
     <span class='ocr_line' id='line_1_47' title="bbox 294 3459 934 3539; baseline 0.002 -24"><span class='ocrx_word' id='word_1_381' title='bbox 294 3460 476 3539; x_wconf 79' lang='grc' dir='ltr'>σφίσιν</span> <span class='ocrx_word' id='word_1_382' title='bbox 506 3459 934 3535; x_wconf 70' lang='grc' dir='ltr'>ἱστορουμένων.</span> 
     </span>
    </p>
   </div>
   <div class='ocr_carea' id='block_1_48' title="bbox 2074 1231 3722 1304">
    <p class='ocr_par' dir='ltr' id='par_1_48' title="bbox 2074 1231 3722 1304">
     <span class='ocr_line' id='line_1_48' title="bbox 2074 1231 3722 1304; baseline 0 -18"><span class='ocrx_word' id='word_1_383' title='bbox 2074 1231 2190 1286; x_wconf 60' lang='lat' dir='ltr'>tias.</span> <span class='ocrx_word' id='word_1_384' title='bbox 2223 1252 2250 1282; x_wconf 79' lang='grc' dir='ltr'>ιι</span> <span class='ocrx_word' id='word_1_385' title='bbox 2265 1231 2537 1285; x_wconf 85' lang='lat' dir='ltr'>Potentia</span> <span class='ocrx_word' id='word_1_386' title='bbox 2557 1251 2584 1279; x_wconf 83' lang='lat'><strong><em>»</em></strong></span> <span class='ocrx_word' id='word_1_387' title='bbox 2611 1231 2771 1285; x_wconf 89' lang='lat' dir='ltr'>enim</span> <span class='ocrx_word' id='word_1_388' title='bbox 2797 1250 2824 1280; x_wconf 88' lang='grc'>‹‹</span> <span class='ocrx_word' id='word_1_389' title='bbox 2849 1236 2905 1284; x_wconf 90' lang='lat' dir='ltr'>et</span> <span class='ocrx_word' id='word_1_390' title='bbox 2917 1231 3208 1302; x_wconf 83' lang='lat' dir='ltr'>sapientia</span> <span class='ocrx_word' id='word_1_391' title='bbox 3229 1254 3254 1279; x_wconf 79' lang='grc' dir='ltr'>υ</span> <span class='ocrx_word' id='word_1_392' title='bbox 3278 1237 3368 1286; x_wconf 80' lang='lat' dir='ltr'>est</span> <span class='ocrx_word' id='word_1_393' title='bbox 3389 1232 3514 1303; x_wconf 90' lang='lat' dir='ltr'>ipse</span> <span class='ocrx_word' id='word_1_394' title='bbox 3538 1233 3722 1304; x_wconf 90' lang='lat' dir='ltr'>Logos</span> 
     </span>
    </p>
   </div>
   <div class='ocr_carea' id='block_1_49' title="bbox 2074 1320 3722 1394">
    <p class='ocr_par' dir='ltr' id='par_1_49' title="bbox 2074 1320 3722 1394">
     <span class='ocr_line' id='line_1_49' title="bbox 2074 1320 3722 1394; baseline 0.002 -22"><span class='ocrx_word' id='word_1_395' title='bbox 2074 1343 2101 1372; x_wconf 88' lang='lat'><strong>«</strong></span> <span class='ocrx_word' id='word_1_396' title='bbox 2117 1320 2329 1390; x_wconf 85' lang='lat' dir='ltr'>Dei(c).</span> <span class='ocrx_word' id='word_1_397' title='bbox 2348 1338 2374 1370; x_wconf 70' lang='grc' dir='ltr'>ι</span> <span class='ocrx_word' id='word_1_398' title='bbox 2398 1320 2573 1375; x_wconf 91' lang='lat' dir='ltr'>Ethic</span> <span class='ocrx_word' id='word_1_399' title='bbox 2587 1321 2712 1392; x_wconf 91' lang='lat' dir='ltr'>ipse</span> <span class='ocrx_word' id='word_1_400' title='bbox 2731 1337 2940 1375; x_wconf 90' lang='lat' dir='ltr'>rursus</span> <span class='ocrx_word' id='word_1_401' title='bbox 2958 1327 3049 1375; x_wconf 90' lang='lat' dir='ltr'>est</span> <span class='ocrx_word' id='word_1_402' title='bbox 3064 1321 3260 1394; x_wconf 91' lang='lat' dir='ltr'>legum</span> <span class='ocrx_word' id='word_1_403' title='bbox 3278 1322 3593 1394; x_wconf 86' lang='lat' dir='ltr'>interpres,</span> <span class='ocrx_word' id='word_1_404' title='bbox 3615 1338 3722 1392; x_wconf 91' lang='lat' dir='ltr'>per</span> 
     </span>
    </p>
   </div>
   <div class='ocr_carea' id='block_1_50' title="bbox 2069 1409 3719 1482">
    <p class='ocr_par' dir='ltr' id='par_1_50' title="bbox 2069 1409 3719 1482">
     <span class='ocr_line' id='line_1_50' title="bbox 2069 1409 3719 1482; baseline 0.001 -18"><span class='ocrx_word' id='word_1_405' title='bbox 2069 1415 2334 1480; x_wconf 53' lang='lat' dir='ltr'>*quem</span> <span class='ocrx_word' id='word_1_406' title='bbox 2364 1409 2458 1464; x_wconf 85' lang='lat' dir='ltr'>lex</span> <span class='ocrx_word' id='word_1_407' title='bbox 2504 1409 2640 1465; x_wconf 85' lang='lat' dir='ltr'>data</span> <span class='ocrx_word' id='word_1_408' title='bbox 2685 1416 2811 1476; x_wconf 89' lang='lat' dir='ltr'>est;</span> <span class='ocrx_word' id='word_1_409' title='bbox 2862 1410 2961 1480; x_wconf 92' lang='lat' dir='ltr'>qui</span> <span class='ocrx_word' id='word_1_410' title='bbox 3012 1417 3101 1465; x_wconf 91' lang='lat' dir='ltr'>est</span> <span class='ocrx_word' id='word_1_411' title='bbox 3152 1411 3378 1482; x_wconf 90' lang='lat' dir='ltr'>primus</span> <span class='ocrx_word' id='word_1_412' title='bbox 3417 1411 3719 1482; x_wconf 85' lang='lat' dir='ltr'>expositor</span> 
     </span>
    </p>
   </div>
   <div class='ocr_carea' id='block_1_51' title="bbox 2070 1499 3720 1571">
    <p class='ocr_par' dir='ltr' id='par_1_51' title="bbox 2070 1499 3720 1571">
     <span class='ocr_line' id='line_1_51' title="bbox 2070 1499 3720 1571; baseline 0.001 -18"><span class='ocrx_word' id='word_1_413' title='bbox 2070 1499 2407 1554; x_wconf 91' lang='lat' dir='ltr'>divinorum</span> <span class='ocrx_word' id='word_1_414' title='bbox 2437 1504 2892 1571; x_wconf 65' lang='lat' dir='ltr'>praeceptorum.</span> <span class='ocrx_word' id='word_1_415' title='bbox 2927 1499 3028 1570; x_wconf 90' lang='lat' dir='ltr'>qui</span> <span class='ocrx_word' id='word_1_416' title='bbox 3059 1500 3258 1554; x_wconf 91' lang='lat' dir='ltr'>sinum</span> <span class='ocrx_word' id='word_1_417' title='bbox 3289 1500 3478 1554; x_wconf 90' lang='lat' dir='ltr'>Patris</span> <span class='ocrx_word' id='word_1_418' title='bbox 3529 1501 3720 1570; x_wconf 90' lang='lat' dir='ltr'>aperit</span> 
     </span>
    </p>
   </div>
   <div class='ocr_carea' id='block_1_52' title="bbox 2069 1587 3716 1660">
    <p class='ocr_par' dir='ltr' id='par_1_52' title="bbox 2069 1587 3716 1660">
     <span class='ocr_line' id='line_1_52' title="bbox 2069 1587 3716 1660; baseline -0.001 -17"><span class='ocrx_word' id='word_1_419' title='bbox 2069 1604 2138 1643; x_wconf 87' lang='lat' dir='ltr'>ac</span> <span class='ocrx_word' id='word_1_420' title='bbox 2168 1589 2429 1660; x_wconf 85' lang='lat' dir='ltr'>exponit,</span> <span class='ocrx_word' id='word_1_421' title='bbox 2461 1588 2642 1643; x_wconf 91' lang='lat' dir='ltr'>Filius</span> <span class='ocrx_word' id='word_1_422' title='bbox 2665 1587 3024 1659; x_wconf 84' lang='lat' dir='ltr'>unigenitus.</span> <span class='ocrx_word' id='word_1_423' title='bbox 3052 1588 3274 1643; x_wconf 92' lang='lat' dir='ltr'>Deinde</span> <span class='ocrx_word' id='word_1_424' title='bbox 3308 1589 3407 1659; x_wconf 88' lang='lat' dir='ltr'>qui</span> <span class='ocrx_word' id='word_1_425' title='bbox 3439 1588 3552 1660; x_wconf 83' lang='lat' dir='ltr'>legi</span> <span class='ocrx_word' id='word_1_426' title='bbox 3584 1589 3716 1659; x_wconf 78' lang='lat' dir='ltr'>qui-</span> 
     </span>
    </p>
   </div>
   <div class='ocr_carea' id='block_1_53' title="bbox 2069 1676 3718 1750">
    <p class='ocr_par' dir='ltr' id='par_1_53' title="bbox 2069 1676 3718 1750">
     <span class='ocr_line' id='line_1_53' title="bbox 2069 1676 3718 1750; baseline -0.001 -18"><span class='ocrx_word' id='word_1_427' title='bbox 2069 1677 2204 1732; x_wconf 90' lang='lat' dir='ltr'>dem</span> <span class='ocrx_word' id='word_1_428' title='bbox 2236 1683 2467 1748; x_wconf 87' lang='lat' dir='ltr'>parent,</span> <span class='ocrx_word' id='word_1_429' title='bbox 2499 1676 2656 1748; x_wconf 89' lang='lat' dir='ltr'>quod</span> <span class='ocrx_word' id='word_1_430' title='bbox 2689 1677 2946 1732; x_wconf 86' lang='lat' dir='ltr'>habeant</span> <span class='ocrx_word' id='word_1_431' title='bbox 2976 1677 3236 1747; x_wconf 89' lang='lat' dir='ltr'>aliquam</span> <span class='ocrx_word' id='word_1_432' title='bbox 3269 1679 3398 1748; x_wconf 78' lang='lat' dir='ltr'>ejus</span> <span class='ocrx_word' id='word_1_433' title='bbox 3430 1677 3718 1750; x_wconf 89' lang='lat' dir='ltr'>cognitio-</span> 
     </span>
    </p>
   </div>
   <div class='ocr_carea' id='block_1_54' title="bbox 2069 1766 3716 1838">
    <p class='ocr_par' dir='ltr' id='par_1_54' title="bbox 2069 1766 3716 1838">
     <span class='ocr_line' id='line_1_54' title="bbox 2069 1766 3716 1838; baseline -0.001 -17"><span class='ocrx_word' id='word_1_434' title='bbox 2069 1783 2228 1833; x_wconf 91' lang='lat' dir='ltr'>nem,</span> <span class='ocrx_word' id='word_1_435' title='bbox 2256 1783 2450 1837; x_wconf 92' lang='lat' dir='ltr'>neque</span> <span class='ocrx_word' id='word_1_436' title='bbox 2481 1773 2732 1838; x_wconf 91' lang='lat' dir='ltr'>possunt</span> <span class='ocrx_word' id='word_1_437' title='bbox 2761 1783 2879 1821; x_wconf 89' lang='lat' dir='ltr'>non</span> <span class='ocrx_word' id='word_1_438' title='bbox 2901 1766 3163 1833; x_wconf 84' lang='lat' dir='ltr'>credere,</span> <span class='ocrx_word' id='word_1_439' title='bbox 3188 1783 3297 1821; x_wconf 89' lang='lat' dir='ltr'>nec</span> <span class='ocrx_word' id='word_1_440' title='bbox 3323 1768 3594 1836; x_wconf 85' lang='lat' dir='ltr'>ignorare</span> <span class='ocrx_word' id='word_1_441' title='bbox 3620 1783 3716 1820; x_wconf 91' lang='lat' dir='ltr'>ve-</span> 
     </span>
    </p>
   </div>
   <div class='ocr_carea' id='block_1_55' title="bbox 2069 1855 3718 1927">
    <p class='ocr_par' dir='ltr' id='par_1_55' title="bbox 2069 1855 3718 1927">
     <span class='ocr_line' id='line_1_55' title="bbox 2069 1855 3718 1927; baseline -0.001 -18"><span class='ocrx_word' id='word_1_442' title='bbox 2069 1856 2326 1911; x_wconf 88' lang='lat' dir='ltr'>ritatem.</span> <span class='ocrx_word' id='word_1_443' title='bbox 2359 1855 2466 1920; x_wconf 87' lang='lat' dir='ltr'>Qui</span> <span class='ocrx_word' id='word_1_444' title='bbox 2500 1860 2697 1910; x_wconf 91' lang='lat' dir='ltr'>autem</span> <span class='ocrx_word' id='word_1_445' title='bbox 2723 1872 2845 1909; x_wconf 89' lang='lat' dir='ltr'>non</span> <span class='ocrx_word' id='word_1_446' title='bbox 2875 1855 3143 1923; x_wconf 89' lang='lat' dir='ltr'>credunt,</span> <span class='ocrx_word' id='word_1_447' title='bbox 3169 1861 3227 1909; x_wconf 94' lang='lat' dir='ltr'>et</span> <span class='ocrx_word' id='word_1_448' title='bbox 3253 1855 3398 1927; x_wconf 89' lang='lat' dir='ltr'>legis</span> <span class='ocrx_word' id='word_1_449' title='bbox 3443 1855 3718 1926; x_wconf 90' lang='lat' dir='ltr'>operibus</span> 
     </span>
    </p>
   </div>
   <div class='ocr_carea' id='block_1_56' title="bbox 2065 1944 3717 2014">
    <p class='ocr_par' dir='ltr' id='par_1_56' title="bbox 2065 1944 3717 2014">
     <span class='ocr_line' id='line_1_56' title="bbox 2065 1944 3717 2014; baseline -0.001 -14"><span class='ocrx_word' id='word_1_450' title='bbox 2065 1945 2313 2000; x_wconf 89' lang='lat' dir='ltr'>minime</span> <span class='ocrx_word' id='word_1_451' title='bbox 2341 1950 2570 2013; x_wconf 85' lang='lat' dir='ltr'>vacant,</span> <span class='ocrx_word' id='word_1_452' title='bbox 2602 1945 2643 1998; x_wconf 92' lang='lat' dir='ltr'>ii</span> <span class='ocrx_word' id='word_1_453' title='bbox 2676 1960 2934 2014; x_wconf 90' lang='lat' dir='ltr'>quoque,</span> <span class='ocrx_word' id='word_1_454' title='bbox 2959 1945 3006 1999; x_wconf 91' lang='lat' dir='ltr'>si</span> <span class='ocrx_word' id='word_1_455' title='bbox 3033 1944 3141 1998; x_wconf 91' lang='lat' dir='ltr'>ulli</span> <span class='ocrx_word' id='word_1_456' title='bbox 3171 1945 3294 2012; x_wconf 88' lang='lat' dir='ltr'>alii,</span> <span class='ocrx_word' id='word_1_457' title='bbox 3319 1961 3380 1999; x_wconf 91' lang='lat' dir='ltr'>se</span> <span class='ocrx_word' id='word_1_458' title='bbox 3413 1944 3717 1999; x_wconf 86' lang='lat' dir='ltr'>veritatem</span> 
     </span>
    </p>
   </div>
   <div class='ocr_carea' id='block_1_57' title="bbox 2065 2033 3713 2107">
    <p class='ocr_par' dir='ltr' id='par_1_57' title="bbox 2065 2033 3713 2107">
     <span class='ocr_line' id='line_1_57' title="bbox 2065 2033 3713 2107; baseline -0.001 -18"><span class='ocrx_word' id='word_1_459' title='bbox 2065 2036 2336 2107; x_wconf 89' lang='lat' dir='ltr'>ignorare</span> <span class='ocrx_word' id='word_1_460' title='bbox 2359 2033 2640 2090; x_wconf 86' lang='lat' dir='ltr'>fatentur.</span> <span class='ocrx_word' id='word_1_461' title='bbox 2672 2036 2953 2098; x_wconf 79' lang='lat' dir='ltr'>Quamam</span> <span class='ocrx_word' id='word_1_462' title='bbox 2977 2038 3067 2088; x_wconf 89' lang='lat' dir='ltr'>est</span> <span class='ocrx_word' id='word_1_463' title='bbox 3091 2050 3227 2105; x_wconf 90' lang='lat' dir='ltr'>ergo</span> <span class='ocrx_word' id='word_1_464' title='bbox 3261 2035 3596 2089; x_wconf 62' lang='lat' dir='ltr'>Graecorum</span> <span class='ocrx_word' id='word_1_465' title='bbox 3621 2033 3681 2088; x_wconf 91' lang='lat' dir='ltr'>in</span> <span class='ocrx_word' id='word_1_466' title='bbox 3699 2065 3713 2075; x_wconf 83' lang='lat'><strong>-</strong></span> 
     </span>
    </p>
   </div>
   <div class='ocr_carea' id='block_1_58' title="bbox 2065 2123 3713 2194">
    <p class='ocr_par' dir='ltr' id='par_1_58' title="bbox 2065 2123 3713 2194">
     <span class='ocr_line' id='line_1_58' title="bbox 2065 2123 3713 2194; baseline -0.001 -15"><span class='ocrx_word' id='word_1_467' title='bbox 2065 2125 2386 2181; x_wconf 77' lang='lat' dir='ltr'>credulitas</span> <span class='ocrx_word' id='word_1_468' title='bbox 2412 2123 2440 2177; x_wconf 83' lang='lat'><strong>?</strong></span> <span class='ocrx_word' id='word_1_469' title='bbox 2469 2126 2559 2178; x_wconf 81' lang='lat' dir='ltr'>An</span> <span class='ocrx_word' id='word_1_470' title='bbox 2587 2123 2744 2194; x_wconf 92' lang='lat' dir='ltr'>quod</span> <span class='ocrx_word' id='word_1_471' title='bbox 2776 2124 2972 2178; x_wconf 93' lang='lat' dir='ltr'>nolint</span> <span class='ocrx_word' id='word_1_472' title='bbox 3002 2124 3241 2178; x_wconf 89' lang='lat' dir='ltr'>credere</span> <span class='ocrx_word' id='word_1_473' title='bbox 3274 2123 3526 2190; x_wconf 84' lang='lat' dir='ltr'>veritati,</span> <span class='ocrx_word' id='word_1_474' title='bbox 3581 2141 3713 2194; x_wconf 78' lang='lat' dir='ltr'>quas</span> 
     </span>
    </p>
   </div>
   <div class='ocr_carea' id='block_1_59' title="bbox 2066 2212 3713 2286">
    <p class='ocr_par' dir='ltr' id='par_1_59' title="bbox 2066 2212 3713 2286">
     <span class='ocr_line' id='line_1_59' title="bbox 2066 2212 3713 2286; baseline -0.001 -17"><span class='ocrx_word' id='word_1_475' title='bbox 2066 2213 2211 2269; x_wconf 91' lang='lat' dir='ltr'>dicit</span> <span class='ocrx_word' id='word_1_476' title='bbox 2232 2212 2420 2286; x_wconf 89' lang='lat' dir='ltr'>legem</span> <span class='ocrx_word' id='word_1_477' title='bbox 2451 2229 2559 2284; x_wconf 90' lang='lat' dir='ltr'>per</span> <span class='ocrx_word' id='word_1_478' title='bbox 2577 2215 2835 2284; x_wconf 84' lang='lat' dir='ltr'>Moysem</span> <span class='ocrx_word' id='word_1_479' title='bbox 2868 2213 3067 2268; x_wconf 88' lang='lat' dir='ltr'>datam</span> <span class='ocrx_word' id='word_1_480' title='bbox 3099 2230 3227 2267; x_wconf 90' lang='lat' dir='ltr'>esse</span> <span class='ocrx_word' id='word_1_481' title='bbox 3251 2213 3554 2279; x_wconf 90' lang='lat' dir='ltr'>divinitus,</span> <span class='ocrx_word' id='word_1_482' title='bbox 3577 2231 3713 2268; x_wconf 91' lang='lat' dir='ltr'>cum</span> 
     </span>
    </p>
   </div>
   <div class='ocr_carea' id='block_1_60' title="bbox 2064 2301 3718 2374">
    <p class='ocr_par' dir='ltr' id='par_1_60' title="bbox 2064 2301 3718 2374">
     <span class='ocr_line' id='line_1_60' title="bbox 2064 2301 3718 2374; baseline -0.002 -16"><span class='ocrx_word' id='word_1_483' title='bbox 2064 2303 2176 2374; x_wconf 89' lang='lat' dir='ltr'>ipsi</span> <span class='ocrx_word' id='word_1_484' title='bbox 2208 2319 2452 2358; x_wconf 89' lang='lat' dir='ltr'>suorum</span> <span class='ocrx_word' id='word_1_485' title='bbox 2483 2301 2832 2356; x_wconf 87' lang='lat' dir='ltr'>auctoritate</span> <span class='ocrx_word' id='word_1_486' title='bbox 2854 2301 3079 2356; x_wconf 89' lang='lat' dir='ltr'>inducti</span> <span class='ocrx_word' id='word_1_487' title='bbox 3103 2303 3362 2372; x_wconf 87' lang='lat' dir='ltr'>Moysem</span> <span class='ocrx_word' id='word_1_488' title='bbox 3382 2302 3718 2356; x_wconf 86' lang='lat' dir='ltr'>honorent?</span> 
     </span>
    </p>
   </div>
   <div class='ocr_carea' id='block_1_61' title="bbox 2064 2391 3712 2458">
    <p class='ocr_par' dir='ltr' id='par_1_61' title="bbox 2064 2391 3712 2458">
     <span class='ocr_line' id='line_1_61' title="bbox 2064 2391 3712 2458; baseline -0.002 -11"><span class='ocrx_word' id='word_1_489' title='bbox 2064 2394 2134 2447; x_wconf 89' lang='lat' dir='ltr'>Et</span> <span class='ocrx_word' id='word_1_490' title='bbox 2162 2392 2416 2447; x_wconf 82' lang='lat' dir='ltr'>Minoem</span> <span class='ocrx_word' id='word_1_491' title='bbox 2438 2391 2511 2446; x_wconf 89' lang='lat' dir='ltr'>ad</span> <span class='ocrx_word' id='word_1_492' title='bbox 2541 2391 2693 2446; x_wconf 86' lang='lat' dir='ltr'>Jovis</span> <span class='ocrx_word' id='word_1_493' title='bbox 2714 2395 2951 2444; x_wconf 88' lang='lat' dir='ltr'>antrum</span> <span class='ocrx_word' id='word_1_494' title='bbox 2973 2392 3328 2458; x_wconf 87' lang='lat' dir='ltr'>venientem,</span> <span class='ocrx_word' id='word_1_495' title='bbox 3366 2407 3574 2446; x_wconf 85' lang='lat' dir='ltr'>novem</span> <span class='ocrx_word' id='word_1_496' title='bbox 3604 2407 3712 2445; x_wconf 90' lang='lat' dir='ltr'>an-</span> 
     </span>
    </p>
   </div>
   <div class='ocr_carea' id='block_1_62' title="bbox 2063 2481 3713 2552">
    <p class='ocr_par' dir='ltr' id='par_1_62' title="bbox 2063 2481 3713 2552">
     <span class='ocr_line' id='line_1_62' title="bbox 2063 2481 3713 2552; baseline -0.001 -16"><span class='ocrx_word' id='word_1_497' title='bbox 2063 2498 2278 2537; x_wconf 90' lang='lat' dir='ltr'>norum</span> <span class='ocrx_word' id='word_1_498' title='bbox 2310 2481 2498 2552; x_wconf 90' lang='lat' dir='ltr'>spatio</span> <span class='ocrx_word' id='word_1_499' title='bbox 2531 2481 2691 2552; x_wconf 80' lang='lat' dir='ltr'>leges</span> <span class='ocrx_word' id='word_1_500' title='bbox 2723 2496 2756 2534; x_wconf 89' lang='lat' dir='ltr'>a</span> <span class='ocrx_word' id='word_1_501' title='bbox 2783 2481 2917 2534; x_wconf 83' lang='lat' dir='ltr'>Jove</span> <span class='ocrx_word' id='word_1_502' title='bbox 2939 2481 3238 2551; x_wconf 85' lang='lat' dir='ltr'>accepisse</span> <span class='ocrx_word' id='word_1_503' title='bbox 3265 2498 3278 2547; x_wconf 90' lang='lat'><strong>;</strong></span> <span class='ocrx_word' id='word_1_504' title='bbox 3305 2487 3362 2534; x_wconf 89' lang='lat' dir='ltr'>et</span> <span class='ocrx_word' id='word_1_505' title='bbox 3388 2481 3713 2550; x_wconf 73' lang='lat' dir='ltr'>Lycurgum</span> 
     </span>
    </p>
   </div>
   <div class='ocr_carea' id='block_1_63' title="bbox 2063 2569 3711 2641">
    <p class='ocr_par' dir='ltr' id='par_1_63' title="bbox 2063 2569 3711 2641">
     <span class='ocr_line' id='line_1_63' title="bbox 2063 2569 3711 2641; baseline -0.002 -15"><span class='ocrx_word' id='word_1_506' title='bbox 2063 2571 2300 2626; x_wconf 85' lang='lat' dir='ltr'>assidue</span> <span class='ocrx_word' id='word_1_507' title='bbox 2330 2570 2586 2641; x_wconf 88' lang='lat' dir='ltr'>Delphos</span> <span class='ocrx_word' id='word_1_508' title='bbox 2617 2575 2856 2624; x_wconf 90' lang='lat' dir='ltr'>euntem</span> <span class='ocrx_word' id='word_1_509' title='bbox 2880 2569 2954 2624; x_wconf 89' lang='lat' dir='ltr'>ad</span> <span class='ocrx_word' id='word_1_510' title='bbox 2981 2569 3343 2641; x_wconf 88' lang='lat' dir='ltr'>Apollinem,</span> <span class='ocrx_word' id='word_1_511' title='bbox 3367 2569 3527 2641; x_wconf 83' lang='lat' dir='ltr'>leges</span> <span class='ocrx_word' id='word_1_512' title='bbox 3546 2570 3618 2624; x_wconf 89' lang='lat' dir='ltr'>ab</span> <span class='ocrx_word' id='word_1_513' title='bbox 3643 2586 3711 2624; x_wconf 93' lang='lat' dir='ltr'>eo</span> 
     </span>
    </p>
   </div>
   <div class='ocr_carea' id='block_1_64' title="bbox 2061 2657 3708 2730">
    <p class='ocr_par' dir='ltr' id='par_1_64' title="bbox 2061 2657 3708 2730">
     <span class='ocr_line' id='line_1_64' title="bbox 2061 2657 3708 2730; baseline -0.002 -15"><span class='ocrx_word' id='word_1_514' title='bbox 2061 2659 2362 2724; x_wconf 88' lang='lat' dir='ltr'>didicisse,</span> <span class='ocrx_word' id='word_1_515' title='bbox 2395 2659 2667 2713; x_wconf 90' lang='lat' dir='ltr'>scribunt</span> <span class='ocrx_word' id='word_1_516' title='bbox 2694 2657 2882 2724; x_wconf 90' lang='lat' dir='ltr'>Plato,</span> <span class='ocrx_word' id='word_1_517' title='bbox 2917 2658 3284 2726; x_wconf 86' lang='lat' dir='ltr'>Aristoteles,</span> <span class='ocrx_word' id='word_1_518' title='bbox 3321 2664 3379 2713; x_wconf 92' lang='lat' dir='ltr'>et</span> <span class='ocrx_word' id='word_1_519' title='bbox 3407 2659 3708 2730; x_wconf 84' lang='lat' dir='ltr'>Ephorus;</span> 
     </span>
    </p>
   </div>
   <div class='ocr_carea' id='block_1_65' title="bbox 2062 2747 3712 2819">
    <p class='ocr_par' dir='ltr' id='par_1_65' title="bbox 2062 2747 3712 2819">
     <span class='ocr_line' id='line_1_65' title="bbox 2062 2747 3712 2819; baseline -0.001 -15"><span class='ocrx_word' id='word_1_520' title='bbox 2062 2755 2120 2805; x_wconf 90' lang='lat' dir='ltr'>et</span> <span class='ocrx_word' id='word_1_521' title='bbox 2148 2748 2481 2804; x_wconf 69' lang='lat' dir='ltr'>Chammleo</span> <span class='ocrx_word' id='word_1_522' title='bbox 2513 2747 2890 2803; x_wconf 85' lang='lat' dir='ltr'>Heracleotes</span> <span class='ocrx_word' id='word_1_523' title='bbox 2919 2748 2980 2802; x_wconf 92' lang='lat' dir='ltr'>in</span> <span class='ocrx_word' id='word_1_524' title='bbox 3012 2764 3189 2819; x_wconf 90' lang='lat' dir='ltr'>opere</span> <span class='ocrx_word' id='word_1_525' title='bbox 3219 2749 3296 2802; x_wconf 86' lang='lat' dir='ltr'>De</span> <span class='ocrx_word' id='word_1_526' title='bbox 3338 2748 3620 2813; x_wconf 82' lang='lat' dir='ltr'>ebrietate,</span> <span class='ocrx_word' id='word_1_527' title='bbox 3654 2753 3712 2803; x_wconf 94' lang='lat' dir='ltr'>et</span> 
     </span>
    </p>
   </div>
   <div class='ocr_carea' id='block_1_66' title="bbox 2060 2837 3706 2908">
    <p class='ocr_par' dir='ltr' id='par_1_66' title="bbox 2060 2837 3706 2908">
     <span class='ocr_line' id='line_1_66' title="bbox 2060 2837 3706 2908; baseline -0.001 -14"><span class='ocrx_word' id='word_1_528' title='bbox 2060 2837 2408 2894; x_wconf 87' lang='lat' dir='ltr'>Aristoteles</span> <span class='ocrx_word' id='word_1_529' title='bbox 2441 2837 2503 2892; x_wconf 91' lang='lat' dir='ltr'>in</span> <span class='ocrx_word' id='word_1_530' title='bbox 2537 2837 2837 2908; x_wconf 82' lang='lat' dir='ltr'>Republica</span> <span class='ocrx_word' id='word_1_531' title='bbox 2876 2840 3192 2905; x_wconf 79' lang='lat' dir='ltr'>Locrorum,</span> <span class='ocrx_word' id='word_1_532' title='bbox 3241 2837 3552 2892; x_wconf 88' lang='lat' dir='ltr'>Zaleucum</span> <span class='ocrx_word' id='word_1_533' title='bbox 3602 2837 3706 2892; x_wconf 83' lang='lat' dir='ltr'>Lo-</span> 
     </span>
    </p>
   </div>
   <div class='ocr_carea' id='block_1_67' title="bbox 2059 2927 3707 2999">
    <p class='ocr_par' dir='ltr' id='par_1_67' title="bbox 2059 2927 3707 2999">
     <span class='ocr_line' id='line_1_67' title="bbox 2059 2927 3707 2999; baseline -0.002 -16"><span class='ocrx_word' id='word_1_534' title='bbox 2059 2945 2227 2984; x_wconf 90' lang='lat' dir='ltr'>crum</span> <span class='ocrx_word' id='word_1_535' title='bbox 2265 2928 2425 2999; x_wconf 80' lang='lat' dir='ltr'>leges</span> <span class='ocrx_word' id='word_1_536' title='bbox 2452 2944 2487 2982; x_wconf 88' lang='lat' dir='ltr'>a</span> <span class='ocrx_word' id='word_1_537' title='bbox 2515 2928 2773 2982; x_wconf 86' lang='lat' dir='ltr'>Minerva</span> <span class='ocrx_word' id='word_1_538' title='bbox 2789 2927 3108 2998; x_wconf 79' lang='lat' dir='ltr'>accepisse,</span> <span class='ocrx_word' id='word_1_539' title='bbox 3142 2927 3475 2985; x_wconf 85' lang='lat' dir='ltr'>litterarum</span> <span class='ocrx_word' id='word_1_540' title='bbox 3499 2943 3707 2981; x_wconf 91' lang='lat' dir='ltr'>monu-</span> 
     </span>
    </p>
   </div>
   <div class='ocr_carea' id='block_1_68' title="bbox 2059 3016 3707 3088">
    <p class='ocr_par' dir='ltr' id='par_1_68' title="bbox 2059 3016 3707 3088">
     <span class='ocr_line' id='line_1_68' title="bbox 2059 3016 3707 3088; baseline 0 -16"><span class='ocrx_word' id='word_1_541' title='bbox 2059 3018 2278 3073; x_wconf 87' lang='lat' dir='ltr'>mentis</span> <span class='ocrx_word' id='word_1_542' title='bbox 2310 3016 2688 3072; x_wconf 86' lang='lat' dir='ltr'>mandarunt.</span> <span class='ocrx_word' id='word_1_543' title='bbox 2740 3016 2847 3081; x_wconf 90' lang='lat' dir='ltr'>Qui</span> <span class='ocrx_word' id='word_1_544' title='bbox 2899 3022 3095 3071; x_wconf 89' lang='lat' dir='ltr'>autem</span> <span class='ocrx_word' id='word_1_545' title='bbox 3147 3018 3481 3071; x_wconf 80' lang='lat' dir='ltr'>Graecorum</span> <span class='ocrx_word' id='word_1_546' title='bbox 3530 3016 3707 3088; x_wconf 65' lang='lat' dir='ltr'>leges,</span> 
     </span>
    </p>
   </div>
   <div class='ocr_carea' id='block_1_69' title="bbox 2063 3104 3712 3177">
    <p class='ocr_par' dir='ltr' id='par_1_69' title="bbox 2063 3104 3712 3177">
     <span class='ocr_line' id='line_1_69' title="bbox 2063 3104 3712 3177; baseline -0.001 -15"><span class='ocrx_word' id='word_1_547' title='bbox 2063 3113 2132 3162; x_wconf 88' lang='lat' dir='ltr'>ut</span> <span class='ocrx_word' id='word_1_548' title='bbox 2151 3106 2364 3177; x_wconf 86' lang='lat' dir='ltr'>majori</span> <span class='ocrx_word' id='word_1_549' title='bbox 2383 3106 2498 3160; x_wconf 83' lang='lat' dir='ltr'>ﬁde</span> <span class='ocrx_word' id='word_1_550' title='bbox 2521 3105 2712 3177; x_wconf 73' lang='lat' dir='ltr'>dignae</span> <span class='ocrx_word' id='word_1_551' title='bbox 2734 3105 3066 3173; x_wconf 90' lang='lat' dir='ltr'>videantur,</span> <span class='ocrx_word' id='word_1_552' title='bbox 3092 3122 3197 3176; x_wconf 92' lang='lat' dir='ltr'>pro</span> <span class='ocrx_word' id='word_1_553' title='bbox 3225 3104 3443 3160; x_wconf 88' lang='lat' dir='ltr'>viribus</span> <span class='ocrx_word' id='word_1_554' title='bbox 3467 3107 3712 3161; x_wconf 78' lang='lat' dir='ltr'>efferen-</span> 
     </span>
    </p>
   </div>
   <div class='ocr_carea' id='block_1_70' title="bbox 2066 3194 3708 3266">
    <p class='ocr_par' dir='ltr' id='par_1_70' title="bbox 2066 3194 3708 3266">
     <span class='ocr_line' id='line_1_70' title="bbox 2066 3194 3708 3266; baseline -0.001 -14"><span class='ocrx_word' id='word_1_555' title='bbox 2066 3203 2174 3263; x_wconf 91' lang='lat' dir='ltr'>tes,</span> <span class='ocrx_word' id='word_1_556' title='bbox 2209 3195 2282 3252; x_wconf 92' lang='lat' dir='ltr'>ad</span> <span class='ocrx_word' id='word_1_557' title='bbox 2306 3195 2447 3250; x_wconf 88' lang='lat' dir='ltr'>deos</span> <span class='ocrx_word' id='word_1_558' title='bbox 2468 3194 2756 3252; x_wconf 78' lang='lat' dir='ltr'>referunt.</span> <span class='ocrx_word' id='word_1_559' title='bbox 2781 3195 3050 3266; x_wconf 85' lang='lat' dir='ltr'>exemplo</span> <span class='ocrx_word' id='word_1_560' title='bbox 3075 3196 3340 3250; x_wconf 74' lang='lat' dir='ltr'>Mosaicaa</span> <span class='ocrx_word' id='word_1_561' title='bbox 3365 3195 3708 3266; x_wconf 72' lang='lat' dir='ltr'>prophetiae,</span> 
     </span>
    </p>
   </div>
   <div class='ocr_carea' id='block_1_71' title="bbox 2065 3283 3713 3356">
    <p class='ocr_par' dir='ltr' id='par_1_71' title="bbox 2065 3283 3713 3356">
     <span class='ocr_line' id='line_1_71' title="bbox 2065 3283 3713 3356; baseline -0.001 -16"><span class='ocrx_word' id='word_1_562' title='bbox 2065 3286 2196 3341; x_wconf 91' lang='lat' dir='ltr'>ideo</span> <span class='ocrx_word' id='word_1_563' title='bbox 2229 3290 2369 3340; x_wconf 89' lang='lat' dir='ltr'>sunt</span> <span class='ocrx_word' id='word_1_564' title='bbox 2398 3284 2631 3356; x_wconf 76' lang='lat' dir='ltr'>ingrati,</span> <span class='ocrx_word' id='word_1_565' title='bbox 2669 3283 2825 3354; x_wconf 93' lang='lat' dir='ltr'>quod</span> <span class='ocrx_word' id='word_1_566' title='bbox 2857 3300 2974 3338; x_wconf 91' lang='lat' dir='ltr'>non</span> <span class='ocrx_word' id='word_1_567' title='bbox 2999 3283 3296 3339; x_wconf 84' lang='lat' dir='ltr'>fateantur</span> <span class='ocrx_word' id='word_1_568' title='bbox 3325 3286 3631 3340; x_wconf 89' lang='lat' dir='ltr'>veritatem</span> <span class='ocrx_word' id='word_1_569' title='bbox 3655 3291 3713 3340; x_wconf 91' lang='lat' dir='ltr'>et</span> 
     </span>
    </p>
   </div>
   <div class='ocr_carea' id='block_1_72' title="bbox 2063 3374 3705 3447">
    <p class='ocr_par' dir='ltr' id='par_1_72' title="bbox 2063 3374 3705 3447">
     <span class='ocr_line' id='line_1_72' title="bbox 2063 3374 3705 3447; baseline -0.001 -16"><span class='ocrx_word' id='word_1_570' title='bbox 2063 3375 2366 3447; x_wconf 80' lang='lat' dir='ltr'>exemplar</span> <span class='ocrx_word' id='word_1_571' title='bbox 2394 3374 2781 3446; x_wconf 84' lang='lat' dir='ltr'>archetypum</span> <span class='ocrx_word' id='word_1_572' title='bbox 2805 3389 3032 3441; x_wconf 84' lang='lat' dir='ltr'>eorum,</span> <span class='ocrx_word' id='word_1_573' title='bbox 3057 3391 3187 3444; x_wconf 81' lang='lat' dir='ltr'>quae</span> <span class='ocrx_word' id='word_1_574' title='bbox 3212 3391 3246 3428; x_wconf 88' lang='lat' dir='ltr'>a</span> <span class='ocrx_word' id='word_1_575' title='bbox 3277 3390 3337 3428; x_wconf 92' lang='lat' dir='ltr'>se</span> <span class='ocrx_word' id='word_1_576' title='bbox 3372 3375 3705 3430; x_wconf 87' lang='lat' dir='ltr'>traduntur.</span> 
     </span>
    </p>
   </div>
   <div class='ocr_carea' id='block_1_73' title="bbox 1761 3584 2250 3642">
    <p class='ocr_par' dir='ltr' id='par_1_73' title="bbox 1761 3584 2250 3642">
     <span class='ocr_line' id='line_1_73' title="bbox 1761 3584 2250 3642; baseline -0.006 0"><span class='ocrx_word' id='word_1_577' title='bbox 1761 3586 1992 3642; x_wconf 80' lang='lat' dir='ltr'><strong>CAPUT</strong></span> <span class='ocrx_word' id='word_1_578' title='bbox 2029 3584 2250 3642; x_wconf 83' lang='lat' dir='ltr'>XXVII.</span> 
     </span>
    </p>
   </div>
   <div class='ocr_carea' id='block_1_74' title="bbox 977 3680 3036 3757">
    <p class='ocr_par' dir='ltr' id='par_1_74' title="bbox 977 3680 3036 3757">
     <span class='ocr_line' id='line_1_74' title="bbox 977 3680 3036 3757; baseline 0 -26"><span class='ocrx_word' id='word_1_579' title='bbox 977 3680 1170 3747; x_wconf 84' lang='lat' dir='ltr'>Legem</span> <span class='ocrx_word' id='word_1_580' title='bbox 1199 3683 1478 3737; x_wconf 82' lang='lat' dir='ltr'>commoda</span> <span class='ocrx_word' id='word_1_581' title='bbox 1507 3684 1790 3740; x_wconf 81' lang='lat' dir='ltr'>hominum</span> <span class='ocrx_word' id='word_1_582' title='bbox 1835 3692 2102 3757; x_wconf 80' lang='lat' dir='ltr'>spectare,</span> <span class='ocrx_word' id='word_1_583' title='bbox 2137 3682 2303 3738; x_wconf 79' lang='lat' dir='ltr'>etiam</span> <span class='ocrx_word' id='word_1_584' title='bbox 2334 3681 2466 3735; x_wconf 88' lang='lat' dir='ltr'>dum</span> <span class='ocrx_word' id='word_1_585' title='bbox 2499 3680 2730 3748; x_wconf 77' lang='lat' dir='ltr'>corrigit</span> <span class='ocrx_word' id='word_1_586' title='bbox 2762 3684 2813 3732; x_wconf 79' lang='lat' dir='ltr'>et</span> <span class='ocrx_word' id='word_1_587' title='bbox 2845 3680 3036 3748; x_wconf 85' lang='lat' dir='ltr'>punit.</span> 
     </span>
    </p>
   </div>
   <div class='ocr_carea' id='block_1_75' title="bbox 375 3790 1962 3874">
    <p class='ocr_par' dir='ltr' id='par_1_75' title="bbox 375 3790 1962 3874">
     <span class='ocr_line' id='line_1_75' title="bbox 375 3790 1962 3874; baseline 0.004 -26"><span class='ocrx_word' id='word_1_588' title='bbox 375 3792 467 3860; x_wconf 75' lang='grc' dir='ltr'>Μὴ</span> <span class='ocrx_word' id='word_1_589' title='bbox 495 3790 674 3846; x_wconf 90' lang='grc' dir='ltr'>τοίνυν</span> <span class='ocrx_word' id='word_1_590' title='bbox 704 3792 1089 3866; x_wconf 82' lang='grc' dir='ltr'>κατατρεχέτω</span> <span class='ocrx_word' id='word_1_591' title='bbox 1117 3813 1200 3854; x_wconf 90' lang='grc' dir='ltr'>τις</span> <span class='ocrx_word' id='word_1_592' title='bbox 1229 3799 1327 3848; x_wconf 81' lang='grc' dir='ltr'>τοῦ</span> <span class='ocrx_word' id='word_1_593' title='bbox 1356 3795 1526 3869; x_wconf 85' lang='grc' dir='ltr'>νόμου</span> <span class='ocrx_word' id='word_1_594' title='bbox 1559 3796 1648 3854; x_wconf 81' lang='grc' dir='ltr'>διὰ</span> <span class='ocrx_word' id='word_1_595' title='bbox 1671 3807 1772 3869; x_wconf 83' lang='grc' dir='ltr'>τῆς</span> <span class='ocrx_word' id='word_1_596' title='bbox 1791 3822 1962 3874; x_wconf 87' lang='grc' dir='ltr'>τιμω-</span> 
     </span>
    </p>
   </div>
   <div class='ocr_carea' id='block_1_76' title="bbox 304 3879 1962 3959">
    <p class='ocr_par' dir='ltr' id='par_1_76' title="bbox 304 3879 1962 3959">
     <span class='ocr_line' id='line_1_76' title="bbox 304 3879 1962 3959; baseline 0.008 -26"><span class='ocrx_word' id='word_1_597' title='bbox 304 3879 444 3955; x_wconf 86' lang='grc' dir='ltr'>ρίας,</span> <span class='ocrx_word' id='word_1_598' title='bbox 505 3880 580 3942; x_wconf 87' lang='grc' dir='ltr'>ὡς</span> <span class='ocrx_word' id='word_1_599' title='bbox 630 3879 692 3934; x_wconf 85' lang='grc' dir='ltr'>ού</span> <span class='ocrx_word' id='word_1_600' title='bbox 735 3879 911 3935; x_wconf 88' lang='grc' dir='ltr'>καλοῦ</span> <span class='ocrx_word' id='word_1_601' title='bbox 958 3880 1220 3955; x_wconf 80' lang='grc' dir='ltr'>κάγαθοῦ·</span> <span class='ocrx_word' id='word_1_602' title='bbox 1273 3883 1335 3938; x_wconf 84' lang='grc' dir='ltr'>ού</span> <span class='ocrx_word' id='word_1_603' title='bbox 1378 3885 1477 3959; x_wconf 88' lang='grc' dir='ltr'>γάρ</span> <span class='ocrx_word' id='word_1_604' title='bbox 1505 3886 1532 3940; x_wconf 89' lang='lat'>6</span> <span class='ocrx_word' id='word_1_605' title='bbox 1568 3889 1662 3959; x_wconf 76' lang='grc' dir='ltr'>μὲν</span> <span class='ocrx_word' id='word_1_606' title='bbox 1706 3890 1806 3956; x_wconf 81' lang='grc' dir='ltr'>τήν</span> <span class='ocrx_word' id='word_1_607' title='bbox 1866 3894 1962 3946; x_wconf 85' lang='grc' dir='ltr'>σοῦ</span> 
     </span>
    </p>
   </div>
   <div class='ocr_carea' id='block_1_77' title="bbox 307 3969 1963 4052">
    <p class='ocr_par' dir='ltr' id='par_1_77' title="bbox 307 3969 1963 4052">
     <span class='ocr_line' id='line_1_77' title="bbox 307 3969 1963 4052; baseline 0.006 -28"><span class='ocrx_word' id='word_1_608' title='bbox 307 3971 562 4042; x_wconf 84' lang='grc' dir='ltr'>σώματος</span> <span class='ocrx_word' id='word_1_609' title='bbox 608 3972 767 4025; x_wconf 92' lang='grc' dir='ltr'>νόσον</span> <span class='ocrx_word' id='word_1_610' title='bbox 827 3969 1051 4046; x_wconf 80' lang='grc' dir='ltr'>ἀπάγων</span> <span class='ocrx_word' id='word_1_611' title='bbox 1102 3971 1388 4047; x_wconf 71' lang='grc' dir='ltr'>εὐεργέτης</span> <span class='ocrx_word' id='word_1_612' title='bbox 1439 3972 1602 4046; x_wconf 54' lang='lat' dir='ltr'>81.5m-</span> <span class='ocrx_word' id='word_1_613' title='bbox 1662 3981 1850 4052; x_wconf 78' lang='grc' dir='ltr'>ψυχῆς</span> <span class='ocrx_word' id='word_1_614' title='bbox 1905 3977 1963 4034; x_wconf 73' lang='grc' dir='ltr'>δὲ</span> 
     </span>
    </p>
   </div>
   <div class='ocr_carea' id='block_1_78' title="bbox 302 4056 1958 4139">
    <p class='ocr_par' dir='ltr' id='par_1_78' title="bbox 302 4056 1958 4139">
     <span class='ocr_line' id='line_1_78' title="bbox 302 4056 1958 4139; baseline 0.005 -25"><span class='ocrx_word' id='word_1_615' title='bbox 302 4056 517 4120; x_wconf 78' lang='grc' dir='ltr'>ἀδικίας</span> <span class='ocrx_word' id='word_1_616' title='bbox 550 4061 664 4132; x_wconf 87' lang='lat'>(63)</span> <span class='ocrx_word' id='word_1_617' title='bbox 710 4060 738 4114; x_wconf 86' lang='lat'>6</span> <span class='ocrx_word' id='word_1_618' title='bbox 769 4063 1115 4132; x_wconf 82' lang='grc' dir='ltr'>πειρώμενος</span> <span class='ocrx_word' id='word_1_619' title='bbox 1153 4061 1524 4119; x_wconf 79' lang='grc' dir='ltr'>ἀπαλλάττειν</span> <span class='ocrx_word' id='word_1_620' title='bbox 1555 4065 1617 4120; x_wconf 81' lang='grc' dir='ltr'>οὗ</span> <span class='ocrx_word' id='word_1_621' title='bbox 1651 4066 1865 4139; x_wconf 82' lang='grc' dir='ltr'>μᾶλλον</span> <span class='ocrx_word' id='word_1_622' title='bbox 1899 4066 1958 4122; x_wconf 80' lang='grc' dir='ltr'>ἂν</span> 
     </span>
    </p>
   </div>
   <div class='ocr_carea' id='block_1_79' title="bbox 302 4143 1956 4227">
    <p class='ocr_par' dir='ltr' id='par_1_79' title="bbox 302 4143 1956 4227">
     <span class='ocr_line' id='line_1_79' title="bbox 302 4143 1956 4227; baseline 0.005 -27"><span class='ocrx_word' id='word_1_623' title='bbox 302 4144 388 4217; x_wconf 81' lang='grc' dir='ltr'>εἷή</span> <span class='ocrx_word' id='word_1_624' title='bbox 440 4143 721 4219; x_wconf 84' lang='grc' dir='ltr'>κηδεμὼν,</span> <span class='ocrx_word' id='word_1_625' title='bbox 773 4144 990 4222; x_wconf 80' lang='grc' dir='ltr'>ὅσῳπερ</span> <span class='ocrx_word' id='word_1_626' title='bbox 1040 4151 1195 4224; x_wconf 76' lang='grc' dir='ltr'>ψυχὴ</span> <span class='ocrx_word' id='word_1_627' title='bbox 1256 4154 1512 4223; x_wconf 87' lang='grc' dir='ltr'>σώματος</span> <span class='ocrx_word' id='word_1_628' title='bbox 1565 4151 1907 4227; x_wconf 83' lang='grc' dir='ltr'>ἐντιμότερον</span> <span class='ocrx_word' id='word_1_629' title='bbox 1944 4176 1956 4188; x_wconf 95' lang='grc'><strong>·</strong></span> 
     </span>
    </p>
   </div>
   <div class='ocr_carea' id='block_1_80' title="bbox 305 4231 1960 4313">
    <p class='ocr_par' dir='ltr' id='par_1_80' title="bbox 305 4231 1960 4313">
     <span class='ocr_line' id='line_1_80' title="bbox 305 4231 1960 4313; baseline 0.007 -25"><span class='ocrx_word' id='word_1_630' title='bbox 305 4231 433 4288; x_wconf 87' lang='grc' dir='ltr'>ἀλλ’</span> <span class='ocrx_word' id='word_1_631' title='bbox 458 4233 562 4309; x_wconf 76' lang='grc' dir='ltr'>ἄρα</span> <span class='ocrx_word' id='word_1_632' title='bbox 589 4242 688 4304; x_wconf 84' lang='grc' dir='ltr'>τῆς</span> <span class='ocrx_word' id='word_1_633' title='bbox 731 4235 827 4307; x_wconf 71' lang='grc' dir='ltr'>μὲν</span> <span class='ocrx_word' id='word_1_634' title='bbox 856 4241 954 4291; x_wconf 81' lang='grc' dir='ltr'>τοῦ</span> <span class='ocrx_word' id='word_1_635' title='bbox 983 4241 1237 4310; x_wconf 88' lang='grc' dir='ltr'>σώματος</span> <span class='ocrx_word' id='word_1_636' title='bbox 1278 4240 1483 4313; x_wconf 85' lang='grc' dir='ltr'>ὑγιείας</span> <span class='ocrx_word' id='word_1_637' title='bbox 1514 4238 1686 4312; x_wconf 78' lang='grc' dir='ltr'>ἕνεκα,</span> <span class='ocrx_word' id='word_1_638' title='bbox 1733 4243 1822 4296; x_wconf 82' lang='grc' dir='ltr'>καὶ</span> <span class='ocrx_word' id='word_1_639' title='bbox 1869 4265 1960 4298; x_wconf 94' lang='grc' dir='ltr'>το-</span> 
     </span>
    </p>
   </div>
   <div class='ocr_carea' id='block_1_81' title="bbox 308 4323 1956 4408">
    <p class='ocr_par' dir='ltr' id='par_1_81' title="bbox 308 4323 1956 4408">
     <span class='ocr_line' id='line_1_81' title="bbox 308 4323 1956 4408; baseline 0.007 -32"><span class='ocrx_word' id='word_1_640' title='bbox 308 4324 433 4396; x_wconf 76' lang='grc' dir='ltr'>μὰς,</span> <span class='ocrx_word' id='word_1_641' title='bbox 487 4324 576 4378; x_wconf 83' lang='grc' dir='ltr'>καὶ</span> <span class='ocrx_word' id='word_1_642' title='bbox 636 4323 876 4390; x_wconf 84' lang='grc' dir='ltr'>καύσεις,</span> <span class='ocrx_word' id='word_1_643' title='bbox 934 4327 1021 4380; x_wconf 86' lang='grc' dir='ltr'>καὶ</span> <span class='ocrx_word' id='word_1_644' title='bbox 1082 4331 1542 4400; x_wconf 81' lang='grc' dir='ltr'>φαρμακοποσίας</span> <span class='ocrx_word' id='word_1_645' title='bbox 1592 4329 1956 4408; x_wconf 76' lang='grc' dir='ltr'>ὑφιστάμεθα·</span> 
     </span>
    </p>
   </div>
   <div class='ocr_carea' id='block_1_82' title="bbox 2145 3793 3715 3867">
    <p class='ocr_par' dir='ltr' id='par_1_82' title="bbox 2145 3793 3715 3867">
     <span class='ocr_line' id='line_1_82' title="bbox 2145 3793 3715 3867; baseline -0.003 -13"><span class='ocrx_word' id='word_1_646' title='bbox 2145 3801 2325 3854; x_wconf 91' lang='lat' dir='ltr'>Nemo</span> <span class='ocrx_word' id='word_1_647' title='bbox 2357 3799 2555 3850; x_wconf 89' lang='lat' dir='ltr'>autem</span> <span class='ocrx_word' id='word_1_648' title='bbox 2577 3799 2820 3865; x_wconf 90' lang='lat' dir='ltr'>propter</span> <span class='ocrx_word' id='word_1_649' title='bbox 2842 3793 3134 3865; x_wconf 88' lang='lat' dir='ltr'>supplicia</span> <span class='ocrx_word' id='word_1_650' title='bbox 3157 3794 3482 3849; x_wconf 89' lang='lat' dir='ltr'>insectetur</span> <span class='ocrx_word' id='word_1_651' title='bbox 3502 3795 3715 3867; x_wconf 84' lang='lat' dir='ltr'>legem,</span> 
     </span>
    </p>
   </div>
   <div class='ocr_carea' id='block_1_83' title="bbox 2072 3883 3721 3954">
    <p class='ocr_par' dir='ltr' id='par_1_83' title="bbox 2072 3883 3721 3954">
     <span class='ocr_line' id='line_1_83' title="bbox 2072 3883 3721 3954; baseline -0.004 -10"><span class='ocrx_word' id='word_1_652' title='bbox 2072 3893 2139 3944; x_wconf 91' lang='lat' dir='ltr'>ut</span> <span class='ocrx_word' id='word_1_653' title='bbox 2168 3904 2286 3942; x_wconf 89' lang='lat' dir='ltr'>non</span> <span class='ocrx_word' id='word_1_654' title='bbox 2314 3886 2534 3941; x_wconf 90' lang='lat' dir='ltr'>bonam</span> <span class='ocrx_word' id='word_1_655' title='bbox 2569 3888 2626 3938; x_wconf 93' lang='lat' dir='ltr'>et</span> <span class='ocrx_word' id='word_1_656' title='bbox 2656 3883 2987 3938; x_wconf 91' lang='lat' dir='ltr'>honestam.</span> <span class='ocrx_word' id='word_1_657' title='bbox 3033 3885 3158 3938; x_wconf 86' lang='lat' dir='ltr'>Non</span> <span class='ocrx_word' id='word_1_658' title='bbox 3186 3883 3345 3938; x_wconf 90' lang='lat' dir='ltr'>enim</span> <span class='ocrx_word' id='word_1_659' title='bbox 3378 3884 3478 3954; x_wconf 91' lang='lat' dir='ltr'>qui</span> <span class='ocrx_word' id='word_1_660' title='bbox 3529 3883 3721 3938; x_wconf 85' lang='lat' dir='ltr'>aufert</span> 
     </span>
    </p>
   </div>
   <div class='ocr_carea' id='block_1_84' title="bbox 2070 3971 3717 4044">
    <p class='ocr_par' dir='ltr' id='par_1_84' title="bbox 2070 3971 3717 4044">
     <span class='ocr_line' id='line_1_84' title="bbox 2070 3971 3717 4044; baseline -0.004 -11"><span class='ocrx_word' id='word_1_661' title='bbox 2070 3977 2347 4034; x_wconf 91' lang='lat' dir='ltr'>morbum</span> <span class='ocrx_word' id='word_1_662' title='bbox 2380 3971 2664 4044; x_wconf 86' lang='lat' dir='ltr'>corporis,</span> <span class='ocrx_word' id='word_1_663' title='bbox 2696 3971 2987 4028; x_wconf 86' lang='lat' dir='ltr'>beneficio</span> <span class='ocrx_word' id='word_1_664' title='bbox 3019 3972 3258 4027; x_wconf 82' lang='lat' dir='ltr'>afficere</span> <span class='ocrx_word' id='word_1_665' title='bbox 3279 3972 3590 4038; x_wconf 73' lang='lat' dir='ltr'>videbitur,</span> <span class='ocrx_word' id='word_1_666' title='bbox 3618 3975 3717 4044; x_wconf 90' lang='lat' dir='ltr'>qui</span> 
     </span>
    </p>
   </div>
   <div class='ocr_carea' id='block_1_85' title="bbox 2071 4063 3718 4136">
    <p class='ocr_par' dir='ltr' id='par_1_85' title="bbox 2071 4063 3718 4136">
     <span class='ocr_line' id='line_1_85' title="bbox 2071 4063 3718 4136; baseline -0.003 -14"><span class='ocrx_word' id='word_1_667' title='bbox 2071 4072 2268 4123; x_wconf 90' lang='lat' dir='ltr'>autem</span> <span class='ocrx_word' id='word_1_668' title='bbox 2301 4065 2372 4120; x_wconf 91' lang='lat' dir='ltr'>ab</span> <span class='ocrx_word' id='word_1_669' title='bbox 2406 4063 2699 4136; x_wconf 87' lang='lat' dir='ltr'>injustitia</span> <span class='ocrx_word' id='word_1_670' title='bbox 2729 4064 2989 4120; x_wconf 87' lang='lat' dir='ltr'>animam</span> <span class='ocrx_word' id='word_1_671' title='bbox 3021 4071 3273 4120; x_wconf 88' lang='lat' dir='ltr'>conatur</span> <span class='ocrx_word' id='word_1_672' title='bbox 3300 4065 3573 4130; x_wconf 89' lang='lat' dir='ltr'>liberare,</span> <span class='ocrx_word' id='word_1_673' title='bbox 3598 4081 3718 4118; x_wconf 89' lang='lat' dir='ltr'>non</span> 
     </span>
    </p>
   </div>
   <div class='ocr_carea' id='block_1_86' title="bbox 2072 4153 3715 4227">
    <p class='ocr_par' dir='ltr' id='par_1_86' title="bbox 2072 4153 3715 4227">
     <span class='ocr_line' id='line_1_86' title="bbox 2072 4153 3715 4227; baseline -0.002 -18"><span class='ocrx_word' id='word_1_674' title='bbox 2072 4160 2235 4211; x_wconf 87' lang='lat' dir='ltr'>tanto</span> <span class='ocrx_word' id='word_1_675' title='bbox 2267 4154 2452 4227; x_wconf 86' lang='lat' dir='ltr'>magis</span> <span class='ocrx_word' id='word_1_676' title='bbox 2484 4153 2777 4208; x_wconf 88' lang='lat' dir='ltr'>videbitur</span> <span class='ocrx_word' id='word_1_677' title='bbox 2799 4169 3001 4208; x_wconf 88' lang='lat' dir='ltr'>curam</span> <span class='ocrx_word' id='word_1_678' title='bbox 3033 4154 3217 4208; x_wconf 91' lang='lat' dir='ltr'>nostri</span> <span class='ocrx_word' id='word_1_679' title='bbox 3244 4170 3469 4225; x_wconf 85' lang='lat' dir='ltr'>gerere,</span> <span class='ocrx_word' id='word_1_680' title='bbox 3494 4159 3715 4224; x_wconf 90' lang='lat' dir='ltr'>quanto</span> 
     </span>
    </p>
   </div>
   <div class='ocr_carea' id='block_1_87' title="bbox 2072 4242 3716 4314">
    <p class='ocr_par' dir='ltr' id='par_1_87' title="bbox 2072 4242 3716 4314">
     <span class='ocr_line' id='line_1_87' title="bbox 2072 4242 3716 4314; baseline -0.002 -15"><span class='ocrx_word' id='word_1_681' title='bbox 2072 4249 2162 4299; x_wconf 89' lang='lat' dir='ltr'>est</span> <span class='ocrx_word' id='word_1_682' title='bbox 2192 4244 2392 4299; x_wconf 87' lang='lat' dir='ltr'>anima</span> <span class='ocrx_word' id='word_1_683' title='bbox 2422 4259 2667 4313; x_wconf 90' lang='lat' dir='ltr'>corpore</span> <span class='ocrx_word' id='word_1_684' title='bbox 2716 4243 3124 4314; x_wconf 71' lang='lat' dir='ltr'>praestantior;</span> <span class='ocrx_word' id='word_1_685' title='bbox 3178 4242 3280 4297; x_wconf 89' lang='lat' dir='ltr'>sed</span> <span class='ocrx_word' id='word_1_686' title='bbox 3328 4259 3432 4313; x_wconf 92' lang='lat' dir='ltr'>pro</span> <span class='ocrx_word' id='word_1_687' title='bbox 3466 4243 3716 4297; x_wconf 86' lang='lat' dir='ltr'>sanitate</span> 
     </span>
    </p>
   </div>
   <div class='ocr_carea' id='block_1_88' title="bbox 2071 4331 3720 4406">
    <p class='ocr_par' dir='ltr' id='par_1_88' title="bbox 2071 4331 3720 4406">
     <span class='ocr_line' id='line_1_88' title="bbox 2071 4331 3720 4406; baseline -0.003 -17"><span class='ocrx_word' id='word_1_688' title='bbox 2071 4333 2314 4406; x_wconf 88' lang='lat' dir='ltr'>quidem</span> <span class='ocrx_word' id='word_1_689' title='bbox 2337 4331 2622 4404; x_wconf 89' lang='lat' dir='ltr'>corporis,</span> <span class='ocrx_word' id='word_1_690' title='bbox 2655 4337 2714 4386; x_wconf 91' lang='lat' dir='ltr'>et</span> <span class='ocrx_word' id='word_1_691' title='bbox 2743 4332 2950 4396; x_wconf 90' lang='lat' dir='ltr'>secari,</span> <span class='ocrx_word' id='word_1_692' title='bbox 2977 4338 3034 4386; x_wconf 92' lang='lat' dir='ltr'>et</span> <span class='ocrx_word' id='word_1_693' title='bbox 3055 4333 3165 4392; x_wconf 82' lang='lat' dir='ltr'>uri.</span> <span class='ocrx_word' id='word_1_694' title='bbox 3199 4338 3258 4386; x_wconf 91' lang='lat' dir='ltr'>et</span> <span class='ocrx_word' id='word_1_695' title='bbox 3286 4332 3720 4387; x_wconf 85' lang='lat' dir='ltr'>medicamenta</span> 
     </span>
    </p>
   </div>
   <div class='ocr_carea' id='block_1_89' title="bbox 300 4413 1955 4508">
    <p class='ocr_par' dir='ltr' id='par_1_89' title="bbox 300 4413 1955 4494">
     <span class='ocr_line' id='line_1_89' title="bbox 300 4413 1955 4494; baseline 0.007 -28"><span class='ocrx_word' id='word_1_696' title='bbox 300 4413 391 4467; x_wconf 84' lang='grc' dir='ltr'>καὶ</span> <span class='ocrx_word' id='word_1_697' title='bbox 426 4413 454 4466; x_wconf 90' lang='lat'>6</span> <span class='ocrx_word' id='word_1_698' title='bbox 485 4417 650 4467; x_wconf 82' lang='grc' dir='ltr'>ταῦτα</span> <span class='ocrx_word' id='word_1_699' title='bbox 680 4413 970 4488; x_wconf 85' lang='grc' dir='ltr'>προσάγων</span> <span class='ocrx_word' id='word_1_700' title='bbox 1006 4417 1189 4489; x_wconf 80' lang='grc' dir='ltr'>σωτήρ</span> <span class='ocrx_word' id='word_1_701' title='bbox 1219 4438 1278 4471; x_wconf 90' lang='grc' dir='ltr'>τε</span> <span class='ocrx_word' id='word_1_702' title='bbox 1318 4419 1410 4472; x_wconf 86' lang='grc' dir='ltr'>καὶ</span> <span class='ocrx_word' id='word_1_703' title='bbox 1459 4419 1640 4494; x_wconf 82' lang='grc' dir='ltr'>ἰατρὸς</span> <span class='ocrx_word' id='word_1_704' title='bbox 1687 4419 1955 4476; x_wconf 86' lang='grc' dir='ltr'>καλεῖται’</span> 
     </span>
    </p>
   </div>
   <div class='ocr_carea' id='block_1_90' title="bbox 2070 4413 3722 4508">
    <p class='ocr_par' dir='ltr' id='par_1_90' title="bbox 2070 4420 3722 4494">
     <span class='ocr_line' id='line_1_90' title="bbox 2070 4420 3722 4494; baseline -0.004 -16"><span class='ocrx_word' id='word_1_705' title='bbox 2070 4428 2271 4494; x_wconf 91' lang='lat' dir='ltr'>potare</span> <span class='ocrx_word' id='word_1_706' title='bbox 2301 4422 2686 4486; x_wconf 91' lang='lat' dir='ltr'>sustinemus,</span> <span class='ocrx_word' id='word_1_707' title='bbox 2722 4426 2780 4475; x_wconf 86' lang='lat' dir='ltr'>et</span> <span class='ocrx_word' id='word_1_708' title='bbox 2809 4420 2910 4491; x_wconf 91' lang='lat' dir='ltr'>qui</span> <span class='ocrx_word' id='word_1_709' title='bbox 2939 4421 3064 4476; x_wconf 67' lang='grc' dir='ltr'>Ιιωο</span> <span class='ocrx_word' id='word_1_710' title='bbox 3095 4421 3356 4487; x_wconf 88' lang='lat' dir='ltr'>adhibet,</span> <span class='ocrx_word' id='word_1_711' title='bbox 3382 4428 3441 4476; x_wconf 92' lang='lat' dir='ltr'>et</span> <span class='ocrx_word' id='word_1_712' title='bbox 3461 4427 3722 4477; x_wconf 79' lang='lat' dir='ltr'>servator</span> 
     </span>
    </p>
   </div>
   <div class='ocr_carea' id='block_1_91' title="bbox 301 4500 1956 4586">
    <p class='ocr_par' dir='ltr' id='par_1_91' title="bbox 301 4500 1956 4586">
     <span class='ocr_line' id='line_1_91' title="bbox 301 4500 1956 4586; baseline 0.007 -31"><span class='ocrx_word' id='word_1_713' title='bbox 301 4503 367 4556; x_wconf 80' lang='grc' dir='ltr'>οὐ</span> <span class='ocrx_word' id='word_1_714' title='bbox 400 4500 582 4577; x_wconf 81' lang='grc' dir='ltr'>φθόνῳ</span> <span class='ocrx_word' id='word_1_715' title='bbox 609 4503 736 4572; x_wconf 84' lang='grc' dir='ltr'>τινὶ,</span> <span class='ocrx_word' id='word_1_716' title='bbox 768 4500 892 4558; x_wconf 80' lang='grc' dir='ltr'>οὐδὲ</span> <span class='ocrx_word' id='word_1_717' title='bbox 923 4500 1210 4576; x_wconf 80' lang='grc' dir='ltr'>δυσμενείᾳ</span> <span class='ocrx_word' id='word_1_718' title='bbox 1236 4510 1304 4578; x_wconf 82' lang='grc' dir='ltr'>τῇ</span> <span class='ocrx_word' id='word_1_719' title='bbox 1337 4509 1476 4582; x_wconf 89' lang='grc' dir='ltr'>πρὸς</span> <span class='ocrx_word' id='word_1_720' title='bbox 1504 4509 1597 4564; x_wconf 81' lang='grc' dir='ltr'>τὸν</span> <span class='ocrx_word' id='word_1_721' title='bbox 1653 4509 1956 4586; x_wconf 84' lang='grc' dir='ltr'>πάσχοντα,</span> 
     </span>
    </p>
   </div>
   <div class='ocr_carea' id='block_1_92' title="bbox 302 4588 1952 4672">
    <p class='ocr_par' dir='ltr' id='par_1_92' title="bbox 302 4588 1952 4672">
     <span class='ocr_line' id='line_1_92' title="bbox 302 4588 1952 4672; baseline 0.004 -27"><span class='ocrx_word' id='word_1_722' title='bbox 302 4590 378 4654; x_wconf 84' lang='grc' dir='ltr'>ὡς</span> <span class='ocrx_word' id='word_1_723' title='bbox 413 4588 458 4645; x_wconf 85' lang='grc' dir='ltr'>δ’</span> <span class='ocrx_word' id='word_1_724' title='bbox 490 4590 548 4646; x_wconf 78' lang='grc' dir='ltr'>ἂν</span> <span class='ocrx_word' id='word_1_725' title='bbox 583 4591 611 4647; x_wconf 91' lang='lat'>6</span> <span class='ocrx_word' id='word_1_726' title='bbox 640 4597 740 4660; x_wconf 84' lang='grc' dir='ltr'>τῆς</span> <span class='ocrx_word' id='word_1_727' title='bbox 789 4588 989 4669; x_wconf 82' lang='grc' dir='ltr'>τὲχνης</span> <span class='ocrx_word' id='word_1_728' title='bbox 1043 4594 1372 4669; x_wconf 81' lang='grc' dir='ltr'>ὑπαγορεύοι</span> <span class='ocrx_word' id='word_1_729' title='bbox 1423 4594 1614 4672; x_wconf 88' lang='grc' dir='ltr'>λόγος,</span> <span class='ocrx_word' id='word_1_730' title='bbox 1665 4597 1755 4653; x_wconf 84' lang='grc' dir='ltr'>καὶ</span> <span class='ocrx_word' id='word_1_731' title='bbox 1817 4594 1952 4672; x_wconf 82' lang='grc' dir='ltr'>μέρη</span> 
     </span>
    </p>
   </div>
   <div class='ocr_carea' id='block_1_93' title="bbox 373 4710 1955 4788">
    <p class='ocr_par' dir='ltr' id='par_1_93' title="bbox 373 4710 1955 4788">
     <span class='ocr_line' id='line_1_93' title="bbox 373 4710 1955 4788; baseline 0.004 -24"><span class='ocrx_word' id='word_1_732' title='bbox 373 4712 436 4776; x_wconf 56' lang='lat'>&gt;1:</span> <span class='ocrx_word' id='word_1_733' title='bbox 465 4711 528 4764; x_wconf 92' lang='lat' dir='ltr'>P.</span> <span class='ocrx_word' id='word_1_734' title='bbox 561 4711 666 4764; x_wconf 75' lang='grc'>422</span> <span class='ocrx_word' id='word_1_735' title='bbox 696 4710 808 4764; x_wconf 87' lang='grc' dir='ltr'><strong>ΕΙ).</strong></span> <span class='ocrx_word' id='word_1_736' title='bbox 841 4711 1133 4780; x_wconf 83' lang='lat' dir='ltr'>POTTER,</span> <span class='ocrx_word' id='word_1_737' title='bbox 1167 4712 1272 4766; x_wconf 83' lang='lat'>352</span> <span class='ocrx_word' id='word_1_738' title='bbox 1306 4714 1413 4768; x_wconf 85' lang='grc' dir='ltr'>ΕΙ).</span> <span class='ocrx_word' id='word_1_739' title='bbox 1447 4716 1676 4770; x_wconf 79' lang='lat' dir='ltr'>PARIS.</span> <span class='ocrx_word' id='word_1_740' title='bbox 1754 4718 1831 4788; x_wconf 88' lang='lat' dir='ltr'>(a)</span> <span class='ocrx_word' id='word_1_741' title='bbox 1862 4718 1955 4772; x_wconf 87' lang='lat' dir='ltr'>Joa</span> 
     </span>
    </p>
   </div>
   <div class='ocr_carea' id='block_1_94' title="bbox 2070 4710 2226 4788">
    <p class='ocr_par' dir='ltr' id='par_1_94' title="bbox 2070 4717 2226 4783">
     <span class='ocr_line' id='line_1_94' title="bbox 2070 4717 2226 4783; baseline -0.019 -11"><span class='ocrx_word' id='word_1_742' title='bbox 2070 4734 2112 4783; x_wconf 75' lang='grc' dir='ltr'>ε,</span> <span class='ocrx_word' id='word_1_743' title='bbox 2143 4717 2226 4771; x_wconf 88' lang='grc'>16.</span> 
     </span>
    </p>
   </div>
   <div class='ocr_carea' id='block_1_95' title="bbox 299 4836 1955 4918">
    <p class='ocr_par' dir='ltr' id='par_1_95' title="bbox 299 4836 1955 4918">
     <span class='ocr_line' id='line_1_95' title="bbox 299 4836 1955 4918; baseline 0.006 -24"><span class='ocrx_word' id='word_1_744' title='bbox 299 4836 550 4918; x_wconf 60' lang='grc' dir='ltr'>πρόῆατα</span> <span class='ocrx_word' id='word_1_745' title='bbox 584 4838 732 4918; x_wconf 53' lang='grc' dir='ltr'>ἔχω,</span> <span class='ocrx_word' id='word_1_746' title='bbox 765 4841 796 4896; x_wconf 78' lang='grc' dir='ltr'>ἃ</span> <span class='ocrx_word' id='word_1_747' title='bbox 826 4842 926 4898; x_wconf 78' lang='grc' dir='ltr'>οὑκ</span> <span class='ocrx_word' id='word_1_748' title='bbox 973 4838 1114 4918; x_wconf 78' lang='grc' dir='ltr'>ἔστιν</span> <span class='ocrx_word' id='word_1_749' title='bbox 1150 4844 1209 4900; x_wconf 80' lang='grc' dir='ltr'>ἐκ</span> <span class='ocrx_word' id='word_1_750' title='bbox 1237 4853 1338 4914; x_wconf 86' lang='grc' dir='ltr'>τῆς</span> <span class='ocrx_word' id='word_1_751' title='bbox 1363 4845 1537 4916; x_wconf 77' lang='grc' dir='ltr'>αὐλῆς</span> <span class='ocrx_word' id='word_1_752' title='bbox 1584 4849 1806 4918; x_wconf 87' lang='grc' dir='ltr'>ταύτης⁶</span> <span class='ocrx_word' id='word_1_753' title='bbox 1855 4849 1955 4904; x_wconf 84' lang='grc' dir='ltr'>κά-</span> 
     </span>
    </p>
   </div>
   <div class='ocr_carea' id='block_1_96' title="bbox 295 4909 1951 5013">
    <p class='ocr_par' dir='ltr' id='par_1_96' title="bbox 295 4909 1951 5013">
     <span class='ocr_line' id='line_1_96' title="bbox 295 4909 1951 5013; baseline 0.005 -47"><span class='ocrx_word' id='word_1_754' title='bbox 295 4909 451 5006; x_wconf 59' lang='grc' dir='ltr'>κεῖνά</span> <span class='ocrx_word' id='word_1_755' title='bbox 483 4933 552 5013; x_wconf 51' lang='grc' dir='ltr'>με</span> <span class='ocrx_word' id='word_1_756' title='bbox 581 4909 663 4968; x_wconf 72' lang='grc' dir='ltr'>δεῖ</span> <span class='ocrx_word' id='word_1_757' title='bbox 693 4914 931 5007; x_wconf 78' lang='grc' dir='ltr'>ἀγαγεῖν,</span> <span class='ocrx_word' id='word_1_758' title='bbox 963 4916 1054 5008; x_wconf 62' lang='grc' dir='ltr'>καὶ</span> <span class='ocrx_word' id='word_1_759' title='bbox 1090 4924 1192 4986; x_wconf 86' lang='grc' dir='ltr'>τῆς</span> <span class='ocrx_word' id='word_1_760' title='bbox 1243 4909 1428 5013; x_wconf 50' lang='lat' dir='ltr'>(fulvi):</span> <span class='ocrx_word' id='word_1_761' title='bbox 1482 4909 1587 4992; x_wconf 83' lang='grc' dir='ltr'>μου</span> <span class='ocrx_word' id='word_1_762' title='bbox 1638 4909 1951 4976; x_wconf 77' lang='grc' dir='ltr'>ἀκούσουσι·</span> 
     </span>
     <span class='ocr_line' id='line_1_97' title="bbox 297 4994 1920 5013; baseline 0 0"><span class='ocrx_word' id='word_1_763' title='bbox 297 5005 384 5013; x_wconf 67' lang='grc' dir='ltr'><strong>-ΑΔΙ-</strong></span> <span class='ocrx_word' id='word_1_764' title='bbox 423 5005 514 5013; x_wconf 64' lang='grc' dir='ltr'>..Α.Δ</span> <span class='ocrx_word' id='word_1_765' title='bbox 565 5005 704 5013; x_wconf 67' lang='grc' dir='ltr'>--.-Α..</span> <span class='ocrx_word' id='word_1_766' title='bbox 763 5007 856 5013; x_wconf 56' lang='grc' dir='ltr'>---μ</span> <span class='ocrx_word' id='word_1_767' title='bbox 907 5007 1106 5013; x_wconf 59' lang='grc' dir='ltr'>-Α.,-,.--</span> <span class='ocrx_word' id='word_1_768' title='bbox 1185 5010 1251 5013; x_wconf 78' lang='grc'>----</span> <span class='ocrx_word' id='word_1_769' title='bbox 1335 5011 1348 5013; x_wconf 85' lang='lat'>_</span> <span class='ocrx_word' id='word_1_770' title='bbox 1392 5011 1404 5013; x_wconf 89' lang='lat'>_</span> <span class='ocrx_word' id='word_1_771' title='bbox 1491 5012 1520 5013; x_wconf 30' lang='grc' dir='ltr'>γε</span> <span class='ocrx_word' id='word_1_772' title='bbox 1626 4994 1640 5013; x_wconf 77' lang='grc' dir='ltr'><strong><em>Ι</em></strong></span> <span class='ocrx_word' id='word_1_773' title='bbox 1753 4995 1920 5013; x_wconf 55' lang='lat' dir='ltr'>&quot;_‘A‘,</span> 
     </span>
    </p>
   </div>
   <div class='ocr_carea' id='block_1_97' title="bbox 297 4985 1953 5063">
    <p class='ocr_par' dir='ltr' id='par_1_97' title="bbox 297 4985 1953 5063">
     <span class='ocr_line' id='line_1_98' title="bbox 297 4985 1953 5063; baseline 0.005 -23"><span class='ocrx_word' id='word_1_774' title='bbox 297 4985 388 5040; x_wconf 84' lang='grc' dir='ltr'>καὶ</span> <span class='ocrx_word' id='word_1_775' title='bbox 423 4985 709 5063; x_wconf 62' lang='grc' dir='ltr'>γενήσεται</span> <span class='ocrx_word' id='word_1_776' title='bbox 739 4985 857 5063; x_wconf 72' lang='grc' dir='ltr'>’μία</span> <span class='ocrx_word' id='word_1_777' title='bbox 904 4985 1274 5063; x_wconf 29' lang='grc' dir='ltr'>ποίμνημκαὶ</span> <span class='ocrx_word' id='word_1_778' title='bbox 1331 4985 1404 5050; x_wconf 78' lang='grc' dir='ltr'>είς</span> <span class='ocrx_word' id='word_1_779' title='bbox 1462 4985 1694 5063; x_wconf 73' lang='grc' dir='ltr'>ποιμήν.</span> <span class='ocrx_word' id='word_1_780' title='bbox 1753 4995 1953 5063; x_wconf 74' lang='lat' dir='ltr'>Matth.</span> 
     </span>
    </p>
   </div>
   <div class='ocr_carea' id='block_1_98' title="bbox 294 5057 1953 5137">
    <p class='ocr_par' dir='ltr' id='par_1_98' title="bbox 294 5057 1953 5137">
     <span class='ocr_line' id='line_1_99' title="bbox 294 5057 1953 5137; baseline 0.004 -24"><span class='ocrx_word' id='word_1_781' title='bbox 294 5057 452 5137; x_wconf 60' lang='lat' dir='ltr'>xvi&quot;,</span> <span class='ocrx_word' id='word_1_782' title='bbox 468 5062 584 5137; x_wconf 42' lang='lat'>‘12:</span> <span class='ocrx_word' id='word_1_783' title='bbox 775 5057 1127 5137; x_wconf 36' lang='grc' dir='ltr'>γενηταίίτινι</span> <span class='ocrx_word' id='word_1_784' title='bbox 1152 5061 1432 5137; x_wconf 75' lang='grc' dir='ltr'>ἀνθρώπῳ</span> <span class='ocrx_word' id='word_1_785' title='bbox 1463 5057 1651 5137; x_wconf 69' lang='grc' dir='ltr'>ἑκατὸν</span> <span class='ocrx_word' id='word_1_786' title='bbox 1685 5061 1953 5137; x_wconf 78' lang='grc' dir='ltr'>πρόϐατα,</span> 
     </span>
    </p>
   </div>
   <div class='ocr_carea' id='block_1_99' title="bbox 293 5115 1957 5217">
    <p class='ocr_par' dir='ltr' id='par_1_99' title="bbox 293 5115 1957 5217">
     <span class='ocr_line' id='line_1_100' title="bbox 293 5115 1957 5217; baseline 0.004 -33"><span class='ocrx_word' id='word_1_787' title='bbox 293 5127 403 5217; x_wconf 44' lang='grc' dir='ltr'>καὶ,</span> <span class='ocrx_word' id='word_1_788' title='bbox 423 5115 675 5217; x_wconf 58' lang='grc' dir='ltr'>πλξινῃθῇ</span> <span class='ocrx_word' id='word_1_789' title='bbox 705 5125 760 5217; x_wconf 55' lang='grc' dir='ltr'>’ἐν</span> <span class='ocrx_word' id='word_1_790' title='bbox 875 5115 1239 5217; x_wconf 34' lang='lat' dir='ltr'>iamnon:</span> <span class='ocrx_word' id='word_1_791' title='bbox 1261 5115 1425 5206; x_wconf 46' lang='lat' dir='ltr'>sdigni;</span> <span class='ocrx_word' id='word_1_792' title='bbox 1461 5135 1529 5217; x_wconf 68' lang='grc' dir='ltr'>τά</span> <span class='ocrx_word' id='word_1_793' title='bbox 1576 5115 1957 5206; x_wconf 67' lang='grc' dir='ltr'>ὲννενῆκοντα-ἰ</span> 
     </span>
    </p>
   </div>
   <div class='ocr_carea' id='block_1_100' title="bbox 297 5199 1847 5282">
    <p class='ocr_par' dir='ltr' id='par_1_100' title="bbox 297 5199 1847 5282">
     <span class='ocr_line' id='line_1_101' title="bbox 297 5199 1847 5282; baseline 0.005 -28"><span class='ocrx_word' id='word_1_794' title='bbox 297 5200 466 5282; x_wconf 40' lang='grc' dir='ltr'>εννέΑα,</span> <span class='ocrx_word' id='word_1_795' title='bbox 499 5199 681 5282; x_wconf 45' lang='grc' dir='ltr'>ἐπὶ.τᾶ</span> <span class='ocrx_word' id='word_1_796' title='bbox 711 5199 813 5282; x_wconf 61' lang='grc' dir='ltr'>ξρη</span> <span class='ocrx_word' id='word_1_797' title='bbox 833 5199 1156 5282; x_wconf 44' lang='grc' dir='ltr'>πορευθεὶς,</span> <span class='ocrx_word' id='word_1_798' title='bbox 1183 5199 1344 5276; x_wconf 73' lang='grc' dir='ltr'>’ξητεῖ</span> <span class='ocrx_word' id='word_1_799' title='bbox 1366 5207 1432 5282; x_wconf 69' lang='grc' dir='ltr'>τὸ</span> <span class='ocrx_word' id='word_1_800' title='bbox 1463 5199 1847 5282; x_wconf 61' lang='grc' dir='ltr'>πλαλώμενον,</span> 
     </span>
    </p>
   </div>
   <div class='ocr_carea' id='block_1_101' title="bbox 371 5270 1574 5352">
    <p class='ocr_par' dir='ltr' id='par_1_101' title="bbox 371 5270 1574 5352">
     <span class='ocr_line' id='line_1_102' title="bbox 371 5270 1574 5352; baseline 0.007 -27"><span class='ocrx_word' id='word_1_801' title='bbox 518 5270 815 5352; x_wconf 20' lang='grc' dir='ltr'>Βγούλεσθεέ</span> <span class='ocrx_word' id='word_1_802' title='bbox 835 5270 1574 5352; x_wconf 63' lang='grc' dir='ltr'>Ξοΐὶὺθῃᾲαηῇβούλεσθαι.</span> 
     </span>
    </p>
   </div>
   <div class='ocr_carea' id='block_1_102' title="bbox 371 5347 1956 5423">
    <p class='ocr_par' dir='ltr' id='par_1_102' title="bbox 371 5347 1956 5423">
     <span class='ocr_line' id='line_1_103' title="bbox 371 5347 1956 5423; baseline 0.006 -24"><span class='ocrx_word' id='word_1_803' title='bbox 371 5347 708 5423; x_wconf 47' lang='grc' dir='ltr'>(θιχΜῳσῆ,</span> <span class='ocrx_word' id='word_1_804' title='bbox 771 5349 836 5403; x_wconf 88' lang='grc' dir='ltr'>Η.</span> <span class='ocrx_word' id='word_1_805' title='bbox 862 5365 995 5423; x_wconf 69' lang='lat' dir='ltr'>_ms.</span> <span class='ocrx_word' id='word_1_806' title='bbox 1058 5347 1322 5420; x_wconf 75' lang='grc' dir='ltr'>Μωϋσῆν,</span> <span class='ocrx_word' id='word_1_807' title='bbox 1374 5352 1672 5423; x_wconf 87' lang='lat' dir='ltr'>usitatius,</span> <span class='ocrx_word' id='word_1_808' title='bbox 1733 5359 1792 5409; x_wconf 89' lang='lat' dir='ltr'>et</span> <span class='ocrx_word' id='word_1_809' title='bbox 1819 5371 1956 5408; x_wconf 85' lang='lat' dir='ltr'>mox</span> 
     </span>
    </p>
   </div>
   <div class='ocr_carea' id='block_1_103' title="bbox 298 5415 1017 5490">
    <p class='ocr_par' dir='ltr' id='par_1_103' title="bbox 298 5415 1017 5490">
     <span class='ocr_line' id='line_1_104' title="bbox 298 5415 1017 5490; baseline 0.008 -22"><span class='ocrx_word' id='word_1_810' title='bbox 298 5420 541 5490; x_wconf 84' lang='grc' dir='ltr'>συνεχῶς</span> <span class='ocrx_word' id='word_1_811' title='bbox 574 5415 822 5490; x_wconf 82' lang='grc' dir='ltr'>ἀπιόντα.</span> <span class='ocrx_word' id='word_1_812' title='bbox 856 5419 1017 5474; x_wconf 70' lang='grc' dir='ltr'>εγω.</span> 
     </span>
    </p>
   </div>
   <div class='ocr_carea' id='block_1_104' title="bbox 368 5487 1954 5558">
    <p class='ocr_par' dir='ltr' id='par_1_104' title="bbox 368 5487 1954 5558">
     <span class='ocr_line' id='line_1_105' title="bbox 368 5487 1954 5558; baseline 0.006 -16"><span class='ocrx_word' id='word_1_813' title='bbox 368 5487 483 5558; x_wconf 76' lang='lat'>(62)</span> <span class='ocrx_word' id='word_1_814' title='bbox 535 5487 828 5545; x_wconf 78' lang='grc' dir='ltr'>Ζάλευκον.</span> <span class='ocrx_word' id='word_1_815' title='bbox 892 5491 1158 5548; x_wconf 82' lang='lat' dir='ltr'>Valerius</span> <span class='ocrx_word' id='word_1_816' title='bbox 1213 5494 1543 5549; x_wconf 85' lang='lat' dir='ltr'>Maximus:</span> <span class='ocrx_word' id='word_1_817' title='bbox 1599 5517 1628 5544; x_wconf 86' lang='grc'><em>‹‹</em></span> <span class='ocrx_word' id='word_1_818' title='bbox 1673 5497 1954 5551; x_wconf 87' lang='lat' dir='ltr'>Zaleucus</span> 
     </span>
    </p>
   </div>
   <div class='ocr_carea' id='block_1_105' title="bbox 303 5559 1954 5634">
    <p class='ocr_par' dir='ltr' id='par_1_105' title="bbox 303 5559 1954 5634">
     <span class='ocr_line' id='line_1_106' title="bbox 303 5559 1954 5634; baseline 0.003 -19"><span class='ocrx_word' id='word_1_819' title='bbox 303 5559 419 5634; x_wconf 77' lang='lat' dir='ltr'>sub</span> <span class='ocrx_word' id='word_1_820' title='bbox 437 5562 677 5634; x_wconf 79' lang='lat' dir='ltr'>nomine</span> <span class='ocrx_word' id='word_1_821' title='bbox 697 5563 977 5634; x_wconf 60' lang='lat' dir='ltr'>Minerva</span> <span class='ocrx_word' id='word_1_822' title='bbox 991 5565 1491 5634; x_wconf 86' lang='lat' dir='ltr'>prudentissimus</span> <span class='ocrx_word' id='word_1_823' title='bbox 1512 5566 1750 5622; x_wconf 88' lang='lat' dir='ltr'>habitus</span> <span class='ocrx_word' id='word_1_824' title='bbox 1781 5573 1889 5621; x_wconf 88' lang='lat' dir='ltr'>est.</span> <span class='ocrx_word' id='word_1_825' title='bbox 1925 5590 1954 5615; x_wconf 86' lang='grc'><strong>››</strong></span> 
     </span>
    </p>
   </div>
   <div class='ocr_carea' id='block_1_106' title="bbox 375 5629 1953 5711">
    <p class='ocr_par' dir='ltr' id='par_1_106' title="bbox 375 5629 1953 5711">
     <span class='ocr_line' id='line_1_107' title="bbox 375 5629 1953 5711; baseline 0.004 -28"><span class='ocrx_word' id='word_1_826' title='bbox 375 5632 484 5702; x_wconf 82' lang='grc'>(63)</span> <span class='ocrx_word' id='word_1_827' title='bbox 514 5637 714 5706; x_wconf 86' lang='grc' dir='ltr'>Ψυχῆς</span> <span class='ocrx_word' id='word_1_828' title='bbox 748 5631 804 5686; x_wconf 80' lang='grc' dir='ltr'>δὶ</span> <span class='ocrx_word' id='word_1_829' title='bbox 837 5629 1070 5696; x_wconf 73' lang='grc' dir='ltr'>ἀδικίας.</span> <span class='ocrx_word' id='word_1_830' title='bbox 1133 5637 1588 5709; x_wconf 87' lang='lat' dir='ltr'>Congruentius,</span> <span class='ocrx_word' id='word_1_831' title='bbox 1621 5637 1710 5693; x_wconf 90' lang='lat' dir='ltr'>vel</span> <span class='ocrx_word' id='word_1_832' title='bbox 1767 5637 1953 5711; x_wconf 79' lang='grc' dir='ltr'>ψυχὴν</span> 
     </span>
    </p>
   </div>
   <div class='ocr_carea' id='block_1_107' title="bbox 2066 4511 3720 4577">
    <p class='ocr_par' dir='ltr' id='par_1_107' title="bbox 2066 4511 3720 4577">
     <span class='ocr_line' id='line_1_108' title="bbox 2066 4511 3720 4577; baseline 0.001 -11"><span class='ocrx_word' id='word_1_833' title='bbox 2066 4517 2306 4568; x_wconf 89' lang='lat' dir='ltr'>vocatur</span> <span class='ocrx_word' id='word_1_834' title='bbox 2333 4518 2392 4566; x_wconf 90' lang='lat' dir='ltr'>et</span> <span class='ocrx_word' id='word_1_835' title='bbox 2421 4511 2688 4566; x_wconf 90' lang='lat' dir='ltr'>medicus</span> <span class='ocrx_word' id='word_1_836' title='bbox 2721 4536 2734 4577; x_wconf 85' lang='lat'><strong>;</strong></span> <span class='ocrx_word' id='word_1_837' title='bbox 2769 4512 2996 4567; x_wconf 90' lang='lat' dir='ltr'>etidem</span> <span class='ocrx_word' id='word_1_838' title='bbox 3023 4529 3130 4568; x_wconf 91' lang='lat' dir='ltr'>nec</span> <span class='ocrx_word' id='word_1_839' title='bbox 3153 4531 3220 4567; x_wconf 86' lang='lat' dir='ltr'>ex</span> <span class='ocrx_word' id='word_1_840' title='bbox 3253 4512 3495 4577; x_wconf 89' lang='lat' dir='ltr'>invidia,</span> <span class='ocrx_word' id='word_1_841' title='bbox 3519 4531 3627 4568; x_wconf 88' lang='lat' dir='ltr'>nec</span> <span class='ocrx_word' id='word_1_842' title='bbox 3652 4529 3720 4568; x_wconf 84' lang='lat' dir='ltr'>ex</span> 
     </span>
    </p>
   </div>
   <div class='ocr_carea' id='block_1_108' title="bbox 2067 4601 3720 4674">
    <p class='ocr_par' dir='ltr' id='par_1_108' title="bbox 2067 4601 3720 4674">
     <span class='ocr_line' id='line_1_109' title="bbox 2067 4601 3720 4674; baseline 0.002 -18"><span class='ocrx_word' id='word_1_843' title='bbox 2067 4601 2202 4656; x_wconf 92' lang='lat' dir='ltr'>odio</span> <span class='ocrx_word' id='word_1_844' title='bbox 2230 4602 2292 4657; x_wconf 91' lang='lat' dir='ltr'>in</span> <span class='ocrx_word' id='word_1_845' title='bbox 2323 4606 2628 4673; x_wconf 77' lang='lat' dir='ltr'>aegrotum,</span> <span class='ocrx_word' id='word_1_846' title='bbox 2665 4601 2766 4656; x_wconf 90' lang='lat' dir='ltr'>sed</span> <span class='ocrx_word' id='word_1_847' title='bbox 2788 4601 2932 4657; x_wconf 91' lang='lat' dir='ltr'>artis</span> <span class='ocrx_word' id='word_1_848' title='bbox 2955 4601 3216 4657; x_wconf 88' lang='lat' dir='ltr'>dictante</span> <span class='ocrx_word' id='word_1_849' title='bbox 3246 4604 3499 4671; x_wconf 88' lang='lat' dir='ltr'>ratione,</span> <span class='ocrx_word' id='word_1_850' title='bbox 3522 4610 3720 4674; x_wconf 90' lang='lat' dir='ltr'>partes</span> 
     </span>
    </p>
   </div>
   <div class='ocr_carea' id='block_1_109' title="bbox 2306 4717 3469 4788">
    <p class='ocr_par' dir='ltr' id='par_1_109' title="bbox 2306 4717 3469 4788">
     <span class='ocr_line' id='line_1_110' title="bbox 2306 4717 3469 4788; baseline 0.002 -17"><span class='ocrx_word' id='word_1_851' title='bbox 2306 4717 2380 4788; x_wconf 91' lang='lat' dir='ltr'>(b)</span> <span class='ocrx_word' id='word_1_852' title='bbox 2405 4717 2605 4772; x_wconf 88' lang='lat' dir='ltr'>Matth.</span> <span class='ocrx_word' id='word_1_853' title='bbox 2637 4734 2794 4785; x_wconf 87' lang='lat' dir='ltr'>xvm,</span> <span class='ocrx_word' id='word_1_854' title='bbox 2831 4721 2915 4773; x_wconf 85' lang='grc'>12.</span> <span class='ocrx_word' id='word_1_855' title='bbox 2993 4717 3065 4788; x_wconf 90' lang='lat' dir='ltr'>(c)</span> <span class='ocrx_word' id='word_1_856' title='bbox 3096 4719 3118 4770; x_wconf 90' lang='grc' dir='ltr'><strong>Ι</strong></span> <span class='ocrx_word' id='word_1_857' title='bbox 3149 4717 3276 4773; x_wconf 89' lang='lat' dir='ltr'>Cor.</span> <span class='ocrx_word' id='word_1_858' title='bbox 3311 4736 3346 4784; x_wconf 85' lang='grc' dir='ltr'>ι,</span> <span class='ocrx_word' id='word_1_859' title='bbox 3381 4721 3469 4774; x_wconf 79' lang='grc'>24.</span> 
     </span>
    </p>
   </div>
   <div class='ocr_carea' id='block_1_110' title="bbox 2069 4845 3719 4924">
    <p class='ocr_par' dir='ltr' id='par_1_110' title="bbox 2069 4845 3719 4924">
     <span class='ocr_line' id='line_1_111' title="bbox 2069 4845 3719 4924; baseline 0.004 -22"><span class='ocrx_word' id='word_1_860' title='bbox 2069 4845 2127 4902; x_wconf 76' lang='grc' dir='ltr'>δὲ</span> <span class='ocrx_word' id='word_1_861' title='bbox 2155 4845 2364 4910; x_wconf 82' lang='grc' dir='ltr'>ἀδικίας</span> <span class='ocrx_word' id='word_1_862' title='bbox 2396 4851 2487 4906; x_wconf 91' lang='lat' dir='ltr'>vel</span> <span class='ocrx_word' id='word_1_863' title='bbox 2534 4853 2720 4924; x_wconf 83' lang='grc' dir='ltr'>ψυχῆς</span> <span class='ocrx_word' id='word_1_864' title='bbox 2749 4847 2806 4904; x_wconf 72' lang='lat' dir='ltr'>8‘s</span> <span class='ocrx_word' id='word_1_865' title='bbox 2836 4848 3069 4924; x_wconf 54' lang='grc' dir='ltr'>ἀδικίαν,</span> <span class='ocrx_word' id='word_1_866' title='bbox 3101 4853 3386 4908; x_wconf 89' lang='lat' dir='ltr'>alterutro</span> <span class='ocrx_word' id='word_1_867' title='bbox 3419 4855 3479 4909; x_wconf 89' lang='lat' dir='ltr'>in</span> <span class='ocrx_word' id='word_1_868' title='bbox 3511 4871 3719 4909; x_wconf 81' lang='lat' dir='ltr'>accus-</span> 
     </span>
    </p>
   </div>
   <div class='ocr_carea' id='block_1_111' title="bbox 2068 4920 3720 5008">
    <p class='ocr_par' dir='ltr' id='par_1_111' title="bbox 2068 4920 3720 5008">
     <span class='ocr_line' id='line_1_112' title="bbox 2068 4920 3720 5008; baseline 0.003 -31"><span class='ocrx_word' id='word_1_869' title='bbox 2068 4938 2270 5004; x_wconf 76' lang='lat' dir='ltr'>casum</span> <span class='ocrx_word' id='word_1_870' title='bbox 2286 4939 2505 5008; x_wconf 54' lang='lat' dir='ltr'>‘verson:</span> <span class='ocrx_word' id='word_1_871' title='bbox 2672 4930 2829 4980; x_wconf 89' lang='lat' dir='ltr'>certe</span> <span class='ocrx_word' id='word_1_872' title='bbox 2851 4920 3063 5008; x_wconf 54' lang='grc' dir='ltr'>ἀξικίας</span> <span class='ocrx_word' id='word_1_873' title='bbox 3097 4925 3594 5008; x_wconf 50' lang='lat' dir='ltr'>plurali-numero</span> <span class='ocrx_word' id='word_1_874' title='bbox 3625 4944 3720 4982; x_wconf 86' lang='lat' dir='ltr'>ac-</span> 
     </span>
    </p>
   </div>
   <div class='ocr_carea' id='block_1_112' title="bbox 2067 4994 3721 5120">
    <p class='ocr_par' dir='ltr' id='par_1_112' title="bbox 2067 4994 3721 5120">
     <span class='ocr_line' id='line_1_113' title="bbox 2067 4994 3721 5120; baseline 0.004 -73"><span class='ocrx_word' id='word_1_875' title='bbox 2067 4994 2429 5120; x_wconf 55' lang='lat' dir='ltr'>Eiptiendum.</span> <span class='ocrx_word' id='word_1_876' title='bbox 2457 4994 2614 5049; x_wconf 92' lang='lat' dir='ltr'>Belle</span> <span class='ocrx_word' id='word_1_877' title='bbox 2639 4995 2754 5050; x_wconf 91' lang='lat' dir='ltr'>huc</span> <span class='ocrx_word' id='word_1_878' title='bbox 2771 4994 3287 5068; x_wconf 84' lang='lat' dir='ltr'>quadrant,inquit</span> <span class='ocrx_word' id='word_1_879' title='bbox 3307 4998 3373 5052; x_wconf 87' lang='grc' dir='ltr'>Η.</span> <span class='ocrx_word' id='word_1_880' title='bbox 3401 4998 3513 5053; x_wconf 90' lang='lat' dir='ltr'>ista</span> <span class='ocrx_word' id='word_1_881' title='bbox 3533 5005 3721 5070; x_wconf 63' lang='lat' dir='ltr'>poetae</span> 
     </span>
     <span class='ocr_line' id='line_1_114' title="bbox 2110 5081 3435 5119; baseline 0 0"><span class='ocrx_word' id='word_1_882' title='bbox 2110 5081 2143 5119; x_wconf 74' lang='grc' dir='ltr'>ιι</span> <span class='ocrx_word' id='word_1_883' title='bbox 2172 5082 2255 5119; x_wconf 83' lang='lat' dir='ltr'>1m</span> <span class='ocrx_word' id='word_1_884' title='bbox 2281 5083 2294 5119; x_wconf 91' lang='lat'><strong>:</strong></span> <span class='ocrx_word' id='word_1_885' title='bbox 3429 5110 3435 5119; x_wconf 95' lang='lat'><em>.</em></span> 
     </span>
    </p>
   </div>
   <div class='ocr_carea' id='block_1_113' title="bbox 2178 5172 3479 5247">
    <p class='ocr_par' dir='ltr' id='par_1_113' title="bbox 2178 5172 3479 5247">
     <span class='ocr_line' id='line_1_115' title="bbox 2178 5172 3479 5247; baseline 0.003 -19"><span class='ocrx_word' id='word_1_886' title='bbox 2178 5173 2245 5228; x_wconf 81' lang='lat' dir='ltr'>Ut</span> <span class='ocrx_word' id='word_1_887' title='bbox 2273 5172 2454 5247; x_wconf 74' lang='lat' dir='ltr'>valeat</span> <span class='ocrx_word' id='word_1_888' title='bbox 2476 5191 2693 5247; x_wconf 80' lang='lat' dir='ltr'>corpus,</span> <span class='ocrx_word' id='word_1_889' title='bbox 2723 5178 2935 5245; x_wconf 78' lang='lat' dir='ltr'>ferrum</span> <span class='ocrx_word' id='word_1_890' title='bbox 2961 5180 3193 5246; x_wconf 80' lang='lat' dir='ltr'>patieris</span> <span class='ocrx_word' id='word_1_891' title='bbox 3225 5182 3275 5232; x_wconf 81' lang='lat' dir='ltr'>et</span> <span class='ocrx_word' id='word_1_892' title='bbox 3305 5179 3479 5247; x_wconf 85' lang='lat' dir='ltr'>ignes,</span> 
     </span>
    </p>
   </div>
   <div class='ocr_carea' id='block_1_114' title="bbox 2242 5246 3352 5319">
    <p class='ocr_par' dir='ltr' id='par_1_114' title="bbox 2242 5246 3352 5319">
     <span class='ocr_line' id='line_1_116' title="bbox 2242 5246 3352 5319; baseline 0.002 -19"><span class='ocrx_word' id='word_1_893' title='bbox 2242 5246 2422 5319; x_wconf 69' lang='lat' dir='ltr'>Aricia</span> <span class='ocrx_word' id='word_1_894' title='bbox 2451 5264 2549 5302; x_wconf 85' lang='lat' dir='ltr'>nec</span> <span class='ocrx_word' id='word_1_895' title='bbox 2579 5246 2769 5304; x_wconf 82' lang='lat' dir='ltr'>sitiens</span> <span class='ocrx_word' id='word_1_896' title='bbox 2800 5264 2899 5302; x_wconf 84' lang='lat' dir='ltr'>ora</span> <span class='ocrx_word' id='word_1_897' title='bbox 2928 5249 3136 5319; x_wconf 85' lang='lat' dir='ltr'>rigabis</span> <span class='ocrx_word' id='word_1_898' title='bbox 3163 5266 3310 5318; x_wconf 88' lang='lat' dir='ltr'>aqua</span> <span class='ocrx_word' id='word_1_899' title='bbox 3335 5246 3352 5302; x_wconf 63' lang='grc' dir='ltr'><strong>ζ·</strong></span> 
     </span>
    </p>
   </div>
   <div class='ocr_carea' id='block_1_115' title="bbox 2191 5316 3583 5390">
    <p class='ocr_par' dir='ltr' id='par_1_115' title="bbox 2191 5316 3583 5390">
     <span class='ocr_line' id='line_1_117' title="bbox 2191 5316 3583 5390; baseline 0.001 -21"><span class='ocrx_word' id='word_1_900' title='bbox 2191 5316 2259 5369; x_wconf 91' lang='lat' dir='ltr'>Ut</span> <span class='ocrx_word' id='word_1_901' title='bbox 2287 5317 2469 5373; x_wconf 82' lang='lat' dir='ltr'>valeas</span> <span class='ocrx_word' id='word_1_902' title='bbox 2494 5321 2697 5385; x_wconf 85' lang='lat' dir='ltr'>animo,</span> <span class='ocrx_word' id='word_1_903' title='bbox 2727 5316 3030 5390; x_wconf 74' lang='lat' dir='ltr'>quidquam</span> <span class='ocrx_word' id='word_1_904' title='bbox 3062 5316 3298 5375; x_wconf 61' lang='lat' dir='ltr'>tolerare</span> <span class='ocrx_word' id='word_1_905' title='bbox 3329 5334 3535 5374; x_wconf 86' lang='lat' dir='ltr'>recuses</span> <span class='ocrx_word' id='word_1_906' title='bbox 3556 5322 3583 5372; x_wconf 85' lang='lat'><strong><em>?</em></strong></span> 
     </span>
    </p>
   </div>
   <div class='ocr_carea' id='block_1_116' title="bbox 2243 5389 3555 5462">
    <p class='ocr_par' dir='ltr' id='par_1_116' title="bbox 2243 5389 3555 5462">
     <span class='ocr_line' id='line_1_118' title="bbox 2243 5389 3555 5462; baseline 0 -20"><span class='ocrx_word' id='word_1_907' title='bbox 2243 5390 2319 5443; x_wconf 84' lang='lat' dir='ltr'>At</span> <span class='ocrx_word' id='word_1_908' title='bbox 2338 5407 2474 5459; x_wconf 84' lang='lat' dir='ltr'>pars</span> <span class='ocrx_word' id='word_1_909' title='bbox 2504 5391 2618 5446; x_wconf 66' lang='lat' dir='ltr'>hac</span> <span class='ocrx_word' id='word_1_910' title='bbox 2647 5389 2891 5460; x_wconf 75' lang='lat' dir='ltr'>pretium</span> <span class='ocrx_word' id='word_1_911' title='bbox 2921 5408 3150 5462; x_wconf 87' lang='lat' dir='ltr'>corpore</span> <span class='ocrx_word' id='word_1_912' title='bbox 3179 5393 3364 5461; x_wconf 82' lang='lat' dir='ltr'>majus</span> <span class='ocrx_word' id='word_1_913' title='bbox 3395 5389 3555 5444; x_wconf 83' lang='lat' dir='ltr'>habet</span> 
     </span>
    </p>
   </div>
   <div class='ocr_carea' id='block_1_117' title="bbox 2068 5493 3723 5563">
    <p class='ocr_par' dir='ltr' id='par_1_117' title="bbox 2068 5493 3723 5563">
     <span class='ocr_line' id='line_1_119' title="bbox 2068 5493 3723 5563; baseline -0.004 -9"><span class='ocrx_word' id='word_1_914' title='bbox 2068 5501 2233 5554; x_wconf 81' lang='lat' dir='ltr'>SYLB.</span> <span class='ocrx_word' id='word_1_915' title='bbox 2283 5498 2564 5554; x_wconf 88' lang='lat' dir='ltr'>Eamdem</span> <span class='ocrx_word' id='word_1_916' title='bbox 2614 5497 3066 5553; x_wconf 88' lang='lat' dir='ltr'>similitudinem</span> <span class='ocrx_word' id='word_1_917' title='bbox 3127 5498 3187 5551; x_wconf 92' lang='lat' dir='ltr'>in</span> <span class='ocrx_word' id='word_1_918' title='bbox 3235 5497 3543 5563; x_wconf 74' lang='lat' dir='ltr'>Pmdagogo</span> <span class='ocrx_word' id='word_1_919' title='bbox 3591 5493 3723 5547; x_wconf 83' lang='lat' dir='ltr'>Cle-</span> 
     </span>
    </p>
   </div>
   <div class='ocr_carea' id='block_1_118' title="bbox 2069 5565 3717 5640">
    <p class='ocr_par' dir='ltr' id='par_1_118' title="bbox 2069 5565 3717 5640">
     <span class='ocr_line' id='line_1_120' title="bbox 2069 5565 3717 5640; baseline -0.005 -16"><span class='ocrx_word' id='word_1_920' title='bbox 2069 5586 2264 5632; x_wconf 86' lang='lat' dir='ltr'>mens,</span> <span class='ocrx_word' id='word_1_921' title='bbox 2312 5577 2369 5624; x_wconf 94' lang='lat' dir='ltr'>et</span> <span class='ocrx_word' id='word_1_922' title='bbox 2409 5571 2468 5624; x_wconf 88' lang='lat' dir='ltr'>in</span> <span class='ocrx_word' id='word_1_923' title='bbox 2520 5569 2812 5640; x_wconf 89' lang='lat' dir='ltr'>principio</span> <span class='ocrx_word' id='word_1_924' title='bbox 2854 5575 3146 5639; x_wconf 85' lang='grc' dir='ltr'>Θεραπευτ.</span> <span class='ocrx_word' id='word_1_925' title='bbox 3198 5567 3263 5632; x_wconf 85' lang='grc' dir='ltr'>α’,</span> <span class='ocrx_word' id='word_1_926' title='bbox 3315 5565 3717 5620; x_wconf 86' lang='lat' dir='ltr'>Theodoretus</span> 
     </span>
    </p>
   </div>
   <div class='ocr_carea' id='block_1_119' title="bbox 2070 5641 2740 5712">
    <p class='ocr_par' dir='ltr' id='par_1_119' title="bbox 2070 5641 2740 5712">
     <span class='ocr_line' id='line_1_121' title="bbox 2070 5641 2740 5712; baseline 0 -18"><span class='ocrx_word' id='word_1_927' title='bbox 2070 5641 2249 5696; x_wconf 89' lang='lat' dir='ltr'>latius</span> <span class='ocrx_word' id='word_1_928' title='bbox 2279 5646 2740 5712; x_wconf 87' lang='lat' dir='ltr'>persequuntur.</span> 
     </span>
    </p>
   </div>
  </div>
