4044 6154
313 301 420 358 919

1540 292 1950 349 ΟΒΕΜΕΝἸἾΒ
1985 289 2484 350 ALEXANDle

3613 285 3719 341 920

311 430 540 500 aliquas
560 423 867 490 rescindit,
899 437 974 476 ne
1018 435 1178 476 sanaa
1209 425 1408 490 partes
1430 435 1546 473 una
1577 435 1713 473 cum
1745 418 1830 472 eis
1863 417 1954 470 in-

2106 413 2186 468 ινᾶ
2213 414 2557 489 ἀποτέμνων,
2603 415 2681 477 ὡς
2730 416 2807 488 μὴ
2849 415 2918 470 τὰ
2967 411 3276 488 ὑγιαίνοντα
3321 408 3721 488 συνδιαφθείρε-

311 523 545 575 tereant
569 535 582 584 ;
608 532 716 570 nec
740 520 938 567 tamen
971 511 1105 580 quis
1129 508 1340 563 medici
1364 513 1553 562 artem
1575 507 1845 562 criminis
1867 523 1965 561 ar-

311 609 504 682 guerit
529 624 540 660 :
564 605 776 660 anima:
797 607 993 656 autem
1017 601 1224 671 gratia,
1249 615 1368 652 non
1393 597 1670 652 similiter
1691 596 1966 652 tolerabi-

314 715 447 752 mus
481 702 582 750 aut
613 690 844 752 exsilia,
867 696 968 744 aut
999 689 1274 754 mulctas,
1307 692 1408 742 aut
1435 687 1692 753 vincula,
1715 687 1763 740 si
1787 686 1964 740 modo

315 786 449 856 quis
477 801 546 838 ex
570 779 864 852 injustitia
887 780 964 833 sit
987 775 1394 832 restituendus
1416 776 1476 832 in
1495 776 1787 845 justitiam
1809 775 1836 829 ‘?
1852 776 1967 830 Lex

320 870 481 926 enim
507 883 734 932 eorum,
760 867 859 936 qui
881 865 932 919 ei
955 871 1186 936 parent,
1210 881 1412 919 curam
1435 880 1665 936 gerens,
1691 863 1765 918 ad
1787 862 1967 934 pieta-

316 965 436 1014 tem
461 959 523 1011 in
547 958 732 1010 Deum
755 954 1033 1012 instituit.
1049 959 1109 1007 et
1129 953 1312 1007 dictat
1329 970 1416 1019 ea,
1438 969 1569 1023 quae
1588 959 1729 1008 sunt
1744 952 1969 1008 facien-

316 1049 410 1117 da,
458 1053 517 1101 et
554 1045 864 1117 propulsat
893 1042 1362 1113 unumquodque
1391 1049 1722 1113 peccatum,
1765 1058 1968 1113 pcenas

318 1140 636 1208 imponens
669 1135 846 1188 etiam
896 1133 968 1186 iis
1022 1148 1152 1202 quas
1185 1137 1325 1186 sunt
1371 1132 1624 1187 minora.
1676 1133 1820 1186 Cum
1865 1148 1972 1186 au-

321 1234 442 1282 tem
475 1224 687 1278 viderit
712 1223 974 1293 aliquem
1007 1223 1087 1276 ita
1117 1237 1178 1275 se
1211 1220 1451 1287 habere,
1476 1227 1542 1275 ut
1560 1220 1828 1276 videatur
1859 1221 1972 1275 im-

320 1313 718 1378 medicabilis,
772 1317 975 1382 utpote
1020 1311 1121 1382 qui
1170 1311 1244 1365 ad
1291 1317 1614 1365 extremam
1665 1317 1972 1382 provectus

322 1407 398 1461 sit
428 1402 783 1474 injustitiam
811 1418 822 1454 :
876 1407 1016 1456 tunc
1061 1400 1314 1455 aliorum
1346 1401 1472 1472 jam
1505 1417 1707 1455 curam
1738 1417 1973 1472 gerens,

323 1509 398 1548 ne
450 1492 521 1546 ab
571 1492 698 1561 ipso
749 1495 1228 1560 corrumpantur,
1281 1495 1565 1558 tanquam
1610 1488 1674 1552 ’Β
1709 1488 1971 1560 aliquam

325 1585 555 1651 partem
587 1595 620 1632 a
661 1583 780 1631 toto
827 1593 1073 1646 corpore
1107 1592 1405 1640 resecans,
1448 1577 1532 1630 sic
1564 1593 1720 1643 eum,
1750 1576 1852 1646 qui
1889 1581 1977 1631 est

329 1667 694 1739 hujusmodi,
734 1667 956 1721 salubri
984 1665 1234 1720 consilio
1265 1665 1439 1719 morti
1467 1665 1788 1735 adjudicat.
1823 1689 1842 1713 ι
1877 1666 1978 1719 Ju-

2069 504 2190 558 σθαι
2222 504 2394 576 αὐτῷ*
2446 506 2534 560 καὶ
2567 504 2669 559 σύκ
2697 502 2756 558 ἄν
2808 525 2894 566 τις
2950 502 3215 576 πονηρίας
3263 499 3569 556 αἲτιάσαιτο
3625 503 3720 554 τοῦ

2070 591 2257 668 ἰατροῦ
2303 594 2403 662 τήν
2433 594 2658 668 τέχνην·
2691 599 2792 662 τῆς
2833 590 2893 648 δὲ
2921 596 3106 667 ψυχῆς
3151 588 3307 646 ἕνεκα
3358 590 3471 664 οὐχ
3514 587 3723 662 ὁμοίως

2071 680 2516 754 ὑποστησόμεθα,
2563 681 2652 737 ὶάν
2685 697 2745 736 τε
2774 682 2988 757 φεύγειν
3021 680 3109 736 ἐάν
3140 700 3199 736 τε
3226 679 3451 735 ἐκτίνειν
3504 678 3726 750 ζημίας,

2071 767 2157 823 ἐάν
2189 791 2249 824 τε
2294 768 2486 843 δεσμὰ,
2532 769 2582 825 εἷ
2633 770 2837 844 μὲλλοι
2883 791 2966 832 τις
3016 770 3183 844 μόνον
3231 768 3283 840 ἐξ
3323 765 3539 830 ἀδικίας
3596 766 3730 822 ποτε

2072 855 2421 929 δικαιοσύνην
2450 862 2716 927 κτᾶσθαι;
2766 861 2828 916 Ὁ
2857 860 2959 934 γὰρ
3008 858 3203 930 νόμος,
3251 855 3561 930 κηδόμενος
3616 859 3730 911 τῶν

2074 947 2334 1017 ὑπηκόων
2369 990 2384 1016 ,
2443 949 2580 1023 πρὸς
2640 948 2735 1019 μὲν
2789 949 2890 1018 τὴν
2946 943 3252 1010 θεοσέϐειαν
3310 944 3580 1012 παιδεύει,
3637 942 3732 999 καὶ

2079 1036 2399 1112 ὑπαγορεύει
2446 1037 2514 1090 τὰ
2559 1038 2807 1106 ποιητὲα,
2864 1034 3030 1111 ε’ίργει
3063 1057 3123 1090 τε
3158 1033 3382 1091 ἕκαστον
3410 1039 3519 1089 τῶν
3551 1034 3734 1105 ἁμαρ·

2074 1125 2360 1197 τημάτων,
2412 1122 2566 1188 δίκας
2617 1125 2878 1189 ἐπιτιθεὶς
2922 1130 3038 1187 τοῖς
3091 1124 3340 1199 μετρίοις
3371 1122 3567 1178 αὐτῶν·
3603 1117 3733 1177 ὅταν

2078 1213 2138 1270 δί
2181 1236 2302 1270 τινα
2354 1214 2530 1277 οὕτως
2568 1211 2765 1290 ἔχοντα
2813 1211 3006 1288 κατίδῃ
3055 1214 3130 1274 ὡς
3161 1213 3374 1268 ἀνίατον
3407 1209 3611 1282 δοκεῖν,
3655 1209 3733 1272 εἲς

2077 1302 2306 1380 ἔσχατον
2339 1301 2552 1366 ἀδικίας
2583 1301 2906 1373 ἐλαύνοντα,
2937 1303 3064 1359 τότε
3089 1300 3198 1374 ἤδη
3246 1307 3354 1358 τῶν
3387 1300 3574 1358 ἄλλων
3629 1321 3734 1371 κη-

2081 1391 2332 1467 δόμενος,
2364 1392 2515 1455 ὅπως
2541 1391 2600 1447 ἃν
2631 1394 2706 1464 μή
2733 1390 3152 1469 διαφθείρωνται
3181 1393 3317 1468 πρὸς
3339 1391 3526 1459 αὐτοῦ,
3550 1390 3736 1464 ὥσπερ

2085 1484 2250 1557 μέρος
2279 1504 2331 1536 τι
2358 1487 2454 1537 τοῦ
2502 1483 2702 1543 παντὸς
2749 1483 3005 1554 σώματος
3064 1482 3379 1554 ἀποτεμὼν,
3429 1480 3572 1535 οὕτω
3628 1499 3737 1534 που

2080 1572 2331 1627 τοιοῦτον
2373 1572 2658 1646 ὁγιέστατα
2700 1570 3071 1628 ἀποκτίννυσι.
3119 1595 3146 1622 (ι
3180 1569 3510 1647 Κρινόμενοι
3542 1566 3600 1623 δὲ
3630 1567 3736 1622 ὑπὸ

2080 1665 2178 1716 τοῦ
2237 1661 2465 1730 Κυρίου,
2499 1685 2526 1711 ι»
2572 1661 2737 1737 φησὶν
2785 1661 2812 1714 ὁ
2859 1658 3222 1728 ’Λπόστολος,
3279 1657 3737 1730 «παιδευόμεθα,

331 1757 510 1811 dicati
537 1763 735 1810 autem
768 1772 802 1809 a
832 1754 1103 1821 Domino,
1137 1775 1164 1803 »
1200 1753 1395 1823 inquit
1435 1753 1773 1823 Apostolus,
1819 1774 1846 1802 «
1881 1768 1976 1806 ca-

2097 1747 2170 1804 ίνα
2204 1751 2281 1822 μή
2315 1750 2407 1804 σὺν
2435 1754 2516 1822 τῷ
2552 1749 2747 1822 κόσμῳ
2791 1752 3226 1821 κατακριθῶμεν.
3262 1773 3290 1802 ››
3346 1753 3583 1823 Προεῖπε
3633 1746 3738 1821 γὰρ

333 1847 639 1917 stigamur,
697 1860 772 1896 ne
818 1858 952 1896 cum
1006 1841 1228 1896 mundo
1277 1841 1749 1896 condemnemur
1795 1843 1897 1910 (a).
1949 1860 1976 1887 ››

2097 1838 2120 1892 ὁ
2177 1841 2489 1914 προφήτης
2550 1863 2578 1890 α
2639 1836 2918 1893 Παιδεύων
2969 1836 3251 1893 ἐπαίδευσέ
3308 1858 3375 1911 με
3424 1839 3452 1893 ὁ
3511 1835 3740 1909 Κύριος,

343 1934 622 1992 Ρτωάἱχίῐ
664 1933 824 1987 enim
874 1932 1200 2002 prOpheta:
1258 1954 1278 1979 ιι
1328 1931 1632 2003 Castigans
1680 1928 1984 2001 castigavit

341 2039 436 2078 me
469 2021 780 2088 Dominus,
810 2019 987 2074 morti
1015 2024 1213 2074 autem
1245 2035 1366 2073 non
1397 2018 1640 2073 tradidit
1670 2035 1766 2074 me
1787 2020 1883 2089 (ὁ).
1913 2018 1984 2071 Ut

341 2110 502 2166 enim
535 2116 588 2163 te
627 2124 794 2162 suam
840 2107 1080 2161 doceret
1120 2107 1438 2176 justitiam,
1489 2107 1793 2178 casligavit
1843 2113 1917 2173 te,
1954 2132 1976 2158 ι

339 2199 554 2270 inquit,
589 2219 616 2246 ‹‹
651 2202 710 2251 et
735 2196 1000 2262 tentavit,
1025 2200 1081 2250 et
1102 2195 1254 2250 fame
1282 2202 1341 2250 et
1366 2196 1462 2250 siti
1485 2201 1538 2251 te
1561 2197 1774 2251 afllixit
1794 2197 1856 2251 in
1879 2197 1981 2252 de-

339 2297 515 2346 serto.
533 2290 1115 2359 Utcognoscerentur
1125 2303 1332 2341 omnes
1338 2287 1800 2358 justificationes
1816 2294 1876 2342 et
1881 2289 1981 2359 ju-

337 2377 492 2434 dicia
505 2378 632 2449 ejus
647 2377 707 2430 in
732 2376 907 2430 corde
931 2381 1051 2442 tuo,
1072 2391 1441 2445 quaecunque
1460 2391 1563 2447 ego
1579 2376 1680 2430 tibi
1702 2377 1980 2448 principio

335 2469 534 2535 hodie,
565 2472 625 2522 et
653 2467 807 2521 scias
840 2467 901 2520 in
933 2464 1109 2520 corde
1131 2471 1250 2531 tuo,
1285 2465 1442 2534 quod
1468 2471 1533 2519 ut
1562 2465 1610 2520 si
1642 2466 1775 2536 quis
1805 2467 1981 2521 homo

335 2557 646 2629 castigabit
675 2555 864 2610 filium
898 2570 1091 2617 suum,
1128 2554 1208 2608 ita
1237 2553 1545 2624 castigabit
1595 2559 1650 2608 te
1698 2554 1984 2609 Dominus

336 2649 492 2702 Deus
522 2651 727 2700 noster
749 2646 836 2714 (ο).
875 2664 903 2693 ››
938 2642 1102 2708 Quod
1134 2648 1332 2697 autem
1363 2642 1615 2697 aliorum
1642 2659 1751 2698 nos
1781 2659 1984 2698 exem-

336 2737 502 2808 plum
546 2735 819 2806 corrigat,
854 2734 1053 2788 statim
1085 2731 1264 2786 dicit:
1299 2754 1327 2781 «
1363 2733 1607 2786 Astutus
1637 2732 1842 2787 videns
1867 2750 1984 2788 ma-

337 2825 461 2880 lum
477 2824 698 2894 puniri.
715 2823 840 2892 ipse
862 2822 1244 2875 vehementer
1261 2821 1613 2892 castigatur:
1641 2843 1668 2870 »ι
1682 2838 1820 2876 nam
1835 2845 1861 2872 «
1886 2839 1988 2895 ge-

338 2912 566 2968 neratio
591 2910 896 2980 sapientim
923 2913 1012 2962 est
1034 2908 1211 2961 timor
1230 2909 1461 2964 Domini
1487 2911 1586 2978 id).
1613 2931 1639 2959 »
1666 2912 1766 2964 Est
1785 2917 1985 2968 autem

339 2999 666 3053 maximum
717 3001 776 3048 et
818 2993 1316 3064 perfectissimum
1365 2995 1610 3063 bonum,
1671 2998 1908 3067 quando
1953 3015 1988 3053 a

338 3082 767 3140 malefaciendo
800 3080 871 3135 ad
904 3081 1177 3136 virtutem
1204 3082 1542 3153 bonamque
1573 3084 1751 3139 vitam
1801 3086 1986 3156 possit

337 3133 763 3244 ξίῐιῖζὶιῖἶξιῌξεῖιᾷ
805 3133 1176 3224 eadem?
1201 3133 1790 3242 ἔιιὶξᾶῖιῖιῖὰεῌῖἓι
1801 3133 1985 3231 Eii:
2011 3133 2057 3203 α

337 3264 527 3327 Quare
550 3261 599 3316 si
623 3260 754 3329 quis
779 3259 839 3313 in
865 3258 1299 3314 immedicabile
1321 3260 1564 3331 aliquod
1587 3262 1810 3317 malum
1831 3264 1984 3319 ceci-

338 3349 512 3416 derit,
547 3349 855 3418 injustitiae
889 3353 947 3402 et
977 3348 1234 3402 avaritiae
1267 3349 1660 3420 mancipatus,
1692 3350 1984 3407 beneﬁcio

339 3438 653 3504 afficietur,
679 3437 726 3492 si
759 3437 1170 3492 interﬁciatur.
1207 3438 1317 3490 Lex
1367 3442 1456 3491 est
1486 3439 1644 3491 enim
1693 3439 1987 3509 beneﬁca,

341 3544 471 3598 quae
511 3527 661 3582 alios
689 3525 1146 3596 quidemjustos
1178 3542 1246 3579 ex
1281 3526 1520 3596 injustis
1551 3528 1712 3594 facit,
1739 3529 1786 3583 si
1811 3530 1985 3584 modo

341 3617 530 3671 velint
559 3616 764 3671 audire
790 3633 804 3682 ;
838 3615 986 3670 alios
1019 3630 1151 3668 vero
1183 3613 1452 3670 liberata
1480 3617 1656 3670 malis
1685 3621 1989 3689 praesenti-

343 3707 474 3760 bus.
500 3707 613 3759 Eos
634 3705 815 3770 enim,
843 3704 942 3774 qui
968 3710 1290 3774 temperate
1313 3709 1372 3757 et
1391 3705 1554 3775 juste
1577 3706 1764 3761 vivere
1797 3707 1989 3780 elege-

341 3796 483 3863 rint,
510 3793 878 3848 immortales
905 3793 1112 3863 satagit
1143 3793 1408 3847 reddere.
1455 3795 1635 3848 Nosse
1687 3802 1882 3850 autem
1913 3798 1994 3852 le-

343 3901 475 3956 gem
502 3890 591 3937 est
613 3883 783 3936 bona)
807 3882 1042 3936 mentis.
1073 3883 1141 3934 Et
1165 3898 1372 3936 rursus
1397 3899 1408 3935 :
1444 3904 1472 3932 «
1499 3883 1615 3936 Viri
1641 3885 1783 3938 mali
1801 3885 1988 3957 legem

344 3989 465 4027 non
498 3971 840 4043 intelligunt
865 3987 878 4025 :
903 3970 1003 4039 qui
1025 3975 1222 4024 autem
1246 3977 1520 4039 quaerunt
1550 3972 1987 4041 Dominum,in-

345 4062 618 4133 telligent
638 4061 699 4115 in
722 4059 883 4115 omni
901 4059 1055 4113 bono
1074 4059 1160 4126 (θ).
1183 4079 1209 4105 ι)
1225 4059 1464 4128 Oportet
1483 4065 1680 4114 autem
1697 4077 1846 4131 eam,
1863 4080 1994 4134 qum

345 4149 744 4213 administrat,
790 4147 1250 4210 Providentiam,
1303 4162 1430 4200 esse
1474 4153 1533 4201 et
1581 4147 1904 4220 dominam,
1939 4159 1998 4207 et

347 4242 586 4295 bonam.
623 4238 776 4295 153
812 4238 1068 4306 Utraque
1101 4235 1258 4288 enim
1291 4236 1376 4288 vis
1405 4243 1684 4306 procurat
1704 4239 1954 4300 salutem
1982 4259 1994 4296 :

348 4330 452 4384 illa
479 4328 740 4399 quidem,
773 4325 1062 4397 supplicio
1105 4325 1419 4396 castigans,
1450 4333 1514 4380 ut
1560 4327 1839 4383 domina:
1873 4330 1997 4384 haec

347 4435 505 4483 vero,
536 4433 645 4487 per
673 4416 1131 4470 beneficentiam
1175 4415 1583 4482 commodans,
1617 4423 1681 4470 ut
1709 4416 1996 4474 beneﬁca.

353 4507 414 4562 Id
446 4523 580 4560 vero
612 4505 868 4576 expedit,
901 4511 967 4558 ut
1014 4505 1355 4559 desinentes
1405 4504 1511 4558 filii
1561 4505 1996 4562 incredulitatis
2030 4493 2072 4556 ί)

355 4611 505 4662 esse,
540 4602 910 4650 transeamus
938 4611 971 4648 a
1003 4593 1263 4649 tenebris
1285 4593 1358 4649 ad
1394 4594 1591 4661 vitam,
1622 4601 1680 4650 et
1708 4612 1882 4652 aures
1905 4613 1994 4652 sa-

2089 1931 2171 1997 τῷ
2223 1924 2281 1980 δὲ
2307 1927 2518 1998 θανάτῳ
2550 1930 2663 2001 (64)
2695 1926 2757 1982 ού
2805 1923 3088 2002 παρέδωκὲ
3119 1948 3206 2000 με.
3251 1928 3448 1982 Ἕνεκα
3476 1929 3589 1999 (65)
3635 1924 3740 1998 γὰρ

2090 2017 2187 2068 τοῦ
2234 2011 2444 2083 διδάξαι
2499 2035 2558 2069 σε
2621 2015 2720 2082 τὴν
2781 2013 3128 2084 δικαιοσύνην
3185 2015 3356 2070 αὐτοῦ
3389 2059 3402 2085 ,
3462 2011 3746 2069 ἐπαίδευσε

2091 2122 2169 2173 σε,
2205 2126 2232 2153 ››
2263 2102 2418 2178 φησὶ,
2470 2127 2497 2154 ι(
2529 2104 2619 2157 καὶ
2645 2103 2894 2179 ἐπείρασὲ
2940 2125 3018 2174 σε,
3053 2105 3142 2160 καὶ
3196 2103 3606 2180 ἑλιμαγχόνησὲ
3665 2120 3744 2172 σε,

2091 2191 2183 2245 καὶ
2238 2187 2464 2264 ἐδίψησε
2519 2212 2576 2246 σε
2628 2190 2679 2246 ἐν
2741 2197 2814 2266 γῃ
2873 2192 3107 2268 ἐρήμῳ·
3147 2192 3242 2249 ’ίνα
3295 2195 3516 2268 γνωσθῇ
3569 2191 3748 2246 πάντα

2091 2280 2158 2334 νὰ
2204 2278 2548 2352 δικαιώματα
2593 2282 2683 2335 καὶ
2739 2283 2808 2336 τὰ
2849 2283 3092 2354 κρίματα
3124 2282 3291 2338 αὐτοῦ
3333 2283 3384 2338 ἐν
3432 2286 3500 2354 τῇ
3549 2277 3753 2353 καρδίᾳ

2093 2389 2211 2437 σου,
2270 2368 2368 2424 ὅσα
2416 2369 2528 2444 ἐγὼ
2558 2368 2890 2443 ἐντέλλομαί
2921 2394 3006 2427 σοι
3037 2375 3302 2449 σήμερον·
3347 2373 3435 2427 καὶ
3483 2371 3665 2445 γνώσῃ
3699 2368 3754 2424 ἐν

2090 2462 2161 2532 τῇ
2191 2456 2389 2534 καρδίᾳ
2417 2479 2536 2516 σου.
2568 2459 2652 2514 ὅτι
2704 2460 2780 2522 ὡς
2817 2458 2863 2515 ε’ί
2891 2482 2975 2524 τις
3007 2460 3280 2517 παιδεύσει
3315 2459 3595 2534 ἅνθρωπος
3654 2459 3750 2512 τὸν

2094 2549 2210 2604 υἱὸν
2240 2548 2426 2620 αὐτοῦ,
2478 2547 2621 2602 οὕτω
2653 2545 2933 2604 παιδεύσει
2966 2571 3022 2605 σε
3058 2551 3252 2623 Κύριος
3276 2551 3305 2605 ὁ
3335 2549 3465 2610 Θεὸς
3495 2551 3686 2622 ἡμῶν.
3719 2568 3750 2600 ο

2091 2639 2215 2695 Ὃτι
2287 2634 2344 2692 δὲ
2412 2638 2475 2692 τὸ
2554 2634 2856 2712 ὑπόδειγμα
2925 2641 3275 2714 σωφρονίζει,
3343 2637 3538 2694 αὐτίκα
3591 2636 3754 2714 φησί·

2096 2750 2125 2779 α
2160 2729 2469 2800 Πανοῦργος
2531 2722 2658 2779 ἰδών
2689 2726 3106 2801 τιμωρούμενον
3162 2728 3427 2800 πονηρὸν,
3475 2728 3757 2798 κραταιῶς

2093 2813 2254 2876 αὐτὸς
2311 2811 2640 2868 παιδεύεται·
2676 2840 2703 2865 ››
2754 2813 2870 2868 ἐπεὶ
2925 2838 2949 2867 ιι
2980 2815 3136 2889 γενεὰ
3163 2815 3357 2892 σοφίας
3410 2809 3581 2892 φόϐος
3638 2820 3756 2870 Κυ-

2096 2903 2235 2979 ρίου.
2299 2928 2320 2956 ι
2386 2900 2653 2976 Μέγιστον
2713 2899 2770 2956 δὲ
2825 2901 2915 2956 καὶ
2964 2900 3302 2957 τελεώτατον
3349 2902 3572 2978 ἀγαθὸν,
3619 2903 3750 2958 ὅταν

2093 2992 2214 3048 τινά
2261 2991 2321 3047 ἐκ
2369 2995 2469 3045 τοῦ
2514 2994 2697 3052 κακῶς
2744 2993 2998 3066 πράττειν
3045 2990 3121 3053 είς
3169 2993 3365 3067 ἀρετήν
3421 3012 3480 3047 τε
3525 2993 3612 3047 καὶ
3665 2992 3752 3047 εύ-

2095 3080 2323 3157 πραγίαν
2379 3082 2634 3155 μετάγειν
2691 3078 2918 3151 δύνηταί
2953 3100 3059 3144 τις’
3109 3082 3242 3154 ὅπερ
3302 3082 3533 3155 ὁνόμος
3591 3081 3755 3157 ἆργά-

2098 3177 2266 3242 ζεται’
2317 3170 2457 3225 ὥστε
2503 3171 2593 3224 καὶ
2645 3169 2770 3224 ὅταν
2816 3169 3098 3242 ἀνηκέστῳ
3125 3170 3233 3225 τινὶ
3280 3175 3432 3242 κακῷ
3487 3171 3754 3245 περιπέσῃ

2088 3282 2172 3322 τις
2243 3258 2347 3313 ὐπό
2403 3278 2462 3312 τε
2539 3255 2752 3321 ἀδικίας
2806 3259 2895 3312 καὶ
2971 3256 3281 3330 πλεονεξίας
3351 3256 3752 3335 καταληφθεὶς,

2092 3349 2415 3422 εύεργετοῑτ³
2487 3346 2547 3402 ἃν
2620 3349 2648 3403 ὁ
2707 3345 3207 3420 ἆποκτιννύμενος·
3287 3348 3573 3424 εὐεργέτης
3645 3347 3750 3424 γὰρ

2093 3439 2122 3492 ὁ
2175 3434 2370 3510 νόμος.
2419 3436 2547 3500 τοὺς
2607 3435 2701 3509 μὶν
2757 3432 3002 3500 δικαίους
3031 3436 3082 3507 ἕξ
3114 3434 3315 3492 ἀδίκων
3347 3441 3522 3492 ποιεῖν
3583 3433 3752 3491 δυνά-

2098 3547 2278 3601 μενος,
2339 3527 2400 3596 ἣν
2464 3525 2626 3599 μόνον
2678 3523 2881 3580 ἐπαΐειν
2913 3524 3243 3597 ἐθελήσωσιν
3299 3525 3482 3581 αὐτοῦ·
3533 3525 3666 3588 τοὺς
3694 3523 3751 3581 δὶ

2094 3613 2452 3672 ἐπαλλάττων
2500 3619 2609 3670 τῶν
2661 3615 2946 3690 παρόντων
3002 3620 3182 3670 κακῶν
3217 3634 3229 3648 ⁸
3297 3615 3426 3680 τοὺς
3480 3615 3580 3690 γὰρ
3647 3637 3754 3670 σω-

2096 3706 2312 3782 φρόνως
2385 3705 2475 3759 καὶ
2527 3700 2753 3768 δικαίως
2829 3704 2982 3779 βιοῦν
3052 3703 3348 3778 ἑλομένους
3413 3703 3756 3774 ἀθανατίζειν

2097 3794 2351 3870 ἰπάγεται
2403 3796 2556 3867 (66).
2607 3795 2678 3848 Τὸ
2731 3789 2788 3848 δὲ
2829 3798 3029 3869 γνῶναι
3088 3794 3258 3866 νόμον
3313 3791 3552 3856 διανοίας
3612 3794 3758 3850 ἐστὶν

2099 3883 2325 3956 ἀγαθῆς.
2389 3882 2485 3936 Καὶ
2537 3878 2725 3936 πάλιν·
2761 3907 2787 3933 ‹‹
2823 3879 3048 3954 ’Ἄνδρες
3087 3886 3193 3954 (6'7)
3249 3883 3408 3937 κακοὶ
3437 3881 3502 3937 οὗ
3560 3887 3759 3938 νοοῦσι

2097 3971 2291 4044 νόμον*
2347 3972 2397 4025 ol
2457 3968 2514 4026 δὲ
2573 3975 2856 4040 ζητοῦντες
2909 3973 2999 4027 τὸν
3056 3971 3255 4046 Κύριον
3317 3975 3646 4042 συνήσουσιν
3707 3972 3758 4027 ὲν

2098 4063 2254 4116 παντὶ
2285 4060 2493 4136 ἀγαθῷ.
2539 4085 2564 4112 ι)
2612 4058 2798 4130 Δεῖδή
2833 4065 2944 4134 (68)
2999 4063 3098 4132 τήν
3127 4059 3436 4118 διοικοῦσαν
3483 4063 3757 4137 Πρόνοιαν

2099 4151 2286 4227 κυρίαν
2315 4172 2373 4206 τε
2417 4152 2548 4206 εἶναι
2594 4150 2683 4205 καὶ
2737 4150 2969 4225 ἀγαθήν·
3027 4149 3230 4228 ἀμφοῖν
3279 4152 3380 4228 γὰρ
3437 4153 3472 4221 ἡ
3528 4149 3760 4226 δύναμις

2103 4239 2384 4312 οῗ¹κονομεῖ
2443 4238 2738 4313 σωτηρίαν
2785 4242 2819 4310 ἡ
2875 4239 2988 4312 μὲν,
3038 4238 3264 4295 κυλάσει
3323 4241 3759 4316 σωφρονίζουσα,

2103 4327 2179 4390 ὡς
2232 4328 2412 4399 κυρία·
2468 4330 2502 4397 ἡ
2563 4324 2666 4398 δὲ,
2724 4325 2794 4381 δι’
2851 4327 3097 4390 εὐποιίας
3148 4331 3572 4404 χρηστευομὲνη
3613 4376 3628 4404 ,
3688 4333 3758 4393 ὡς

2104 4417 2392 4492 εύεργὲτις.
2452 4417 2662 4487 Ἔξεστι
2695 4413 2750 4470 δὲ
2785 4417 2860 4486 μή
2895 4417 3025 4471 εἶναι
3082 4417 3358 4482 ἀπειθείας
3415 4419 3556 4486 υἱὸν,
3618 4419 3760 4476 ἀλλὰ

2107 4501 2449 4579 μεταϐαίνειν
2482 4503 2542 4560 ἐκ
2569 4509 2667 4559 τοῦ
2699 4505 2924 4567 σκότους
2965 4505 3043 4569 εἷς
3097 4507 3264 4579 ζωήν,
3312 4508 3401 4562 καὶ
3450 4512 3759 4584 παραθέντι

2105 4599 2173 4670 τῇ
2204 4595 2365 4670 σοφίᾳ
2393 4594 2490 4661 τήν
2527 4593 2717 4664 ἀκοὴν,
2751 4595 2988 4667 νόμιμον
3039 4595 3174 4650 εἶναι
3219 4601 3353 4651 Θεοῦ
3402 4595 3607 4654 δοῦλον
3668 4600 3758 4674 μὶν

432 4710 495 4774 ›ι‹
524 4712 595 4788 ι),
619 4711 721 4788 4_23
754 4711 863 4766 ΕΙ).
894 4711 1184 4788 roman,
1218 4711 1461 4788 353_ED.
1493 4712 1713 4767 PARlS.
1743 4784 1770 4788 μ
1798 4713 1870 4786 (a)
1902 4715 1924 4768 1
1951 4715 1985 4768 c

2112 4729 2189 4782 χι,
2222 4715 2310 4769 32.
2383 4712 2469 4782 (b)
2501 4712 2654 4768 Psal.
2705 4728 2877 4778 cxvu,
2912 4715 2999 4767 18.
3077 4714 3146 4784 (c)
3178 4715 3348 4772 Deut.
3373 4734 3494 4786 vm,
3526 4721 3584 4785 2,
3622 4721 3675 4788 3,
3707 4722 3757 4786 5,

358 4783 442 4836 11.
520 4782 600 4848 (d)
634 4784 798 4835 Prov.
834 4798 971 4845 χιιι,
1002 4784 1054 4848 4,
1089 4784 1138 4834 4.
1220 4783 1286 4852 (e)
1318 4784 1484 4836 Prov.
1517 4784 1795 4850 xxvm,'5.

425 4898 540 4968 ((34)
574 4899 656 4965 Γῴ
689 4893 745 4948 δὲ
775 4893 1002 4966 θανάτῳ.
1038 4894 1138 4949 Καὶ
1169 4895 1248 4966 τῷ
1281 4897 1514 4968 Θανάτῳ,
1547 4899 1702 4954 Psal.

428 4972 535 5033 (δῦ)
567 4970 781 5039 Ἕνεκαῗ
819 4969 950 5021 Ilmc
981 4973 1187 5022 auctor
1217 4971 1652 5039 composuitex
1685 4972 1998 5026 Deuteron.

354 5057 465 5095 vnn.
502 5044 554 5124 :3,
589 5044 657 5093 3:
687 5037 787 5122 ίίαιῖ
824 5039 1110 5124 μνησθήγσῃ
1154 5045 1326 5124 πᾶσαν
1358 5037 1468 5107 ’τὴν
1521 5038 1778 5124 ὁδὸνηῆν
1831 5039 2004 5116 ἤγαγὲ

353 5132 411 5165 σε
443 5109 646 5183 Κύριος
680 5111 707 5161 ὁ
740 5107 867 5183 Θεός
901 5129 998 5161 σου
1030 5107 1199 5183 ἐντῇΔ
1233 5109 1444 5182 ἐρήμῳ,
1474 5113 1640 5183 ὅπως
1675 5107 1751 5164 ἃνή
1785 5107 2004 5183 κακώσῃ

353 5202 431 5249 σε,
490 5177 579 5255 καὶ
623 5181 873 5255 πειράσῃ.
912 5199 990 5255 σε,
1039 5177 1488 5255 καὶςδιαγλνωσθῇ
1523 5183 1595 5255 -τά
1626 5181 1677 5255 ἐν
1709 5186 1777 5255 τῇ
1809 5177 2005 5255 καρδίᾳ

353 5205 431 5249 0’5,
490 5205 579 5235 και
623 5205 854 5252 πειρατῃ
912 5205 988 5238 σε,
1039 5205 1128 5232 και
1178 5205 1488 5254 οιαγνωσυῃ
1529 5205 1595 5236 τα
1626 5205 1677 5235 εν
1809 5207 1876 5238 X1
1917 5205 2002 5255 οιᾳ

352 5252 545 5329 σουηεί
571 5250 783 5329 φυλάξῃ
804 5253 914 5329 ,τὰς
974 5249 1203 5329 ἐντολὰς.
1252 5251 1442 5320 αὐτοῦ,
1743 5255 1849 5309 Καὶ
1881 5205 2002 5329 ῖκάλ-

351 5324 496 5383 κωσέ
551 5321 628 5388 σε,
675 5321 767 5378 καί
801 5321 1210 5396 ἐλιμαγχόνησέ
1269 5342 1358 5396 σε.Δ
1402 5323 1489 5376 καὶ
1552 5321 1798 5396 ἐψώμισέ
1847 5347 1904 5396 σε
1943 5325 2005 5380 τὸ

359 5399 552 5473 μάννα,
582 5400 643 5452 V.
679 5402 728 5451 5.
765 5373 1074 5473 K31?-
1103 5395 1170 5464 τῇ
1197 5389 1399 5473 καρδίᾳ
1431 5415 1548 5473 σου,
1588 5373 1771 5473 δτιδὼς
1808 5395 1880 5473 ,εἷ’
1925 5417 2006 5473 τις

357 5463 638 5544 ἄνθρωπος
687 5463 952 5539 παιδεύσῃ
1010 5463 1103 5520 τὸν
1123 5463 1276 5544 ’,υἱὸν
1333 5463 1539 5544 αὐτοὶ
1574 5465 1718 5519 οὕτω
1753 5465 1944 5538 Κύριος
1977 5469 2006 5522 ὁ

356 5536 487 5604 Θεός
517 5563 612 5596 σου
652 5536 936 5596 παιδεύσει
983 5558 1060 5594 σε.
1123 5538 1183 5589 ν.
1223 5541 1306 5591 11.
1361 5536 1605 5610 Πρόσεχε
1647 5536 1873 5610 σεαυτῷ,
1929 5541 2004 5610 μή

356 5613 592 5683 ἆπιλάθη
629 5614 822 5689 Κυρίου
868 5615 966 5668 τοῦ
1010 5611 1144 5666 Θεοῦ
1175 5627 1292 5677 σου,
1333 5606 1429 5664 τοῦ
1488 5606 1578 5682 μὴ’
1626 5606 1866 5687 φυλάξαι
1909 5606 2005 5674 τὰς

2113 4895 2570 4976 ἐντολὰς-αὐτοῦ,
2602 4895 2732 4976 ,καὶ
2759 4896 2831 4976 τὰ
2875 4895 3136 4976 κρίματα,
3185 4898 3275 4954 καὶ
3321 4902 3389 4955 τὰ
3419 4899 3763 4976 δικαιώματα

2113 4916 2337 4961 εντοΛας
2382 4919 2570 4962 αυτου,
2621 4917 2711 4951 και
2762 4918 2831 4953 τα
2875 4918 2910 4951 κ
2951 4916 3136 4968 ιματα,
3185 4916 3275 4954 και
3321 4921 3347 4955 τ

2110 4971 2298 5033 αὐτοῦ,
2332 4969 2431 5044 ὅσα
2461 4968 2568 5042 ἐγὼ
2599 4916 2943 5044 ἐντέλλομαί
2962 4990 3049 5023 σοι
3083 4973 3347 5044 σήμερον.

2183 5041 2734 5116 (66)-ξΑθανατίζειν
2812 5041 3362 5116 ἐπείγεταιη-Μὰιίιῃ
3431 5044 3762 5116 ἀθανατίζειν

2113 5110 2526 5188 ἐπαγγέλλεται,
2561 5137 2587 5165 ‹‹
2622 5110 2989 5188 immortales
3018 5113 3267 5188 reddere
3299 5118 3610 5188 promittit.
3649 5110 3675 5168 )i

2185 5181 2299 5256 (67)
2339 5183 2593 5263 :Avapeg.
2628 5181 2848 5263 Ἀνδρες
2881 5183 3035 5263 κακσὶ
3069 5184 3132 5238 ού
3164 5181 3461 5263 συνήσουσι.
3484 5195 3680 5263 κρῖμα·
3707 5189 3763 5263 οἱ

2114 5253 2173 5310 δὲ
2193 5253 2494 5324 ζητοῦντες
2516 5258 2608 5311 τὸν
2642 5253 2841 5330 Κύριον
2872 5258 3188 5326 συνήσουσιν
3220 5253 3758 5328 ἆννπαντῌίτόνθΐὶ).

2112 5347 2306 5394 xxvm,
2335 5347 2386 5384 ο.

2187 5404 2294 5468 (68)
2356 5405 2444 5454 Δεῖ
2474 5396 2566 5469 δή·
2626 5400 2900 5456 Clemens
2956 5401 3112 5456 infra
3165 5403 3367 5458 Strom.
3402 5421 3481 5458 n:
3544 5403 3641 5457 Καὶ
3697 5399 3762 5470 δὴ

2113 5471 2368 5545 πάρεστιν
2430 5471 2509 5548 ἀεὶ
2561 5473 2659 5548 τῇῌ
2688 5490 2746 5548 τε
2800 5470 3069 5543 ἔποπτικῇ
3101 5517 3116 5539 ,
3175 5475 3242 5545 τῇ
3273 5493 3358 5548 ᾳτε
3415 5474 3762 5548 εύεργετοκῇ,

2113 5494 2368 5545 παρεστιν
2430 5494 2509 5524 ast
2561 5494 2632 5542 τῃ
2688 5494 2746 5524 τί
2800 5494 3069 5543 ιποπτικῃ
3101 5517 3116 5539 ν
3175 5494 3242 5545 τῃ
3299 5494 3358 5527 τι
3415 5494 3531 5548 ευερ
3572 5495 3762 5548 ετ⁹κῃ,

2113 5545 2290 5619 1:111:
2340 5539 2662 5619 παιδευτικῇ
2716 5542 2998 5617 ἀπτομενῃ
3057 5545 3217 5616 ἡμῶν
3269 5539 3494 5617 δυνάμει
3537 5494 3763 5619 δύναμις

2113 5617 2210 5667 τοῦ
2240 5617 2394 5668 Θεοῦ.
