4044 6154
364 292 466 352 νει

1717 291 2163 353 ΒΤΒΟΜΔἸὍΠ
2201 293 2335 348 LIB.
2377 293 2422 349 Ι.

3673 294 3782 350 922

361 421 430 476 τά
486 424 697 496 πρῶτα,
755 415 942 476 ἔπειτα
1001 419 1057 476 δὲ
1138 423 1332 478 πιστὸν
1381 421 1626 497 γενέσθαι
1697 422 2013 496 θεράποντα,

2139 419 2375 490 pientiaa
2408 418 2780 486 adhibentes,
2814 419 3008 490 primo
3040 419 3286 489 legitimi
3320 421 3421 475 Dei
3450 421 3623 489 servi,
3646 421 3783 476 dein

369 509 716 588 φοϐούμενον
753 511 948 587 Κύριον
997 511 1088 566 τὸν
1148 512 1300 566 Θεόν’
1356 512 1405 566 εἷ’
1461 509 1518 566 δέ
1572 532 1655 572 τις
1700 504 2026 578 έπαναϐαίη,

365 604 485 662 τοῖς
519 601 662 663 υἱοῖς
688 598 1125 674 ἒγκαταλέγεται.
1187 601 1350 656 Ἐπάν
1411 598 1468 656 δὶ
1509 622 1538 654 ιι
1593 601 1771 676 ἀγάπη
1804 597 2023 671 καλύψῃ

366 688 582 758 πλῆθος
638 690 941 765 ἁμαρτιῶν,
1006 714 1032 740 ››
1095 689 1363 764 μακαρίας
1420 688 1646 750 ἐλπίδος
1723 687 2026 755 τελειώσει,

369 777 668 848 αὐξηθέντα
725 777 778 832 ἐν
846 777 1024 854 ἀγάπῃ
1077 776 1394 854 ἐκδέχεσθαι
1467 784 1684 849 τοῦτον,
1743 777 2028 853 ἐγκατατα-

365 863 524 941 γέντα
575 870 644 939 τῇ
702 865 931 940 ἐκλεκτῇ
985 869 1251 939 υἱοθεσία,
1281 871 1350 941 τῇ
1384 867 1516 942 φίλῃ
1563 865 1878 940 κεκλημένῃ
1930 867 2028 919 τοῦ

365 961 521 1025 Θεοῦ,
554 954 750 1027 ᾅδοντα
781 955 890 1028 ἤδη
927 958 1026 1026 τὴν
1053 957 1247 1027 εὐχὴν,
1304 957 1395 1011 καὶ
1446 957 1696 1033 λέγοντα·
1727 981 1747 1005 ι
1788 956 2027 1017 Γενέσθω

369 1064 462 1116 μοι
496 1043 699 1119 Κύριος
731 1044 808 1106 εἲς
840 1045 991 1103 Θεόν.
1038 1069 1067 1096 »
1125 1049 1240 1101 Τοὖ
1299 1045 1476 1118 νόμου
1525 1043 1583 1099 δὲ
1623 1046 1723 1112 τήν
1783 1041 2024 1101 εὐποιίαν

367 1128 460 1187 διὰ
485 1139 588 1201 τῆς
644 1134 782 1209 πρὸς
832 1134 960 1195 τοὺς
1010 1131 1302 1196 Ἰουδαίους
1361 1137 1665 1209 περικοπῆς
1718 1129 2024 1201 δεδήλωκεν

366 1219 395 1274 ὁ
438 1219 794 1292 Ἀπόστολος,
876 1223 1102 1298 γράφων
1153 1219 1262 1276 ὧδέ
1319 1242 1457 1282 πως’
1493 1246 1519 1273 ‹‹
1584 1221 1650 1276 Εἴ
1697 1218 1756 1275 δὲ
1801 1223 1912 1294 (69)
1963 1217 2026 1272 σὺ

367 1305 633 1370 Ἰουδαῖος
709 1308 1042 1383 ἐπονομάζῃ,
1123 1311 1213 1364 καὶ
1299 1309 1619 1383 ἐπαναπαύῃ
1698 1307 1877 1381 νόμῳ,
1935 1307 2022 1361 καὶ

358 1397 630 1453 καυχᾶσαι
706 1397 758 1451 ἐν
808 1403 946 1470 Θεῷ,
1021 1398 1113 1453 καὶ
1169 1399 1454 1473 γινώσκεις
1523 1400 1586 1452 τὸ
1655 1397 1875 1470 θέλημα
1929 1400 2026 1450 τοῦ

363 1491 502 1543 Θεοῦ
533 1490 670 1561 (70),
729 1489 819 1542 καὶ
884 1487 1197 1562 δοκιμάζεις
1253 1491 1320 1543 τά
1378 1487 1701 1566 διαφέροντα
1753 1486 2027 1562 κατηχού-

369 1596 530 1650 μενος
593 1577 651 1632 ἐκ
711 1582 810 1632 τοῦ
856 1579 1054 1651 νόμου,
1113 1578 1381 1642 πέποιθάς
1434 1599 1493 1633 τε
1559 1578 1778 1632 σεαυτὸν
1825 1575 2024 1650 ὁδηγὸν

369 1666 504 1720 εἶναι
535 1665 781 1744 τυφλῶν,
809 1672 924 1744 φῶς
975 1673 1083 1723 τῶν
1147 1667 1200 1722 ἐν
1253 1668 1458 1734 σκότει,
1512 1667 1810 1735 παιδευτὴν
1857 1666 2029 1742 ἀφρό-

2134 507 2402 580 ejusdem
2438 507 2642 563 lideles
2668 507 2877 562 famuli
2902 509 3134 575 ﬁamus,
3159 510 3438 564 timentes
3469 511 3783 566 Dominum

2133 599 2338 653 Deum.
2373 597 2535 662 Quod
2570 597 2614 651 si
2654 598 2786 668 quis
2815 597 3067 652 ulterius
3124 599 3479 663 ascenderit,
3531 600 3787 655 refertur

2129 685 2192 740 in
2223 702 2539 740 numerum
2575 686 2858 741 ﬁliorum.
2885 689 3207 757 Postquam
3230 694 3428 742 autem
3463 710 3488 736 ιι
3524 689 3783 744 charitas

2129 777 2431 848 Operuerit
2450 777 2898 832 multitudinem
2930 779 3640 849 peccatorumfa),»beata3
3658 782 3781 851 spei

2129 867 2662 932 consummatione,
2697 867 2837 921 licet
2858 873 2996 922 tunc
3020 873 3260 922 auctum
3293 868 3578 922 charitate
3597 871 3783 924 susci-

2127 970 2289 1026 pere,
2310 955 2563 1009 relatum
2590 956 2651 1009 in
2683 955 2930 1010 electam
2960 956 3215 1011 ﬁliorum
3240 957 3783 1030 adoptionem,quae

2130 1043 2232 1098 Dei
2264 1050 2468 1099 vocata
2497 1049 2586 1098 est
2605 1045 2816 1110 amica,
2843 1045 2971 1115 jam
3005 1051 3202 1099 votum
3235 1051 3574 1110 canentem,
3605 1053 3659 1100 et
3692 1048 3784 1102 di-

2130 1138 2363 1187 centem
2397 1150 2408 1188 :
2446 1155 2472 1182 ‹‹
2511 1133 2596 1187 Sit
2615 1133 2763 1188 mihi
2794 1135 3079 1188 Dominus
3110 1136 3172 1188 in
3212 1136 3418 1190 Deum.
3454 1137 3663 1209 nLegis
3680 1153 3784 1191 au-

2128 1227 2249 1278 tem
2272 1222 2863 1294 beneﬁcentiam,per
2892 1239 3027 1278 eum
3059 1223 3346 1291 locum,in
3370 1241 3487 1295 quo
3519 1226 3783 1298 agitcum

2127 1311 2367 1377 Iudaeis,
2402 1311 2723 1366 declaravit
2752 1312 3090 1383 Apostolus,
3125 1313 3209 1368 sic
3242 1313 3544 1368 scribens:
3569 1337 3597 1364 ‹‹
3632 1315 3686 1368 Si
3725 1321 3780 1370 tu

2129 1407 2324 1456 autem
2345 1400 2408 1464 ›ι‹
2436 1401 2674 1456 Judaeus
2706 1401 3167 1472 cognominaris,
3210 1408 3268 1456 et
3298 1402 3356 1456 in
3390 1402 3516 1475 lege
3543 1403 3785 1474 requie-

2131 1491 2266 1556 scis,
2326 1497 2386 1545 et
2416 1490 2476 1544 in
2523 1492 2639 1545 Deo
2671 1490 2966 1561 gloriaris,
3002 1496 3060 1544 et
3088 1492 3394 1562 cognoscis
3416 1492 3781 1547 voluntatem

2131 1583 2256 1648 Dei,
2280 1586 2339 1637 et
2367 1581 2583 1652 probas
2598 1581 3188 1637 utiliorainstructus
3218 1599 3325 1653 per
3352 1582 3787 1654 legem,etcon-

2131 1670 2266 1725 ﬁdis
2304 1671 2561 1741 teipsum
2596 1686 2724 1724 esse
2763 1670 2974 1725 ducem
3008 1687 3323 1734 caecorum,
3351 1671 3555 1726 lumen
3579 1688 3782 1728 eorum

361 1776 490 1822 νων,
516 1751 842 1810 διδάσκαλον
867 1757 1104 1827 νηπίων,
1163 1752 1370 1832 ἔχοντα
1427 1758 1528 1826 τήν
1579 1757 1862 1834 μόρφωσιν
1920 1757 2019 1818 τῆς

2139 1759 2230 1830 qui
2253 1764 2394 1813 sunt
2422 1759 2482 1812 in
2515 1758 2799 1823 tenebris,
2823 1758 3183 1813 eruditorem
3215 1760 3782 1830 insipientium,ma-

363 1843 622 1917 γνώσεως
678 1844 770 1898 καὶ
825 1843 1086 1914 ἀληθείας
1118 1844 1170 1899 ἓν
1223 1845 1299 1916 τῷ
1352 1845 1532 1917 νόμῳ·
1596 1868 1624 1896 ››
1680 1848 1850 1898 ταῦτα
1915 1842 2019 1917 γὰρ

364 1929 620 1996 δύνασθαι
649 1933 741 1987 τὸν
772 1933 938 2007 νόμον
973 1931 1355 2009 ὁμολογεῖταν
1387 1935 1484 1988 κᾶν
1547 1935 1602 1986 o't
1658 1933 1795 1986 κατά
1848 1932 2017 2002 νόμον

368 2023 445 2095 μή
477 2017 922 2094 πολιτευόμενοι,
956 2023 1029 2084 ὡς
1082 2023 1134 2078 ἐν
1194 2025 1352 2095 νόμῳ
1386 2021 1804 2091 ἀλαζονεύονται
1839 2022 2021 2097 βιοῦν-

361 2130 472 2172 τες.
505 2110 844 2185 «Μακάριος
875 2109 932 2165 δὶ
989 2113 1121 2186 ἀνὴρ
1175 2118 1290 2185 (71)
1347 2111 1406 2173 ὃς
1481 2111 1600 2184 εὗρε
1657 2111 1873 2186 σοφίαν,
1931 2110 2018 2164 καὶ

365 2199 560 2268 θνητὸς
615 2199 675 2260 ’ὸς
736 2197 844 2254 εἶδε
915 2200 1200 2277 φρόνησιν.
1259 2201 1352 2255 Ἐκ
1434 2196 1490 2253 δὲ
1567 2203 1664 2253 τοῦ
1752 2198 2021 2271 στόματος

364 2286 552 2360 αὐτῆς,
577 2312 606 2339 ››
637 2295 737 2357 τῆς
796 2290 990 2362 σοφίας
1050 2286 1333 2359 δηλονότι,
1393 2313 1413 2340 ι
1476 2285 1792 2358 δικαιοσύνη
1855 2287 2020 2342 ἐκποο

363 2379 596 2453 ρεύεται·
628 2380 798 2452 νόμον
857 2377 914 2434 δὲ
968 2385 1058 2434 καί
1105 2376 1262 2435 ἔλεον
1325 2377 1415 2434 ἐπὶ
1470 2377 1732 2454 γλώσσης
1784 2384 1962 2457 φορεῖ.
1993 2403 2021 2430 ››

360 2469 520 2531 Ἐνὸς
551 2470 654 2544 γάρ
705 2468 910 2542 Κυρίου
954 2469 1218 2544 ἰνέργεια,
1277 2469 1335 2530 ’ὸς
1394 2467 1504 2524 ἰστι
1541 2493 1566 2520 α
1625 2466 1853 2541 δύναμις
1911 2472 2022 2542 (72)

364 2559 454 2612 καὶ
480 2558 640 2635 σοφία
669 2563 764 2612 τοῦ
795 2562 949 2624 Θεοῦ,
987 2583 1013 2609 ››
1047 2558 1077 2612 6'
1122 2579 1180 2612 τε
1227 2558 1425 2630 νόμος,
1451 2559 1512 2613 τό
1544 2579 1601 2612 τε
1651 2557 2012 2632 Εὐαγγέλιον·

367 2650 456 2704 καὶ
493 2648 550 2704 ὅν
586 2649 839 2725 ἐγέννησε
878 2645 1046 2725 φόϐον
1108 2650 1135 2704 ὁ
1193 2649 1390 2723 νόμος,
1441 2647 1693 2722 ἐλεήμων
1722 2652 1831 2721 (73)
1863 2649 2022 2709 οὗτος

367 2737 446 2802 sic
486 2738 779 2812 σωτηρίαν.
834 2763 861 2790 ι(
918 2738 1320 2810 Ἐλεημοσύναι
1381 2735 1439 2792 δὲ
1471 2741 1602 2810 (74),
1648 2737 1737 2792 καὶ
1792 2738 2020 2805 πίστεις,

367 2829 458 2880 καὶ
493 2824 744 2897 ἀλήθεια,
805 2829 880 2899 μὴ
915 2827 1281 2882 ἐκλιπέτωσάν
1344 2846 1418 2881 σε·
1490 2826 1696 2904 ἄφαψαι
1752 2823 1808 2880 δὲ
1857 2825 2019 2888 αὐτάς

378 2915 504 2987 περὶ
535 2919 612 2986 σῷ
639 2914 930 2990 τραχήλῳ.
966 2941 993 2968 ››
1025 2917 1264 2991 Ὁμοίως
1325 2915 1382 2972 δὲ
1435 2921 1516 2990 τῷ
1562 2915 1763 2987 Παύλῳ
1824 2917 1856 2985 ἡ
1888 2936 2020 2987 προ-

378 3000 573 3078 φητεία
603 3005 711 3074 (75)
745 3002 996 3073 ὀνειδίζει
1030 3007 1119 3059 τὸν
1155 3005 1309 3079 λαὸν,
1369 3007 1442 3068 ὡς
1498 3007 1574 3077 μὴ
1632 3008 1876 3060 συνιέντα
1928 3003 2018 3058 τὸν

368 3091 560 3162 νόμον
596 3115 622 3141 ‹‹
659 3091 982 3166 Σύντριμμα
1037 3095 1124 3149 καὶ
1180 3095 1529 3169 τα)αιπωρία
1587 3093 1640 3149 ἐν
1696 3100 1815 3155 ταῖς
1871 3091 2022 3154 ὁδοῖς

372 3179 578 3246 αὐτῶν,
627 3181 714 3235 καὶ
763 3179 888 3235 ὁδὸν
941 3183 1162 3257 εἰρήνης
1215 3184 1314 3239 οὐκ
1395 3178 1658 3258 ἔγνωσανο
1733 3184 1832 3238 οὐκ
1909 3177 2019 3238 ἔστι

370 3262 540 3346 φόϐος
589 3273 722 3324 Θεοῦ
779 3271 1032 3326 ἀπέναντι
1087 3277 1194 3327 τῶν
1285 3271 1584 3351 ὀφθαλμῶν
1659 3273 1855 3329 αὐτῶν.
1907 3273 2023 3326 Φά-

365 3378 586 3420 σκοντες
639 3359 771 3414 εἶναι
825 3361 1005 3437 σοφοὶ,
1064 3360 1479 3438 ἐμωράνθησαν.
1530 3360 1770 3437 υἷ’δαμεν
1826 3360 1883 3417 δὶ
1938 3362 2023 3417 δτι

366 3443 538 3501 καλὸς
572 3448 600 3502 ὁ
631 3447 824 3521 νόμος,
857 3448 944 3504 ἐάν
976 3471 1057 3512 τις
1089 3450 1234 3523 αὐτῷ
1273 3452 1530 3526 νομίμως
1565 3454 1842 3527 χρήσηται
1890 3455 2021 3524 (76)°

370 3536 424 3590 οἱ
457 3533 515 3590 δὶ
548 3535 799 3601 θέλοντες
827 3537 962 3592 εἶναι
992 3538 1458 3612 νομοδιδάσκαλοι
1517 3542 1582 3596 οὐ
1611 3546 1794 3596 νοοῦσι
1826 3544 1963 3614 (77),
2000 3565 2020 3592 ι

372 3627 540 3704 φησὶν
574 3626 601 3679 ὁ
625 3625 980 3690 Ἀπέστολος,
1013 3652 1040 3679 ι(
1073 3627 1199 3683 οὔτε
1221 3629 1541 3702 ἀλέγουσιν,
1575 3628 1833 3707 οὕτεπερὶ
1862 3652 2024 3686 τινων

375 3709 839 3770 διαϐεϐαιοῦνται·
897 3740 925 3769 ››
983 3718 1054 3771 Τὸ
1115 3715 1172 3772 δὶ
1253 3716 1412 3781 τέλος
1482 3723 1582 3787 τῆς
1662 3718 2027 3796 παραγγελίας

374 3803 553 3879 ἀγάπη
591 3804 649 3859 ἔκ
681 3806 916 3878 καθαρᾶς
949 3803 1194 3878 καρδίας,
1245 3808 1335 3861 καὶ
1391 3806 1749 3879 συνειδήσεως
1806 3809 2030 3886 ἀγαθῆς,

369 3892 462 3948 καὶ
493 3890 728 3958 πίστεως
757 3894 1141 3969 ἀνυποκρίτου.

2127 1848 2375 1920 gistrum
2408 1847 2747 1913 infantium,
2800 1847 3118 1902 habentem
3151 1847 3400 1903 formam
3431 1849 3694 1904 scientiae
3728 1855 3783 1903 et

2130 1937 2389 1992 veritatis
2420 1938 2480 1991 in
2511 1937 2640 2009 lege
2669 1938 2766 2007 (ὸ).
2804 1957 2829 1984 κ
2865 1938 2997 1991 llam
3029 1937 3187 1992 enim
3235 1954 3407 2008 posse
3460 1938 3671 2010 legem,
3697 1945 3788 1993 est

2129 2033 2293 2082 extra
2322 2027 2787 2083 controversiam
2825 2045 2837 2093 ;
2873 2028 3104 2082 etiamsi
3127 2028 3190 2092 ii,
3226 2029 3324 2098 qui
3353 2028 3532 2082 vitam
3570 2029 3783 2102 exlege

2127 2133 2248 2172 non
2273 2116 2614 2184 instituunt,
2673 2133 2734 2171 se
2763 2122 3047 2187 tanquam
3080 2117 3140 2171 in
3185 2116 3313 2189 lege
3344 2117 3674 2190 glorientur
3702 2119 3786 2172 vi-

2127 2221 2281 2261 vere.
2313 2228 2342 2254 ‹‹
2377 2207 2590 2260 Beatus
2621 2212 2710 2260 est
2739 2212 2937 2260 autem
2991 2205 3097 2273 vir,
3158 2207 3258 2277 qui
3291 2207 3520 2261 invenit
3547 2208 3783 2278 sapien-

2129 2295 2270 2350 tiam
2298 2312 2311 2350 :
2347 2300 2405 2349 et
2433 2294 2832 2365 mortalis.qui
2863 2293 3009 2348 vidit
3036 2295 3518 2366 prudentiam.Ex
3549 2313 3650 2350 ore
3681 2313 3787 2350 au-

2128 2389 2248 2439 tem
2270 2384 2480 2455 ipsius,
2509 2403 2533 2434 ι
2557 2384 2863 2454 sapientia:
2887 2383 3136 2450 scilicet,
3167 2405 3192 2435 ιι
3213 2384 3449 2454 justitia
3463 2384 3782 2457 egreditur.

2129 2473 2318 2545 legem
2349 2479 2546 2527 autem
2572 2480 2631 2526 et
2660 2471 3130 2527 misericordiam
3162 2473 3278 2527 fert
3306 2475 3367 2527 in
3398 2473 3602 2545 lingua
3631 2474 3722 2542 (c).
3753 2495 3773 2519 ι

2128 2563 2276 2616 Sunt
2303 2561 2464 2616 enim
2496 2563 2672 2615 unius
2695 2559 2931 2615 Domini
2956 2582 2983 2609 «
3008 2562 3401 2632 operatio,qui
3434 2568 3523 2617 est
3541 2563 3640 2617 Dei
3672 2563 3782 2615 vir-

2127 2656 2223 2704 tus
2253 2656 2312 2704 et
2342 2651 2634 2721 sapientia
2654 2651 2751 2720 (d).
2790 2672 2816 2698 η
2849 2649 2945 2704 lex
2977 2655 3034 2704 et
3076 2651 3455 2723 Evangelium
3483 2669 3494 2705 :
3519 2657 3580 2707 et
3601 2667 3777 2722 quem

2129 2739 2404 2793 timorem
2435 2739 2640 2810 genuit
2671 2739 2784 2804 lex,
2847 2741 2899 2794 is
2931 2746 3021 2794 est
3048 2739 3389 2794 misericors
3410 2739 3482 2796 ad
3506 2741 3780 2796 salutem.

2128 2849 2156 2876 «
2192 2827 2596 2898 Eleemosynaa
2619 2833 2841 2895 autem,
2873 2829 3045 2891 ﬁdes.
3079 2835 3139 2883 et
3166 2829 3381 2883 veritas
3423 2847 3495 2884 ne
3522 2835 3579 2885 te
3611 2828 3784 2883 dese-

2127 2922 2283 2981 rant,
2308 2916 2487 2987 alliga
2508 2923 2705 2971 autem
2735 2934 2833 2972 eas
2855 2919 3008 2973 collo
3027 2917 3260 2988 tuo(e).»
3283 2918 3569 2973 Similiter
3584 2923 3783 2974 autem

2129 3021 2196 3060 ac
2225 3005 2795 3077 Paulus,pr0phetia
2826 3007 3394 3078 exprobratpopulo,
3419 3007 3779 3080 quodlegem

2135 3111 2254 3148 non
2282 3095 2614 3165 intelligat:
2649 3117 2677 3143 «
2709 3096 2996 3150 Contritio
3027 3102 3086 3150 et
3133 3096 3374 3151 afﬂictio
3397 3097 3459 3152 in
3485 3097 3591 3151 viis
3624 3096 3782 3168 ipso-

2132 3201 2286 3246 rum.
2321 3190 2380 3238 et
2400 3184 2553 3239 viam
2579 3185 2742 3255 pacis
2773 3202 2893 3239 non
2918 3193 3322 3257 cognoverunt
3351 3189 3567 3256 (f).Non
3588 3192 3678 3240 est
3706 3187 3784 3240 ti-

2135 3291 2267 3330 mor
2288 3274 2386 3328 Dei
2418 3281 2556 3328 ante
2605 3273 2811 3328 oculos
2841 3275 3105 3345 ipsorum
3141 3276 3239 3346 (g).
3267 3276 3542 3330 Dicentes
3572 3292 3634 3330 se
3657 3291 3785 3330 esse

2137 3363 2456 3435 sapientes,
2490 3363 2653 3416 stulti
2687 3363 2823 3417 facti
2856 3368 2997 3417 sunt
3025 3364 3122 3430 th).
3152 3364 3381 3419 Scimus
3403 3365 3787 3435 autem,quod

2136 3453 2233 3507 lex
2254 3451 2410 3506 bona
2431 3452 2527 3518 sit,
2553 3452 2600 3506 si
2632 3451 2764 3522 quis
2792 3467 2862 3506 ea
2906 3451 3168 3523 legitime
3212 3459 3430 3506 utatur.
3459 3474 3486 3501 »
3544 3453 3652 3517 Qui
3683 3469 3789 3507 au-

2138 3548 2256 3596 tem
2292 3561 2318 3592 ι
2343 3541 2545 3594 volunt
2574 3556 2703 3594 esse
2736 3540 2880 3614 legis
2910 3540 3202 3602 doctores,
3230 3558 3348 3596 non
3391 3540 3786 3612 intelligunt,»

2139 3630 2336 3700 inquit
2362 3629 2699 3700 Apostolus,
2725 3651 2752 3678 «
2788 3645 2898 3684 nec
2920 3647 3052 3700 qua:
3085 3629 3311 3694 dicunt,
3337 3646 3448 3684 nec
3470 3630 3541 3684 de
3573 3629 3789 3700 quibus

2140 3719 2460 3773 afﬁrmant.
2509 3718 2668 3772 Finis
2720 3723 2918 3772 autem
2967 3717 3248 3788 prwcepti
3303 3724 3393 3772 est
3438 3718 3695 3773 Charitas
3722 3734 3791 3771 ex

2142 3807 2318 3864 corde
2341 3811 2577 3878 puro,et
2596 3806 2962 3861 conscientia
2983 3806 3226 3875 bona,et
3247 3807 3362 3863 ﬁde
3387 3824 3506 3862 non
3527 3807 3784 3878 δοιαὶ).-

1825 3999 2055 4054 CAPUT
2084 3997 2331 4052 XXVIII.

1539 4087 1962 4156 Quadripartita
1999 4088 2133 4156 legis
2162 4086 2411 4142 Mosaicae
2441 4083 2660 4139 divisio.

443 4185 507 4242 Ἢ
543 4186 636 4256 μὲν
672 4185 764 4240 οὖν
820 4186 958 4241 κατά
1007 4184 1242 4242 Μωυσέα
1299 4184 1602 4265 φιλοσοφία
1656 4196 1898 4263 τετραχῆ
1931 4191 2021 4244 τέ-

376 4293 584 4346 μνεται,
611 4272 687 4337 εἷς
712 4295 771 4329 τε
799 4274 864 4328 τὸ
895 4275 1168 4348 ἱστορικὸν
1225 4277 1314 4330 καὶ
1372 4276 1434 4330 τὸ
1491 4277 1694 4352 κυρίως
1733 4279 2032 4348 λεγόμενον

2212 4193 2281 4246 At
2325 4190 2578 4245 Mosaica
2634 4188 2876 4261 quidem
2934 4191 3313 4263 philosophia
3363 4192 3794 4264 quadripartito

2144 4278 2446 4346 dividitur,
2482 4279 2542 4334 in
2576 4285 2805 4350 partem
2838 4280 3204 4346 historicam,
3242 4288 3301 4337 et
3330 4298 3460 4337 eam
3495 4299 3627 4352 quae
3651 4298 3792 4352 spe-

371 4363 744 4434 νομοθετικόνο
778 4361 912 4438 ἆπερ
975 4360 1034 4417 ἅν
1097 4362 1179 4432 εἷή
1237 4370 1337 4432 τῆς
1394 4365 1597 4434 ἠθικῆς
1655 4367 2021 4440 πραγματείας

2140 4370 2372 4425 cialiter
2397 4369 2853 4441 vocaturlegalis
2879 4386 2891 4422 :
2918 4387 3048 4441 quae
3075 4371 3205 4426 duae
3236 4372 3557 4427 admorum
3578 4371 3795 4427 doctri-

447 4487 510 4565 :Xf
538 4490 600 4565 ι).
630 4491 736 4542 424
765 4489 875 4565 ιιι).
911 4490 1202 4565 PQTTER,
1228 4492 1332 4545 354
1364 4493 1474 4545 ED.
1502 4493 1729 4547 PARIS.
1763 4492 1840 4563 (α)
1879 4493 1890 4543 l
1921 4494 2021 4547 Pet

2139 4511 2184 4565 vi.
2215 4496 2269 4546 8.
2298 4493 2375 4561 (ὁ)
2407 4495 2572 4547 Rom.
2605 4509 2664 4554 ιι,
2702 4496 2787 4565 17,
2824 4494 3028 4559 18,19,
3060 4495 3148 4548 20.
3185 4496 3257 4565 (c)
3289 4497 3453 4549 Prov.
3489 4513 3570 4562 ιιι,
3598 4497 3790 4554 13.16.

378 4559 511 4638 ((1)1
531 4560 852 4638 Go_r._x._‘_24,
882 4560 953 4631 te)
974 4562 1262 4638 Ριιρνηιιι,
1287 4565 1337 4616 3.
1372 4566 1440 4634 (Γ)
1472 4566 1583 4619 lsa.
1615 4581 1728 4633 le,
1757 4559 1909 4630 7,8;
1943 4566 2021 4620 Ro

2139 4564 2223 4628 ιὶι,
2259 4559 2465 4631 16,17.
2495 4565 2570 4633 (g)
2597 4564 2750 4620 Psal.
2781 4581 2902 4627 xm,
2939 4566 2969 4618 3
3004 4559 3352 4634 ;Rom.'1u,
3389 4569 3474 4624 18.
3509 4559 3590 4638 (h)
3622 4569 3786 4622 Rom.

377 4649 420 4696 1,
452 4635 538 4686 22.
573 4634 636 4698 (ἱ)
666 4632 689 4685 Ι
720 4632 866 4686 Tim.
895 4647 936 4698 ι,
970 4633 1022 4698 8,
1053 4633 1108 4697 7,
1143 4636 1196 4686 5.

451 4758 557 4828 (69)
590 4752 653 4832 _El
683 4749 795 4832 8t.“
815 4757 980 4810 Rom.
1021 4773 1095 4832 ⁸ιι,
1150 4751 1268 4832 ἴδε,
1297 4760 1452 4832 _vide,
1511 4760 1712 4832 inquit
1756 4759 2026 4832 Sylburg.

376 4821 715 4902 Legendum
746 4821 845 4902 ἴδε,
880 4821 1191 4902 quodnon
1219 4821 1364 4883 vidit
1394 4821 1708 4902 interpres.
1734 4821 2032 4902 Lerna;-

375 4893 523 4974 Mo'x,
553 4893 868 4974 ἐπαναπαύῃ
899 4893 977 4967 τῷ
1005 4896 1185 4970 νόμῳ,
1216 4906 1284 4954 ut
1334 4903 1511 4973 paulo
1555 4893 1705 4974 'post
1753 4908 1853 4970 τῆς
1894 4900 2029 4970 ἀλη·

372 4969 537 5031 θείας.
570 4970 840 5024 SYLBURG.

447 5043 560 5112 (70)
587 5041 696 5112 Τοῦ
718 5042 872 5112 Θεοῦ.
901 5039 1083 5096 Abest
1111 5058 1145 5096 a
1165 5043 1330 5097 Rom.

376 5186 411 5242 S
451 5116 562 5184 (71)
594 5111 784 5184 Ἀνήρ.
821 5113 984 5166 Prov.
1018 5128 1077 5165 ιιι
1110 5114 1448 5184 generalius
1469 5111 1754 5189 ἄνθρωπος
1788 5116 2026 5180 habent.

416 5200 648 5240 YLBURG.

416 5200 648 5240 YLBURG.

448 5251 1187 5332 (72J_A6vaptc._liespicit
1226 5257 1264 5332 ,Ι
1312 5257 1443 5312 Cor.
1504 5275 1541 5324 ι,
1605 5261 1672 5312 24
1721 5276 1732 5313 :
1796 5258 2023 5332 Χριστὸν

373 5321 510 5382 Θεὸῦ
533 5321 790 5398 δύναμιν,
823 5321 911 5377 καὶ
936 5321 1078 5398 ΫΘεοῧ
1110 5324 1318 5398 σοφίαν.

445 5402 556 5466 (73)
588 5397 900 5468 Ἐλεήμων.
933 5397 1050 5452 Hoc
1099 5397 1284 5462 addit,
1344 5405 1410 5454 ut
1465 5400 1880 5457 haereticorum
1933 5419 2024 5456 ar-

410 5477 655 5527 umento
687 5473 976 5532 occurrat,
1027 5470 1372 5543 negantium
1406 5471 1596 5543 legem
1645 5491 1680 5527 a
1726 5473 1882 5527 bono
1910 5474 2024 5528 Deo

410 5489 655 5527 umento
687 5489 976 5532 occurrat,
1027 5489 1372 5542 negantium
1406 5489 1596 5543 regem
1645 5491 1680 5527 a
1726 5489 1882 5527 bono
1911 5489 1950 5527 υ

373 5489 571 5598 ﬁatam
599 5543 806 5613 fuisse,
827 5540 1088 5613 ecquod
1121 5541 1393 5613 timorem
1426 5559 1612 5613 paenae
1635 5545 1951 5598 incuteret.

448 5615 560 5685 (74)
612 5607 1011 5684 Ἐλιημοσύναι
1066 5607 1116 5665 δ.
1181 5607 1580 5684 Ἐλεημοσύναι
1658 5613 1748 5668 καὶ
1815 5613 2025 5676 πίστεις

2145 4761 2220 4831 μὴ
2258 4756 2656 4834 έκλε-ιπέτωσάν
2686 4778 2762 4825 σε,
2797 4761 3096 4828 Proverb.,
3130 4763 3229 4818 ubi
3285 4780 3421 4818 mox
3451 4761 3535 4816 ἐπὶ
3571 4765 3650 4832 σῷ
3707 4781 3790 4834 τρ.

2139 4850 2245 4904 pro
2277 4830 2400 4903 περὶ
2432 4834 2510 4900 σῷ
2531 4850 2614 4901 τρ.

2211 4898 2710 4975 (75)’Προφῃ’τεία.
2772 4902 2995 4975 Αᾶίὶἀ,
3047 4906 3204 4975 quod
3262 4906 3508 4973 dixerat,
3571 4905 3790 4960 conﬁr-

2138 4975 2423 5030 mandum
2481 4974 2708 5028 scilicet
2730 4974 2887 5043 quod
2922 4975 3014 5029 lex
3036 4974 3193 5032 bona
3225 4978 3320 5044 sit,
3354 4984 3412 5032 et
3441 4977 3793 5032 cbaritatem

2182 5047 2507 5116 raaceperit,
2531 5044 2886 5121 perindeac
2905 5047 3586 5121 Evangeliumquamvis
3607 5049 3793 5104 Judaai

2182 5066 2507 5116 raeceperu,
2541 5066 2788 5111 penum:
2820 5066 2886 5099 ac
2905 5066 3586 5121 nvangenumquamvns
3607 5066 3793 5104 Juuan

2138 5066 2250 5173 Eoo
2282 5135 2400 5172 non
2433 5118 2575 5190 satis
2607 5116 3317 5190 intellexerintqumdam
3344 5121 3658 5190 utriusque
3683 5122 3793 5175 Te-

2138 5189 2416 5246 stamenti
2449 5189 2580 5263 loca
2620 5187 2950 5254 adducit,in
2985 5187 3200 5260 quibus
3247 5187 3586 5247 Judaeoruni
3627 5193 3788 5263 igno-

2136 5263 2331 5318 rantia
2360 5261 2727 5332 reprehensa
2744 5264 2858 5332 _est.

2207 5335 2320 5405 (76)
2379 5329 2950 5405 Χρἥηταξ-ηΧρῆται
3002 5332 3156 5403 apud
3218 5333 3487 5388 Paulum.
3543 5334 3703 5397 Mox,
3738 5331 3789 5382 οἳ

2137 5400 2223 5472 δέ,
2249 5400 2570 5460 Clementis
2593 5400 3067 5458 additamentum
3102 5409 3210 5459 est.

2208 5479 2318 5547 (77)
2349 5474 2423 5547 νυ
2452 5476 2657 5547 νοοῦσι.
2707 5473 2797 5547 Μὴ
2833 5477 3078 5534 νοοῦντες
3109 5475 3264 5546 apud
3309 5475 3579 5529 Paulum.
3614 5472 3785 5547 Dein,

2137 5538 2278 5672 μήτε
2302 5538 2369 5599 ἱέὶ
2408 5543 2650 5628 λέγουσι’,
2713 5538 2852 5616 μήτε
2903 5565 2971 5599 π.
3032 5538 3181 5615 Μοί,
3225 5551 3325 5612 τῆς
3413 5538 3784 5620 παραγγελίας

2165 5619 2279 5672 στὶν
2309 5618 2515 5672 ἀγάπη.
2550 5617 2700 5672 Ibid.

2165 5619 2279 5673 στὶν
2309 5617 2515 5692 ἀγάπη.
2550 5617 2700 5673 Ibid.
