4044 6154
286 249 396 323 927

1520 267 1926 328 CLEMENTIS
1960 273 2462 330 ALEXANDBINI

3590 273 3698 332 928

289 380 363 436 ad
396 385 581 439 totum
611 383 958 457 ﬁgmentum
1000 387 1542 461 interpretationis:
1591 394 1662 448 de
1718 395 1932 448 Graecis

2055 391 2228 462 λήνων
2263 395 2417 470 φησί,
2449 395 2547 464 τὴν
2599 393 2777 464 οἴησιν
2827 395 3000 450 αὐτῶν
3053 419 3082 448 ‹‹
3118 394 3299 471 βραχύ
3349 399 3460 464 (97)
3489 417 3543 450 τι
3573 395 3694 452 δια-

294 477 490 526 autem
527 473 669 528 dicit
700 492 904 530 eorum
937 477 1281 547 opinionem
1333 504 1359 528 ‹‹
1411 499 1618 553 parum
1653 484 1794 553 quid
1821 482 1934 536 dif-

289 560 444 617 ferre
467 563 752 618 afabulis.
782 585 808 613 »
836 567 960 620 Non
985 569 1300 623 suntenim
1334 572 1594 641 pueriles
1626 571 1934 626 audiendas

285 649 526 718 fabulae,
561 652 663 706 sed
695 669 803 708 nec
857 654 976 709 illm
1028 657 1266 721 fabulae,
1309 677 1440 730 quas
1473 677 1506 714 a
1535 662 1737 732 pueris
1768 662 1936 716 facta:

290 746 451 795 sunt.
485 763 511 790 «
552 746 736 796 Puero
772 766 792 791 ι
828 750 1024 801 autem
1084 747 1232 802 dixit
1289 751 1445 821 ipsas
1501 752 1744 822 quidem
1777 758 1937 808 certe

286 827 540 891 fabulas.
594 835 796 901 utpote
855 835 1011 904 quod
1061 853 1270 907 parum
1325 841 1706 912 perspiciam,
1739 842 1839 911 qui
1875 857 1935 895 se

288 921 446 987 apud
471 918 702 974 Graacos
762 922 1104 979 existimant
1161 927 1497 997 sapientes:
1533 946 1636 998 per
1663 953 1688 978 ‹‹
1725 947 1934 984 canam

288 1003 688 1077 disciplinam,
725 1033 746 1060 ι
798 1013 973 1066 tacite
1033 1015 1375 1086 significans
1433 1018 1934 1088 antiquissimam,

289 1110 420 1164 quas
444 1103 532 1150 est
553 1098 710 1167 apud
730 1098 1036 1166 barbaros,
1065 1104 1370 1159 veritatem
1395 1122 1406 1158 :
1432 1107 1524 1160 cui
1550 1107 1723 1160 verbo
1748 1123 1932 1178 oppo-

289 1183 407 1237 suit
437 1183 608 1254 illud,
672 1208 700 1235 ‹‹
732 1205 880 1258 puer
935 1189 1170 1247 fabula:
1208 1216 1234 1242 ››
1292 1211 1546 1265 arguens
1604 1195 1937 1250 fabulosam

287 1273 619 1329 recentium
654 1279 1089 1348 tractationem,
1113 1287 1177 1336 ut
1198 1299 1351 1352 quae,
1375 1301 1693 1354 puerorum
1727 1286 1934 1354 instar,

287 1361 440 1416 nihil
471 1363 686 1419 habeat
715 1367 1018 1438 antiquius
1043 1387 1056 1436 ;
1085 1377 1410 1442 utrumque
1438 1375 1854 1440 communiter,
1881 1379 1939 1427 et

286 1450 521 1508 fabulas
553 1470 780 1524 eorum,
816 1463 874 1511 et
901 1461 1218 1527 orationes,
1265 1478 1393 1517 esse
1443 1465 1703 1534 pueriles
1734 1471 1937 1519 osten-

288 1540 455 1596 dens.
489 1543 694 1598 Divine
726 1561 859 1618 ergo
892 1554 1152 1618 potestas
1174 1551 1296 1617 illa,
1327 1569 1458 1623 quas
1483 1555 1710 1608 Hermae
1745 1555 1933 1624 loqui-

291 1635 388 1684 tur
402 1631 463 1685 in
482 1633 927 1702 revelationes,«
945 1639 1268 1699 Visiones.»
1289 1641 1536 1711 inquit,«
1557 1643 1934 1697 etrevelatio-

2045 483 2223 558 φέρειν
2287 482 2493 554 μύθων’
2530 507 2559 534 ››
2618 482 2682 538 οὐ
2742 485 2844 558 γὰρ
2909 485 3093 556 μύθων
3147 481 3416 539 παιδικῶν
3477 485 3696 556 ἐξακου-

2044 572 2220 632 στέον,
2254 567 2379 624 οὐδὲ
2433 571 2539 642 μὴν
2596 576 2703 626 τῶν
2760 577 2875 633 τοῖς
2935 572 3086 626 παισὶ
3143 574 3451 648 γενομένων
3488 574 3696 646 μύθων.

2049 682 2070 708 ι
2109 655 2310 720 Παῖδας
2343 684 2370 710 ››
2404 657 2461 713 δὲ
2493 657 2705 733 ενρηκεν
2736 661 2932 723 αὐτούς
2988 682 3052 735 γε
3106 661 3235 722 τοὺς
3265 661 3490 735 μύθους,
3523 663 3600 724 ὡς
3634 661 3696 717 ἂν

2047 747 2240 822 μικρὸν
2303 745 2612 824 διορώντων
2672 754 2777 804 τῶν
2832 752 2960 824 παρ’
3013 747 3284 820 Ἓλλησιν
3331 747 3691 829 οἷησισόφων·

2043 836 2416 908 αἰνιττόμενος
2447 861 2475 889 ‹‹
2501 838 2562 891 τὸ
2598 837 2828 910 μάθημα
2859 839 2919 892 τὸ
2950 836 3147 892 πολιὸν
3181 864 3208 889 κ
3253 840 3352 907 τήν
3384 841 3533 916 παρὰ
3561 841 3698 916 βαρ·

2042 920 2232 1000 ϐάροις
2278 928 2712 1002 προγενεστάτην
2773 926 3053 997 ἀλήθειαν.
3114 929 3160 1000 ᾦ
3221 927 3442 1004 ῥήματα
3491 930 3701 986 τέθεικε

2039 1017 2123 1083 τὸ,
2162 1041 2186 1070 α
2219 1023 2345 1078 παῖς
2379 1022 2571 1088 μῦθοςο
2615 1044 2634 1067 ο
2693 1018 2756 1072 τὸ
2817 1019 3042 1090 μυθικὸν
3100 1026 3199 1087 τῆς
3253 1025 3359 1074 τῶν
3412 1019 3696 1096 νεωτέρων

2041 1101 2311 1175 ἐπιϐολῆς
2345 1103 2669 1182 διελέγχων,
2727 1107 2820 1174 ὡς,
2879 1105 3036 1177 δίκην
3085 1106 3316 1178 παίδων,
3361 1107 3529 1182 μηδὲν
3558 1131 3696 1184 πρε-

2041 1187 2298 1268 σϐύτερον
2329 1192 2590 1266 ἐχούσηςο
2633 1191 2799 1269 ἄμφω
2845 1197 3062 1264 κοινῶς,
3111 1194 3238 1256 τοὺς
3285 1194 3488 1268 μύθους
3517 1195 3700 1252 αὐτῶν

2041 1283 2129 1336 καὶ
2187 1281 2312 1343 τοὺς
2372 1280 2593 1357 λόγους,
2651 1279 2938 1346 παιδικοὺς
2996 1284 3129 1338 εἶναι
3188 1304 3474 1359 παριστας.
3526 1286 3702 1350 Θείως

2038 1371 2218 1425 τοίνυν
2253 1373 2365 1444 (98)
2397 1373 2430 1439 ἡ
2467 1369 2697 1444 δύναμις
2753 1373 2786 1440 ἡ
2841 1377 2920 1443 τῷ
2976 1372 3150 1446 Ἑρμᾷ
3180 1375 3316 1428 κατὰ
3345 1373 3700 1450 ἀποκάλυψιν

2041 1457 2310 1527 λαλοῦσα,
2341 1485 2368 1512 ι(
2400 1461 2481 1516 Τὰ
2510 1461 2780 1533 ὁράματα,
2818 1485 2846 1511 ››
2879 1462 3034 1536 φησὶ,
3070 1485 3091 1512 σι
3127 1463 3215 1516 καὶ
3267 1464 3334 1517 τὰ
3365 1461 3702 1536 ἀποκαλύμ-

2044 1570 2186 1622 ματα
2217 1546 2304 1603 διὰ
2332 1547 2457 1608 τοὺς
2491 1547 2785 1623 διψύχους,
2817 1549 2943 1612 τοὺς
2975 1547 3465 1624 διαλογιζομένους
3497 1551 3548 1606 έν
3579 1559 3705 1617 ταῖς

2038 1635 2286 1711 καρδίαις
2342 1636 2542 1704 αὐτῶν,
2603 1636 2648 1691 εἰ
2709 1634 2811 1712 ἄρα
2867 1636 2979 1693 ἐστὶ
3036 1639 3291 1708 ταῦτα,ἤ
3343 1639 3444 1696 οὐκ
3494 1639 3630 1699 ἔστι.
3671 1666 3700 1692 ››

293 1735 400 1773 nes
421 1727 663 1792 propter
692 1739 791 1778 eos
818 1725 918 1795 qui
952 1733 1089 1781 sunt
1115 1728 1338 1799 duplici
1369 1731 1566 1796 corde,
1600 1731 1701 1800 qui
1733 1731 1933 1800 dispu-

2055 1727 2280 1800 Ομοίως
2312 1723 2369 1781 δὲ
2416 1727 2508 1781 καὶ
2552 1727 2612 1782 ἐκ
2657 1734 2757 1796 τῆς
2803 1727 3160 1800 πολυμαθοῦς
3211 1731 3526 1802 περιουσίας
3558 1731 3695 1786 ἀπο-

293 1811 420 1862 tant
450 1809 509 1862 in
541 1811 820 1866 cordibus
862 1815 1005 1882 suis,
1057 1817 1178 1870 sint
1226 1832 1313 1883 ea,
1347 1835 1556 1872 necne.
1593 1840 1621 1866 »
1653 1819 1936 1872 Similiter

294 1903 490 1952 autem
534 1915 603 1952 ex
656 1899 1014 1956 redundanti
1073 1921 1309 1975 quoque
1358 1905 1642 1960 doctrinae
1670 1906 1734 1968 ›ι‹
1763 1908 1936 1978 copia

289 1986 677 2042 corroborant
703 1987 1261 2059 demonstrationes,
1310 1995 1668 2065 ﬁrmantque
1698 2011 1766 2050 ac
1795 1997 1931 2049 fun-

289 2074 434 2129 dant
485 2075 747 2132 rationes
804 2078 1321 2142 demonstrativas.
1353 2091 1648 2154 quatenus
1706 2100 1931 2151 eorum,

291 2169 572 2233 tanquam
595 2167 904 2238 juvenum,
927 2177 1162 2226 mentes
1181 2172 1374 2228 adhuc
1397 2173 1661 2244 pendent
1689 2173 1934 2228 instabi-

288 2252 376 2307 les
397 2268 551 2309 aere.
569 2277 595 2303 ‹‹
619 2255 883 2313 Lucerna
903 2275 1040 2332 ergo
1062 2266 1152 2315 est
1169 2269 1529 2333 praeceptum
1551 2263 1775 2317 bonum
1799 2264 1931 2332 (a).»

291 2347 356 2395 ut
386 2342 510 2396 vult
540 2343 840 2415 Scriptura
870 2364 882 2400 :
935 2370 962 2396 ‹‹
998 2349 1091 2402 lex
1146 2357 1345 2405 autem
1406 2357 1496 2406 est
1552 2352 1752 2406 lumen
1787 2352 1930 2411 vim:

288 2430 410 2485 vias
469 2433 629 2487 enim
679 2436 810 2490 vitm
864 2439 1058 2509 arguit
1109 2437 1512 2510 disciplina.»
1572 2443 1680 2495 Lex
1731 2441 1937 2512 regina

289 2526 377 2574 est
407 2523 674 2577 omnium
733 2527 1077 2582 mortalium
1135 2535 1194 2583 et
1245 2531 1696 2588 immortalium.
1742 2529 1937 2600 inquit

287 2607 599 2666 Pindarus.
622 2615 737 2686 Ego
761 2621 958 2671 autem
979 2633 1085 2689 per
1105 2618 1231 2674 haec
1253 2636 1410 2683 eum,
1437 2620 1537 2690 qui
1567 2620 1752 2691 legem
1779 2619 1932 2680 tulit,

2045 1815 2233 1886 δείξεις
2271 1816 2712 1892 ἰσχυροποιοῦσι,
2762 1816 2851 1871 xui
2911 1811 3190 1892 βεϐαιοῦσι
3239 1819 3329 1874 καὶ
3377 1818 3696 1891 θεμελιοῦσι

2043 1904 2171 1966 τοὺς
2205 1904 2404 1980 λόγους
2432 1903 2561 1966 τοὺς
2592 1903 3031 1976 ἀποδεικτικοὺς,
3064 1906 3188 1962 ὅσον
3218 1905 3295 1962 ἔτι
3328 1909 3380 1963 αἱ
3411 1908 3583 1964 αὐτῶν
3618 1909 3698 1970 ὡς

2043 1995 2176 2049 νέων
2207 1993 2393 2071 φρένες
2444 1997 2554 2066 (99)
2602 1995 2938 2067 ἠερέθονται.
2993 2020 3022 2046 ‹‹
3062 1998 3339 2072 Λαμπτὴρ
3371 2001 3446 2068 (Ι)
3479 1996 3578 2070 ἄρα
3611 1995 3698 2051 ἐν-

2040 2083 2181 2150 τολή
2242 2083 2437 2156 ἀγαθὴ,
2473 2113 2500 2133 υ
2552 2083 2689 2137 κατὰ
2736 2085 2835 2152 τήν
2891 2087 3135 2162 Γραφήν⁸
3196 2109 3223 2135 ι(
3259 2087 3425 2159 νόμος
3483 2084 3542 2140 δὲ
3585 2090 3702 2161 φῶς

2043 2169 2193 2226 ὁδοῦ·
2227 2169 2388 2232 ὁδοὺς
2419 2170 2523 2245 γὰρ
2560 2170 2809 2243 βιότητος
2841 2171 3060 2247 ἐλέγχει
3091 2171 3327 2231 παιδεία.
3353 2199 3381 2225 ››
3417 2177 3608 2247 Νόμος
3633 2179 3710 2246 (2)

2046 2261 2074 2315 ὀ
2104 2261 2315 2315 πάντων
2369 2257 2648 2333 βασιλεὺς,
2700 2262 2911 2330 θνητῶν
2961 2281 3020 2316 τε
3077 2261 3168 2316 xui
3219 2263 3523 2332 ἀθανάτῶν,
3556 2261 3709 2336 λέγει

2044 2345 2330 2422 Πίνδαρος.
2366 2348 2504 2421 Ἐγὼ
2537 2344 2595 2401 δὲ
2623 2347 2714 2401 τὸν
2748 2349 2972 2420 θέμενον
3022 2351 3115 2403 τὸν
3164 2350 3332 2421 νόμον
3377 2347 3466 2404 διὰ
3494 2349 3710 2405 τούτων

2043 2436 2303 2508 ἐξακούω.
2361 2435 2450 2489 καὶ
2507 2437 2570 2490 τὸ
2627 2457 2686 2510 γε
2743 2433 3016 2492 Ἡσιόδιον
3206 2437 3292 2491 ἐπὶ
3344 2441 3442 2491 τοῦ
3480 2437 3703 2491 πάντων

2045 2523 2307 2599 λελέχθαι
2340 2527 2473 2578 Θεοῦ
2504 2518 2794 2596 λαμϐάνω,
2843 2524 2888 2578 εἰ
2940 2525 3030 2579 καὶ
3075 2530 3450 2600 στοχαπικῶς
3481 2524 3704 2601 εἷ’ρηται

2044 2619 2121 2685 τῷ
2151 2617 2379 2685 ποιητῇ,
2411 2610 2538 2666 ἀλλ’
2571 2611 2636 2666 οὐ
2665 2614 3113 2683 καταληπτικῶς.

285 2699 592 2773 intelligo:
646 2710 704 2757 et
746 2705 1099 2762 Hesiodeum
1149 2708 1298 2763 illud
1346 2708 1569 2764 dictum
1619 2709 1843 2779 accipio
1887 2707 1959 2761 de
2010 2707 2126 2760 Deo
2176 2704 2609 2770 universorum,
2659 2703 2890 2759 etiamsi
2937 2721 3006 2758 ex
3057 2705 3400 2776 conjectura
3447 2722 3482 2760 a
3523 2709 3704 2775 poeta

287 2787 512 2844 dictum
543 2795 652 2852 est,
689 2808 807 2847 non
842 2800 1039 2850 autem
1074 2813 1145 2850 ex
1173 2797 1748 2868 comprehensione:

358 2888 610 2963 Humano
639 2894 826 2958 generi
852 2891 940 2946 lea:
968 2910 1204 2963 namque
1234 2902 1312 2949 est
1343 2913 1376 2949 a
1403 2897 1535 2950 Jove
1577 2895 1712 2961 lata,

358 2959 535 3036 Pisces
560 2966 727 3029 atque
755 2965 888 3030 ferae
917 2959 1266 3034 volucresque
1288 2984 1391 3036 per
1419 2984 1549 3022 aera
1573 2959 1766 3021 nantes

361 3028 574 3108 Sese_ut
603 3028 964 3108 consumant:
991 3053 1120 3090 nam
1140 3028 1238 3107 fus
1265 3028 1471 3093 nescire
1489 3045 1783 3108 putantur.

357 3102 446 3154 Ast
479 3101 757 3158 hominum
799 3109 990 3174 generi
1026 3101 1158 3177 jus;
1192 3126 1275 3164 res
1317 3101 1713 3179 pulchbrrima,
1750 3110 1926 3163 cessit.

2112 2885 2278 2963 Τόνδε
2306 2887 2405 2963 γὰρ
2437 2885 2776 2963 ἀνθρώποισι
2808 2883 2978 2963 νόμον
3014 2883 3217 2963 διέταξε
3248 2887 3512 2962 Κρονίων,

2108 2963 2148 3017 »Ι
2195 2958 2446 3034 θύσίγὰρ
2499 2960 2578 3083 (4)
2623 2958 2712 3012 καὶ
2773 2959 2930 3051 θηρσὶ
2965 2958 3056 3013 καὶ
3106 2958 3326 3022 οἴωνοῗς
3383 2958 3694 3031 πετεηνοῖς,

2111 2980 2365 3083 ’ἐσθέμεν
2399 3027 2544 3083 ἆλλή
2576 3049 2708 3083 .ους’
2745 3029 2860 3083 ius:
2895 3030 2955 3083 οὐ
2987 3027 3109 3083 δίκη
3137 3031 3246 3083 ἐστὶ
3282 3033 3395 3083 μετ’
3423 3031 3621 3083 αὐτῶν-

2111 2980 2145 3017 Ἰ
2195 2980 2446 3034 υυσιγαρ
2499 2980 2554 3031 (4
2623 2980 2712 3012 και
2773 2980 2930 3051 θηρσί
2965 2980 3056 3013 και
3106 2980 3326 3022 οιωνοις
3383 2980 3616 3029 πιτεηνο

2111 2980 2365 3101 ’ἐσθέμεν
2399 2980 2708 3105 ἀλληλοις
2745 3029 2860 3105 ἄπει
2895 3030 2955 3085 οὐ
2987 3027 3110 3105 δίκη
3131 3031 3246 3105 ⁸ἐστὶ
3281 3033 3395 3105 μετ’
3423 3031 3621 3090 αὐτῶν.

2112 3100 2475 3176 Ἀνθρώποισι
2510 3100 2557 3156 δ’
2589 3100 2756 3156 ἔδωκε
2788 3100 2962 3172 δίκην,
2985 3103 3019 3172 ἢ
3053 3100 3511 3178 πολλὸναρίστη.

286 3196 413 3252 Sive
445 3215 580 3271 ergo
608 3203 941 3259 naturalem
963 3205 1175 3278 legem,
1196 3225 1326 3277 quas
1346 3213 1436 3263 est
1455 3225 1574 3264 una
1596 3224 1728 3262 cum
1751 3223 1930 3274 gene-

2055 3198 2160 3258 Ei't’
2204 3199 2298 3256 οὖν
2345 3201 2436 3255 τὸν
2467 3202 2580 3272 ἅμα
2609 3203 2679 3274 τῇ
2711 3199 2914 3276 γενέσει
2956 3200 3109 3276 φύσει
3141 3206 3214 3274 (5)
3245 3201 3436 3275 νόμον,
3470 3200 3576 3256 εἷ’τι
3605 3200 3694 3256 καὶ

353 3295 416 3357 ’X‘
445 3299 506 3353 P.
541 3302 781 3356 427-428
814 3304 925 3357 ED.
959 3304 1250 3369 POTTER,
1283 3308 1523 3360 357-358
1555 3307 1665 3360 ΕΙ).
1703 3305 1928 3360 PAHIS.

2070 3303 2232 3356 Prov.
2265 3318 2342 3370 νι,
2373 3302 2464 3354 23.

355 3399 706 3476 (97)_Bpux'5_.
763 3401 941 3476 Plato
981 3405 1042 3458 in
1103 3407 1319 3476 Timwo,
1380 3406 1556 3476 paulo
1597 3411 1730 3476 post
1759 3404 1936 3476 verba

278 3472 406 3548 jam
438 3472 795 3548 cit_ata,_‘_ha:c
826 3474 1034 3548 adjicit
1062 3492 1074 3528 :
1108 3475 1189 3530 Ti
1219 3479 1348 3548 γοῦν
1380 3472 1568 3548 νῦν-δῇ
1597 3472 1932 3548 γενεαλογη-

287 3541 463 3619 θέντα)
499 3542 543 3596 ὦ
575 3541 802 3619 Στόλων,Δ
817 3541 937 3619 περί
978 3551 1085 3598 τῶν
1133 3541 1259 3619 παρ’
1313 3547 1438 3617 ὑμῖν
1469 3545 1500 3600 ἃ
1532 3541 1777 3616 διῆλθες,
1811 3541 1932 3600 παί-

287 3615 393 3672 δων
431 3614 611 3691 βραχῦ
668 3635 720 3668 τι
780 3612 1018 3691 διατρέφει
1077 3612 1275 3680 μύθων·
1315 3612 1515 3674 (Nam
1573 3627 1630 3673 et
1687 3612 1935 3689 Pii-ipsa.

287 3687 730 3762 quaa'modoex
788 3687 1013 3762 vestris,
1057 3691 1320 3745 historiis
1380 3691 1752 3757 recensebas,
1787 3687 1823 3745 εί
1851 3691 1931 3744 fa-

287 3759 445 3818 bulis
477 3759 826 3832 puerilibus,
860 3779 892 3814 o
926 3761 1122 3832 Solon,
1158 3779 1368 3832 parum
1401 3763 1642 3817 distant.
1677 3784 1704 3811 η

361 3835 470 3905 (98)
531 3831 822 3900 Παριστάς.
885 3831 1051 3894 Θείως
1112 3831 1172 3887 τί
1228 3837 1528 3905 Ηαριστῶν.
1591 3833 1713 3887 θεία
1762 3853 1810 3889 τ.
1871 3834 1936 3888 Η.

291 3922 404 3960 ms.
441 3904 715 3958 SYLBURG.
744 3935 811 3942 —
846 3908 1018 3957 Porro
1053 3922 1183 3974 quaa
1236 3904 1570 3974 sequuntur
1601 3923 1669 3960 ex
1703 3907 1938 3970 Herma,

295 3980 548 4040 exstant,
582 3977 822 4046 Pastoris
855 3975 954 4029 lib.
993 3991 1029 4040 ι,
1063 3977 1165 4029 vis.
1201 3979 1270 4029 li:
1320 3998 1344 4027 ιι
1377 3977 1490 4030 Alii
1523 3978 1680 4029 enim
1714 3977 1941 4046 priores

294 4053 351 4102 te
393 4052 550 4106 sunt,
585 4053 644 4099 et
676 4045 951 4100 meliores
983 4052 1057 4106 te,
1092 4046 1307 4116 quibus
1356 4048 1666 4117 oportebat
1696 4045 1942 4101 revelari

295 4119 551 4174 visiones
582 4117 688 4171 bas
714 4133 726 4170 :
761 4117 862 4172 sed
895 4123 960 4170 ut
987 4118 1416 4172 lionoriticetur
1440 4135 1659 4172 nomen
1687 4119 1810 4176 Dei.
1837 4117 1939 4171 tibi

295 4190 619 4246 revelatum
653 4195 760 4253 est,
796 4197 854 4244 et
881 4189 1257 4254 revelabitur,
1293 4196 1534 4260 propter
1572 4190 1804 4253 dubios,
1840 4189 1941 4260 qui

295 4263 557 4333 cogitant
587 4261 958 4333 ingcordibus
991 4261 1132 4325 suis,
1166 4267 1365 4314 utrum
1400 4262 1519 4315 sint
1551 4263 1675 4316 bmc
1715 4278 1790 4315 an
1822 4278 1941 4333 non

296 4331 436 4390 sint.
473 4333 573 4386 Dic
605 4331 744 4398 illis,
779 4333 936 4403 quod
970 4333 1094 4387 haec
1116 4333 1318 4388 omnia
1345 4341 1484 4387 sunt
1515 4350 1668 4399 vera,
1703 4339 1762 4387 et
1791 4331 1942 4386 nihil

296 4412 462 4460 extra
483 4404 788 4459 veritatem
819 4411 926 4470 est,
951 4404 1053 4458 sed
1077 4405 1280 4458 omnia
1301 4407 1780 4474 ﬁrma,certeque
1803 4406 1936 4458 fun-

299 4477 435 4531 data
466 4482 624 4530 sunt.
661 4499 682 4526 ι

371 4550 480 4616 (99)
513 4547 664 4602 Νέων
698 4545 905 4617 φρένες.
961 4547 1189 4603 Allusio
1250 4553 1339 4602 est
1391 4547 1464 4603 ad
1523 4547 1676 4602 illud
1708 4547 1943 4602 Homeri

300 4619 490 4681 Iliad.,
520 4622 579 4684 Γ,
614 4635 664 4671 v.
701 4620 801 4672 108
827 4635 838 4671 :

372 4721 489 4780 Αἷεί
549 4719 593 4775 δ’
653 4719 968 4796 ὁπλοτέρων
1029 4719 1238 4796 ἀνδρῶν
1291 4722 1872 4849 φρένεςδὴερέθονται.

1535 4812 1766 4849 YLBURG.

1535 4812 1766 4850 YLBURG.

373 4904 447 4972 (Ι)
484 4901 774 4973 Ααμπτήρ.
813 4901 1084 4972 Λαμπτῆρ
1135 4901 1236 4973 ἄρα
1296 4898 1492 4967 ἐντολὴ
1517 4898 1950 4973 ,ἀγαθὴλνόμος

303 4971 360 5049 δξ
384 4969 506 5049 ’φῶς
538 4969 692 5049 ὀδοῦἑ
726 4969 994 5049 Proverb.
1057 4969 1130 5049 vr,
1172 4969 1296 5027 '23:
1355 4974 1472 5025 ’ὐτι
1517 4969 1718 5049 λόχνος
1752 4969 1947 5049 ἐντολῆ

300 5044 472 5116 νόμου
503 5045 590 5096 καὶ
621 5046 760 5117 φῶς,
790 5045 1083 5117 Quoniam
1114 5045 1354 5100 lucerna
1403 5044 1750 5100 mandatum
1785 5045 1950 5117 legis,

305 5115 375 5189 et
394 5119 513 5189 lux.
542 5139 568 5162 »ι
593 5115 825 5189 Αίίιιιιὶᾶ,
850 5116 1236 5189 Symmachus
1261 5124 1320 5189 et
1337 5116 1660 5189 Theodotio
1686 5133 1697 5169 :
1737 5115 1950 5189 Λύχνος

303 5186 530 5252 ἐντολή,
560 5187 650 5240 καί
680 5185 849 5257 νόμος
875 5191 1008 5258 φὼς·
1044 5195 1109 5239 ut
1138 5188 1197 5241 in
1233 5187 1492 5242 editione
1538 5191 1800 5243 Romana
1821 5185 1950 5241 'ad-

307 5267 568 5317 notatur.
606 5258 768 5330 Vulg.
794 5275 805 5310 :
840 5279 857 5302 ι
888 5258 1175 5322 Quoniam
1190 5259 1548 5330 mandatum
1575 5260 1818 5314 lucerna
1839 5265 1950 5326 est,

305 5340 362 5388 et
394 5334 487 5388 lex
520 5331 638 5386 lux.
677 5353 704 5378 η
727 5329 813 5383 Ex
848 5330 1091 5383 Hebrmo
1131 5329 1204 5383 ad
1237 5329 1515 5382 verbum:
1553 5331 1745 5394 «Quia
1777 5337 1839 5383 ut
1861 5331 1950 5383 lu-

303 5422 483 5461 cerna
509 5411 597 5458 est
628 5401 996 5464 mandatum,
1057 5406 1116 5453 et
1175 5401 1266 5453 lex
1324 5407 1386 5453 ut
1441 5400 1578 5453 lux:
1615 5407 1672 5454 et
1702 5401 1792 5453 via
1820 5401 1951 5453 vita)

304 5483 443 5532 sunt
500 5475 936 5547 increpationes
985 5469 1361 5526 eruditionis.
1396 5492 1424 5519 »
1483 5471 1622 5524 Vide
1663 5487 1790 5542 pag.
1827 5471 1948 5525 392.

301 5550 566 5603 COLLECT.

376 5622 453 5687 (2)
485 5617 697 5687 Νόμος.
731 5619 992 5673 Muretus
1045 5615 1104 5670 in
1159 5614 1443 5687 Senecam
1473 5630 1484 5666 :
1539 5615 1748 5687 Quare_
1776 5613 1952 5687 bonis

304 5685 446 5746 viris
475 5685 632 5746 mala
661 5689 950 5746 accidant.
990 5712 1010 5737 α
1047 5689 1207 5744 Hanc
1233 5686 1294 5741 in
1325 5686 1613 5743 offensam
1666 5685 1951 5741 velocita-

2045 3407 2162 3482 tem
2188 3399 2509 3482 procedere
2528 3405 2764 3454 aeterna:
2785 3399 2929 3482 legis
2947 3399 3258 3482 imperio.»
3278 3404 3365 3458 Ita
3386 3403 3693 3482 vocabant,

2046 3473 2260 3543 inquit.
2298 3476 2556 3543 mentem
2589 3487 2655 3524 ac
2688 3473 3003 3526 consilium
3029 3473 3290 3528 divinum
3318 3491 3332 3528 ε
3358 3475 3494 3531 sive.
3522 3475 3694 3530 utCi-

2047 3542 2181 3599 cero
2214 3560 2250 3597 ιι
2284 3545 2357 3596 De
2389 3542 2614 3610 legibus,
2654 3563 2679 3590 α
2711 3544 3001 3596 rationem
3061 3553 3284 3599 rectam
3345 3547 3562 3601 summi
3594 3549 3698 3602 Jo-

2047 3616 2168 3669 vis:
2205 3638 2237 3686 »ί
2261 3621 2318 3668 et
2345 3630 2411 3686 eo
2444 3629 2622 3686 sensu
2653 3614 2800 3668 dixit
2843 3615 3158 3686 Pindarus,
3192 3618 3361 3686 νόμον
3407 3617 3541 3670 εἶναι
3569 3617 3697 3670 πάν·

2045 3707 2153 3762 των
2219 3683 2444 3762 βασιλέα
2496 3685 2710 3762 θνητῷν
2767 3685 3217 3762 καὶ-ἀθανάτων,
3264 3683 3344 3743 'ut
3401 3696 3492 3762 est
3542 3689 3700 3762 apud

2050 3759 2356 3832 Platonem
2389 3757 2447 3810 in
2483 3757 2706 3832 Gorgia.
2733 3757 2889 3828 quod
2917 3759 3092 3813 etiam
3121 3768 3397 3832 posuerat
3419 3757 3702 3832 Chrysip-

2049 3847 2160 3900 pus
2192 3829 2294 3901 lib.
2330 3845 2363 3880 ιι
2420 3827 2560 3901 [lani
2605 3827 2803 3898 νόμου,
2865 3835 2931 3883 ut
2987 3839 3075 3884 est
3121 3827 3233 3884 lib.
3270 3849 3302 3884 ιι
3358 3833 3431 3884 De
3463 3827 3694 3901 legibus.

2051 3899 2110 3955 et
2138 3900 2294 3968 apud
2326 3899 2665 3971 Euripidem
2702 3901 2936 3956 Hecuba
2958 3902 3058 3966 ait,
3085 3903 3196 3971 legi
3230 3903 3316 3955 illi
3349 3899 3531 3956 etiam
3550 3904 3696 3959 deos

2050 3971 2552 4045 paruisse_:_’A?.A’
2583 3971 2634 4023 οἱ
2665 3971 2775 4024 θεοὶ
2808 3972 3077 4045 σθένουσι,
3111 3973 3167 4045 χ’
3258 3973 3448 4025 κείνων
3479 3978 3695 4045 κρατῶν

2049 4043 2249 4116 νόμος,
2278 4043 2418 4096 Vide
2449 4043 2778 4114 fragmenta
2801 4043 3060 4098 Pindari.
3084 4043 3232 4097 Illud
3257 4061 3493 4114 quoque
3518 4043 3697 4116 paulo

2051 4121 2187 4171 ante
2220 4114 2289 4167 de
2314 4116 2596 4183 juvenum
2633 4116 2933 4170 mentibus
2967 4132 3036 4169 ex
3067 4115 3300 4169 Homeri
3335 4123 3421 4169 est
3447 4114 3614 4171 Iliad.
3643 4121 3700 4171 l‘:

2120 4181 2469 4261 Ὀπλοτέρων
2528 4181 2879 4261 δ’-ἀνδρῷν-
2927 4185 3030 4261 αίεῖ
3114 4186 3300 4261 φρένες
3357 4187 3696 4261 ἠερέθονται.

2051 4259 2308 4313 COLLSCT.
2341 4289 2408 4297 —
2432 4257 2710 4312 Eamdem
2736 4257 2974 4312 Pindari
3008 4257 3362 4313 sententiam
3395 4257 3551 4316 infra
3576 4262 3697 4316 lauv

2052 4329 2153 4384 dat
2181 4330 2475 4402 Clemens,
2507 4332 2705 4384 Strom.
2755 4348 2816 4388 ιι.
2862 4346 2991 4402 pag.
3013 4333 3148 4402 Δ367.
3183 4332 3464 4402 Origenes
3495 4334 3700 4390 Contra

2053 4401 2260 4473 Celsum
2295 4400 2374 4453 lib
2431 4417 2482 4462 v,
2516 4416 2642 4473 pag.
2679 4405 2814 4455 255:
2852 4398 2963 4473 [iui
3003 4399 3178 4473 ὀρθῶς
3210 4398 3318 4473 ,μοι
3349 4398 3526 4456 δοκέει
3565 4403 3697 4456 [liv-

1978 4477 2019 4541 Π
2053 4468 2215 4530 διοος
2266 4468 2531 4545 ποιῆσαι(
2572 4468 2739 4545 νόμον
2797 4468 3045 4545 πάντων⁷
3078 4468 3308 4545 βασιλέα
3338 4475 3516 4545 φήσας
3549 4474 3698 4528 εἶναι’

2057 4567 2083 4594 ‹‹
2119 4546 2187 4597 Et
2205 4529 2958 4618 orecte'v‘idetur'Pindarus
2999 4529 3313 4618 cecinisse,
3348 4529 3538 4618 legem
3575 4561 3699 4618 esse

2054 4630 2253 4686 regem
2287 4614 2640 4667 omnium.»
2699 4617 2836 4678 Quae
2895 4615 3080 4686 petita
3137 4624 3278 4671 sunt
3323 4614 3702 4673 ex‘Herodoti

2057 4687 2159 4740 lib.
2199 4702 2278 4762 ιιι,
2315 4701 2448 4762 cap.
2469 4687 2553 4762 38.
2580 4686 3153 4762 Eodemrespexisse
3175 4689 3407 4743 videtur
3427 4691 3701 4762 Chrysip-

2058 4774 2169 4828 pus
2202 4758 2260 4809 in
2295 4773 2402 4828 sua
2431 4757 2562 4825 legis
2593 4757 2966 4822 definitione,
3017 4775 3192 4828 quam
3247 4761 3428 4814 refert
3460 4757 3703 4816 Marcia-

2058 4827 2171 4901 nus
2206 4828 2265 4880 in
2298 4827 2409 4901 lib.
2437 4843 2474 4881 ιι
2521 4828 2740 4901 Digest.
2800 4830 2901 4901 De
2931 4827 3139 4898 legibus
3160 4830 3265 4901 :A'O
3295 4829 3464 4901 νόμος
3497 4834 3701 4885 πάντων

2059 4897 2168 4951 ἐστί
2206 4896 2481 4976 βασιλευς,
2512 4896 2667 4952 θείων
2717 4919 2774 4952 τε
2818 4898 2907 4952 xui
2959 4896 3309 4972 ἀνθρωπίνων
3346 4896 3701 4976 πραγμάτων

2061 4995 2086 5020 (ι
2125 4971 2236 5025 Lex
2266 4971 2532 5025 omnium
2569 4979 2658 5027 est
2691 4989 2812 5037 rex,
2847 4971 3298 5044 divinarumque
3330 4971 3700 5030 et'bumana-

2061 5060 2191 5098 rum
2227 5059 2446 5097 rerum.
2482 5064 2506 5091 ο

2133 5116 2207 5182 (3)
2238 5112 2308 5168 Τό
2341 5109 2717 5198 γείιισιόδιον.
2753 5116 2818 5198 Η..
2867 5131 3002 5198 ms:
3052 5113 3114 5168 τό
3144 5135 3226 5198 ’γε
3255 5113 3535 5198 Ἠσιόδου,
3570 5117 3700 5170 Sn-

2063 5203 2204 5241 BURG
2256 5217 2323 5225 —
2358 5185 2438 5257 Hi7
2456 5201 2659 5257 versus
2690 5193 2925 5241 exstant
2949 5189 3110 5257 Oper.
3144 5185 3246 5244 lib.
3282 5206 3320 5254 ι,
3354 5205 3404 5242 v.
3442 5191 3564 5243 274.

2134 5259 2204 5325 (4)
2239 5257 2369 5329 Γᾶρ.
2424 5255 2556 5329 Μέν,
2610 5257 2871 5329 Ηθδίοᾴ.,
2922 5255 3022 5312 ubi
3069 5275 3226 5329 mox,
3278 5262 3572 5329 πετεεινοῑς
3603 5271 3704 5328 pro

2061 5325 2371 5400 πετεηνοῖς,
2399 5325 2596 5400 Δἔσθειν
2643 5346 2749 5400 pro
2803 5327 3048 5400 ἐσθέμεν,
3101 5328 3242 5383 ἐστῖν
3273 5328 3356 5384 ἐπ’
3389 5331 3571 5390 αὐτοῖς
3603 5325 3704 5399 pro

2061 5396 2173 5453 ἔστὶ
2209 5400 2325 5469 μετ’
2355 5396 2553 5452 αὐτῶν.

2132 5472 2204 5540 (5)
2238 5471 2442 5523 Γενέσει
2501 5470 2678 5542 φύσει.
2765 5472 2820 5527 Si
2880 5474 3096 5528 mendo
3185 5479 3348 5529 caret
3402 5473 3704 5542 scripturi}.

2062 5540 2554 5617 asyndetonest:
2608 5543 2810 5617 qualia
2860 5561 3039 5617 supra
3086 5551 3289 5617 notata
3317 5544 3392 5600 ad
3422 5540 3549 5617 pag.
3588 5540 3702 5593 126-

2062 5560 2394 5612 asynaeton
2428 5560 2554 5597 esu
2649 5560 2810 5598 uana
2860 5561 3039 5613 supra
3086 5560 3289 5600 nataui
3317 5560 3388 5600 aa

2062 5616 2179 5668 Aut
2210 5614 2529 5686 legendum
2563 5560 2746 5690 920cc,
2785 5638 2810 5664 «
2844 5615 3022 5674 dicet.
3057 5638 3085 5664 ››
3118 5616 3388 5671 SYLBUBG.
