4044 6154
331 241 440 297 933

1676 233 2122 292 STBOMATUH
2165 234 2300 288 LIB.
2343 235 2412 289 II.

3649 235 3758 294 931

334 361 524 420 ταῖσδε
551 364 603 418 οἱ
637 362 843 419 Πανέλ)
858 381 1003 434 ηνες,
1035 361 1111 424 ὡς
1166 359 1444 437 μεγίσταις
1489 357 1842 429 ἐπιστήμαις.
1888 355 1987 415 ’Ὁς

2110 358 2486 427 Consequens
2503 363 2702 412 autem
2725 363 2834 426 est,
2868 363 2934 414 ut
2960 359 3436 431 disciplinarum,
3462 362 3562 432 qui
3581 379 3756 418 voca-

335 452 382 509 δ’
440 452 661 528 ἐλέγχει
722 454 859 525 μετά
914 449 1264 526 παρῥησίας,
1324 444 1683 522 είρηνοπόιεῖ.
1740 447 1984 521 Ἑφαμεν

336 540 394 598 δὲ
450 541 721 604 πολλάκις
771 540 882 611 ἤδη
947 543 1085 613 μήτε
1146 538 1614 612 μεμελετηκέναι.
1679 537 1817 609 μήτε
1878 533 1986 605 μὴν

336 630 672 701 ἐπιτηδεύειν
733 628 1062 700 ἑλληνίζειν
1124 629 1305 683 ἱκανὸν
1355 627 1454 703 γὰρ
1515 623 1582 696 δὴ
1636 629 1798 680 τοῦτο
1848 621 1989 676 ἀποο

340 719 692 796 δημαγωγεῖν
741 727 841 788 τῆς
893 719 1151 789 ἀληθείας
1197 717 1325 779 τοὺς
1379 714 1662 776 πολλοὺς*
1713 712 1777 767 τὸ
1827 709 1882 765 δε
1911 712 1992 781 τῷ

341 807 458 865 ὄντι
491 808 875 886 φιλοσόφημα,
909 807 1004 863 οὐκ
1037 807 1112 869 εἷς
1160 809 1260 876 τὴν
1300 811 1574 880 γλῶσσαν,
1607 800 1734 858 ἀλλ’
1767 801 1842 863 εἲς
1889 800 1990 866 τὴν

339 885 567 977 γνώμην
619 885 979 968 ὀνήσειτοὺς
1031 896 1342 958 ἐπαίοντας.
1409 900 1498 950 Δεῖ
1545 891 1615 960 δ’,
1666 892 1844 965 οἶμαι,
1897 889 1990 942 τὸν

338 976 597 1059 ἀληθείας
629 985 936 1060 κηδόμενον
970 986 1070 1041 οὐκ
1115 986 1165 1056 ἐξ
1217 981 1517 1053 ἐπιϐουλῆς
1567 983 1656 1038 καὶ
1703 976 1994 1059 φροντίδος

338 1080 438 1147 τήν
468 1079 662 1154 φράσιν
722 1079 1006 1132 συνθεῖναι·
1070 1081 1354 1149 πειρᾶσθαι
1390 1073 1446 1129 δὲ
1477 1073 1764 1146 ὀνομάζειν
1829 1071 1990 1144 μόνον

341 1168 417 1232 ὡς
451 1164 693 1235 δύναται,
727 1167 756 1220 ὃ
792 1163 1064 1240 βούλεταί·
1119 1164 1246 1227 τοὺς
1305 1168 1405 1239 γὰρ
1460 1169 1571 1218 τῶν
1632 1161 1830 1232 λέξεων
1860 1160 1994 1236 ἑχο-

346 1269 544 1332 μένους
572 1257 820 1328 καὶπερὶ
866 1259 1063 1321 ταύτας
1110 1254 1566 1332 ἀσχολουμένους
1624 1250 1992 1326 διαδιδράσκει

340 1350 408 1405 τὰ
436 1350 753 1424 πράγματα.
791 1353 1041 1423 Γεωργοῦ
1078 1349 1170 1420 μὲν
1202 1345 1293 1402 οὖν
1346 1344 1485 1401 ἴδιον
1515 1347 1578 1400 τὸ
1634 1345 1686 1400 ἐν
1739 1346 1995 1408 ἀκάνθαις

345 1437 615 1516 φυόμενον
663 1434 820 1514 ῥόδον
866 1432 1127 1498 ἀϐλαϐῶς
1179 1431 1389 1490 λαϐεῖν’
1450 1436 1540 1488 καὶ
1597 1433 1875 1507 τεχνίτου,
1905 1433 1996 1486 τὸν

345 1527 398 1583 ἐν
431 1527 662 1602 ὀστρείῳ
712 1527 867 1600 σαρκὶ
1093 1525 1584 1601 κατορωρυγμένον
1650 1520 1994 1598 μαργαρίτην

344 1615 595 1691 ἐξευρεῖν.
632 1617 773 1671 Φασί
804 1615 862 1670 δὲ
908 1615 999 1669 καὶ
1040 1616 1137 1677 τάς
1168 1611 1384 1689 ὄρνιθας
1415 1610 1646 1682 ἡδίστην
1695 1609 1844 1687 ἔχειν
1893 1612 1992 1680 τὴν

344 1707 540 1780 σαρκὸς
581 1705 870 1776 ποιότητα,
921 1706 1031 1772 ὅτε,
1083 1705 1182 1758 06/.
1228 1704 1462 1781 ἀφθόνου
1509 1705 1718 1778 τροφῆς
1764 1721 1994 1771 παρατε-

341 1795 525 1866 θείσης
581 1796 793 1866 αὐταῖς,
848 1791 965 1849 αἳδε
1023 1792 1380 1848 σκαλεύουσαι
1438 1797 1554 1854 τοῖς
1611 1791 1794 1856 ποσὶν,
1846 1788 1997 1844 ἐκλέ-

341 1906 529 1961 γονται
566 1885 699 1958 μετά
727 1884 899 1939 πόνου
928 1884 1023 1944 τὰς
1050 1884 1277 1960 τροφάς.
1317 1881 1385 1938 Ei’
1406 1903 1490 1946 τις
1520 1880 1609 1935 οὖν
1648 1885 1744 1935 τοῦ
1794 1879 1995 1953 ὁμοίου

341 1975 675 2048 θεωρητικὸς
713 1973 764 2027 ἐν
812 1972 1048 2034 πολλοῖς
1100 1977 1216 2033 τοῖς
1257 1975 1504 2035 πιθανοῖς
1530 1992 1587 2026 τε
1617 1971 1704 2024 καὶ
1736 1970 1995 2040 Ἐλληνι-

341 2069 459 2125 κοῖς
491 2063 554 2118 τὸ
584 2063 785 2133 ἀληθὲς
816 2059 1199 2132 διαλεληθέναι
1252 2065 1363 2134 (16)
1393 2063 1570 2126 ποθεῖ,
1602 2059 1839 2132 καθάπερ
1890 2058 1994 2113 ὑπὸ

344 2157 465 2214 τοῖς
501 2149 897 2227 μορμολκείοις
935 2152 998 2205 τὸ
1046 2150 1339 2223 πρόσωπον
1389 2151 1452 2204 τὸ
1500 2148 1784 2219 ἀληθινὸν,
1817 2149 1992 2203 πολυ-

337 2244 752 2316 πραγμονήσας,
786 2241 1101 2315 θηράσεται.
1134 2240 1272 2306 Φησὶ
1301 2240 1402 2316 γαρ
1438 2238 1489 2294 ἐν
1524 2244 1606 2310 κῷ
1638 2240 1872 2312 ὁράματι
1911 2241 1992 2308 τῷ

335 2331 514 2406 Ἑρμᾷ
568 2333 603 2400 ἡ
647 2330 884 2402 Δύναμις
914 2332 948 2398 ἡ
983 2334 1226 2405 φανεῖσα·
1281 2331 1345 2382 ’Ὀ
1404 2327 1492 2383 ἐὰν
1541 2325 1818 2402 ἐνδέχεται
1875 2329 1992 2400 (17)

339 2443 423 2476 σοι
455 2421 940 2498 ἀποκαλυφθῆναι,
969 2420 1486 2498 ἀποκαλυφθήσεται
1498 2463 1510 2476 .

2103 453 2199 501 tur
2256 447 2416 502 orbis
2475 447 2861 502 ostendamus
2918 465 3095 518 quam
3127 451 3204 504 sit
3254 451 3525 506 inutilis:
3571 458 3630 506 et
3679 452 3752 506 de

2102 535 2438 608 astrologia.
2463 537 2904 605 mathematica,
2933 544 2992 592 et
3021 540 3270 610 magica,
3311 547 3368 594 et
3415 542 3752 614 praestigiis,

2103 625 2322 680 cursim
2356 631 2446 679 est
2469 642 2502 680 a
2533 626 2704 681 nobis
2747 627 3140 681 tractandum.
3176 628 3255 680 De
3288 627 3360 682 iis
3390 630 3570 697 enim,
3623 637 3756 686 tan-

2105 731 2284 786 quam
2318 715 2590 770 maximis
2638 716 2925 778 scientiis,
2960 733 3168 771 omnes
3200 718 3382 772 Graeci
3417 734 3478 772 se
3502 719 3753 791 jactant.

2105 805 2213 870 Qui
2250 812 2430 861 autem
2461 806 2625 860 libere
2645 806 3014 876 reprehendit,
3050 814 3127 861 est
3151 809 3418 876 paciﬁcus
3447 808 3540 878 (at.
3592 808 3756 880 Saepe

2105 900 2303 949 autem
2361 896 2638 961 diximus,
2698 912 2892 967 neque
2949 912 3057 950 nos
3097 902 3162 950 ut
3191 897 3387 951 Graece
3441 896 3760 967 loquamur

2106 991 2342 1040 nosmet
2389 985 2745 1050 exercuisse,
2795 1001 2990 1055 neque
3033 985 3094 1038 in
3121 1002 3188 1040 eo
3216 986 3480 1040 studium
3511 1003 3755 1058 ponere.

2107 1076 2226 1129 Hoc
2257 1075 2418 1129 enim
2449 1074 2569 1129 illis
2599 1074 2968 1146 prodest,qui
2999 1075 3210 1147 vulgus
3241 1092 3276 1130 a
3299 1077 3543 1130 veritate
3572 1075 3760 1131 abdu-

2107 1168 2268 1219 cunt.
2329 1165 2478 1219 Vera
2524 1169 2722 1218 autem
2771 1163 3170 1236 philosophia,
3203 1181 3324 1220 non
3380 1171 3496 1221 tam
3528 1166 3760 1239 linguas

2108 1253 2499 1321 audientium,
2524 1270 2704 1324 quam
2724 1259 2956 1309 mentes
2971 1253 3156 1326 juvat.
3188 1256 3429 1326 Oportet
3448 1260 3668 1322 autem,
3697 1262 3763 1310 ut

2110 1343 2341 1414 opinor,
2368 1359 2526 1411 eum,
2552 1344 2652 1413 qui
2686 1359 2892 1398 curam
2912 1344 3062 1415 gerit
3083 1344 3346 1399 veritatis
3366 1352 3449 1415 ›ι‹,
3476 1362 3594 1400 non
3618 1345 3758 1400 arti-

2111 1433 2312 1488 ﬁciose
2372 1437 2430 1487 et
2483 1433 2658 1506 longo
2709 1433 2904 1488 studio
2953 1434 3282 1506 composita
3311 1435 3579 1490 oratione
3632 1435 3758 1503 uti;

2112 1522 2216 1577 sed
2242 1522 2441 1577 conari
2471 1526 2701 1576 tantum
2733 1521 2813 1590 id,
2849 1523 3006 1593 quod
3041 1523 3179 1592 vult,
3215 1524 3618 1596 qualicunque
3651 1542 3759 1596 po-

2112 1617 2227 1666 test
2258 1612 2432 1666 modo
2465 1629 2778 1684 exponere.
2812 1615 2923 1668 Eos
2954 1613 3136 1681 enim,
3171 1615 3269 1685 qui
3303 1615 3532 1670 haerent
3560 1615 3765 1670 dictio-

2110 1701 2306 1768 nibus,
2342 1708 2400 1756 et
2428 1702 2490 1756 in
2524 1701 2610 1757 eis
2641 1707 2780 1757 sunt
2808 1703 3098 1774 occupati,
3131 1721 3226 1759 res
3279 1705 3421 1776 ipsa:
3449 1705 3760 1777 effugiunt.

2109 1793 2299 1863 Atque
2331 1792 2604 1864 agricolas
2636 1791 2878 1862 quidem
2910 1797 2998 1847 est
3028 1794 3355 1864 proprium,
3382 1811 3602 1861 rosam,
3627 1812 3760 1866 qua;

2110 1882 2171 1936 in
2231 1881 2420 1952 spinis
2476 1881 2761 1949 nascitur,
2821 1881 2969 1937 citra
3016 1899 3232 1937 noxam
3278 1900 3559 1955 carpere;
3594 1884 3758 1938 simi—

2107 1971 2244 2026 liter
2274 1975 2331 2024 et
2360 1970 2628 2038 artiﬁcis,
2672 1988 2825 2039 eam,
2859 1989 2990 2042 quae
3019 1972 3080 2026 in
3112 1973 3292 2027 ostrei
3325 1990 3503 2028 carne
3535 1972 3760 2029 infossa

2109 2067 2216 2127 est,
2242 2061 2619 2133 margaritam
2646 2061 2930 2116 invenire.
2961 2062 3298 2126 Quinetiam
3326 2062 3759 2135 aiuntgallinas

2107 2167 2343 2220 quoque
2393 2166 2632 2205 carnem
2663 2149 2882 2205 habere
2935 2151 3370 2216 suavissimam,
3407 2152 3643 2223 quando
3675 2151 3762 2207 eis

2107 2255 2226 2293 non
2256 2239 2530 2309 copiosus
2562 2240 2866 2310 appositus
2917 2238 3097 2294 fuerit
3125 2241 3312 2306 cibus,
3349 2240 3450 2294 sed
3484 2241 3626 2311 ipsae
3658 2257 3759 2311 pe-

2107 2329 2280 2384 dibus
2305 2329 2620 2392 fodientes,
2655 2345 2790 2383 cum
2822 2327 3023 2383 labore
3056 2330 3411 2384 alimentum
3453 2330 3760 2401 colligunt.

2108 2418 2165 2472 Si
2199 2418 2332 2488 quis
2365 2435 2500 2491 ergo
2531 2418 2948 2472 verisimilium
2981 2419 3472 2489 contemplationi
3507 2419 3766 2492 deditus.

339 2513 502 2584 cupit
526 2513 589 2567 in
621 2513 827 2567 multis
856 2511 1286 2583 probabilibus,
1315 2511 1507 2582 iisque
1539 2510 1776 2576 Graecis,
1811 2508 1892 2573 id,
1923 2506 2082 2578 quod
2131 2523 2335 2561 verum
2380 2513 2488 2573 est,
2520 2507 2822 2577 persequi,
2853 2505 3012 2560 haud
3046 2506 3356 2562 dissimilis
3411 2507 3524 2561 erit
3555 2507 3630 2575 ei,
3666 2508 3768 2578 qui

338 2617 541 2657 verum
571 2602 801 2656 vultum
830 2600 1007 2656 larvis
1031 2601 1338 2655 obtectum
1367 2601 1707 2655 discernere
1734 2598 1964 2670 satagit.
1998 2596 2150 2651 Dicit
2180 2595 2364 2664 enim,
2390 2612 2521 2667 quas
2553 2596 2786 2650 Hermas
2820 2595 2881 2649 in
2908 2595 3130 2651 visione
3148 2595 3423 2668 apparuit
3453 2597 3720 2652 Potestas
3751 2612 3765 2650 :

341 2692 502 2757 Quod
532 2693 637 2747 tibi
666 2693 944 2761 contingit
974 2690 1227 2758 revelari,
1263 2691 1618 2747 revelabitur.

1896 2813 2125 2868 CAPUT
2162 2813 2234 2866 II.

1249 2925 1352 2978 Per
1379 2923 1540 2994 ﬁdem
1569 2923 1740 2978 solam
1761 2922 1834 2976 ad
1862 2922 1962 2975 Dei
1996 2921 2364 2990 cognitionem
2382 2921 2670 2990 perveniri
2691 2937 2871 2991 posse.

414 3045 536 3099 Ἐπὶ
590 3042 647 3100 δὲ
731 3047 800 3118 σῇ
876 3044 1037 3123 σοφίᾳ
1107 3046 1181 3118 μὴ
1262 3045 1510 3116 ἐπαίρου,
1572 3047 1627 3098 αἱ
1694 3044 1994 3116 Παροιμίαι

340 3130 589 3208 λέγουσιν
627 3154 639 3168 ’
701 3132 752 3188 ἐν
801 3135 996 3195 πάσαις
1044 3132 1101 3188 δὲ
1147 3132 1295 3196 ὁδοῖς
1345 3135 1580 3209 γνώριζε
1635 3136 1744 3206 (18)
1802 3132 1992 3203 αύτήν,

335 3219 429 3276 ’ίνα
484 3223 769 3296 όρθοτομῇ
821 3225 916 3285 τὰς
973 3221 1131 3285 ὁδούς
1188 3245 1324 3292 σου,
1388 3225 1416 3278 ὁ
1472 3221 1529 3278 δὲ
1584 3226 1722 3286 ποῦς
1778 3242 1874 3277 σου
1930 3219 1992 3275 οὐ

344 3326 420 3383 μη
450 3313 787 3386 προσκόπτῃ.
845 3312 1102 3367 Βούλεται
1146 3313 1242 3385 μὲν
1280 3313 1379 3387 γὰρ
1413 3310 1502 3366 διά
1529 3311 1738 3366 τούτων
1802 3307 1992 3380 δεῖξαι,

341 3398 618 3455 ἀκόλουθα
670 3398 779 3455 δεῖν
836 3401 1077 3476 γενέσθαι
1120 3405 1200 3473 τῷ
1239 3400 1395 3476 λόγῳ
1446 3401 1512 3454 τά
1555 3397 1710 3476 ἔργω
1763 3397 1873 3470 ἤδη
1937 3395 1994 3452 δὲ

2174 3046 2407 3113 Propter
2464 3049 2612 3098 tuam
2642 3051 2826 3100 autem
2869 3063 2938 3100 ne
2969 3047 3218 3116 eﬁ'eraris
3253 3047 3606 3118 sapientiam,
3666 3047 3758 3102 di-

2106 3138 2249 3188 cunt
2304 3133 2664 3188 Proverbia:
2726 3137 2785 3188 in
2843 3135 3092 3191 omnibus
3141 3141 3322 3191 autem
3378 3139 3480 3192 viis
3528 3153 3761 3206 agnosce

2102 3223 2283 3292 ipsam
2309 3227 2370 3276 ut
2417 3228 2568 3277 recto
2612 3225 2832 3278 tramite
2879 3223 3089 3292 dirigat
3115 3223 3234 3280 vias
3282 3231 3422 3293 tuas,
3449 3242 3548 3296 pes
3577 3231 3764 3281 autem

2105 3317 2228 3366 tuus
2282 3328 2350 3365 ne
2407 3312 2675 3381 oﬂ‘mdat.
2740 3311 2874 3366 Vult
2907 3313 3064 3367 enim
3098 3331 3204 3384 per
3263 3315 3390 3370 haec
3422 3315 3762 3382 ostendere,

2104 3406 2376 3472 oportere
2401 3417 2581 3472 opera
2627 3417 2755 3457 esse
2787 3402 3002 3457 rationi
3034 3403 3486 3471 convenientia;
3521 3409 3579 3459 et
3609 3422 3762 3474 prai-

338 3487 610 3565 έμφαίνει,
667 3496 872 3565 χρῆναι
923 3491 987 3544 τὸ
1043 3489 1093 3562 ἐξ
1145 3489 1357 3560 ἀπάσης
1406 3487 1655 3552 παιδείας
1709 3490 1992 3564 χρήσιμον

2110 3496 2270 3546 terea
2312 3507 2420 3544 nos
2479 3497 2751 3561 oportere
2805 3509 2876 3546 ex
2926 3492 3088 3546 omni
3136 3491 3406 3548 doctrina
3455 3493 3672 3565 eligere
3705 3493 3764 3548 id

343 3575 736 3654 ἐκλεγομένους
768 3580 918 3650 ἡμᾶς
949 3573 1115 3653 ἔχειν·
1151 3579 1206 3633 αἱ
1239 3577 1306 3646 δὴ
1336 3577 1456 3634 ὁδοὶ
1507 3579 1695 3657 σοφίας
1727 3576 2000 3646 ποικίλαι,

351 3666 675 3742 ὀρθοτομεῖν
731 3666 818 3722 ἐπί
874 3669 972 3736 τὴν
1025 3665 1148 3722 ὁδὸν
1194 3675 1295 3737 τῆς
1354 3668 1637 3738 ἀληθείας·
1687 3666 1814 3728 ὁδὸς
1855 3665 1912 3722 δὲ
1963 3670 2000 3735 ἡ

347 3757 577 3821 πίστις.
638 3757 699 3812 ἰ)
757 3756 815 3811 δὲ
871 3761 1007 3818 ποῦς
1065 3778 1160 3811 σου
1221 3759 1298 3829 μὴ
1357 3756 1793 3830 προσκοπτέτω,
1853 3755 2001 3831 λέγει

347 3846 659 3920 περίτινων
714 3844 1084 3910 ἐναντιοῦσθαι
1144 3843 1447 3900 δοκούντων
1507 3850 1576 3920 τῇ
1613 3850 1710 3920 μιᾷ
1746 3845 1837 3900 καὶ
1887 3845 2003 3916 θείᾳ

345 3939 415 4008 τῇ
471 3935 813 4009 ⁴ιὲρονοητικῇ
869 3931 1160 4005 διοικήσει.
1221 3937 1379 3999 ’Όθεν
1442 3934 1631 4008 ἐπάγει
1666 3954 1680 3968 ⁸
1745 3924 1831 4005 Mi}
1895 3933 2000 3989 ἴσθι

350 4025 613 4101 φρόνιμος
683 4025 830 4099 παρά
904 4029 1132 4097 σεαυτῷ,
1211 4026 1346 4079 κατά
1411 4024 1540 4088 τοὺς
1595 4023 1784 4088 ἀθέους
1843 4025 2001 4097 λογι-

352 4111 522 4184 σμοὺς
551 4112 682 4174 τοὺς
725 4112 1162 4176 ἀντιστασιώδεις
1219 4113 1288 4188 τῇ
1345 4113 1635 4185 οἷ’κονομίᾳ
1689 4118 1786 4169 τοῦ
1844 4117 1998 4168 Θεοῦ·

296 4237 300 4244 -
352 4195 538 4255 Φοϐοὗ
588 4199 646 4256 δὲ
697 4203 788 4256 τὸν
843 4202 1008 4275 μόνον
1041 4201 1265 4257 δυνατὸν
1315 4202 1461 4258 Θεόν·
1495 4204 1540 4274 ᾦ
1592 4199 1798 4267 ἕπεται,
1834 4199 2002 4274 μηδὲν

351 4289 681 4346 ἀντικεῖσθαι
716 4296 799 4363 τῷ
829 4297 964 4362 Θεῷ.
1025 4291 1248 4354 Ἄλλως
1279 4314 1337 4346 τε
1365 4292 1455 4346 καὶ
1487 4294 1520 4360 ἡ
1553 4291 1810 4367 ἐπαγωγή
1849 4289 2000 4345 διδά-

350 4395 464 4431 σκει
526 4382 732 4454 σαφῶς,
782 4379 864 4432 ὅτι
897 4379 924 4432 ὁ
977 4380 1120 4441 θεῖος
1173 4374 1342 4450 φόϐος
1375 4377 1616 4441 ἕκκλισίς
1649 4381 1762 4434 ἐστι
1808 4384 1998 4435 κακοῦ.

350 4467 496 4536 Φησί
545 4465 669 4542 γάρ’
722 4468 824 4522 Καὶ
879 4463 1131 4523 ἓκκλινον
1184 4468 1290 4522 ἀπὸ
1347 4470 1546 4529 παντὸς
1591 4473 1789 4524 κακοῦ.
1849 4468 1996 4540 Αὕτη

347 4551 566 4610 παιδεία
620 4559 812 4634 σοφίας
847 4601 860 4615 .
911 4558 1006 4614 Ὃν
1058 4557 1162 4632 γὰρ
1221 4557 1404 4633 ἀγαπᾷ
1453 4558 1672 4633 Κύριος,
1731 4555 1998 4613 παιδεύειο

345 4642 533 4718 ἀλγεῖν
585 4645 680 4716 μὲν
753 4650 925 4701 ποιῶν
987 4646 1062 4708 εἰς
1117 4646 1326 4702 σύνεσιν
1379 4647 1746 4710 ἀποκαθιστάς
1809 4645 1866 4702 δὲ
1924 4647 2000 4709 εἰς

345 4729 569 4805 εἰρήνην
620 4734 708 4786 καὶ
743 4734 1062 4810 ἀφθαρσίαν.
1122 4736 1183 4790 Ἡ
1241 4737 1336 4807 μὲν
1393 4735 1485 4789 οὗν
1537 4731 1813 4811 βάρϐαρος
1839 4735 2004 4813 φιλο-

2113 3578 2273 3651 quod
2321 3585 2410 3634 est
2439 3580 2604 3635 utile.
2657 3581 2805 3635 Sunt
2833 3586 3033 3636 autem
3080 3582 3184 3636 viae
3227 3582 3536 3653 sapientiai
3567 3583 3766 3651 varias,

2110 3675 2179 3724 ut
2201 3674 2363 3724 recto
2399 3670 2632 3725 tramite
2664 3671 3009 3726 incedamus
3041 3670 3115 3726 ad
3147 3672 3298 3726 viam
3329 3672 3612 3726 veritatis.
3663 3672 3767 3726 Via

2111 3765 2308 3815 autem
2364 3767 2454 3815 est
2501 3760 2666 3814 ﬁdes.
2720 3762 2819 3815 Pes
2867 3767 3051 3815 autem
3097 3768 3218 3815 tuus
3247 3777 3357 3814 non
3387 3761 3651 3830 offendat,
3686 3761 3768 3815 ait

2112 3850 2184 3906 de
2215 3850 2538 3922 aliquibus,
2571 3849 2673 3920 qui
2704 3849 3056 3906 videbantur
3085 3851 3381 3906 adversari
3418 3852 3594 3906 unius
3625 3851 3767 3906 divi-

2111 3957 2202 3993 na)
2237 3939 2620 4010 providentiae
2662 3939 3186 3995 administrationi.
3222 3940 3386 3995 Unde
3419 3941 3762 4012 subjungit:

2108 4035 2188 4088 Ne
2237 4035 2308 4087 sis
2363 4035 2580 4103 sapiens
2637 4034 2788 4102 apud
2842 4036 3093 4103 teipsum,
3145 4051 3252 4104 per
3294 4034 3507 4105 impias
3539 4033 3767 4088 scilicet

2109 4122 2392 4184 rationes,
2429 4139 2560 4192 quas
2592 4122 2871 4177 adversus
2921 4123 3022 4177 Dei
3054 4123 3487 4194 providentiam
3519 4128 3763 4176 conten-

2110 4210 2278 4267 dunt.
2344 4213 2491 4265 Time
2515 4218 2695 4265 autem
2731 4212 2916 4279 Deum,
2980 4212 3079 4282 qui
3141 4212 3302 4266 solus
3365 4218 3454 4266 est
3512 4217 3764 4282 potens:

2112 4297 2206 4350 cui
2265 4305 2355 4353 est
2409 4316 2782 4370 consequens
2817 4341 2831 4367 ,
2891 4301 3008 4354 Deo
3067 4316 3371 4370 nunquam
3428 4299 3765 4354 adversari.

2110 4386 2445 4448 Quinetiam
2495 4389 2653 4459 quod
2710 4389 3000 4459 sequitur,
3031 4395 3232 4460 aperte
3284 4405 3520 4459 quoque
3571 4389 3762 4456 docet,

2111 4476 2270 4545 quod
2327 4478 2425 4531 Dei
2479 4479 2665 4544 timor,
2717 4484 2794 4532 est
2826 4478 2960 4532 mali
2988 4478 3304 4533 declinatio.
3365 4477 3517 4532 Dicit
3562 4477 3763 4532 enim:

2108 4565 2176 4618 Et
2229 4565 2445 4620 declina
2492 4567 2560 4620 ab
2606 4565 2758 4620 omni
2800 4567 2965 4621 malo.
3002 4568 3135 4622 Haec
3183 4572 3273 4621 est
3303 4566 3622 4638 disciplina
3678 4583 3769 4621 sa-

2110 4652 2370 4722 pientiai.
2431 4655 2600 4718 Quem
2646 4655 2790 4708 enim
2839 4655 3028 4723 diligit
3059 4657 3344 4721 Dominus,
3373 4654 3611 4725 castigat
3637 4655 3712 4724 (b)
3744 4673 3766 4720 ;

2110 4741 2378 4795 afﬁciens
2437 4742 2680 4812 quidem
2741 4743 2942 4798 dolore
2975 4750 3038 4798 ut
3068 4744 3384 4816 intelligat,
3444 4744 3765 4799 restituens

343 4821 526 4895 σοφία,
608 4824 668 4891 ἣν
743 4825 1048 4896 μεθέπομεν
1099 4825 1286 4897 ἡμεῖς,
1344 4823 1528 4879 τελεία
1601 4830 1682 4897 τῷ
1737 4820 1850 4880 ὄντι
1911 4825 2001 4879 καὶ

2113 4835 2311 4884 autem
2338 4829 2412 4884 ad
2443 4846 2651 4900 pacem
2695 4836 2753 4884 et
2801 4831 3331 4902 incorruptionem.
3368 4832 3623 4888 Barbara
3653 4833 3767 4887 ita-

344 4907 578 4980 ἀληθής.
639 4909 783 4980 Φησὶ
834 4915 962 4985 γοῦν
1025 4912 1076 4966 έν
1133 4917 1202 4984 τῇ
1266 4912 1460 4991 Σοφίᾳ·
1524 4915 1697 4976 Αὐτὸς
1749 4915 1852 4989 γάρ
1908 4934 2004 4988 μοι

415 5063 480 5128 ›ι‹
508 5057 570 5110 Ρ.
601 5056 705 5110 340
735 5057 845 5112 ED.
882 5058 1166 5127 POTTER,
1201 5061 1304 5113 360
1337 5061 1448 5118 ΕΙ).
1483 5061 1710 5116 PARIS.

419 5199 537 5275 (i5)
570 5200 657 5254 Ἐν
691 5197 928 5275 ὀστρείῳ-
951 5219 1001 5254 σ.
1057 5201 1188 5275 Legi
1217 5203 1395 5275 etiam
1436 5209 1632 5274 potest
1663 5200 1712 5256 iv
1751 5201 1996 5275 ὀστρείου

346 5267 530 5341 σαρκί·
563 5278 620 5326 et
651 5267 800 5341 mox'
819 5267 1002 5327 divise
1031 5272 1085 5326 αἱ
1117 5267 1175 5326 δέ
1206 5273 1361 5328 σκαλ.
1404 5267 1677 5331 ε’γωυιιο.

418 5339 559 5417 (46)-
589 5339 981 5417 Διαλεληθέναι
1011 5386 1024 5399 .
1082 5347 1290 5417 Aptius
1344 5347 1498 5402 forte
1560 5343 1994 5415 διεληλυθέναι,

341 5414 668 5486 pervadere.
693 5415 778 5486 In.

419 5485 742 5563 (1.7)’Ὀλέάν
801 5481 1102 5563 ἐνδέχεται.
1155 5487 1445 5563 Usitatius
1493 5485 1522 5541 ὅ
1553 5486 1640 5542 ἒάν
1684 5484 1996 5563 ένδέχηται,

350 5555 721 5627 subjunctivo
751 5555 965 5614 modo:
997 5563 1273 5615 SYLBURG.
1304 5591 1372 5600 ——
1402 5561 1535 5616 Haec
1557 5577 1730 5632 porro
1763 5555 1999 5617 sistant

1787 5060 1863 5133 (a)
1897 5062 2172 5118 Proverb.
2207 5079 2262 5128 x,
2300 5062 2364 5114 10
2396 5078 2513 5116 sec.
2551 5061 2710 5117 LXX.

2114 4935 2249 4988 que,
2284 4935 2463 4990 quam
2496 4936 2602 4973 nos
2657 4925 2973 4988 sectamur,
3007 4921 3406 4993 phi1050phia,
3466 4938 3602 4978 vera
3658 4927 3767 4991 est,

2792 5061 2866 5132 (b)
2899 5064 3066 5116 Prov.
3099 5080 3185 5131 ιιι,
3219 5066 3270 5131 5,
3305 5065 3359 5130 6,
3391 5067 3444 5130 7,
3482 5066 3568 5132 12,
3600 5063 3691 5119 23.

2106 5204 2264 5277 apud
2318 5205 2618 5277 Hermam,
2651 5206 2867 5259 Pastor.
2905 5204 3008 5259 lib.
3042 5223 3080 5271 ι,
3113 5205 3218 5260 vis.
3255 5208 3308 5269 3,
3358 5223 3487 5277 pag.
3520 5211 3586 5260 79
3620 5205 3762 5263 edit.

2107 5276 2431 5332 Amstelod.
2461 5279 2556 5331 Ait
2589 5277 2725 5330 mihi
2751 5293 2763 5330 :
2799 5278 3170 5347 Quodcunque
3199 5276 3509 5347 oportuerit
3543 5278 3646 5332 tibi
3675 5293 3765 5331 re-

2103 5349 2300 5415 velari,
2331 5347 2687 5402 revelabitur.

2174 5414 2289 5491 (18)
2349 5419 2457 5493 Ἐνλ
2493 5417 2691 5478 πάσαις
2752 5415 2809 5472 δὲ
2868 5417 3017 5480 ὁδοῖς
3050 5439 3105 5493 γ.
3151 5419 3352 5478 Πασαις
3387 5414 3535 5493 ὁδοῖς
3585 5437 3680 5470 σου
3710 5438 3763 5490 γ.

2103 5489 2275 5545 Prov.
2306 5492 2371 5544 In
2422 5490 2494 5544 iis
2548 5507 2678 5561 quas
2715 5489 3074 5561 sequuntur,
3103 5491 3334 5546 diversa
3365 5489 3634 5559 ejusdem
3666 5489 3764 5544 ca-

2103 5563 2242 5635 pitis
2272 5561 2729 5618 Proverbiorum
2760 5569 3058 5620 commata
3078 5563 3475 5618 commiscuit.
