4044 6154
316 273 423 329 9'37

1661 274 2106 331 ΕἸἮΟΗΔἸἮΜ
2144 277 2286 334 LIB.
2318 275 2389 333 Π.

3587 289 3725 375 οδε

317 398 353 467 ἡ
388 396 544 471 φωνὴ
576 400 676 452 τοῦ
700 400 858 464 Θεοῦ,
918 393 1181 462 εἰσελθεῖν
1234 397 1499 473 βιάζεται,
1555 397 1857 470 τουτέστιν,
1889 394 1954 452 εἷί

2084 404 2235 456 state
2266 417 2504 473 semper
2530 401 2703 458 nobis
2733 403 2923 470 adest,
2956 410 3014 461 et
3042 407 3220 479 plane
3252 412 3439 484 tangit
3477 430 3586 470 nos
3619 414 3722 470 Dei

316 486 412 548 τὰς
443 484 672 549 ἀδύτους
711 485 801 541 καὶ
832 485 1029 542 ἀειδεῖς
1086 486 1209 562 περὶ
1265 491 1362 541 τοῦ
1422 482 1575 549 ὄντος
1630 486 1859 549 ἐννοίας.
1890 485 1954 543 Οἱ

2080 494 2365 560 potestas.
2402 490 2566 546 Unde
2604 493 2852 563 Moyses,
2898 510 3031 549 cum
3082 482 3431 567 persuasum
3480 502 3725 558 haberet

315 575 419 649 γὰρ
451 573 503 630 έν
534 575 721 653 γνόφῳ
763 576 799 645 ἢ
829 574 985 648 τόπῳ
1009 575 1037 629 6
1067 575 1223 643 Θεὸς,
1265 574 1393 631 ἀλλ’
1422 573 1670 645 ὑπεράνω
1727 573 1819 629 καὶ
1874 574 1969 629 τό·

312 683 442 731 που,
474 662 565 718 καὶ
596 663 825 738 χρόνου,
880 665 969 719 καὶ
1026 669 1130 733 τῆς
1186 668 1295 719 τῶν
1327 663 1639 739 γεγονότων
1671 661 1966 733 ἰδιότητος·

315 748 404 806 διὸ
429 748 549 807 068’
581 750 632 806 ἐν
677 752 827 828 μέρει
883 750 1227 827 καταγίνεταί
1280 772 1435 823 ποτε,
1494 747 1618 807 οὔτε
1672 751 1968 827 περιέχων,

2079 577 2264 633 Deum
2297 595 2604 649 nunquam
2636 578 2902 637 humana
2931 584 3233 656 cognitum
3278 587 3348 641 iri
3411 591 3720 661 sapientia,

2077 666 2310 721 Ostende
2330 673 2380 721 te
2397 667 2538 722 mihi
2560 668 2661 736 (α),
2694 668 2886 739 inquit
2910 686 2922 723 :
2943 676 3002 726 et
3020 672 3082 727 in
3114 673 3448 745 caliginem,
3472 677 3577 731 ubi
3598 683 3725 735 erat

2077 754 2180 809 Dei
2208 771 2338 823 vox,
2371 755 2600 827 ingredi
2630 757 2960 823 contendit,
3007 759 3118 814 hoc
3141 765 3252 828 est,
3285 762 3359 817 ad
3388 779 3634 819 arcanas
3664 771 3724 821 et
3820 784 3823 797 '

315 836 439 896 οὔτε
466 841 892 916 περιεχόμενος,
922 843 959 912 ἢ
982 841 1120 897 κατᾶ
1148 840 1376 915 ὁρισμόν
1405 861 1547 910 τινα,
1577 840 1613 909 ἢ
1657 839 1796 895 κατὰ
1831 839 1954 895 ἀπο·

2075 841 2360 897 informes
2386 842 2456 898 de
2490 860 2559 899 eo
2583 844 2740 915 quod
2762 850 2853 900 est
2871 846 3167 903 notiones.
3201 851 3330 905 Non
3357 856 3448 906 est
3473 853 3633 907 enim
3657 854 3719 909 in

311 930 509 1001 τομήν.
573 929 743 986 Ποῖον
789 931 895 1005 γὰρ
951 929 1100 985 οἶκον
1152 926 1552 1002 οἰκοδομήσετέ
1611 948 1756 1001 μοις
1816 926 1965 1003 λέγει

313 1015 533 1092 Κύριος·
568 1016 696 1073 ἀλλ’
726 1015 855 1073 οὐδὲ
883 1019 1057 1090 ἑαυτῷ
1081 1016 1463 1092 ᾠκοδόμησεν,
1507 1017 1798 1093 ἀχώρητος
1855 1011 1958 1071 ὥν·

312 1102 410 1161 κᾶν
443 1106 472 1160 6
504 1106 730 1181 οὐρανὸς
761 1107 952 1183 θρόνος
996 1106 1161 1161 αὐτοῦ
1204 1104 1458 1181 λέγηται,
1517 1103 1631 1161 068’
1679 1104 1822 1160 οὕτω
1869 1125 1967 1159 πε-

322 1193 588 1269 ριέχεται,
619 1193 1013 1251 έπαναπαύεται
1044 1192 1100 1251 δὶ
1126 1195 1463 1271 τερπόμενος
1488 1197 1557 1268 τῇ
1605 1191 1962 1269 δημιουργίᾳ.

312 1280 494 1352 Δῆλον
526 1283 618 1337 οὗν
647 1286 784 1356 ἡμῖν
817 1284 926 1340 ἐστι
974 1285 1267 1362 κεκρύφθαι
1321 1285 1421 1355 τὴν
1469 1281 1751 1353 ἆλήθειανυ
1799 1281 1964 1337 εἶκαὶ

311 1370 361 1445 ἐξ
393 1372 515 1435 ἑνὸς
543 1371 987 1449 παραδείγματος
1018 1370 1126 1444 ἤδη
1158 1370 1447 1445 δέδεικται,
1485 1373 1679 1447 μικρὸν
1730 1369 1775 1426 δ’
1807 1370 1965 1427 ὕστεο

307 1481 401 1536 ρον
462 1461 552 1517 καὶ
614 1461 703 1517 διὰ
760 1462 1033 1519 πλειόνων
1092 1465 1532 1540 παραστήσομεν.
1584 1466 1707 1524 Πῶς
1742 1458 1801 1517 δὶ
1833 1460 1963 1536 οὐχὶ

305 1547 598 1627 ἀποδοχῆς
628 1551 768 1622 ἄξιοι
799 1550 852 1607 ο¹ί
882 1572 942 1608 τε
974 1558 1162 1625 μαθεῖν
1211 1550 1508 1621 ἐθέλοντες,
1565 1548 1617 1605 o'l
1644 1570 1703 1605 τε
1734 1548 1962 1623 δυνάμε-

304 1640 581 1710 νοι,κατᾶ
607 1640 701 1695 τὸν
752 1641 1115 1714 Σολομῶντα,
1172 1645 1375 1716 γνῶναι
1434 1632 1629 1717 σοφίαν
1684 1638 1775 1693 καὶ
1833 1659 1962 1693 παι-

2072 929 2322 1003 caligine
2344 932 2518 996 Deus,
2544 937 2646 987 aut
2664 933 2725 988 in
2746 933 2899 1005 loco,
2924 935 3029 991 sed
3050 953 3229 1008 supra
3244 937 3464 1007 locum,
3489 945 3548 995 et
3568 945 3716 996 tem-

2070 1035 2203 1091 pus,
2237 1024 2296 1074 et
2323 1020 2747 1091 proprietatem
2774 1039 2980 1079 eorum
3008 1042 3140 1096 quas
3160 1026 3317 1083 facta
3338 1034 3507 1084 sunt:
3532 1046 3714 1100 quare

2073 1123 2402 1180 numquam
2460 1114 2551 1164 est
2596 1110 2658 1164 in
2689 1116 2876 1182 parte,
2910 1129 3021 1168 nec
3049 1119 3116 1168 ut
3143 1116 3480 1184 continens,
3510 1135 3622 1175 nec
3649 1125 3717 1174 ut

2072 1201 2408 1265 contentus,
2437 1204 2540 1254 aut
2567 1215 2674 1271 per
2703 1199 3338 1274 circumscriptionem,
3371 1210 3473 1260 aut
3492 1224 3598 1278 per
3618 1224 3711 1264 se-

2070 1286 2350 1340 ctionem.
2386 1288 2558 1351 Quam
2587 1290 2734 1342 enim
2764 1289 2985 1344 domum
3025 1290 3367 1360 aediﬁcabitis
3394 1295 3532 1349 mihi
3553 1298 3582 1350 ?
3627 1298 3713 1351 in-

2070 1378 2191 1446 quit
2210 1378 2472 1433 Dominus
2500 1378 2599 1449 (b).
2635 1378 2746 1434 Sed
2778 1396 2888 1435 nec
2919 1381 3030 1435 sibi
3062 1382 3392 1452 aediﬁcavit,
3424 1402 3560 1441 cum
3587 1389 3716 1459 capi

2070 1481 2191 1520 non
2221 1467 2426 1537 possit.
2461 1468 2530 1521 Et
2556 1468 2827 1537 quamvis
2858 1469 3048 1525 caelum
3088 1470 3319 1529 dicatur
3369 1474 3499 1545 ejus
3545 1476 3714 1544 sedes,

2069 1570 2145 1608 ne
2172 1554 2256 1609 sic
2283 1554 2523 1626 quidem
2542 1557 2902 1624 continetur,
2926 1559 3029 1614 sed
3050 1562 3370 1631 requiescit
3389 1562 3716 1620 delectatus

2069 1641 2328 1713 opiﬁcio.
2362 1642 2597 1699 Clarum
2639 1650 2728 1700 est
2757 1662 2916 1718 ergo,
2961 1648 3315 1704 occultatam
3362 1650 3535 1707 nobis
3584 1668 3714 1707 esse

305 1724 475 1796 δείαν,
527 1733 722 1794 νοῆσαι
770 1749 830 1785 τε
908 1728 1104 1804 λόγους
1181 1731 1522 1807 φρονήσεως,
1604 1724 1846 1797 δέξασθαι
1900 1746 1954 1782 τι

2067 1730 2374 1786 veritatem
2397 1747 2411 1785 :
2445 1737 2503 1786 et
2533 1733 2583 1787 si
2604 1732 2666 1787 id
2683 1734 2812 1805 jam
2835 1751 2955 1790 uno
2978 1737 3249 1808 exemplo
3271 1744 3577 1795 ostensum
3600 1745 3711 1806 est,

304 1817 539 1895 στροφὰς
598 1816 779 1893 λόγων
831 1819 965 1891 (24),
1017 1817 1211 1886 νοῆσαί
1264 1838 1324 1872 τε
1408 1814 1755 1883 δικαιοσύνην
1814 1814 1951 1886 ἀλη-

305 1912 372 1975 θῆ
407 1927 423 1976 ς
451 1907 528 1968 ὡς
551 1903 718 1978 οὔσης
743 1907 831 1961 καὶ
866 1906 1048 1978 ἑτέρας
1088 1909 1187 1975 τῆς
1239 1907 1314 1979 μὴ
1373 1905 1511 1961 κατὰ
1560 1906 1663 1974 τήν
1694 1903 1954 1975 ἀληθειαν

304 1990 697 2067 διδασκομένης
727 1994 864 2070 πρὸς
894 1999 1003 2050 τῶν
1057 1995 1244 2067 νόμων
1271 1998 1380 2049 τῶν
1435 1991 1804 2064 Ἑλληνικῶν,
1860 1992 1952 2048 καὶ

301 2087 408 2137 τῶν
471 2079 658 2138 ἄλλων
721 2086 832 2138 τῶν
886 2081 1226 2162 φιλοσόφων,
1287 2083 1388 2138 Καὶ
1443 2081 1704 2157 κρίματα,
1764 2081 1951 2151 φησὶν,

301 2170 537 2243 εὐθῦναι,
569 2170 631 2227 o6
659 2174 727 2228 τὰ
783 2170 1086 2243 δικαπικᾶ,
1144 2171 1291 2228 ἀλλὰ
1344 2171 1406 2227 τὸ
1463 2173 1746 2248 κριτήριον
1804 2171 1867 2226 τὸ
1897 2170 1951 2225 έν

298 2262 454 2333 ἡμῖν,
486 2261 634 2336 ὑγιὲς
660 2262 750 2316 καὶ
782 2260 1020 2324 ἆπλανὶς
1053 2257 1200 2337 ἔχειν
1254 2258 1365 2317 δεῖν
1419 2260 1635 2333 μηνύει*
1695 2263 1813 2316 Ἵνα
1872 2256 1955 2331 δῷ

302 2350 529 2412 ἀκάκοις
571 2351 926 2428 πανουργίαν,
970 2349 1123 2408 παιδὶ
1183 2349 1241 2407 δὲ
1294 2353 1404 2425 νέῳ
1444 2350 1698 2422 αἳσθησίν
1745 2370 1804 2406 τε
1858 2348 1948 2406 καὶ

299 2435 509 2494 εὔνοιαν
567 2442 696 2512 (25).
755 2437 945 2497 Τῶνδε
998 2440 1102 2515 γὰρ
1155 2439 1391 2502 ἀκούσας
1476 2439 1642 2518 σοφὸς
1702 2439 1731 2495 6
1808 2439 1946 2494 ὑπα-

295 2525 472 2582 κούειν
529 2534 655 2593 ταῖς
704 2528 955 2591 ἐντολαῖς
1012 2528 1395 2597 πεπεισμένος,
1455 2528 1769 2604 σοφώτερος
1800 2524 1945 2582 ἔσται

294 2616 431 2671 κατὰ
463 2616 565 2686 τήν
619 2621 844 2690 γνῶσιν·
905 2619 935 2672 6
994 2615 1052 2672 δὲ
1108 2619 1334 2690 νοήμων
1387 2611 1711 2691 κυϐέρνησιν
1750 2617 1949 2685 κτήσε-

297 2723 410 2759 ται*
471 2707 659 2775 νοήσει
706 2726 767 2761 τε
826 2702 1151 2776 παραϐολὴν
1231 2705 1323 2760 καὶ
1402 2705 1671 2760 σκοτεινὸν
1761 2704 1947 2775 λόγον,

300 2794 489 2867 ῥήσεις
540 2812 599 2847 τε
655 2796 835 2868 σοφῶν
892 2793 981 2847 καὶ
1045 2791 1370 2866 αἰνίγματα.
1426 2791 1505 2849 O6
1588 2790 1693 2865 γὰρ
1749 2785 1947 2860 κιϐδή-

300 2877 431 2940 λους
463 2879 515 2932 οἱ
572 2876 787 2933 ἶπιπνοι
835 2876 895 2932 ἐκ
952 2882 1086 2933 Θεοῦ
1143 2877 1341 2953 λόγους
1390 2876 1778 2954 προφέρουσιν,
1826 2873 1947 2932 οὐδ’

300 2966 353 3019 οἱ
410 2968 556 3040 παρὰ
604 2966 813 3021 τούτων
872 2965 1336 3042 έμπορευόμενον
1404 2963 1531 3021 οὐδὲ
1586 2967 1693 3040 μὴν
1749 2967 1944 3043 πάγας,

297 3056 385 3116 αἷς
417 3054 469 3109 οἱ
498 3053 704 3110 πολλοί
740 3059 848 3110 τῶν
908 3056 1178 3133 σοφιστῶν
1205 3054 1333 3119 τοὺς
1376 3053 1529 3119 νέους
1584 3054 1941 3129 ἐμπλέκουσι,

299 3143 440 3215 πρὸς
472 3141 626 3198 οὐδὲν
659 3141 858 3215 ἀληθὲς
887 3142 1278 3221 σχολάζοντεςο
1313 3141 1442 3198 ἀλλ’
1473 3145 1526 3199 οἱ
1577 3145 1672 3217 μὲν
1704 3146 1768 3199 τὸ
1797 3145 1946 3221 ἅγιον

297 3231 517 3305 Πνεῦμα
570 3236 685 3307 (26)
741 3232 1093 3304 κεκτημένοι,
1168 3232 1424 3307 ἐρευνῶσι
1500 3234 1568 3289 τὰ
1656 3233 1794 3310 βάθη
1852 3231 1949 3288 τοῦ

294 3324 451 3390 Θεοῦ,
510 3321 784 3393 τουτέστι,
836 3329 936 3392 τῆς
991 3321 1116 3396 περὶ
1178 3323 1272 3384 τὰς
1329 3323 1669 3398 προφητείας
1724 3322 1945 3398 ἐπικρύ-

293 3411 438 3481 ψεως
469 3405 739 3479 ἐπήϐολοι
768 3410 1071 3486 γινόμενοι.
1104 3413 1225 3467 Τῶν
1258 3408 1318 3466 δὲ
1371 3410 1542 3486 ἁγίων
1598 3408 1944 3485 μεταδιδόναι

290 3502 412 3561 τοῖς
437 3498 593 3553 κυσὶν
626 3498 1043 3575 ἀπαγορεύεται,
1077 3495 1185 3555 ἔστ’
1214 3500 1275 3555 ἄν
1335 3501 1468 3576 μένῃ
1500 3499 1685 3575 θηρία’
1718 3501 1783 3555 οὐ
1841 3501 1946 3575 γάρ

295 3607 430 3643 ποτε
487 3586 794 3662 ἐγκιρνάναι
844 3596 1109 3665 προσήκει
1140 3595 1424 3667 φθονεροῖς
1477 3589 1568 3643 καὶ
1610 3588 1947 3664 τεταραγμέ-

297 3697 438 3747 νοις,
470 3676 716 3741 ἀπίστοις
740 3698 799 3732 τε
829 3672 905 3732 ἔτι
928 3677 1134 3749 ἤθεσιν,
1167 3677 1242 3740 sic;
1265 3678 1473 3747 ὑλακὴν
1498 3680 1777 3749 ζητήσεως
1796 3678 1948 3733 ἀναιο

301 3763 439 3833 δέσι,
471 3769 569 3820 τοῦ
592 3764 741 3820 θείου
771 3770 882 3838 (27)
910 3766 1002 3821 καὶ
1051 3771 1291 3843 καθαροῦ
1346 3768 1585 3840 νάματος
1612 3765 1711 3822 τοῦ
1745 3771 1947 3836 ζῶντος

2064 1817 2124 1873 id
2146 1835 2380 1890 quoque
2402 1821 2578 1891 paulo
2604 1826 2740 1893 post
2760 1825 3188 1880 monstrabitur
3207 1826 3496 1897 pluribus.
3521 1829 3711 1893 Quare

2062 1913 2258 1962 autem
2293 1925 2415 1963 non
2437 1916 2579 1964 sunt
2593 1911 2804 1965 merito
2826 1910 2889 1975 ult
2906 1913 3252 1984 recipiendi,
3282 1915 3383 1986 qui
3404 1921 3460 1972 et
3483 1916 3709 1971 discere

2062 1996 2285 2063 volunt,
2328 2002 2389 2051 et
2417 2015 2485 2052 ex
2508 1999 2806 2054 sententia
2825 1999 3161 2056 Salomonis
3180 2009 3433 2073 possunt
3449 2020 3602 2060 nosse
3619 2021 3708 2059 sa-

2055 2085 2331 2155 pientiam
2359 2092 2412 2141 et
2438 2086 2816 2158 disciplinam,
2851 2095 2901 2142 et
2930 2088 3240 2161 intelligere
3280 2094 3522 2149 rationes
3551 2094 3707 2150 150

2054 2176 2393 2244 prudentiae,
2426 2182 2480 2229 et
2521 2179 2794 2246 suscipere
2839 2178 3095 2249 strophas
3143 2182 3478 2249 orationum,
3528 2188 3580 2236 et
3623 2198 3710 2237 ve-

2060 2279 2181 2318 ram
2210 2263 2519 2332 intelligere
2549 2265 2880 2334 justitiam?
2908 2282 3043 2321 cum
3086 2273 3146 2322 et
3195 2268 3313 2325 alia
3353 2270 3560 2341 utique
3610 2272 3707 2337 sit,

2062 2367 2194 2422 quae
2225 2368 2344 2407 non
2377 2368 2448 2406 ex
2477 2353 2723 2408 veritate
2754 2351 3036 2409 doceatur
3064 2370 3099 2409 a
3124 2355 3339 2411 Graecis
3368 2356 3618 2429 legibus,
3651 2363 3712 2413 et

2060 2440 2196 2496 aliis
2225 2439 2619 2510 philosophis.
2654 2442 2721 2494 Et
2741 2440 2983 2510 judicia,
3016 2441 3233 2513 inquit,
3265 2444 3543 2513 dirigere:
3585 2462 3709 2501 non

2058 2527 2343 2595 forensia,
2377 2525 2478 2582 sed
2510 2527 2668 2596 quod
2699 2532 2790 2582 est
2819 2527 2878 2581 in
2903 2528 3077 2583 nobis
3091 2530 3384 2600 judicium
3418 2548 3626 2588 sanum
3651 2540 3713 2590 et

2062 2616 2133 2671 ab
2164 2631 2366 2670 errore
2393 2614 2654 2669 alienum
2679 2619 2952 2686 oportere
2975 2633 3085 2671 nos
3116 2617 3357 2687 habere,
3379 2620 3705 2693 significat:

2067 2706 2133 2759 Ut
2161 2704 2252 2757 det
2278 2703 2616 2772 simplicibus
2645 2704 2924 2773 astuliam,
2948 2722 3126 2775 puero
3169 2713 3352 2762 autem
3398 2726 3576 2781 nuper
3602 2729 3706 2767 na-

2061 2798 2116 2846 to
2142 2807 2355 2847 sensum
2384 2798 2436 2845 et
2459 2791 2904 2848 benevolentiam.
2932 2796 3060 2850 Haec
3103 2798 3248 2851 enim
3289 2813 3412 2852 cum
3462 2800 3705 2857 audierit

2058 2882 2296 2950 sapiens,
2329 2879 2420 2934 cui
2461 2896 2810 2951 persuasum
2843 2889 2933 2937 est
2960 2884 3203 2940 obedire
3233 2889 3565 2959 praeceptis,
3597 2894 3704 2945 erit

2059 2985 2166 3040 per
2194 2968 2590 3041 cognitionem
2613 2972 2920 3042 sapientior
2941 2989 2960 3027 :
2988 2976 3087 3043 qui
3127 2982 3206 3030 est
3255 2983 3440 3032 autem
3486 2978 3700 3035 intelli-

2057 3074 2210 3127 gens,
2245 3059 2494 3127 acquiret
2535 3059 3005 3129 gubernationem,
3056 3069 3110 3117 et
3151 3064 3426 3135 intelliget
3463 3068 3705 3137 paraboo

2061 3148 2170 3202 lam
2209 3152 2261 3200 et
2308 3145 2591 3201 obscurum
2635 3162 2954 3209 sermonem.
3006 3156 3057 3204 et
3095 3154 3403 3220 sapientum
3452 3155 3603 3211 dicta
3650 3164 3705 3211 et

2057 3236 2362 3304 aenigmata
2380 3233 2469 3304 (c).
2496 3236 2619 3289 Non
2635 3234 2792 3290 enim
2812 3235 3177 3293 adulterinas
3195 3241 3505 3310 proferunt
3522 3245 3706 3299 ratio-

2056 3340 2185 3391 nes,
2220 3324 2320 3395 qui
2356 3328 2495 3377 sunt
2524 3339 2559 3377 a
2588 3324 2703 3378 Deo
2738 3324 3033 3395 inspirati,
3074 3343 3185 3382 nec
3232 3329 3294 3395 ii,
3346 3331 3444 3401 qui
3495 3332 3567 3386 ab
3618 3333 3705 3388 eis

2056 3416 2437 3468 mercantur:
2472 3411 2576 3467 sed
2607 3429 2717 3467 nec
2745 3412 3012 3483 laqueos,
3060 3415 3275 3485 quibus
3305 3417 3575 3489 plerique
3607 3436 3705 3475 so-

2056 3501 2266 3572 phistae
2299 3500 2705 3555 adolescentes
2729 3500 3059 3571 implicant,
3086 3503 3314 3558 veritati
3338 3506 3584 3562 mimine
3604 3523 3704 3563 va-

2057 3595 2281 3645 cantes.
2316 3589 2428 3644 Sed
2461 3590 2562 3659 qui
2592 3591 2862 3658 Spiritum
2895 3596 3166 3645 sanctum
3210 3593 3539 3663 possident,
3569 3611 3705 3665 pro-

2056 3679 2233 3749 funda
2264 3679 2363 3732 Dei
2399 3685 2719 3733 scrutantur
2743 3679 2820 3749 (εἰ)
2844 3696 2864 3739 .·
2893 3679 3004 3734 hoc
3037 3685 3144 3747 est,
3188 3696 3256 3735 ea
3281 3690 3701 3752 assequuntur,

2059 3784 2191 3839 quia
2218 3768 2405 3821 latent
2432 3766 2493 3820 in
2524 3767 2847 3838 prophetis.
2880 3769 3083 3823 Sancta
3111 3774 3310 3825 autem
3340 3772 3567 3826 canibus
3594 3775 3703 3828 im-

302 3850 515 3915 ῧδατος.
571 3855 661 3924 Μὴ
724 3851 790 3923 δὴ
857 3854 1262 3931 ὑπερεκχείσθω
1321 3857 1430 3928 (28)
1486 3875 1571 3910 σοι
1626 3854 1791 3910 ὕδατα
1847 3851 1949 3926 ἔξω

2067 3858 2234 3926 petire
2262 3856 2332 3925 (e)
2356 3860 2604 3922 vetatur,
2639 3854 2869 3910 scilicet
2894 3856 3156 3927 quandiu
3186 3860 3519 3914 manserint
3534 3862 3696 3929 ferae,

304 3948 493 4017 πηγῆς
552 3960 682 3996 σου·
741 3942 820 4007 εἰς
876 3939 934 3998 δὲ
993 3943 1085 4005 σὰς
1140 3940 1399 4006 πλατείας
1460 3941 1856 4018 διαπορενέσθω
1887 3942 1954 3998 σὰ

309 4026 496 4087 ὕδατα.
558 4029 636 4088 O6
711 4031 812 4107 γὰρ
894 4031 1177 4108 φρονέουσι
1232 4036 1455 4087 τοιαῦτα
1538 4031 1766 4104 πολλοὶ,
1826 4031 1951 4086 ὁκό-

306 4138 391 4173 σοι
473 4122 580 4191 (29ι
664 4118 1097 4194 έγκυρσεύουσινο
1178 4117 1305 4176 οὐδὲ
1381 4120 1642 4194 μαθόντες
1676 4165 1690 4190 ,
1790 4121 1956 4197 γινώ-

307 4226 551 4261 σκουσιν·
611 4208 850 4263 ἑαυτοῖσι
908 4206 966 4264 8‘s
1016 4206 1285 4279 δοκέουσι,
1356 4210 1493 4265 κατᾶ
1540 4210 1634 4264 τὸν
1707 4214 1952 4284 γενναῖον

302 4294 681 4370 Ἡράκλειτον.
715 4297 838 4371 Ἆρ’
895 4297 956 4352 o6
1015 4294 1172 4352 δοκεῖ
1227 4318 1312 4352 σοι
1350 4297 1440 4353 καὶ
1489 4298 1647 4359 οὗτος
1692 4296 1819 4361 τοὺς
1878 4298 1954 4371 μὴ

2060 3947 2186 3999 Non
2217 3948 2452 4015 oportet
2480 3944 2640 3997 enim
2666 3943 2806 4004 illis.
2842 3945 2943 4015 qui
2966 3945 3239 4001 invidiosi
3272 3953 3331 4002 et
3358 3949 3708 4019 perturbati.

2062 4038 2122 4088 et
2148 4033 2340 4089 adhuc
2361 4031 2637 4087 infideles
2663 4033 2952 4101 moribus,
3005 4040 3063 4088 et
3091 4034 3164 4089 ad
3212 4035 3594 4107 impudenter
3623 4039 3710 4095 la-

2061 4120 2341 4176 trandum
2378 4119 2660 4176 adversus
2706 4121 2968 4177 veritatis
3018 4122 3469 4193 inquisitionem
3518 4128 3712 4197 parati

2063 4214 2224 4276 sunt,
2258 4209 2596 4263 immiscere
2626 4208 2889 4264 divinum
2913 4215 2972 4265 et
2991 4227 3208 4281 purum
3226 4212 3518 4268 ﬂuentum
3539 4231 3710 4286 aqua:

2062 4298 2241 4353 vivae:
2278 4300 2352 4354 Ne
2394 4298 2776 4368 effundantur,
2827 4297 3044 4369 inquit,
3094 4316 3253 4370 aquae
3300 4303 3459 4357 extra
3504 4305 3714 4372 fontem

376 4414 451 4491 »ις
472 4417 534 4471 Ρ.
571 4418 700 4491 432.
734 4417 846 4491 ει).
880 4417 1176 4491 POTTER,
1207 4417 1314 4473 362
1355 4418 1468 4472 ED.
1502 4417 1728 4474 PARIS.
1764 4417 1838 4489 (a)
1870 4418 1948 4471 Ex

2080 4431 2282 4483 χχχιιι,
2317 4414 2402 4468 l3.
2432 4414 2508 4486 (b)
2539 4414 2650 4471 Isa.
2682 4430 2830 4483 va1,
2861 4418 2909 4470 1.
2944 4415 3206 4487 (c).Prov.
3240 4420 3321 4485 1,2
3352 4420 3402 4472 6.
3432 4418 3556 4491 (d)I
3585 4419 3716 4476 Cor.

302 4504 365 4552 ιι,
400 4490 486 4541 10.
522 4488 589 4558 (e)
616 4489 815 4543 Matth.
848 4504 943 4554 vn,
967 4490 1020 4545 6.

376 4601 1305 4679 (2921530991;A‘._Vulg._Biblia
1359 4604 1636 4661 Proverb.
1698 4622 1738 4675 ι,
1796 4622 1951 4679 crpo-

2067 4598 2169 4679 Καὶ
2200 4593 2364 4679 ἕδειξέ
2398 4618 2493 4679 μ.οι
2535 4598 2785 4679 καθαρὸν.
2816 4600 3067 4679 ποταμᾷν
3118 4597 3317 4679 ὕδατος
3371 4607 3540 4679 ζωῆς,
3600 4601 3716 4679 λαμ

308 4667 410 4750 φὰς
444 4667 650 4750 λόγων,
680 4667 770 4750 καὶ
826 4667 1414 4750 λύσειςναίνιγμάτων-
1464 4684 1530 4750 et
1578 4667 1737 4750 mox,
1783 4667 1956 4750 κρίμα
1986 4667 2019 4670 ⁷
2062 4667 2716 4750 πρ-δν-ὡςκρύσταλλον,
2769 4667 3198 4749 έκπορεῦόμενον
3250 4673 3311 4729 ἐκ
3363 4667 3482 4729 τοῦ
3518 4667 3715 4749 θρόνού

305 4746 668 4809 κατευθύνειν,
690 4746 1137 4818 εἰιιεηῐιιιιιιεινο
1165 4746 1181 4800 ἐ
1211 4764 1343 4818 quin
1399 4747 1576 4803 lectio
1606 4748 1655 4803 si
1704 4748 1956 4818 recipia-

304 4822 424 4885 tur,
445 4834 595 4891 _mo;
621 4817 801 4871 etiam
832 4817 1213 4890 singulariter
1230 4817 1559 4891 legendum
1592 4818 1780 4874 eritsi;
1810 4817 1957 4873 δικα-

305 4887 512 4942 στικόν.
538 4889 812 4943 SYLBURG.

382 4961 495 5030 (25)
564 4953 808 5033 Εξξνοιαν.
867 4958 1254 5033 scribendum
1326 4954 1534 5033 ’ἔννοιαν
1578 4978 1755 5033 ﬁcum
1815 4961 1956 5016 LXX

307 5030 757 5104 interpretibus,
794 5029 951 5104 quod
984 5030 1299 5104 Sylburgio
1323 5029 1501 5087 etiam
1533 5032 1776 5104 placuit.

377 5100 493 5173 (26)
528 5103 761 5172 Πνεῦμα.
798 5101 861 5155 D.
909 5100 1127 5156 Paulus
1184 5100 1225 5156 1'
1264 5102 1395 5158 Cor.
1451 5121 1508 5162 ιι.
1534 5100 1611 5158 ’10
1645 5120 1657 5158 :
1715 5105 1958 5173 Spiritus

308 5176 456 5228 enim
479 5174 665 5227 omnia
689 5178 988 5233 scrutatur.
1007 5174 1175 5226 etiam
1195 5176 1484 5244 profunda
1508 5176 1621 5230 Dei.
1654 5176 1742 5230 Ita
1760 5174 1956 5230 locum

308 5244 471 5318 hunc
493 5244 827 5318 deJSpiriAtu
854 5250 1057 5318 sancto
1080 5244 1351 5313 exposuit
1388 5246 1673 5318 Didymus
1704 5246 1956 5301 Alexan-

311 5315 522 5371 drinus
552 5315 654 5370 lib.
689 5331 707 5370 ι
738 5316 814 5370 De
843 5315 1060 5383 Spiritu
1079 5322 1267 5369 sancto
1299 5333 1316 5370 :
1347 5318 1437 5372 Sic
1466 5315 1517 5372 et
1544 5335 1668 5384 quae
1690 5319 1789 5373 Dei
1809 5323 1956 5384 sunt,

309 5403 467 5460 nemo
497 5387 770 5460 cognovit,
802 5387 911 5460 nisi
934 5384 995 5438 τὸ
1025 5388 1267 5460 Πνεῦμα,
1300 5387 1358 5442 id
1415 5394 1523 5457 est,
1547 5384 1792 5460 Spiritus
1821 5390 1958 5444 Dei:

308 5456 386 5510 Τὸ
410 5457 510 5530 γὰρ
561 5456 803 5530 Πνεῦμα,
861 5457 973 5530 hoc
1030 5461 1139 5530 est,
1174 5456 1438 5528 Spiritus
1488 5456 1632 5516 enim
1679 5467 1962 5517 scrutatur

309 5528 514 5596 omnia,
537 5528 850 5585 etiam'alta
879 5529 997 5582 Dei.
1025 5528 1290 5584 COLLECT.

381 5599 497 5671 (2‘1)
517 5601 624 5655 Τοῦ
654 5597 822 5663 θείου.
853 5599 1169 5671 Respicere
1197 5600 1429 5658 videtur
1447 5601 1691 5675 Apocal.
1724 5619 1860 5670 nn,
1893 5604 1914 5655 1
1945 5618 1958 5656 :

588 5716 855 5777 Ρισηοι..
901 5714 1015 5776 Gn.
1060 5711 1228 5777 νιιι.

2063 4744 2160 4798 τοῦ
2189 4744 2342 4798 Θεοῦ.

2141 4814 2255 4887 (28)
2287 4809 2476 4890 Μὴ.δὴ
2639 4814 2777 4890 Dpas
2836 4815 2964 4890 istm
3004 4816 3332 4890 particula),
3377 4816 3453 4890 μή
3487 4812 3579 4886 δή,
3612 4818 3719 4873 ab-

2068 4883 2209 4978 313m
2237 4902 2273 4978 al
2300 4885 2464 4972 Vulg.
2494 4883 2643 4972 [lib].
2677 4886 2948 4978 Proverb.
2980 4883 3031 4951 ν’,
3064 4888 3164 4942 ubi
3196 4883 3388 4977 etiarn'
3408 4883 3623 4978 legitur
3649 4890 3719 4944 τὰ

2067 4955 2236 5011 ὕδατα
2256 4953 2316 5009 έκ
2342 4953 2443 5023 τῆς
2467 4960 2565 5022 σῆς
2594 4962 2795 5029 πηγῆςῖ
2830 4957 3094 5029 itemque
3126 4976 3284 5025 mox,
3312 4958 3381 5013 τὰ
3436 4953 3501 5013 ait
3530 4957 3719 5018 ὕδατα.

2067 5031 2432 5103 Clementem
2462 5027 3075 5103 tamen_de‘industria
3104 5031 3519 5101 prohibitivam
3537 5033 3726 5103 parti-

2069 5100 2263 5156 culam
2295 5114 2615 5170 usurpasse
2646 5098 2954 5155 declarant
2985 5098 3574 5160 tum—antecedentia.
3595 5110 3721 5159 tum

2069 5171 2382 5247 sequentia
2416 5186 2428 5223 :
2464 5175 2731 5247 utvetet,
2766 5171 2826 5247 in
2847 5170 2979 5227 loca
3010 5189 3377 5243 supervacua
3405 5181 3464 5247 et
3482 5175 3724 5247 rigatio-

2069 5243 2164 5298 nis
2196 5259 2316 5297 non
2343 5242 2919 5314 capaciaietl‘undere
2950 5242 3137 5313 aquas
3168 5261 3324 5306 suas.
3359 5246 3463 5300 sed
3488 5242 3720 5301 tantum

2069 5316 2129 5388 in
2162 5314 2449 5388 sua__loca.
2484 5313 2699 5388 quibus
2730 5330 2863 5369 cum
2894 5314 3087 5370 fructu
3134 5315 3501 5388 impenditur
3520 5332 3720 5386 opera,

2068 5386 2223 5440 rivos
2254 5385 2472 5440 diduci.
2508 5385 2762 5441 SYLBURG

2141 5460 2253 5530 (29)
2283 5454 2524 5530 Ὁκόσοι.
2588 5456 2923 5530 Legendum
2972 5457 3295 5530 existimen
3353 5455 3597 5530 ὁκόσοι-ς,
3627 5456 3722 5511 in-

2072 5529 2202 5600 quit
2222 5528 2572 5585 Gatakerus.
2606 5526 2934 5585 Comment.
2967 5528 3027 5583 in
3046 5529 3219 5583 Marci
3243 5527 3522 5583 Antonini
3537 5526 3723 5594 lib.1v,

3367 5713 3451 5774 30
