4044 6154
305 328 410 385 941

1646 306 2096 387 amomi-tm
2135 331 2269 385 un.
2312 331 2384 388 II.

3612 330 3723 387 942

301 453 577 510 τείνονται
609 495 623 511 .
680 455 740 510 Ὁ
794 451 1085 514 πιστεύσας
1135 447 1317 507 τοίνυν
1377 456 1496 515 ταῖς
1559 455 1794 528 Γραφαῖς
1844 455 1964 513 ταῖς

2086 453 2244 509 enim
2274 452 2569 511 deﬁniunt
2596 455 2936 528 philosophi
2976 455 3270 522 habitum,
3302 472 3337 511 a
3364 456 3596 512 ratione
3622 456 3724 528 qui

304 544 495 612 θείαις,
523 544 626 613 τὴν
656 542 833 617 κρίσιν
881 536 1099 617 βεϐαίαν
1151 536 1296 616 ἔχων
1324 544 1460 614 (39),
1489 538 1762 611 ἀπόδειξιν
1795 539 1957 595 ἀναν-

300 631 560 709 τίῤῥητον
619 633 721 701 τήν
780 635 882 686 τοῦ
936 630 1032 693 τὰς
1089 629 1303 707 Γραφᾶς
1336 626 1723 705 δεδωρημένου
1772 630 1960 707 φωνὴν

305 716 574 795 λαμϐάνει
602 724 759 777 Θεοῦ.
811 720 1003 777 Οὐκὲτ’
1062 720 1153 774 οὗν
1193 722 1376 782 πίστις
1399 719 1600 795 γίνεται
1634 716 1705 773 δι’
1737 715 1962 773 ἀποδεί-

304 812 437 882 ξεως
470 809 844 885 ὠχυρωμένη.
910 809 1183 882 Μακάριοι
1239 808 1445 877 τοίνυν,
1505 809 1557 863 οἱ
1618 809 1696 881 μή
1729 804 1957 876 ῗδόντες,

302 900 394 957 καὶ
424 898 827 960 πιστεύσαντες.
869 899 934 955 Αἱ
982 902 1114 973 γοῦν
1142 902 1252 953 τῶν
1284 899 1552 973 σειρήνων
1601 894 1958 966 ἐπιτελὲσεις,

2071 545 2466 600 transmoveri
2513 561 2630 600 non
2662 551 2875 618 potest.
2906 547 3083 601 Estne
3112 562 3248 619 ergo
3303 546 3523 617 aliquis
3571 546 3726 601 alius

2070 631 2368 704 ejusmodi
2399 651 2569 688 verus
2604 639 2791 689 status
2830 634 3089 705 pietatis,
3121 635 3295 705 cujus
3320 634 3447 689 sola
3478 639 3567 689 est
3594 651 3724 708 ma-

2067 721 2251 794 gistra
2284 721 2481 777 ratio?
2523 724 2649 777 Non
2698 739 2803 795 ego
2836 722 3075 794 quidem
3109 723 3385 777 arbitror.
3434 724 3724 778 Caeterum

2069 812 2509 883 Theophrastus
2539 812 2705 883 dicit,
2738 829 2983 868 sensum
3015 830 3144 870 esse
3168 812 3307 868 fidei
3337 812 3717 884 principium.

2066 900 2121 955 Is
2152 898 2313 955 enim
2350 902 2644 973 principia
2665 903 2880 957 rationi
2913 907 2972 956 et
3002 902 3335 958 intellectui
3368 907 3569 957 nostro
3590 918 3722 972 sup-

306 988 534 1065 δύναμιν
595 989 730 1064 ὑπὲρ
780 987 1063 1066 ἄνθρωπον
1121 986 1561 1062 ἐνδεικνύμεναι,
1629 986 1956 1058 ἐξέπληττον

2086 988 2312 1059 ᾳοὰίιειι.
2347 990 2456 1056 Qui
2505 991 2722 1046 divinis
2769 1007 2907 1064 ergo
2939 990 3257 1063 Scripturis
3298 991 3469 1047 ﬁrmo
3492 990 3721 1062 judicio

302 1081 431 1142 τοὺς
463 1078 1005 1156 παρατυγχάνοντας,
1034 1078 1173 1154 πρὸς
1201 1078 1301 1146 τήν
1326 1083 1436 1133 τῶν
1478 1074 1800 1152 λεγομενων
1849 1096 1956 1131 πα-

2086 1077 2277 1143 :redit,
2334 1078 2926 1147 demonstrationem,
2970 1080 3067 1135 cui
3109 1080 3436 1137 contradici
3492 1078 3720 1150 nequit,

307 1167 555 1246 ραδοχήν
584 1165 781 1244 σχεδὸν
812 1166 1041 1230 ἄκοντας
1071 1165 1499 1241 εύτρεπίζουσαι.

2086 1165 2174 1221 Dei
2205 1166 2452 1235 scilicet,
2485 1169 2587 1240 qui
2620 1169 2950 1240 Scripturas
2980 1168 3153 1223 nobis
3180 1168 3362 1236 dedit,
3394 1184 3599 1224 vocem
3625 1184 3721 1223 ac-

305 1260 471 1332 cipit.
503 1261 591 1315 Ita
616 1259 764 1315 fides
789 1275 895 1331 per
924 1257 1496 1314 demonstrationem
1528 1256 1758 1313 firmior
1787 1254 1917 1311 ﬁeri
1947 1255 2175 1326 nequit.
2218 1256 2382 1312 Beati
2423 1256 2632 1328 itaque,
2681 1260 2780 1328 qui
2824 1274 2936 1313 non
2976 1258 3253 1326 viderunt,
3285 1263 3337 1313 et
3375 1256 3724 1312 crediderunt

309 1349 410 1423 (a).
442 1353 526 1405 Ac
556 1349 823 1405 sirenum
854 1348 1095 1419 quidem
1123 1354 1358 1414 cantus,
1385 1347 1440 1401 vi
1464 1347 1600 1418 plus
1631 1361 1811 1418 quam
1841 1344 2107 1400 humana
2161 1361 2287 1411 eos,
2314 1346 2417 1416 qui
2447 1347 2508 1401 in
2541 1363 2642 1404 eas
2672 1346 3026 1419 inciderant,
3079 1345 3631 1419 obstupefaciebant
3659 1351 3726 1401 ut

309 1454 400 1509 ea,
431 1454 564 1510 qua
595 1437 945 1495 dicebantur
976 1437 1338 1510 exciperent,
1369 1435 1803 1509 propemodum
1832 1433 2048 1489 invitos
2079 1433 2452 1491 inducentes.

1833 1573 2065 1629 CAPUT
2101 1574 2199 1629 III.

801 1685 1006 1743 Contra
1038 1685 1321 1742 haereticos
1341 1683 1606 1755 disputat,
1634 1683 1734 1754 qui
1758 1681 1921 1751 ﬁdem
1949 1695 2018 1734 ea:
2044 1685 2258 1737 naturae
2286 1683 2605 1740 necessitate
2626 1686 2923 1756 provenire
2950 1691 3218 1743 statuunt.

383 1811 641 1869 Ἐνταῦθα
669 1810 901 1889 φυσικὴν
929 1812 1186 1884 ἡγοῦνται
1215 1808 1317 1878 τῆν
1353 1807 1535 1863 πίστιν
1581 1807 1634 1860 οἳ
1678 1803 1821 1881 ἀμφὶ
1865 1803 1959 1860 τὸν

2140 1806 2243 1863 Hic
2266 1808 2446 1866 fidem
2468 1826 2597 1866 esse
2620 1812 2955 1868 naturalem
2982 1812 3325 1867 existimant
3336 1811 3607 1868 Basilidis
3620 1827 3718 1868 se-

308 1897 655 1971 Βασιλείδηνο
687 1900 822 1963 καθὸ
853 1899 941 1954 καὶ
976 1897 1062 1954 ἐπὶ
1092 1905 1195 1968 τῆς
1232 1896 1471 1973 ἐκλογῆς
1517 1897 1802 1952 τάττουσιν
1860 1892 1960 1949 αύ-

306 1991 432 2061 την,
483 1988 551 2045 τὰ
602 1989 903 2063 μαθήματα
957 1984 1359 2049 ἀναποδείκτως
1391 1984 1742 2060 εὑρίσκουσαν
1794 2004 1962 2039 κατα-

311 2076 479 2154 λήψει
536 2081 792 2151 νοητικῇ.
849 2077 915 2134 Ol
948 2074 1006 2131 δὲ
1029 2076 1136 2131 ἀπὸ
1176 2074 1560 2144 Οὐαλεντίνου,
1590 2074 1690 2144 τὴν
1723 2074 1818 2147 μὶν
1868 2071 1960 2128 πί-

313 2189 428 2224 στιν
476 2173 595 2230 τοῖς
645 2165 844 2230 ἁπλοῖς
877 2166 1268 2241 ἀπονείμανεες
1311 2168 1472 2240 ἡμῖν,
1516 2165 1704 2227 αὑτοῖς
1758 2161 1816 2218 δὲ
1858 2163 1959 2232 τῆν

309 2261 508 2334 γνῶσιν
557 2258 692 2331 (40),
735 2261 854 2319 τοῖς
900 2255 1055 2333 φύσει
1103 2255 1439 2329 σωζομένοις
1483 2257 1619 2326 (41),
1673 2251 1810 2307 κατὰ
1858 2251 1958 2320 τὴν

308 2350 406 2402 τοῦ
482 2342 831 2422 διαφέροντος
905 2343 1217 2415 πλεονεξίαν
1282 2345 1592 2420 σπέρματος
1639 2340 1964 2417 ἐνυπάρχειν

313 2432 630 2511 βούλονται,
690 2438 882 2510 μακρῷ
937 2436 1047 2508 (42)
1079 2431 1137 2488 δὲ
1163 2429 1583 2508 κεχωρισμένην
1643 2429 1893 2498 πίστεως,
1924 2428 1961 2499 ἢ

307 2525 372 2579 τὸ
402 2523 766 2598 πνευματικὸν
820 2526 918 2578 τοῦ
969 2524 1212 2596 ψυχικοῦ
1264 2519 1539 2596 λέγοντες.
1571 2520 1692 2574 Ἔτι
1721 2518 1878 2596 φασὶν
1910 2517 1965 2570 οἱ

310 2613 417 2668 ἀπὸ
447 2609 771 2670 Βασιλείδου
800 2613 935 2685 (43),
967 2610 1147 2665 πίστιν
1181 2610 1292 2682 ἅμα
1339 2610 1427 2663 καὶ
1477 2608 1715 2683 ἐκλογὴν
1761 2604 1962 2661 οἷκείαν

311 2702 447 2757 εἶναι
503 2703 621 2758 καθ’
679 2697 904 2756 ἕκαστον
955 2697 1259 2770 διάστημα·
1303 2698 1422 2752 κατ’
1451 2695 1888 2767 ἐπακολούθημα
1919 2689 1966 2747 δ’

315 2791 380 2846 αὗ
406 2797 508 2859 τῆς
540 2787 780 2863 ἐκλογῆς
808 2794 909 2856 τῆς
941 2784 1332 2861 ὑπερκοσμίου,
1361 2786 1464 2853 τῆν
1499 2784 1772 2855 κοσμικὴν
1824 2780 1966 2836 ἀπά-

318 2898 421 2945 σης
473 2875 684 2953 φύσεως
735 2875 1054 2930 συνέπεσθαι
1107 2871 1312 2944 πίστιν,
1358 2868 1713 2941 κατάλληλον
1745 2890 1803 2924 τε
1832 2870 1965 2924 εἶναι

316 2967 387 3036 τῇ
419 2964 645 3017 ἑκάστου
674 2958 855 3018 ἐλπίδι
884 2958 974 3015 καὶ
999 2965 1099 3030 τῆς
1127 2958 1360 3021 πίστεως
1407 2959 1507 3027 τῆν
1559 2954 1787 3033 δωρεάν.
1846 2957 1968 3015 Οὖ-

318 3050 409 3106 κέτ
442 3047 534 3106 οῦν
581 3050 948 3127 προαιρέσεως
993 3047 1325 3123 κατόρθωμα
1374 3048 1410 3118 ἡ
1441 3048 1651 3115 πίστις,
1682 3045 1731 3101 εἷ’
1759 3044 1969 3124 φύσεως

2066 1900 2322 1953 ctatores
2349 1915 2362 1952 :
2388 1916 2505 1970 qua
2520 1900 2748 1956 ratione
2771 1901 2952 1957 etiam
2973 1917 3104 1957 eam
3127 1900 3402 1956 electioni
3425 1900 3715 1968 tribuunt,

2066 1989 2132 2039 ut
2155 2002 2286 2057 qua:
2307 1987 2697 2045 intellectuali
2719 1989 3614 2062 comprehensionedisciplinas
3633 1990 3720 2044 in-

2066 2074 2263 2129 veniat
2292 2076 2440 2133 citra
2469 2077 3062 2134 demonstrationem.
3097 2077 3498 2135 Valentiniani
3520 2083 3720 2134 autem

2066 2180 2201 2218 cum
2233 2165 2405 2222 nobis
2436 2168 2678 2238 quidem
2731 2168 3105 2240 simplicibus
3149 2167 3329 2224 ﬁdem
3378 2168 3720 2235 tribuerint,

2068 2252 2203 2320 sibi,
2229 2253 2330 2324 qui
2350 2259 2564 2311 natura
2585 2254 2727 2310 salvi
2759 2255 2929 2324 fiunt,
2963 2256 3169 2311 volunt
3197 2272 3327 2312 esse
3350 2256 3414 2320 >X<
3434 2257 3721 2328 cognitio-

2066 2356 2206 2397 nem
2237 2342 2309 2397 ab
2344 2343 2692 2399 excellentis
2723 2343 3091 2400 abundantia
3119 2344 3368 2400 seminis
3394 2361 3408 2399 :
3458 2344 3725 2400 dicentes

2069 2446 2199 2485 eam
2232 2430 2405 2503 longe
2438 2433 2623 2504 magis
2653 2448 2688 2487 a
2713 2432 2829 2487 fide
2861 2433 3104 2499 distare,
3140 2449 3318 2503 quam
3352 2433 3620 2503 spiritale
3649 2434 3721 2488 ab

2070 2519 2337 2575 animali.
2364 2521 2658 2575 Praeterea
2688 2520 2894 2575 dicunt
2925 2521 3224 2587 Basilidei,
3256 2521 3435 2576 ﬁdem
3467 2519 3645 2576 simul
3668 2528 3726 2577 et

2070 2607 2423 2661 electionem
2443 2624 2571 2664 esse
2585 2609 2887 2680 propriam
2902 2610 2963 2664 in
2977 2625 3336 2680 unoquoque
3354 2610 3543 2682 spatio
3560 2627 3573 2666 :
3592 2627 3727 2665 rur-

2072 2709 2173 2748 sus
2193 2698 2391 2748 autem
2416 2712 2485 2749 ex
2506 2698 2935 2766 consequentia
2958 2698 3459 2769 supermundanae
3473 2698 3724 2753 electio-

2072 2782 2167 2836 nis
2197 2783 2482 2853 consequi
2514 2783 2883 2841 mundanam
2932 2787 3113 2843 totius
3144 2790 3371 2843 naturae
3421 2786 3623 2854 ﬁdem,
3667 2791 3727 2842 et

2073 2888 2179 2944 pro
2211 2871 2387 2927 modo
2419 2874 2545 2945 spei
2577 2874 3048 2948 uniuscujusque
3098 2877 3456 2931 conveniens
3488 2892 3726 2946 quoque

2075 2977 2206 3016 esse
2224 2959 2445 3017 donum
2468 2961 2627 3018 ﬁdei.
2656 2963 3014 3020 Voluntaria;
3028 2981 3166 3038 ergo
3179 2981 3247 3021 ac
3261 2964 3463 3020 liberm
3487 2964 3730 3020 electio-

2076 3050 2169 3105 nis
2192 3066 2313 3105 non
2335 3057 2427 3105 est
2447 3051 2596 3106 ﬁdes
2615 3052 2819 3124 utique
2844 3053 3128 3119 ofﬁcium,
3153 3055 3202 3111 si
3234 3060 3325 3110 est
3346 3060 3575 3110 naturae
3587 3070 3734 3126 prai-

315 3139 724 3213 πλεονέκτημαο
788 3135 913 3194 ούδὶ
962 3132 1204 3211 ἀμοιϐῆς
1257 3133 1468 3198 δικαίας
1513 3134 1775 3206 τεύξεται,
1815 3135 1963 3190 ἀναί-

2086 3140 2340 3211 rogativa
2369 3155 2381 3192 :
2405 3156 2599 3211 neque
2612 3140 2838 3212 justam
2860 3148 3261 3213 consequetur
3281 3143 3734 3198 retributionem

315 3248 432 3291 τιος
463 3226 561 3298 ὢν,
596 3229 624 3283 ὁ
659 3229 735 3302 μὴ
763 3229 1075 3289 πιστεύσας·
1120 3226 1212 3281 καὶ
1242 3225 1345 3281 οὐκ
1375 3222 1549 3287 αἶ’τιος
1579 3226 1607 3280 ὁ
1654 3224 1965 3286 πιστεύσας.

319 3323 471 3373 Πᾶσα
502 3316 560 3373 δέ
588 3320 623 3388 ἠ
648 3322 751 3383 τῆς
779 3318 1018 3380 πίστεως
1062 3316 1154 3372 καὶ
1202 3314 1449 3378 ἀπιστίας
1480 3313 1696 3386 ΐδιότης
1724 3314 1815 3368 καὶ
1847 3310 1965 3368 δια-

318 3409 561 3482 φορότης
610 3403 722 3462 οὔτ’
773 3404 994 3476 ἐπαίνῳ,
1054 3400 1178 3459 οὕτε
1210 3404 1320 3477 μὴν
1369 3402 1526 3481 ψόγῳ
1556 3402 1819 3458 ὑποπέσοι
1880 3401 1964 3470 ἂν,

317 3495 492 3570 ὀρθῶς
525 3493 929 3572 λογιζομένοις,
960 3494 1392 3569 προηγουμένην
1422 3486 1627 3569 ἔχουσα
1650 3493 1751 3561 τὴν
1785 3490 1845 3547 ἐκ
1870 3495 1967 3547 τοῦ

312 3585 380 3641 τὰ
430 3584 600 3640 πάντα
632 3582 862 3640 δυνατοῦ
892 3584 1122 3661 φυσικὴν
1177 3583 1414 3657 ἀνάγκην
1455 3582 1780 3657 γενομένην.
1831 3588 1970 3637 Νευ-

318 3675 808 3751 ροσπαστουμένων
867 3670 925 3727 δὲ
975 3675 1161 3745 ἡμων,
1218 3671 1449 3747 ἀψύχων
1508 3668 1663 3742 δίκην
1718 3675 1970 3746 φυσικαῖς

315 3761 631 3840 ἐνεργείαις,
684 3761 749 3817 τό
804 3782 863 3817 τε
914 3760 1170 3817 ἀκούσιον
1200 3759 1462 3835 παρέλκει
1512 3763 1645 3834 (44),
1679 3762 1826 3833 ὁρμή
1884 3780 1964 3828 τε,

317 3854 353 3922 ἡ
386 3853 882 3929 προκαθηγουμὲνη
913 3848 1144 3906 τούτων.
1191 3850 1289 3903 Καὶ
1318 3850 1427 3904 οὐκ
1471 3846 1548 3904 ἔτι
1580 3844 1751 3926 ἔγωγε
1798 3848 1968 3904 ἐννοῶ

320 3945 459 4011 ζῶον
487 3946 673 4011 τοῦτο,
704 3938 767 3996 οὗ
822 3941 887 3995 τὸ
934 3938 1239 4015 ὁρμητικὸν
1288 3936 1499 4012 ἀνάγκη
1539 3941 1649 4010 (45)
1699 3936 1966 4014 λέλογχεν

323 4029 428 4085 ὖπό
451 4037 554 4101 τῆς
593 4027 786 4102 ἔξωθεν
815 4028 996 4091 αἰτίας
1042 4026 1386 4101 κινούμενον.
1424 4028 1533 4082 Ποῦ
1563 4023 1623 4081 δὶ
1658 4023 1738 4081 ἔτι
1787 4028 1823 4097 ἡ
1870 4031 1969 4082 τοῦ

319 4139 455 4174 ποτε
507 4118 736 4174 ἀπίστου
794 4118 1087 4192 μετάνοια,
1141 4113 1215 4171 δι’
1270 4116 1338 4185 ἣν
1393 4114 1580 4193 ἄφεσις
1636 4116 1967 4190 ἀμαρτιῶν;

321 4214 477 4262 Ὥστε
508 4205 633 4262 οὐδὲ
666 4206 945 4281 βάπτισμα
996 4205 1073 4261 ἔτι
1106 4201 1332 4278 εὔλογον
1364 4201 1490 4260 οόδὶ
1528 4203 1769 4278 μακαρία
1798 4225 1973 4282 σφρα-

321 4296 407 4371 γὶς
438 4296 574 4369 (46),
607 4291 732 4349 οὐδὲ
763 4294 790 4348 ὁ
821 4294 966 4363 Υἱὸς,
1000 4290 1125 4349 οὐδὲ
1155 4293 1183 4347 ὁ
1232 4294 1440 4367 Πατήρ·
1490 4291 1638 4348 ἀλλὰ
1680 4294 1834 4363 Θεὸς,
1892 4295 1972 4351 οἴ-

328 4404 451 4458 μαι,
480 4386 516 4453 ἡ
555 4387 664 4438 τῶν
716 4381 925 4458 φύσεων
982 4382 1171 4446 αὐτοῖς
1211 4379 1512 4456 εὑρίσκεται
1565 4377 1822 4454 διανομὴ,
1879 4384 1971 4439 τὸν

2080 3228 2223 3299 quia
2242 3244 2363 3283 non
2390 3228 2810 3301 credidit,quia
2826 3231 2955 3302 ejus
2968 3232 3217 3304 culpaid
3229 3249 3351 3288 non
3374 3233 3599 3299 evenit;
3621 3247 3735 3288 nec

2077 3318 2150 3385 is,
2185 3318 2284 3388 qui
2317 3316 2590 3383 credidit,
2620 3319 2759 3389 quia
2813 3335 2991 3375 causa
3020 3337 3142 3376 non
3171 3322 3301 3376 fuit.
3336 3321 3508 3377 Nulla
3536 3326 3736 3377 autem

2077 3406 2216 3463 fidei
2266 3411 2326 3462 et
2369 3407 2806 3463 incredulitatis
2851 3410 3204 3481 proprietas,
3254 3410 3346 3464 vel
3377 3410 3734 3481 differentia,

2075 3496 2260 3563 laudi,
2284 3497 2375 3552 vel
2396 3497 2817 3569 vituperationi
2838 3498 3019 3553 fuerit
3042 3499 3318 3566 obnoxia,
3343 3500 3391 3554 si
3410 3504 3569 3554 recte
3590 3514 3736 3554 con-

2078 3584 2571 3653 sideremus,cum
2585 3586 2800 3642 habeat
2814 3586 3250 3659 prmcedentem
3273 3588 3607 3643 naturalem
3626 3596 3730 3643 ne-

2077 3673 2436 3739 cessitatem,
2471 3690 2603 3745 qum
2636 3680 2765 3730 orta
2795 3680 2886 3730 est
2914 3674 2987 3731 ab
3019 3692 3110 3743 eo,
3144 3676 3246 3746 qui
3282 3680 3477 3748 potest
3505 3676 3726 3732 omnia.

2077 3763 2242 3828 Quod
2273 3763 2321 3819 si
2351 3768 2773 3834 nos,tanquam
2807 3764 3094 3831 inanima,
3125 3764 3500 3820 naturalibus
3521 3781 3730 3836 opera-

2078 3852 2362 3920 tionibus,
2394 3851 2573 3907 veluti
2605 3852 2883 3920 fidiculis,
2914 3854 3239 3922 trahamur,
3262 3853 3485 3909 frustra
3514 3859 3604 3909 est
3631 3853 3726 3908 in—

2076 3942 2500 4004 voluntarium,
2526 3947 2585 3996 et
2603 3943 2908 4014 appetitio,
2933 3960 3064 4012 quas
3088 3959 3158 3998 ea
3178 3943 3599 4015 praecedit.Nec
3620 3959 3725 4015 ego

2078 4030 2230 4086 illud
2278 4031 2481 4102 utique
2511 4030 2735 4087 animal
2781 4031 2955 4103 quale
2986 4033 3061 4087 sit
3091 4032 3379 4105 intelligo,
3410 4033 3582 4105 cujus
3610 4032 3727 4086 vim

2079 4120 2420 4193 appetendi,
2455 4136 2586 4191 quae
2619 4120 2692 4176 ab
2726 4126 2973 4177 externa
3001 4138 3183 4177 causa
3211 4127 3499 4188 movetur,
3524 4121 3733 4176 sortita

2082 4210 2526 4265 estnecessitas.
2552 4209 2660 4265 Ubi
2679 4216 2879 4265 autem
2894 4215 2985 4265 est
2997 4211 3048 4284 ej
3058 4210 3257 4281 us,qui
3280 4210 3391 4265 fuit
3409 4209 3731 4282 aliquando

2081 4298 2448 4366 incredulus,
2481 4299 2851 4370 ptenitentia,
2875 4316 2983 4371 per
3011 4316 3190 4371 quam
3221 4299 3493 4356 remissio
3521 4315 3734 4372 pecca-

2082 4391 2279 4442 torum
2300 4386 2329 4441 ?
2351 4387 2544 4452 Quare
2565 4403 2675 4444 nec
2695 4387 2954 4461 amplius
2976 4387 3570 4462 baptismusrationis
3589 4405 3734 4445 con-

397 4559 464 4625 ιχ‹
493 4555 557 4610 Ρ.
588 4554 687 4609 431
720 4552 833 4608 El).
863 4552 1156 4621 POTTER,
1191 4554 1294 4607 364
1322 4553 1435 4608 El).
1467 4553 1696 4609 PABIS.
1772 4552 1850 4626 (a)
1877 4553 2043 4611 Joan.
2073 4572 2172 4625 xx,
2203 4557 2291 4611 29.

402 4723 768 4807 (49)_B§61lav
814 4722 983 4804 ἔχων.
1030 4731 1312 4785 Hervetus
1357 4733 1492 4802 post
1528 4729 1636 4786 has
1662 4747 1832 4789 voces
1863 4731 1976 4789 dis-
2011 4742 2059 4807 ο

331 4803 549 4860 tinguit
577 4802 740 4857 εγω.

545 4877 775 4963 Exiguam;
810 4871 1267 4963 Undean‘ostici
1284 4871 1431 4963 dicti
1461 4876 1620 4963 suﬁnt.
1733 4947 1769 4963 ﬂ

404 4944 515 5017 )M)
545 4949 674 5007 Τοῖς
703 4944 856 5035 quasi
888 4946 1019 5010 σωζ.
1066 4944 1161 5030 Si‘e
1216 4944 1371 4998 infra
1418 4944 1479 4999 in
1509 4946 1814 5015 Excerptis,
1846 4962 1980 5017 pag.

333 5019 487 5072 798:
542 5016 621 5071 Τὸ
668 5036 763 5083 μεν
812 5034 1197 5083 πνευματικον,
1237 5014 1391 5083 φύσει
1437 5013 1766 5083 σωζόμενον.
1798 5018 1980 5083 Spiri-

337 5034 487 5072 ἰυδτ
542 5034 621 5071 ἰὀ
668 5034 763 5088 μεν
812 5034 1197 5085 πνευματικον,
1237 5034 1391 5088 φύσει
1437 5034 1766 5085 σωςομενον.
1798 5034 1980 5088 5mm-

337 5089 485 5144 tuale
515 5090 735 5159 quidem
762 5094 975 5159 natura
993 5093 1269 5159 servatur.
1310 5088 1578 5159 Irenaius
1603 5087 1705 5159 lib.
1738 5105 1783 5159 ι,
1809 5105 1860 5143 c.
1886 5092 1981 5159 All.

334 5177 393 5232 p.
429 5154 542 5214 ἒ)οἷ
574 5159 779 5220 Αὐτοὺς
814 5155 873 5232 δὲ
914 5158 991 5229 μή
1025 5155 1116 5232 δια
1144 5156 1419 5232 πράξεων,
1445 5156 1593 5232 ἀλλὰ
1618 5154 1709 5212 διά
1736 5158 1799 5212 τὸ
1829 5157 1985 5232 φύσει

335 5227 735 5303 ῖπνευματικοὺς
796 5227 931 5283 εἶναι
987 5227 1282 5299 πάντη’τε
1334 5229 1425 5283 καὶ
1482 5227 1712 5293 πάντως
1743 5227 1986 5298 σωθήσε-

337 5313 483 5366 σθαι.
538 5305 860 5373 Semetipsos
889 5308 1073 5357 autem
1114 5318 1227 5358 non
1252 5317 1356 5372 per
1384 5308 1780 5371 operationem,
1811 5304 1905 5360 sed
1930 5318 1991 5358 eo

337 5375 487 5446 quod
513 5378 625 5431 sint
669 5374 1007 5432 naturaliter
1054 5373 1373 5445 spi-rituates
1402 5376 1622 5429 omnino
1648 5374 1855 5430 salvari
1902 5376 1993 5430 di-

558 5521 782 5601 Μακρῷ,
817 5517 1116 5601 Ηοιεγιξῐλξει¹
1151 5532 1289 5572 cum
1342 5517 1534 5601 μακρῷ
1600 5517 1998 5601 subintel_ligit

343 5584 583 5674 μᾷλλον,
790 5590 1021 5674 magisa
1039 5589 1146 5657 ﬁde
1164 5584 1687 5674 separatum,qu
1706 5584 1999 5674 spirjtuale

342 5656 414 5714 ab
440 5656 721 5715 animalif
744 5656 984 5730 Alioqui
1030 5656 1136 5730 pro
1188 5656 1225 5727 ἢ
1256 5656 1577 5732 legendum
1618 5656 1777 5716 esset
1802 5656 1858 5733 ᾗ,
1891 5673 2001 5731 quo

348 5730 532 5788 modo.
557 5732 720 5788 sicut.
751 5730 914 5787 Sm.

513 5771 532 5799 ρ
557 5770 720 5788 συνίησι
752 5770 914 5787 HI”.

2161 4733 2270 4804 (43)
2302 4727 2789 4809 βασιλείδουλδθιι
2810 4729 3187 4809 Βασιλείδους.
3220 4736 3383 4793 Conf.
3419 4752 3550 4809 quae
3581 4736 3740 4795 dicta

2090 4811 2231 4862 sunt
2251 4804 2325 4860 ad
2356 4822 2413 4862 ι).
2443 4806 2546 4861 340
2576 4805 2717 4861 edit.
2748 4806 2931 4861 Paris.

2160 4878 2273 4958 (44)
2294 4875 2387 4962 Τό,
2405 4894 2491 4962 τε,
2511 4875 2765 4962 ἀκούσιρν
2819 4896 2880 4932 π.
2940 4878 3051 4962 Pro
3073 4875 3363 4962 ..ἀκούσιον
3421 4878 3740 4962 legendum

2092 4943 2338 5003 Omnino
2370 4943 2635 5002 ἑκούσιον.
2698 4950 2919 5004 LOWTH.
2981 4949 3218 5005 Malim:
3278 4948 3355 5006 Τό
3403 4970 3462 5004 τε
3481 4943 3743 5006 ἀκούσιον

2090 5016 2182 5097 καὶ
2233 5016 2296 5071 τὸ
2356 5014 2610 5097 ξκούσιον
2649 5017 2933 5097 παρέλκει,
2974 5020 3142 5097 ὁρμήΔ
3170 5040 3249 5097 τε,
3298 5022 3332 5090 ἡ
3364 5025 3744 5097 προκαθηγου-

2100 5087 2234 5167 μὲνη
2282 5086 2509 5167 τούτων.
2559 5092 2694 5167 Nam
2742 5094 2790 5146 si
2834 5086 3056 5148 naturai
3088 5086 3493 5161 nimbum-velut
3517 5086 3750 5167 quibus-

2097 5161 2225 5217 dam
2262 5161 2520 5231 ﬁdiculis,
2569 5163 2876 5230 trahamur,
2932 5167 3149 5233 frustra
3205 5172 3369 5220 erunt
3416 5161 3651 5222 invi-tum
3698 5175 3754 5221 et

2098 5238 2482 5308 spontaneum,
2517 5240 2579 5308 ut
2609 5237 2776 5308 etiam
2807 5252 2892 5308 ea.
2923 5251 3053 5308 quae
3090 5237 3200 5292 haec
3224 5239 3507 5307 praecedit,
3541 5240 3758 5308 appeti-

2103 5306 2378 5380 tw_._Nam
2406 5305 2554 5380 illud
2580 5304 2787 5360 τούτων
2820 5304 3039 5380 duplex
3066 5304 3425 5380 antecedens
3455 5304 3716 5380 respicit.

2174 5375 2608 5459 (45)”’Avdvxn.
2694 5375 3155 5459 l‘lomin'ativurnp
3203 5378 3406 5459 ἀνάγκη
3490 5375 3760 5459 agnoscit

2106 5448 2337 5520 Herveti
2359 5448 2571 5515 versio,
2598 5452 2797 5504 sortita
2827 5457 2904 5505 est
2932 5448 3513 5506 necessitas.Dativum
3532 5448 3592 5504 ἐἰ
3624 5449 3760 5520 quis

2108 5519 2297 5592 malit,
2330 5520 2710 5592 tolerabilem
2737 5527 2797 5576 et
2825 5522 2951 5592 ipse
2983 5522 3191 5592 reddet
3221 5537 3482 5592 sensum.
3521 5519 3683 5575 SYLn.

2182 5591 2303 5665 (46)_
2329 5589 2586 5665 Σφραγίς.
2620 5593 2739 5665 lloc
2767 5589 2987 5665 nomen
3027 5591 3409 5665 ecclesiastici
3443 5592 3762 5665 scriptores

2110 5660 2426 5736 interdum
2473 5660 2780 5736 baptismo
2803 5661 3161 5736 tribuerunt,
3188 5660 3488 5736 interdum
3519 5660 3763 5736 imposi-

2102 5732 2264 5787 ‘tioni
2293 5732 2579 5790 manuum
2602 5750 2733 5804 quae
2764 5732 3129 5803 baptismum
3160 5732 3550 5803 sequebatur:
