4044 6154
405 251 515 305 943

1645 253 2054 310 CLEMENTIB
2089 253 2590 308 ALBXANDRINI

3707 254 3809 312 9H

404 382 747 440 scntaueus,
780 392 890 430 nec
911 375 1150 430 beatum
1178 374 1572 448 signaculum,
1597 392 1708 431 nec
1730 376 2024 440 Filius,nen

2165 372 2422 445 θεμέλιον
2473 382 2574 446 τῆς
2634 374 2929 450 σωτηρίας,
2980 376 3081 444 τὴν
3143 373 3388 431 ἑκούσιον
3447 375 3650 447 πίστιν,
3710 377 3808 434 οὐκ

401 469 591 530 Pater,
628 465 730 520 sed
759 471 849 518 est
877 464 962 518 eis
996 465 1168 529 Deus,
1204 470 1268 518 ut
1298 463 1528 519 videtur
1581 464 1769 536 impia
1815 469 2052 519 natura-

2165 457 2389 538 ἔχουσα.

397 572 530 609 rum
564 553 923 619 distributio,
953 569 1084 622 quae
1117 552 1297 608 ﬁdem
1327 552 1730 608 voluntarium
1760 569 1882 608 non
1907 551 2086 607 habet
2113 550 2570 611 fundamentum
2597 554 2827 612 salutis.

1925 714 2152 769 CAPUT
2188 715 2280 770 IV.

981 824 1185 877 Iterum
1210 823 1276 878 de
1301 823 1543 878 utilitate
1574 822 1850 889 credendi,
1879 821 2148 890 ﬁdemque
2172 837 2280 876 esse
2308 824 2482 878 omnis
2509 823 2748 878 scientia
2770 822 3214 891 fundamentum.

467 969 580 1022 Nos
610 975 832 1031 autem,
856 968 956 1038 qui
971 967 1218 1023 liberam
1235 973 1589 1040 potestatem
1614 969 1766 1023 ne
1789 963 2043 1037 eligendi

395 1064 452 1111 et
475 1058 689 1112 vitandi
716 1074 749 1112 a
772 1059 1020 1112 Domino
1046 1057 1246 1113 datam
1272 1075 1400 1113 esse
1430 1057 1793 1124 hominibus,
1826 1072 1861 1110 a
1891 1055 2046 1110 Scri-

396 1148 583 1218 pturis
612 1147 972 1217 accepimus,
1015 1145 1245 1218 judicio
1279 1147 1449 1202 ﬁrmo
1482 1163 1550 1202 ac
1581 1145 1872 1201 immobili
1906 1137 2044 1199 ﬁdei

395 1236 866 1305 acquiescamus,
907 1235 1166 1290 alacrem
1198 1242 1256 1290 et
1287 1242 1630 1307 promptum
1662 1234 2045 1290 ostendentes

396 1325 690 1395 spiritum,
721 1324 1004 1395 quoniam
1037 1325 1215 1380 vitam
1247 1325 1558 1397 elegimus,
1592 1332 1650 1380 et
1681 1326 1798 1379 Deo
1831 1340 1935 1395 per
1957 1340 2047 1377 vo-

393 1429 520 1465 cem
553 1413 714 1466 illius
740 1411 1142 1468 credidimus:
1177 1417 1235 1466 et
1265 1412 1364 1482 qui
1399 1413 1550 1484 Logo
1582 1412 1854 1476 credidit,
1885 1410 2046 1465 novit

367 1499 516 1554 'rem
545 1518 671 1555 esse
697 1517 892 1555 veram
916 1518 927 1554 :
964 1501 1145 1573 Logos
1177 1501 1336 1555 enim
1359 1507 1450 1555 est
1479 1500 1825 1564 veritas.Qui
1845 1505 2044 1554 autem

393 1607 511 1644 non
541 1589 793 1644 credidit
821 1591 1065 1656 dicenti,
1097 1591 1214 1644 Deo
1248 1606 1368 1644 non
1403 1588 1814 1644 credidit.Fide
1843 1588 2044 1642 intelli-

390 1681 566 1748 gimus
596 1685 786 1748 aptata
817 1695 926 1733 esse
950 1680 1151 1733 secula
1177 1679 1342 1732 verba
1373 1680 1559 1743 Dei,ut
1579 1694 1646 1732 ex
1677 1675 2043 1731 inuisibilibus

388 1768 627 1821 visibilia
646 1772 862 1836 ﬁerent,
895 1767 1092 1835 inquit
1125 1765 1464 1836 Apostolus.
1499 1767 1630 1819 Fide
1655 1766 1921 1834 majorem
1942 1765 2043 1817 ho-

388 1856 554 1910 stiam
583 1857 740 1921 Abel,
765 1872 930 1925 quam
961 1855 1351 1922 Cain,obtulit,
1358 1872 1465 1924 per
1484 1871 1651 1923 quam
1674 1857 2044 1909 testimonium

389 1951 464 1998 est
494 1950 826 2011 consecutus,
867 1944 1018 2013 quod
1065 1950 1196 1999 esset
1214 1944 1420 2013 justus,
1454 1946 1823 1998 testimonium
1845 1942 2044 2012 perhi-

391 2031 543 2086 bente
565 2032 875 2085 muneribus
896 2031 1013 2099 ejus
1025 2033 1154 2099 Deo,
1179 2037 1229 2085 et
1243 2048 1350 2101 per
1368 2031 1524 2085 illam
1545 2031 1836 2099 defunctus
1856 2030 2041 2083 adhuc

387 2119 655 2188 loquitur,
685 2127 886 2190 etquaa
904 2119 1184 2191 deinceps
1208 2125 1766 2190 sequuntur,usque
1779 2119 1853 2174 ad
1869 2117 2038 2182 illud,

385 2209 447 2272 >X<
494 2227 659 2279 quam
707 2210 1026 2279 temporalis
1076 2211 1293 2279 peccati
1343 2209 1542 2264 habere
1583 2209 2034 2278 jucunditatem.

387 2300 501 2353 llos
533 2316 668 2370 ergo
695 2315 830 2352 cum
860 2298 1038 2353 etiam
1069 2304 1206 2353 ante
1241 2299 1450 2370 Legem
1483 2299 1630 2352 fides
1647 2298 2040 2369 justiﬁcasset

383 2389 692 2442 constituit
722 2388 988 2443 haaredes
1021 2387 1232 2442 divinas
1264 2387 1698 2458 promissionis.
1725 2386 1874 2453 Quid
1897 2401 2034 2457 ergo

383 2477 574 2531 adhuc
622 2477 758 2531 fidei
807 2493 880 2530 ex
922 2482 1129 2531 nostra
1176 2476 1424 2531 historia
1457 2493 1775 2531 recensens
1805 2474 2034 2530 adduco

381 2566 723 2621 testimonia
747 2566 774 2620 ?
820 2568 1040 2634 Deﬁciet
1073 2567 1217 2620 enim
1246 2582 1330 2620 me
1359 2571 1568 2636 tempus
1592 2571 1941 2619 enarrantem
1970 2563 2037 2617 de

381 2655 612 2719 Gedeon,
645 2657 844 2722 Barac,
874 2656 1165 2724 Sampson,
1195 2655 1410 2724 Jephte,
1443 2654 1640 2721 David,
1695 2653 1936 2722 Samuel,
1981 2659 2036 2707 et

372 2744 656 2812 prophetis
685 2743 781 2812 (a),
838 2749 896 2797 et
943 2760 1075 2813 quas
1108 2749 1457 2812 sequuntur.
1492 2743 1636 2798 Cum
1667 2749 1868 2798 autem
1913 2743 2036 2796 sint

379 2829 721 2899 quatuor,in
755 2828 971 2898 quibus
1002 2846 1204 2884 verum
1226 2830 1520 2894 consistit,
1550 2847 1784 2897 sensus,
1809 2828 2034 2885 intelli-

378 2919 595 2987 gentia,
628 2917 896 2982 scientia,
930 2917 1167 2987 opinio;
1202 2924 1417 2973 natura
1447 2919 1688 2990 quidem
1719 2919 1914 2990 prima
1943 2923 2034 2973 est

378 3005 771 3077 intelligentia
797 3048 810 3072 ,
845 3004 1016 3060 nobis
1047 3011 1247 3061 autem
1281 3013 1340 3062 et
1367 3014 1641 3080 respectu
1670 3008 1856 3063 nostri
1890 3024 2029 3063 sen-

2227 964 2421 1036 Ἦμεῖς
2449 961 2528 1036 δὲ,
2558 966 2609 1020 οἱ
2647 968 2748 1034 τήν
2793 967 2996 1040 αἳρεσιν
3049 967 3137 1021 καὶ
3170 969 3346 1045 φυγὴν
3380 964 3630 1024 δεδόσθαι
3690 975 3811 1032 τοῖς

2154 1051 2468 1126 ἀνθρώποις
2517 1052 2981 1127 αὐτοκρατορικὴν
3019 1055 3165 1129 παρὰ
3192 1059 3290 1110 τοῦ
3321 1055 3517 1131 Κυρίου
3547 1053 3645 1111 διὰ
3699 1062 3805 1113 τῶν

2154 1145 2382 1219 Γραφῶν
2439 1140 2865 1220 παρειληφότες,
2924 1144 3221 1218 ἂμεταπτῳ
3262 1147 3538 1220 κριτηρίῳ
3591 1150 3662 1221 τῇ
3723 1146 3811 1202 πί-

2156 1249 2267 1283 στει
2324 1229 2816 1304 ἐπαναπαυώμεθα,
2871 1233 2932 1287 τὸ
2989 1238 3206 1306 πνεῦμα
3233 1236 3515 1309 πρόθυμον
3574 1233 3810 1309 ἐνδειξά-

2159 1337 2335 1389 μενοι,
2366 1318 2449 1373 ὅτι
2495 1319 2758 1391 εἱλόμεθα
2787 1321 2888 1389 τήν
2922 1323 3091 1392 ζωήν,
3142 1323 3232 1376 καὶ
3261 1327 3341 1395 τῷ
3385 1325 3502 1396 Θεῷ
3550 1321 3639 1379 διὰ
3668 1325 3810 1381 ἐκεί-

2152 1426 2244 1461 νου
2302 1409 2414 1482 (47)
2474 1415 2657 1482 φωνῆς
2714 1411 3165 1484 πεπιστεύκαμεν·
3220 1413 3312 1467 καὶ
3362 1413 3391 1467 6
3421 1418 3499 1484 τῷ
3533 1414 3692 1487 Λόγῳ
3724 1436 3809 1469 m-

2155 1496 2374 1558 στεύσας
2405 1494 2516 1552 οἶδε
2565 1499 2626 1552 τὸ
2656 1505 2880 1575 πρᾶγμα
2910 1501 3135 1571 ἀληθὲς·
3189 1501 3418 1572 ἀλήθεια
3445 1505 3549 1576 γαρ
3611 1505 3638 1558 6
3703 1503 3811 1559 Λό-

2152 1607 2268 1660 γος.
2313 1587 2373 1644 Ὀ
2424 1583 2481 1642 δὶ
2521 1587 2822 1658 ἀπιστήσας
2851 1587 2930 1660 τῷ
2984 1589 3199 1666 λέγοντι
3229 1591 3502 1661 ἡπίστησε
3531 1595 3610 1663 τῷ
3667 1597 3807 1664 Θεῷ.

2156 1673 2336 1730 Πίστει
2413 1681 2646 1749 νοοῦμεν
2716 1677 3075 1751 κατηρτίσθαι
3147 1677 3275 1741 τοὺς
3335 1678 3536 1742 αἶῶνας
3601 1679 3809 1755 ῥήματι

2155 1766 2309 1834 Θεοῦ,
2370 1763 2448 1826 είς
2500 1765 2563 1819 τὸ
2620 1766 2696 1838 μή
2757 1763 2817 1820 ἐκ
2854 1768 3193 1840 φαινομένων
3223 1767 3286 1822 τὸ
3321 1766 3666 1842 βλεπόμενον
3698 1770 3811 1841 (48)

2150 1853 2447 1925 γεγονέναι,
2525 1855 2686 1931 φησὶν
2763 1854 2790 1909 ὀ
2882 1853 3237 1918 Ἀπόστολος·
3316 1857 3496 1912 πίστει
3580 1855 3814 1913 πλείονα

2151 1940 2332 1994 θυσίαν
2422 1937 2592 1997 Ἀὄελ
2677 1943 2824 2018 παρὰ
2907 1946 3040 2000 Καϊν
3128 1947 3506 2020 προσήνεγκε,
3585 1943 3657 2000 δι’
3741 1947 3810 2014 ἧς

2150 2025 2498 2103 ἐμαρτυρηθη
2613 2031 2745 2085 εἶναι
2859 2029 3092 2100 δίκαιος,
3204 2039 3612 2111 μαρτυροῦντος
3714 2033 3808 2090 ἐπὶ

2147 2122 2269 2178 τοῖς
2323 2115 2522 2192 δώροις
2578 2121 2727 2191 αύτῷ
2773 2118 2871 2174 τοῦ
2930 2125 3086 2176 Θεοῦ’
3145 2122 3236 2176 καὶ
3296 2119 3366 2176 δι’
3422 2122 3616 2193 αὐτῆς,
3665 2123 3808 2178 ἀπο·

2149 2205 2345 2277 θανὼν,
2433 2202 2510 2260 ἔτι
2586 2205 2768 2275 λαλεῖ,
2841 2208 2930 2262 καὶ
3008 2209 3075 2264 τὰ
3150 2210 3295 2282 ἑξῆς,
3373 2207 3478 2273 ἕως
3549 2215 3683 2284 (49),
3767 2211 3804 2281 ἢ

2145 2293 2477 2369 πρόσκαιρον
2563 2289 2681 2370 ἔχει
2767 2295 3037 2370 ἁμαρτίας
3118 2297 3417 2352 ἀπόλαυσιν
3455 2342 3468 2355 .
3557 2299 3810 2362 Τούτους

2149 2382 2243 2455 μὲν
2299 2384 2388 2437 οὗν
2417 2384 2507 2438 καὶ
2537 2385 2642 2458 πρὸ
2675 2385 2866 2456 Νόμου
2897 2388 2930 2454 ἡ
2959 2385 3140 2448 πίστις
3181 2384 3536 2454 δικαιώσασα,
3585 2388 3810 2462 κληροο

2143 2469 2343 2543 νόμους
2392 2473 2686 2543 κατέστησε
2731 2479 2830 2542 τῆς
2879 2472 3023 2534 θείας
3067 2472 3418 2548 ἐπαγγελίας,
3467 2474 3528 2528 Τί
3581 2475 3674 2529 οὖν
3719 2472 3808 2530 ἔτι

2143 2560 2209 2613 τὰ
2235 2567 2334 2629 τῆς
2378 2562 2613 2624 πίστεως
2664 2561 2723 2616 ἐκ
2747 2568 2845 2630 τῆς
2874 2563 3002 2635 παρ’
3049 2565 3184 2634 ἡμῖν
3235 2562 3480 2636 ἱστορίας
3530 2562 3811 2637 ἀναλεγό-

2149 2669 2333 2722 μενος,
2390 2649 2754 2724 παρατίθεμαι
2789 2650 3059 2725 μαρτύρια
3114 2656 3279 2722 (50);
3341 2651 3646 2725 Ἐπιλείψει
3697 2652 3811 2727 γὰρ

2146 2758 2215 2809 με
2263 2734 2622 2811 διηγούμενον
2657 2739 2684 2793 6
2717 2739 2992 2813 χρόμενος
3021 2739 3144 2813 περὶ
3179 2736 3406 2808 Γεδεὼν,
3441 2740 3625 2814 Βαρᾶκ
3657 2743 3802 2813 (51),

2144 2825 2386 2899 Σαμψὼν
2425 2869 2438 2896 ,
2497 2827 2705 2902 Ἰεφθάε
2740 2874 2753 2894 ,
2825 2825 2992 2882 Δαοίδ
3051 2847 3108 2881 τε
3173 2827 3265 2881 καὶ
3320 2827 3590 2900 Σαμουὴλ
3627 2871 3641 2896 ,
3706 2828 3806 2884 καὶ

2139 2918 2245 2969 τῶν
2299 2919 2622 2989 προφητῶν,
2680 2916 2771 2970 καὶ
2817 2916 2885 2970 τὰ
2912 2915 3128 2977 τούτοις
3182 2915 3440 2989 ἑπόμενα.
3501 2918 3802 2992 Τεσσάρων

2143 3001 2199 3058 δὶ
2250 2997 2446 3070 ὄντων,
2477 3001 2529 3058 ἐν
2565 3005 2648 3065 οἷς
2675 3003 2737 3058 τὸ
2768 3001 2994 3074 ἀληθὲς,
3055 3004 3382 3075 αἰσθήσεως,
3413 3009 3532 3072 νοῦ,
3565 3004 3802 3076 ἐπιστή-

379 3112 481 3150 sus
503 3112 514 3149 :
551 3112 619 3149 ex
642 3112 821 3150 sensu
834 3100 1030 3150 autem
1052 3100 1110 3150 et
1125 3095 1520 3169 intelligentia
1542 3098 1814 3153 consistit
1834 3097 2024 3152 scien-

2146 3113 2276 3165 μης,
2309 3091 2664 3166 ὑπολήψεως
2725 3091 2881 3170 φύσει
2932 3093 3028 3166 μὲν
3058 3098 3273 3167 πρῶτος
3309 3096 3336 3150 6
3385 3100 3531 3163 νοῦς,
3565 3098 3706 3168 ἡμῖν
3743 3094 3806 3151 δὲ

381 3184 475 3238 tiae
499 3183 772 3239 essentia.
791 3184 1200 3256 Intelligentiaa
1223 3191 1423 3241 autem
1451 3191 1509 3242 et
1529 3203 1738 3241 sensus
1760 3203 2028 3243 commu-

379 3273 475 3327 nis
498 3278 586 3327 est
607 3273 915 3328 evidentia.
953 3273 1062 3328 Sed
1085 3290 1295 3329 sensus
1319 3275 1562 3345 quidem
1591 3280 1682 3330 est
1707 3274 1922 3346 gradus
1952 3276 2027 3332 ad

378 3366 708 3422 scientiam.
739 3366 908 3421 Fides
938 3370 1136 3422 autem
1167 3382 1479 3438 progressa
1508 3384 1614 3437 per
1644 3366 1906 3436 sensilia,
1929 3383 2025 3422 re-

375 3453 593 3524 linquit
637 3454 981 3525 opinionem
1013 3470 1025 3507 :
1079 3453 1390 3508 contendit
1435 3458 1632 3508 autem
1665 3453 1738 3508 ad
1771 3470 1860 3520 ea,
1895 3472 2026 3525 quas

376 3542 686 3597 mendacio
711 3549 935 3607 carent,
972 3547 1030 3596 et
1059 3547 1369 3613 permanet
1398 3542 1458 3596 in
1492 3542 1756 3598 veritate.
1791 3543 1846 3596 Si
1892 3544 2025 3614 quis

373 3637 571 3687 autem
595 3631 754 3687 dicat
782 3631 1092 3687 scientiam
1113 3647 1241 3686 esse
1273 3631 1798 3687 demonstrativam
1831 3648 1901 3686 ex
1930 3648 2023 3687 ra-

375 3721 566 3788 tione;
615 3721 664 3775 is
713 3719 1060 3791 perpendat,
1093 3720 1253 3790 quod
1285 3721 1549 3776 scientia
1580 3721 1874 3792 principia
1919 3722 2023 3776 de-

373 3810 693 3865 monstrari
715 3815 1016 3880 nequeant
1041 3826 1053 3862 :
1087 3826 1278 3880 neque
1303 3811 1463 3864 enim
1491 3826 1560 3865 ea
1588 3811 1863 3882 cognosci
1886 3828 2022 3881 pos-

377 3905 516 3953 sunt
547 3915 614 3953 ex
645 3903 790 3963 arte,
826 3897 912 3952 vel
944 3898 1278 3968 prudentia.
1315 3899 1447 3954 Haec
1477 3899 1637 3953 enim
1669 3905 1934 3954 versatur
1959 3900 2020 3954 in

373 3987 468 4054 iis,
503 4004 633 4057 qum
660 3985 949 4058 contingit
979 4003 1042 4042 se
1071 3985 1246 4040 aliter
1273 3986 1491 4040 habere
1519 4003 1530 4039 :
1568 3986 1673 4042 illa
1701 3992 1898 4042 autem
1932 3995 2020 4043 est

371 4077 638 4132 efficiens
669 4081 726 4130 et
765 4073 1197 4147 prOpemodum
1242 4075 1677 4146 contemplans.
1712 4075 1849 4131 Fide
1881 4093 2017 4148 ergo

369 4167 494 4221 sola
526 4166 867 4221 existimant
896 4180 958 4218 se
1002 4164 1286 4234 consequi
1320 4164 1680 4235 principium
1711 4166 2019 4220 universo-

366 4272 517 4308 rum.
539 4254 764 4319 Qumvis
788 4253 948 4307 enim
975 4252 1223 4306 scientia
1245 4251 1441 4307 doceri
1466 4257 1692 4323 potest;
1731 4253 1887 4324 quod
1911 4269 2014 4309 au-

366 4349 481 4398 tem
513 4345 709 4399 doceri
742 4347 955 4414 potest,
999 4342 1245 4396 docetur
1270 4358 1340 4397 ex
1370 4358 1461 4408 eo,
1495 4342 1653 4413 quod
1683 4343 1847 4414 prius
1878 4360 2016 4416 cog-

2136 3181 2390 3256 καὶπρὸς
2419 3183 2566 3252 ἡμᾶς
2613 3183 2647 3250 ἡ
2682 3180 2950 3250 αἴσθησις·
2986 3181 3045 3237 ἐκ
3075 3179 3133 3237 δὲ
3189 3184 3491 3255 αἲσθήσεως
3547 3184 3632 3238 καὶ
3693 3188 3799 3239 τοῦ

2135 3273 2230 3324 νοῦ
2261 3271 2295 3338 ἦ
2323 3277 2423 3338 τῆς
2475 3269 2787 3343 ἐπιστήμης
2817 3269 3122 3326 συνίσταται
3156 3271 3330 3328 οὐσία·
3379 3273 3555 3328 κοινὸν
3606 3271 3668 3327 δὲ
3697 3278 3799 3329 νοῦ

2133 3379 2192 3414 τε
2242 3358 2331 3413 καὶ
2390 3357 2689 3429 αἰσθήσεως
2741 3360 2802 3414 τὸ
2858 3359 3102 3435 ἐναργὲς.
3158 3361 3378 3432 ἈΑλ’ἡ
3415 3364 3508 3434 μὶν
3538 3361 3802 3432 αἴσθησις

2136 3442 2400 3522 ἐπιϐάθρα
2427 3454 2527 3516 τῆς
2565 3445 2899 3518 ἐπιστήμης
2931 3450 2966 3516 ἡ
2995 3448 3175 3511 πίστις
3209 3447 3288 3518 δὲ,
3322 3448 3410 3506 διδ.
3437 3455 3544 3506 τῶν
3596 3451 3807 3523 αἰσθη-

2133 3540 2241 3591 τῶν
2269 3540 2382 3608 (52)
2433 3533 2720 3604 ὁδεύσασα,
2769 3535 3060 3592 ἀπολείπει
3094 3540 3194 3608 τήν
3227 3538 3528 3613 ὑπόληψιψ
3561 3543 3709 3617 πρὸς
3746 3539 3807 3596 δὲ

2131 3625 2198 3678 τὰ
2225 3623 2431 3699 ἀψευδῆ
2463 3623 2701 3695 σπεύδει,
2755 3627 2844 3680 καὶ
2885 3625 2961 3688 είς
3009 3629 3106 3696 τήν
3155 3627 3415 3698 ἀλήθειαν
3472 3632 3805 3704 καταμένει,

2133 3713 2193 3770 Εἰ
2239 3710 2296 3768 δὲ.
2351 3735 2435 3777 τις
2491 3710 2644 3788 λέγοι
2690 3714 2790 3782 τήν
2841 3713 3152 3787 ἐπιστήμην
3202 3713 3598 3788 ἀποδεικτικήν
3661 3720 3806 3775 εἶναι

2134 3801 2269 3875 μετὰ
2326 3800 2514 3878 λόγου,
2576 3803 2879 3873 ἀκουσάτω,
2913 3803 2994 3858 ὅτι
3047 3805 3135 3859 καὶ
3193 3807 3248 3860 αἱ
3295 3805 3464 3880 ἀρχαὶ
3497 3807 3806 3864 ἀναπόδει-

2128 3911 2270 3946 κτοι·
2334 3890 2456 3947 οὕτε
2499 3891 2600 3968 γὰρ
2628 3891 2822 3968 τέχνῃ,
2879 3890 3002 3948 οὔτε
3063 3895 3170 3966 μὴν
3230 3897 3492 3971 φρονήσει
3522 3897 3802 3973 γνωσταί.

2127 3981 2189 4035 Ἦ
2221 3982 2315 4053 μὲν
2367 3980 2468 4056 γὰρ
2517 3980 2641 4056 περὶ
2688 3982 2755 4035 τὰ
2801 3978 3136 4056 ἐνδεχόμενα
3175 3981 3314 4037 ἐστιν
3363 3982 3554 4048 ἄλλως
3617 3984 3801 4064 ἔχειν·

2127 4071 2162 4139 ἡ
2197 4067 2254 4124 δὲ
2302 4070 2566 4138 ποιητικὴ
2626 4071 2761 4143 (53),
2819 4070 3120 4146 μονονουχὶ
3180 4069 3237 4126 δὲ
3293 4072 3382 4127 καὶ
3442 4079 3800 4150 θεωρητική.

2131 4159 2311 4215 Πίστει
2388 4159 2479 4214 οὗν
2543 4157 2815 4236 ἐφιγέσθαι
2884 4160 3022 4234 μόνῃ
3080 4157 3282 4216 οῗρνται
3333 4169 3435 4232 τῆς
3461 4167 3576 4218 τῶν
3641 4165 3798 4222 ὅλων

2125 4249 2328 4325 ἀρχῆς.
2365 4255 2512 4305 Πᾶσα
2539 4250 2643 4324 γὰρ
2675 4249 2952 4323 ἐπιστήμη
2993 4247 3218 4322 διδακτή
3253 4251 3386 4307 ἐστι’
3443 4255 3506 4308 τὸ
3573 4253 3637 4311 δὶ
3710 4255 3800 4312 δι-

2126 4337 2318 4395 δακτὸν
2364 4337 2425 4393 ἐκ
2471 4339 3008 4413 προγινωσκομένου.
3057 4339 3134 4397 Οὐ
3164 4342 3610 4418 προεγινώσκετο
3644 4343 3705 4402 δὶ
3760 4349 3795 4416 ἡ

364 4434 626 4488 noscitur
651 4450 663 4488 :
694 4449 812 4487 non
842 4432 1003 4502 prius
1033 4436 1232 4486 autem
1258 4431 1771 4503 cognoscebatura
1797 4433 2010 4488 Graacis

2145 4433 2226 4482 ’ὢν
2282 4429 2428 4482 ὅλων
2484 4426 2632 4501 ἀρχὴ
2666 4431 2781 4488 τοῖς
2833 4425 3128 4499 ’Ἑλλησινο
3163 4425 3275 4484 οὔτ’
3306 4430 3397 4484 οὖν
3446 4429 3614 4507 Θαλῇ
3650 4436 3791 4507 (54),

361 4521 719 4592 principium
733 4520 1165 4576 universorum.
1193 4521 1390 4590 Neque
1408 4520 1614 4576 enima
1633 4520 2002 4592 Thalete,qui

2113 4515 2260 4591 ὕδωρ
2288 4514 2631 4587 ἐπισταμένῳ
2661 4516 2759 4583 τὴν
2792 4517 3016 4591 πρώτην
3051 4516 3250 4586 αἶ’τίαν,
3307 4515 3431 4574 οὕτε
3486 4527 3622 4586 τοῖς
3687 4521 3793 4578 ἄλ-

428 4666 490 4729 ›ι‹
520 4665 580 4716 r.
614 4665 718 4716 435
750 4663 861 4716 ED.
896 4663 1186 4729 POTTER,
1216 4663 1317 4716 365
1350 4662 1461 4717 El).
1496 4663 1723 4719 PARIS.
1805 4666 1877 4732 (α)
1908 4662 2082 4720 Hebr.
2111 4679 2190 4728 ιι,
2221 4664 2276 4729 3,
2305 4663 2360 4727 4,
2392 4663 2481 4727 25,
2516 4661 2605 4715 32.

427 4808 534 4873 (47)
592 4800 849 4858 Ἐκείνου.
885 4805 1120 4860 Scilicet
1168 4807 1337 4870 ζωῆς,
1369 4807 1496 4859 vita:
1523 4822 1542 4858 :
1596 4806 1690 4861 cui
1718 4806 1996 4861 masculi-

352 4893 489 4950 nam
524 4892 723 4950 vocem
754 4875 1041 4950 adjungit,
1073 4873 1332 4950 quia‘rdv
1358 4875 1532 4950 Λόγον
1563 4877 1862 4948 intelligit,
1898 4877 1999 4948 qui

353 4956 441 5002 est.
465 4949 498 5013 ἡ
533 4943 762 5012 ἀλήθεια
790 4943 879 4997 aa:
913 4943 1188 5014 ἡζωήζιιι
1212 4947 1337 5014 ipse
1370 4964 1432 5002 se
1449 4943 1623 5002 'vocat
1651 4943 1998 5012 Joan.x'iv_,6.

424 5022 534 5081 (4.8)
566 5016 634 5067 Τὸ
667 5015 1029 5090 βλεπόμενον.
1079 5016 1155 5090 Ti
1187 5014 1502 5090 βλεπόμενα
1534 5019 1705 5074 Hebr.
1739 5039 1818 5075 XI.
1848 5022 1994 5075 Mox.

351 5084 691 5160 προσήνεγκε
720 5089 800 5160 τῷ
831 5084 968 5160 Θεῷ.
1002 5089 1166 5160 Dein,
1188 5084 1289 5160 ’ἔτι
1310 5084 1581 5142 λαλεῖται.
1617 5090 1764 5145 Ibid.

426 5161 535 5228 (49)
595 5154 686 5208 Καὶ
743 5155 809 5208 τὰ
865 5154 1007 5226 ἑξῆς,
1066 5154 1190 5216 ἕως.
1254 5159 1386 5213 limo
1442 5160 1618 5214 verba
1674 5162 1996 5217 Clementis

353 5237 507 5284 sunt.
535 5228 840 5282 Contrahit
861 5229 1019 5281 enim.
1041 5229 1152 5283 loci
1186 5229 1524 5298 prolixioris
1545 5232 1906 5299 citationem,
1939 5239 1999 5286 et

354 5301 612 5355 transilit
654 5315 688 5352 a
745 5315 913 5352 versu
966 5299 1093 5368 ejus
1143 5299 1352 5366 capitis
1383 5301 1415 5350 4
1453 5315 1638 5368 usque
1671 5301 1744 5355 ad
1772 5307 1860 5365 25,
1923 5303 1994 5356 ab

351 5373 532 5426 Abele
582 5386 793 5439 nempe
845 5385 1032 5437 usque
1076 5369 1149 5422 ad
1199 5370 1475 5439 Moysem.
1505 5369 1731 5439 Ibidem
1761 5389 1897 5427 mox
1923 5390 1996 5428 ex

352 5446 557 5498 eodem
592 5435 783 5511 capite
808 5435 1159 5514 legendum,
1192 5435 1226 5505 ἢ
1259 5435 1595 5512 πρόσκαιρον
1627 5435 1797 5514 ἔχειν,
1828 5460 1994 5512 quam

351 5521 514 5582 temp.
551 5514 747 5582 habere
801 5512 962 5565 εγω.

419 5577 529 5652 (30)
561 5581 624 5637 Τί
657 5579 817 5637 οὖν...
857 5577 1144 5655 μαρτύρια.
1182 5581 1316 5636 Ηωο
1337 5581 1786 5707 εατορὶιτδεῐίοθ
1811 5600 1990 5656 expo-

419 5659 500 5707 mt
517 5653 619 5707 illa
639 5653 881 5707 D.Pauli
901 5651 1078 5707 verba
1104 5669 1117 5707 :
1142 5651 1242 5707 Καὶ
1263 5650 1316 5707 τί
1399 5671 1414 5706 ι
1436 5648 1578 5707 λέγω
1595 5672 1611 5707 :
1631 5655 1986 5707 Hebr.xi.32.

349 5648 500 5710 nunt
516 5648 619 5709 illa
639 5648 881 5710 D.Pauli
901 5648 1078 5710 verba
1104 5669 1117 5710 :
1142 5651 1242 5711 Καὶ
1263 5650 1316 5707 τί
1337 5648 1414 5707 ἔτι
1436 5648 1578 5726 λίγω
1595 5672 1611 5724 ;
1631 5648 1986 5724 Hebr.xr,'32.

2112 4804 2294 4930 H(15,1)
2353 4800 2552 4875 Βαράκ.
2615 4801 2796 4876 Βαράκ
2842 4822 2901 4857 τε
2954 4804 3044 4857 καὶ
3098 4804 3367 4878 Σαμψὼν,
3415 4803 3506 4860 καὶ
3547 4807 3786 4886 Ἰεφθάε,

2165 4892 2194 4930 e
2242 4894 2290 4930 r.

2165 4892 2290 4930 enr.

2180 4967 2288 5032 (52)
2322 4960 2418 5016 Διὰ
2445 4965 2555 5038 τῶν
2581 4959 2878 5038 αἰσθητῶν.
2913 4966 3057 5019 Nam
3083 4965 3228 5021 fides
3255 4984 3359 5037 per
3389 4968 3660 5026 auditum
3696 4971 3784 5038 fit,

2109 5043 2174 5091 ut
2205 5037 2287 5091 ait
2316 5034 2634 5106 Apostolus
2664 5036 2831 5089 Rom.
2866 5053 2922 5101 χ,
2959 5040 3046 5090 17.

2178 5133 2291 5204 (53)
2320 5132 2381 5186 Ἦ
2416 5127 2472 5184 δὲ
2523 5151 2583 5209 τιζ
2646 5133 2915 5209 Petavius
2973 5133 3302 5209 Prolegom.
3363 5136 3436 5192 ad
3499 5140 3780 5209 Theolog.

2105 5202 2390 5288 dggrnaf‘a,
2542 5207 2604 5288 ΣΙ,
2657 5203 2770 5258 ait:
2831 5226 2857 5288 ξι
2896 5202 3532 5288 Lege,_i{6i:nou,_-ctxi1
3577 5202 3784 5288 μόνον,

2105 5272 2230 5350 οὐχὶ
2293 5272 2349 5328 δὲ
2397 5272 2485 5350 καὶ
2541 5274 2871 5344 θεωρητική.
2933 5272 3217 5350 Siquidem
3256 5272 3588 5350 prudentia
3625 5272 3786 5338 circa

2104 5347 2486 5416 contingentia
2521 5353 2808 5422 “versatur,
2839 5361 2994 5422 qua?
3048 5349 3212 5402 aliter
3257 5347 3458 5406 habere
3479 5361 3738 5422 possunt
3766 5371 3786 5412 :

2103 5436 2192 5492 ars
2239 5425 2421 5492 autem
2452 5418 2726 5492 effectrix
2765 5417 2944 5492 solum
2975 5425 3070 5489 est,
3097 5436 3210 5474 non
3241 5417 3714 5492 contemplatricc.
3753 5447 3782 5474 »

2101 5489 2264 5544 Idem
2295 5487 2551 5543 Lowthio
2582 5487 2825 5559 placuit.

2135 5582 2489 5714 ἀ(ῗ4)ΡΘαλ-ῇ.
2521 5585 2686 5641 Conf.
2718 5589 2999 5658 Protrept.
3030 5606 3090 5660 p.
3121 5591 3211 5661 42,
3242 5589 3448 5646 Strom.
3490 5606 3533 5659 ι,
3569 5609 3635 5663 p,
3672 5596 3782 5649 296

2177 5675 2193 5712 ι
2229 5698 2243 5714 .
2323 5673 2462 5712 aris.

2101 5673 2243 5714 ean.
2276 5673 2462 5713 raris.
