4044 6154
293 209 395 265 951

1516 213 1930 271 οιιεειειιτιθ
1968 211 2474 265 ALEXANDRINI

3594 206 3699 262 953

298 339 518 410 quidem
547 344 668 396 arte
694 340 897 409 regalis
933 345 1075 394 recte
1112 338 1508 409 appellabitur.
1554 340 1682 394 1am
1728 337 1830 409 qui
1877 336 1941 391 in
1971 395 1976 403 ε

2094 333 2143 389 οἱ
2174 332 2340 411 σοφίᾳ
2368 332 2469 388 είσὶ
2500 334 2684 409 σοφοὶ,
2730 332 2823 389 καὶ
2870 335 2924 389 ol
2968 332 3200 407 νόμιμοι
3247 332 3404 406 νόμῳ
3439 331 3691 406 νόμιμοι·

302 428 603 484 Christum
652 427 1050 498 crediderunt,
1101 428 1342 496 chresti,
1393 428 1453 482 id
1504 432 1612 496 est,
1657 428 1841 498 probi,
1893 430 1951 481 et

309 523 470 586 sunt,
495 524 553 574 et
580 518 895 574 dicuntur:
930 515 1083 570 sicut
1106 517 1169 584 ii,
1192 517 1291 587 qui
1319 522 1677 572 suntrevera
1698 516 1948 588 regales,

307 609 431 680 regi
463 624 617 662 curm
640 611 796 661 sunt.
821 604 983 659 Sicut
1003 606 1162 687 enim
1185 606 1483 677 sapientes
1502 611 1641 661 sunt
1662 606 1955 677 sapientia

312 696 629 768 sapientes,
664 700 721 748 et
750 694 851 764 qui
883 698 1022 748 sunt
1061 694 1233 765 justi,
1276 693 1413 765 jure
1449 694 1599 766 justi
1647 699 1824 761 sunt;
1872 694 1954 748 ita

310 785 492 840 etiam
523 788 721 838 sunta
766 782 996 837 Christo
1041 798 1177 855 rege
1227 798 1434 855 reges;
1486 789 1544 838 et
1586 783 1688 854 qui
1737 783 1952 838 Christi

312 879 471 940 sunt,
503 878 643 927 sunt
670 871 1007 927 Christiani.
1042 871 1266 929 Deinde
1295 872 1546 928 inferius
1575 879 1776 945 aperte
1813 871 1953 928 sub-

302 962 539 1036 jungit:
571 962 728 1028 Quod
757 967 963 1017 rectum
992 967 1068 1017 est
1118 968 1302 1016 autem
1344 964 1517 1031 fuerit
1549 962 1876 1032 legitimum,
1906 968 1958 1017 et

312 1052 423 1118 lex,
468 1067 588 1106 cum
615 1056 821 1105 natura
866 1049 939 1105 sit
985 1056 1136 1106 recta
1174 1053 1345 1116 ratio,
1391 1068 1567 1121 neque
1616 1054 1674 1106 in
1716 1054 1955 1121 scriptis,

309 1156 484 1210 neque
512 1141 571 1193 in
602 1140 729 1194 aliis
759 1138 1091 1194 continetur.
1125 1140 1195 1194 Et
1232 1140 1448 1211 hospes
1494 1140 1727 1215 Eleates
1768 1140 1958 1195 virum

311 1228 572 1302 regalem
605 1235 663 1283 et
691 1228 1001 1300 politicum
1035 1229 1202 1298 legem
1227 1231 1531 1284 animatam
1590 1229 1958 1300 pronuntiat.

314 1317 469 1374 Talis
500 1322 700 1373 autem
731 1322 838 1385 est,
873 1317 974 1388 qui
1022 1317 1212 1390 legem
1258 1317 1500 1388 quidem
1551 1318 1780 1388 implet,
1824 1320 1962 1387 facit

317 1413 497 1462 autem
526 1407 859 1461 voluntatem
870 1404 1053 1476 patris
1083 1406 1180 1476 (α),
1200 1412 1401 1477 aperte
1425 1406 1486 1460 in
1508 1406 1738 1461 excelso
1762 1407 1961 1477 aliquo

316 1495 477 1569 ligno
495 1496 839 1568 inscriptus,
864 1494 1074 1550 divinas
1086 1495 1322 1550 virtutis
1345 1495 1646 1566 exemplar
1665 1495 1964 1567 expositus

317 1584 414 1652 iis,
448 1584 549 1656 qui
581 1591 830 1656 possunt
856 1584 1213 1656 perspicere.
1266 1583 1473 1638 Sciunt
1512 1589 1711 1639 autem
1760 1585 1963 1652 Grasci,

2059 421 2232 484 οὕτως
2288 422 2340 476 οἱ
2396 423 2616 495 Χοιστῷ
2674 423 2895 500 βασιλεῖ
2953 421 3218 499 βασιλεῖς,
3249 421 3340 477 καὶ
3383 422 3436 476 οἱ
3462 422 3696 497 Χριστοῦ

2057 510 2390 587 Χριστιανοί.
2450 510 2565 575 Εἶθ’
2624 507 2853 582 ὑποϐὰς,
2912 510 3152 590 ἐπιφέρει
3209 514 3414 589 σαφῶς·
3474 511 3552 567 Τὸ
3607 511 3697 583 μὶν

2059 599 2220 675 ὀρθὸν
2280 604 2389 672 (76)
2448 598 2507 654 ἄν
2561 597 2644 670 εἴη
2722 600 2987 674 νόμιμον,
3043 599 3134 654 καὶ
3189 599 3362 671 νόμος
3419 598 3574 677 φύσει
3630 595 3700 652 ὢν

2059 690 2088 745 ὸ
2148 688 2315 765 λόγος
2374 690 2402 744 ὁ
2460 689 2644 763 ὀρθὸς,
2732 689 2822 744 καὶ
2910 689 3009 744 οὐκ
3084 687 3134 743 ἐν
3190 687 3528 765 γράμμασιν,
3581 683 3702 742 οὐδὲ

2060 779 2287 856 ἑτέροις.
2318 782 2387 837 Ὃ
2416 800 2475 835 τε
2517 777 2777 850 Ἐλεάτης
2828 778 2970 851 ξένος
3014 779 3107 834 τὸν
3166 776 3452 851 βασιλικὸν
3481 776 3575 833 καὶ
3607 798 3707 833 πο-

2062 867 2271 925 λιτικὸν
2330 865 2499 943 ἄνδρα
2553 868 2722 941 νόμον
2784 863 3038 944 ἔμψυχον
3094 866 3471 943 ἀποφαίνεται.
3506 869 3708 924 Τοιοῦ-

2060 979 2153 1021 τος
2185 956 2242 1013 δὲ
2273 958 2301 1013 ὁ
2333 958 2563 1034 πληρῶν
2599 959 2693 1031 μὶν
2738 960 2832 1014 τὸν
2883 958 3077 1032 νόμον,
3107 962 3280 1012 ποιῶν
3315 954 3373 1012 δὲ
3397 958 3461 1012 τὸ
3490 956 3709 1030 θέλημα

2062 1051 2159 1103 τοῦ
2217 1045 2445 1119 ΙΙνατρὸς,
2503 1046 2983 1123 ἀναγεγραμμένος
3048 1043 3106 1102 δὲ
3163 1048 3414 1122 ἄντικρυς
3473 1044 3567 1101 ἐπὶ
3624 1044 3709 1119 εὖ·

2064 1135 2167 1191 λου
2197 1139 2302 1209 (77)
2333 1136 2479 1197 τινὸς
2513 1135 2751 1210 ὑψηλοῦ,
2801 1133 3154 1212 παράδειγμα
3192 1136 3339 1198 θείας
3370 1134 3572 1211 ἀρετῆς
3601 1140 3716 1199 τοῖς

2067 1223 2252 1301 διορᾷν
2310 1221 2634 1297 δυναμένοις
2698 1223 3031 1297 ἐκκείμενος.
3108 1226 3280 1282 Ἵσασι
3340 1219 3398 1279 δὲ
3446 1221 3720 1294 Ἕλληνες

2066 1314 2164 1376 τὰς
2188 1319 2299 1369 τῶν
2329 1313 2381 1368 ἐν
2433 1311 2799 1386 Λακεδαίμονι
2848 1313 3057 1391 ἐφόρων
3108 1312 3400 1382 σκυτάλας,
3430 1308 3594 1384 νόμῳ
3632 1313 3719 1367 ἐπὶ

2070 1402 2244 1474 ξύλων
2278 1401 2779 1479 ἀναγεγραμμένας·
2830 1402 2859 1456 ὁ
2909 1400 2967 1458 δὶ
3014 1402 3145 1475 ἐμὸς
3195 1401 3388 1474 νόμος,
3421 1401 3497 1463 ὡς
3531 1400 3719 1475 προεί-

2072 1511 2254 1568 ρηται,
2293 1489 2575 1567 βασιλικός
2606 1491 2665 1546 τὶ
2694 1490 2827 1560 ἐστι,
2867 1490 2958 1546 καὶ
3006 1487 3279 1565 ἔμψυχος·
3307 1491 3395 1546 καὶ
3430 1490 3459 1545 ὁ
3491 1486 3662 1565 λόγος
3691 1490 3718 1544 ὁ

2076 1579 2256 1655 ὀρθός.
2317 1581 2508 1653 Νόμος
2564 1583 2698 1653 (78),
2773 1580 2802 1634 ὸ
2879 1579 3091 1633 πάντων
3152 1577 3430 1655 βασιλεὺς,
3507 1579 3717 1648 θνητῶν

321 1674 679 1745 ephororum
712 1672 1291 1728 Lacedaemoniorum
1323 1672 1575 1742 scytalas
1616 1672 1801 1727 fuisse
1840 1673 1967 1746 lege

2091 1691 2133 1724 τε
2186 1670 2274 1724 καὶ
2334 1668 2633 1739 ἀθανάτων,
2693 1668 2769 1730 ὡς
2828 1669 2857 1723 ὸ
2914 1668 3184 1730 Βοιώτιος
3258 1665 3374 1738 ᾂδει
3431 1664 3717 1741 Πίνδαρος.

319 1763 383 1818 in
413 1762 590 1835 lignis
618 1762 955 1833 inscriptas.
991 1761 1104 1815 Lex
1143 1767 1342 1816 autem
1383 1777 1537 1827 mea,
1571 1767 1635 1815 ut
1663 1762 1828 1832 prius
1877 1762 1964 1816 di-

319 1858 480 1908 ctum
512 1857 621 1918 est,
655 1856 744 1903 est
774 1856 833 1904 et
855 1849 1035 1920 regia,
1061 1857 1119 1903 et
1147 1849 1430 1915 animata,
1463 1855 1522 1904 et
1567 1856 1730 1904 recta
1775 1850 1925 1905 ratio
1950 1867 1969 1904 :

318 1940 454 2004 Lex,
497 1953 619 2006 qua:
659 1942 736 1991 est
783 1952 884 1990 rea:
930 1936 1174 1990 omnium
1216 1935 1534 1990 mortalium
1583 1943 1633 1991 et
1680 1940 1971 1992 immorta-

323 2027 479 2092 tium,
507 2030 574 2079 ut
594 2024 754 2079 canit
773 2023 1065 2079 Pindarus
1088 2024 1365 2079 Bmotius.
1392 2025 1756 2096 Speusippus
1771 2032 1970 2082 autem

322 2114 387 2169 in
438 2113 628 2185 primo
676 2112 954 2168 adversus
1003 2112 1449 2184 Cleophontem,
1500 2113 1731 2169 videtur
1773 2115 1971 2171 dicere

326 2201 549 2257 similia
579 2200 833 2269 Platoni,
865 2201 951 2256 sic
982 2201 1287 2257 scribens:
1342 2202 1403 2256 Si
1445 2204 1590 2257 enim
1630 2220 1862 2273 regnum
1889 2220 1974 2260 res

329 2291 472 2345 bona
499 2297 596 2357 est,
630 2290 682 2345 ei
725 2293 945 2361 sapiens
991 2292 1136 2346 solus
1185 2296 1262 2345 est
1308 2307 1411 2345 rea:
1462 2298 1512 2345 et
1550 2294 1811 2364 princeps
1836 2311 1854 2348 .'
1887 2295 1976 2349 lea:

332 2396 453 2437 cum
482 2382 554 2436 sit
583 2387 734 2434 recta
763 2382 929 2447 ratio,
962 2380 1104 2435 bona
1132 2381 1327 2448 fuerit.
1363 2381 1501 2445 Quas
1531 2381 1773 2451 quidem
1804 2382 1885 2438 ita
1915 2400 1976 2439 se

333 2469 573 2524 habent.
593 2468 692 2524 His
714 2468 1130 2525 convenientia
1141 2468 1759 2542 statuuntphilosophi
1776 2472 1976 2540 Stoici,

338 2557 439 2628 qui
469 2573 739 2629 regnum,
783 2556 1201 2624 sacerdotium,
1251 2558 1646 2628 prophetiam,
1698 2559 1844 2633 legis
1893 2561 1981 2616 fe-

2077 1755 2427 1819 Σπεόσιππος
2455 1760 2569 1829 (79)
2596 1757 2698 1831 γὰρ
2744 1755 2796 1811 έν
2851 1760 2932 1829 τῷ
2980 1757 3117 1829 πρὸς
3164 1754 3494 1833 Κλεοφῶντα
3516 1754 3720 1830 πρώτῳ

2074 1847 2142 1901 τὰ
2172 1845 2339 1918 ὅμοια
2378 1850 2458 1918 τῷ
2510 1844 2764 1901 Πλάτωνι
2810 1843 2953 1900 ἔοικε
2997 1842 3087 1901 διὰ
3125 1845 3322 1901 τούτου
3372 1844 3621 1921 γράφειν·
3657 1842 3722 1899 Εἰ

2076 1936 2179 2011 γὰρ
2238 1938 2272 2004 ἡ
2338 1933 2586 2009 βασιλεία
2637 1932 2956 2005 σπουδαῖον,
3011 1933 3042 1990 6'
3096 1955 3157 1989 τε
3211 1935 3377 2011 σοφὸς
3421 1933 3585 2005 μόνος
3620 1934 3724 2007 βα-

2080 2023 2262 2085 σιλεὺς
2319 2024 2411 2078 καὶ
2490 2020 2702 2099 ἅρχων·
2789 2024 2818 2078 ὸ
2900 2043 3092 2097 νομος,
3180 2022 3354 2097 λόγος
3412 2019 3485 2077 ὣν
3542 2021 3725 2094 ὸρθὸς,

2080 2109 2397 2174 σπουδαῖος·
2453 2109 2485 2166 ἅ
2526 2111 2617 2166 καὶ
2672 2109 2837 2168 ἔστιν.
2897 2112 3120 2174 Τούτοις
3158 2111 3434 2167 ἀκόλουθα
3465 2111 3518 2166 οἱ
3553 2117 3733 2166 Στωι-

2080 2201 2169 2256 κοὶ
2199 2203 2314 2273 (80)
2346 2198 2639 2277 φιλόσοφοι
2697 2198 3109 2276 δογματίζουσι,
3170 2199 3470 2276 βασιλείαν,
3507 2197 3736 2272 ἱερωσό-

2083 2312 2205 2361 νην,
2238 2288 2593 2364 προφητείαν,
2624 2290 3010 2361 νομοθετικήν,
3043 2288 3307 2358 πλοῦτον,
3352 2286 3564 2350 κάλλος
3590 2287 3736 2359 ἀλη-

2087 2380 2257 2445 θινὸν,
2291 2378 2579 2452 εὐγένειαν,
2635 2377 2963 2454 ίλευθερίαν,
3008 2380 3161 2451 μόνῳ
3218 2379 3626 2451 προσάπτοντες
3655 2381 3740 2449 τῷ

2089 2472 2259 2546 σοφῷ·
2295 2468 2323 2522 ὁ
2355 2465 2412 2522 δὲ
2443 2464 2757 2541 δυσεύρετος
2800 2471 2941 2521 πάνυ
3000 2464 3209 2544 σφόδρα
3265 2465 3353 2521 καὶ
3385 2465 3525 2541 πρὸς
3558 2464 3737 2519 αὐτῶν

2089 2556 2466 2634 ὁμολογεῖται.

334 2645 535 2701 renda)
564 2645 898 2714 scientiam,
926 2646 1180 2714 divitias,
1210 2661 1408 2702 veram
1440 2647 1972 2719 pulchritudinem,
2025 2649 2420 2716 nobilitatem,
2470 2648 2827 2717 libertatem,
2859 2646 2973 2703 soli
3012 2646 3265 2718 sapienti
3298 2648 3590 2704 tribuunt.
3624 2650 3742 2704 Fa-

335 2738 535 2790 tentur
562 2741 761 2791 autem
792 2736 904 2807 ipsi
936 2751 1172 2807 quoque
1202 2751 1337 2791 eum
1367 2736 1621 2791 inveniri
1653 2737 1996 2796 difficiliter.

1868 2899 2101 2954 CAPUT
2149 2898 2218 2954 V.

941 3001 1151 3056 Graecos
1181 3016 1209 3055 e
1231 3003 1401 3057 sacris
1428 3005 1787 3074 scriptoribus
1836 3003 2088 3075 plurima
2134 3006 2375 3061 hausisse
2409 3004 2600 3059 multis
2627 3003 2889 3075 exmplis
2910 3004 3137 3074 probat.

407 3124 471 3189 ›ι‹
496 3124 785 3180 Videntur
812 3139 948 3196 ergo
980 3124 1202 3194 omnia,
1242 3140 1373 3195 quae
1403 3126 1567 3197 prius
1618 3126 1776 3183 dicta
1824 3134 1976 3196 sunt,

2173 3128 2352 3182 Πάντα
2396 3125 2575 3181 τοίνυν
2606 3124 2674 3181 τὰ
2701 3128 3079 3201 προειρημένα
3124 3125 3367 3204 φαίνεται
3398 3125 3546 3200 παρὰ
3573 3129 3740 3183 Mnib-

346 3214 642 3286 dogmata,
673 3229 707 3269 a
736 3229 948 3286 magno
980 3214 1176 3285 Moyse
1224 3213 1440 3269 Graacis
1488 3230 1618 3270 esse
1650 3215 1887 3271 tradita.
1923 3217 1994 3270 Et

350 3303 553 3358 omnia
579 3303 818 3373 quidem
850 3318 979 3357 esse
1011 3303 1295 3374 sapientis
1344 3318 1450 3374 per
1492 3304 1616 3359 haec
1665 3304 1871 3358 docet:
1923 3306 1995 3360 Et

350 3395 610 3463 quoniam
638 3392 889 3448 misertus
919 3398 995 3447 est
1032 3394 1140 3446 mei
1168 3393 1327 3459 Deus,
1360 3392 1500 3447 mihi
1526 3399 1652 3446 sunt
1680 3395 1867 3448 omnia
1897 3393 1988 3463 (b).

350 3485 498 3538 Eum
529 3488 725 3537 autem
758 3482 875 3536 Deo
903 3497 1032 3535 esse
1074 3481 1332 3535 amicum
1382 3480 1699 3552 significat,
1744 3481 1947 3537 dicens
1976 3498 1989 3536 :

346 3572 485 3627 Deus
520 3571 825 3637 Abraham,
856 3571 996 3626 Deus
1023 3572 1196 3636 Isaac,
1227 3570 1367 3624 Deus
1409 3569 1579 3623 Jacob
1623 3569 1717 3641 (c).
1772 3570 1993 3625 Horum

350 3661 509 3716 enim
523 3676 676 3715 unus
691 3677 725 3730 q
735 3659 931 3714 uidem
944 3663 1146 3730 aperte
1160 3663 1399 3713 vocatur
1410 3657 1877 3730 amicus(d):alius
1889 3675 1991 3713 au-

244 3764 252 3770 '
347 3756 468 3804 tem
484 3749 674 3803 videns
687 3750 875 3813 Deum,
896 3752 1118 3801 mutato
1133 3747 1399 3812 nomine,
1415 3744 1607 3800 dictus
1622 3746 1989 3812 est;etIsaac,

344 3844 630 3908 tanquam
647 3836 944 3890 victimam
959 3841 1365 3890 consecratam
1380 3834 1698 3905 allegorice
1710 3834 1992 3901 innuens,

346 3926 461 3982 sibi
490 3925 730 3997 delegit,
769 3929 972 3995 typum
1004 3924 1265 3977 futuram
1315 3923 1595 3977 salutaris
1621 3924 1990 3978 oeconomiae.

343 4018 413 4070 Et
441 4031 476 4069 a
506 4012 722 4069 Graecis
765 4010 1102 4067 celebratur
1153 4011 1360 4079 Minos,
1412 4012 1511 4082 qui
1565 4027 1775 4065 novem
1818 4011 1994 4066 annis

414 4162 478 4227 ›ι‹
506 4162 570 4218 Ρ.
601 4162 706 4214 439
736 4158 848 4212 ΕΙ).
883 4157 1176 4224 ΡΟΤΤΕΒ,
1207 4157 1448 4211 367—368
1477 4157 1587 4211 ΕΙ).
1621 4156 1847 4212 PARIS.

346 4254 432 4307 16.
468 4251 546 4321 (ά)
576 4249 694 4304 Jac.
728 4263 790 4315 ιι,
822 4248 911 4301 23.

420 4404 533 4527 (⁸16.)
560 4399 631 4485 ςΓὸ
666 4396 761 4471 μὶν
793 4394 842 4452 ὀ.
887 4397 1107 4486 llorum
1164 4395 1481 4451 verborum
1540 4412 1751 4452 sensus
1803 4400 1993 4451 exstat

420 4480 568 4527 ιιῑιοι
596 4489 653 4527 ι).
689 4472 812 4527 552.
846 4472 969 4523 553.

345 4472 969 4563 ρο.ιέιρί,ι;,εδὲτικεξεξ³·

1958 4158 2036 4229 (a)
2068 4157 2268 4213 Matth.
2300 4174 2419 4225 XXI,
2450 4157 2540 4213 31.

2100 3234 2238 3277 σεως
2294 3217 2391 3269 τοῦ
2451 3211 2690 3286 μεγάλου
2746 3210 2833 3266 ἐπὶ
2887 3211 3013 3275 τοὺς
3070 3210 3353 3283 Ἓλληνας
3404 3208 3738 3267 διαδεδόσθαι

2101 3297 2367 3376 δόγματα.
2419 3300 2599 3357 Πάντα
2655 3303 2769 3372 (81)
2824 3300 2919 3372 μὶν
2971 3298 3062 3355 οὖν
3106 3306 3204 3355 τοῦ
3249 3304 3421 3375 σοφοῦ
3480 3300 3738 3375 ὑπάρχειν

2101 3387 2192 3444 διὰ
2245 3389 2451 3444 τούτων
2513 3386 2774 3443 διδάσκει·
2839 3388 2935 3442 Καὶ
2995 3385 3135 3442 διότι
3191 3391 3302 3464 (82)
3357 3390 3568 3460 ἠΛέησέ
3618 3389 3743 3462 μεὸ

2102 3478 2252 3547 Θεὸς,
2309 3474 2419 3532 ἔστι
2477 3497 2572 3549 μοι
2630 3476 2821 3530 πάντα·
2899 3477 3141 3553 Θεοφιλῆ
3193 3475 3252 3532 δὲ
3301 3476 3463 3533 αὐτὸν
3525 3476 3746 3550 μηνύει,

2101 3563 2302 3641 λέγων·
2361 3566 2513 3635 Θεὸς,
2571 3560 2840 3638 Ἀϐραὰμ,
2902 3565 3031 3627 Θεὸς
3083 3566 3288 3632 Ἰσαὰκ,
3347 3567 3481 3630 Θεὸς
3524 3559 3745 3622 Ἰακώϐ.

2099 3654 2162 3712 Ὀ
2222 3654 2318 3728 μὶν
2366 3654 2466 3730 γάρ
2527 3652 2686 3730 φίλος
2744 3655 2995 3727 ἄντικρυς
3049 3653 3392 3729 κεκλημένος
3423 3655 3745 3732 εὑρίσκεται·

2103 3745 2131 3797 ὁ
2163 3741 2219 3798 δὲ
2247 3744 2422 3817 Ὀρῶν
2452 3743 2543 3797 τὸν
2572 3760 2576 3764 ‘
2602 3742 2732 3799 Θεὸν
2791 3746 2921 3815 (83),
2986 3744 3474 3818 μετωνομασμένος
3536 3743 3751 3800 δείκνυ-

2100 3853 2207 3887 ται·
2239 3832 2330 3887 τὸν
2363 3852 2420 3887 τε
2449 3832 2651 3900 Ἰσαάκ,
2707 3832 2782 3896 ὡς
2832 3833 3254 3905 καθωσιωμένον
3309 3833 3506 3907 ἱερεῖον
3566 3831 3754 3904 άλλη-

2100 3921 2363 3996 γορήσας,
2417 3917 2693 3991 ἐξελέξατο
2745 3915 2942 3991 ἕαυτῷ,
2991 3920 3158 3975 τύπον
3207 3919 3463 3992 ἐσόμενον
3496 3924 3634 3993 ἧμιν
3664 3922 3746 3976 ol-

2102 4009 2364 4081 κονομίας
2397 4009 2692 4083 σωτηρίου.
2729 4010 2879 4085 Ιιαρά
2906 4028 2965 4063 τε
2989 4007 3257 4080 Ἓλλησιν
3285 4006 3467 4080 ᾄδεται
3502 4011 3531 4064 ὁ
3565 4011 3753 4073 Μίνως

2645 4156 2723 4228 (b)
2754 4157 2895 4213 Gen.
2917 4173 3112 4224 xxxm,
3147 4160 3232 4211 11.
3343 4158 3416 4229 (c)
3446 4158 3634 4214 Exod.
3665 4176 3758 4222 ιιι,

2099 4399 2354 4455 similiter
2401 4400 2476 4453 ad
2515 4399 2890 4467 magistratus,
2940 4403 2991 4451 et
3033 4397 3275 4465 judicia,
3325 4404 3376 4451 et
3425 4401 3752 4456 oratoriam,

2098 4470 2237 4525 solos
2268 4471 2391 4524 illos
2421 4485 2529 4524 esse
2554 4468 2797 4539 idoneos,
2828 4471 3205 4538 neminemque
3254 4469 3551 4539 malorum,
3606 4471 3747 4526 ibid-

419 4518 968 4613 ι’ἦίι’)””ἑέτι”ἐέλῐ›ῐ›ζ“
1000 4540 1260 4613 Respicit
1316 4555 1521 4613 eorum
1581 4554 1834 4613 morum,
1891 4538 1992 4613 qui
2022 4518 2068 4583 D
2271 4518 2403 4613 ⁷1
2424 4518 3414 4613 μ’

346 4610 681 4687 ιοεεξῖιιιιειε
704 4611 1066 4687 promulgari
1090 4610 1328 4687 vellent,
1347 4610 1416 4687 in_
1431 4610 1726 4687 columnis
1751 4610 1982 4687 ligneis,

347 4680 687 4758 lapideisve,
706 4680 1002 4758 “legendas
1025 4683 1309 4758 pmnibus
1330 4682 1607 4758 exhibere
1630 4680 1917 4758 solebant.

423 4751 530 4827 (78)
564 4751 982 4827 Νόμος.Ἠιιιιο
1024 4754 1260 4809 Pindari
1310 4752 1669 4808 sententiam
1722 4751 1994 4823 superius

352 4825 612 4884 laudavit
641 4825 913 4896 Clemens
943 4826 1143 4879 Strom.
1180 4842 1219 4893 ι,
1253 4842 1308 4896 p.
1334 4827 1458 4896 3577.

423 4898 538 4968 (79)
587 4894 957 4954 Σπεύσιππος.
1007 4896 1061 4949 Is
1110 4894 1371 4968 Platonis
1420 4895 1769 4968 discipulus,
1819 4899 1995 4968 et_ex

353 4965 555 5025 sorore
587 4984 790 5039 nepos,
815 4972 950 5038 post
970 4967 1234 5034 magistri
1267 4968 1356 5022 sui
1391 4965 1642 5022 mortem
1674 4965 1994 5039 Platonicae

352 5040 569 5096 scholae
593 5036 724 5094 octo
741 5036 930 5111 annos
944 5039 1200 5111 praefuit.
1217 5039 1379 5111 Conf.
1397 5040 1684 5111 Diogenes
1709 5036 1992 5111 Laertius.

422 5113 532 5191 (80)
586 5115 839 5191 Στωϊκοι.
894 5109 1179 5191 Diogenes
1230 5108 1723 5191 Laprtiusjrefept
1768 5108 1994 5191 Stoicos

351 5178 648 5239 statuisse.
688 5180 883 5251 μόνους
916 5178 1092 5249 ἱερέας
1147 5178 1367 5251 σοφούς·
1421 5182 1557 5251 solos
1586 5182 1857 5251 sapientes
1888 5194 1996 5233 esse

349 5254 651 5310 sacerdotes
670 5247 696 5306 ς’
719 5253 821 5306 lib.
855 5268 946 5317 vn,
968 5247 976 5249 “
998 5268 1115 5323 seg.
1164 5247 1263 5305 119
1284 5268 1317 5323 ςᾷ
1350 5247 1524 5323 μόνον
1581 5247 1662 5302 τί
1693 5249 1992 5323 ἐλεύθερον,

355 5324 631 5381 eumdem
659 5326 834 5379 solum
863 5319 1254 5391 esseglib'crum,
1281 5319 1424 5391 ibid.
1459 5337 1577 5391 seg.
1617 5323 1753 5391 121]
1799 5319 1860 5391 ob
1881 5319 1993 5391 μό-

351 5416 442 5450 νον
494 5392 553 5449 δὲ
608 5394 924 5465 ἐλευθέρους
952 5389 1086 5465 εἶναι
1144 5390 1364 5465 σοφοὺς,
1398 5388 1552 5465 άλλᾶ
1589 5388 1985 5465 καὶηβασιλέαςς

360 5512 371 5524 .
420 5510 432 5523 .
477 5508 491 5521 .
534 5457 859 5538 ὁμοίωςᾼδὲ
915 5462 1004 5538 κα]
1062 5457 1357 5538 ἀρχικοὺς,
1403 5457 1760 5538 δικαστικοός.
1793 5479 1873 5527 τε,
1903 5460 1993 5515 καὶ

361 5527 685 5613 ῥητορικοὺς
719 5527 919 5611 μόνους
947 5527 1106 5587 εἶναιί
1135 5527 1258 5585 ’τῶν
1282 5529 1362 5613 ,δὲ
1393 5531 1613 5613 φαύλων
1643 5527 1853 5613 οόδένα·
1884 5549 1993 5588 non

358 5604 519 5666 modo
548 5604 729 5667 autem
760 5612 952 5666 liberos
1010 5620 1117 5661 esse
1170 5604 1461 5677 sapientes,
1490 5604 1585 5660 sed
1610 5605 1777 5659 etiam
1804 5620 1995 5673 reges;

2106 4608 2235 4667 adv.
2269 4612 2538 4682 Stoicos;
2594 4609 2808 4682 Μόνους
2849 4608 3137 4682 βασιλεῖς,
3172 4608 3276 4682 -καὶ
3339 4609 3542 4681 μόνους
3583 4611 3747 4668 πλου-

2106 4684 2278 4748 σίους,
2322 4680 2408 4734 καὶ
2453 4677 2674 4739 καλούς·
2713 4677 3052 4739 αὖτοῦςκαὶ
3092 4677 3349 4748 πολίτας,
3375 4682 3467 4736 καὶ
3501 4682 3742 4742 δικαστὰς

2109 4754 2345 4827 μόνους.Δ
2378 4753 2534 4808 Solos
2580 4766 2753 4827 reges,
2804 4758 2853 4806 et
2900 4752 3039 4827 solos
3086 4752 3298 4827 diuites,
3349 4761 3401 4809 et
3450 4757 3743 4827 pulchros;

2104 4822 2242 4882 cives
2271 4824 2456 4889 etiam,
2488 4828 2537 4877 et
2567 4822 2787 4891 judices
2832 4823 2993 4887 solos,
3047 4823 3345 4894 sapientes
3378 4822 3521 4882 suos
3554 4826 3749 4883 existi-

2105 4898 2354 4952 mavisse
2380 4911 2482 4949 eos
2515 4898 2822 4948 memorat.
2856 4895 3022 4968 Coul'.
3066 4894 3332 4968 Stobaeus
3364 4899 3555 4968 Eclog.
3590 4899 3744 4953 ethic.

2106 4986 2231 5039 cap.
2267 4970 2320 5034 4,
2354 4983 2409 5039 p.
2448 4968 2548 5019 170
2574 4972 2636 5039 et
2654 4980 2805 5039 se_q_.,
2838 4971 2897 5018 et
2924 4964 3390 5039 Clemensinfra
3420 4986 3474 5039 p.
3503 4964 3644 5024 ⁷403.

2177 5035 2289 5110 (81)
2324 5035 2544 5110 Πάντα.-
2575 5035 2813 5110 Similia
2866 5036 3156 5110 superius_
3188 5036 3346 5110 dixit
3404 5035 3513 5095 sub
3572 5044 3747 5095 ﬁnem

2103 5105 2457 5181 frotreptici,
2491 5105 2773 5181 ubiconf:
2808 5105 2958 5181 quas—
2983 5124 3017 5161 a
3063 5107 3234 5181 nobis
3279 5109 3562 5166 adnotata
3592 5115 3745 5177 sunt,

2177 5177 2313 5253 (82f
2341 5180 2510 5234 Διότι.
2565 5177 3127 5253 Haecjacobuspd
3163 5181 3414 5253 _Esaum;
3457 5182 3747 5253 loquitur,

2107 5241 2483 5326 ϐιέιιξχχξιιι,
2518 5253 2577 5326 ll
2608 5266 2620 5303 :
2655 5241 2799 5326 Λάϐε
2826 5246 2922 5326 τὰς
2981 5246 3241 5326 ερλργίας
3291 5241 3421 5321 μου,
3455 5250 3514 5313 ἃς
3549 5241 3747 5326 Ϊῆνεγκά

2105 5342 2209 5377 σου
2245 5323 2327 5378 δτι
2358 5316 2566 5391 ἡλέῂσέ
2597 5319 2722 5392 μεᾲὸ
2753 5318 2907 5385 Θεὸς,
2938 5319 3027 5373 καὶ
3077 5316 3189 5373 ἔστι
3225 5316 3319 5392 μοι
3352 5316 3546 5380 πάντα.
3576 5316 3741 5380 Ὀοὶιί.

2106 5413 2237 5467 quas
2267 5390 2422 5451 infra
2450 5390 3005 5467 dicitClem‘enst.
3032 5394 3141 5467 ῥυοό
3170 5390 3311 5447 edit.
3344 5395 3532 5451 Paris.

2176 5470 2291 5534 (83)
2315 5467 2485 5533 Ὁρῶν
2533 5463 2625 5517 τὸν
2686 5456 2854 5537 Θεόν,
2899 5456 3063 5537 conf.
3128 5481 3259 5537 qum
3291 5467 3565 5536 superius
3592 5466 3745 5521 dicta

2107 5544 2268 5603 sunt,
2300 5540 2498 5591 Strom.
2532 5554 2573 5603 ι,
2596 5550 2725 5607 pag.
2760 5536 2886 5599 284,
2930 5541 2990 5589 et
3019 5535 3235 5604 Poedag.
3271 5552 3308 5603 ι,
3346 5535 3473 5607 cap.
3504 5538 3559 5603 5,
3590 5554 3646 5608 p.
3675 5539 3733 5592 91

2107 5609 2245 5662 edit.
2278 5608 2463 5663 Paris.

2107 5609 2245 5662 edit.
2278 5608 2463 5663 Paris.
