4044 6154
353 219 461 275 953

1693 228 1934 284 BTROM
1943 228 2138 285 ATUM
2175 230 2309 284 LIB.
2353 228 2425 285 II.

3658 194 3781 279 954'

354 339 613 419 ἐννέωρος
647 345 758 418 (84)
821 345 1099 421 βασιλεὺς,
1157 346 1416 420 ὀαριστής
1471 342 1622 409 Διός·
1687 347 2001 416 ἀκηκοότων

2120 352 2400 425 regnavit,
2449 359 2507 409 et
2551 352 2927 410 familiariter
2972 366 3107 407 cum
3152 351 3291 405 love
3340 353 3431 404 est
3470 352 3759 415 versatus,

355 431 531 487 αὐτῶν
560 433 711 496 ’ὁπως
741 435 873 490 ποτὲ
934 436 1069 508 μενά
1127 437 1409 498 Μωυσέως
1468 434 1741 512 διελέγετο
1775 436 1803 490 6
1860 434 2012 511 Θεὸς,

358 520 432 582 ὡς
462 516 518 576 εἷ’
538 542 620 583 τις
652 519 893 592 λαλήσαι
951 522 1087 597 πρὸς
1142 522 1232 578 τὸν
1266 525 1458 579 ἑαυτοῦ
1498 524 1682 601 φίλον.
1708 526 1809 580 Ἦν
1845 521 1892 579 δ’
1922 522 2013 578 οῦν

356 610 385 664 6
416 610 510 683 μὶν
535 613 770 681 Moultrie
828 613 1019 689 σοφὸς,
1082 611 1360 689 βασιλεὺς,
1392 613 1717 687 νομοθέτης*
1751 615 1778 668 6
1813 614 2010 687 Σωτὴρ

355 696 413 753 δὲ
442 700 603 771 ἡμῶν
662 694 996 775 ὑπερϐάλλει
1052 705 1225 755 πᾶσαν
1278 701 1624 777 ἀνθρωπίνην
1676 702 1852 779 φῦσιν·
1910 723 2010 756 κα-

354 785 450 849 λὸς
482 789 575 859 μὲν
608 789 683 852 ὡς
712 790 1013 863 ἀγαπᾶσθαι
1050 792 1214 863 μόνος
1237 790 1370 861 πρὸς
1402 794 1586 863 ἡμῶν,
1634 792 1698 845 τὸ
1750 790 1917 846 καλὸν
1949 791 2012 846 τὸ

353 874 619 945 ἀληθινὸν
648 877 1075 933 ἐπιποθούντων
1127 878 1192 948 ἧν
1242 880 1343 955 γὰρ
1400 882 1463 935 τὸ
1522 884 1636 941 φῶς
1696 880 1758 936 τὸ
1810 880 2008 950 ἀληθι-

352 967 466 1024 νόν.
501 968 761 1032 Βασιλεὺς
790 971 899 1042 (85)
950 967 1008 1024 δὲ
1066 971 1155 1024 καὶ
1198 970 1301 1025 ὑπὸ
1351 968 1562 1025 παίδων
1613 971 1851 1046 ἀπείρων
1905 970 2011 1041 ἔτι,

353 1056 444 1112 καὶ
473 1056 576 1112 ὑπὸ
606 1054 887 1114 Ἰουδαίων
919 1057 1291 1113 ἀπιστούντων
1336 1058 1424 1114 καὶ
1482 1059 1823 1135 ἀγνοούντων
1875 1060 2010 1114 ἀνα-

353 1145 743 1220 γορευόμενος,
792 1146 881 1201 καὶ
938 1148 1073 1221 πρὸς
1122 1148 1302 1203 αὐτῶν
1359 1152 1656 1226 προφητῶν
1702 1149 2011 1224 ἀνακηρυτ·

349 1231 580 1306 τόμενος
632 1233 923 1294 δείκνυται.
991 1235 1263 1299 Πλούσιος
1321 1233 1380 1291 δὲ
1438 1236 1517 1299 είς
1595 1241 1881 1308 τοσοῦτον,
1931 1238 2007 1300 ὡς

353 1326 527 1379 πᾶσαν
558 1324 655 1392 τὴν
681 1331 807 1399 γῆν,
840 1325 927 1379 καὶ
951 1326 1014 1380 τὸ
1046 1325 1175 1400 ὑπὲρ
1200 1331 1304 1401 γῆς
1328 1326 1416 1381 καὶ
1444 1325 1534 1381 ὑπ’
1555 1325 1724 1395 αὐτὴν
1755 1326 2008 1403 χρυσίον,

357 1411 767 1488 ὑπερηφάνησεν
827 1413 919 1467 σὺν
978 1415 1067 1470 καὶ
1130 1412 1259 1488 δόξῃ
1315 1415 1457 1489 πάσῃ
1542 1412 1802 1489 διδόμενα
1859 1415 2007 1488 αῦτῷ

354 1500 492 1575 πρὸς
521 1505 618 1557 τοῦ
646 1500 1050 1577 Ἀντικειμένου
1095 1507 1230 1577 (86).
1290 1503 1355 1558 Τί
1404 1501 1487 1559 δεῖ
1542 1503 1742 1579 λέγειν,
1775 1505 1850 1566 ὡς
1903 1505 2007 1577 μό-

353 1590 847 1667 νοςὸἀρχιερεὺς,
903 1592 931 1647 6
993 1591 1159 1665 μόνος
1217 1591 1535 1664 ἐπιστήμων
1591 1595 1701 1666 (87)
1755 1599 1855 1662 τῆς
1907 1596 2004 1647 τοῦ

354 1683 490 1735 Θεοῦ
560 1679 844 1756 θεραπείας
897 1700 913 1749 ς

353 1769 383 1823 6
413 1766 626 1823 πάντων
669 1769 1000 1832 ἱκανώτατος
1054 1771 1371 1847 ἀφηγεῖσθαι
1428 1768 1526 1824 τοῦ
1554 1773 1661 1825 τῶν
1703 1769 2003 1845 ἀνθρώπων

352 1857 561 1932 γένους·
596 1859 900 1930 νομοθέτης
950 1856 1028 1930 δε,
1086 1859 1161 1920 ὡς
1190 1856 1251 1913 ἄν
1286 1855 1471 1920 διδοὺς
1500 1858 1592 1913 τὸν
1643 1858 1816 1930 νόμου
1848 1858 1899 1912 έν
1928 1863 2008 1931 τῷ

354 1946 585 2017 στόματι
616 1950 722 2001 τῶν
747 1951 1066 2023 προφητῶν,
1097 1948 1165 2002 τά
1219 1967 1277 2001 τε
1325 1945 1563 2020 πρακτέα
1608 1946 1698 2001 καὶ
1751 1948 1851 2020 μή,
1913 1968 2008 2001 σα-

344 2034 579 2113 φέστατα
629 2033 1020 2108 έντελλόμενός
1072 2056 1131 2090 τε
1186 2035 1276 2090 καὶ
1329 2033 1650 2091 διδάσκωνε
1706 2036 1806 2098 Τίς
1839 2032 1886 2089 δ’
1944 2036 2005 2091 ἀν

342 2124 544 2179 τούτου
575 2124 971 2199 εὐγενέστερος,
1020 2124 1082 2179 οὗ
1133 2125 1297 2198 μόνος
1350 2125 1530 2196 πατὴρ
1564 2125 1591 2179 6
1660 2124 1829 2187 Θεός;
1866 2118 2007 2200 Φέρε

343 2211 409 2282 δὴ
435 2212 522 2268 καὶ
560 2213 825 2269 Πλάτωνα
879 2218 994 2275 τοῖς
1049 2213 1234 2275 αὐτοῖς
1294 2208 1673 2269 ἐπιϐάλλοντα
1719 2233 2003 2287 παραστη-

343 2302 567 2375 σώμεθα
596 2299 885 2377 δόγμασιν’
921 2301 1186 2358 πλούσιον
1211 2304 1305 2375 μὲν
1336 2304 1430 2358 τὸν
1464 2303 1637 2379 σοφὸν
1682 2300 1898 2376 εἴρηκεν
1948 2301 2002 2357 ἐν

344 2393 423 2462 τῷ
450 2387 675 2464 Φαίδρῳ
702 2393 836 2464 (88),
869 2395 934 2446 Ὦ
964 2390 1090 2468 φίλε
1119 2394 1232 2465 (89)
1284 2393 1421 2460 Πᾶν,
1478 2388 1681 2467 λέγων.
1735 2391 1826 2446 καὶ
1880 2392 2003 2447 ὅσοι

349 2475 513 2534 ἄλλοι
569 2474 703 2551 τῇδε
756 2480 913 2550 θεοὶ,
975 2476 1161 2550 δοίητέ
1222 2500 1315 2554 μοι
1372 2478 1529 2550 καλῷ
1586 2479 1827 2554 γενέσθαί
1877 2481 2004 2534 τᾶν-

346 2563 519 2623 δοθεν
582 2566 774 2639 ἔξωθεν
832 2565 891 2623 δὶ
946 2567 1046 2623 ὅσα
1104 2568 1220 2626 ἔχω
1258 2614 1273 2638 ,
1331 2575 1450 2630 τοῖς
1501 2567 1653 2631 ἐντὸς
1713 2568 1849 2624 εἶναί
1910 2588 2004 2640 μοι

351 2656 507 2735 φίλα·
584 2655 850 2711 πλούσιον
901 2653 957 2712 δὶ
1035 2658 1326 2729 νομίζοιμι
1378 2657 1470 2712 τὸν
1534 2656 1698 2733 σοφόν
1754 2658 1767 2711 l
1826 2662 2005 2711 Κατα-

354 2744 706 2822 μεμφόμενος
737 2741 795 2799 δε
824 2745 853 2798 6
884 2746 1179 2813 Ἀθηναῖος
1211 2746 1356 2814 ξένος
1382 2748 1489 2799 τῶν
1524 2743 1795 2816 οῗομένων
1825 2743 2005 2799 πλου-

354 2833 502 2894 σίους
535 2834 667 2886 εἶναι
709 2830 838 2891 τοὺς
893 2829 1080 2885 πολλά
1132 2827 1501 2904 κεκτημένους
1561 2834 1846 2906 χρήματα,
1900 2828 2008 2886 ὧδε

357 2917 525 2992 λέγει’
584 2917 889 2979 Πλουσίους
941 2921 1055 2991 (90)
1127 2916 1175 2972 δ’
1231 2917 1296 2972 αὖ
1373 2916 1581 2996 σφόδρα
1649 2920 1781 2974 εἶναι
1837 2918 2005 2995 κάγα-

357 3006 485 3071 θοὺς
523 3009 638 3080 (91)
695 3003 971 3076 ἀδύνατον,
1028 3006 1121 3069 οὕς
1178 3027 1240 3081 γε
1296 3005 1363 3077 δὴ
1421 3007 1720 3070 πλουσίους
1767 3008 1818 3063 oi.
1866 3010 2004 3064 πολ-

357 3093 448 3151 λοὶ
523 3094 907 3170 καταλέγουσι·
990 3093 1212 3170 λέγουσι
1296 3094 1354 3151 δὶ
1425 3096 1551 3159 τοὺς
1636 3098 2005 3171 κεκτημένους

355 3183 410 3241 ἒν
459 3185 671 3261 ὀλίγοις
725 3189 832 3239 τῶν
888 3185 1189 3260 ἀνθρώπων
1248 3184 1507 3241 πλείστου
1565 3188 1675 3258 (92)
1731 3186 2003 3260 νομίσμα-

354 3295 447 3339 τος
476 3270 595 3344 ἀξια
624 3275 895 3345 κτήματα·
950 3270 983 3329 ἄ
1036 3273 1127 3329 καὶ
1181 3274 1346 3338 κακός
1402 3296 1485 3337 τις
1543 3273 1798 3346 κέκτηται
1865 3278 2003 3350 (93).

355 3365 468 3421 Τοῦ
518 3366 708 3417 πιστοῦ
747 3365 857 3434 (94)
885 3362 1017 3426 ’ὸλος
1073 3364 1101 3418 6
1156 3363 1365 3436 κόσμος
1422 3368 1528 3419 τῶν
1587 3364 1916 3440 χρημάτων,
1977 3364 2006 3418 6

360 3453 631 3526 Σολομὼν
686 3452 856 3527 λέγει·
908 3457 1003 3508 τοῦ
1062 3451 1118 3509 δὲ
1169 3454 1397 3509 ἀπίστου
1455 3454 1580 3510 οὐδὲ
1637 3451 1856 3517 ὀϐολός.
1908 3461 2009 3511 Πι-

361 3543 511 3597 στέον
545 3539 637 3595 οῦν
666 3539 866 3614 πολλῷ
899 3540 1113 3615 μᾶλλον
1144 3546 1213 3617 τῇ
1246 3547 1459 3619 Γραφῇ,
1502 3543 1763 3621 λεγούσῃ,
1815 3546 2004 3604 θᾶττον

360 3628 615 3702 κάμηλον
698 3627 787 3684 διὰ
858 3633 1213 3705 τρυπήματος
1294 3632 1526 3707 βελόνης
1604 3630 2004 3702 διελεύσεσθαι,

360 3719 397 3787 ἣ
432 3716 694 3773 πλούσιον
740 3716 1083 3796 φιλοσοφεῖν·
1147 3722 1426 3796 μακαρίζει
1485 3719 1531 3774 δ’
1587 3719 1823 3793 ἔμπαλιν
1880 3721 2009 3786 τοὺς

361 3806 622 3877 πένητας,
680 3807 755 3869 ὡς
815 3813 1013 3876 συνῆκε
1060 3811 1173 3882 (95)
1233 3807 1496 3879 Πλάτων,
1550 3806 1745 3883 λέγων’
1815 3810 2006 3864 Πενίαν

366 3895 424 3953 δὲ
495 3896 728 3974 ἡγητέον
812 3897 875 3953 οὐ
956 3899 1019 3953 τὸ
1095 3901 1193 3967 τήν
1270 3898 1451 3954 οὐσίαν
1532 3899 1740 3956 ἐλάττω
1807 3905 2004 3974 ποιεῖν,

359 3984 506 4044 ἀλλά
574 3988 638 4042 τὸ
719 3988 816 4056 τὴν
896 3987 1201 4060 ἀπληστίαν
1287 3987 1483 4045 πλείωο
1573 3990 1634 4044 οὐ
1718 3991 1820 4065 γὰρ
1905 4011 2004 4045 πε-

984 1680 1250 1782 Βασιλεὺς
1327 1681 1574 1778 εἰρήνης,
1635 1678 2082 1782 ΜελχισεδὲκΒ

2124 458 2257 496 cum
2287 442 2668 510 audivissent,
2702 442 2860 514 quod
2891 444 3046 497 Deus
3074 455 3208 494 cum
3241 440 3434 510 Moyse
3476 436 3761 507 loqueba-

2124 536 2238 598 tur,
2270 537 2332 585 ut
2360 534 2407 586 si
2427 534 2549 601 quis
2577 548 2698 587 cum
2726 548 2823 586 suo
2844 532 3021 586 amico
3043 529 3355 598 loqueretur
3374 526 3473 598 (α).
3497 528 3636 581 Erat
3654 542 3761 580 au-

2122 623 2241 673 tem
2273 621 2498 692 Moyses
2532 620 2773 691 quidem
2807 619 3064 690 sapiens,
3100 633 3223 683 rex,
3271 614 3590 687 legislator.
3628 614 3761 669 Ser-

2120 714 2286 763 vator
2305 714 2501 763 autem
2536 714 2738 763 noster
2760 709 3079 763 humanam
3104 721 3343 760 omnem
3365 709 3635 758 naturam
3659 719 3763 757 su-

2120 805 2288 870 perat
2311 815 2324 865 ;
2345 797 2491 853 adeo
2516 798 2755 868 quidem
2778 798 3046 870 pulcher,
3065 801 3130 850 ut
3153 813 3188 849 a
3218 793 3389 849 nobis
3416 792 3577 847 solus
3607 806 3763 846 ame-

2120 894 2234 951 tur,
2268 889 2369 958 qui
2400 904 2595 943 veram
2626 888 3033 943 desideramus
3066 883 3573 958 pulchritudinem
3603 898 3615 936 :
3642 884 3760 935 erat

2120 977 2278 1032 enim
2314 977 2410 1031 hac
2438 993 2568 1032 vera
2598 976 2693 1049 (b).
2712 979 2832 1033 Rex
2852 982 3050 1031 autem
3082 980 3140 1029 et
3169 972 3420 1045 apueris
3442 969 3758 1043 imperitis,

2119 1072 2178 1120 et
2205 1082 2240 1121 a
2270 1083 2389 1121 non
2417 1066 2796 1122 credentibus
2824 1064 3040 1120 Judaais
3070 1069 3129 1119 et
3157 1059 3568 1135 ignorantibus
3588 1074 3761 1113 voca-

2117 1160 2233 1223 tus,
2265 1162 2324 1211 et
2352 1154 2424 1211 ab
2456 1155 2602 1227 ipsis
2644 1154 2950 1227 prophetis
3000 1152 3356 1225 praedicatus
3403 1148 3758 1205 ostenditur.

2116 1243 2276 1300 Adeo
2308 1251 2507 1300 autem
2538 1244 2719 1309 dives,
2754 1250 2817 1298 ut
2845 1258 3084 1299 omnem
3116 1247 3357 1306 terram,
3384 1245 3443 1295 et
3471 1237 3631 1309 quod
3662 1253 3760 1291 su-

2116 1348 2222 1404 per
2253 1338 2497 1400 terram,
2530 1338 2590 1388 et
2619 1332 2727 1387 sub
2753 1338 2908 1387 terra
2936 1336 3025 1387 est
3062 1346 3294 1396 aurum,
3345 1344 3477 1399 quae
3524 1327 3575 1380 ei
3625 1341 3760 1380 cum

2115 1420 2278 1476 omni
2308 1421 2496 1493 gloria
2523 1420 2595 1476 ab
2645 1419 2994 1478 Adversario
3036 1418 3350 1485 dabantur,
3402 1404 3757 1486 despexerit.

2114 1509 2264 1574 Quid
2294 1510 2506 1565 attinet
2533 1510 2753 1577 dicere,
2798 1509 2957 1580 quod
2984 1509 3061 1563 sit
3111 1508 3274 1563 solus
3322 1504 3606 1577 pontifex,
3657 1502 3759 1573 qui

2115 1597 2277 1652 solus
2308 1598 2409 1652 Dei
2439 1598 2632 1653 cultus
2673 1603 2836 1653 tenet
2865 1596 3174 1652 scientiam
3194 1595 3221 1649 ?
3269 1597 3384 1649 Rea:
3404 1595 3581 1665 pacis,
3622 1591 3758 1647 Mel—

2114 1687 2391 1742 chisedech
2410 1687 2501 1758 (c),
2522 1687 2622 1757 qui
2642 1686 2804 1742 solus
2822 1685 3290 1742 estvelomnium
3312 1681 3678 1754 aptissimus,
3693 1684 3761 1735 ut

2113 1775 2318 1846 praesit
2338 1775 2597 1830 humano
2627 1776 2848 1848 generi.
2875 1773 3195 1846 Legislator
3214 1777 3433 1837 autem,
3453 1776 3517 1824 ut
3538 1769 3637 1840 qui
3662 1767 3764 1823 dat

2112 1862 2303 1935 legem
2335 1864 2396 1918 in
2423 1880 2524 1919 ore
2555 1864 3001 1936 prophetarum,
3054 1879 3187 1933 quas
3235 1866 3376 1915 sunt
3404 1857 3652 1932 agenda,
3703 1861 3765 1912 et

2112 1969 2244 2023 qum
2276 1969 2419 2018 non,
2448 1952 2820 2022 apertissime
2851 1950 3206 2023 praecipiens
3238 1954 3295 2003 et
3324 1947 3566 2003 docens.
3618 1945 3760 2011 Quis

2113 2048 2309 2097 autem
2335 2058 2403 2096 eo
2427 2040 2705 2105 nobilior,
2731 2042 2902 2112 cujus
2924 2039 3087 2095 solus
3117 2043 3285 2110 pater
3306 2042 3395 2092 est
3420 2036 3574 2091 Deus
3595 2033 3622 2089 ?
3644 2036 3761 2102 Age

2109 2147 2267 2194 vero,
2289 2130 2672 2185 ostendamus
2694 2128 3002 2184 Platonem
3027 2144 3263 2198 quoque
3286 2125 3511 2180 eisdem
3546 2123 3760 2178 suifra-

2110 2218 2233 2292 gari
2247 2218 2638 2292 dogmatibus.
2669 2217 3005 2288 Sapientem
3022 2216 3083 2270 in
3100 2216 3331 2270 thdro
3350 2212 3589 2284 quidem
3611 2210 3763 2267 dixit

2113 2323 2241 2363 esse
2273 2307 2536 2373 divitem,
2570 2306 2811 2361 dicens:
2846 2306 2890 2360 Ο
2918 2305 3113 2359 dilecte
3160 2305 3300 2368 Pan,
3348 2307 3399 2355 et
3445 2303 3760 2370 quicunque

2111 2397 2213 2450 alii
2242 2397 2323 2450 dii
2355 2396 2443 2451 hic
2471 2396 2691 2457 adestis,
2719 2394 2848 2447 date
2870 2393 3031 2459 mihi,
3062 2398 3124 2446 ut
3166 2389 3402 2461 pulcher
3440 2390 3587 2441 intus
3634 2386 3759 2456 effi-

2112 2488 2268 2547 ciar;
2327 2490 2379 2538 et
2429 2498 2767 2552 quaecunque
2810 2481 3147 2535 extrinsecus
3205 2478 3395 2542 habeo,
3446 2473 3762 2529 intrinsecis

2110 2575 2221 2628 sint
2246 2574 2464 2634 amica;
2511 2572 2735 2625 divitem
2779 2574 2960 2623 autem
3006 2569 3307 2636 sapientem
3353 2564 3528 2619 solum
3576 2563 3762 2617 existi-

2111 2676 2248 2715 mem
2271 2662 2293 2714 Ι
2311 2660 2531 2729 Hospes
2548 2662 2746 2713 autem
2768 2654 3150 2712 Atheniensis
3173 2670 3273 2709 eos
3291 2650 3756 2724 reprehendens,

2111 2747 2213 2818 qui
2238 2744 2656 2800 existimabant
2676 2745 2811 2800 illos
2840 2760 2968 2799 esse
2989 2743 3221 2804 divites,
3246 2742 3347 2814 qui
3380 2741 3597 2796 multas
3619 2756 3755 2811 pos-

2114 2834 2311 2889 sident
2339 2833 2644 2906 pecunias,
2677 2834 2761 2890 sic
2791 2832 2972 2890 dicit:
3018 2834 3085 2889 Ut
3104 2824 3293 2888 autem
3322 2830 3482 2887 valde
3509 2832 3619 2885 sint
3667 2829 3757 2883 di—

2112 2925 2247 2978 vites
2274 2924 2439 2979 simul
2467 2929 2521 2977 et
2544 2924 2729 2994 probi,
2760 2925 2952 2993 nequit
2980 2925 3103 2992 fieri
3123 2939 3142 2977 :
3171 2922 3300 2977 dico
3328 2926 3513 2976 autem
3537 2919 3755 2985 divites,

2116 3018 2180 3066 ut
2207 3013 2402 3082 vulgus
2433 3011 2736 3079 existimat,
2776 3027 3015 3068 asserens
3057 3027 3142 3068 eos
3168 3027 3276 3067 esse
3305 3011 3519 3076 divites,
3571 3011 3669 3079 qui
3694 3007 3759 3072 »ιη

2109 3105 2284 3173 pauci
2313 3118 2340 3156 e
2368 3103 2556 3156 multis
2597 3103 2829 3155 mae-imi
2851 3103 3025 3171 pretii
3045 3102 3407 3171 possessiones
3449 3097 3757 3168 possident,

2116 3206 2253 3261 quas
2282 3192 2449 3245 etiam
2488 3191 2663 3259 possit
2708 3191 2885 3245 malus
2932 3190 3165 3259 quilibet
3203 3188 3504 3259 possidere.
3554 3185 3760 3241 Fidelis

2116 3287 2194 3335 est
2224 3286 2369 3334 totus
2397 3279 2633 3333 mundus
2654 3280 3042 3349 pecuniarum,
3073 3277 3154 3333 ait
3184 3277 3485 3344 Salomon,
3522 3274 3760 3345 inﬁdelis

2116 3377 2299 3425 autem
2327 3386 2395 3423 ne
2441 3369 2628 3423 obolus
2673 3368 2912 3438 quidem.
2966 3366 3144 3421 Multo
3193 3381 3328 3438 ergo
3372 3365 3560 3437 magis
3602 3365 3759 3420 Scri-

2115 3465 2304 3532 pturaa
2334 3456 2695 3513 credendum
2727 3461 2836 3524 est,
2859 3472 2991 3527 quae
3012 3453 3157 3509 dicit
3182 3457 3303 3523 fore
3330 3460 3391 3508 ut
3419 3453 3645 3508 celerius
3673 3470 3759 3508 ca-

2115 3549 2286 3605 melus
2316 3565 2422 3619 per
2448 3551 2699 3617 foramen
2724 3563 2853 3602 acus
2883 3551 3145 3609 transeat,
3193 3561 3359 3614 quam
3387 3551 3449 3598 ut
3497 3544 3645 3597 dives
3680 3543 3764 3609 (ἀ)

2115 3637 2588 3711 philosoPhetur.
2605 3637 2823 3692 Contra
2838 3641 3035 3690 autem
3046 3649 3320 3704 pauperes
3335 3633 3516 3688 beatos
3530 3632 3605 3702 (e)
3629 3647 3763 3686 cen-

2117 3732 2227 3791 set,
2246 3724 2751 3797 quemadmodum
2764 3724 2935 3801 'Plato
2957 3722 3268 3789 intellexit,
3284 3720 3489 3776 dicens
3516 3723 3763 3790 :Pauper

2115 3823 2300 3871 autem
2326 3817 2448 3883 ﬁeri
2477 3821 2556 3868 est
2576 3813 2993 3878 existimandus,
3018 3812 3170 3868 I59
3202 3827 3309 3865 non
3335 3812 3490 3881 cujus
3513 3811 3761 3879 pecuniie

2113 3904 2408 3973 facultates
2436 3902 2787 3969 minuuntur,
2810 3901 2904 3956 sed
2958 3917 3115 3971 cujus
3162 3902 3447 3955 insatietas
3502 3903 3758 3967 augetur.

2116 3995 2237 4048 Non
2266 3999 2343 4048 est
2373 3994 2517 4047 enim
2541 3997 2864 4063 paupertas,
2889 3992 3141 4061 pecuniae
3166 3991 3438 4061 paucitas,
3472 3988 3567 4043 sed
3612 3990 3762 4042 insa-

423 4132 488 4196 ›ι‹
515 4135 577 4187 Ρ.
609 4134 714 4189 440
745 4134 879 4207 ED._
899 4135 1193 4201 POTTER,
1232 4135 1337 4189 369
1360 4135 1470 4192 ΕΙ).
1515 4136 1743 4191 PARIS.
1777 4136 1851 4206 (a)
1882 4137 1998 4191 Exo

2120 4153 2294 4203 :xxm,
2326 4136 2413 4191 11.
2460 4136 2535 4207 (b)
2564 4136 2728 4191 Joan.
2765 4153 2803 4202 1,
2834 4135 2887 4189 9.
2921 4135 2990 4205 (c)
3021 4133 3196 4188 Hebr.
3236 4148 3335 4203 v11,
3367 4131 3422 4186 2.
3454 4131 3536 4202 (ἀ)
3555 4130 3759 4186 Matth.

350 4220 469 4269 xix,
501 4207 588 4259 24.
623 4206 695 4276 (e)
726 4205 926 4260 Matth.
952 4223 1005 4271 ν,
1036 4207 1090 4260 3.

423 4347 530 4417 (84)
576 4344 897 4419 Έννέωρος.
958 4348 1248 4419 Homerus
1300 4349 1489 4419 Odyss.
1547 4351 1609 4417 T,
1680 4365 1830 4405 vers.
1882 4349 2003 4417 178,

353 4417 797 4486 CPBttB_iIlCOl&S
835 4418 1199 4486 describens,
1232 4420 1315 4475 ait
1347 4437 1360 4473 :

352 4489 510 4564 Τοῖσι
542 4484 587 4541 δ’
619 4486 695 4564 ivi
717 4489 987 4564 Κνωσσὸς,
1025 4484 1234 4564 μεγάλη
1254 4488 1445 4564 ,πόλις
1472 4486 1593 4553 ἔνθα
1610 4509 1679 4564 ,τε
1710 4489 1889 4552 Μίνως

348 4555 645 4635 ’βννέωρος
671 4558 943 4635 βασίλευε,
969 4555 1372 4634 Δι’ὸς’μεγάΛου
1394 4561 1675 4635 ὀαριστής.

350 4633 500 4686 Inter
529 4631 628 4685 hoc
658 4631 735 4685 est
767 4634 1016 4694 Cnossus.
1048 4631 1250 4704 magna
1280 4635 1407 4689 urbs
1439 4631 1580 4689 {ubi
1610 4637 1783 4690 Minos

351 4704 457 4757 Per
476 4719 667 4757 novem
697 4720 868 4774 annos
897 4709 1169 4774 regnavit,
1195 4708 1344 4761 lovis
1372 4709 1558 4774 magni
1588 4705 1992 4774 confabulator.

424 4775 537 4844 (85)
598 4772 882 4833 Βασιλεύς.
952 4772 1220 4847 (Respicit
1298 4772 1496 4831 Matth.
1574 4772 1697 4843 XXI,
1770 4781 1822 4843 9,
1884 4780 1992 4842 1ος

351 4844 525 4915 Marc.
558 4860 634 4910 xx,
668 4847 721 4911 9,
756 4848 842 4907 10,
862 4846 963 4915 vel
998 4844 1130 4901 Luc.
1163 4864 1277 4915 xix,
1303 4849 1390 4902 38.

421 4914 532 4997 (8b)
570 4914 994 4997 ςᾼντικειμξνου.
1072 4919 1194 4997 Hoc
1230 4925 1337 4997 _est
1385 4920 1615 4997 S_tana::
1673 4935 1811 4997 nam
1868 4929 1996 4997 me

349 4981 440 5041 est
469 4981 766 5061 ἀντίδικος.
799 4981 1163 5061 adversarius.
1230 4989 1527 5061 Barnabas
1576 5005 1702 5061 cap.
1737 4993 1770 5044 2
1799 5007 1812 5044 :
1864 4991 1997 5045 Cum

346 5060 457 5113 sint
486 5074 616 5130 ergo
644 5059 762 5113 dies
788 5059 1130 5129 nequissimi,
1162 5067 1215 5115 et
1248 5060 1571 5115 Contrarias
1602 5059 1798 5115 habeat
1831 5061 1995 5130 hujus

344 5129 895 5256 szcgligpoitgstatem.
931 5132 1193 5203 Respicit
1238 5139 1435 5186 autem
1467 5133 1741 5187 Clemens
1792 5129 1992 5189 Matth.

348 5217 421 5256 IV.
496 5242 509 5256 .
572 5243 585 5256 .
695 5243 707 5255 .

348 5217 421 5256 Iv.
454 5217 509 5266 δ,
532 5217 585 5262 ν,
622 5217 707 5256 ιυ.

421 5273 532 5352 (87)
657 5269 823 5352 μόνος
851 5270 1027 5352 inter.
1060 5275 1194 5352 Haec
1225 5273 1552 5352 Stoicorum
1583 5274 1759 5352 verba
1812 5279 1960 5352 sunt
1982 5289 1994 5326 :

347 5337 758 5415 τιυὶ-εὐσέϐειαν,
796 5349 942 5399 teste
977 5346 1204 5400 Laertio
1237 5346 1341 5401 lib.
1382 5363 1475 5401 vn.
1512 5363 1612 5415 seg
1670 5350 1789 5410 119,
1849 5344 1995 5415 deii-

346 5412 591 5493 n-iebant
618 5414 926 5483 ἐπιστήμην
960 5419 1091 5493 θεῷν
1125 5415 1407 5493 θεραπείας
1456 5412 1736 5493 Eundem
1792 5414 2000 5493 delini-

350 5488 572 5559 tipnem
603 5492 939 5559 memorant
986 5489 1163 5559 etiam
1220 5490 1425 5543 Sextus
1464 5489 1796 5559 Empiricus
1850 5488 1993 5543 Adv.

351 5556 767 5635 yathevnaticos
790 5575 850 5635 Ε.
883 5559 1005 5622 330,
1039 5558 1305 5615 Stobaeus
1335 5561 1397 5615 in
1448 5556 1668 5630 Ecldgis
1697 5560 1908 5628 ethicis,
1940 5564 1998 5613 et

352 5575 767 5613 mathematicos
842 5601 850 5608 .
883 5575 959 5612 ddi

352 5624 562 5682 Suidas
592 5646 645 5686 ν.
669 5575 959 5685 Εὐσέἒεια.

2185 4352 2297 4421 (88)
2325 4345 2569 4421 Φαίδρῳ.
2621 4351 2754 4405 Haac
2786 4349 2893 4404 sub
2928 4350 3110 4405 tinem
3139 4345 3366 4405 Phxdri
3392 4345 3619 4419 profert
3646 4345 3757 4401 So-

2033 4458 2077 4522 D
2113 4429 2324 4522 crates,
2350 4439 2406 4493 p.
2444 4423 2602 4476 1243.

2182 4510 2291 4580 (89)
2417 4530 2473 4585 φ.
2507 4510 2577 4585 ᾮ
2605 4506 2730 4573 φίλε
2789 4512 3006 4585 “ivnge,
3035 4508 3127 4561 καὶ
3156 4503 3356 4585 ἄλλοι..
3380 4505 3498 4560 ὅσοι
3523 4501 3680 4585 τῇδε.
3705 4515 3755 4568 θ.

2104 4573 2291 4662 Blitio;
2327 4573 2475 4642 Mox,
2497 4581 2730 4652 τᾶξωθεν
2765 4596 2870 4651 pro
2903 4573 3115 4649 ἔξωθεν,
3163 4585 3220 4634 et
3276 4575 3411 4652 φίλα
3437 4595 3544 4650 pro
3569 4573 3578 4580 ’
3601 4573 3753 4652 φίλα.

2103 4652 2287 4793 ΙΙὟέθ)
2316 4719 2638 4782 Πλουσίους.
2670 4724 2802 4778 Haec
2833 4727 3153 4778 occurrunt
3208 4721 3316 4777 sub
3375 4721 3552 4776 ﬁnem
3586 4719 3689 4775 lib.
3712 4737 3757 4777 .v

2105 4796 2181 4850 De
2211 4794 2439 4865 legibus,
2472 4810 2603 4867 pag.
2641 4795 2766 4849 849.

2104 4875 2284 5000 ΡΙ(91)
2336 4869 2559 4950 Σφόδρα
2615 4872 2748 4926 εἶναι
2815 4872 3110 4947 κάγαθούς.
3173 4868 3395 4950 Σφόδρα
3443 4869 3533 4927 καὶ
3592 4868 3749 4944 ἀγαθ.

2176 4962 2291 5000 ao.

2338 5020 2621 5077 Πλείστου.
2683 5025 2814 5079 Haec
2872 5041 2979 5080 vox
3040 5041 3076 5080 a
3130 5025 3438 5081 nonnullis
3490 5024 3755 5080 Platonis

2106 5096 2468 5151 editionibus
2498 5111 2811 5168 perperam
2838 5096 3025 5153 abest.

2105 5184 2288 5310 Pl(aia?)
2346 5184 2637 5253 Κέκτηται.
2696 5185 2895 5241 Malim
2950 5183 3164 5254 κέκτητ’
3220 5181 3307 5253 ἄν,
3378 5184 3538 5257 quod
3579 5184 3761 5240 habet

2176 5262 2291 5397 (362)
2316 5327 2429 5383 Τοῦ
2458 5328 2706 5383 1:.Hanc
2736 5330 3097 5385 sententiam
3146 5328 3419 5383 Clemens
3477 5342 3547 5379 ex
3604 5342 3748 5394 apo-

2107 5400 2327 5471 crypho
2360 5400 2616 5471 quodam
2648 5399 2801 5456 libro
2834 5401 3160 5472 sumpsisse
3193 5398 3444 5451 videtur.

2177 5489 2299 5560 (95).
2343 5487 2430 5549 Ὠς
2479 5493 2694 5554 συνῆκε.
2746 5489 2892 5560 Legi
2939 5493 3133 5560 potest
3186 5485 3405 5560 etiam,_
3442 5478 3748 5560 augmina,

2104 5548 2251 5629 quod
2271 5548 2578 5615 intellexit.
2600 5548 2751 5625 Mox,
2801 5548 2957 5629 vung
3017 5553 3280 5629 Iflatonis
3337 5549 3430 5602 ed.
3476 5548 3580 5605 lib.
3615 5567 3645 5603 v
3674 5553 3749 5629 De

2107 5625 2269 5700 legib.
2306 5631 2382 5703 μή
2408 5630 2469 5683 τὸ
2490 5630 2589 5698 τήν
2621 5644 2727 5700 pro
2760 5626 2822 5680 οῦ
2849 5625 2993 5681 τὸ’τ.
3027 5626 3298 5680 SYLBURG.
3689 5625 3784 5668 διε
