4044 6154
359 239 478 306 ⁴961

1724 232 2172 290 ΒΤΒΟΜΔΤῙΙΜ
2208 232 2342 287 LIB.
2387 232 2458 286 II.

3688 244 3796 298 962

378 360 715 441 προφητείας
785 365 924 433 (19),
985 358 1108 418 οὔτε
1158 368 1260 430 τῆς
1316 365 1424 416 τῶν
1483 359 1792 415 ἀκουόντων
1843 356 2029 411 εὐπει-

2156 356 2244 426 qui
2277 372 2405 411 eam
2429 356 2698 413 audiunt.
2750 357 3087 424 Quinetiam
3134 363 3314 419 aridae
3362 363 3625 434 festucae,
3659 383 3791 438 quae

378 451 521 513 θείας
586 451 663 524 μὴ
738 452 1039 525 παροῦσης.
1101 452 1204 506 Καὶ
1245 450 1346 527 γὰρ
1400 450 1467 505 τὰ
1520 451 1701 528 κάρφη
1761 449 1828 502 τὰ
1879 446 2035 520 ξηρὰ,

377 537 572 612 ἕτοιμα
603 535 732 594 ὄντα
779 537 1175 614 καταδέχεσθαι
1225 541 1326 608 τὴν
1387 535 1610 610 δύναμιν
1664 539 1762 607 τήν
1817 555 2037 591 καυστι-

376 629 502 698 κήν,
535 627 666 704 ῥᾷον
698 627 1001 698 ἑξάπτεταν
1031 629 1122 683 καὶ
1155 630 1190 698 ἡ
1225 625 1380 692 λίθος
1411 630 1523 701 (20)
1554 629 1589 697 ἡ
1623 623 2037 701 θρυλλουμὲνη,

373 712 522 772 ἕλκει
556 717 649 772 τὸν
682 715 910 794 σίδηρον
945 715 1034 772 διὰ
1081 718 1412 792 συγγένειαν.
1467 714 1649 790 ὥσπερ
1697 715 1787 769 καὶ
1818 714 1881 769 τὸ
1949 710 2039 766 δά-

372 826 536 880 κρυον
586 807 649 861 τὸ
682 805 912 882 σοῦχιον
971 805 1263 860 ἐπισπᾶται
1292 805 1360 860 τὰ
1409 806 1617 882 κάρφη,
1647 805 1739 859 καὶ
1779 804 1842 857 τὸ
1871 799 2040 871 ἤλεκ-

374 914 503 969 τρον
585 896 683 957 τὰς
741 896 1023 971 ἀχυρμιᾶς
1085 895 1329 950 ἀνακινεῖ
1362 937 1375 952 .
1433 893 1679 957 Πείθεται
1740 889 1797 947 δὶ
1853 891 2039 952 αὐτοῖς

377 983 450 1038 τὰ
489 981 783 1056 δλκόμενα,
838 983 1064 1060 ἀρῥήτῳ
1120 983 1394 1056 ἕλκόμενα
1450 982 1742 1056 πνεύματι,
1803 979 1916 1055 οὐχ
1966 979 2040 1042 ὡς

381 1071 550 1143 αἴτια,
585 1072 714 1128 ἀλλ’
772 1075 845 1135 ὡς
908 1074 1169 1130 συναίτια.
1232 1072 1443 1128 Διπλοῦ
1493 1071 1675 1126 τοίνυν
1744 1071 1899 1131 ὄντος
1945 1073 2044 1123 τοῦ

381 1168 481 1231 τῆς
554 1161 744 1225 κακίας
819 1159 1016 1223 εἴδους·
1097 1165 1196 1217 τοῦ
1272 1161 1400 1235 μὲν,
1486 1160 1619 1234 μετὰ
1687 1158 1897 1228 ἀπάτης
1951 1158 2041 1212 καὶ

379 1255 478 1305 τοῦ
520 1249 826 1319 λανθάνειν,
883 1256 981 1306 τοῦ
1041 1248 1100 1306 δὶ
1159 1252 1296 1323 μετά
1356 1250 1478 1326 βίας
1537 1247 1770 1323 ἄγοντος
1827 1247 1917 1302 καὶ
1950 1247 2042 1320 φέ-

385 1357 596 1414 ροντος·
653 1340 682 1393 6
727 1340 869 1400 θεῖος
919 1338 1093 1414 Λόγος
1143 1338 1396 1415 κέκραγε,
1454 1339 1657 1399 πάντας
1719 1329 2042 1405 συλλήϐδην

381 1427 604 1484 καλῶν·
665 1425 824 1489 εἷδὼς
882 1429 976 1500 μὶν
1035 1429 1122 1482 καὶ
1194 1430 1431 1501 μάλιστα
1484 1426 1612 1488 τοὺς
1677 1427 1752 1498 μή
1814 1442 2042 1490 πεισθη-

385 1516 675 1590 σομένους,
734 1519 889 1590 ὅμως
951 1514 998 1571 ’δ’
1050 1515 1160 1585 οὗν,
1225 1517 1308 1570 ὅτι
1366 1515 1448 1592 ἐφ’
1503 1517 1631 1587 ἡμῖν
1680 1515 1741 1568 τὸ
1771 1512 2043 1577 πείθεσθαί

381 1625 442 1662 τε
491 1606 578 1660 καὶ
644 1606 721 1677 μὴ
759 1647 773 1672 ,
832 1605 905 1667 ὡς
974 1605 1051 1677 μή
1117 1602 1264 1679 ἔχειν
1325 1603 1544 1677 ἃγνοιαν
1611 1601 2043 1680 προφασίσασθαί

381 1714 579 1763 τινας,
650 1691 860 1748 δικαίαν
918 1695 1019 1763 τὴν
1101 1692 1300 1762 κλῆσιν
1379 1691 1674 1760 πεποίηται

381 1777 614 1854 δῦναμιν
677 1778 735 1835 δὲ
794 1779 1024 1836 ἑκάστου
1080 1780 1298 1835 ἀπαιτεῖ
1376 1781 1509 1852 (21).
1588 1781 1719 1841 Τοῖς
1778 1780 1871 1851 μὲν
1931 1778 2036 1854 γάρ

383 1872 526 1943 ὁμοῦ
599 1873 679 1939 τῷ
735 1869 910 1934 θὲλειν
982 1870 1075 1924 καὶ
1158 1869 1219 1924 τὸ
1314 1866 1566 1932 δύνασθαι
1640 1874 1918 1943 πάρεστιν,
1981 1866 2040 1920 ἐκ

385 1960 770 2030 συνασκήσεως
823 1957 1097 2030 ηὖξηκόσι
1148 1963 1311 2012 τοῦτο
1365 1959 1524 2030 (22),
1603 1955 1693 2010 καὶ
1773 1966 2036 2024 κεκαθαρ-

389 2045 596 2119 μένοις·
660 2048 712 2101 οἱ
769 2045 848 2114 δὲ,
899 2047 945 2101 εἰ
998 2046 1089 2101 καὶ
1152 2048 1321 2119 μήπω
1386 2041 1667 2112 δύνανται,
1727 2043 1790 2099 τὸ
1842 2043 2040 2118 βούλε-

383 2137 506 2189 σθαι
559 2133 667 2207 ἤδη
728 2133 982 2212 ἔχουσιν,
1039 2137 1236 2212 ’Ἐργον
1297 2132 1356 2188 δὶ
1430 2135 1493 2188 τὸ
1572 2133 1666 2206 μὲν
1747 2131 2036 2209 βούλεσθαι

381 2226 594 2300 ψυχῆς,
657 2225 720 2279 τὸ
772 2226 1026 2299 πράττειν
1077 2221 1164 2295 δὲ,
1221 2223 1319 2278 οὐκ
1386 2224 1508 2277 ἄνευ
1563 2222 1838 2294 σώματος.
1899 2218 2040 2278 Οὖδὶ

388 2314 494 2385 μὴν
551 2318 632 2386 τῷ
687 2312 833 2369 τὲλιι
892 2319 1322 2388 παραμετρεῖται
1383 2312 1535 2385 μόνῳ
1600 2313 1667 2366 τά
1720 2313 2036 2385 πράγματα,

384 2400 530 2457 ἀλλά
605 2403 693 2457 καὶ
781 2406 850 2477 τῇ
953 2401 1178 2458 ἑκάστου
1253 2401 1490 2478 κρίνεται
1577 2400 1923 2476 προαιρέσει,
1991 2397 2038 2452 εἷ

388 2489 590 2568 ῥᾳδίως
651 2489 849 2560 εἵλετο,
927 2492 972 2548 εί
1054 2491 1137 2566 ἐφ’
1217 2492 1297 2554 οἷς
1369 2490 1613 2566 ἥμαρτεν
1695 2484 2039 2563 μετενόησεν,

387 2580 432 2636 εἷ
491 2581 703 2636 σύνεσιν
756 2576 948 2636 ἔλαϐεν
1020 2580 1100 2656 ἐφ’
1171 2582 1252 2643 οἷς
1336 2576 1630 2648 ἔπταισεν,
1711 2579 1802 2632 καὶ
1886 2575 2031 2650 μετὲ-

382 2692 520 2745 γνω,
572 2672 705 2744 ὅπερ
756 2669 890 2739 ἐστὶ,
943 2671 1079 2742 μετά
1155 2674 1324 2724 ταῦτα
1394 2665 1552 2742 ἔγνω’
1637 2663 1862 2741 βραδεῖα
1936 2666 2038 2738 γὰρ

374 2763 585 2832 γνῶσις
648 2762 924 2830 μετάνοια·
1012 2761 1214 2832 γνῶσις
1299 2754 1355 2809 δὲ
1428 2757 1463 2821 ἡ
1513 2754 1706 2827 πρώτη
1793 2753 2042 2827 ἀναμαρ-

388 2847 570 2915 τησία.
657 2844 896 2905 Πίστεως
983 2842 1072 2898 οὖν
1146 2843 1235 2897 καὶ
1321 2845 1356 2910 ἡ
1446 2843 1702 2915 μετάνοια
1763 2840 2044 2914 κατόρθω-

395 2951 515 3004 μα·
579 2931 666 2987 ἐὰν
717 2933 818 3008 γὰρ
905 2932 982 3005 μὴ
1061 2931 1320 3004 πιστεύσῃ
1403 2930 1703 3004 ἁμάρτημα
1781 2931 1909 2984 εἶναι
1995 2930 2040 3001 ᾧ

386 3022 785 3096 προκατείχετο
821 3066 835 3090 ,
897 3017 1022 3074 οὐδὲ
1108 3021 1485 3092 μεταθήσεται·

380 3110 572 3184 στεύσῃ
590 3156 605 3180 ,

376 3220 451 3268 τι,
511 3199 782 3273 σωτηρίαν
849 3196 905 3252 δὲ
987 3202 1069 3270 τῷ
1153 3199 1288 3252 κατά
1341 3197 1437 3259 τὰς
1519 3195 1744 3257 ἐντολὰς
1807 3197 2036 3271 βιοῦντι,

385 3286 498 3343 οὐδ’
558 3287 702 3343 οὕτω
759 3281 1169 3360 μεταϐαλεῖται.
1224 3283 1364 3356 ’Ίιδη
1444 3283 1501 3340 δὲ
1583 3285 1674 3339 καὶ
1759 3287 1794 3354 ἠ
1878 3283 2038 3346 ἐλπὶς

383 3377 442 3432 ἐκ
497 3376 732 3438 πίστεως
789 3377 1128 3446 συνέστηκεν.
1214 3376 1520 3448 Ὀρίζονται
1603 3379 1733 3450 γοῦν
1798 3375 1850 3428 οἱ
1933 3373 2040 3428 ἀπὸ

383 3463 738 3527 Βασιλείδους
789 3466 886 3534 τήν
945 3465 1146 3533 πίστιν,
1206 3467 1391 3540 ψυχῆς
1445 3464 1832 3538 συγκατάθεσιν
1902 3461 2038 3538 πρός

384 3575 436 3609 τι
493 3559 599 3608 τῶν
663 3556 738 3628 μή
797 3552 1093 3609 κινούντων
1149 3553 1397 3622 αἶ’σθησιν
1435 3595 1448 3622 ,
1509 3551 1599 3607 διὰ
1651 3553 1714 3606 τὸ
1796 3553 1871 3624 μή
1931 3573 2038 3606 πα-

383 3649 584 3717 ρεῖναι.
653 3642 848 3707 Ἐλπὶς
927 3640 984 3697 δὲ
1086 3640 1386 3717 προσδοκία
1467 3644 1712 3712 κτήσεως
1819 3640 2039 3717 ἀγαθοῦ.

381 3733 586 3801 ΙΙιστήν
649 3729 706 3786 δὲ
763 3730 973 3805 ἀνάγκη
1025 3732 1124 3798 τήν
1207 3728 1540 3802 προσδοκίαν
1599 3731 1756 3787 εἶναι.
1845 3729 2042 3790 Πιστὸς

383 3817 446 3875 δὶ
505 3821 532 3874 ὁ
589 3815 955 3896 ἀπαραϐάτως
1031 3820 1334 3894 τηρητικὸς
1409 3823 1516 3872 τῶν
1579 3816 2044 3894 ἐγχειρισθὲντων·

403 3910 803 3985 ἐγχειρίζονται
859 3907 916 3964 δὲ
962 3910 1098 3982 ὖμῖν
1155 3909 1206 3963 οἱ
1264 3906 1387 3982 περὶ
1445 3912 1579 3963 Θεοῦ
1637 3905 1818 3983 λόγοι,
1849 3909 1939 3962 καὶ
1992 3908 2048 3962 οἱ

404 4005 540 4061 θεῖοι
593 3999 775 4075 λόγοι,
837 4000 890 4054 αἱ
949 3995 1164 4053 ἐντολαὶ
1220 4000 1363 4068 (23),
1423 3995 1515 4050 σὺν
1599 4001 1667 4070 τῇ
1724 3995 2048 4071 καταπράξει

400 4092 507 4142 τῶν
594 4088 1084 4165 παραγγελμάτων.
1174 4085 1347 4149 Οὗτός
1431 4084 1574 4140 ἐστιν
1631 4087 1658 4139 6
1739 4082 1934 4148 δοῦλος
2021 4087 2048 4140 6

401 4177 626 4247 πιστὸς,
683 4178 712 4232 6
768 4177 905 4252 πρὸς
964 4181 1062 4232 τοῦ
1120 4175 1324 4250 Κυρίου
1410 4173 1820 4246 ἐπαινούμενος.
1882 4175 2048 4232 Ἐπάν

1571 3017 1666 3072 κᾶν
1783 3018 1859 3090 μὴ
1942 3039 2002 3071 πι
2015 3049 2036 3060 ο

691 3107 918 3164 κόλασιν
986 3109 1081 3182 μὲν
1135 3107 1438 3178 ἐπητῆσθαι
1495 3107 1575 3179 τῷ
1631 3104 2035 3180 πλημμελοῦν-

2147 447 2285 502 sant
2311 456 2528 519 parata:
2559 450 2632 504 ad
2665 452 3104 522 suscipiendam
3130 456 3283 526 ignis
3305 457 3418 510 vim
3440 457 3672 513 facilius
3695 476 3792 514 ac-

2145 537 2516 605 cenduntur;
2551 546 2610 592 et
2637 539 2788 610 lapis
2817 541 2987 612 vulgo
3020 543 3352 599 celebratus
3399 547 3624 602 ferrum
3675 553 3791 603 tra-

2145 626 2230 680 hit
2276 633 2339 698 ›ι‹
2384 633 2627 699 propter
2672 633 2898 685 natura;
2942 633 3379 704 cognationem,
3428 641 3487 688 et
3531 637 3795 709 lacryma

2146 715 2372 769 succini
2412 717 2657 772 attrahit
2702 717 2982 787 festucas,
3033 725 3092 773 et
3134 721 3419 778 electrum
3465 732 3796 782 commovet

2145 805 2367 875 paleas.
2403 807 2499 862 Eis
2531 814 2730 862 autem
2764 817 2995 879 parent,
3028 827 3159 881 quae
3193 813 3527 881 trahuntur,
3560 817 3792 871 occulto

2145 895 2402 965 quodam
2435 897 2647 966 spiritu
2675 903 2879 965 tracta,
2913 915 3032 953 non
3073 905 3139 954 ut
3166 901 3526 974 principales
3577 920 3792 960 causaa.

2145 983 2250 1038 sed
2278 990 2346 1038 ut
2373 984 2744 1056 adjuvantes.
2779 987 2924 1042 Cum
2965 989 3041 1043 sit
3072 1005 3208 1061 ergo
3247 989 3466 1061 duplex
3513 992 3637 1045 vitii
3693 1010 3794 1065 ge-

2146 1089 2261 1127 nus
2287 1090 2300 1126 :
2333 1089 2518 1128 unum
2551 1075 2812 1145 quidem,
2838 1077 2996 1147 quod
3019 1077 3154 1132 dolo
3186 1095 3294 1133 nos
3326 1085 3384 1134 et
3413 1080 3791 1148 clanculum;

2146 1161 2398 1217 alterum
2423 1168 2642 1230 autem,
2675 1165 2833 1235 quod
2863 1172 3068 1236 aperta
3093 1166 3144 1221 vi
3168 1168 3504 1240 aggreditur
3528 1175 3585 1224 et
3599 1172 3750 1242 rapit
3779 1189 3793 1237 ;

2147 1251 2378 1306 divinus
2403 1251 2584 1322 Logos
2609 1253 2906 1320 clamavit,
2928 1270 3136 1310 omnes
3167 1256 3348 1311 simul
3375 1274 3629 1324 vocans;
3653 1265 3712 1313 et
3732 1258 3801 1312 li-

2147 1346 2240 1394 cet
2268 1356 2368 1394 eos
2399 1341 2729 1396 certissime
2761 1343 3007 1411 noverit,
3041 1345 3142 1413 qui
3185 1361 3305 1399 non
3351 1352 3488 1400 sunt
3520 1348 3794 1416 parituri,

2149 1436 2368 1494 tamen,
2412 1432 2693 1501 quoniam
2726 1433 2880 1488 160
2913 1434 2972 1487 in
3021 1441 3225 1490 nostra
3273 1441 3564 1507 potestate
3616 1438 3795 1491 situm

2148 1525 2256 1585 est,
2290 1525 2488 1574 utrum
2513 1536 2847 1591 pareamus,
2867 1539 3077 1584 necne.
3103 1540 3177 1576 ne
3201 1525 3333 1594 quis
3357 1526 3544 1595 possit
3565 1525 3798 1580 causari

2149 1613 2499 1678 praetextum
2531 1608 2900 1679 ignorantiae,
2939 1611 3160 1680 justam
3216 1611 3356 1666 fecit
3403 1613 3795 1680 vocationem,

1712 1735 1725 1758 ,
1784 1690 1846 1744 τὸ
1904 1691 2039 1745 κατὰ
2071 1703 2116 1768 Β
2148 1703 2207 1750 et
2257 1697 2416 1766 quod
2470 1704 2752 1768 prwstare
2799 1706 3050 1769 possunt
3097 1700 3569 1772 uniuscujusque
3618 1703 3797 1771 vires,

2151 1785 2346 1857 exigit.
2380 1786 2694 1840 Nonnullis
2718 1787 2876 1840 enim
2895 1787 3251 1842 simuladest
3265 1794 3322 1843 et
3341 1789 3488 1843 velle
3507 1795 3564 1843 et
3586 1807 3794 1861 posse;

2148 1878 2215 1927 ut
2243 1873 2336 1941 iis,
2369 1874 2469 1943 qui
2505 1890 2612 1944 per
2643 1875 3127 1929 exercitationem
3178 1892 3244 1929 eo
3293 1878 3692 1947 pervenerint,
3741 1884 3799 1932 et

2148 1961 2378 2032 purgati
2403 1961 2539 2015 sint.
2569 1961 2682 2016 Alii
2706 1969 2924 2026 autem,
2951 1965 3058 2018 etsi
3085 1964 3350 2018 nondum
3377 1965 3792 2037 possunt,jam

2150 2055 2349 2104 tamen
2382 2049 2603 2104 habent
2632 2051 2796 2105 velle.
2833 2053 2935 2106 Est
2965 2059 3160 2106 autem
3193 2053 3342 2108 velle
3371 2053 3612 2125 quidem
3661 2071 3796 2108 mu-

2150 2156 2262 2194 nus
2295 2139 2545 2205 animas;
2580 2156 2753 2212 agere
2785 2147 2980 2195 autem
3011 2157 3130 2195 non
3186 2141 3313 2196 sine
3359 2159 3627 2214 corpore.
3681 2145 3796 2198 Ne-

2149 2244 2263 2298 que
2297 2244 2432 2282 vero
2466 2227 2627 2282 solus
2661 2228 2796 2282 finis
2827 2245 2922 2282 res
2962 2229 3287 2295 dimetitur,
3335 2229 3440 2284 sed
3487 2247 3568 2284 es:
3620 2231 3798 2284 etiam

2149 2317 2618 2387 uniuscujusque
2639 2317 2927 2371 electione
2953 2318 3356 2386 dijudicantur
3381 2335 3393 2370 :
3415 2318 3464 2372 si
3483 2319 3654 2372 facile
3676 2319 3798 2372 ele-

2150 2407 2251 2478 git,
2287 2405 2335 2459 si
2369 2411 2744 2476 peccatorum
2779 2422 3020 2459 suorum
3049 2405 3260 2460 ductus
3309 2413 3398 2460 est
3429 2407 3798 2476 pwnitentia,

2152 2495 2200 2549 si
2234 2502 2476 2564 propter
2518 2510 2607 2554 ea,
2648 2493 2708 2546 in
2735 2493 2954 2563 quibus
2985 2493 3187 2564 lapsus
3238 2500 3345 2559 est,
3390 2511 3522 2548 eum
3572 2511 3800 2550 remor.

2152 2577 2251 2631 det
2282 2575 2668 2641 conscientia,
2703 2582 2759 2628 et
2803 2592 3062 2629 errorem
3105 2577 3458 2648 recognovit.
3503 2578 3660 2648 quod
3693 2583 3800 2646 est,

2143 2669 2339 2732 postea
2383 2665 2676 2730 cognovit:
2730 2668 2819 2716 est
2867 2662 3028 2716 enim
3078 2664 3246 2718 tarda
3292 2664 3548 2736 cognitio
3609 2666 3798 2736 paeni-

2154 2751 2376 2804 tentia:
2437 2751 2694 2822 cognitio
2751 2757 2950 2806 autem
3008 2757 3098 2807 est
3152 2753 3494 2808 innocentia
3549 2754 3620 2808 ab
3667 2754 3796 2825 ipso

2152 2839 2467 2910 principio.
2494 2839 2653 2894 Fidei
2674 2855 2810 2912 ergo
2827 2857 2975 2912 opus
2993 2847 3083 2896 est
3099 2841 3465 2912 paenitentia.
3489 2842 3608 2896 Nisi
3633 2844 3797 2898 enim

2153 2928 2475 2984 crediderit
2504 2946 2631 2983 esse
2662 2936 2989 3000 peccatum,
3025 2949 3139 3002 quo
3171 2932 3337 3003 prius
3371 2931 3700 2998 tenebatur,
3726 2933 3798 2988 ab

2155 3037 2222 3075 eo
2252 3037 2371 3074 non
2403 3019 2798 3075 dimovebitur
2824 3039 2834 3075 :
2862 3028 2918 3076 et
2939 3022 3053 3077 nisi
3076 3023 3414 3088 crediderit,
3449 3024 3500 3078 ei
3534 3023 3801 3095 quidem,

2153 3108 2252 3178 qui
2286 3108 2603 3179 delinquit,
2630 3109 2953 3180 inpendere
2977 3112 3336 3182 supplicium
3364 3128 3375 3165 :
3409 3119 3674 3183 paratam
3696 3129 3803 3167 au-

2152 3203 2268 3252 tem
2305 3215 2434 3252 esse
2469 3198 2720 3252 salutem
2753 3200 2829 3263 ei,
2863 3199 2962 3268 qui
2997 3216 3067 3253 ex
3099 3201 3409 3272 praeceptis
3440 3201 3596 3269 vivit,
3623 3218 3696 3256 ne
3717 3201 3801 3256 sic

2153 3287 2393 3357 quidem
2426 3286 2770 3342 mutabitur.
2804 3288 2928 3341 1am
2960 3293 3156 3342 autem
3190 3305 3324 3359 spes
3371 3305 3606 3360 quoque
3656 3308 3802 3345 con-

2155 3376 2311 3431 sistit
2331 3393 2400 3430 ex
2429 3376 2562 3431 fide.
2593 3377 2898 3431 Deﬁniunt
2927 3377 3125 3447 itaque
3151 3377 3331 3431 finem
3357 3383 3675 3433 sectatores
3695 3380 3804 3434 Ba-

2156 3465 2368 3532 silidis,
2429 3465 2644 3519 animas
2705 3464 3113 3520 assensionem
3172 3465 3348 3521 alicui
3407 3483 3612 3521 eorum
3671 3485 3802 3538 qua)

2158 3571 2399 3608 sensum
2431 3570 2550 3608 non
2585 3559 2839 3620 movent,
2874 3558 3186 3624 propterea
3217 3553 3375 3623 quod
3413 3570 3533 3608 non
3564 3555 3800 3613 adsunt.

2156 3643 2298 3713 Spes
2323 3647 2521 3696 autem
2555 3647 2644 3696 est
2671 3642 2842 3696 bona:
2873 3642 3268 3713 possessionis
3301 3644 3684 3712 exspectatio.
3720 3644 3808 3698 Fi-

2156 3731 2351 3785 delem
2365 3738 2564 3786 autem
2583 3747 2825 3785 necesse
2843 3737 2932 3784 est
2949 3747 3076 3784 esse
3096 3732 3619 3801 exspectationem.
3637 3733 3804 3786 Fide-

2158 3821 2232 3875 lis
2263 3828 2456 3876 autem
2494 3827 2601 3888 est,
2627 3821 2726 3891 qui
2758 3821 2905 3876 citra
2926 3822 3461 3893 transgressionem
3493 3838 3561 3876 ea
3593 3827 3801 3891 servat,

2159 3929 2289 3982 quas
2322 3917 2459 3965 sunt
2477 3911 2528 3964 ei
2549 3911 2782 3966 tradita.
2803 3909 2982 3964 Nobis
3000 3915 3198 3965 autem
3219 3909 3555 3974 traduntur,
3583 3928 3712 3982 quaa
3730 3911 3804 3967 de

2159 4001 2276 4055 Deo
2292 3999 2586 4064 dicuntur,
2611 4005 2668 4054 et
2683 3999 2858 4054 verba
2874 3999 3091 4066 divina,
3115 4015 3328 4070 nempe
3347 4000 3644 4066 mandata,
3669 4017 3804 4056 cum

2160 4089 2537 4144 exsecutione
2568 4093 3020 4159 praeceptorum.
3054 4089 3157 4142 Hic
3189 4094 3278 4143 est
3305 4104 3488 4143 servus
3507 4088 3803 4158 fidelis(a),

2160 4178 2260 4248 qui
2291 4177 2568 4232 laudatur
2592 4193 2626 4231 a
2655 4177 2927 4232 Domino.
2951 4179 3094 4231 Cum
3118 4183 3316 4232 autem
3345 4176 3578 4244 dixerit,
3601 4176 3805 4233 Fidelis

471 4331 620 4396 ’14P.
661 4332 766 4385 443
806 4331 916 4386 ED.
958 4329 1250 4395 POTTER,
1292 4329 1519 4382 370-371
1547 4328 1658 4380 ΕΙ).
1700 4328 1928 4383 PARIS.
1985 4328 2042 4399 (a

2156 4329 2291 4384 atth.
2325 4345 2474 4396 XXIV,
2507 4330 2573 4382 45
2609 4344 2622 4396 ;
2656 4345 2787 4397 xxv,
2820 4329 2907 4382 21.

473 4484 582 4554 (19)
614 4477 919 4565 Οβτενμήν
977 4499 1072 4552 πρ.
1132 4481 1304 4565 {forte
1361 4477 1701 4565 legendum.
1744 4473 1896 4565 ,οὕτεί
1943 4478 2043 4550 μήι

2170 4480 2388 4565 tentia,
2415 4496 2562 4565 quas
2583 4479 2802 4534 referre
2833 4479 3011 4565 piget,
3048 4479 3310 4561 indignas
3333 4485 3492 4565 sunt,
3511 4495 3642 4565 quae
3669 4478 3802 4536 refu

400 4548 737 4630 προφητείας
767 4548 1081 4630 ὄνησίς-τις,
1104 4557 1203 4619 τῆς
1227 4553 1334 4630 τῷν
1370 4548 1502 4630 diu.
1535 4550 1756 4630 alioqui
1809 4551 1902 4630 vel
1945 4548 2054 4630 rexf

403 4619 787 4709 pungendum
802 4619 978 4709 "istud
1006 4619 1148 4692 οὔτε,
1187 4622 1276 4677 vel
1324 4621 1618 4693 genitivus
1674 4619 1890 4692 aliquis
1921 4627 2057 4693 post

402 4696 555 4752 illud
581 4698 766 4752 deest.
801 4696 1074 4750 SYLBURG.

476 4771 586 4837 (20)
609 4767 670 4821 Ἡ
701 4765 872 4826 λίθος.
907 4767 1056 4831 Quid
1089 4769 1198 4826 est.
1229 4780 1335 4837 cur
1375 4762 1679 4837 Heraclius
1726 4763 1879 4835 lapis
1926 4763 2052 4818 fer-

402 4834 533 4893 rum
558 4840 632 4894 ad
664 4855 725 4894 se
757 4838 970 4909 trahat,
1004 4838 1212 4909 ingens
1246 4836 1403 4909 inter
1423 4834 1921 4909 physicos-pugna
1943 4841 2050 4909 est.

402 4911 659 4981 Galenus
712 4908 847 4981 llapi
905 4903 1219 4981 στοιχείων,
1407 4903 1619 4981 φυσική
1653 4903 1756 4981 γάρ
1804 4903 1886 4981 τίς
1941 4905 2052 4960 ἐστι

403 4977 630 5053 δύναμις
709 4973 933 5046 ἑλκτικὴ
990 4973 1099 5032 τὶιῖν
1156 4973 1382 5053 οῗκνέίων¹
1426 4975 1636 5047 ἑκάστῳ
1667 4973 1799 5053 ’,τῶν
1858 4973 2049 5045 ὄντων,

403 5043 585 5125 ὣσπερ
618 5049 670 5125 ἐν
710 5053 779 5124 τῇ
811 5043 952 5125 λίθῳ
1128 5046 1418 5125 Ἡρακλείᾳ
1469 5052 1566 5100 τοῦ
1589 5043 1874 5125 μ’σιδηρου..
1926 5043 2053 5104 01θέ

401 5114 574 5180 Πιθηέ
605 5114 946 5188 Αιθχέιηάΐ.’,
976 5114 1154 5175 ἓλκειν
1182 5114 1272 5192 τὸν
1307 5114 1530 5192 σίδηρον
1586 5114 1674 5192 ξδιά
1724 5114 2049 5192 συγγένειαψ

403 5197 738 5269 Gregorius,
770 5192 992 5269 ἀρῥήτῳ
1021 5199 1121 5269 τῇς
1150 5190 1359 5269 φύσεως
1395 5191 1528 5269 βίᾳί
1550 5191 1676 5269 alii,
1752 5189 2055 5267 ἀποφοραῖς

401 5261 1011 5339 πνευματώδεσι’,’ῐοδῐθ
1043 5261 1356 5339 Plutarcho
1384 5261 1405 5316 ε’
1431 5261 1674 5334 quidam
1720 5261 2053 5339 magnetem

400 5335 627 5395 ferrum
658 5345 936 5411 appetere
965 5345 1247 5411 tanquam
1280 5336 1503 5411 cibum,
1535 5351 1653 5411 quo
1711 5335 1887 5390 vitam
1915 5353 2053 5411 psus-

403 5411 627 5479 tendet,
653 5406 840 5481 eaque
863 5406 1103 5480 lapides
1119 5425 1328 5481 omnes
1370 5407 1476 5481 via
1532 5406 1746 5481 vivere,
1786 5407 2054 5481 probare

405 5499 526 5536 non
558 5474 791 5538 cessant
820 5499 832 5536 :
862 5474 985 5554 non
1013 5482 1083 5552 τῇ
1107 5477 1329 5554 ἀρρήτῳ
1370 5474 1722 5554 ἰδιότητιηίά
1774 5474 1902 5554 fieri
1935 5496 2052 5549 pu-

404 5558 618 5610 tamus.
652 5552 963 5610 Nonnullae
988 5548 1164 5622 porro
1179 5548 1515 5622 pluresque
1545 5548 1886 5620 hujusmodi
1916 5548 2056 5606 sien-

2169 4557 2389 4617 tentur,
2423 4557 2638 4621 praeter
2660 4567 2838 4605 unam
2864 4550 3089 4618 Galeni,
3123 4550 3216 4605 cui
3242 4551 3496 4605 succinit
3513 4550 3786 4606 Clemens

2166 4621 2447 4692 quaaideo
2478 4623 2624 4676 mihi
2652 4638 2771 4676 non
2804 4621 3044 4689 arridet,
3091 4621 3251 4692 quod
3298 4621 3594 4693 permulta
3622 4623 3812 4677 varias

2164 4709 2258 4748 res
2290 4693 2363 4765 ad
2387 4709 2448 4746 se
2480 4693 2768 4760 derivent,
2795 4709 2929 4747 cum
2981 4693 3214 4765 quibus,
3253 4693 3418 4748 nulla
3449 4699 3538 4748 est
3566 4711 3810 4765 prorsus

2163 4763 2445 4837 συγγένεια
2471 4781 2632 4844 ηυδε
2683 4765 2842 4844 enim
2873 4764 3220 4844 rhabarbari
3251 4763 3585 4844 cum__lla_v_a
3666 4764 3812 4833 bile,

2162 4833 2539 4917 quaragarici
2573 4853 2704 4917 cum
2728 4836 2950 4916 pituita
2981 4833 3312 4917 oiaecdmg?
3342 4837 3459 4892 alia
3485 4836 3812 4917 silﬂeozqua)

2163 4906 2386 4962 succini
2422 4923 2556 4961 cum
2586 4906 2793 4977 paleis,
2828 4925 2960 4976 quas
2992 4908 3324 4963 adamantis
3357 4925 3490 4962 cum
3543 4907 3810 4974 festucis,

2163 4996 2294 5050 quae
2317 4977 2533 5051 plantaa
2560 4977 2871 5051 cujusdam
2903 4996 3036 5033 cum
3072 4980 3356 5051 sanguine
3383 4985 3609 5034 eum.ut
3634 4977 3824 5051 tradit.

2161 5049 2290 5120 ipse
2317 5049 2903 5115 Galenus,elicientis
2934 5049 3206 5106 affinitas
3225 5051 3251 5106 ‘I
3271 5051 3569 5119 Brodaaus,
3601 5049 3808 5105 Miscel.

2162 5122 2265 5176 lib.
2302 5137 2379 5184 lli,
2405 5138 2531 5192 cap.
2569 5122 2956 5192 291COLLECI‘.

2234 5192 2455 5264 (2Ι)Τὸ
2476 5187 2698 5264 κατάῗδ.
2745 5233 2757 5246 .
2805 5236 2817 5248 .
2865 5236 2876 5247 .
2911 5191 3146 5247 ἀπαιτεῖ.
3182 5193 3396 5249 Lowth.
3455 5191 3677 5247 mavult
3730 5193 3810 5261 τῷ

2161 5260 2299 5316 κατὰ
2333 5260 2379 5317 δ.
2429 5307 2439 5317 .
2488 5306 2500 5318 .
2552 5305 2564 5320 .
2605 5263 2870 5321 ἀπαιτεῖν,

2231 5339 2341 5405 (2'2)
2372 5337 2570 5390 Τοῦτο.
2605 5337 2774 5392 Forte
2809 5333 2886 5396 εἲς
2915 5339 3098 5391 τοῦτο.

2234 5398 2344 5482 (23)
2375 5405 2474 5482 Καὶ
2507 5408 2559 5482 οίι
2613 5413 2769 5482 θεῖοι
2804 5405 2960 5482 λόγοι
3007 5408 3062 5461 αἱ
3122 5403 3302 5461 ἐντολ.
3364 5407 3429 5459 Η.
3486 5420 3596 5459 ms.
3649 5398 3809 5475 λόγοι

2161 5478 2251 5532 καὶ
2282 5479 2338 5533 αἱ
2369 5479 2505 5532 θεῖαι
2529 5477 2708 5537 ἐντολ.
2741 5477 3014 5536 ὃϊωὺιιϐ.
