4044 6154
2 320 3 359 l

0 364 3 451 i

2 456 3 535 ι

2 558 3 595 ἰ

315 319 425 376 963

1572 299 1983 361 CLEMENTIB
2018 298 2524 357 ALEXANDle

3624 303 3742 359 96‘

325 453 494 515 Deus,
524 460 682 512 eum,
714 441 808 499 cui
836 436 1060 510 aliquid
1087 432 1413 491 declaranti
1444 447 1551 504 par
1579 431 1656 485 sit
1702 426 1966 490 credere,

2099 419 2142 477 εὶ
2190 420 2604 515 εἷ’πῃρ-Πιστὸς
2667 425 2695 481 ὁ
2738 514 2744 515 7
2783 426 2936 515 Θεὸς,
3018 428 3064 500 ᾦ
3145 426 3571 506 ἂποφαινομὲνῳ
3649 450 3751 485 πι-

335 536 665 611 signiﬁcat:
699 530 960 588 declarat
988 530 1186 582 autem
1221 524 1407 596 Logos
1452 521 1603 593 ejus,
1655 518 1756 590 qui
1806 515 1983 571 etiam

323 604 513 685 fuerit
534 627 671 680 Deus
700 621 803 676 ille
828 616 1002 688 ﬁdelis
1024 616 1103 689 (a)
1131 611 1436 680 Quomodo
1470 626 1635 682 ergo,
1670 608 1717 662 si
1741 604 1984 662 credere

328 722 420 772 est
454 712 816 776 existimare,
852 723 985 778 quas
1016 704 1086 760 ab
1119 702 1264 775 ipsis
1317 700 1603 755 dicuntur
1643 693 1982 768 phi1050phi

330 806 505 861 ﬁrma
534 817 662 856 esse
693 795 951 871 putant?
979 796 1105 849 Non
1136 798 1226 848 est
1257 790 1417 846 enim
1450 785 1827 849 existimatio,
1878 801 1978 839 vo-

326 891 596 950 luntaria
625 883 1154 944 demonstrationis
1184 877 1576 952 praecedentis
1600 883 1663 947 ιιι
1692 872 1980 939 assensio,

327 980 435 1039 sed
459 978 637 1036 alicui
669 975 862 1032 valido
895 991 962 1030 ac
994 970 1221 1045 potenti
1249 967 1541 1024 assensio.
1593 965 1733 1031 Quis
1784 966 1981 1019 autem

327 1073 449 1127 Deo
480 1068 661 1124 fuerit
688 1061 1035 1137 potentior?
1070 1058 1397 1115 Inﬁdelitas
1428 1060 1627 1111 autem
1658 1058 1749 1107 est
1796 1066 1983 1122 oppo—

332 1159 429 1215 siti
462 1155 764 1213 imbecilla
783 1170 852 1209 ac
872 1150 1141 1223 negativa
1171 1144 1527 1203 existimatio
1552 1159 1565 1197 :
1602 1139 1982 1213 quemadmo-

333 1247 475 1303 dum
503 1243 783 1302 credendi
834 1237 1157 1297 difﬁcultas
1204 1240 1294 1292 est
1341 1232 1600 1298 habitus,
1651 1229 1751 1301 qui
1803 1227 1980 1283 ﬁdem

333 1334 662 1393 difﬁciliter
690 1328 970 1387 admittit.
997 1328 1067 1381 Et
1086 1325 1235 1380 ﬁdes
1258 1322 1499 1394 quidem
1531 1325 1621 1374 est
1647 1314 1982 1373 voluntaria

330 1421 714 1491 existimatio,
746 1425 805 1476 et
833 1415 1177 1488 anticipatio
1227 1410 1537 1486 prudentis
1588 1421 1980 1480 praecompre-

332 1513 661 1572 hensionis.
696 1506 1068 1581 Exspectatio
1097 1508 1296 1559 autem
1328 1506 1418 1555 est
1446 1497 1646 1570 opinio
1676 1495 1880 1551 futuri.
1914 1495 1985 1549 Et

331 1607 561 1657 caetera,
593 1580 837 1671 quidem
888 1591 1326 1665 expectationes
1375 1591 1515 1643 sunt
1544 1584 1857 1656 opiniones
1907 1580 1980 1636 de

331 1690 577 1747 incertis
604 1705 618 1743 :
651 1685 870 1743 ﬁducia
891 1689 1091 1739 autem
1123 1687 1212 1736 est
1234 1679 1405 1734 ﬁrma
1434 1677 1506 1731 de
1538 1674 1739 1745 aliquo
1770 1687 1978 1743 appre-

2090 512 2295 567 στεύειν
2347 512 2516 584 ἄξιον,
2608 514 2822 588 μηνύει·
2900 512 3255 593 ἄποφαίνεται
3332 514 3390 573 δὲ
3463 518 3491 572 ό
3570 520 3749 594 Λόγος

2086 599 2273 673 αὐτοῦ,
2332 603 2423 657 καὶ
2484 602 2643 667 αὐτὸς
2712 601 2771 659 ἄν
2854 602 2939 675 εῗη
3017 605 3209 669 πιστὸς
3284 606 3312 660 ὁ
3392 606 3523 669 Θεός
3608 610 3749 681 (24).

2088 695 2213 753 Πῶς
2271 691 2389 762 οὗ),
2450 691 2495 747 εἱ
2577 693 2639 748 τὸ
2693 693 2965 749 πιστεύειν
3023 690 3434 769 ὑπολαμϐάνειν
3488 695 3750 773 ἐστὶ,βᾶ-

2087 773 2217 835 6αια
2248 780 2317 835 τὰ
2370 782 2497 857 παρ’
2537 780 2714 838 αὐτῶν
2776 784 2827 838 οἱ
2886 782 3181 862 φιλόσοφοι
3237 784 3612 859 νομίζουσιν;
3674 786 3753 843 Οὐ

2085 870 2187 945 γάρ
2220 869 2363 925 ἐστιν
2423 869 2703 945 ὑπόληψις
2758 875 2793 943 ἡ
2851 872 3099 936 ἑκούσιος
3148 871 3592 950 προαποδείξεως
3638 877 3755 949 (25)

2091 959 2496 1035 συγκατάθεσις,
2584 958 2731 1017 ἀλλὰ
2841 962 3225 1037 συγκατάθεσις
3307 963 3525 1039 ἱσχυρῷ
3613 984 3747 1021 τινι.

2085 1046 2178 1108 Τίς
2230 1045 2279 1101 δ’
2336 1044 2396 1103 ἄν
2454 1047 2538 1119 εἷή
2593 1046 2963 1127 δυνατώτερος
3023 1056 3157 1106 Θεοῦ
3214 1070 3229 1120 ;
3287 1054 3349 1110 Ἣ
3409 1049 3468 1108 δὲ
3523 1052 3756 1110 ἀπιστία

2089 1134 2368 1210 ὑπόληψις
2448 1140 2544 1191 τοῦ
2643 1138 3017 1212 ἀντικειμένου
3097 1140 3326 1209 ἀσθενὴς
3399 1140 3748 1220 ἀποφατικήο

2085 1223 2320 1299 καθάπερ
2377 1227 2412 1294 ἡ
2483 1221 2769 1283 δυσπιστία
2841 1225 2950 1299 ἕξις
3000 1226 3434 1303 δυσπαράδεκτος
3489 1230 3754 1296 πίστεως.

2087 1311 2251 1382 Καὶὴ
2288 1314 2382 1387 μὲν
2439 1313 2620 1378 πίστις
2673 1317 2951 1391 ὑπόληψις
3010 1317 3260 1382 ἑκούσιος
3319 1319 3409 1374 καὶ
3460 1320 3756 1396 πρόληψις

2087 1400 2434 1477 εὐγνώμονος
2510 1403 3015 1480 προκαταλήψεωςο
3100 1407 3406 1481 προσδοκία
3491 1406 3551 1465 δὲ
3628 1408 3759 1484 δόξα

2089 1488 2415 1563 μέλλοντος·
2475 1495 2510 1562 ἡ
2571 1490 2629 1548 δὲ
2656 1497 2767 1549 τῶν
2850 1492 3037 1551 ἄλλων
3080 1493 3384 1568 προσδοκία
3443 1495 3574 1570 δόξα
3606 1496 3754 1571 ἀδή-

2087 1576 2215 1634 λουθ
2281 1580 2608 1653 πεποίθησις
2667 1579 3047 1659 δὲ’διάληψις
3108 1580 3297 1658 βεϐαία
3381 1584 3507 1663 περί
3575 1608 3754 1652 τινος.

2088 1668 2182 1723 Διὸ
2238 1672 2586 1744 πιστεύομεν,
2635 1672 2681 1744 ᾧ
2740 1670 2799 1728 ἄν
2860 1675 3180 1738 πεποιθότες
3242 1676 3390 1748 ὦμεν
3446 1675 3524 1739 εἰς
3593 1676 3753 1749 δόξαν

331 1780 563 1861 hensio.
596 1778 786 1842 Quare
819 1773 873 1829 ei
901 1770 1220 1836 credimus,
1253 1768 1314 1822 in
1337 1782 1453 1837 quo
1486 1762 1764 1819 ﬁduciam
1796 1759 1976 1815 habe-

2099 1758 2235 1861 Ξείαν
2266 1760 2357 1861 καὶ
2407 1760 2702 1861 σωτηρίαν·
2760 1763 3101 1861 ⁸τῖεποίθαῇμεν
3148 1761 3207 1819 δὲ
3260 1769 3342 1838 τῷ
3393 1764 3548 1840 μόνῳ
3606 1771 3751 1840 Θεῷ,

334 1854 490 1934 mus,
523 1884 632 1923 nos
680 1863 929 1937 gloriam
972 1859 1230 1914 divinam
1280 1861 1338 1909 et
1384 1854 1636 1909 salutem
1691 1865 1974 1905 consecu-

335 1964 515 2013 turos.
539 1957 607 2009 In
630 1954 754 2009 solo
775 1957 971 2006 autem
996 1948 1114 2002 Deo
1156 1944 1434 2000 ﬁduciam
1462 1941 1775 2002 habemus,
1799 1952 1977 2008 quem

330 2047 557 2102 scimus
585 2060 707 2098 non
739 2047 1248 2111 transgressurum
1271 2049 1359 2099 ea,
1393 2048 1524 2101 qum
1558 2033 1699 2084 sunt
1728 2025 1977 2098 pulchre

332 2135 508 2191 nobis
523 2131 836 2206 promissa,
857 2144 988 2199 quae
1011 2141 1144 2180 cum
1169 2124 1228 2177 in
1256 2122 1414 2176 hunc
1436 2119 1617 2174 ﬁnem
1635 2121 1830 2171 creata
1858 2114 1980 2168 fue-

334 2225 477 2289 rint,
510 2222 582 2278 ab
614 2222 741 2292 ipso
771 2215 1054 2274 benevole
1085 2211 1256 2269 nobis
1286 2210 1425 2265 data
1456 2213 1615 2263 sunt.
1648 2207 1750 2260 Est
1778 2209 1977 2259 autem

332 2309 764 2374 benevolentia,
796 2306 949 2361 bene
981 2302 1129 2358 velle
1160 2299 1331 2355 alteri
1371 2297 1532 2353 illius
1559 2295 1747 2367 ipsius
1767 2292 1976 2365 gratia.

335 2402 442 2459 Ille
469 2400 630 2457 enim
654 2396 879 2452 nullius
909 2392 1170 2465 indiget:
1202 2389 1261 2443 in
1285 2404 1391 2442 nos
1409 2390 1607 2441 autem
1637 2381 1856 2438 desinit
1875 2380 1978 2435 be-

340 2487 682 2548 neﬁcentia,
716 2490 773 2539 et
802 2500 933 2554 quas
964 2485 1054 2535 est
1083 2495 1117 2534 a
1146 2476 1396 2533 Domino
1445 2472 1800 2544 benignitas,
1844 2484 1982 2523 cum

344 2581 421 2636 sit
439 2579 615 2650 plane
639 2574 835 2630 divina
849 2567 1280 2632 benevolentia,
1304 2579 1556 2635 qumque
1579 2562 1639 2615 in
1654 2560 1766 2614 hoc
1789 2557 1983 2613 solum

345 2645 554 2735 tendit,
584 2670 652 2720 ut
679 2662 831 2718 bene
854 2660 1054 2716 iaciat.
1087 2656 1144 2712 Si
1170 2660 1371 2711 autem
1400 2650 1655 2717 Abrahae,
1681 2649 1777 2719 qui
1807 2645 1986 2702 credi-

342 2757 446 2822 dit,
478 2759 795 2825 reputatum
827 2756 905 2804 est
950 2747 1023 2801 ad
1059 2745 1341 2817 justitiam
1371 2741 1490 2813 (b);
1535 2754 1739 2793 semen
1789 2741 1987 2791 autem

344 2824 593 2901 Abrahiaa
626 2857 831 2897 sumus
848 2854 959 2893 nos
983 2854 996 2901 ;
1016 2851 1121 2906 per
1143 2831 1410 2889 auditum
1432 2843 1671 2900 quoque
1704 2824 1876 2880 nobis
1900 2827 1990 2878 est

346 2930 729 2991 credendum.
763 2924 1046 2981 Israelitaa
1080 2922 1238 2976 enim
1289 2934 1495 2975 sumus
1540 2932 1669 2981 nos,
1717 2913 1818 2985 qui
1869 2927 1988 2966 non

345 3040 453 3096 per
482 3021 671 3092 signa,
700 3015 804 3071 sed
834 3030 940 3087 per
968 3010 1237 3068 auditum
1278 3006 1597 3063 credimus.
1647 3005 1987 3074 Propterea,

346 3090 580 3176 Laetare,
612 3106 831 3171 sterilis,
864 3119 987 3172 qua?
1028 3116 1141 3154 non
1179 3099 1373 3169 paris:
1422 3110 1644 3165 erumpe
1691 3098 1739 3147 ct
1784 3090 1980 3156 clama,

343 3200 564 3272 inquit,
596 3212 717 3268 quae
747 3210 856 3249 non
882 3192 1135 3263 parturis
1154 3206 1175 3252 ;
1206 3188 1465 3259 quoniam
1506 3184 1668 3239 multi
1710 3186 1835 3237 sunt
1879 3179 1986 3249 ﬁlii

343 3268 567 3346 deserta:
623 3286 800 3355 magis
855 3298 1020 3353 quam
1075 3280 1214 3349 ejus,
1271 3294 1392 3347 quos
1441 3275 1603 3329 habet
1659 3274 1839 3328 virum
1889 3268 1983 3341 (ο).

350 3379 557 3436 Vixisti
603 3377 663 3430 in
718 3373 955 3428 circuitu
992 3367 1213 3440 populi,
1264 3364 1533 3420 benedicti
1578 3368 1703 3417 sunt
1749 3357 1859 3428 ﬂlii
1906 3359 1990 3411 tui

344 3470 403 3524 in
446 3460 813 3523 tabernaculis
855 3465 1085 3531 patrum
1129 3463 1369 3511 tuorum.
1423 3452 1478 3507 Si
1519 3456 1719 3506 autem
1767 3446 1988 3503 caedem

348 3556 692 3614 mansiones
716 3569 750 3607 a
780 3546 1090 3622 prophetia
1116 3550 1174 3600 et
1204 3543 1377 3598 nobis
1408 3556 1611 3596 rursus
1644 3543 1703 3593 et
1734 3536 1987 3592 Patriar-

349 3646 477 3703 cbis
509 3640 980 3700 annuntiantur:
1027 3632 1359 3690 ostenditur
1401 3644 1587 3684 unum
1637 3642 1765 3681 esse
1806 3626 1991 3679 Deum

355 3735 665 3805 utriusque
678 3725 1038 3785 testamenti.
1056 3720 1579 3793 Subjungititaque
1593 3713 1989 3771 manifestius:

350 3821 707 3879 Hereditasti
756 3819 1157 3879 testamentum,
1206 3809 1377 3865 Israel
1409 3825 1430 3872 ;
1475 3805 1786 3876 alloquens
1836 3818 1990 3868 eam,

348 3916 597 3986 quaeest
626 3925 697 3963 ex
748 3903 1043 3979 gentibus,
1090 3898 1483 3963 vocationem,
1530 3911 1657 3965 quae
1710 3896 1835 3947 erat
1882 3890 1995 3946 ali-

351 3984 589 4075 quando
637 3995 858 4052 sterilis
916 3991 1097 4063 hujus
1142 3987 1272 4053 viri,
1320 3985 1419 4057 qui
1476 3989 1565 4038 est
1605 3984 1811 4052 Logos,
1863 3996 1994 4050 quas

350 4067 515 4163 prius
546 4089 743 4143 fuerat
766 4083 1000 4138 deserta
1028 4096 1064 4135 a
1101 4092 1338 4150 sponso.
1372 4076 1556 4128 Justus
1584 4078 1767 4125 autem
1796 4086 1864 4123 ex
1891 4067 1997 4136 ﬁde

350 4160 495 4236 bivet
513 4178 610 4249 (ἁ),
635 4193 705 4231 ea
728 4173 978 4238 scilicet,
996 4184 1127 4239 qum
1150 4163 1477 4221 secundum
1498 4163 1920 4215 testamentum
1939 4160 1998 4210 et

350 4248 716 4343 praeceptum
747 4267 837 4318 est
860 4278 873 4328 ;
899 4260 1183 4331 quoniam
1203 4254 1329 4309 haec
1360 4251 1474 4306 duo
1501 4248 1743 4304 nomine
1769 4251 1828 4301 et
1847 4252 1998 4301 tem-

351 4335 517 4431 pore,
548 4335 879 4412 secundum
911 4353 1144 4404 aetatem
1177 4348 1233 4400 et
1262 4340 1591 4415 proiectum
1622 4335 2000 4409 providenter

356 4424 512 4515 data,
544 4462 680 4501 cum
711 4442 1002 4515 potestate
1028 4433 1270 4508 quidem
1300 4445 1488 4485 unum
1522 4428 1658 4491 sint,
1686 4424 1834 4479 illud
1864 4425 1996 4495 qui-

2086 1845 2146 1902 ὅιι
2177 1849 2537 1923 γινώσκομεν,
2597 1849 2680 1905 ὅτι
2738 1850 2804 1906 οὐ
2833 1846 3206 1927 παραϐήσεται
3264 1853 3333 1909 τὰ
3374 1853 3560 1918 καλῶς
3607 1858 3748 1930 ἡμῖν

2084 1935 2505 2012 ἐπηγγελμένα,
2555 1938 2645 1994 καὶ
2706 1937 2796 1995 διὰ
2845 1945 3015 1997 ταῦτα
3076 1940 3604 2021 δεδημιουργημένα
3659 1943 3751 2000 καὶ

2085 2023 2444 2101 δεδωρημὲνα
2472 2028 2560 2082 ὑπ’
2618 2028 2787 2084 αὐτοῦ
2843 2033 2979 2103 ἡμῖν
3039 2033 3327 2094 εὐνοϊκῶς.
3384 2031 3584 2089 Εὕνοια
3637 2036 3754 2107 (26)

2089 2113 2145 2170 δέ
2175 2114 2287 2170 ἐστι
2336 2117 2602 2191 βούλησις
2661 2120 2877 2195 ἀγαθῶν
2935 2120 3103 2196 ἒτὲρῳ
3154 2119 3331 2179 ἕνεκεν
3386 2125 3553 2179 αὐτοῦ
3603 2122 3753 2178 ἐκείο

2085 2224 2202 2259 νου’
2239 2204 2267 2259 ὁ
2301 2205 2397 2278 μὲν
2427 2206 2530 2281 γάρ
2554 2207 2694 2261 ἐστιν
2749 2206 3025 2281 ἀνενδεής·
3080 2210 3158 2273 εἲς
3199 2214 3348 2283 ἡμᾶς
3378 2209 3435 2267 δὶ
3500 2213 3534 2282 ἡ
3598 2211 3754 2287 εὐερ-

2085 2293 2258 2397 γεσία,
2306 2295 2484 2397 καὶιὴ
2517 2295 2666 2397 πῗρά
2714 2300 2811 2351 τοῦ
2864 2298 3063 2372 Κυρίου
3115 2299 3365 2371 εὐμένεια
3411 2298 3749 2376 καταλήγει,

2088 2381 2273 2436 εὔνοια
2350 2381 2465 2437 θεία
2517 2381 2673 2455 οὖσα,
2747 2384 2837 2439 καὶ
2908 2382 3092 2441 εῦνοια
3176 2388 3311 2462 πρὸς
3366 2388 3431 2443 τὸ
3502 2387 3749 2444 εὐποιεῖν

2090 2468 2243 2527 οῦσα.
2331 2469 2392 2525 Εἰ
2479 2468 2536 2527 δὲ
2615 2477 2696 2546 τῷ
2770 2468 3021 2549 Ἀϐραὰμ
3076 2476 3425 2531 πιστεύσαντι
3478 2476 3748 2552 ἐλογίσθη

2090 2559 2166 2621 εἷς
2223 2557 2600 2630 δικαιοσύνην,
2687 2563 2902 2637 σπὲρμα
2968 2560 3025 2618 δὲ
3080 2558 3332 2640 Ἀϐραὰμ
3420 2566 3614 2638 ἡμεῖς,
3677 2562 3751 2620 δι’

2093 2647 2261 2717 ἀκοῆς
2318 2648 2408 2704 καὶ
2463 2649 2599 2721 ἡμῖν
2659 2650 2987 2709 πιστευτέον.
3041 2652 3383 2725 Ἰσραηλῖται
3441 2658 3556 2727 (27)
3645 2653 3755 2730 γὰρ

2091 2737 2280 2810 ἡμεῖς,
2313 2738 2366 2791 οἱ
2426 2740 2502 2810 μὴ
2554 2735 2643 2793 διὰ
2673 2738 2939 2811 σημείων,
2999 2737 3069 2795 δι’
3129 2742 3296 2810 ἀκοῆς
3328 2739 3386 2796 δὲ
3443 2742 3753 2806 εὐπειθεῖς.

2096 2825 2197 2880 Διά
2226 2828 2407 2897 τοῦτο,
2468 2824 2811 2904 Εὐφράνθητι
2869 2828 2982 2902 (28)
3044 2829 3245 2901 στείρα,
3301 2830 3337 2899 ἡ
3397 2828 3460 2884 οὐ
3521 2830 3750 2886 τίκτου-

2098 2937 2182 2972 σα·
2244 2915 2404 2992 ρῆξον
2465 2914 2554 2971 καὶ
2607 2915 2831 2991 βόησον,
2917 2916 3105 2987 φησὶν,
3184 2919 3219 2987 ἡ
3298 2918 3398 2973 οὐκ
3458 2915 3755 2975 ὠδίνουσα·

2097 3004 2179 3059 δτι
2237 3002 2424 3059 πολλᾶ
2479 3003 2545 3058 τὰ
2598 3005 2757 3060 τέκνα
2810 3011 2913 3074 τῆς
2961 3005 3177 3081 ἐρήμου
3264 3003 3479 3079 μᾶλλον
3537 3005 3574 3077 ἤ
3653 3013 3754 3077 τῆς

2100 3092 2339 3169 ἐχούσης
2361 3093 2451 3148 τὸν
2485 3090 2673 3167 ἄνδρα.
2709 3087 2974 3156 Ἐϐίωσας
3033 3094 3112 3156 εἰς
3166 3094 3229 3150 τὸ
3275 3095 3629 3175 περίφραγμα
3656 3099 3752 3151 τοῦ

2101 3181 2260 3252 λαοῦ,
2303 3180 2740 3258 ἐνευλογήθησαν
2798 3182 2865 3237 τὰ
2922 3184 3079 3237 τέκνα
3126 3205 3222 3238 σου
3274 3183 3350 3245 εἷς
3397 3184 3493 3246 τὰς
3552 3182 3751 3253 σκηνὰς

2087 3274 2194 3325 τῶν
2224 3269 2468 3346 πατέρων
2504 3273 2637 3343 (29).
2671 3269 2733 3324 Εἰ
2767 3267 2824 3325 δὲ
2856 3271 2908 3325 αἱ
2940 3270 3094 3325 αὐταὶ
3129 3273 3286 3344 μοναὶ
3348 3272 3453 3327 ὑπὸ
3482 3278 3584 3342 τῆς
3612 3290 3750 3346 προ-

2091 3358 2312 3437 φητείας
2366 3361 2503 3432 ἡμῖν
2560 3378 2619 3412 τε
2668 3355 2733 3413 αὖ
2789 3360 2878 3413 καὶ
2939 3365 3057 3421 τοῖς
3125 3360 3505 3436 Ηατριάρχαις
3557 3380 3753 3435 καταγ-

2092 3445 2416 3523 γὲλλονται,
2471 3448 2548 3509 εἷς
2608 3446 2813 3524 ἀμφοῖν
2870 3452 2991 3510 ταῖς
3042 3444 3331 3520 διαθήκαιν
3394 3446 3666 3504 δείκνυται
3726 3448 3755 3503 ὁ

2094 3536 2246 3596 Θεός.
2302 3534 2579 3613 Ἐπιφέρει
2664 3532 2795 3610 γοῦν
2880 3536 3237 3614 σαφέστερον·
3325 3534 3757 3613 Ἐκληρονόμη-

2095 3646 2188 3688 σας
2243 3626 2352 3698 (30)
2401 3624 2501 3692 τήν
2564 3621 2828 3694 διαθήκην
2888 3629 2989 3679 τοῦ
3045 3624 3294 3698 Ἰσραὴλ,
3347 3629 3416 3701 τῇ
3485 3624 3538 3697 ἐξ
3586 3625 3754 3680 ἐθνῶν

2094 3712 2310 3783 κλήσει,
2346 3711 2544 3787 λέγων,
2596 3715 2664 3787 τῇ
2723 3712 2906 3787 στείρᾳ
2959 3715 3095 3770 ποτὶ
3149 3715 3351 3771 τούτου
3402 3719 3501 3770 τοῦ
3531 3711 3750 3788 ἀνδρὸς,

2096 3804 2154 3864 ὅς
2203 3801 2345 3857 ἐστιν
2378 3803 2406 3856 ὁ
2463 3802 2667 3876 Λόγος,
2725 3806 2793 3877 τῇ
2845 3801 3040 3878 ἐρήμῳ
3101 3805 3364 3881 πρότερον
3425 3807 3523 3859 τοῦ
3612 3823 3756 3876 νυμ-

2097 3892 2245 3968 φίου.
2329 3892 2390 3949 '0
2475 3888 2533 3946 δὲ
2593 3888 2806 3954 δίκαιος
2892 3890 2952 3948 ἐκ
3007 3892 3239 3955 πίστεως
3324 3894 3566 3963 ζήσεται,
3654 3896 3757 3960 τῆς

2095 3979 2232 4035 κατὰ
2286 3981 2388 4048 τὴν
2442 3977 2709 4051 διαθήκην
2768 3981 2859 4036 καὶ
2915 3981 3012 4045 τὰς
3086 3979 3329 4044 ἐντολάς·
3408 3977 3600 4048 ἐπειδὴ
3656 3976 3756 4033 δύο

2097 4069 2252 4124 αὗται
2300 4067 2529 4141 ὀνόματι
2581 4069 2671 4124 καὶ
2736 4071 2955 4145 χρόνῳ,
3014 4070 3133 4135 καθ’
3188 4068 3412 4140 ἡλικίαν
3469 4069 3562 4125 καὶ
3622 4087 3761 4140 προ-

2097 4158 2275 4227 κοπήν
2333 4156 2696 4230 οἷκονομικῶς
2755 4156 3065 4234 δεδομέναι,
3115 4156 3340 4233 δυνάμει
3396 4159 3496 4232 μία
3581 4155 3761 4227 οὖσαι,

2099 4247 2135 4315 ὴ
2200 4246 2292 4318 μὶν
2352 4244 2581 4314 παλαιὰ,
2650 4249 2685 4316 ἡ
2738 4244 2796 4301 δὲ
2851 4248 3037 4318 καινὴ,
3100 4244 3189 4302 διὰ
3256 4249 3384 4302 Υἱοῦ
3457 4247 3588 4322 παρ’
3647 4244 3763 4307 ἑνὸς

2102 4339 2236 4392 Θεοῦ
2266 4339 2657 4411 χορηγοῦνταιι⁸
2701 4335 2738 4410 ᾖ
2795 4336 2887 4391 καὶ
2945 4338 2973 4392 ὁ
3024 4334 3364 4399 Ἀπόστολος
3404 4334 3457 4392 ἰν
3499 4339 3571 4410 τῇ
3624 4334 3761 4408 πρὶς

2100 4424 2407 4497 Ῥωμαίους
2459 4424 2757 4498 Ἐπιστολῇ
2839 4424 3012 4500 λέγει·
3084 4424 3409 4497 Δικαιοσύνη
3468 4425 3575 4501 γὰρ
3632 4424 3763 4478 Θεοῦ

356 4538 492 4594 dem
521 4549 761 4593 novum.
794 4531 905 4585 hoc
939 4542 1074 4582 vero
1117 4527 1303 4588 vetus,
1348 4535 1456 4591 per
1494 4516 1708 4572 Filium
1758 4513 1830 4569 ab
1878 4529 1989 4569 uno

2106 4513 2158 4569 ἐν
2205 4513 2354 4585 αὐτῷ
2412 4512 2854 4569 ἀποκαλύπτεται
2910 4513 2971 4568 ἐκ
3027 4513 3261 4576 πίστεως
3308 4513 3383 4577 εἷς
3428 4513 3614 4569 πίστιν
3664 4511 3761 4578 τὴν

356 4627 475 4682 Deo
503 4621 975 4695 suppeditantur.
999 4617 1123 4680 Qua
1138 4611 1367 4667 ratione
1388 4607 1533 4662 dicit
1553 4604 1732 4660 etiam
1751 4606 2002 4675 Aposto-

355 4714 451 4771 lus
478 4712 539 4767 in
570 4693 831 4782 Epistola
860 4705 935 4762 ad
964 4706 1261 4760 Romanos
1288 4715 1300 4753 :
1348 4698 1575 4752 Iustitia
1620 4695 1766 4749 enim
1814 4693 1912 4747 Dei
1940 4693 1999 4746 in

2112 4599 2259 4674 μίαν,
2291 4601 2389 4668 τήν
2423 4598 2482 4654 ἐκ
2510 4600 2850 4678 προφητείας
2882 4600 2958 4665 εἷς
3010 4600 3347 4676 θίὐαγγέλιον
3396 4598 3765 4673 τετελειωμέ-

2108 4711 2230 4760 νην,
2263 4685 2333 4743 δι’
2364 4686 2482 4752 ἐνὸς
2512 4690 2600 4744 καὶ
2632 4692 2730 4743 τοῦ
2760 4689 2927 4745 αὐτοῦ
2951 4688 3437 4766 Κυρίουδιδάσκων
3468 4707 3763 4764 σωτηριαν.

546 4828 610 4881 P.
643 4826 748 4878 444
795 4823 905 4879 ΕΙ).
940 4818 1232 4878 POTTER,
1293 4814 1531 4868 371-372
1577 4811 1687 4865 ΕΙ).
1740 4808 1965 4864 PARIS.

2099 4825 2102 4861 ι
2151 4809 2176 4863 Ι
2231 4808 2360 4862 Cor.
2387 4823 2428 4876 1,
2458 4810 2491 4862 9
2526 4825 2540 4875 ;
2573 4825 2631 4879 ι,
2666 4808 2750 4862 13.
2788 4807 2864 4880 (b)
2895 4810 3057 4864 Rom.
3096 4826 3170 4879 1v,
3204 4812 3255 4865 3.
3291 4810 3490 4880 (c)Isa.
3529 4826 3635 4875 uv,
3692 4807 3716 4861 1
3751 4817 3766 4869 ',

428 4832 490 4954 Τ
546 4832 610 4881 Ρ.
643 4832 748 4878 444
795 4832 905 4879 El).
940 4832 1232 4878 l’U'l’l'hilt,

361 4903 443 4958 Ga
469 4903 545 4955 at.
570 4913 645 4963 1v,
676 4898 765 4950 27.
796 4893 875 4964 (ἀ)
905 4894 1073 4946 Rom.
1106 4906 1145 4956 1,
1182 4889 1267 4942 17.

432 5024 549 5093 (24)
578 5024 640 5077 Ὁ
691 5015 845 5077 Θεός.
904 5017 1039 5093 Haec
1085 5011 1338 5093 Lowtbio
1390 5006 1647 5093 delenda
1686 5005 2004 5087 videntur:

361 5077 604 5165 sed‘quo
635 5106 814 5165 sensu
845 5085 1189 5158 accipienda
1218 5083 1356 5150 sint,
1388 5081 1452 5135 in
1484 5080 1688 5134 Latina
1742 5077 2009 5133 versione

361 5164 807 5225 declaravimus.

432 5220 547 5304 (‘25)
577 5226 1048 5304 Προοιποδεῖξεως⁸
1107 5226 1222 5304 δίο,
1259 5220 1781 5304 οοῐῄιιιιρῐθηιεμίὶ
1827 5221 2008 5274 inter-

361 5293 690 5386 pressdu'm
724 5293 917 5358 vertit.
940 5295 1258 5353 voluntaria
1281 5293 1640 5386 praegdentis
1671 5293 2009 5386 demonstra:

400 5384 407 5386 .
495 5384 502 5386 Α
749 5377 759 5386 .
873 5371 925 5386 nc
1075 5369 1085 5379 ι
1173 5372 1365 5386 .-.ηΑ-
1474 5363 1610 5386 tut..-
1664 5376 1752 5386 mn
1786 5361 1827 5386 ει
1906 5380 2006 5386 __--

364 5358 530 5439 ῖίὸῖιέὲ
557 5358 811 5435 assensio.
873 5371 929 5424 Si
990 5369 1122 5440 quis
1173 5358 1372 5440 tamen
1430 5362 1613 5440 divise
1641 5361 1849 5440 ~malit,
1905 5358 2010 5432 πρὸ

751 5460 875 5522 non
932 5430 1221 5522 multum”
1246 5430 1605 5522 refralgabor.
1640 5432 1912 5485 SYLBUBG.
1946 5430 2012 5471 '-

364 5504 831 5602 ﬁ'pb'§_£o§‘si£swc
857 5511 1114 5602 lgowt‘hio
1148 5506 1326 5602 etiam

436 5571 829 5666 (26)"L3L'Jia.’
860 5585 1127 5666 Similem
1160 5571 1544 5666 benevolentia:
1599 5571 2013 5666 deﬁnitionem

366 5648 619 5729 tradidit
638 5668 916 5723 Clemens
944 5657 1166 5726 Paedag.
1216 5650 1322 5706 lib.
1368 5666 1405 5720 1,
1440 5664 1567 5720 cap.
1631 5648 1691 5700 11
1727 5650 2010 5704 extremo.

2213 5071 2693 5201 2ἓέ113ῗίαέθητι.
2746 5071 2909 5131 Οοιὶΐ.
2970 5071 3248 5132 Justinus
3295 5078 3372 5133 M.
3434 5076 3603 5148 Apol.
3631 5074 3679 5140 1,
3709 5085 3763 5140 p.

2245 5163 2339 5203 ea.
2364 5163 2547 5201 UXOII.

2190 5221 2313 5300 (2.9.).
2336 5210 2648 5300 ’ῌόίωσας,
2685 5258 2698 5270 .
2734 5259 2746 5272 .
2780 5218 3048 5300 πατερων.
3085 5221 3245 5300 Hanc
3304 5218 3666 5275 sententiam
3710 5210 3766 5264 in

2121 5289 2215 5343 SS.
2252 5289 2713 5361 libris_reperire
2744 5289 3008 5345 nondum
3034 5292 3221 5361 potui.

2193 5363 2303 5424 130)
2335 5348 2847 5450 'ljflnéovopnoac;
2890 5348 3079 5450 Isaias.
3103 5379 3212 5430 LIV,
3246 5364 3275 5416 3
3313 5348 3767 5450 ΞΛΚαξίξὸὲσπξε·

2125 5449 2200 5501 μα
2228 5420 2327 5519 σου
2358 5420 2949 5521 ἕρνηκληρονομῆσει.
2982 5434 3165 5518 Dein...
3323 5437 3387 5521 ιό
3421 5449 3434 5486 :
3462 5432 3525 5487 Ἠ
3580 5420 3768 5506 Sidet)-

2122 5491 2189 5585 ξιη
2223 5508 2323 5585 {is
2355 5491 2581 5585 εἰρήνης
2614 5491 2709 5557 ἓου
2732 5491 2804 5585 ὀῦ
2832 5491 2909 5577 μὴ
2932 5491 3187 5585 μεταστῇ.
3224 5504 3432 5585 verba,
3464 5517 3593 5575 qua
3622 5491 3767 5551 reci-

2122 5575 2268 5630 tavit
2291 5582 2520 5644 auctor,
2552 5577 2813 5649 reperire
2834 5575 3116 5634 nondum
3146 5575 3331 5649 potui.

2212 5003 2302 5074 27)
2335 5000 2699 5089 Ἰσραηλῖται.
2733 5004 2996 5076 Respicit
3022 5004 3144 5060 Gal.
3183 5022 3254 5073 Iv,
3287 5008 3375 5059 27.

2189 5004 2693 5200 €225F6iiﬁw'emt.
2746 5076 2909 5131 Conf.
2970 5077 3238 5132 Justinus
3295 5078 3372 5133 Μ.

2121 5150 2187 5201 10
