4044 6154
340 286 458 342 965
1693 276 2133 335 ΒΤΒΟΜΔἸὋΜ
2181 275 2314 331 LIB.
2357 275 2427 332 ΙΙ.
3661 277 3768 334 966

354 409 572 482 Ταύτην
625 412 758 483 (31),
819 402 920 487 ἔφη
957 454 973 480 ,
1022 403 1391 483 παρατίθεμαί
1448 425 1532 460 σοι
1588 404 1689 475 τὴν
1746 421 2019 478 παραγγε-

2133 403 2243 474 ipso
2272 403 2550 458 revelatur
2567 419 2636 458 ea:
2658 402 2766 473 ﬁde
2796 404 2854 458 in
2883 403 3045 473 ﬁdem
3066 402 3142 476 (α)
3161 419 3364 471 unum,
3387 420 3519 476 quas
3540 419 3609 460 ex
3628 421 3765 478 pro-

354 499 502 571 λίαν,
560 500 751 555 τεκνον
809 497 1065 571 Τιμόθεε,
1125 495 1262 551 κατᾶ
1303 494 1401 557 τὰς
1458 491 1800 571 προαγούσας
1838 491 1927 545 ἐπὶ
1956 490 2015 545 σὶ

2133 492 2323 563 phetia
2350 493 2656 565 perficitur
2688 494 2748 547 in
2780 492 3115 565 Evangelio,
3148 509 3253 564 per
3282 511 3468 550 unum
3501 498 3559 550 et
3596 511 3767 550 eum-

355 587 717 669 προφητείας,
798 584 893 642 ’ίνα
976 584 1273 663 στρατεύσῃ
1346 582 1399 639 ἐν
1478 581 1666 645 αὐταῖς
1734 581 1835 650 τήν
1913 599 2014 634 κα-

2133 581 2255 637 lem
2287 582 2606 637 Dominum
2633 582 2856 639 docens
2889 582 3162 637 salutem.
3197 584 3330 650 Hoc,
3379 583 3591 655 inquit,
3615 601 3769 655 prce-

357 666 490 747 λήν’
535 675 838 748 στρατείαν,
916 669 1063 750 ἔχων
1145 673 1324 729 πίστιν
1400 672 1493 727 καὶ
1560 671 1762 746 ἀγαθὴν
1840 666 2012 723 συνεί·

357 764 537 838 δησιν,
611 766 674 835 ἣν
760 784 903 826 τινες
988 761 1364 835 ἀπωσάμενοι,
1453 759 1577 835 περὶ
1651 760 1750 829 τήν
1833 757 2012 813 πίστιν

353 854 713 930 ἐναυάγησαν⁸
783 853 867 909 ὅτι
942 853 1042 922 τήν
1122 852 1304 915 θεόθεν
1382 849 1620 920 ἥκουσαν
1709 845 2012 917 συνείδησιν

354 944 584 1016 ἀπιστίᾳ
657 942 1003 1016 κατεμίαναν.
1081 939 1290 995 Ούκοῦν
1362 934 1435 994 ἔτ’
1498 936 1726 998 εἰκότως
1778 936 2014 1011 πρόχει-

357 1053 454 1109 ρον
481 1033 582 1102 τὴν
616 1031 794 1088 πίστιν
828 1025 1182 1100 διαϐλητὲον,
1233 1027 1311 1090 ὡς
1368 1023 1594 1083 ε’ύκολόν
1651 1046 1712 1081 τι
1739 1025 1827 1080 καὶ
1879 1021 2016 1078 πάν-

359 1119 562 1195 δημον,
594 1120 853 1196 καὶπρὸς
899 1115 977 1174 ἔτι
1032 1121 1143 1173 τῶν
1199 1117 1507 1192 τυχόντων.
1552 1113 1619 1172 Εἰ
1657 1114 1762 1191 γὰρ
1813 1112 2019 1188 ἀνθρώ-

356 1232 516 1267 πινον
569 1208 638 1280 ἦν
669 1210 732 1265 τὸ
763 1205 1121 1281 ἐπιτήδευμα,
1155 1205 1231 1268 ὡς
1287 1202 1563 1275 Ἕλληνες
1590 1196 1886 1273 ύπέλαϐον,
1917 1199 2014 1256 κ’ὰν

357 1294 592 1370 ἆπέσϐηο
627 1298 674 1354 εἷ
706 1295 764 1353 δὶ
793 1294 959 1369 αὔξει,
993 1295 1093 1351 οὐκ
1121 1291 1263 1350 ἔστιν
1421 1292 1547 1348 ἔνθα
1567 1291 1668 1347 οὐκ
1684 1286 1944 1361 ἕστιν.Φη
1956 1290 2017 1364 μὶ

358 1388 538 1445 τοίνυν
570 1387 672 1456 τήν
694 1386 898 1454 πίστιν,
931 1384 1039 1441 εἴτε
1062 1384 1166 1439 ὑπὸ
1198 1384 1411 1460 ἀγάπης
1441 1380 1756 1456 θεμελιωθῇ
1788 1378 1894 1435 εἴτε
1925 1377 2017 1433 καὶ

357 1477 465 1534 ὑπὸ
509 1471 707 1547 φόϐου,
767 1474 804 1551 ᾖ
851 1495 1008 1553 φασιν
1059 1474 1116 1528 οἱ
1160 1473 1483 1548 κατήγοροι,
1543 1469 1688 1535 θεῖόν
1741 1491 1794 1524 τι
1854 1468 2012 1523 εἶναι’

363 1568 503 1641 μήτε
535 1566 639 1621 ὑπὸ
671 1562 851 1636 ἄλλης
882 1562 1069 1642 φιλίας
1117 1566 1390 1634 κοσμικῆς
1434 1557 1845 1631 διασπωμένην,
1882 1558 2020 1629 μήτε

363 1656 468 1712 ὑπὸ
494 1649 669 1734 φόϐου
720 1654 989 1728 παρόντος
1024 1648 1418 1723 διαλυομένην.
1480 1648 1547 1706 Ἠ
1607 1647 1703 1721 μὲν
1749 1646 1851 1724 γὰρ
1883 1646 2019 1723 ἀγάο

2120 678 2338 741 ceptum
2393 673 2705 727 commendo
2765 673 2886 735 tibi,
2954 671 3039 741 ﬁli
3116 671 3412 739 Timothee,
3469 674 3768 729 secundum

2111 762 2486 831 praecedentes
2513 765 2573 816 in
2614 768 2664 817 te
2686 762 3033 833 prophetias,
3056 767 3119 815 ut
3144 762 3422 831 *milites
3441 764 3499 815 in
3530 762 3642 818 illis
3673 763 3769 817 bo-

2119 866 2249 905 nam
2278 850 2559 915 militiam,
2592 851 2793 907 habens
2821 851 2982 920 ﬁdem
3007 856 3073 933 'et
3123 850 3320 905 bonam
3357 852 3762 919 conscientiam,

2120 954 2288 1009 quam
2333 940 2563 1008 quidam
2610 939 2955 1011 repellentes,
3006 940 3155 993 circa
3197 939 3360 1007 ﬁdem
3405 941 3767 1008 naufragium

2118 1031 2371 1099 fecerunt
2401 1030 2474 1103 (b)
2494 1048 2516 1095 ;
2547 1030 2827 1102 quoniam
2850 1029 3298 1097 conscientiam,
3323 1045 3454 1100 quas
3477 1045 3510 1083 α
3530 1030 3648 1085 Deo
3668 1045 3768 1085 ve-

2121 1118 2211 1174 nit
2230 1119 2960 1191 pollueruntinﬁdelitate.
2990 1120 3118 1174 Non
3141 1123 3232 1173 est
3256 1134 3392 1191 ergo
3420 1117 3679 1189 amplius
3704 1119 3767 1174 fi-

2123 1208 2227 1263 des
2256 1210 2466 1264 merito
2499 1214 2721 1265 temere
2749 1207 3264 1281 reprehendenda,
3291 1212 3357 1262 ut
3404 1213 3463 1262 et
3489 1207 3680 1262 facilis
3711 1211 3769 1262 et

2120 1297 2399 1371 vulgaris,
2459 1303 2517 1355 et
2565 1316 2696 1371 qum
2746 1298 2814 1353 ﬁt
2861 1296 3284 1370 quorumlibet.
3335 1296 3393 1351 Si
3433 1297 3767 1353 humanum

2124 1387 2286 1442 enim
2305 1393 2461 1444 esset
2480 1386 2808 1455 inventum,
2830 1392 2897 1442 ut
2922 1385 3340 1443 existimabant
3361 1386 3566 1453 Graeci,
3590 1386 3770 1441 etiam

2124 1477 2480 1533 exstinctum
2506 1484 2680 1534 esset.
2714 1478 2815 1534 Sin
2842 1481 3041 1533 autem
3071 1482 3340 1547 augetur,
3381 1492 3502 1531 non
3552 1481 3643 1532 est
3670 1474 3771 1530 ubi

2123 1580 2243 1619 non
2275 1569 2382 1620 est.
2418 1565 2556 1620 Dico
2590 1581 2725 1638 ergo
2758 1564 2959 1632 ﬁdem,
2994 1564 3114 1619 sive
3146 1562 3394 1618 fundata
3425 1562 3502 1618 sit
3547 1578 3582 1618 a
3630 1563 3774 1617 cha-

2124 1652 2320 1719 ritate,
2353 1653 2471 1709 sive
2499 1654 2676 1709 etiam
2707 1670 2741 1708 a
2770 1653 3004 1718 timore,
3034 1657 3098 1707 ut
3126 1650 3334 1707 dicunt
3375 1656 3770 1718 accusatores,

359 1766 437 1817 πη
490 1747 561 1818 τῇ
618 1742 758 1818 πρὸς
810 1743 910 1811 τὴν
952 1740 1132 1796 πίστιν
1195 1736 1353 1817 φιλίᾳ
1400 1737 1529 1799 τοὺς
1560 1735 1787 1799 πιστοὺς
1843 1740 2013 1790 ποιεῖ·

2133 1758 2253 1798 esse
2286 1741 2551 1797 divinum
2582 1742 2845 1813 aliquid;
2880 1746 2946 1796 ut
2974 1758 3104 1812 quas
3136 1756 3332 1811 neque
3353 1740 3425 1795 ab
3455 1740 3573 1795 alia
3594 1756 3771 1795 mun-

360 1838 396 1907 ἡ
477 1832 536 1891 δὶ
607 1854 790 1896 πιστις
862 1829 1111 1907 ἕδρασμα
1181 1827 1421 1904 ἀγάπης,
1489 1829 1861 1903 ἀντεπάγουσα
1917 1827 2016 1895 τὴν

358 1923 628 1982 εὐποιίαν·
663 1921 752 1978 ὅτε
799 1922 890 1977 καὶ
945 1925 1044 1977 τοῦ
1101 1920 1279 1992 νόμου
1326 1915 1677 1993 παιδαγωγὸς
1704 1911 1894 1993 φόϐος,
1927 1914 2018 1990 ἀφ’

356 2012 431 2070 ὧν
492 2012 825 2088 πιστεύεται,
881 2011 972 2066 καὶ
1031 2004 1200 2088 φόϐος
1260 2008 1390 2063 εἶναι
1447 2006 1781 2063 πιστεύεται.
1824 2004 1884 2061 Ei
1913 2006 2016 2080 γὰρ

357 2104 412 2160 ἰν
468 2108 552 2175 τῷ
607 2100 845 2176 ἐνεργεῖν
902 2104 982 2171 τῷ
1039 2099 1172 2154 εἶναι
1224 2094 1490 2153 δείκνυται
1553 2097 1687 2169 (33),
1738 2095 1766 2149 ὁ
1800 2091 1857 2148 δὲ
1890 2093 2017 2168 μὲλ-

359 2193 472 2250 λων
520 2192 611 2248 καὶ
660 2189 929 2261 ἀπειλῶν,
987 2187 1115 2262 οὐχὶ
1144 2188 1202 2243 δὲ
1254 2186 1486 2261 ἐνεργῶν
1518 2184 1611 2240 καὶ
1658 2183 1874 2254 παρὼν,
1925 2205 2017 2238 πι-

357 2280 599 2337 στεύεται
633 2299 648 2312 ⁸
726 2277 817 2335 καὶ
892 2278 958 2335 τὸ
1016 2277 1151 2333 εἶναι
1209 2273 1643 2348 πιστευόμενος,
1702 2272 1803 2328 οὐκ
1858 2271 2021 2336 αὐτὸς

357 2377 459 2443 τῆς
521 2370 757 2433 πίστεως
812 2367 1152 2445 γεννητικός,
1211 2365 1241 2421 6'
1289 2386 1351 2442 γε
1405 2365 1544 2440 πρὸς
1604 2364 1775 2433 αὐτῆς
1804 2363 2019 2434 ἀξιόπι-

359 2482 485 2524 στος
543 2463 681 2517 εἴναι
747 2457 1112 2533 δοκιμασθείς.
1172 2455 1299 2513 Θεία
1348 2454 1525 2512 τοίνυν
1585 2453 1888 2524 ήτοσαύτη
1921 2473 2020 2527 με-

359 2545 597 2621 τποϐολή,
653 2548 705 2621 ἐξ
764 2549 1017 2611 ἀπιστίας
1065 2546 1258 2602 πιστόν
1314 2566 1366 2600 τι
1422 2543 1743 2620 γενόμενον,
1801 2542 1892 2597 καὶ
1948 2544 2018 2616 τῇ

359 2636 547 2696 ἑλπίδι
606 2638 698 2693 καὶ
754 2641 836 2709 τῷ
893 2631 1050 2713 φόϐῳ
1102 2637 1406 2689 πιστεῦσαι.
1468 2632 1572 2688 Καὶ
1634 2627 1701 2698 δὴ
1744 2632 1780 2699 ἡ
1824 2630 2017 2702 πρώτη

361 2727 501 2802 πρὸς
558 2723 832 2798 σωτηρίαν
888 2727 1068 2784 νεῦσις
1125 2724 1161 2790 ἡ
1214 2720 1395 2781 πίστις
1452 2721 1592 2791 ἡμῖν
1650 2717 2020 2794 ἀναφαίνεται,

370 2816 488 2887 μεθ’
544 2815 605 2882 ἢν
664 2806 834 2889 φόϐος
890 2830 950 2864 τε
992 2808 1084 2863 καὶ
1133 2807 1293 2868 ἐλπὶς
1338 2806 1429 2861 καὶ
1481 2805 1757 2878 μετάνοια.
1815 2804 1906 2860 σύν
1963 2825 2023 2859 τε

368 2898 657 2976 ἆγκρατείᾳ
737 2897 828 2954 καὶ
908 2897 1163 2970 ὑπομονῇ
1250 2893 1658 2970 προκόπτουσαι
1695 2939 1708 2964 ,
1792 2891 2019 2970 ἄγουσιν

368 2991 516 3062 ἡμᾶς
564 2987 652 3043 ἐπί
695 3007 753 3042 τε
797 2985 1015 3060 ἀγάπην
1072 2984 1159 3041 ἐπί
1192 3004 1250 3040 τε
1295 2987 1516 3059 γνῶσιν.
1577 2982 1820 3046 Εῗκότως
1870 2983 1960 3038 οὗν
1994 2984 2023 3038 6

366 3075 674 3139 ἀπόστολος
714 3069 1021 3150 Βαρνάϐας,
1053 3074 1177 3149 Ἀφ’
1209 3073 1271 3128 οὗ
1303 3074 1435 3147 (34),
1463 3071 1652 3146 φησὶν,
1686 3070 1887 3148 ἔλαβον
1923 3071 2023 3146 μὲ-

369 3186 496 3241 ρους
530 3210 547 3237 ,
621 3161 926 3220 ἐσπούδασα
983 3164 1119 3219 κατὰ
1178 3163 1371 3237 μικρὸν
1436 3162 1563 3235 ύμῖν
1617 3159 1830 3235 πέμψαι
1862 3179 1876 3193 ⁸
1931 3159 2025 3217 ’ίνα

373 3257 508 3331 μετᾶ
581 3261 683 3325 τῆς
751 3253 984 3315 πίστεως
1051 3253 1203 3325 ὑμῶν
1271 3248 1482 3307 τελείαν
1545 3247 1715 3326 ἔχητε
1767 3251 1856 3306 καὶ
1923 3252 2021 3321 τήν

370 3348 619 3419 γνῶσιν.
676 3345 790 3408 Τῆς
865 3342 958 3416 μὶν
1035 3344 1150 3415 (35)
1219 3341 1314 3396 οὗν
1379 3338 1614 3403 πίστεως
1670 3340 1831 3413 ἡμῶν
1891 3340 2026 3396 εἶσιν

371 3434 425 3488 ol
511 3429 894 3506 συλλήπτορες
978 3425 1149 3506 φόϐος
1231 3430 1321 3485 καὶ
1402 3429 1656 3503 ὑπομονή
1696 3448 1709 3461 ·
1817 3429 1887 3484 τά
1970 3426 2028 3484 δὲ

372 3524 777 3595 συμμαχοῦντα
858 3522 996 3593 ἡμῖν
1084 3518 1433 3594 μακροθυμία
1516 3518 1606 3573 καὶ
1692 3516 1979 3594 ἐγκράτεια
2010 3563 2024 3577 .

373 3608 594 3666 Τούτων
660 3606 776 3680 οὖν,
853 3609 1010 3686 φησὶ,
1085 3608 1153 3663 τά
1234 3609 1371 3683 πρὸς
1442 3608 1535 3662 τὸν
1609 3605 1809 3682 Κύριον
1890 3611 2027 3680 (36),

378 3698 649 3773 μενόντων
730 3697 935 3771 ἁγνῶς,
1021 3695 1500 3773 συνευφραίνονται
1581 3695 1767 3761 αὐτοῖς
1845 3698 2025 3776 σοφία,

374 3787 624 3856 σύνεσις,
686 3785 966 3857 ἐπιστήμη
1001 3826 1022 3854 ,
1059 3787 1314 3861 ’γνῶσις.
1374 3785 1683 3860 Στοιχείων
1741 3790 1872 3860 γοῦν
1928 3793 2030 3856 τῆς

369 3876 624 3953 γνώσεως
681 3878 789 3930 τῶν
864 3875 1283 3949 προειρημένων
1356 3873 1561 3949 ἀρετῶν
1597 3918 1612 3945 ,
1670 3872 2027 3951 στοιχειῶδε-

373 3966 562 4040 στὲραν
625 3965 762 4020 εἶναι
836 3958 1150 4036 συμϐέϐηκε
1208 3964 1307 4032 τὴν
1361 3962 1541 4018 πίστιν
1569 4007 1584 4029 ,
1643 3963 1819 4026 οῧτως
1870 3965 2027 4041 ἀναγ-

377 4055 535 4109 καίαν
584 4057 664 4126 τῷ
717 4056 1005 4129 γνωστικῷ
1061 4052 1439 4128 ύπάροχουσαν,
1499 4052 1574 4116 ὡς
1627 4056 1709 4124 τῷ
1753 4054 1890 4109 κατὰ
1934 4055 2025 4110 τὸν

371 4143 592 4216 κόσμον
649 4138 803 4196 τόνδε
836 4141 1040 4217 βιοῦντι
1069 4141 1206 4217 πρὸς
1236 4140 1298 4196 τὸ
1335 4143 1430 4214 ζῇν
1455 4140 1520 4195 τὸ
1557 4140 1831 4199 ἀναπνεῖν.
1864 4143 1953 4208 Ὠς
1981 4129 2028 4199 δ’

2127 1830 2283 1886 dana
2297 1831 2559 1887 amicitia
2575 1831 2961 1898 distrahatur,
2978 1845 3173 1900 neque
3190 1846 3226 1885 a
3251 1829 3463 1884 timore
3481 1832 3772 1900 prmsente

2125 1920 2498 1976 dissolvatur.
2527 1920 2795 1976 Charitas
2826 1920 2986 1975 enim
3014 1935 3120 1991 per
3150 1935 3302 1985 eam,
3346 1935 3477 1990 quas
3504 1916 3594 1973 illi
3636 1933 3772 1973 cum

2126 2010 2241 2066 ﬁde
2266 2011 2600 2079 intercedit,
2632 2010 2955 2066 amicitiam
2985 2009 3124 2064 facit
3168 2007 3396 2063 ﬁdeles’.
3449 2006 3620 2063 Fides
3669 2023 3772 2063 au-

2126 2105 2244 2155 tem
2277 2105 2366 2155 est
2396 2098 2867 2155 stabilimentum
2914 2097 3243 2157 charitatis.
3289 2096 3550 2152 vicissim
3598 2095 3775 2152 indu-

2125 2206 2265 2245 cens
2295 2189 2753 2244 beneficentiam
2780 2205 2794 2254 ;
2831 2186 3314 2259 quandoquidem
3345 2186 3523 2241 etiam
3568 2185 3768 2255 timor,

2124 2278 2224 2350 qui
2255 2277 2403 2351 legis
2434 2277 2786 2350 paedagogus
2809 2281 2917 2340 est,
2950 2293 2984 2331 a
3015 2275 3230 2347 quibus
3261 2274 3558 2338 credatur,
3591 2273 3771 2328 timor

2126 2383 2255 2423 esse
2285 2366 2569 2422 creditur.
2605 2367 2659 2420 Si
2693 2365 2850 2419 enim
2877 2364 2939 2419 iu
2988 2363 3313 2434 operando,
3363 2361 3524 2432 quod
3571 2361 3621 2416 is
3671 2361 3768 2428 sit,

2125 2454 2497 2511 ostenditur:
2529 2454 2627 2508 hic
2656 2458 2854 2508 autem
2873 2468 3007 2506 cum
3029 2451 3261 2505 futurus
3285 2455 3375 2505 est
3398 2455 3455 2505 et
3483 2451 3767 2518 minatur,

2124 2562 2246 2600 non
2298 2550 2499 2600 autem
2544 2559 2799 2615 operans
2847 2547 2907 2596 et
2952 2557 3238 2613 praesens,
3287 2539 3587 2607 creditur;
3639 2538 3775 2595 ideo

2128 2633 2288 2705 quod
2346 2648 2475 2686 esse
2534 2629 2817 2699 creditur,
2875 2646 2995 2684 non
3054 2630 3182 2702 ipse
3242 2629 3420 2684 ﬁdem
3477 2634 3776 2701 procreat,

2128 2721 2229 2792 qui
2261 2737 2390 2776 esse
2432 2719 2547 2775 ﬁde
2595 2718 2809 2793 dignus
2858 2724 2948 2775 est
2993 2718 3066 2774 ab
3111 2718 3239 2790 ipsa
3286 2717 3592 2789 probatus,
3643 2718 3778 2773 Haec

2127 2825 2266 2881 ergo
2325 2814 2490 2864 tanta
2544 2808 2794 2863 mutatio
2839 2825 2874 2864 a
2920 2809 3038 2863 Deo
3086 2806 3374 2880 procedit,
3420 2823 3539 2879 qua
3582 2807 3650 2863 ﬁt
3709 2812 3776 2862 ut

2129 2898 2229 2969 qui
2284 2913 2355 2953 ex
2416 2897 2767 2953 inﬁdelitate
2844 2899 2990 2954 161
3069 2895 3264 2952 fidelis
3319 2896 3511 2953 factus
3573 2896 3774 2964 fuerit,

2130 3003 2295 3058 spem
2318 3003 2555 3058 quoque
2584 2992 2643 3042 et
2673 2987 2969 3051 timorem.
2993 2993 3060 3043 ut
3083 3004 3178 3043 res
3210 2986 3324 3042 fide
3367 2986 3601 3059 dignas,
3650 3002 3778 3042 am-

2054 3124 2097 3187 c
2134 3077 2429 3149 plectatur
2477 3078 2549 3131 At
2576 3076 2770 3147 prima
2799 3076 3038 3148 quidem
3064 3077 3139 3132 ad
3169 3075 3422 3132 salutem
3454 3091 3583 3132 esse
3606 3074 3778 3130 incli-

2135 3166 2298 3221 natio
2331 3164 2502 3221 nobis
2529 3165 2676 3220 ﬁdes
2707 3170 2969 3236 apparet,
3003 3171 3135 3237 post
3164 3182 3344 3236 quam
3371 3166 3546 3220 timor
3571 3170 3631 3220 et
3647 3179 3782 3236 spes

2138 3261 2196 3311 et
2223 3255 2592 3328 pcrnitentia,
2626 3269 2761 3310 cum
2790 3254 3157 3309 continentia
3185 3259 3245 3309 et
3281 3255 3599 3310 tolerantia
3645 3270 3785 3327 pro-

2138 3344 2427 3410 ﬁcientes,
2460 3360 2570 3399 nos
2590 3342 2817 3398 ducunt
2837 3341 2910 3397 ad
2932 3342 3283 3397 charitatem
3304 3347 3362 3397 et
3386 3341 3462 3397 ad
3492 3341 3783 3415 cognitio-

2136 3450 2295 3489 nem.
2332 3432 2534 3488 Merito
2556 3449 2692 3505 ergo
2717 3431 3015 3487 Barnabas
3034 3430 3339 3502 apostolus
3368 3447 3380 3484 :
3405 3433 3489 3485 Ea:
3512 3447 3594 3497 ea,
3616 3447 3783 3500 quam

2137 3526 2345 3593 accepi,
2399 3521 2612 3593 inquit,
2654 3527 2820 3592 parte
2865 3520 3052 3576 studui
3092 3518 3373 3588 paulatim
3422 3519 3496 3573 ad
3540 3533 3632 3572 vos
3660 3519 3791 3573 mit-

2139 3619 2273 3679 tere,
2323 3617 2385 3665 ut
2425 3627 2547 3665 cum
2591 3611 2698 3679 ﬁde
2742 3615 2924 3664 vestra
2966 3611 3272 3679 perfectam
3322 3608 3492 3661 etiam
3540 3606 3789 3662 habeatis

2138 3702 2520 3771 cognitionem.
2546 3699 2701 3753 Fidei
2719 3715 2848 3768 ergo
2872 3703 3075 3753 nostra:
3097 3697 3447 3766 coadjutores
3466 3702 3594 3750 sunt
3624 3698 3789 3750 timor

2138 3798 2190 3846 et
2229 3789 2563 3845 tolerantia:
2611 3804 2731 3859 quae
2779 3793 2961 3842 autem
3005 3786 3159 3842 nobis
3203 3802 3359 3857 opem
3405 3787 3611 3854 ferunt,
3661 3790 3789 3840 sunt

2138 3880 2530 3950 longanimitas
2559 3882 2610 3932 et
2639 3879 2999 3932 continentia.
3033 3875 3135 3932 His
3174 3891 3325 3946 ergo,
3357 3874 3573 3945 inquit,
3606 3876 3665 3929 in
3695 3875 3784 3942 iis,

2137 3986 2267 4042 qua?
2292 3970 2368 4025 ad
2395 3970 2686 4024 Dominum
2727 3970 3033 4039 pertinent,
3076 3974 3219 4023 caste
3261 3965 3622 4032 manentibus,
3676 3981 3789 4021 una

2138 4077 2260 4117 cum
2312 4061 2386 4115 eis
2440 4059 2704 4114 laetantnr
2743 4059 3041 4129 sapientia,
3091 4056 3481 4126 intelligentia,
3533 4054 3787 4120 scientia,

2137 4148 2397 4217 cognitio.
2431 4147 2576 4201 Cum
2601 4144 2801 4216 itaque
2834 4144 2999 4216 prius
3024 4143 3197 4200 dicta:
3227 4144 3472 4198 virtutes
3512 4142 3634 4197 sint
3667 4140 3791 4197 ele-

443 4246 508 4311 ιι(
535 4243 595 4295 Ρ.
631 4243 734 4295 445
766 4241 878 4295 ΕΙ).
912 4241 1206 4305 POTTER,
1237 4242 1480 4295 372-372
1510 4240 1622 4294 ΕΙ).
1655 4241 1886 4298 PARIS.
1965 4244 2021 4316 (a

2133 4261 2317 4309 om.1,
2351 4246 2437 4300 17.
2513 4242 2591 4314 (b)
2625 4243 2646 4298 Ι
2678 4242 2824 4297 Tim.
2858 4259 2895 4310 ι,
2931 4244 3016 4307 18,
3053 4245 3138 4297 19.

441 4338 558 4413 (131)
607 4335 1258 4413 ΤαύτηνᾈΤαύγτην-τήν
1312 4332 1675 4413 παραγγελίαν
1735 4337 2028 4413 παρατίθε-

375 4408 472 4481 μαί
531 4428 620 4484 σοι
666 4409 938 4484 apud_D.
998 4410 1250 4465 Paulum
1285 4454 1299 4467 .
1349 4408 1519 4480 Dein,
1580 4408 1864 4483 πρατεύῄ,
1920 4430 2027 4484 pro

374 4478 671 4555 στρατεύσῃ
681 4478 874 4555 abici.

446 4547 560 4625 (32)
589 4547 657 4625 Et
688 4548 745 4605 δὲ
771 4547 957 4625 αὔξει,
1013 4547 1517 4625 ορκμέσττΑΜαιίηι
1567 4552 1743 4625 hanc“
1781 4558 2028 4625 senten-

2139 4359 2267 4412 ergo
2316 4341 2437 4407 hoc,
2480 4342 2642 4409 quasi
2688 4357 2832 4396 curae
2878 4339 3013 4395 mihi
3038 4341 3231 4408 fuerit,
3264 4343 3325 4394 ut
3343 4339 3624 4412 Avobiscum
3645 4354 3787 4412 par-

2139 4408 2251 4469 tiar
2292 4428 2361 4467 ea:
2408 4408 2505 4475 eo,’
2537 4411 2686 4480 quod
2727 4414 2933 4481 accepi,
2981 4414 3234 4480 futurum
3272 4410 3413 4465 mihi
3442 4408 3787 4481 talibusspi-

2066 4514 2110 4579 Β
2136 4487 2279 4539 ritus
2306 4484 2595 4538 servientes
2626 4482 2686 4546 (f.
2718 4483 2923 4579 spirlitu
2950 4481 3228 4552 servienti)
3277 4481 3475 4579 hoc‘j’n
3518 4480 3781 4547 mercede,

2149 4555 2472 4579 _......A...S....'
2525 4570 2702 4579 ..ρ-...ιι-
2758 4570 2821 4579 ..Α
2861 4556 2907 4579 ἐ..
2962 4555 3179 4579 ...ἔδοι-..ι-
3252 4569 3288 4579 ..
3444 4569 3516 4579 ,νυνι
3549 4559 3781 4579 ..ιιι-διηηῂ

2140 4555 2472 4625 appropiavi
2523 4570 2705 4625 pauca
2754 4552 2907 4608 vobis
2960 4555 3199 4613 mittere.
3252 4558 3315 4607 ut
3357 4552 3519 4623 fidem
3549 4559 3785 4608 vestram

374 4616 638 4693 tiia'muisic
669 4616 925 4679 scribere
943 4616 966 4677 ἰ
999 4622 1064 4693 Εἰ
1110 4619 1168 4676 δὲ
1214 4622 1383 4693 αὑξει,
1430 4622 1519 4677 καὶ
1568 4623 1672 4677 ούκ
1716 4616 1857 4677 ἔστιν
1904 4621 2021 4689 ἔνθα

2139 4616 2566 4681 consummatam
2592 4624 2857 4682 habeatis.
2891 4631 2943 4679 et
2971 4626 3273 4680 scientiam.

375 4692 476 4768 οὐκ
518 4687 680 4750 ἔστιν.
734 4694 891 4765 Φημί
920 4691 1102 4748 τοίνυν
1135 4694 1235 4761 τὴν
1283 4687 1340 4748 it.
1370 4687 1609 4751 'Sensus
1650 4701 1779 4751 est:
1810 4697 1872 4753 Si
1897 4687 2030 4768 ﬁdes

373 4766 606 4820 humani
659 4768 874 4835 ingenii
927 4774 1285 4822 commentum
1313 4770 1507 4836 fuisset
1526 4768 1868 4837 jampridem
1896 4766 2029 4826 esset

373 4839 686 4892 exstincta:
748 4839 835 4909 sin
885 4854 1010 4893 vero
1068 4844 1286 4893 tantum
1342 4842 1546 4909 ceperit
1598 4840 2025 4908 incrementum,

372 4915 437 4963 ut
494 4909 682 4980 nullus
735 4908 811 4963 sit
867 4911 926 4963 in
980 4915 1089 4964 toto
1137 4910 1265 4964 orbe
1291 4908 1459 4968 locus.
1500 4926 1606 4980 quo
1630 4926 1740 4964 non
1760 4914 2025 4980 pervasit,

375 4979 529 5034 haud
556 4980 921 5034 dubitaverim
949 4983 1255 5048 afﬁrmare,
1290 4997 1429 5047 eam,
1462 4997 1556 5036 seu
1585 4984 1644 5035 in
1676 4979 1858 5036 amore
1893 4979 2024 5051 funé

374 5051 509 5124 data
561 5052 651 5117 sit,
707 5066 801 5104 seu
850 5053 1060 5124 potius,
1120 5059 1182 5106 ut
1229 5052 1423 5107 dicunt
1479 5054 1922 5124 calumniatores,
1967 5056 2027 5110 in

373 5122 572 5177 timore
598 5138 712 5176 rem
741 5137 850 5176 esse
879 5122 1144 5177 divinam.

445 5194 557 5267 (33)
590 5190 784 5267 Είῄγαρ
817 5189 868 5246 ἐν
911 5196 991 5267 τῷ
1041 5191 1272 5267 ἐνεργεῖν
1328 5197 1436 5267 ’τῷΔ
1463 5195 1561 5249 εἴν.
1621 5189 1672 5248 δ.
1729 5195 2027 5267 Interpres

372 5262 916 5338 nominativo'casu
940 5262 1326 5338 legitr'b'etvzi
1359 5262 1625 5320 δείκνυται
1655 5268 1712 5321 in
1746 5262 2026 5337 operando

374 5337 523 5406 quod
549 5338 595 5392 is
622 5340 694 5393 sit
725 5337 1051 5391 ostenditur.
1087 5339 1236 5402 Mox,
1259 5338 1418 5393 haud
1450 5339 1571 5394 scio
1600 5354 1677 5394 an
1705 5337 2027 5406 verius,x1i

372 5409 646 5490 του-εἰναι
676 5406 1091 5479 πιστευόμενος,
1150 5426 1470 5481 quanquam
1511 5426 1616 5466 esse
1644 5410 1906 5479 creditur,
1933 5412 2026 5467 in-

377 5480 507 5549 quit
537 5480 791 5535 SYLBURG

452 5550 564 5637 (34)
595 5551 719 5637 ’ᾼφ’
759 5546 841 5637 ob.
903 5550 1036 5605 Haac
1059 5621 1070 5631 '
1093 5552 1281 5633 apud.
1307 5551 1362 5607 S.
1420 5551 1749 5637 Qarpabam
1770 5568 1936 5637 "cap.
1969 5555 2022 5620 1,

380 5619 392 5631 ι
452 5570 564 5621 (σα)
613 5570 718 5680 εἴ
759 5570 841 5632 ου.
903 5570 1362 5633 ηωοχιριιαθδ.
1423 5570 1749 5608 barnanam
1807 5570 1936 5637 cap.
1969 5570 2022 5620 1,

377 5636 440 5676 m
465 5628 647 5678 vetari
720 5628 885 5679 atina
919 5638 1191 5678 versione
1235 5639 1321 5679 διε
1352 5640 1414 5679 se
1444 5623 1704 5680 habent:
1762 5624 2023 5695 Cogitans

2208 4698 2322 4768 (35)
2351 4697 2471 4768 Τῆς
2500 4694 2615 4765 μὲν.
2662 4696 2793 4751 Ηωο
2823 4695 2999 4767 paulo
3028 4700 3162 4766 post
3192 4694 3412 4750 ibidem
3444 4699 3782 4760 occurrunt,

2139 4767 2265 4839 cap.
2300 4770 2371 4839 2;
2404 4767 2562 4822 Fidei
2599 4784 2727 4836 ergo
2773 4774 2979 4824 nostrae
3034 4767 3259 4837 adjutor
3305 4773 3381 4822 est
3426 4768 3592 4821 timor
3615 4772 3666 4839 et
3691 4782 3787 4839 su—

2135 4838 2405 4896 stinentia
2461 4854 2584 4908 qum
2625 4845 2805 4893 autem
2861 4839 3138 4893 nobiscum
3179 4843 3454 4909 pugnant,
3503 4838 3786 4907 patientia

2137 4918 2235 4979 est,
2279 4917 2331 4965 et
2380 4910 2741 4965 continentia.
2784 4912 2914 4965 Haec
2966 4926 3088 4964 cum
3135 4911 3287 4980 apud
3332 4910 3787 4980 Dominumper-

2135 4988 2359 5107 inatnent
2411 4987 2579 5050 casta,
2630 4982 2994 5037 conlatantur
3050 4979 3183 5036 illis
3215 4979 3494 5051 sapientia
3521 4987 3574 5035 et
3616 4979 3783 5035 intel-

2158 5071 2215 5107 ec
2246 5069 2326 5107 us.

2158 5060 2326 5109 ectus.

2208 5126 2320 5194 (36)
2351 5122 2433 5177 Τὰ
2490 5121 2626 5193 πρὸς
2672 5122 2765 5176 τὸν
2827 5119 3251 5194 Κύριονηϐυιῐι
3309 5123 3420 5178 hoc
3468 5120 3783 5178 commatio

2136 5193 2544 5251 subaudienda
2592 5197 2747 5252 κατά.
2778 5194 2870 5250 vel
2922 5193 3136 5249 similis
3166 5194 3524 5266 prwpositio.
3567 5194 3786 5266 Sensus

2136 5273 2243 5334 est,
2299 5267 2449 5338 quod
2494 5268 2568 5321 ad
2617 5268 2915 5338 Dominum
2955 5262 3191 5338 attinet}
3244 5262 3370 5332 seu,
3414 5268 3473 5321 in
3518 5263 3681 5338 rebus
3712 5262 3786 5338 ad

2134 5329 2426 5394 Dominum
2448 5339 2854 5408 pertinentibus
2903 5337 3100 5409 inquit
3139 5329 3409 5392 Sanuno.
3456 5367 3521 5409 -_—
3555 5332 3665 5387 Sed
3718 5329 3785 5385 τά

2134 5410 2385 5467 articulo
2416 5406 2830 5472 otnissoyetus
2853 5406 3132 5464 Barnabas
3160 5408 3452 5478 interpres
3482 5406 3593 5478 hoc
3624 5419 3783 5457 com—

2134 5484 2359 5539 mation
2386 5483 2735 5554 pr0pinquis
2764 5497 2838 5554 ex
2865 5488 3115 5550 utraque
3143 5476 3532 5549 parte—verbis
3557 5488 3784 5554 conne-

2133 5556 2271 5609 ctit:
2323 5548 2451 5624 Haeg
2496 5548 2637 5609 "cum
2684 5552 2840 5624 apud
2895 5548 3190 5624 Dominum
3245 5551 3566 5624 permanent
3590 5548 3780 5601 casta:

2132 5624 2352 5681 Τούτων
2384 5619 2479 5678 οὖν
2503 5623 2640 5698 πρὸς
2668 5617 2965 5696 τδνΚύριον
2998 5617 3267 5693 μενόντων
3300 5617 3496 5690 ἁγνῶς.
