4044 6154
270 332 380 388 969

272 456 397 536 φίαν
505 452 565 509 δὶ
666 455 755 509 καὶ
858 450 1104 508 παιδείαν

273 533 419 620 λέγει
480 546 514 612 ἡ
572 544 785 619 Γραφή.
846 541 980 599 Τίνα
1040 538 1096 595 δὲ
1150 539 1217 594 τά
1274 533 1743 614 φοϐεράὸνὸμος
1791 560 1928 593 κατ-

384 636 403 665 ,ι
741 634 751 651 '
815 653 834 664 ρ
1150 630 1162 647 ⁸
1306 630 1318 646 ¹
1424 649 1442 659 ο
1520 627 1558 653 μ
1627 629 1639 645 ⁹
1660 649 1675 657 -
1752 629 1811 663 ⁸.
1841 650 1852 661 .
1913 628 1928 648 ⁸

278 634 557 711 αγγελλει,
588 633 925 704 θεασωμεθα.
988 629 1052 686 Εἰ
1110 650 1202 703 μεν
1260 650 1328 684 τα
1380 649 1575 701 μεταςυ
1616 649 1809 700 αρετη..
1843 650 1930 682 και

276 724 488 791 κακίας,
551 725 672 778 οἷον
725 721 928 789 πενίαν,
1004 721 1091 775 καὶ
1160 720 1333 784 νὲσον,
1395 717 1485 772 καὶ
1545 714 1782 788 ἀδοξίαν,
1841 717 1930 771 καὶ

275 811 609 887 δυσγένειαν,
654 812 742 866 καὶ
801 811 899 865 ὅσα
942 806 1323 883 παραπλήσια’
1369 811 1536 861 ταῦτα
1590 806 1682 879 μὲν
1730 805 1820 860 καὶ
1878 804 1931 859 οῗ

275 902 412 959 κατά
467 900 632 956 πόλιν
709 899 872 972 νόμοι
949 898 1349 973 προτείνοντες,
1421 895 1782 950 ἐπαινοῦνται·
1843 893 1931 948 καὶ

276 993 393 1050 τοῖς
425 987 485 1042 ἐκ
528 986 837 1063 Περιπάτου
894 985 1022 1059 τρία
1076 984 1204 1058 γένη
1264 986 1373 1037 τῶν
1432 982 1645 1057 ἀγαθών
1679 981 1934 1055 εἰσηγου-

283 1074 487 1151 μένοις,
544 1076 636 1129 καὶ
692 1077 759 1129 τά
814 1073 1022 1128 τούτων
1080 1071 1289 1126 ἐναντία
1365 1068 1750 1146 λογιζομένοις
1806 1069 1934 1124 εἶναι

280 1166 439 1235 κατὰ,
473 1164 737 1241 ἀρμόνιος
787 1160 888 1232 ἣδε
944 1164 978 1231 ἡ
1039 1158 1183 1231 δόξα·
1244 1163 1380 1233 ἡμῖν
1414 1158 1472 1214 δὲ
1503 1161 1530 1214 6
1557 1157 1735 1221 δοθεὶς
1766 1159 1934 1233 νόμος

278 1254 346 1310 τά
401 1258 479 1325 τῷ
538 1251 653 1307 ὄντι
708 1251 844 1306 κατά
895 1249 1217 1327 ἀποφεύγειν
1278 1250 1623 1321 προστάττει,
1662 1246 1935 1323 μοιχείαν,

286 1341 591 1417 ἀσέλγειαν,
666 1338 1077 1415 παιδεραστίαν,
1153 1336 1396 1414 ἄγνοιαν,
1475 1335 1708 1407 ἀδικίαν,
1778 1338 1934 1392 νόσον

284 1436 496 1508 ψυχῆς,
554 1432 811 1509 φάνατον
874 1429 936 1483 οὐ
992 1429 1082 1482 τὸν
1143 1424 1434 1482 διαλύοντα
1473 1429 1659 1501 ψυχήν
1689 1426 1795 1480 ἀπὸ
1828 1425 1937 1479 σώ-

291 1542 482 1596 ματος,
540 1520 687 1577 ἀλλά
736 1520 827 1575 τὸν
887 1516 1179 1573 διαλύοντα
1246 1519 1432 1593 ψυχὴν
1492 1517 1598 1571 ἀπὸ
1657 1516 1935 1587 ἀληθείας·

286 1608 453 1665 δειναὶ
484 1610 584 1685 γαρ
641 1607 733 1663 καὶ
783 1601 1014 1682 φοϐεραὶ
1070 1610 1149 1678 τῷ
1206 1602 1319 1660 ὄντι
1378 1604 1559 1659 κακίαι
1621 1605 1797 1672 αὗται,
1847 1603 1936 1657 καὶ

291 1701 348 1755 αῖ
378 1699 484 1754 ἀπὸ
503 1697 711 1753 τούτων
758 1696 1038 1773 ἐνέργειαι.
1088 1693 1164 1752 Οὐ
1217 1696 1324 1767 μὴν
1375 1697 1487 1767 (44)
1530 1690 1732 1757 ἀδίκως
1759 1690 1941 1746 ἀκτεί-

288 1790 468 1843 νεσθαι
537 1784 725 1841 δίκτυα
807 1788 1133 1858 πτερωτοῖς,
1222 1782 1468 1858 λέγουσιν
1556 1783 1607 1836 οἱ
1688 1780 1938 1856 χρησμοὶ

286 1876 339 1931 οἱ
389 1877 548 1929 θεῖοι·
611 1874 767 1929 αὐτοὶ
823 1874 927 1949 γάρ
1011 1871 1256 1944 αἲμάτων
1334 1869 1679 1945 μετέχοντες,
1736 1871 1939 1938 θησαυ-

286 1964 526 2042 ρίζουσιν
585 1964 799 2025 ἑαυτοῖς
875 1961 1035 2018 κακά.
1114 1961 1238 2024 Πῶς
1311 1959 1403 2015 οὖν
1461 1957 1537 2014 ἔτι
1597 1958 1696 2013 οὐκ
1744 1957 1943 2033 ἀγαθὸς

287 2041 316 2107 6
346 2053 518 2126 νόμος
550 2047 689 2128 πρός
718 2072 883 2106 τινων
934 2050 1229 2125 αἱρέσεται,
1280 2046 1516 2125 λέγεται,
1551 2041 1940 2119 ἐπιϐοωμένων

284 2142 377 2197 τὸν
407 2140 749 2200 Ἀπὸστολον
781 2140 1036 2215 λέγοντα,
1090 2138 1187 2193 Διά
1232 2138 1334 2212 γὰρ
1382 2138 1556 2210 νόμου
1599 2140 1797 2213 γνῶσις
1830 2136 1943 2206 (45)

290 2231 596 2305 ἀμαρτίαςς
662 2230 804 2305 Πρὸς
860 2225 954 2290 οὕς
1009 2245 1205 2303 φαμεν·
1263 2229 1325 2285 Ὀ
1380 2226 1552 2300 νόμος
1608 2226 1711 2281 οὐκ
1748 2222 1943 2294 ἐποίη-

291 2342 402 2389 σεν,
463 2319 589 2376 ἀλλ’
663 2313 856 2391 ἔδειξεν
930 2318 1033 2386 τήν
1111 2316 1399 2391 ἁμαρτίαν.
1473 2314 1779 2390 ΙΙροοτάξας
1835 2313 1939 2388 γὰρ

288 2409 321 2466 ἃ
351 2411 633 2480 ποιητέον,
664 2406 865 2483 ἤλεγξε
894 2408 962 2462 τά
992 2407 1071 2480 μή
1113 2405 1366 2477 ποιητέα.
1400 2407 1631 2480 Ἀγαθοῦ
1663 2403 1721 2460 δὲ
1743 2405 1806 2459 τὸ
1841 2404 1937 2476 μὲν

292 2502 560 2573 σωτήριον
614 2495 910 2568 ἔκδιδάξαι,
976 2497 1037 2551 τὸ
1116 2493 1173 2551 δὲ
1250 2493 1592 2566 δηλητήριον
1656 2490 1936 2564 ἐπιδεῖξαι·

292 2589 383 2645 καὶ
412 2586 493 2661 τῷ
529 2588 624 2661 μὲν
669 2588 913 2661 Χρῆσθαι
963 2579 1392 2658 συμϐουλεῦσαι,
1440 2583 1502 2638 τὸ
1551 2579 1608 2636 δὲ
1647 2582 1944 2658 ἀποφυγεῖν

293 2675 568 2733 κελεῦσαι.
629 2674 833 2732 Αὐτίκα
913 2676 941 2728 6
1017 2670 1379 2738 Ἀπόστολος,
1456 2669 1516 2724 ὅν
1576 2670 1640 2722 οὐ
1700 2671 1948 2733 συνιεῖσι,

296 2771 493 2840 γνῶσιν
554 2764 697 2818 εἶπεν
754 2762 1021 2835 ἁμαρτίας
1103 2758 1196 2814 διὰ
1268 2758 1442 2824 νόμου
1517 2755 1949 2832 πεφανερῶσθαι,

300 2855 432 2927 οῦχί
464 2850 756 2905 ὑπόστασιν
790 2849 1097 2925 εἰληφέναι.
1132 2851 1258 2907 Hii);
1310 2843 1355 2899 δ’
1406 2845 1505 2899 οὒκ
1537 2844 1734 2917 ἀγαθὸς
1765 2844 1794 2897 6
1823 2862 1948 2896 παι-

303 2939 474 2994 δεύων
505 2938 696 3009 νόμος,
747 2937 775 2990 6
831 2934 1181 3011 παιδαγωγὸς
1236 2932 1313 2993 εἷς
1355 2932 1594 3005 Χριστὸν
1631 2929 1833 2999 δοθεὶς,
1864 2928 1953 2984 ἵνα

308 3026 377 3095 δὴ
436 3025 869 3099 ἐπιστρέψωμεν,
926 3019 1016 3077 διὰ
1067 3015 1241 3098 φόϐου
1296 3017 1659 3082 παιδευτικῶς
1695 3029 1950 3082 κατευθυ-

304 3112 553 3187 νόμενοι,
605 3113 742 3188 πρὸς
786 3112 884 3180 τήν
939 3108 1029 3165 διὰ
1066 3108 1302 3186 Χριστοῦ
1347 3105 1626 3162 τελείωσιν
1655 3127 1668 3178 ;
1701 3108 1781 3164 Οὐ
1815 3105 1950 3182 βού-

1619 327 2069 385 STBOMATUM
2104 330 2239 384 LIB.
2283 333 2353 385 Il.

1208 445 1420 511 ἀσεϐεῖς
1495 448 1927 522 ὲξουθενήσουσι,

2067 454 2410 525 Sapientiam
2438 461 2607 510 vocat
2637 454 3034 522 effectionem,
3083 472 3214 525 qua:
3247 462 3337 511 est
3367 456 3543 510 timor
3572 458 3689 511 Do-

3585 331 3693 385 970

2043 542 2211 609 mini,
2247 541 2547 598 deducens
2577 543 2650 598 ad
2683 543 3056 613 sapientiam.
3087 544 3143 597 Si
3166 548 3364 599 autem
3396 546 3490 600 lex
3520 547 3694 601 aﬂ‘ert

2042 630 2336 699 timorem,
2370 631 2731 704 principium
2789 632 3095 703 sapientiae
3154 638 3244 686 est
3299 632 3445 704 legis
3489 634 3694 705 cogni-

2042 718 2145 785 tio,
2178 724 2237 772 et
2267 735 2384 773 non
2418 725 2506 775 est
2529 720 2766 791 sapiens
2788 720 3014 791 absque
3035 720 3184 792 lege.
3212 721 3567 790 Insipientes
3600 738 3689 775 er-

2042 823 2112 878 go
2145 814 2303 873 sunt,
2334 809 2433 878 qui
2468 808 2657 880 legem
2690 814 3005 863 recusant:
3039 810 3132 863 cui
3165 814 3254 863 est
3293 825 3693 878 consequens,

2043 901 2109 950 ut
2140 896 2248 966 ipsi
2282 902 2637 967 reputentur
2665 894 2838 965 ἆθεοι,
2871 914 2975 952 seu
3017 899 3198 967 impii.
3232 897 3560 968 Disciplina
3589 912 3698 950 au-

2044 990 2165 1039 tem
2196 991 2286 1039 est
2310 986 2676 1057 principium
2708 987 3035 1058 sapientiai.
3065 988 3412 1055 Sapientiam
3441 991 3622 1039 autem
3644 994 3695 1040 et

2045 1075 2396 1145 disciplinam
2427 1078 2589 1145 impii
2632 1077 2801 1131 nihili
2825 1077 3090 1147 pendent,
3139 1077 3221 1131 ait
3268 1076 3570 1147 Scriptura
3597 1076 3692 1147 (a).

2046 1164 2363 1220 Videamus
2384 1170 2605 1233 autem,
2629 1182 2905 1237 quaenam
2923 1182 3053 1221 esse
3074 1164 3338 1221 timenda
3359 1165 3452 1220 lex
3469 1181 3697 1219 annrn-

2046 1253 2173 1308 tiet.
2203 1254 2260 1308 Si
2292 1271 2360 1309 ea
2386 1255 2650 1324 quidem,
2683 1272 2813 1325 qum
2845 1260 2985 1310 sunt
3016 1255 3209 1310 media
3238 1255 3396 1308 inter
3420 1254 3695 1308 virtutem

2044 1343 2109 1406 ›Χ‹
2139 1349 2199 1397 et
2226 1344 2455 1411 vitium,
2488 1349 2554 1399 ut
2581 1351 3013 1416 paupertatem.
3047 1351 3105 1400 et
3128 1344 3423 1413 morbum,
3448 1349 3507 1399 et
3532 1343 3690 1415 igno-

2048 1431 2318 1497 miniam,
2354 1438 2412 1486 et
2439 1433 2895 1498 ignobilitatem,
2920 1438 2978 1488 et
3008 1451 3138 1505 qua)
3164 1440 3303 1488 sunt
3321 1433 3415 1487 his
3438 1432 3691 1499 similia;

2050 1520 2175 1574 haec
2196 1520 2436 1590 quidem
2461 1521 2761 1593 pleraeque
2793 1523 3094 1578 civitatum
3115 1524 3275 1595 leges
3297 1526 3698 1594 proponentes

2050 1608 2407 1675 laudantur;
2441 1615 2499 1664 et
2530 1611 2959 1681 Peripateticis,
3000 1612 3099 1681 qui
3135 1612 3248 1665 tria
3277 1611 3569 1665 bonorum
3601 1627 3697 1682 ge-

2050 1713 2196 1752 nera
2226 1697 2653 1766 introducunt;
2689 1705 2745 1753 et
2795 1716 2998 1755 eorum
3051 1700 3349 1754 contraria
3382 1700 3540 1754 mala
3570 1714 3698 1753 esse

2048 1789 2350 1856 reputant,
2385 1802 2455 1841 ea
2511 1788 2835 1842 conformis
2895 1793 2984 1842 est
3033 1788 3256 1859 opinio.
3290 1786 3467 1842 Nobis
3499 1792 3696 1841 autem

2052 1873 2189 1927 data
2218 1873 2313 1927 lex
2344 1891 2433 1941 ea,
2493 1892 2625 1945 qua;
2684 1892 2817 1931 vere
2878 1876 3036 1931 mala
3086 1881 3242 1943 sunt,
3271 1875 3445 1947 jubet
3472 1874 3692 1946 fugere,

2053 1964 2435 2030 adulterium,
2459 1968 2875 2037 petulantiam,
2898 1985 3219 2039 puerorum
3239 1966 3697 2038 amorem,igno-

2054 2053 2331 2121 rantiam,
2374 2056 2753 2127 injustitiam,
2802 2057 3078 2112 morbum
3136 2057 3372 2124 animaa,
3404 2062 3700 2122 mortem;

2054 2159 2173 2196 non
2206 2160 2355 2209 eam,
2390 2162 2522 2215 quas
2550 2146 3007 2202 solvitanimam
3033 2163 3067 2202 a
3094 2162 3377 2217 corpore;
3411 2146 3515 2201 sed
3547 2162 3701 2213 eam,

2054 2247 2186 2301 quas
2216 2232 2479 2288 animam
2511 2234 2781 2290 dissolvit
2826 2252 2861 2289 a
2908 2237 3169 2291 veritate.
3204 2236 3339 2289 Haec
3372 2239 3513 2288 sunt
3543 2233 3703 2287 enim

2052 2335 2185 2374 vere
2216 2321 2415 2392 gravia
2444 2328 2505 2377 et
2532 2323 2799 2378 timenda
2844 2324 3009 2391 vitia,
3045 2328 3103 2376 et
3134 2340 3266 2392 qua}
3304 2340 3374 2377 ex
3405 2322 3489 2375 eis
3520 2322 3702 2392 profi-

2050 2407 2356 2463 ciscuntur
2371 2411 2773 2479 operationes.
2791 2412 3005 2464 Verum
3030 2411 3189 2464 enim
3214 2426 3348 2463 vero
3370 2425 3479 2462 non
3500 2410 3707 2477 injuste

2048 2498 2308 2564 pennatis
2342 2498 2496 2552 tendi
2542 2498 2708 2563 retia,
2760 2498 2968 2552 dicunt
3014 2497 3214 2551 divina
3255 2512 3562 2566 responsa.
3593 2497 3708 2565 Ipsi

2059 2585 2205 2637 enim
2232 2585 2363 2638 dum
2390 2593 2518 2640 sunt
2555 2588 2887 2655 sanguinum
2918 2588 3242 2655 participes,
3287 2585 3437 2639 mala
3481 2585 3588 2639 sibi
3619 2600 3708 2638 re-

2061 2671 2301 2726 condunt
2330 2673 2426 2742 (b).
2463 2674 2767 2737 Quomodo
2801 2690 2937 2746 ergo
2970 2690 3002 2729 a
3040 2673 3350 2729 nonnullis
3380 2673 3710 2728 haeresibus

2061 2758 2157 2813 lex
2188 2759 2381 2815 adhuc
2413 2762 2571 2817 mala
2593 2762 2829 2830 dicitur,
2852 2761 3311 2818 vociferantibus
3335 2762 3531 2817 dicere
3554 2764 3712 2833 Apo-

2063 2846 2317 2901 stolum:
2353 2854 2460 2904 Per
2481 2852 2649 2920 legem
2674 2854 2819 2906 enim
2839 2854 3079 2922 cognitio
3102 2853 3317 2922 peccati
3341 2852 3410 2923 (c)
3430 2855 3458 2906 ?
3488 2850 3711 2916 Quibus

2061 2934 2355 2993 dicimus:
2391 2940 2505 2994 Lex
2532 2945 2835 3011 peccatum
2895 2958 3015 2996 non
3063 2940 3224 3009 fecit,
3271 2940 3375 2995 sed
3427 2939 3709 2995 ostendit.

2060 3025 2207 3079 Cum
2238 3028 2398 3082 enim
2430 3045 2516 3095 ea,
2548 3046 2679 3099 quae
2711 3035 2852 3085 sunt
2877 3031 3166 3098 facienda,
3194 3030 3464 3102 jusserit,
3505 3046 3711 3101 repre-

2062 3112 2272 3170 hendit
2301 3133 2391 3184 ea,
2422 3134 2553 3187 qua)
2579 3134 2701 3172 non
2758 3119 3047 3174 facienda.
3085 3119 3226 3173 Boni
3257 3124 3455 3174 autem
3484 3124 3593 3186 est,
3627 3118 3705 3184 id,

308 3185 481 3277 logia:
541 3185 674 3275 (46),
731 3201 917 3280 φησὶν,
992 3201 1085 3255 τὸν
1161 3199 1388 3253 θάνατον
1442 3200 1537 3251 τοῦ
1596 3195 1950 3270 ἁμαρτωλοῦ,

2069 3204 2225 3275 quod
2256 3185 2514 3261 salutare
2546 3206 2790 3277 quidem
2834 3211 2943 3273 est,
2991 3207 3202 3261 docere
3232 3224 3246 3273 ;
3288 3207 3446 3277 quod
3476 3206 3711 3262 exitiale

309 3293 386 3356 ὡς
440 3294 539 3362 τὴν
631 3290 915 3364 μετάνοιαν
997 3287 1185 3345 αὐτοῦ.
1274 3285 1574 3344 Μετάνοιαν
1652 3282 1710 3339 δὲ
1758 3283 1950 3351 ἐντολὴ

308 3386 479 3450 ποιεῖ,
528 3377 844 3448 κωλυτικὴν
907 3377 1002 3452 μὲν
1054 3382 1161 3432 τῶν
1226 3376 1301 3449 μὴ
1360 3374 1655 3444 ποιητέων,
1685 3369 1953 3448 ἐπαγγελ-

308 3471 465 3539 τικήν
520 3466 578 3524 δὲ
631 3474 739 3524 τῶν
796 3472 909 3542 (47)
967 3468 1311 3542 εὐεργεσιῶν.
1371 3462 1606 3520 Θάνατον
1659 3460 1737 3532 δὲ,
1778 3462 1954 3534 οἶμαι,

308 3560 408 3627 τὴν
464 3555 676 3634 ἄγνοιαν
737 3554 902 3631 λέγει.
963 3554 1060 3611 Καὶ
1115 3555 1143 3608 ὁ
1204 3552 1367 3629 ἐγγὺς
1400 3556 1513 3626 (48)
1546 3551 1766 3624 Κυρίου,
1807 3547 1948 3619 πλή-

315 3668 415 3724 ρης
476 3646 772 3721 μαστίγων
834 3645 862 3697 6
921 3641 1245 3719 συνεγγίζων
1303 3638 1565 3711 δηλονότι
1625 3642 1694 3713 τῇ
1738 3640 1958 3714 γνώσει,

313 3734 599 3805 κινδύνων,
656 3729 865 3812 φόϐων,
943 3733 1132 3801 ἀνιῶν,
1185 3729 1446 3804 θλίψεων,
1506 3726 1599 3785 διά
1647 3729 1740 3785 τὸν
1790 3728 1960 3792 πόθον

314 3834 413 3897 τῆς
487 3823 747 3896 ἀληθείας
823 3820 1110 3877 ἀπολαύει·
1191 3821 1315 3883 Υἱὸς
1376 3820 1477 3895 γὰρ
1534 3816 1963 3892 πεπαιδευμένος

319 3893 483 3981 σοφὸς
550 3908 748 3981 ἀπέϐη·
839 3910 928 3966 καὶ
1004 3907 1240 3978 διεσώθη
1325 3907 1431 3961 ἀπὸ
1512 3907 1789 3979 καύματος
1845 3906 1962 3967 υἱὸς

316 3977 565 4075 νοημων.
627 3977 752 4063 Υἱδς
836 3998 894 4055 δὲ
979 3977 1236 4071 νοήμωνν
1297 3993 1499 4065 δέξεται
1568 3977 1813 4057 ἐντολάς.
1867 3993 1964 4049 Καὶ

320 4087 596 4166 Βαρνάϐας
631 4093 657 4146 6
704 4087 1060 4153 ’Λπόστολος,
1120 4084 1257 4143 Οὐαὶ
1316 4087 1427 4155 (49)
1485 4084 1537 4138 οἱ
1589 4083 1794 4139 συνετοὶ
1841 4084 1969 4158 παρ’

322 4182 533 4242 ἑαυτοῖς
613 4179 704 4233 καὶ
791 4178 1022 4233 ἐνώπιον
1103 4174 1279 4229 αὐτῶν
1352 4171 1738 4244 ἐπιστήμονες,
1798 4193 1968 4248 προσο

320 4270 478 4341 τάξας
581 4272 714 4339 (50),
818 4264 1078 4339 ἐπήγαγε·
1184 4260 1551 4334 Πνευματικοὶ
1667 4259 1967 4336 γενώμεθα,

320 4358 447 4420 ναὸς
498 4355 710 4416 τέλειος
764 4359 843 4424 τῷ
900 4358 1035 4425 Θεῷ·
1114 4350 1193 4428 ἐφ’
1272 4350 1396 4405 ὅσον
1470 4349 1609 4404 ἐστὶν
1672 4347 1755 4427 ἐφ’
1810 4352 1970 4424 ἡμῖν,

2065 3299 2284 3361 autem,
2313 3294 2668 3350 ostendere:
2722 3299 2781 3349 et
2827 3294 2930 3349 illo
2980 3295 3219 3365 quidem
3251 3296 3336 3349 uti
3378 3296 3712 3362 consulere,

2065 3384 2177 3438 hoc
2207 3400 2343 3440 vero
2367 3384 2579 3457 jubere
2606 3384 2825 3456 fugere.
2856 3386 2988 3439 Jam
3019 3384 3358 3455 Apostolus,
3382 3402 3561 3456 quem
3592 3403 3712 3440 non

2066 3472 2430 3545 intelligunt,
2479 3474 2627 3527 dixit
2672 3474 2901 3545 peccati
2952 3473 3352 3545 cognitionem
3384 3492 3493 3545 per
3521 3474 3712 3545 legem

2068 3579 2197 3617 esse
2229 3561 2687 3628 manifestatam,
2721 3578 2841 3616 non
2873 3566 3072 3615 autem
3101 3561 3400 3632 accepisse
3433 3561 3713 3615 substan-

2073 3651 2235 3707 tiam.
2267 3651 2570 3715 Quomodo
2596 3655 2796 3705 autem
2822 3666 2945 3705 non
2967 3655 3054 3705 est
3085 3649 3241 3705 bona
3270 3649 3366 3704 lex
3396 3650 3713 3722 castigans,

2071 3748 2204 3801 quas
2227 3729 2365 3785 data
2385 3735 2475 3785 est
2486 3731 2822 3800 paedagogus
2849 3730 2924 3784 ad
2950 3730 3221 3784 Christum
3242 3730 3342 3801 (ἀ),
3362 3735 3428 3784 ut
3448 3730 3588 3784 dum
3611 3747 3716 3801 per

2074 3818 2304 3874 timoris
2334 3819 2781 3890 castigationem
2804 3818 3133 3889 dirigimur,
3176 3818 3250 3873 ad
3287 3835 3439 3884 eam,
3468 3836 3598 3890 qua:
3631 3825 3721 3874 est

2074 3924 2181 3979 per
2209 3908 2528 3977 Christum,
2587 3908 3013 3980 perfectionem
3071 3912 3486 3963 convertamur
3505 3909 3532 3963 ‘2
3559 3909 3719 3975 Nolo,

2075 3997 2290 4068 inquit,
2316 4003 2539 4052 mortem
2565 3999 2888 4067 peccatoris,
2924 3996 3018 4051 sed
3066 3997 3183 4067 ejus
3207 3996 3594 4066 paenitentiam
3623 3999 3718 4069 (ρ).

2077 4087 2490 4141 Paenitentiam
2509 4092 2707 4141 autem
2726 4085 2909 4140 efﬁcit
2927 4091 3309 4157 praaceptum,
3331 4086 3488 4157 quod
3505 4103 3573 4141 ea
3593 4089 3722 4156 qui-

2078 4175 2214 4230 dem
2243 4176 2536 4247 prohibet,
2571 4192 2703 4246 quaa
2735 4192 2856 4229 non
2897 4180 3035 4230 sunt
3091 4175 3382 4236 facienda.
3414 4176 3726 4233 benefacta

2078 4270 2277 4319 autem
2308 4264 2570 4320 mandat.
2625 4267 2857 4319 Mortem
2914 4269 3135 4328 autem,
3166 4270 3232 4318 ut
3277 4263 3552 4335 arbitror,
3583 4265 3726 4319 dicit

2080 4354 2495 4426 ignorantiam.
2527 4355 2594 4407 Et
2619 4354 2715 4421 qui
2746 4358 2823 4406 est
2863 4369 3040 4422 prope
3087 4351 3400 4419 Dominum,
3432 4360 3508 4408 est
3528 4354 3728 4424 plenus

396 4494 458 4547 P.
491 4492 594 4543 ιιι
626 4490 737 4542 ED.
774 4489 1068 4545 POTTER.
1098 4487 1328 4541 374.375
1360 4486 1478 4559 En,
1504 4485 1733 4539 PARIS.
1762 4488 1841 4555 (α)
1872 4489 1947 4541 Pr

2074 4503 2114 4554 ι,
2149 4490 2202 4541 7.
2230 4485 2306 4559 (b)
2339 4484 2513 4552 lbid.,
2548 4487 2635 4550 17,
2670 4487 2755 4539 18.
2790 4483 2859 4554 (c)
2894 4485 3058 4539 Rom.
3094 4502 3178 4554 ιιι,
3211 4490 3299 4541 20.
3331 4486 3405 4555 (d)
3433 4486 3617 4542 Galat.
3642 4504 3728 4557 ιιι,

322 4565 410 4618 24».
443 4567 514 4628 (e)
543 4560 747 4615 Ezech.
772 4575 974 4627 xxxm,
1010 4561 1066 4612 ll
1102 4579 1116 4625 ;
1146 4574 1303 4625 xvm,
1336 4558 1426 4624 23,
1458 4557 1545 4609 32.

397 4703 511 4773 (44)
541 4699 683 4773 Μγήν.
719 4696 825 4772 Γάρ
857 4699 1131 4773 _Prov_e_rl_).
1179 4699 1329 4767 Mox,
1373 4696 1426 4750 οἱ
1456 4693 1624 4773 φόνου
1658 4694 1948 4772 μετέχοντε

2086 4700 2153 4752 In
2186 4698 2279 4773 iis,
2312 4716 2443 4773 qua":
2475 4705 2825 4773 sequuntur,
2846 4696 2934 4753 διᾶ
2969 4700 3193 4773 μνήμης
3214 4700 3424 4773 recitat
3454 4699 3729 4773 Proverb.

325 4769 433 4848 pro
464 4772 709 4848 αἱμάτων
747 4769 937 4848 μετέχ.
972 4770 1121 4825 Ibid.

424 4848 510 4913 45)
530 4841 767 4915 Γνῷσις.
787 4841 1153 4915 ,ξΕπίγνωσιῆ
1186 4844 1353 4915 Rom.
1386 4856 1475 4894 In.

425 4909 515 4984 46)
567 4913 643 4970 ()6
702 4909 1001 4984 Ὸοῦλομαι.
1063 4912 1162 4966 Διά
1219 4912 1446 4985 μνήμης
1503 4909 1715 4965 recitat
1779 4910 1984 4965 Ezecb.

328 4985 529 5053 xxxm,
565 4990 618 5050 2,
648 4985 740 5040 vel
771 5001 929 5051 xvm,
962 4987 1053 5054 23,
1080 4986 1167 5040 32.

401 5046 869 5133 (47)’Κωλυτικὴν
916 5046 1101 5133 piavit.
1162 5049 1559 5133 ἐπαγγελτικήν
1612 5046 1669 5105 δὲ
1706 5071 1757 5133 τ,
1791 5051 1988 5133 blalim

401 5075 513 5133 (41)
544 5075 869 5123 ΆωΛυτικην
976 5075 1101 5111 εν...
1162 5075 1559 5127 ετιαγγεΛτικτιν
1612 5075 1669 5105 οε
1706 5075 1757 5106 τ.
1792 5075 1987 5107 mauu:

327 5130 610 5198 κωλυτική
640 5135 698 5183 et
721 5075 1118 5200 ἐπαγγελτική,
1179 5132 1264 5200 ut_
1304 5127 1397 5200 has
1453 5140 1626 5179 voces
1683 5124 1757 5178 ad
1788 5118 1987 5188 ἐντολή

329 5204 532 5258 relata)
564 5196 980 5271 intelligantur
1004 5216 1016 5252 :
1040 5197 1215 5271 quod
1247 5196 1846 5271 Latineuexpressum
1878 5199 1986 5271 est.

333 5276 426 5329 Sic
444 5273 716 5345 superius
739 5263 929 5357 legem
949 5263 1181 5333 definit,
1201 5264 1545 5357 λογονδρρθρν
1559 5263 1988 5357 [προστακτικὸν

337 5346 430 5417 μὲν
461 5335 534 5398 ὧν
559 5335 843 5410 ποιητέον,
873 5335 1297 5414 ἀπαγορευτικὸν
1356 5335 1429 5391 δε
1472 5337 1547 5391 ὧν
1598 5335 1660 5392 οὖ
1692 5337 1989 5417 ποιητέονε

337 5410 538 5472 rectam
572 5418 861 5479 rationem,
910 5410 1142 5483 quaeea
1189 5426 1319 5480 qua?
1370 5416 1590 5483 oportet
1641 5410 1770 5479 ﬁdei
1792 5410 1993 5479 jubet:

337 5506 457 5558 qua:
490 5494 669 5543 autem
702 5503 809 5540 non
860 5490 1075 5554 oportet
1121 5485 1264 5551 ﬁeri,
1310 5482 1588 5551 prohibet.
1622 5484 1824 5537 Slrom.
1861 5497 1900 5545 ι,
1934 5498 1987 5550 p.

340 5562 522 5704 30(48)
550 5626 650 5683 Καὶ
683 5627 711 5681 6
741 5628 819 5701 ὲγ.
855 5626 1171 5698 Respicere
1222 5623 1453 5679 videtur
1499 5624 1699 5679 Judith
1744 5640 1865 5692 νιιι,
1902 5624 1990 5675 27.

622 5753 884 5813 Panos.
929 5746 1042 5808 Gn.
1085 5743 1247 5809 VIII.

2090 4788 2145 4848 ξ,
2236 4786 2248 4822 :
2282 4766 2403 4848 ria;
2434 4766 2866 4848 πεπαιδευμένος
2896 4766 3281 4848 σοξρέςνήξσταγιε
3316 4772 3460 4848 Y.5:
3490 4770 3732 4848 Διεσώρη

2094 4838 2200 4919 ἀπὸ
2228 4838 2505 4919 καύματος
2552 4841 2668 4904 υἱὸς
2704 4836 3054 4914 νοήμων.’ν.
3105 4846 3174 4897 8:
3210 4841 3387 4919 Σοφὸς
3419 4837 3618 4916 καρδίᾳ
3648 4836 3737 4893 δέὲ

2094 4910 2234 4981 ξετειι
2266 4907 2512 4981 ἐντολάς.

2168 4984 2277 5055 (49)
2309 4980 2637 5055 ΟὐαίηΗωο
2668 5001 2698 5039 e
2730 4986 2928 5040 Graeco
2978 4986 3033 5039 S.
3090 4984 3371 5041 Barnabas
3417 4990 3579 5040 textu
3630 5002 3738 5039 ex-

2095 5054 2502 5128 ciderunt,sed
2532 5055 2688 5125 apud
2739 5062 2991 5112 veterem
3034 5057 3162 5128 ejus
3210 5057 3596 5128 interpretem
3630 5056 3744 5110 hoc

2097 5125 2273 5198 modo
2305 5131 2558 5198 exstant.
2591 5144 2718 5198 cap.
2753 5129 2821 5183 4ε
2853 5130 2996 5183 Dicit
3030 5125 3173 5183 enim
3220 5125 3552 5197 Scriptura:
3586 5148 3615 5177 ι(
3652 5129 3744 5181 Vae

2098 5197 2233 5263 illis,
2266 5199 2367 5271 qui
2390 5196 2499 5252 sibi
2526 5200 2651 5252 solis
2664 5196 3016 5269 intelligunt,
3046 5206 3098 5254 et
3130 5201 3280 5271 apud
3294 5196 3358 5255 sei
3377 5200 3526 5253 docti
3554 5199 3748 5252 viden—

2101 5274 2209 5322 tur.
2266 5291 2285 5317 ι
2351 5270 2539 5343 Simus
2579 5271 2893 5339 spiritales:
2951 5274 3118 5325 simus
3179 5272 3442 5343 templum
3496 5284 3748 5343 consum-

2100 5347 2310 5394 malum
2342 5341 2448 5395 Deo
2470 5357 2488 5394 :
2519 5342 2579 5394 in
2609 5349 2877 5411 quantum
2907 5350 2982 5397 est
3014 5345 3070 5396 in
3118 5340 3301 5408 nobis,
3321 5341 3645 5396 meditemur
3675 5340 3746 5390 ti-

2100 5427 2301 5466 morem
2334 5413 2446 5479 Dei,
2482 5418 2533 5466 et
2563 5415 2930 5469 custodiamus
2962 5415 3227 5468 mandata
3258 5413 3425 5467 illius.

2171 5484 2285 5552 (50)
2341 5478 2669 5556 Προστάξας.
2730 5486 2900 5540 Forte
2982 5485 3203 5539 rectius
3286 5478 3575 5554 προτάξας,
3630 5494 3751 5531 cum

2096 5558 2506 5625 pi'aaposuisset.
2543 5558 2705 5612 εγω.

3394 5742 3467 5801 31
