4044 6154
1539 261 1949 316 CLEMENTIB
1984 226 2486 321 ALEXANDRINI
3602 271 3707 327 972

297 377 763 469 ﬂagellis(a).Qui
778 380 1101 469 cognitioni
1127 381 1353 438 scilicet
1375 385 1834 457 apprOpinquat,
1849 403 1954 457 pe-

2090 383 2393 459 ιελετῶμεν
2450 385 2542 441 τὸν
2628 383 2796 461 φόϐον
2870 389 2967 444 τοῦ
3056 394 3212 461 Θεοῦ,
3287 391 3376 446 καὶ
3436 390 3712 469 φυλάσσειν

301 466 529 535 riculis,
568 466 904 540 timoribus,
940 472 1255 539 molestiis,
1301 474 1714 529 affectionibus
1746 476 1952 543 utitur,

2090 474 2466 551 ἱγωνιζώμεθα
2543 476 2638 539 τὰς
2726 476 2950 540 ἐντολάς
3034 478 3220 550 αὐτοῦ,
3303 479 3393 535 ’ἱνα
3448 466 3530 538 *ἐν
3600 490 3708 547 τοῖς

302 562 547 629 propter
576 557 942 615 desiderium
992 560 1273 616 veritatis.
1305 561 1479 615 Filius
1521 563 1681 617 enim
1712 565 1957 633 castiga-

2090 563 2435 636 ἶικαιώμασιν
2524 565 2693 620 αὐτοῦ
2772 565 3178 642 εὐφρανθῶμεν.
3280 570 3463 641 “Οθεν,
3544 571 3709 648 Ἀρχή

306 654 390 702 tus
421 650 592 703 evasit
621 650 859 719 sapiens,
921 658 971 704 et
1028 657 1272 705 servatus
1328 657 1403 704 est
1433 652 1500 704 ab
1529 658 1663 705 aestu
1690 653 1838 721 ﬁlius
1872 654 1956 705 in-

2090 650 2259 728 τοφίας
2292 646 2463 729 φόϐος
2494 658 2627 707 Θεοῦ
2659 651 2816 717 θείως
2852 652 3125 710 λέλεκται·

305 738 575 809 telligens.
635 740 809 793 Filius
868 746 1048 794 autem
1100 740 1413 808 intelligens
1460 741 1717 811 suscipiet
1768 749 2053 812 praecepta
2108 743 2181 809 (b)
2241 744 2309 796 Et
2363 743 2662 800 Barnabas
2694 745 3040 816 apostolus:
3102 748 3193 801 Va:
3222 749 3319 816 qui
3359 755 3485 803 sunt
3517 750 3715 804 intelli-

304 835 487 897 gentes
517 828 669 899 apud
695 831 914 900 seipsos,
949 836 999 882 et
1032 846 1213 883 coram
1269 845 1322 883 se
1372 830 1597 884 scientes
1658 830 1750 900 (c),
1804 847 1939 884 cum
1993 830 2255 899 dixisset,
2311 831 2655 903 subjunxit:
2711 836 3033 904 Efﬁciamur
3086 837 3422 905 spirituales,
3468 838 3717 908 templum

305 918 418 971 Deo
442 921 1088 988 perfectum:quatenus
1120 924 1193 973 est
1240 916 1298 972 in
1340 918 1514 986 nobis,
1566 920 1668 972 Dei
1710 920 1957 973 timorem
2005 920 2345 987 meditemur,
2396 928 2446 975 et
2492 922 2610 990 ejus
2648 931 2935 993 praecepta
2979 940 3194 979 servare
3223 926 3632 993 contendamus,
3662 934 3718 980 ut

309 1007 556 1063 laetemur
586 1009 643 1063 in
678 1008 797 1077 ejus
816 1008 1330 1095 justiﬁcaticnibus.
1362 1006 1425 1070 ᾇ
1457 1008 1621 1063 Unde
1650 1007 1945 1078 sapientia
1966 1010 2308 1079 principium
2337 1012 2501 1065 timor
2530 1013 2628 1066 Dei
2652 1012 2727 1074 (ά)
2760 1012 2955 1067 divine
2977 1012 3170 1067 dictus
3200 1020 3307 1067 est.

1809 1125 2038 1179 CAPUT
2090 1127 2229 1179 Vill.

1027 1214 1288 1269 Basilidis
1321 1219 1372 1268 et
1410 1214 1690 1269 Valentini
1717 1215 1919 1269 deliria
1947 1216 2014 1269 de
2045 1218 2239 1271 timore
2276 1224 2339 1271 ut
2376 1235 2560 1273 rerum
2590 1235 2754 1275 causa
2782 1223 3014 1289 refutat.

304 255 410 309 971

386 1316 490 1373 Hic
520 1313 794 1370 Basilidis
827 1318 1149 1369 sectatores
1180 1313 1291 1368 hoc
1322 1312 1545 1368 dictum
1578 1318 1968 1384 exponentes,

313 1406 522 1475 dicunt
555 1425 583 1456 «
614 1404 811 1474 ipsum
869 1402 1224 1474 principem,
1256 1419 1391 1457 cum
1424 1401 1785 1458 exaudiisset
1814 1403 1967 1458 182

312 1495 631 1551 dictionem
660 1492 934 1564 Spiritus,
960 1492 1062 1562 qui
1089 1490 1558 1558 ministrabatur,
1586 1491 1891 1546 auditione
1912 1496 1972 1545 et

311 1582 650 1655 spectaculo
710 1580 895 1636 fuisse
956 1580 1456 1651 obstupefactum,
1489 1596 1626 1636 cum
1671 1580 1723 1634 ei
1756 1585 1971 1651 praeter

314 1690 478 1745 spem
507 1670 930 1728 annuntiatum
971 1675 1129 1725 esset
1174 1669 1583 1740 Evangelium,
1617 1674 1676 1723 et
1705 1669 1834 1740 ejus
1864 1668 1971 1724 ob-

314 1762 813 1834 stupefactionem
840 1760 1203 1832 appellatam
1236 1776 1365 1815 esse
1395 1760 1692 1825 timorem,
1727 1759 1829 1829 qui
1856 1759 1971 1813 fuit

2149 1315 2412 1369 Ἐνταῦθα
2461 1315 2512 1369 oi
2569 1315 2709 1392 ἀμφὶ
2767 1317 2859 1370 τὸν
2922 1314 3270 1387 Βασιλείδην,
3308 1321 3472 1373 τοῦτο
3505 1316 3723 1393 €57,706-

2082 1422 2235 1475 μενοι
2266 1402 2331 1457 τὸ
2366 1402 2551 1479 ῥητὸν,
2611 1428 2640 1456 ‹‹
2689 1404 2850 1460 αὐτόν
2902 1426 3058 1483 φασιν
3114 1410 3357 1481 ’Άχοντα
3414 1411 3548 1480 (51),
3599 1407 3726 1461 ἐπα-

2076 1490 2344 1545 κούσαντα
2399 1493 2498 1560 τὴν
2559 1492 2715 1567 φασιν
2768 1498 2866 1548 τοῦ
2927 1491 3353 1569 διακονουμένου
3394 1495 3722 1568 Πνεόματος,

2078 1576 2417 1653 ἐκπλαγῆναι
2473 1586 2552 1653 τῷ
2600 1602 2659 1636 τε
2712 1582 3016 1655 ἀκούσματι
3073 1584 3164 1638 καὶ
3213 1588 3293 1656 τῷ
3322 1585 3573 1657 θεάματι,
3606 1589 3727 1657 παρ’

2079 1665 2305 1730 ἐλπίδας
2362 1668 2846 1744 εὐηγγελισμένον·
2908 1672 2999 1726 καὶ
3071 1673 3172 1741 τήν
3246 1669 3509 1745 ἔκπληξιν
3566 1671 3726 1726 αὐτοῦ

2078 1752 2246 1834 φόϐον
2305 1755 2601 1829 κληθῆναι,
2661 1760 2844 1836 ἀρχήν
2902 1759 3191 1835 γενόμενον
3243 1762 3434 1840 σοφίας
3464 1759 3726 1838 φυλοκρι-

314 1851 675 1923 principium
699 1848 1008 1919 sapientia)
1024 1863 1244 1919 genera
1260 1847 1731 1918 dijudicantis,et
1746 1846 1967 1902 discer-

2090 1853 2307 1916 m‘cixﬁq
2362 1867 2420 1901 τε
2473 1846 2563 1902 καὶ
2619 1845 2980 1923 διακριτικῆς,
3060 1850 3150 1904 καὶ
3223 1848 3580 1921 τελεωτικῆς,
3637 1849 3727 1903 καὶ

318 1938 632 2007 ηθηῐὶεκθι
662 1935 1054 2009 perﬁcientis,
1101 1940 1159 1990 et
1209 1935 1598 1989 restituentis.
1632 1936 1777 1989 Cum
1809 1934 1971 1988 enim

316 2042 439 2082 non
471 2024 661 2080 solum
693 2023 1006 2091 mundum,
1032 2023 1137 2078 sed
1167 2023 1345 2077 etiam
1375 2022 1731 2079 electionem
1755 2023 1973 2078 discre-

321 2116 521 2183 visset,
558 2114 657 2184 qui
690 2113 968 2169 omnibus
996 2116 1234 2185 prmest,
1268 2112 1501 2167 emittit.
1536 2134 1565 2162 »
1596 2112 1840 2168 Videtur
1867 2128 1973 2168 au-

324 2210 445 2260 tem
480 2203 827 2265 Valentinus
860 2218 1094 2274 quoque
1146 2203 1205 2257 in
1253 2201 1510 2273 quadam
1551 2201 1801 2272 epistola
1833 2201 1974 2256 talia

322 2292 594 2365 quasdam
614 2298 811 2347 mente
824 2290 1423 2363 apprehendisse.His
1440 2291 1602 2346 enim
1620 2290 1810 2345 verbis
1829 2290 1973 2344 scri-

323 2382 412 2437 bit
430 2398 444 2437 :
465 2405 490 2431 ‹‹
517 2382 587 2436 Et
607 2381 689 2437 sic
713 2397 783 2436 ex
800 2379 902 2434 illo
927 2380 1207 2451 figmento
1232 2384 1457 2434 terrore
1475 2380 1721 2434 allectus
1742 2378 1854 2433 fuit
1874 2394 1976 2433 au-

320 2476 447 2526 ctor
466 2469 835 2542 angelorum,
860 2467 1099 2540 quando
1120 2467 1346 2539 majora
1371 2468 1640 2523 elocutus
1661 2472 1772 2534 est,
1795 2483 1975 2537 quam

321 2579 452 2632 qua:
475 2559 860 2616 convenirent
876 2557 1183 2627 etﬁctioni,
1206 2562 1451 2629 propter
1472 2558 1739 2628 eum,qui
1760 2559 1823 2613 in
1845 2558 1973 2629 ipso

318 2649 827 2722 inaspectabiliter
846 2648 1091 2703 dederat
1107 2663 1310 2704 semen
1326 2664 1599 2719 superna)
1615 2648 1979 2715 essentias,et

324 2740 511 2796 libere
532 2737 909 2811 loquebatur.
934 2739 1020 2793 Ita
1036 2737 1213 2792 etiam
1236 2736 1298 2791 in
1321 2737 1764 2793 mundanorum
1783 2736 1975 2793 homi-

317 2846 464 2885 num
488 2826 995 2902 generationibus,
1025 2826 1268 2882 timores
1299 2827 1544 2881 fuerunt
1573 2843 1753 2897 opera
1782 2825 1975 2881 homi-

214 2912 221 2919 ’
320 2935 464 2975 num
488 2918 585 2987 iis,
605 2917 707 2987 qui
730 2932 801 2972 ea
819 2914 1141 2982 faciebant,
1160 2915 1667 2985 quemadmodum
1687 2920 1895 2970 statuas
1920 2920 1979 2970 et

321 3006 611 3080 imagines
636 3021 649 3058 :
702 3011 762 3060 et
805 3004 1076 3059 omnium
1106 3019 1322 3059 manus
1353 3003 1622 3061 efficiunt
1646 3003 1706 3059 in
1733 3005 1975 3060 nomine

323 3096 462 3163 Dei;
495 3096 558 3150 in
586 3094 830 3149 nomine
863 3093 1022 3148 enim
1053 3091 1314 3148 hominis
1342 3092 1630 3149 formatus
1656 3094 1864 3160 Adam,
1900 3093 1975 3147 ti-

323 3200 554 3241 morem
571 3183 828 3256 praebuit
846 3182 999 3254 ejus,
1018 3182 1117 3253 qui
1140 3182 1307 3253 prius
1325 3188 1472 3248 erat,
1498 3183 1855 3250 hominis,ut
1874 3182 1975 3253 qui

2081 1934 2604 2005 ἀποκαταστατικῆς.
2665 1936 2742 1993 Οὐ
2797 1938 2900 2013 γὰρ
2961 1936 3127 2010 μόνον
3183 1938 3276 1993 τὸν
3325 1939 3552 2011 κόσμον,
3587 1935 3729 1992 ἀλλά

2081 2023 2170 2078 καὶ
2200 2024 2299 2092 τὴν
2332 2022 2566 2100 ἐκλογὴν
2595 2023 2897 2100 διακρίνας,
2947 2028 2976 2081 ὁ
3027 2026 3115 2081 ἐπὶ
3164 2033 3296 2082 πᾶσι
3332 2030 3667 2102 προπέμπει.
3700 2048 3726 2077 ιι

2081 2114 2102 2133 Ἰ
2130 2115 2146 2132 Ἰ
2329 2113 2345 2131 κ
2459 2112 2472 2131 \
2578 2112 2590 2131 ,
2768 2120 2792 2131 ν
2939 2110 2963 2133 ’Ῑ
3452 2117 3484 2128 ι·-
3637 2119 3661 2129 av
3714 2112 3725 2131 1

2107 2115 2268 2169 home
2299 2109 2356 2167 δε
2385 2133 2475 2168 και
2520 2114 2882 2177 Ουαλεντινος
2937 2136 2989 2169 εν
3050 2137 3158 2171 τινι
3214 2114 3480 2187 ἐπιστολῃ
3508 2133 3731 2170 τοιαυτα

2079 2222 2203 2257 τινα
2244 2201 2297 2255 ἐν
2345 2200 2422 2274 νῷ
2478 2198 2685 2257 λαϐών·
2744 2204 2930 2266 αὐταῖς
2989 2205 3095 2279 γὰρ
3153 2210 3347 2281 γράφει
3382 2210 3505 2268 ταῖς
3533 2202 3731 2275 λέξεσι.

2083 2312 2113 2341 ‹‹
2141 2290 2244 2347 Καὶ
2276 2290 2353 2353 ὡς
2377 2286 2677 2369 περίφοϐος
2737 2296 2844 2365 (52)
2897 2291 2982 2346 ἐπ’
3030 2290 3234 2347 ἐκείνου
3279 2295 3391 2365 (53)
3426 2296 3525 2347 τοῦ
3555 2291 3733 2348 πλάσ-

2087 2399 2257 2451 ματος
2289 2380 2493 2453 ὑπῆρξε
2537 2385 2653 2438 τοῖς
2711 2380 2985 2456 ἀγγέλοις,
3047 2381 3135 2435 ὃτε
3194 2384 3416 2453 μείζονα
3445 2380 3735 2456 ἐφθέγξατο

2083 2473 2184 2536 τῆς
2235 2467 2509 2536 πλάσεως,
2571 2464 2663 2521 ’διᾶ
2716 2468 2810 2521 τὸν
2895 2469 3141 2544 ἀοράτως
3199 2468 3250 2522 ἐν
3312 2467 3458 2540 αὐτῷ
3518 2468 3737 2542 σπέρμα

2085 2552 2359 2610 δεδωκότα
2404 2563 2505 2624 τῆς
2563 2552 2763 2620 ἄνωθεν
2818 2556 3027 2628 οὐσίας,
3075 2557 3166 2612 καὶ
3196 2556 3736 2634 παρρησιαζόμενον·

2085 2643 2227 2699 οὕτω
2256 2642 2346 2699 καὶ
2395 2643 2448 2699 ἐν
2497 2649 2614 2707 ταῖς
2670 2650 2876 2719 γενεαῖς
2931 2650 3038 2700 τῶν
3098 2649 3378 2719 κοσμικῶν
3407 2645 3738 2721 ἀνθρώπων,

2085 2728 2247 2812 φόϐοι
2292 2733 2361 2789 τὰ
2407 2728 2542 2809 ἔργα
2585 2738 2694 2788 τῶν
2745 2733 3047 2807 ἀνθρώπων
3076 2740 3194 2796 τοῖς
3224 2738 3472 2789 ποιοῦσιν
3507 2733 3738 2809 ἐγένετο,

2086 2824 2200 2878 οἷον
2260 2820 2576 2895 ἀνδριάντες
2630 2823 2718 2878 καὶ
2780 2823 3006 2886 εἰκόνες·
3058 2824 3150 2878 καὶ
3205 2823 3420 2878 πάντων
3472 2824 3528 2878 αἱ
3560 2829 3741 2900 χεῖρες

2086 2909 2340 2966 ἀνύουσιν
2371 2911 2447 2975 εἰς
2483 2907 2659 2986 ὄνομα
2717 2916 2871 2967 Θεοῦ*
2931 2911 3007 2975 εἷς
3063 2912 3162 2987 γὰρ
3220 2908 3396 2985 ὄνομα
3452 2910 3741 2982 ἀνθρώπου

2086 2999 2348 3064 πλασθεὶς
2406 2999 2607 3075 Ἀδὰμ,
2680 2996 2849 3079 φόϐον
2926 3000 3194 3077 παρέσχεν
3251 3001 3359 3077 πρὸ
3419 2998 3578 3064 ὄντος
3635 3000 3742 3073 (54)

2088 3091 2407 3165 ἀνθρώπου,
2464 3091 2538 3152 ὡς
2595 3088 2661 3159 δὴ
2721 3090 2885 3145 αὐτοῦ
2942 3090 2996 3144 ἐν
3052 3089 3201 3162 αὐτῷ
3255 3091 3624 3159 καθεστῶτος,
3654 3088 3741 3143 καί

2088 3178 2527 3254 κατεπλάγησαν,
2575 3180 2665 3234 καὶ
2713 3178 2856 3253 ταχὺ
2906 3178 2969 3232 τὸ
3027 3175 3183 3255 ἔργον
3213 3180 3506 3254 ἠφάνισαν.
3546 3205 3564 3229 1
3600 3182 3739 3238 Μιᾶς

323 3276 451 3347 ipse
484 3254 642 3329 esset
672 3272 733 3326 in
765 3272 893 3343 ipso
925 3271 1305 3338 constitutus,
1341 3276 1400 3325 et
1431 3271 1886 3342 obstupuerunt,
1919 3276 1975 3325 et

2090 3265 2135 3322 δ’
2164 3266 2332 3336 οὔσης
2385 3268 2670 3342 ἀρχῆς,ὡς
2722 3268 3072 3340 δειχθήσεται
3107 3267 3351 3343 ὕστερον,
3382 3268 3742 3345 τερετίσματα

324 3380 472 3436 opus
503 3364 619 3418 cito
651 3361 1052 3419 aboleverunt.
1076 3382 1104 3409 »
1133 3360 1246 3414 Sed
1269 3376 1406 3414 cum
1438 3360 1515 3414 sit
1540 3376 1725 3415 unum
1756 3360 1978 3430 princi-

324 3455 515 3526 pium,
547 3458 614 3508 ut
643 3452 992 3509 ostendetur
1019 3451 1198 3523 paulo
1228 3455 1385 3522 post,
1412 3466 1660 3506 canoras
1690 3449 1979 3520 quasdam

327 3559 516 3616 nugas
529 3547 590 3599 et
603 3543 886 3615 ﬁgmenta
902 3540 1257 3596 videbuntur
1273 3539 1370 3595 isti
1386 3540 1660 3594 homines
1674 3538 1734 3593 ef
1736 3540 1977 3611 tingere.

329 3632 622 3696 Quoniam
637 3637 839 3687 autem
855 3646 887 3685 a
907 3628 1034 3701 lege
1052 3635 1110 3684 et
1125 3627 1434 3700 prophetis
1454 3628 1618 3697 prius
1637 3628 1861 3683 erudiri
1878 3644 1984 3699 per

331 3720 674 3785 Dominum,
702 3718 848 3773 utile
879 3733 1009 3772 esse
1039 3718 1159 3771 Deo
1189 3715 1378 3770 visum
1403 3720 1511 3785 est,
1531 3717 1873 3785 principium
1893 3732 1981 3771 sa-

324 3809 557 3879 pientia:
577 3807 770 3863 dictus
793 3810 882 3861 est
897 3807 1063 3860 timor
1076 3805 1297 3861 Domini
1316 3804 1409 3876 (e),
1424 3804 1527 3875 qui
1549 3820 1585 3860 a
1604 3805 1854 3860 Domino
1876 3821 1983 3876 per

2086 3358 2180 3411 καὶ
2215 3356 2580 3429 μινυρίσματα
2606 3356 3034 3420 ἀναπλάσσοντες
3081 3354 3197 3412 ο⁹ίὸε
3245 3358 3296 3412 οἳ
3345 3356 3539 3435 ἄνδρες
3570 3356 3746 3435 φανή-

2090 3466 2297 3502 σονται.
2330 3443 2551 3514 Ἐπειδή
2589 3442 2645 3499 δὲ
2692 3444 2751 3499 ἐκ
2787 3465 2969 3517 νομου
3024 3447 3114 3501 καὶ
3171 3452 3470 3525 προφητῶν
3503 3466 3743 3522 προπαι-

2091 3532 2333 3589 δεύεσθαι
2361 3532 2451 3589 διᾶ
2479 3535 2709 3611 Κυρίου,
2740 3538 2821 3606 τῷ
2867 3539 2984 3607 Θεῷ
3029 3538 3322 3613 συμφέρειν
3356 3532 3562 3607 ἔδοξεν,
3593 3533 3744 3609 ἀρχή

2094 3622 2289 3699 σοφίας
2341 3619 2510 3700 φόϐος
2597 3622 2813 3697 εἴρηται
2892 3623 3120 3698 Κυρίου,
3187 3624 3335 3700 παρᾶ
3393 3626 3600 3699 Κυρίου
3659 3620 3749 3677 διὰ

2091 3712 2371 3774 Μωϋσέως
2402 3710 2576 3774 δοθεὶς
2618 3717 2734 3774 τοῖς
2782 3713 3063 3777 ἀπειθοῦσι
3111 3714 3203 3768 καὶ
3256 3710 3745 3789 σκληροκαρδίοις.

2096 3800 2206 3863 Οῧς
2238 3800 2341 3877 γὰρ
2372 3799 2482 3876 οὐχ
2507 3802 2650 3876 αἱρεῖ
2704 3797 2893 3877 λόγος,
2950 3801 3250 3866 τιθασσεύει
3286 3800 3516 3863 τούτους
3546 3795 3753 3878 φόϐος.

399 3926 464 3989 ›ι‹
490 3927 595 3980 448
625 3925 735 3977 ED.
776 3923 1070 3989 POTTER,
1101 3922 1342 3973 475-376
1372 3921 1482 3975 ED.
1523 3920 1743 3975 PARIS.
1774 3930 1847 3989 (a)
1875 3920 1975 3975 ,ιιιά

2090 3962 2098 3976 .
2133 3937 2249 3988 vm,
2281 3920 2370 3976 27.
2406 3921 2478 3991 (b)
2509 3922 2676 3976 Prov.
2709 3938 2767 3989 χ,
2796 3923 2848 3989 4,
2879 3922 2933 3991 5,
2964 3923 3016 3977 8.
3046 3922 3109 3984 (ε)
3137 3922 3318 3986 Isa.v,
3344 3922 3431 3973 21.
3455 3919 3536 3981 (d)
3566 3920 3742 3974 Prov.

327 4016 366 4066 ι,
399 4000 453 4051 7.
488 4001 551 4062 (e)
583 3995 737 4051 Psal.
772 4010 862 4061 cx,
898 3996 984 4049 l0.

394 4111 510 4182 (51)
540 4108 846 4182 Ἄρχοντα.
876 4108 1061 4171 Quem
1085 4100 1335 4182 _éipxovra
1359 4103 1983 4182 intellegerinthmre-

328 4176 453 4247 tici,
486 4176 743 4253 explicat
770 4181 1032 4234 Irenaeus
1059 4176 1189 4253 _lib.
1253 4191 1293 4241 l,
1320 4249 1329 4253 _
1356 4192 1486 4246 cap.
1529 4178 1615 4253 23,
1649 4194 1706 4247 p.
1741 4178 1808 4230 98
1841 4177 1980 4253 edit.

326 4257 510 4311 Oxon.
560 4249 667 4309 Eos
713 4257 914 4317 autem,
970 4250 1068 4318 qui
1115 4249 1393 4317 posterius
1434 4249 1714 4302 continent
1762 4250 1980 4317 cazlum,

328 4328 573 4397 angelos,
606 4324 755 4396 quod
784 4324 949 4397 etiam
996 4338 1031 4375 a
1078 4320 1233 4397 nobis
1266 4319 1507 4397 videtur,
1545 4321 1895 4397 constituisse
1919 4338 1984 4376 ea

326 4391 447 4469 qua:
497 4391 632 4452 sunt
670 4398 730 4450 in
778 4393 1001 4458 mundo,
1053 4392 1258 4455 omnia,
1312 4396 1361 4444 et
1396 4397 1591 4469 partes
1637 4391 1741 4469 siln'
1786 4394 1979 4469 fecisse

326 4464 503 4533 terrm,
537 4475 588 4523 et
617 4483 823 4526 earum,
855 4480 976 4535 quae
1001 4480 1164 4532 super
1212 4479 1329 4517 eam
1375 4468 1522 4535 sunt,
1556 4464 1821 4531 gentium.
1852 4465 1976 4518 Esse

2090 4104 2190 4181 γὰρ
2244 4099 2420 4181 ὄνομα
2467 4105 2755 4181 ἀνθρώπου
2798 4102 3070 4181 πλασθείς.
3111 4100 3309 4181 Ἀδάμ,
3360 4098 3541 4181 φόϐονΔ
3578 4103 3748 4181 πᾳρὲε

2093 4172 2236 4253 σχεν-
2253 4172 2519 4250 προόντος
2552 4172 2694 4251 (non
2716 4178 2820 4253 πρὸ
2844 4173 3021 4249 ὄντας)
3047 4172 3457 4253 ἀνθρώπου,’ὡς
3483 4172 3553 4244 δή
3579 4172 3747 4253 aid-iw;

2092 4247 2326 4321 ἐεῖαὐτῷ
2354 4247 2713 4318 καθεστῶτος,
2760 4247 2875 4306 etc.
2930 4247 3158 4320 Quippe
3179 4252 3239 4303 in
3264 4250 3549 4318 honorem,
3585 4255 3645 4304 et
3675 4248 3745 4303 ad

2091 4322 2433 4395 imaginem,
2468 4323 2701 4378 hominis
2728 4322 3027 4394 prototypi
3056 4326 3324 4395 formatus
3344 4322 3556 4388 Adam,
3585 4324 3750 4375 timo-

2092 4411 2205 4447 rem
2223 4393 2345 4449 sive
2391 4393 2747 4449 reverentiam
2798 4395 3215 4463 prwexistentis
3261 4393 3521 4459 hominis,
3556 4399 3747 4461 utpote

2085 4466 2143 4518 in
2171 4466 2290 4534 ipso
2315 4466 2637 4527 habitantis,
2654 4462 2895 4534 praebuit
2920 4463 3169 4534 angelis,
3196 4462 3433 4533 indeque
3456 4464 3750 4533 obstupue-

324 4524 509 4594 autem
556 4524 881 4607 principem
912 4524 1157 4606 ipsorum
1203 4551 1343 4600 eum,
1375 4524 1693 4588 Judecoium
1737 4541 1977 4603 putatur
2007 4524 2051 4587 D
2084 4524 2237 4599 runt,
2262 4543 2313 4590 et
2336 4553 2470 4605 opus
2492 4539 2598 4590 cito
2618 4524 3138 4600 aboleverunt.?)um
3156 4524 3549 4590 ultimadicto
3570 4524 3742 4589 Πίοᾱο

323 4627 433 4665 esse
464 4611 623 4663 Deus.

395 4683 506 4755 (52)
539 4676 638 4755 Καὶ
668 4676 744 4739 ὡς
789 4670 1105 4755 περίφοϐος.
1159 4677 1417 4755 Joannes
1465 4675 1976 4755 Ermﬁrabiusin

319 4745 620 4822 Spicilegiq
658 4745 950 4817 saeculi'n',
1002 4766 1133 4821 pag.
1184 4751 1273 4815 50,
1321 4749 1412 4822 51,
1461 4745 1706 4822 scribit:
1741 4745 1837 4799 Καὶ
1869 4746 1978 4800 ὡσ-

319 4814 471 4900 περεὶ
515 4814 711 4900 φόϐος,
759 4825 877 4900 etc._
916 4814 1677 4900 Iit-quemadmodumjlla.
1719 4826 1978 4900 creatura

316 4888 546 4964 (homo)
573 4900 833 4947 terrorem
858 4888 1086 4964 incussit
1119 4891 1347 4964 angelis,
1370 4889 1482 4964 _qui
1517 4888 1976 4964 ipsi_homi_num

318 4959 659 5020 conditores
674 4967 924 5017 erantex
938 4962 1353 5017 hmreticorum
1368 4959 1620 5019 istorum
1636 4960 1788 5031 hypo
1798 4962 1948 5018 thesi
1960 5005 1973 5028 ,

318 5042 387 5091 ut
411 5052 483 5090 ex
514 5031 904 5106 sequentibus
925 5035 1302 5106 patet.Atq_ue
1336 5038 1485 5106 tunc,
1497 5037 1633 5102 apte
1653 5034 1977 5106 respondet

321 5097 636 5191 apodosis':
670 5100 829 5186 Οὕτω
858 5097 999 5194 701,.
1021 5145 1051 5194 Ι.
1087 5142 1099 5156 .
1135 5097 1296 5189 φόϐοι
1345 5100 1412 5194 τὲ
1456 5097 1592 5190 ἔργα
1619 5105 1728 5156 τῶν
1754 5097 1976 5194 avem;

320 5168 438 5231 πῖον
472 5180 613 5247 τοῖς-
650 5176 899 5247 ποιοῦσιν
949 5168 1181 5247 ἐγένετο,
1230 5174 1346 5247 οἷον
1383 5168 1720 5247 ἀνδριάντες,
1777 5168 1869 5231 καί
1899 5172 1975 5230 εἴ·

320 5248 497 5319 κόνες,
530 5245 621 5302 καὶ
651 5245 844 5313 πάντα,
878 5242 910 5297 ἃ
941 5242 1089 5319 (ιὶΓοΔ
1123 5244 1349 5299 duabus
1380 5245 1621 5319 vocibus
1649 5246 1862 5301 πάντων
1895 5247 1971 5314 αἳ,

321 5316 575 5395 quarum
599 5319 858 5395 priorem
873 5334 944 5395 ex
960 5316 1733 5395 conjecturanposteriogem
1751 5335 1819 5372 ex
1844 5320 1975 5395 Flo-

322 5380 557 5450 πῖθι]ιὶηο
584 5380 909 5460 exemplari
944 5380 1216 5456 emendo)
1246 5380 1588 5460 ἀνύουσινεῖς
1610 5380 1786 5456 ὄνομα
1816 5394 1969 5446 θεοῦ,

322 5471 409 5522 Ita
440 5474 491 5521 et
525 5507 537 5521 .
580 5506 592 5521 .
637 5506 650 5519 .
687 5456 874 5516 timori
898 5461 1127 5527 fuerunt
1160 5473 1328 5524 opera
1354 5456 1635 5510 hominum
1666 5460 1753 5525 iis,
1786 5463 1883 5528 qui
1911 5480 1975 5517 ea

321 5539 639 5606 faciebant;
668 5532 838 5589 veluti
875 5535 1083 5606 statua?
1139 5533 1195 5606 et.
1238 5528 1527 5606 imagines,
1560 5533 1609 5581 et
1632 5529 1825 5606 omnia
1848 5549 1976 5606 quae

322 5598 514 5665 manus
539 5598 833 5678 perﬁciunt
864 5604 922 5657 in
952 5615 1151 5654 nomen
1183 5599 1322 5669 (sive
1370 5598 1676 5671 honorem)
1729 5598 1973 5665 Dei—Eii;

2087 4607 2338 4677 legenda
2365 4612 2540 4678 atque
2598 4607 2988 4678 intelligenda
3037 4622 3189 4673 esse,
3232 4623 3353 4660 non
3385 4608 3587 4662 solum
3621 4607 3742 4676 ipse

2088 4679 2302 4734 horum
2333 4677 2641 4732 verborum
2672 4677 3006 4744 contextus,
3031 4684 3209 4747 atque
3244 4678 3615 4748 hypotheses
3645 4693 3741 4732 an.

2088 4749 2388 4821 tiquorum
2420 4748 2858 4821 hazreticorum,
2894 4747 2998 4803 sed
3022 4754 3106 4821 _et
3152 4747 3342 4821 paulo
3360 4757 3499 4820 post
3532 4767 3590 4821 p-
3625 4749 3737 4821 37_6,

2090 4818 2402 4901 sequentia
2429 4818 2990 4901 Clementis‘con‘t‘ra
3003 4818 3157 4901 “hinc
3174 4818 3552 4901 disputantis
3576 4818 3747 4901 verba

2086 4884 2410 4966 unicuique
2433 4890 2814 4966 prqbabunt:
2874 4889 2939 4966 Ei
3000 4885 3057 4942 δὲ
3088 4889 3117 4966 ό
3145 4884 3316 4961 φόϐὁς
3347 4894 3446 4966 τοῦ
3480 4890 3747 4966 προόντος

2084 4954 2391 5037 ἀνίξρώπόυ.
2429 4954 2759 5037 ἔπιϐοόλους
2809 4964 2907 5014 τοῦ
2954 4954 3227 5037 Δσ‹.,ς›εἰ;εί’,ρόυ
3284 4954 3618 5034 πλάσματος
3654 4979 3751 5037 ate-_-

2084 5028 2287 5101 ποιῇκε
2313 5028 2442 5093 τοὺς
2472 5029 2759 5106 ἀγγέλους,
2796 5039 2906 5089 etc.
2941 5028 3224 5088 Si'autem
3264 5028 3454 5106 metus
3474 5037 3616 5105 ejus,
3650 5032 3746 5106 qui

2082 5105 2246 5175 prius
2269 5104 2579 5173 arsistebat,
2617 5106 2872 5173 hominis,
2911 5106 3135 5174 angelos
3179 5104 3315 5173 fecit
3357 5109 3445 5161 sui
3493 5104 3747 5175 ﬁgmenti

2084 5178 2452 5248 insidiatores,
2485 5182 2551 5230 ut
2582 5177 2809 5232 scilicet
2838 5176 2986 5231 illud
3035 5182 3376 5248 corruptum
3412 5176 3595 5248 irent,
3629 5181 3742 5230 etc.

2084 5250 2281 5330 Ipsum
2302 5246 2703 5330 ‘glementem,
2727 5249 2782 5330 ‘si
2805 5246 3263 5330 placetulege'fr
3299 5249 3435 5330 Hinc
3468 5247 3597 5330 ille.

2157 5319 2268 5390 (53)
2302 5317 2419 5371 Ἐπ’
2450 5313 2917 5391 ἐκείνουζΔρὶῖιιε
2965 5318 3054 5372 ὑπ’
3084 5313 3313 5386 ἐξείνου,
3346 5319 3439 5373 vel
3483 5317 3580 5371 ἀπ’
3606 5313 3743 5369 ἐκεί-

2082 5410 2200 5443 νου.
2236 5392 2509 5446 SYLBunc.

2155 5464 2261 5535 (5i)
2292 5460 2406 5534 Ιῐρὸ
2438 5457 2609 5523 ὄντος.
2649 5463 2859 5535 Aptius
2908 5458 3141 5535 πρὸντος
3174 5460 3519 5532 conjuncte,
3555 5465 3623 5514 ut
3654 5458 3744 5513 bis

2084 5533 2260 5604 paulo
2290 5538 2443 5603 post.
2477 5535 2638 5589 εγω.
