4044 6154
297 345 403 399 973

1635 341 2085 401 STROMATUM
2121 344 2259 399 LIB.
2299 344 2373 396 II.

3603 337 3713 391 974

295 470 365 526 ’Ὀ
419 469 509 523 καὶ
571 465 808 543 προϊδὼν
842 465 1043 531 ἄνωθεν
1078 466 1107 520 ὁ
1153 462 1429 521 παιδεύων
1463 463 1662 540 Λόγος,
1713 463 1951 537 ἒκατέρῳ

2083 468 2307 538 Moysen
2336 465 2509 522 datus
2540 471 2629 521 est
2649 466 2744 531 iis,
2769 465 2869 536 qui
2887 481 3009 520 non
3030 463 3335 531 obediunt,
3363 469 3421 519 et
3443 464 3545 535 qui
3579 467 3720 518 sunt

297 560 407 610 τῶν
482 554 700 629 τρόπων
779 553 1113 629 ἐκκαθαίρων
1152 596 1165 622 ,
1235 552 1451 614 οἰκείως
1510 551 1587 613 εἷς
1646 546 1950 615 θεοσέϐειαν

301 645 544 721 ἥρμοσεν
610 641 863 720 ὄργανον,
922 644 1076 700 Ἔστι
1140 645 1235 715 μὲν
1294 643 1389 696 οὖν
1450 644 1485 711 ἡ
1548 641 1644 714 μὲν
1692 636 2005 710 ἔκπληξις-

302 730 473 812 φόϐος
528 733 587 788 ἐκ
633 732 928 806 φαντασίας
974 733 1298 802 ἀσυνήθους,
1331 732 1365 800 ἧ
1416 729 1501 785 ἐπ’
1547 726 1954 805 ἀπροσδοκήτῳ

302 822 578 901 φαντασίᾳ,
631 822 724 878 ἅτε
751 821 842 877 καὶ
872 820 1149 896 ἀγγελίας·
1200 815 1370 895 φόϐος
1431 817 1509 889 δὲ,
1575 818 1649 881 ὡς
1687 817 1953 893 γεγονότι,

300 912 336 981 ἢ
385 907 530 973 ὅντις
561 912 628 981 ἣν
804 910 1176 983 θαυμασιότης
1207 902 1638 983 ὑπερϐάλλουσι.
1689 907 1768 962 Οὐ
1797 924 1957 958 συνο-

305 1006 439 1077 ρῶσι
497 999 676 1055 τοίνυν
736 997 953 1072 ἐμπαθῆ
1012 1000 1340 1068 ποιήσαντες
1380 994 1451 1051 δι’
1496 994 1830 1065 ἐκπλήξεως,
1859 993 1953 1048 τὸν

307 1090 559 1163 μέγιστον
617 1088 708 1143 καὶ
764 1089 901 1159 πρὸς
960 1087 1136 1141 αὐτῶν
1191 1084 1603 1159 ἀνυμνούμενον
1653 1084 1806 1152 Θεὸν,
1864 1082 1952 1137 καὶ

301 1179 408 1250 πρό
465 1197 529 1253 γε
585 1180 686 1243 τῆς
737 1175 1053 1247 ἐκπλήξεως
1107 1174 1159 1231 ἐν
1194 1173 1388 1250 ἀγνοίᾳ
1441 1174 1758 1248 γενόμενον.
1886 1168 1952 1240 δὴ

302 1264 492 1342 ἄγνοια
522 1268 865 1342 προκατῆρξε
917 1272 1019 1335 τῆς
1072 1262 1413 1334 ἐκπλήξεως,
1467 1261 1514 1317 εἰ
1575 1259 1621 1316 δ’
1669 1263 1704 1331 ἠ
1747 1259 1954 1327 ἔκπλη-

303 1359 382 1430 ξις
407 1357 499 1411 καὶ
530 1357 559 1411 ὁ
590 1350 759 1433 φόϐος
810 1354 960 1430 ἀρχὴ
1018 1352 1210 1432 σοφίας
1267 1348 1438 1431 φόϐος
1466 1356 1564 1407 τοῦ
1613 1355 1747 1407 Θεοῦ
1795 1348 1957 1425 γεγε-

302 1467 484 1517 νηται,
530 1443 828 1500 κινδυνεύει
883 1450 984 1513 τῆς
1037 1464 1097 1510 τε
1139 1442 1331 1520 σοφίας
1384 1444 1666 1497 τοῦνθεοῦ
1716 1439 1808 1495 καὶ
1854 1445 1955 1508 τῆς

300 1533 666 1608 κοσμοποιίας
715 1534 949 1605 ἀπάσης,
1009 1532 1155 1588 ἀ).Λά
1208 1532 1299 1586 καὶ
1337 1537 1437 1601 τῆς
1471 1528 1957 1589 ἀποκαταστάσεως

303 1623 472 1693 αὐτῆς
534 1630 636 1693 τῆς
691 1622 934 1696 ἐκλογῆς
992 1624 1108 1695 (56)
1163 1618 1352 1696 ἄγνοια
1408 1619 1815 1695 προκατάρχειν
1873 1616 1956 1671 αἰο

301 1710 530 1783 τιώδης.
583 1712 817 1787 Ηότερον
861 1711 953 1766 οὗν
982 1713 1092 1765 τῶν
1113 1707 1299 1764 καλῶν
1329 1708 1365 1778 ἢ
1397 1706 1620 1786 φαύλων
1653 1709 1688 1776 ἡ
1722 1705 1913 1782 ἄγνοια
1940 1723 1953 1775 ;
1998 1722 2007 1725 '

305 1802 464 1860 Ἀλλ’
494 1801 544 1856 εἴ
576 1802 673 1875 μὲν
701 1806 808 1857 τῶν
856 1798 1067 1869 καλῶν,
1119 1798 1171 1853 τί
1223 1798 1452 1853 παύεται
1509 1795 1815 1867 ἐκπλήξει;
1865 1797 1955 1850 καὶ

304 1888 565 1966 παρέλκει
619 1892 648 1945 ὁ
697 1888 944 1951 διάκονος
1001 1888 1186 1951 αὐτοῖς
1232 1888 1320 1942 καὶ
1377 1887 1440 1942 τὸ
1491 1888 1747 1961 κήρυγμα
1776 1884 1864 1940 ναὶ
1895 1885 1956 1938 τὸ

312 1978 705 2055 βάπτισμα·λεῖ
737 1976 794 2033 δὲ
846 1982 956 2032 τῶν
1007 1973 1253 2053 φαύλων,
1312 1979 1432 2040 πῶς
1484 1979 1592 2029 τῶν
1646 1973 2005 2030 καλλίστωνθ

308 2068 481 2124 αἴτιον
539 2069 601 2123 τὸ
657 2066 862 2136 κακόν;
914 2066 977 2123 Εἰ
1043 2067 1117 2139 μὴ
1176 2067 1280 2141 γὰρ
1336 2069 1694 2141 προϋπῆρχεν
1744 2064 1957 2139 ἄγνοια,
2002 2060 2005 2064 ’

306 2156 493 2214 οὐκᾶν
524 2158 551 2212 ὁ
583 2155 836 2218 διάκονος
886 2155 1179 2225 κατῆλθεν·
1238 2152 1350 2225 οὐδ’
1412 2152 1471 2209 ἂν
1529 2150 1792 2223 ἔκπληξις
1845 2150 1958 2206 εἷλε

345 2248 357 2264 ι
444 2252 464 2269 τ
555 2267 571 2279 κ
842 2245 857 2267 ι
1001 2244 1015 2263 ν
1096 2244 1110 2263 \
1211 2242 1230 2275 ι
1436 2261 1450 2275 ,
1542 2242 1555 2262 2
1606 2244 1618 2265 ν
1674 2244 1686 2259 ν
1790 2243 1802 2261 ιι
1905 2243 1919 2260 ι

304 2269 396 2303 τον
471 2257 768 2323 Αρλοντα,
826 2266 901 2306 ως
957 2265 1112 2299 αυτοι
1174 2246 1428 2319 λεγουσιν
1502 2239 1597 2297 ουδ
1673 2240 1732 2296 ἀν
1779 2260 1959 2317 αρχην

308 2336 495 2414 σοφίας
551 2336 611 2391 ἐκ
663 2339 761 2390 τοῦ
818 2328 993 2411 φόϐου
1051 2329 1244 2389 ἔλαϐεν
1306 2332 1380 2395 εἰς
1431 2333 1534 2402 τήν
1566 2329 1960 2409 φυλοκρίνησιν

307 2434 407 2496 τῆς
434 2446 493 2481 τε
519 2425 757 2500 ἐκλογῆς
784 2429 894 2479 τῶν
923 2444 982 2479 τε
1008 2427 1312 2495 κοσμικῶν.
1354 2421 1424 2478 Ei
1472 2419 1530 2476 δὲ
1578 2422 1606 2475 ὁ
1635 2416 1804 2498 φόϐος
1862 2423 1960 2474 τοῦ

310 2516 580 2590 προόντος
639 2514 931 2589 ἀνθρώπου
996 2508 1327 2573 ἐπιϐούλους
1384 2532 1445 2566 τε
1510 2508 1767 2585 σφετέρου
1820 2508 1960 2564 πλά-

313 2625 519 2677 σματος
547 2602 819 2673 πεποίηκε
853 2602 982 2666 τοὺς
1012 2600 1304 2677 ἀγγέλους,
1364 2601 1439 2662 ὡς
1499 2596 1852 2672 ἐνιδρυμένου
1882 2601 1963 2668 τῷ

313 2692 767 2769 δημιουργήματι
816 2692 1050 2766 ἀοράτου
1104 2695 1202 2744 τοῦ
1250 2688 1561 2761 σπέρματος
1606 2694 1706 2755 τῆς
1758 2684 1962 2739 ἀνωθεν

314 2783 525 2849 οὐσίας,
584 2783 620 2850 ἢ
682 2778 957 2851 ὑπολήψει
1011 2782 1140 2850 κενῇ
1198 2773 1592 2851 παρεζήλωσαν
1642 2778 1774 2847 (57),
1833 2773 1962 2848 ὅπερ

316 2871 624 2936 ἀπίθανον,
675 2864 947 2939 ἀγγέλους
1008 2863 1374 2938 δημιουργίας
1432 2864 1499 2933 ἧς
1555 2861 1965 2932 ἐπιστεύθησαν,

319 2956 433 3009 οἷον
461 2951 650 3008 τέκνου
678 2953 849 3020 τινὸς,
900 2951 1153 3013 αύθέντας
1199 2952 1463 3026 γενέσθαι,
1523 2949 1739 3025 ἄγνοιαν
1793 2955 1967 3005 πᾶσαν

320 3043 823 3116 κατεγνωσμένους
883 3042 919 3111 ἢ
978 3041 1287 3115 προγνώσει
1349 3039 1673 3115 ἐνεχόμενοι
1745 3040 1967 3109 κεκίνην

318 3150 427 3188 ται⁸
461 3130 591 3187 ἀλλ’
647 3131 749 3186 οὐκ
803 3129 863 3185 ’ἀν
897 3125 1294 3185 ἐπεϐούλευσαν
1352 3126 1422 3184 δι’
1475 3130 1538 3184 οὗ
1588 3129 1985 3206 ἐπεχείρησαν(

317 3221 364 3293 ᾧ
419 3222 792 3295 προέγνωσαν·
855 3216 971 3273 οὐδ’
1028 3217 1088 3272 av
1137 3216 1552 3294 κατεπλάγησαν
1583 3217 1646 3273 τὸ
1690 3217 1850 3293 ἔργον
1872 3218 1966 3272 τὸν

316 3311 495 3366 αὐτῶν
551 3309 611 3365 ἐκ
657 3310 1017 3385 προγνώσεως
1053 3310 1115 3365 τὸ
1148 3311 1345 3365 ἄνωθεν
1378 3310 1594 3384 σπέρμα
1620 3309 1968 3380 νενοηκότες·
2026 3328 2029 3335 ‘

318 3402 352 3470 ἢ
384 3401 447 3455 τὸ
475 3398 786 3455 τελευταῖον
813 3399 1011 3475 γνώσει
1048 3400 1368 3461 πεποιθότες
1398 3397 1735 3472 ἐτόλμησαν,
1792 3399 1821 3453 ὃ
1879 3412 1973 3467 καὶ

321 3488 451 3545 αὐτὸ
500 3486 784 3543 ἀδύνατον·
821 3489 1083 3562 μαθόντες
1137 3488 1200 3542 τὸ
1251 3485 1505 3565 διαφὲροε
1543 3489 1607 3543 τὸ
1656 3488 1710 3543 ἐν
1740 3487 1973 3565 πληρώ-

325 3598 451 3652 ματι
483 3578 751 3653 ἀνθρώπῳ
804 3572 1202 3647 ἐπιϐουλεύειν,
1236 3575 1315 3632 ἔτι
1359 3578 1452 3633 καὶ
1502 3579 1565 3633 τὸ
1604 3579 1723 3633 κατ’
1772 3577 1974 3650 εἰκόνα,

326 3667 377 3723 ἐν
428 3667 474 3739 ᾦ
530 3666 621 3721 καὶ
680 3666 744 3720 τὸ
801 3665 1133 3742 ἀρχέτυπον,
1180 3665 1271 3721 καὶ
1326 3666 1357 3721 ὃ
1411 3666 1501 3721 σὺν
1562 3671 1628 3741 τῇ
1678 3668 1875 3743 γνώσει
1904 3671 1973 3742 τῇ

323 3755 497 3830 λοιπῇ
584 3755 881 3833 ἄφθαρτον,
956 3755 1385 3832 παρειλήφεσαν.
1463 3755 1695 3819 Τούτοις
1766 3779 1825 3812 τε
1883 3755 1974 3812 οὗν

322 3844 510 3909 αὐτοῖς
564 3846 655 3899 καὶ
717 3844 920 3919 ἕτεροις
970 3847 1103 3917 τισῖ,
1157 3843 1397 3918 μάλιστα
1422 3842 1481 3900 δὲ
1507 3847 1760 3909 τοῖς·ἀπὸ
1819 3850 1977 3918 Μαρ-
2034 3846 2037 3847 ν

330 3933 549 3996 κίωνος.
607 3928 771 4004 ἐκϐοᾷ
826 3938 936 4007 (58)
996 3933 1096 3988 οὐκ
1144 3930 1420 3987 ἐπαΐουσιν
1469 3937 1745 4009 ἠΓραφή·
1805 3937 1866 3993 Ὁ
1922 3933 1993 3990 ’δὲ’

332 4020 468 4092 ἐμοῦ
537 4021 751 4076 ἀκούων
809 4021 1169 4078 ἀναπαύσεται
1229 4022 1315 4076 ἐπ’
1369 4022 1595 4097 εἰρήνης
1651 4024 1928 4089 πεποιθὼς
1963 4065 1977 4091 ,

336 4111 425 4164 καὶ
512 4112 782 4187 ἡσυχάσει
870 4107 1089 4189 ἀφόϐως
1174 4110 1301 4165 ἀπὸ·
1361 4112 1562 4176 παντὸς
1640 4117 1834 4171 κακοῦ.
1921 4113 1982 4169 Τί

331 4197 513 4253 τοίνυν
568 4199 659 4253 τὸν
713 4199 883 4272 νόμον
936 4199 1229 4275 βούλονται
1257 4221 1271 4269 ;
1323 4200 1498 4256 Κακὸν
1530 4201 1624 4272 μὲν
1657 4199 1748 4255 οὗν
1781 4200 1843 4256 ού
1874 4204 1980 4280 φή⁴

336 4307 511 4355 σουσι,
570 4284 775 4341 δίκαιον
837 4286 895 4342 δὲ
951 4286 1364 4352 διαστέλλοντες
1416 4288 1478 4344 τὸ
1538 4290 1733 4362 ἀγαθὸν
1772 4288 1985 4345 1058'.-

334 4376 514 4430 καίου.
547 4375 604 4427 Ὃ
663 4372 720 4429 ’δὲ
772 4376 995 4450 Κύριος,
1051 4371 1335 4455 φοϐεῖσθαι
1391 4377 1455 4432 τὸ
1493 4378 1661 4433 κακὸν
1716 4380 1983 4451 προστατ-

336 4460 469 4533 τ’ων,
504 4462 566 4518 οὐ
598 4467 749 4536 κακῷ
795 4464 858 4518 τὸ
887 4465 1050 4519 κακὸν
1093 4464 1452 4536 ἀπαλλάττει,
1510 4472 1591 4541 τῷ
1649 4464 1706 4522 δὲ
1762 4467 1986 4543 ἐναντίῳ

2065 556 2196 610 duri
2221 555 2425 611 corde;
2445 556 2602 620 Quos
2625 555 2786 610 enim
2806 571 2928 610 non
2944 559 3241 626 expugnat
3253 554 3425 620 ratio,
3439 570 3539 608 eos
3556 569 3720 608 man-

2067 644 2315 700 suefacit
2338 650 2552 700 metus.
2573 636 2739 709 Quod
2753 644 2994 715 quidem
3008 659 3143 698 cum
3156 660 3191 698 a
3206 642 3499 714 principio
3520 643 3720 712 praevi-

2066 733 2254 789 disset
2264 734 2577 806 Logos.qui
2590 734 2806 801 erudit,
2820 740 3073 804 utroque
3087 732 3262 787 modo
3276 749 3377 787 eos
3390 747 3720 802 expurgans

2066 822 2140 877 ad
2159 819 2443 894 pietatem
2482 823 2905 878 convenienter
2939 821 3319 877 concinnavit
3355 821 3718 875 instrumen~

2066 912 2509 985 tum.Estigitur
2524 912 2954 984 obstupefactio
2967 911 3167 981 ,timor
3178 927 3248 965 ex
3263 910 3496 964 insueto
3511 926 3722 981 reprae-

2066 1003 2403 1056 sentatione
2416 1002 2505 1056 vel
2517 1007 2760 1073 prepter
2772 1002 3052 1072 inexspec
3061 1006 3240 1055 tatam
3254 998 3724 1070 reprmsentatio-

2066 1106 2203 1145 nem
2213 1095 2298 1157 ,ut
2311 1088 2471 1144 verbi
2492 1089 2952 1160 causa,alicujus
2971 1088 3394 1143 nuntii.Timor
3413 1093 3612 1143 autem
3635 1093 3726 1141 est

2066 1179 2317 1251 insignis
2329 1179 2963 1250 admiratio,tanquam
2993 1179 3068 1233 ob
3096 1176 3343 1249 id.quod
3367 1177 3457 1232 vel
3479 1176 3722 1242 exstitit,

2066 1268 2154 1324 vel
2178 1271 2421 1325 est.Non
2441 1269 2921 1323 animadvertunt
2938 1265 3214 1337 >X<itaque
3227 1282 3290 1320 se
3315 1265 3726 1320 affectionibus

2067 1374 2134 1412 ac
2156 1356 2704 1429 perturbationibus
2724 1356 2937 1411 fecisse
2955 1355 3300 1417 obnoxium,
3321 1354 3647 1409 maximum
3670 1358 3729 1407 et

2068 1447 2169 1516 qui
2183 1446 2256 1501 ab
2275 1445 2361 1501 eis
2372 1446 2725 1508 celebratur.
2737 1447 3055 1516 Deum,per
3068 1443 3728 1514 obstupefactionem,et

2067 1542 2204 1592 ante
2225 1536 2796 1608 obstupefactionem
2810 1541 3106 1591 versatum
3125 1549 3253 1589 esse
3266 1533 3330 1588 in
3354 1533 3724 1601 ignoratione

2069 1626 2117 1679 si
2149 1625 2392 1697 quidem
2424 1625 2713 1698 ignoratio
2744 1624 2857 1679 fuit
2887 1630 3026 1679 ante
3057 1621 3721 1694 obstupefactionem.Si

2067 1708 2764 1786 autem'obstupefactio,
2818 1719 2876 1767 et
2925 1714 3120 1780 timor,
3155 1712 3465 1782 sapientiai
3496 1711 3724 1781 princi-

1991 1830 2032 1895 Β
2067 1807 2253 1878 pium,
2307 1804 2483 1858 timor
2522 1804 2624 1858 Dei
2673 1803 2807 1866 fuit,
2852 1800 3178 1856 videndum
3232 1806 3343 1864 est,
3393 1814 3468 1853 ne
3501 1804 3559 1853 et
3585 1803 3722 1853 ante

2066 1895 2168 1949 Dei
2213 1892 2569 1963 sapientiam
2596 1896 2655 1946 et
2682 1891 2864 1945 totius
2894 1889 3104 1944 mundi
3127 1888 3513 1957 creationem,
3550 1887 3723 1958 quin-

2065 1983 2245 2038 etiam
2287 1980 2728 2036 restitutionem
2781 1984 2841 2033 et
2888 1979 3080 2048 ipsam
3120 1978 3475 2032 electionem
3522 1990 3723 2042 causa,

2066 2082 2197 2142 quae
2214 2069 2551 2141 ‘prtecessit,
2575 2068 2757 2122 fuerit
2786 2068 3101 2139 ignoratio.
3135 2068 3343 2122 Utrum
3369 2080 3505 2139 ergo
3525 2081 3726 2121 rerum

2065 2162 2356 2217 bonarum
2431 2164 2534 2215 aut
2608 2160 2906 2214 malarum
2965 2163 3055 2213 est
3112 2158 3450 2230 ignoratio?
3507 2157 3621 2211 Sed
3679 2156 3728 2210 si

2065 2264 2267 2306 rerum
2317 2249 2559 2321 quidem
2604 2249 2901 2303 bonarum
2933 2290 2947 2314 ,
3008 2246 3153 2317 quid
3201 2252 3396 2301 cessat
3448 2246 3765 2315 obstupe—'

2065 2340 2326 2395 factione
2345 2338 2373 2392 ?
2405 2343 2464 2391 et
2491 2337 2713 2391 frustra
2745 2342 2833 2390 est
2862 2335 2948 2389 eis
2980 2340 3038 2389 et
3065 2335 3429 2401 minister,et
3447 2333 3728 2405 przedica-

2069 2429 2172 2495 tio‘,
2206 2433 2261 2482 et
2292 2426 2608 2497 baptisma.
2644 2424 2746 2479 Sin
2797 2428 2995 2477 autem
3053 2422 3369 2487 malarum,
3429 2421 3728 2491 quomodo

2071 2522 2159 2571 est
2190 2515 2417 2569 malum
2449 2529 2627 2568 causa
2658 2526 2861 2565 rerum
2889 2510 3249 2581 optimarum
3269 2509 3299 2563 ?
3329 2509 3384 2564 Si
3417 2510 3576 2563 enim
3606 2525 3727 2562 non

2069 2605 2235 2675 prior
2262 2603 2475 2656 fuisset
2503 2598 2815 2672 ignoratio,
2840 2615 2960 2652 non
2991 2597 3403 2652 descendisset
3432 2598 3724 2653 minister.

2075 2691 2186 2746 Sed
2216 2707 2327 2745 nec
2374 2688 2804 2759 obstupefactio
2836 2688 3092 2758 cepisset
3130 2686 3485 2758 principem,
3519 2692 3585 2740 ut
3614 2686 3728 2757 ipsi

2074 2780 2323 2845 dicunt;
2356 2793 2549 2847 neque
2596 2776 2903 2848 sapientiai
2932 2775 3292 2847 principium
3344 2775 3602 2847 cepisset
3657 2792 3729 2829 ex

2078 2869 2290 2922 timore
2321 2868 2394 2922 ad
2422 2866 2774 2921 electionem
2805 2872 2865 2920 et
2892 2866 3198 2921 mundana
3227 2864 3633 2937 dijudicanda.
3669 2864 3728 2918 Si

2076 2963 2275 3012 autem
2316 2948 2525 3011 metus
2559 2956 2709 3027 ejus,
2754 2956 2855 3026 qui
2894 2956 3058 3027 prius
3099 2961 3244 3023 erat,
3276 2955 3557 3021 hominis,
3590 2953 3734 3008 fecit

2075 3054 2144 3103 ut
2174 3064 2278 3102 suo
2310 3044 2595 3119 figmento
2624 3045 3054 3100 insidiarentur
3085 3044 3303 3117 angeli,
3335 3049 3540 3116 utpote
3573 3041 3732 3115 quod

2078 3132 2501 3208 inaspectabile
2525 3133 2796 3205 supernai
2820 3133 3164 3188 substantiae
3186 3150 3389 3188 semen
3412 3133 3732 3189 collocare-

2082 3232 2177 3281 tur
2202 3223 2363 3279 intus
2410 3225 2471 3278 in
2502 3223 2762 3295 opificio,
2796 3227 2897 3277 aut
2947 3238 3015 3277 ex
3046 3222 3210 3277 inani
3238 3222 3540 3293 opinione,
3576 3220 3737 3293 quod

2083 3315 2324 3387 quidem
2346 3320 2437 3369 est
2460 3312 2833 3379 incredibile,
2862 3311 3241 3366 aemulatione
3261 3312 3470 3382 perciti
3505 3317 3644 3366 sunt
3674 3312 3737 3366 in

2083 3403 2324 3477 angelos
2379 3408 2624 3477 propter
2667 3401 2994 3473 Opiﬁcium,
3053 3399 3223 3471 cujus
3282 3406 3567 3471 tanquam
3628 3400 3735 3454 ﬁlii

2084 3494 2339 3566 alicujus
2388 3492 2597 3547 crediti
2648 3496 2786 3545 sunt
2835 3506 2962 3544 esse
3002 3494 3276 3565 auctores
3303 3489 3448 3544 adeo
3476 3494 3541 3542 ut
3569 3489 3737 3542 nulla

2086 3599 2205 3638 non
2236 3582 2298 3636 in
2330 3598 2429 3635 eos
2468 3580 2641 3636 cadat
2696 3579 3070 3652 ignorantia:
3104 3583 3207 3633 aut
3235 3578 3379 3632 moti
3414 3582 3552 3631 sunt
3599 3594 3733 3632 cum

2087 3677 2433 3728 tenerentur
2477 3670 2888 3741 prmscientia;
2941 3668 3046 3722 sed
3089 3684 3209 3722 non
3244 3666 3506 3722 insidiati
3539 3670 3740 3721 essent

2085 3764 2199 3818 isto
2231 3765 2447 3816 conatu
2478 3760 2552 3826 ei,
2587 3758 2745 3829 quod
2777 3758 3216 3829 praesciverunt,
3245 3773 3439 3828 neque
3462 3756 3534 3810 ob
3563 3773 3737 3811 suum

2087 3867 2236 3923 opus
2257 3838 2648 3919 obstupefacti
2667 3850 3026 3915 essen‘t,’cum
3046 3862 3115 3900 ex
3143 3845 3519 3917 przescientia
3536 3862 3741 3900 semen

2090 3955 2415 4012 supernum
2437 3936 2875 3993 intellexissent
2901 3953 2912 3989 :
2946 3940 3048 3990 aut
3068 3939 3371 4006 postremo
3388 3934 3523 3989 freti
3542 3934 3742 4007 cogni-

2091 4030 2250 4085 tione
2283 4026 2436 4083 ἐιυεί
2492 4014 2653 4093 ειωι,
2707 4024 2864 4097 quod
2886 4018 3097 4096 ipsum
3131 4041 3367 4096 quoque
3399 4040 3519 4078 non
3552 4028 3746 4095 potest

2093 4119 2263 4186 fieri,-
2304 4133 2438 4173 cum
2470 4115 2821 4171 didicissent
2868 4113 2947 4181 id,
2981 4110 3138 4184 quod
3183 4113 3363 4167 estin
3418 4112 3745 4183 pleromate

2093 4207 2412 4274 excellens;
2433 4204 2661 4261 homini
2682 4202 2977 4258 insidiari.
3005 4203 3296 4256 Prmterea
3315 4200 3633 4272 etid,quod
3660 4206 3751 4257 est

2092 4297 2314 4352 factum
2347 4295 2419 4350 ad
2451 4294 2792 4367 imaginem,
2824 4293 2886 4346 in
2918 4307 3034 4363 quo
3068 4291 3247 4346 etiam
3279 4290 3509 4346 exsistit
3552 4308 3750 4346 exem-

2095 4385 2245 4457 plar,
2278 4390 2338 4440 et
2365 4383 2447 4452 id,
2476 4381 2802 4454 quod'cum
2828 4380 3062 4451 reliqua
3092 4380 3428 4452 cognitione
3454 4385 3543 4435 est
3565 4380 3638 4435 ab
3662 4381 3751 4436 in-

2094 4474 2276 4528 teritu
2330 4472 2616 4541 alienum,
2671 4474 3144 4539 assumpserunt.
3198 4468 3297 4523 His
3327 4485 3462 4541 ergo
3494 4469 3662 4540 ipsis,
3694 4472 3755 4523 et

336 4554 400 4609 τὸ
433 4551 668 4608 ἐναντίον
728 4552 1005 4609 καταλύει.
1060 4554 1277 4631 Ἀγαθῷ
1308 4552 1364 4610 δὲ
1403 4556 1566 4611 κακὸν
1600 4557 1860 4629 ἐναντίον,
1917 4559 1971 4614 ὧι

2099 4559 2400 4633 aliquibus
2451 4558 2605 4628 aliis,
2654 4558 2910 4613 maxime
2957 4562 3154 4612 autem
3186 4556 3600 4622 Marcionistis,
3631 4574 3753 4613 non

411 4719 476 4784 ›χ‹
502 4717 565 4769 Ρ.
601 4716 704 4769 449
736 4717 846 4771 ΕΙ).
883 4717 1169 4785 POTTER,
1205 4720 1443 4773 376-377
1472 4722 1586 4775 ΕΙ).
1621 4722 1843 4778 PARIS.

413 4876 529 4951 (55)
559 4880 654 4930 Ἥ.
687 4881 987 4951 interpres
1028 4878 1170 4951 legit
1198 4879 1255 4946 ἡ.

561 4951 668 5026 ’[ῆς
700 4947 781 5026 ῖεκἶ
814 4947 1114 5026 Interpres
1130 4951 1286 5026 legit
1312 4957 1411 5026 τῆς
1441 4973 1499 5026 τε
1529 4949 1783 5026 ἐκλογῆς.

422 5018 536 5091 (57)
568 5018 997 5098 Παρεζήκωσανῖ
1022 5018 1230 5098 ἓοι-ἰδῗ
1247 5018 1435 5094 possit
1480 5025 1541 5079 in
1573 5018 1857 5098 singulari
1891 5043 1999 5098 nu-

353 5090 525 5147 mero
571 5090 1013 5169 παρεζήλωσενη
1045 5094 1155 5169 hoc
1194 5090 1430 5169 sensu:
1490 5090 1753 5169 Quodvsi
1796 5096 2001 5169 angeli,

355 5169 501 5246 metu
542 5164 1250 5246 praiemisicritis‘ltoiuinis,
1299 5185 1406 5223 suae
1444 5175 1733 5246 creatura
1750 5164 2004 5224 insidiati

350 5241 483 5301 sint,
541 5251 603 5289 eo

353 5306 569 5384 cpi/icio
600 5306 693 5363 isti
719 5308 913 5384 inesset
939 5326 950 5362 :
980 5315 1080 5384 aut
1111 5306 1334 5383 angelos
1363 5328 1507 5367 vana
1535 5315 1844 5384 suspicione
1888 5330 2006 5369 mo-

354 5382 434 5459 tos
455 5382 693 5463 'tanta‘ni
733 5379 806 5435 ad
833 5376 1711 5463 aemulationemprovo‘cavit;ut
1743 5389 2005 5463 creatura:

355 5450 500 5529 ipsis.
521 5450 767 5529 credam,
794 5450 1029 5529 periude
1056 5460 1119 5506 ac
1148 5450 1455 5529 ﬁliifquod
1474 5455 1692 5524 quidem
1719 5461 1795 5510 est
1826 5457 2007 5511 inc-re-

400 5518 550 5593 ibile,
582 5518 910 5593 omnimodae
938 5518 1271 5593 ignorantia?
1299 5518 1699 5589 condemnatos,
1734 5531 1843 5580 etc.

372 5587 795 5687 3“$5.,‘8_)N’Ex605;'.
831 5587 1041 5681 Aptius
1069 5587 1425 5687 EgﬁpﬁhMo}
1456 5598 1620 5687 Vulg.
1646 5587 1770 5687 bib.
1794 5599 2006 5687 Prgm,

360 5662 600 5730 ἀκούων,
653 5662 1062 5735 κατασκὴνώσει
1114 5663 1196 5717 ἐπ’
1228 5662 1452 5736 ἐλπίδι,
1499 5662 1596 5725 καῖ
1640 5668 1807 5740 ἡσυχ.
1873 5662 2007 5723 Βηέ·

665 5237 813 5322 quod
853 5235 1127 5322 invisibile
1160 5254 1418 5322 superum
1459 5238 1779 5322 substantiae
1825 5258 2004 5297 semen
2058 5302 2059 5305 η

2104 4900 2268 4943 nunc,
2295 4881 2362 4924 +
2394 4880 2869 4953 LXX,_Proverb.
2904 4898 2944 4949 1,
2976 4897 3026 4953 ι’.
3061 4881 3128 4953 33
3156 4896 3170 4934 :
3202 4879 3262 4953 Ὀ
3292 4876 3349 4937 δὲ
3380 4877 3525 4953 ἐμ.οῆ
3550 4880 3765 4936 ἀκούων

2052 5006 2055 5007 ,
2109 4953 2530 5030 κατασκηνώσει
2544 4946 2652 5030 ’ἐπί
2673 4946 2883 5017 ἐλπίδι,
2912 4946 3011 5030 καὶ.
3060 4952 3329 5030 ἡσυχᾷ-σει
3385 4946 3604 5030 ἀφόϐως
3656 4954 3765 5008 ἀπὸ

2111 5023 2311 5086 itaita;
2366 5025 2557 5096 κακοῦ.
2584 5076 2587 5085 ί
2617 5023 2683 5078 At
2738 5040 2821 5079 me
2876 5024 3105 5096 audiens
3162 5023 3442 5084 habitabit
3478 5028 3537 5081 in
3565 5042 3679 5096 spe,
3712 5034 3767 5082 et

2110 5096 2410 5169 requiescet
2466 5095 2668 5163 absque
2728 5102 2932 5157 terrore
2986 5095 3053 5169 ab
3086 5098 3258 5151 .omni
3314 5097 3460 5155 malo
3484 5138 3499 5153 .
3559 5095 3768 5155 Latina

2114 5166 2319 5241 Vulgx.
2376 5169 2481 5231 Qui
2516 5171 2715 5241 autem
2766 5182 2853 5241 me
2889 5166 3147 5232 audierit,
3183 5169 3386 5238 absque
3418 5175 3624 5224 terrore
3682 5187 3768 5224 re-

2113 5237 2453 5312 quiescet,et
2497 5237 2841 5312 abundantia
2877 5241 3221 5312 perfruetur,
3255 5242 3449 5296 timore
3494 5241 3766 5295 malorum

2054 5358 2060 5373 .
2114 5307 2348 5369 sublato.
2379 5311 2446 5364 In
2479 5307 2737 5363 editione
2785 5310 3051 5364 Romana
3075 5309 3218 5364 Sixti
3254 5312 3293 5363 V
3324 5312 3643 5367 adnotatur
3699 5325 3770 5363 ex

2157 5378 2374 5453 uodam
2394 5379 2803 5453 scholiastead
2820 5381 3071 5438 alteram
3094 5388 3322 5453 partem
3342 5382 3524 5453 hujus
3542 5396 3766 5453 versus,

2150 5451 2477 5509 ναπαύσεται
2532 5449 2863 5525 ἐπ’-εἰρήνῃ
2918 5449 3221 5520 πεποιθὼς,
3272 5449 3570 5525 quomodo
3601 5450 3772 5525 legit

2116 5528 2409 5597 Clemens.
2442 5525 2525 5597 Ex
2557 5520 2800 5579 Hebraeo
2827 5520 2847 5578 ς’
2883 5526 2989 5588 Qui
3023 5530 3205 5578 autem
3232 5520 3415 5597 olfedit
3470 5520 3769 5597 miliiulta-

2121 5594 2315 5653 bitabit
2346 5595 2697 5664 conﬁdenter,
2731 5601 2783 5649 et
2809 5597 3109 5662 requiescet
3137 5610 3171 5647 a
3197 5596 3392 5647 timore
3422 5592 3577 5645 mali.
3629 5591 3770 5644 COL-

2118 5686 2270 5725 LECT.
