4044 6154
344 235 454 297 9‘75

1574 232 1988 287 CLEMENTIS
2025 232 2531 290 ALEXANDRINI

3652 237 3751 294 976

343 365 727 424 audientibus
759 363 983 419 clamat
1002 359 1340 430 Scriptura:
1373 358 1480 421 Qui
1494 363 1679 411 autem
1704 371 1788 410 me
1817 354 1977 409 audit

2116 349 2325 446 δίκαιον
2358 353 2550 429 ἀδίκῳ.
2581 355 2647 413 El
2675 354 2853 411 τοίνυν
2897 356 3311 446 κηῶνᾼάρχήν
3369 351 3596 432 ἀφοϐίαν
3647 363 3748 434 (59)

341 460 641 529 requiescet
671 458 729 510 in
752 469 892 525 pace
919 450 1212 518 conﬁdens,
1266 453 1316 503 et
1343 450 1460 502 sine
1497 454 1641 501 metu
1669 446 1894 500 cessabit
1926 446 1994 498 ab

343 550 494 602 omni
516 546 662 601 malo
678 541 932 616 (a;.Quid
950 556 1091 611 ergo
1106 538 1165 593 hi
1189 538 1381 610 legem
1404 553 1532 592 esse
1551 534 1994 590 volunt?Malam

343 635 587 706 quidem
617 648 738 687 non
772 629 1065 700 inquient,
1096 626 1203 682 sed
1225 627 1475 698 justam,
1506 625 1724 679 bonam
1753 642 1789 679 a
1828 624 1993 695 justo

342 723 796 794 distinguentes.
850 716 1136 773 Dominus
1190 719 1393 770 autem
1423 730 1558 769 cum
1580 712 1757 785 jubet
1784 713 1993 768 timere

339 810 588 877 malum,
648 824 771 863 non
802 806 1029 862 malum
1088 804 1243 861 malo
1300 803 1533 872 liberat,
1591 803 1696 859 sed
1726 801 1996 857 dissolvit

339 899 708 955 contrarium
739 894 1060 952 contrario.
1083 894 1241 948 Bono
1258 897 1459 948 autem
1489 890 1713 947 malum
1741 896 1831 946 est
1859 907 1994 945 con-

337 988 609 1055 trarium,
642 992 711 1042 ut
731 988 964 1058 justum
998 983 1242 1055 injusto.
1280 982 1335 1037 Si
1369 998 1503 1054 ergo
1526 981 1821 1036 malorum
1845 979 1995 1034 dixit

343 1077 706 1149 principium
744 1080 941 1131 metus
969 1073 1031 1136 ›ι‹
1060 1072 1434 1138 vacuitatem,
1468 1087 1644 1141 quam
1693 1069 1835 1123 facit
1878 1069 1994 1123 Do-

339 1167 492 1223 mini
551 1166 728 1221 timor
755 1183 767 1219 :
802 1165 979 1218 timor
1006 1163 1233 1217 bonum
1264 1167 1373 1228 est,
1400 1165 1459 1215 et
1485 1160 1585 1230 qui
1617 1165 1706 1215 est
1736 1176 1805 1213 ex
1846 1160 1991 1230 Lege

338 1262 554 1322 metus,
587 1271 707 1309 non
747 1253 940 1308 solum
971 1258 1062 1306 est
1091 1252 1312 1323 justus,
1337 1249 1440 1305 sed
1471 1248 1650 1303 etiam
1682 1248 1895 1317 bonus,
1928 1252 1995 1301 ut

341 1345 444 1417 qui
475 1343 704 1399 auferat
732 1342 939 1397 vitium
967 1357 979 1394 :
1032 1345 1193 1394 metu
1231 1344 1431 1393 autem
1462 1337 1751 1392 inducens
1797 1342 1991 1392 metus

339 1433 717 1497 vacuitatem,
749 1446 871 1485 non
903 1428 1088 1484 animi
1118 1426 1565 1499 perturbatione
1596 1425 1991 1497 perturbatio-

342 1538 489 1577 num
517 1520 893 1587 vacuitatem,
923 1517 1028 1574 sed
1048 1516 1365 1587 disciplina
1394 1515 1705 1587 ingenerat
1728 1514 1990 1569 affectio~

340 1627 485 1667 num
555 1608 1049 1664 moderationem.
1126 1606 1272 1660 Cum
1324 1605 1524 1675 itaque
1584 1602 1990 1658 audierimus:

340 1702 568 1755 Honora
622 1696 921 1753 Dominum
947 1738 962 1764 ,
1021 1701 1072 1751 et
1122 1696 1228 1749 eris
1276 1695 1440 1762 fortis
1472 1711 1494 1758 ;
1541 1699 1757 1764 praeter
1814 1694 1993 1762 ipsum

2107 440 2345 515 εἴρηκεν,
2406 448 2468 513 ἣν
2526 445 2559 499 6
2611 449 2710 500 τοῦ
2754 445 2957 521 Κυρίου
3004 440 3173 523 φόϐος
3207 444 3507 521 ἐργάζεται,
3565 445 3747 521 ἀγαθὸν

2106 531 2134 585 6
2193 526 2386 608 φόϐος·
2444 533 2678 589 καὶὁέγ
2709 538 2806 589 τοῦ
2834 535 3029 608 Νόμου
3086 530 3278 612 φόϐος.
3334 534 3399 588 οὐ
3462 534 3624 607 μόνον
3672 532 3751 590 δι-

2105 641 2279 693 καιος,
2340 619 2487 677 ἀλλὰ
2541 623 2631 677 καὶ
2690 623 2914 699 ἀγαθὸς,
2959 622 3148 678 καγίαν
3181 623 3438 698 ἀναιρῶν’
3498 618 3651 700 φόϐῳ
3698 622 3751 680 δὲ

2105 707 2336 787 ἀφοϐίαν
2392 710 2617 786 εῗσὰἱγων
2654 757 2669 783 ,
2728 713 2791 768 οὐ
2846 715 3004 779 πάθει
3062 714 3322 778 ἀπάθειαν
3355 758 3371 786 ,
3427 712 3644 786 παιδείᾳ
3697 713 3750 772 δὲ

2108 802 2527 876 μετριοπάθειαν
2583 802 2825 875 ἐμποιεῖ.
2887 804 3051 860 Ἐπάν
3111 801 3202 858 οῦν
3244 804 3586 877 ἀκούσωμεν.
3621 804 3753 879 Τίμα

2101 891 2194 945 τὸν
2276 889 2494 966 Κύριον,
2560 892 2651 945 καὶ
2728 891 2974 967 ἴσχύσεις
3007 911 3020 924 ·
3086 890 3236 963 πλὴν
3323 890 3382 948 δὲ
3453 891 3619 948 αὐτοῦ
3680 895 3750 966 μή

2103 973 2276 1055 φοϐοῦ
2354 977 2545 1034 ἀλλονο
2612 979 2674 1034 τὸ
2755 975 3039 1056 φοϐεῖσθαι
3117 981 3468 1056 ἁμαρτάνειν,
3534 978 3752 1036 ἕπεσθαι

2101 1065 2159 1121 δὲ
2183 1072 2301 1128 ταῖς
2336 1068 2440 1122 ὑπὸ
2469 1073 2603 1123 Θεοῦ
2633 1066 2899 1131 δοθείσαις
2918 1069 3189 1138 ἐντολαῖς,
3219 1071 3389 1142 τιμὴν
3421 1071 3485 1139 ἢν
3515 1070 3625 1125 άπὸ
3660 1075 3753 1126 τοῦ

2102 1158 2235 1210 Θεοῦ
2279 1158 2389 1227 (60)
2441 1153 2800 1231 ἐκδεχόμεθα.
2843 1157 2970 1219 Δέος
3000 1160 3109 1231 (61)
3144 1154 3200 1212 δέ
3230 1156 3340 1212 ἐστι
3371 1152 3544 1232 φόϐος
3601 1163 3751 1215 Θεοῦ.

2102 1242 2257 1299 Ἀλλ’
2290 1244 2337 1298 εἱ
2364 1244 2455 1298 καὶ
2487 1244 2659 1309 πάθος
2688 1266 2716 1299 o
2748 1240 2939 1322 φόϐος,
2996 1245 3070 1308 ὡς
3126 1244 3420 1320 βούλονταί
3478 1267 3621 1308 τινες
3672 1246 3751 1303 δτι

2102 1327 2270 1393 φόϐος
2300 1332 2412 1387 ἐστὶ
2441 1335 2637 1403 πάθος,
2668 1333 2776 1409 οὐχ
2834 1335 2862 1389 6
2921 1340 3027 1396 πᾶς
3076 1330 3246 1407 φόϐος
3296 1337 3492 1399 πάθος·
3545 1339 3585 1405 ἡ
3632 1342 3755 1413 γοῦν

2103 1418 2506 1494 δεισιδαιμονία
2548 1423 2742 1490 πάθος,
2775 1418 2947 1496 φόϐος
2977 1419 3254 1495 δαιμόνων
3303 1422 3458 1495 οὖσα,
3507 1423 3751 1489 ἑκπαθῶν

2100 1529 2159 1563 τε
2213 1509 2305 1563 καὶ
2352 1508 2635 1582 ἐμπαθῶν.
2665 1507 2947 1583 Ἕμπαλιν
2981 1508 3074 1566 οὖν
3121 1512 3150 1566 6
3199 1516 3298 1567 τοῦ
3329 1511 3572 1575 ἀπαθοῦς
3626 1518 3755 1569 Θεοῦ

2104 1592 2274 1674 φόϐος
2307 1597 2547 1668 ἀπαθής⁹
2598 1594 2847 1674 φοϐεῖται
2877 1599 2977 1675 γάρ
3024 1621 3110 1663 τις
3142 1601 3209 1656 οὐ
3260 1602 3353 1656 τὸν
3399 1601 3555 1671 Θεὸν,
3612 1599 3756 1658 ἀλλά

2101 1686 2164 1741 τὸ
2196 1687 2490 1742 ἀποπεσεῖν
2518 1692 2618 1742 τυῦ
2647 1692 2802 1744 Θεοῦ.
2833 1689 2890 1743 Ὁ
2921 1685 2980 1743 δὲ
2997 1688 3160 1745 τοῦτο
3182 1687 3399 1761 δεδιὼς,
3429 1691 3492 1746 τὸ
3511 1695 3630 1752 τοῖς
3657 1711 3748 1745 κα-

342 1795 525 1844 autem
552 1803 620 1841 ne
647 1789 777 1841 time
807 1785 980 1839 alium
1005 1782 1125 1855 )b):
1177 1783 1386 1838 timere
1432 1786 1763 1853 peccatum,
1823 1781 1980 1851 sequi

2098 1780 2218 1838 κοῖς
2248 1782 2579 1852 περιπεσεῖν,
2610 1772 2858 1855 φοϐεῖται
2888 1778 2978 1833 καὶ
3009 1776 3179 1834 δέδιεν
3209 1780 3279 1834 τὰ
3312 1781 3471 1834 κακά·
3502 1780 3531 1834 6
3562 1777 3752 1843 δεδιὼς

343 1881 566 1944 autem,
626 1891 758 1945 quas
810 1890 845 1928 a
897 1874 1016 1929 Deo
1066 1871 1204 1927 data
1252 1875 1410 1939 sunt,
1442 1874 1758 1941 praecepta,
1790 1886 1826 1924 a
1872 1870 1991 1924 Deo

343 1966 635 2020 honorem
687 1962 1031 2034 accipimus.
1094 1957 1222 2020 Δέος
1271 1964 1469 2015 autem
1500 1964 1591 2013 est
1619 1959 1723 2012 Dei
1775 1962 1990 2014 metus.

344 2052 458 2108 Sed
486 2052 593 2107 etsi
616 2052 795 2106 timor
823 2051 901 2105 sit
928 2049 1148 2121 passio,
1179 2053 1246 2104 ut
1272 2048 1480 2102 volunt
1505 2046 1693 2117 aliqui
1718 2046 1995 2101 timorem

350 2158 481 2197 esse
539 2141 900 2213 passionem,
958 2155 1079 2193 non
1139 2142 1228 2192 est
1278 2136 1470 2207 quivis
1525 2141 1721 2190 metus
1777 2134 1996 2206 passio.

347 2229 698 2302 Superstitio
745 2226 989 2300 quidem
1033 2232 1123 2281 est
1150 2225 1370 2297 passio,
1409 2230 1475 2279 ut
1504 2241 1636 2295 quas
1669 2224 1747 2279 sit
1774 2223 1999 2279 daemo-

2102 1862 2161 1919 δὲ
2188 1866 2251 1920 τὸ
2277 1869 2499 1938 πτῶμα,
2545 1863 2817 1944 ἄφθαρτον
2867 1867 3053 1922 ἑαυτὸν
3101 1868 3192 1922 καὶ
3232 1869 3416 1937 ἀπαθῆ
3445 1869 3578 1924 εἶναι
3614 1868 3749 1944 βοό-

2103 1953 2256 2008 λεται
2315 1957 2445 2028 (62).
2502 1954 2687 2031 Σοφὸς
2743 1950 3006 2033 φοϐηθεὶς
3057 1955 3322 2027 ἐξέκλινεν
3383 1958 3490 2012 ἀπὸ
3543 1961 3747 2013 κακοῦο

2108 2043 2136 2096 6
2195 2039 2255 2096 δὲ
2310 2042 2495 2119 ἄφρων
2557 2046 2668 2117 (63)
2729 2044 2977 2121 μίγνυται
3034 2044 3314 2110 πεποιθὼς
3345 2048 3384 2115 ἡ
3444 2047 3632 2122 Γραφή
3664 2043 3764 2102 λέ·

2107 2149 2213 2206 γει’
2296 2129 2446 2195 αὖθίς
2519 2151 2599 2189 τε.
2681 2132 2767 2189 Ἐν
2845 2128 3003 2211 φόϐῳ
3058 2134 3261 2208 Κυρίου
3329 2133 3487 2197 ἐλπὶς
3546 2134 3764 2211 ἰσχύος,

2112 2241 2292 2299 φησιν.

346 2334 493 2373 num
524 2322 739 2384 metus,
774 2317 876 2388 qui
905 2313 1282 2388 passionibus
1311 2329 1530 2384 susque
1562 2312 1753 2383 deque
1782 2312 2056 2367 feruntur
2080 2317 2139 2367 et
2164 2311 2497 2383 agitantur;
2530 2329 2561 2367 e
2596 2317 2805 2368 contra
2843 2312 3022 2385 igitur
3052 2313 3157 2368 Dei
3189 2313 3538 2386 impatibilis
3571 2321 3767 2371 metus

345 2410 435 2462 est
464 2404 813 2478 impatibilis
836 2421 851 2470 ;
876 2403 1048 2458 timet
1067 2401 1228 2457 enim
1251 2401 1384 2472 quis
1415 2417 1537 2455 non
1567 2401 1773 2468 Deum,
1806 2399 1911 2455 sed
1940 2417 1975 2455 a
2002 2401 2122 2455 Deo
2153 2399 2444 2455 excidere.
2478 2398 2587 2465 Qui
2615 2404 2816 2456 autem
2856 2401 2968 2455 hoc
3009 2406 3263 2469 veretur,
3295 2418 3511 2473 nempe
3566 2419 3642 2457 ne
3699 2404 3764 2458 in

336 2496 497 2551 mala
523 2493 770 2553 incidat.
801 2493 958 2549 mala
988 2492 1159 2547 timet
1185 2496 1243 2545 et
1264 2496 1538 2556 veretur;
1572 2490 1676 2561 qui
1706 2496 1907 2545 autem
1937 2490 2108 2544 timet
2135 2505 2210 2544 ne
2239 2489 2430 2557 cadat,
2463 2505 2593 2545 esse
2625 2505 2687 2544 se
2719 2490 2792 2544 ab
2825 2489 3071 2545 interitu
3103 2489 3367 2545 alienum
3409 2490 3532 2546 vult
3553 2496 3613 2545 et
3643 2491 3760 2545 im-

334 2584 667 2655 patibilem.
698 2583 929 2651 Sapiens
953 2582 1145 2635 timens
1165 2579 1465 2634 declinavit
1486 2596 1520 2633 a
1540 2579 1684 2633 malo
1712 2597 1727 2645 ;
1760 2577 2025 2649 insipiens
2054 2585 2238 2633 autem
2263 2578 2534 2646 conﬁdens
2563 2579 2907 2648 aggreditur,
2940 2578 3023 2634 ait
3051 2578 3372 2650 Scriptura.
3407 2581 3477 2634 Et
3504 2597 3716 2636 rursus
3742 2596 3757 2636 :

337 2665 398 2718 In
430 2665 624 2718 timore
652 2662 873 2717 Domini
900 2666 999 2729 est,
1022 2658 1240 2731 inquit,
1271 2675 1391 2729 spes
1419 2659 1771 2726 fortitudinis
1801 2658 1895 2731 (ο).

1860 2800 2091 2856 CAPUT
2136 2801 2232 2855 IX.

1385 2900 1629 2955 Virtutes
1659 2899 1998 2955 Christianas
2028 2915 2137 2955 esse
2159 2897 2309 2954 inter
2335 2913 2391 2953 se
2419 2914 2714 2955 connexas.

407 3015 656 3072 Deducit
685 3029 821 3085 ergo
854 3012 990 3067 talis
1018 3016 1215 3067 metus
1248 3016 1307 3067 et
1335 3012 1409 3067 ad
1440 3013 1873 3085 paenitentiam,
1934 3018 1993 3069 et

336 3104 411 3161 ad
433 3120 617 3177 spem.
649 3103 793 3173 Spes
823 3106 1025 3157 autem
1058 3106 1147 3156 est
1176 3102 1533 3173 exspectatio
1564 3101 1989 3171 bonorum,vel

333 3192 598 3248 absentis
629 3190 772 3244 boni
818 3189 975 3244 bona
1019 3190 1295 3262 speratio.
1349 3190 1518 3245 Certe
1550 3208 1723 3247 casus
1753 3207 1988 3263 quoque

330 3282 425 3337 vel
479 3279 553 3336 ad
584 3280 804 3334 bonam
841 3294 1006 3350 spem
1036 3279 1380 3346 assumitur,
1415 3296 1594 3350 quam
1625 3281 1700 3335 ad
1730 3280 1986 3336 charita-

331 3376 451 3426 tem
512 3368 806 3424 deducere
864 3366 1205 3423 didicimus.
1264 3368 1530 3423 Charitas
1561 3373 1759 3424 autem
1807 3368 1989 3423 fuerit

332 3458 645 3515 consensio
678 3473 885 3512 eorum
946 3473 1077 3528 qum
1136 3462 1275 3511 sunt
1313 3456 1375 3510 in
1427 3457 1657 3512 ratione
1720 3458 1874 3512 163
1930 3461 1989 3511 et

329 3550 451 3604 vita
479 3553 535 3603 et
566 3544 871 3613 moribus;
903 3548 1025 3613 aut,
1057 3549 1124 3599 ut
1150 3545 1356 3616 paucis
1386 3544 1601 3615 dicam,
1633 3546 1764 3599 vitae
1796 3545 1986 3601 socie-

330 3644 461 3704 tas;
494 3634 585 3691 vel
645 3634 920 3690 amicitias
979 3639 1038 3689 et
1083 3632 1513 3688 benevolentia)
1544 3634 1987 3704 perseverantia

331 3743 465 3782 cum
514 3730 675 3780 recta
724 3723 976 3790 ratione,
1021 3722 1084 3776 in
1114 3738 1225 3776 usu
1269 3721 1598 3777 amicorum
1629 3738 1697 3777 ac
1727 3721 1984 3778 familia-

328 3814 506 3877 rium,
541 3812 643 3883 qui
670 3806 880 3881 ’ἑταῖροι
910 3814 1197 3865 vocantur
1220 3809 1464 3880 (dicitur
1492 3816 1692 3865 autem
1744 3809 1981 3884 ἑταῖρος,

332 3903 503 3974 quasi
530 3898 715 3974 ἕτερος
746 3896 872 3972 ἐγώ,
906 3898 965 3952 id
993 3902 1104 3965 est,
1135 3915 1232 3967 ego
1261 3900 1444 3970 alter),
1477 3915 1595 3969 qua
1622 3899 1853 3954 ratione
1884 3916 1985 3954 eos

327 3994 534 4059 fratres
565 3987 964 4060 appellamus,
989 3985 1092 4055 qui
1125 3992 1265 4040 sunt
1292 3986 1503 4041 eodem
1532 3986 1710 4042 verbo
1741 4004 1984 4060 regene-

326 4079 464 4135 rati.
495 4076 775 4133 Adhaeret
793 4081 992 4130 autem
1017 4072 1289 4129 charitati
1317 4079 1377 4129 et
1405 4073 1780 4145 hospitalitas
1804 4097 1819 4142 ;
1852 4092 1983 4146 quas

2168 3011 2386 3085 Ἀνάγει
2416 3015 2548 3086 γοῦν
2580 3013 2608 3066 ὁ
2637 3015 2886 3074 τοιοῦτος
2918 3005 3089 3088 φόϐος
3121 3009 3208 3066 ἐπί
3239 3032 3299 3066 τε
3326 3011 3424 3080 τὴν
3463 3011 3751 3085 μετάνοιαν

2097 3098 2184 3153 ἐπί
2215 3120 2275 3153 τε
2319 3101 2419 3168 τὴν
2453 3097 2674 3170 ἐλπίδα,
2734 3099 2929 3162 Ἐλπὶς
2962 3096 3020 3154 δὲ
3076 3096 3374 3174 προσδοκία
3420 3100 3668 3175 ἀγαθῶν,
3717 3100 3753 3170 ἢ

2096 3185 2331 3249 ἀπόντος
2389 3186 2593 3263 ἀγαθοῦ
2651 3184 2912 3250 εὔελπις·
2974 3187 3169 3260 ἀμέλει
3223 3188 3312 3243 καὶ
3372 3191 3408 3258 ἠ
3466 3187 3755 3262 ἐμπτωσία

2097 3273 2434 3350 λαμϐάνεται
2493 3279 2568 3339 εἰς
2623 3276 2883 3333 εὐέλπιδα
2922 3280 3057 3351 (64),
3115 3280 3181 3348 ἣν
3229 3276 3318 3334 ἐπὶ
3373 3280 3475 3349 τήν
3538 3278 3748 3355 ἀγάπην

2096 3372 2458 3443 χειραγωγεῖν
2519 3369 2912 3441 μεμαθήκαμεν
2944 3410 2957 3425 .
3015 3368 3231 3442 ’Δγάπη
3287 3366 3345 3423 δὲ
3404 3369 3635 3442 ὁμόνοια
3689 3367 3749 3423 ’ἀν

2095 3451 2178 3524 εἴη
2209 3460 2318 3509 τῶν
2342 3456 2481 3510 κατά
2510 3456 2601 3510 τὸν
2633 3454 2801 3530 λόγον
2859 3457 2950 3511 καὶ
3002 3456 3091 3511 τὸν
3127 3456 3251 3529 βίον
3282 3478 3373 3512 και
3402 3460 3497 3513 τὸν
3526 3457 3752 3535 τρόπον,

2092 3543 2150 3613 ἢ,
2184 3543 2459 3599 συνελόντι
2510 3544 2693 3620 φάναι,
2743 3544 2996 3601 κοινωνία
3045 3546 3191 3621 βίου·
3225 3547 3259 3615 ἢ
3293 3545 3536 3604 ἐκτένεια
3564 3546 3750 3624 φιλίας

2089 3631 2181 3686 καὶ
2238 3629 2637 3708 φιλοστοργίας
2695 3635 2836 3708 μετά
2909 3634 3083 3710 λόγου
3141 3635 3307 3709 ὀρθοῦ
3361 3637 3486 3712 περὶ
3547 3644 3749 3712 χρῆσιν

2094 3721 2343 3787 ἑταίρων.
2404 3725 2465 3781 Ὁ
2524 3722 2583 3779 δὲ
2640 3724 2854 3798 ἑταῖρος
2912 3722 3095 3801 ἕτερος
3153 3723 3283 3801 ἐγώ.
3342 3728 3412 3795 ᾝ
3463 3729 3554 3782 καὶ
3587 3724 3753 3783 ἀδελ-

2095 3811 2227 3889 φοὺς
2258 3814 2371 3885 (65)
2396 3811 2525 3876 τοὺς
2556 3819 2638 3887 τῷ
2685 3814 2834 3887 αὐτῷ
2864 3810 3015 3889 Λόγῳ
3063 3816 3516 3890 ἀναγεννηθέντας
3575 3835 3753 3891 προσ-

2093 3900 2449 3975 αγορεόομεν.
2496 3902 2822 3978 Παράκειται
2876 3900 2935 3958 δὲ
2963 3907 3030 3977 τῇ
3059 3903 3236 3979 ἀγάπῃ
3265 3901 3300 3971 ἢ
3330 3923 3389 3957 τε
3445 3903 3746 3981 φιλοξενία,

2094 3987 2422 4064 φιλοτεχνία
2477 4011 2560 4053 τις
2619 3990 2752 4046 οὖσα
2796 3991 2919 4067 περὶ
2975 3996 3146 4068 χρῆσι
3202 3992 3364 4063 ξένων
3400 4010 3413 4024 ’
3468 3991 3607 4061 ξένοι
3664 3990 3745 4063 δὲ,

2093 4072 2165 4129 ὧν
2225 4077 2348 4149 ξένα
2400 4078 2468 4132 τὰ
2513 4088 2772 4152 κοσμικά·
2830 4076 3128 4152 κοσμικοὺς
3180 4077 3280 4153 γάρ
3336 4076 3463 4140 τοὺς
3523 4076 3601 4141 εἷς
3640 4080 3744 4156 γῆν

393 4206 459 4270 ἧς
486 4205 552 4258 Ρ.
582 4204 688 4256 450
712 4201 825 4254 ED.
857 4199 1153 4265 POTTER,
1186 4199 1426 4252 377-378
1458 4199 1570 4255 ΕΙ).
1604 4200 1832 4254 PABIS.
1910 4201 1980 4271 (a)

2098 4218 2185 4256 ov.
2216 4219 2254 4270 ι,
2287 4204 2375 4258 33.
2453 4205 2535 4276 (b)
2568 4209 2729 4261 Prov.
2761 4222 2860 4274 vn,
2889 4208 2940 4259 2.
2969 4204 3039 4276 (ο)
3072 4203 3240 4259 Prov.
3273 4220 3387 4274 xxv,
3418 4205 3506 4273 16,
3540 4207 3633 4260 26.

397 4328 508 4400 (59)
539 4326 761 4400 ΑΚακῶν
813 4320 992 4400 ᾁρχήν
1056 4314 1305 4400 ἀφοϐίαν.
1367 4322 1714 4400 Respiciens
1771 4332 1977 4382 auctor

322 4393 771 4469 Proverbiorum
818 4393 1018 4469 locum
1042 4393 1174 4469 iam
1223 4393 1471 4469 dictum,
1502 4394 1750 4469 dixisset
1777 4400 1975 4469 potius

323 4411 771 4455 Proverblorum
820 4411 1018 4450 locum
1042 4411 1174 4519 ὲᾶω
1223 4411 1469 4458 dictum,
1502 4411 1750 4450 (llesset
1777 4411 1975 4469 potius

320 4474 500 4525 κακῶν
532 4465 882 4543 ,ἀπαλλαγὴν
935 4466 1040 4543 άφο
1087 4464 1186 4519 ίαν.
1232 4467 1377 4543 Nam
1407 4459 1760 4543 illa_&cpo_6ia,
1796 4486 1975 4543 quam

324 4545 491 4597 timor
520 4541 621 4595 Dei
677 4537 994 4610 operatur,'
1023 4554 1144 4610 non
1177 4541 1267 4592 est
1292 4537 1678 4610 κακῶνλᾲρχή,
1707 4537 1975 4597 malorum

322 4615 479 4682 origo
508 4627 571 4682 ac
594 4604 979 4682 principium;
1011 4608 1115 4664 sed
1144 4610 1320 4682 κακῶν
1363 4604 1682 4682 ἀπαλλαγή,
1719 4612 1974 4668 liberatio

324 4701 359 4739 a
384 4679 574 4752 malis.
596 4679 812 4752 iscrib‘i
869 4679 1049 4752 etiam
1091 4680 1298 4752 possit,
1349 4696 1469 4734 una
1497 4679 1697 4736 littera
1724 4690 1972 4752 mutata,

321 4757 502 4808 κακῶν
553 4751 726 4823 ἀργὴν
772 4743 1335 4823 ἀφοϐίανηηὶαὶονιιγη
1366 4758 1646 4823 expertem
1672 4760 1846 4810 metus
1874 4743 1975 4811 va;-

323 4818 604 4896 cuitateml
636 4818 778 4896 '_Q_uo
812 4818 993 4875 sensu
1023 4820 1190 4896 ἀργὸς
1223 4818 1709 4896 πόνωνίιᾳὸοτιιῖη
1740 4842 1933 4896 expers
1955 4846 1973 4882 .-

324 4904 384 4972 99
411 4890 839 4972 ἀργὸςβιλήρονν
869 4890 1310 4972 emeramus,
1344 4908 1378 4972 ξι
1412 4890 1677 4972 Platone
1729 4890 1969 4972 emur-

322 4963 645 5024 Clementis
664 4963 964 5039 sententia
979 4964 1064 5017 sic
1091 4963 1396 5039 intellecta
1411 4965 1526 5039 erit
1546 4966 1692 5022 hmo:
1717 4969 1779 5023 Si
1796 4970 1974 5039 igitur

320 5039 429 5110 illa
455 5042 629 5091 metus
673 5034 942 5100 vacuitas,
994 5050 1159 5110 quam
1208 5037 1369 5104 efﬁcit
1414 5034 1580 5110 timor
1628 5034 1868 5110 Domini,
1899 5045 1973 5098 sit

318 5109 591 5165 malorum
623 5119 837 5176 expers,
873 5110 989 5176 tum
1022 5103 1189 5160 timor
1226 5103 1333 5160 erit
1359 5107 1498 5174 quid
1528 5108 1749 5176 bonum,
1799 5103 1972 5169 nem-

316 5199 413 5253 pe,
445 5177 601 5251 quod
625 5192 659 5232 a
687 5172 863 5253 malis
882 5172 1115 5253 liberet.
1136 5176 1249 5253 sed
1279 5172 1576 5253 Koﬁvthius
1606 5179 1690 5234 ait
1713 5172 1789 5234 :'«
1821 5184 1972 5249 Quid

316 5242 363 5309 si
395 5242 624 5324 legatur
652 5243 839 5324 καλῶ]
872 5243 1074 5324 ἀρχήν,
1104 5246 1195 5324 vel
1222 5242 1571 5324 καταλύςξως
1595 5253 1797 5324 κακῶν.
1830 5242 1856 5306 ἶ

382 5314 500 5395 (ὅσ)
550 5318 736 5395 Τιμήν
790 5316 856 5395 ἢν
910 5314 1024 5368 ﬁt"
1079 5318 1193 5395 τοῦ.
1236 5319 1391 5395 θεῖ’ὖ-
1443 5318 1611 5395 Forte
1669 5323 1968 5394 τιμήντὴν

314 5388 420 5449 ἀπὸ
449 5388 546 5448 τοῦ
567 5388 725 5459 Θεοῦ,
784 5388 1047 5459 honorem
1095 5389 1193 5457 qui
1221 5403 1256 5440 a
1284 5390 1393 5441 Deo
1422 5394 1518 5442 est.
1580 5388 1854 5450 Suebae.
1901 5388 1972 5439 -'—-

316 5469 418 5523 Vel
446 5465 618 5539 τιμὴν
651 5456 786 5539 εἶναι
820 5456 926 5511 ἀπὸ
950 5476 1083 5539 ιτ.,“
1104 5456 1361 5539 honorem
1400 5474 1543 5539 _esse,
1588 5476 1634 5539 _a
1690 5464 1797 5517 Deo
1854 5470 1971 5538 ipso

320 5525 637 5612 accipimus.
685 5532 787 5590 Vel
831 5528 1004 5604 τιμὴν
1033 5525 1170 5583 εἶναι
1200 5531 1361 5583 τοῦτο
1392 5534 1452 5583 Θ.
1480 5525 1547 5602 ἐ.,
1581 5530 1841 5592 honorem
1867 5525 1973 5595 Dei

2005 4433 2052 4498 D

2085 4342 2194 4381 esse
2222 4328 2539 4398 accipimus.

2155 4400 2264 4469 (61)
2295 4395 2445 4459 Δὲος.
2480 4400 2644 4455 Unde
2674 4395 3094 4469 δεισιδαιμονία.

2164 4474 2276 4553 (62)
2332 4469 2848 4553 Ἵιξμπαλιν.οὖν...⁸
2883 4470 3163 4553 βοόεεται.
3222 4471 3306 4553 Cl.
3367 4472 3643 4553 Grabius
3677 4473 3737 4553 in

2083 4542 2349 4614 margine
2383 4542 2519 4596 libri
2552 4543 2641 4597 sui
2674 4542 2981 4597 adnotavit
3000 4544 3154 4599 hanc
3176 4545 3539 4599 sententiam
3569 4543 3739 4600 citari

2083 4636 2118 4669 ιι
2150 4619 2511 4669 Damasceno
2542 4613 2806 4669 Parallel.
2841 4613 2940 4667 lib.
2978 4631 3018 4669 ι.
3052 4631 3179 4669 can.
3214 4617 3267 4669 4.

2082 4636 2118 4674 a
2149 4619 2511 4672 Damasceno
2542 4619 2806 4669 Paratlet.
2841 4619 2940 4667 lib.
2978 4631 3018 4674 ι.
3052 4631 3179 4684 cap.
3214 4619 3267 4669 4.

2153 4684 2362 4774 (63)λ“0
2390 4680 2449 4737 δὲ
2478 4680 2604 4808 ἄφρ.
2639 4685 2804 4769 Yulg.
2838 4684 2976 4772 Bib.‘
2998 4685 3275 4741 Proverb.
3307 4703 3445 4771 xm.
3475 4687 3735 4758 plenius,

2082 4758 2110 4808 ὁ
2142 4755 2201 4808 δὲ
2254 4774 2464 4808 αφοων.
2547 4774 2691 4808 αυτω
2746 4755 3047 4808 πεποιθως.
3108 4755 3360 4808 μίγνυται
3420 4758 3637 4808 ανόιιω-
3671 4760 3734 4808 Α.

2081 4758 2110 4813 6
2142 4753 2201 4812 δέ
2244 4753 2464 4831 (ἄφρων,
2517 4753 2691 4826 ἑαυτῷ
2746 4753 3047 4824 πεποιθὼς,
3106 4755 3360 4829 μίγνυται
3414 4753 3637 4831 ’ἀν-όμῳ,
3670 4760 3734 4812 Α.

2081 4832 2415 4972 δγῖίξὸῃϐέῖς
2447 4894 2730 4972 εὐέλπιδα.
2790 4898 2941 4954 Flor.
2978 4897 3118 4972 edit.
3154 4895 3229 4972 ei;
3254 4896 3550 4972 _Et’)E)\1ti8a,
3578 4899 3735 4955 unde

2080 4966 2300 5063 aliquis
2338 4970 2695 5094 suspicetur,
2729 4970 3087 5041 transposito
3146 4966 3202 5022 εὖ
3254 4966 3577 5094 legendum
3606 4985 3735 5027 esse

2080 5045 2114 5094 ἢ
2148 5061 2438 5094 ευειιπτωσ
2462 5061 2495 5094 α
2525 5036 2699 5094 λαμϐ.
2733 5040 2810 5094 εἷς
2844 5036 3060 5094 ἐλπίδα.
3097 5043 3292 5094 Ριδεροθ
3340 5044 3463 5094 enti
3497 5056 3734 5094 auoaue

2079 5045 2115 5113 ἡ
2148 5036 2495 5115 εὖεμπτωσία
2525 5036 2707 5115 λαμϐ.
2733 5036 3060 5115 εἶςᾲέὶξπίδα.
3097 5036 3463 5115 ΡΓεΡεθεῖθῐιιί
3497 5056 3734 5115 quoque

2081 5112 2399 5188 sententia,
2433 5112 2789 5188 disjunctiva
2815 5113 2892 5188 in
2908 5112 3227 5188 articulum
3258 5130 3446 5188 versa,
3480 5112 3735 5188 légiipo-

2080 5194 2197 5244 test
2223 5187 2258 5254 ἡ
2292 5182 2539 5258 ἀπόντος
2552 5184 2757 5258 ἀγαθοῦ
2787 5182 3030 5252 εὗελπὶς,
3171 5184 3388 5258 absente
3419 5182 3571 5258 60nd
3595 5182 3735 5239 bona

2076 5276 2172 5341 spe
2197 5251 2366 5328 freta.
2420 5251 2651 5341 E62A_1tic
2690 5273 2859 5341 sane,
2884 5272 3015 5341 seu
3044 5251 3282 5341 εὔελπίς,
3315 5273 3420 5327 pro
3454 5256 3734 5312 substan-

2082 5327 2217 5396 tivo,
2251 5346 2452 5385 rarum
2483 5334 2591 5396 est,
2624 5327 3059 5410 mihiquidem.
3079 5327 3370 5408 .Sanonc.
3670 5396 3681 5407 .

2080 5402 2269 5527 P((16%).
2289 5396 2612 5478 Ἀδελφούς.
2645 5399 2875 5455 Similia
2904 5398 3049 5455 dlClt
3076 5398 3232 5454 infra
3284 5414 3416 5470 pag.
3451 5399 3556 5453 397
3589 5395 3733 5452 edit.

2128 5489 2269 5530 aris.
