4044 6154
349 354 462 409 977

1707 358 2160 417 ΒΤΒΟΠΑἸἮΜ
2195 359 2331 413 LIB.
2371 359 2444 414 Il.

3668 365 3779 422 978

349 477 675 548 ἐλπίζοντας
731 480 824 535 καὶ
875 481 972 543 τὰς
1029 482 1289 557 σαρκικάς
1320 480 1615 555 ἐπιθυμίας
1657 481 1987 552 ἐζακούομεν

2128 484 2219 535 est
2242 480 2565 536 artificiosa
2593 480 2872 536 amicitia;
2925 482 3074 537 ratio
3108 483 3265 540 circa
3305 501 3482 542 usum
3511 491 3777 561 peregri-

348 569 441 637 Μή
478 572 973 643 συσχηματίζεσθε,
1005 577 1168 641 φησὶν
1230 571 1258 625 6
1321 569 1686 640 Ἀπόστολος,
1715 574 1795 642 τῷ
1852 568 2009 623 αἰῶνι

346 656 550 730 τούτῳ,
633 657 784 713 ἀλλὰ
856 660 1311 736 μεταμορφοῦσθε
1369 664 1436 734 τῇ
1522 660 1855 714 ἀνακαινώσε
1910 659 2008 711 τοῦ

346 747 472 809 νοὸς
528 750 665 821 (66),
724 747 800 809 εἷς
856 748 918 803 τὸ
960 745 1276 821 δοκιμάζειν
1337 748 1503 822 ὑμᾶς,
1560 749 1612 803 τί
1669 749 1734 803 τὸ
1791 746 2008 818 θέλημα

342 839 442 890 τοῦ
526 839 662 891 Θεοῦ
714 836 776 891 τὸ
829 836 1048 913 ἀγαθὸν,
1107 837 1196 892 καὶ
1252 838 1563 912 εὐάρεστον,
1618 836 1711 892 καὶ
1772 834 2002 891 τέλειον.

345 925 695 1000 Ἀναστρέψει
749 925 934 980 τοίνυν
987 926 1022 996 ἠ
1082 923 1362 1002 φιλοξενία
1415 925 1539 1000 περὶ
1595 925 1657 980 τὸ
1721 922 2004 1001 ὠφέλιμον

339 1019 459 1077 τοῖς
520 1013 715 1087 ξένοις·
779 1014 919 1086 ξένοι
1005 1012 1064 1071 δὲ
1139 1016 1193 1070 οἱ
1245 1015 1496 1089 ἐπίξενοι·
1552 1014 1785 1086 έπίξενοι
1844 1010 1901 1067 δὶ
1946 1013 2003 1067 οἱ

340 1101 519 1180 φίλοι·
578 1102 736 1181 φίλοι
797 1101 855 1159 δὲ
903 1103 955 1159 οὶ
1012 1101 1264 1178 ἀδελφοί·
1323 1101 1462 1159 Φίλε
1512 1105 1812 1180 κασίγνητε
1867 1106 2003 1177 (67),

338 1193 502 1264 φησὶν
551 1195 831 1267 Ὅμηρος·
896 1193 926 1263 ἢ
983 1215 1044 1249 τε
1095 1191 1503 1272 φιλανθρωπία,
1563 1188 1635 1249 δι’
1690 1195 1757 1265 ἢν
1816 1193 1907 1249 καὶ
1962 1196 1996 1264 ἡ

337 1283 723 1360 φιλοστοργία,
782 1282 980 1361 φιλικὴ
1042 1290 1244 1359 χρῆσις
1286 1284 1587 1361 ἀνθρώπων
1653 1284 1999 1360 ὑπάρχουσα·

336 1373 373 1442 ἢ
420 1395 480 1428 τε
505 1373 892 1453 φιλοστοργία,
925 1373 1257 1452 φιλοτεχνία
1281 1396 1369 1437 τις
1427 1375 1565 1430 οὖσα
1624 1373 1748 1449 περί
1793 1375 1999 1450 στέρξιν

334 1462 511 1540 φίλων
540 1461 577 1532 ἤ
607 1463 843 1530 οἰκείων,
899 1484 1463 1541 συμπαρομαρτουσιν
1509 1465 1622 1538 (68)
1681 1464 1880 1538 ἀγάπῃ.
1934 1463 1999 1520 Ei

332 1549 391 1606 δὲ
419 1556 497 1624 τῷ
526 1548 611 1607 ὅτι
641 1551 928 1625 ἅνθρωπος
979 1553 1008 1608 6
1059 1551 1112 1607 έν
1164 1556 1325 1627 ἡμῖν,
1372 1551 1516 1608 ἐστὶν
1549 1553 1577 1607 ὁ
1607 1553 1997 1624 πνευματικὸς,

329 1638 665 1719 φιλαδελφία
719 1644 835 1716 (69)
892 1644 928 1712 ἡ
1006 1640 1413 1720 φιλανθρωπία,
1472 1646 1592 1703 τοῖς
1669 1645 1768 1697 τοῦ
1826 1640 1997 1696 αὑτοῦ

327 1728 651 1802 Πνεύματος
680 1731 1165 1799 κεκοινωνηκόσιν.
1228 1730 1452 1806 Στέρξις
1510 1726 1557 1784 δ’
1606 1726 1700 1797 αῦ,
1756 1728 1994 1804 τήρησίς

2119 585 2357 623 norum.
2391 569 2692 643 Peregrini
2733 575 2930 626 autem
2991 577 3150 639 sunt,
3206 573 3423 644 quibus
3461 579 3777 651 peregrina

2119 664 2276 726 sunt,
2307 676 2437 729 quas
2460 664 2601 714 sunt
2630 660 2953 717 mundana.
2975 662 3304 717 Mundanos
3338 665 3499 720 enim
3528 682 3649 736 eos,
3670 670 3770 739 qui

2116 746 2179 801 in
2210 751 2429 802 terram
2476 754 2738 819 sperant,
2798 753 2855 802 et
2906 751 3420 821 concupiscentias
3477 756 3767 825 carnales,

2115 834 2506 908 intelligimus
2542 853 2555 891 :
2589 838 2772 892 Nolite
2825 841 3163 909 conﬁrmari,
3196 839 3393 911 inquit
3429 844 3765 914 Apostolus,

2117 925 2245 980 huic
2273 924 2489 992 saeculo,
2521 926 2617 980 sed
2646 930 3132 995 transfmvnamini
3159 929 3514 985 renovatione
3547 936 3765 1001 mentis,

2114 1015 2190 1069 ad
2216 1014 2316 1069 hoc
2345 1020 2407 1068 ut
2433 1030 2526 1069 vos
2545 1016 2815 1085 probetis,
2874 1030 3003 1086 qua:
3057 1019 3130 1072 sit
3165 1018 3420 1073 voluntas
3451 1020 3552 1074 Dei
3602 1021 3765 1089 bona,

2116 1104 2249 1158 bene
2259 1104 2507 1173 placens,
2541 1110 2593 1158 et
2613 1108 2869 1175 perfecta
2890 1105 2989 1176 (α).
3016 1105 3363 1161 Versabitur
3393 1124 3530 1181 ergo
3562 1110 3765 1182 hospi-

2113 1193 2311 1249 talitas
2343 1195 2404 1248 in
2430 1195 2603 1260 >X<eo,
2648 1194 2805 1264 quod
2838 1199 2929 1249 est
2982 1194 3128 1250 utile
3176 1196 3529 1268 peregrinis.
3588 1202 3765 1254 Pere-

2111 1282 2265 1356 grini
2292 1287 2492 1337 autem
2514 1286 2672 1350 sunt,
2716 1282 2817 1353 qui
2849 1283 3031 1338 etiam
3062 1283 3344 1339 dicuntur
3374 1281 3630 1354 ἐπίξενοι,
3662 1304 3767 1344 seu

2112 1372 2349 1443 hospitio
2378 1373 2594 1441 excepti
2624 1389 2642 1425 :
2672 1369 2909 1443 ἐπίξενοι
2941 1378 3138 1427 autem
3189 1380 3328 1429 sunt
3355 1376 3532 1430 amici
3557 1377 3764 1443 ;amici

2109 1466 2309 1530 autem
2327 1465 2468 1516 sunt
2494 1461 2726 1517 fratres.
2757 1463 2955 1517 Frater
2979 1465 3171 1530 amice,
3212 1462 3408 1534 inquit
3425 1465 3716 1521 Homerus
3746 1483 3759 1520 :

2110 1555 2168 1605 et
2196 1549 2560 1616 humanitas,
2594 1564 2700 1620 per
2730 1566 2909 1620 quam
2941 1550 3007 1606 fit
3037 1550 3195 1607 bona
3224 1553 3480 1623 affectio,
3510 1570 3642 1624 quea
3672 1560 3762 1609 est

2107 1640 2334 1695 amicus
2362 1655 2506 1693 usus
2535 1639 2848 1693 hominum
2873 1657 2886 1706 ;
2921 1645 2979 1694 et
3007 1640 3136 1711 ipsa
3158 1639 3316 1697 bona
3346 1642 3599 1711 effectio,
3623 1659 3755 1713 quaa

2106 1733 2197 1783 est
2224 1727 2495 1799 quaedam
2522 1727 2846 1783 artificiosa
2869 1728 3145 1784 amicitiae
3175 1730 3325 1785 ratio
3357 1730 3514 1786 circa
3542 1731 3759 1786 amico-

329 1816 470 1873 ἐστιν
535 1817 744 1880 εὐνοίας
802 1817 838 1888 ἢ
897 1818 1244 1893 ἀγαπήσεως·
1305 1816 1580 1894 ἀγάπησις
1652 1816 1712 1873 δέ
1767 1816 1987 1873 ἀπόδει-

2105 1832 2236 1872 rum
2282 1817 2374 1872 vel
2432 1817 2909 1872 necessariorum
2967 1816 3340 1885 dilectiones,
3392 1819 3758 1874 comitantur

325 1906 406 1977 ξις
428 1910 544 1979 (70)
573 1907 867 1978 παντελής·
925 1910 1015 1962 καί
1061 1908 1125 1962 τὸ
1176 1906 1485 1982 ἀγαπᾶσθαι
1543 1904 1857 1981 ἀρέσκεσθαι
1903 1911 1985 1978 τῷ

323 1996 466 2066 ἤθει,
498 1994 763 2070 ἀγόμενόν
821 2016 881 2050 τε
908 1995 999 2051 καὶ
1057 1994 1417 2070 ἀπαγόμενον,
1476 1996 1731 2071 Ἀγονται
1790 1993 1849 2050 δὲ
1903 1994 1980 2057 εἷς

318 2082 627 2154 ταυτότητα
693 2079 762 2138 δι’
822 2083 1105 2157 ὁμόνοιαν,
1183 2083 1494 2159 ἐπιστήμην
1568 2081 1728 2138 οὖσαν
1783 2087 1979 2138 κοινῶν

321 2171 565 2246 ἀγαθῶν.
626 2171 726 2229 Καὶ
771 2172 878 2248 γὰρ
931 2175 968 2242 ἡ
1009 2171 1444 2247 ὁμογνωμοσύνη
1501 2172 1794 2246 συμφωνία
1838 2192 1979 2248 γνω-

325 2265 461 2334 μῶν.
494 2260 706 2331 Καὶ,⁶Η
736 2261 918 2338 ἀγάπη
971 2264 1111 2336 (71),
1173 2262 1361 2340 φησὶν,
1421 2260 1783 2337 ἀνυπόκριτος
1841 2255 1981 2317 ἔστω

317 2351 455 2422 ἡμῖν
562 2349 767 2418 αὐτοῖς,
849 2351 938 2406 καὶ
1055 2351 1483 2427 ἀποστυγοῦντες
1565 2350 1629 2405 τὸ
1713 2348 1982 2424 πονηρὸν,

319 2443 602 2513 γινώμεθα
684 2437 1037 2514 κολλώμενοι
1118 2444 1199 2512 τῷ
1257 2441 1440 2516 ἀγαθῷ
1518 2442 1589 2512 τῇ
1648 2435 1982 2515 φιλαδελφίᾳ

319 2548 399 2598 τε,
429 2529 521 2583 καὶ
572 2529 644 2584 τὰ
696 2530 820 2600 ἑξῆς
848 2527 977 2601 ἓως,
1035 2528 1101 2586 Εἰ
1134 2527 1384 2598 δυνατὸν,
1423 2527 1488 2584 τὸ
1519 2527 1571 2598 ἒξ
1632 2528 1786 2601 ὑμῶν
1845 2529 1981 2600 μετὰ

321 2616 534 2673 πάντων
644 2617 944 2691 ἀνθρώπων
1021 2617 1394 2692 εἰρηνεύοντες
1421 2659 1436 2674 .
1512 2617 1742 2673 Ἔπειτα
1785 2658 1800 2683 ,
1882 2615 1978 2682 Μὴ

322 2711 481 2774 νικῶ,
541 2705 711 2780 λέγει,
803 2706 907 2760 ὑπὸ
982 2709 1082 2761 τοῦ
1153 2709 1348 2772 κακοῦ,
1405 2702 1554 2759 ἀλλά
1619 2701 1744 2757 νίκα
1799 2702 1852 2755 ἐν
1901 2700 1981 2773 τῷ

320 2795 507 2868 ἀγαθῷ
563 2794 626 2848 τὸ
676 2793 865 2850 κακόν.
922 2790 1207 2856 Ἰουδαίοις
1260 2812 1321 2847 τε
1370 2792 1400 2845 6
1452 2790 1612 2852 αὐτὸς
1672 2787 1978 2851 ἀπόστολος

327 2887 618 2956 μαρτυρεῖν
691 2881 997 2956 ὁμολογεῖ,
1056 2880 1142 2935 ’ὁτι
1215 2880 1382 2950 ζῆλον
1488 2883 1622 2934 Θεοῦ
1707 2875 1928 2954 ἔχουσιν
1958 2922 1976 2947 ,

328 2967 456 3023 ἀλλ’
537 2968 599 3023 οὐ
686 2970 804 3024 κατ’
889 2969 1178 3042 ἐπίγνωσιν
1213 2986 1230 3003 ·
1332 2968 1621 3043 ἆγνοῦντες
1699 2969 1805 3044 γὰρ
1881 2968 1981 3036 τὴν

324 3060 421 3109 τοῦ
497 3060 632 3111 Θεοῦ
711 3053 1062 3127 δικαιοσύνην
1099 3102 1114 3126 ,
1196 3056 1288 3111 καὶ
1372 3058 1473 3128 τὴν
1558 3053 1702 3111 ῗδίαν
1763 3058 1985 3126 ζητοῦν-

2099 1906 2469 1961 charitatem.
2505 1906 2563 1960 Si
2593 1911 2790 1960 autem
2821 1921 3027 1960 revera
3057 1907 3256 1977 homo,
3297 1907 3398 1977 qui
3444 1912 3533 1962 est
3559 1908 3622 1962 in
3644 1925 3757 1962 no—

2096 1994 2210 2065 bis,
2243 1999 2334 2050 est
2366 1994 2713 2066 spiritualis,
2746 1994 3087 2050 humanitas
3136 2000 3226 2050 est
3279 1994 3625 2052 fraternitas
3654 1996 3752 2064 iis,

2097 2084 2200 2155 qui
2223 2089 2364 2139 sunt
2392 2083 2663 2156 ejusdem
2696 2083 2948 2154 Spiritus
2978 2083 3320 2156 participes.
3369 2085 3618 2141 Aﬂ‘ectio
3649 2101 3755 2140 au-

2098 2177 2216 2229 tem
2241 2191 2449 2229 rursus
2497 2178 2590 2229 est
2641 2174 3008 2229 conservatio
3037 2174 3488 2243 benevolentiae,
3520 2175 3613 2231 vel
3651 2175 3745 2231 di-

2091 2261 2384 2318 lectionis.
2413 2262 2660 2317 Dilectio
2686 2267 2887 2317 autem
2916 2267 3008 2317 est
3060 2262 3323 2333 perfecta
3351 2269 3411 2318 et
3463 2264 3739 2319 absoluta

2094 2350 2525 2407 demonstratio
2556 2366 2569 2403 :
2602 2353 2662 2403 et
2689 2349 2878 2421 diligi,
2933 2349 3092 2419 quod
3151 2356 3241 2405 est
3290 2351 3618 2424 ἀγαπᾶσθαι,
3650 2357 3744 2406 est

2092 2439 2330 2510 placere
2353 2437 2640 2504 moribus,
2664 2435 2917 2507 ducique
2935 2437 3238 2493 etahduci.
3270 2439 3337 2492 In
3362 2438 3521 2493 idem
3543 2444 3743 2494 autem

2092 2527 2394 2582 ducuntur
2419 2542 2526 2598 per
2554 2524 3175 2595 consensionem,quaa
3206 2531 3296 2581 est
3312 2526 3561 2582 scientia
3580 2543 3745 2582 com-

2090 2615 2364 2669 munium
2394 2612 3043 2668 bonorum.Consensio
3057 2612 3238 2680 enim,
3260 2630 3391 2684 qua;
3422 2613 3749 2688 ὁμογνωνο-

2091 2700 2249 2769 σύνη,
2308 2705 2399 2755 est
2454 2716 2781 2755 consensus
2830 2699 3187 2756 animorum.
3243 2703 3367 2756 Et:
3426 2704 3550 2759 Non
3590 2707 3740 2772 ﬁcta.

2090 2789 2308 2860 inquit,
2331 2788 2577 2843 charitas
2595 2790 2667 2843 sit
2696 2789 2870 2853 nobis,
2924 2795 2975 2844 et
3032 2789 3159 2844 odio
3201 2791 3460 2846 habentes
3512 2793 3742 2858 malum,

2090 2879 2468 2933 adhaereamus
2498 2879 2636 2934 bono
2666 2883 2717 2933 et
2742 2881 2986 2947 fratrum
3015 2881 3213 2947 amori,
3249 2884 3308 2936 et
3327 2897 3460 2951 quas
3481 2896 3747 2952 sequun-

2088 2973 2206 3034 tur,
2238 2983 2429 3038 usque
2459 2965 2532 3022 ad
2566 2966 2716 3022 illud
2752 2968 2855 3023 :Si
2896 2969 3160 3039 possibile
3214 2976 3310 3037 est,
3364 2977 3635 3040 quantum
3686 2974 3746 3026 in

2086 3058 2238 3114 vobis
2267 3063 2366 3125 est,
2398 3074 2521 3112 cum
2552 3058 2801 3113 omnibus
2859 3058 3168 3115 hominibus
3216 3075 3411 3130 pacem
3467 3060 3746 3117 habentes.

319 3163 407 3205 τες
490 3147 601 3217 (72)
683 3151 899 3215 στῆσαι,
977 3148 1046 3219 τῇ
1132 3141 1449 3220 δικαιοσύνῃ
1508 3148 1605 3199 τοῦ
1678 3142 1813 3200 Θεοῦ
1869 3143 1980 3219 οὐχ

2105 3148 2354 3208 Deinde:
2387 3150 2465 3203 Ne
2491 3146 2754 3215 uincaris,
2804 3148 3020 3219 inquit,
3052 3166 3087 3203 a
3141 3150 3310 3219 malo,
3362 3151 3456 3207 sed
3495 3154 3652 3208 vince
3686 3155 3747 3206 in

320 3213 685 3310 ὑπετάγησαν·
720 3213 782 3289 ού
812 3235 917 3310 γὰρ
965 3213 1032 3290 τδ
1088 3232 1350 3309 βούλημα
1417 3213 1515 3290 τοῦ
1566 3232 1740 3308 νόμου
1796 3213 1980 3308 ἔγνωί

2105 3240 2229 3294 bono
2243 3237 2449 3293 malum
2467 3237 2562 3307 (b).
2590 3239 2660 3291 Et
2687 3213 2847 3292 idem
2878 3213 3181 3308 apostolus
3206 3213 3425 3295 fatetur
3450 3257 3510 3296 se
3522 3240 3741 3297 Iudaeis

319 3323 413 3377 σάν
443 3344 504 3379 τε
531 3325 621 3379 καὶ
651 3322 941 3393 ἐποίησαν,
991 3321 1119 3379 ἀλλ’
1162 3321 1194 3379 ὅ
1253 3318 1525 3379 ὑπέλαϐον
1583 3322 1761 3395 αὐτοὶ,
1808 3326 1971 3378 τοῦτο

2105 3331 2227 3383 'erre
2253 3328 2624 3382 testimonium
2644 3326 2793 3396 quod
2811 3326 2987 3382 zelum
3030 3328 3130 3381 Dei
3176 3328 3433 3397 habeant,
3482 3331 3577 3385 sed
3622 3346 3739 3385 non

316 3412 407 3467 καὶ
446 3410 738 3488 βούλεσθαι
767 3412 861 3468 τὸν
910 3413 1084 3485 νόμον
1137 3412 1417 3485 ᾠήθησαν·
1448 3409 1564 3468 οὐδ’
1619 3413 1693 3475 ὡς
1751 3432 1972 3489 προφη-

2106 3419 2375 3475 ecundum
2404 3419 2690 3473 scientiam
2712 3434 2731 3471 :
2772 3418 3090 3486 ignorantes
3129 3420 3273 3472 enim
3305 3421 3405 3474 Dei
3433 3421 3735 3489 justitiam,

320 3500 530 3556 τεύοντι
564 3505 675 3575 (73)
703 3506 783 3574 τῷ
809 3502 968 3575 νόμῳ
998 3500 1330 3569 ἐπίστευσαν,
1362 3499 1513 3577 λόγῳ
1572 3498 1631 3557 δὲ
1679 3501 1851 3576 ψιλῷ·
1882 3500 1973 3556 καὶ

2105 3513 2135 3561 rt
2172 3508 2465 3577 propriam
2523 3511 2827 3575 quaerentes
2867 3511 3131 3574 statuere,
3184 3507 3282 3561 Dei
3332 3508 3571 3576 justitiz
3620 3525 3734 3562 non

329 3586 527 3667 φόϐῳ,
591 3590 719 3647 ἀλλ’
774 3591 837 3647 ού
895 3589 1131 3656 διαθέσει
1185 3591 1277 3647 καὶ
1332 3590 1510 3648 πίστει
1564 3590 1970 3662 ἠκολούθησαν·

2105 3601 2235 3651 uere
2262 3596 2512 3665 subjecti.
2543 3596 2670 3650 Non
2692 3594 2852 3650 enim
2873 3593 3021 3666 legis
3051 3594 3416 3651 voluntatem
3447 3613 3734 3669 cognove-

328 3678 501 3745 Τέλος
553 3681 654 3756 γὰρ
734 3681 910 3754 νόμου
959 3681 1197 3756 Χριστὸς
1247 3680 1325 3743 εἷς
1373 3679 1719 3752 δικαιοσύνην
1780 3681 1808 3735 6
1870 3678 1975 3734 ὑπὸ

2105 3688 2223 3740 'unt
2251 3689 2311 3739 et
2336 3683 2627 3750 fecerunt,
2677 3683 2779 3738 sed
2838 3683 2995 3753 quod
3049 3683 3166 3755 ipsi
3223 3683 3731 3752 existimaverunt,

326 3767 499 3841 νόμου
581 3768 978 3847 προφητευθεὶς
1058 3770 1219 3825 παντὶ
1258 3773 1341 3842 τῷ
1426 3768 1756 3826 πιστεύοντι.
1812 3769 1972 3833 Ὅθεν

2105 3790 2196 3829 ιοο
2218 3772 2398 3828 etiam
2427 3772 2620 3843 legem
2648 3771 2799 3827 velle
2855 3776 3158 3843 putarunt.
3216 3774 3416 3843 Neque
3456 3774 3570 3846 legi
3601 3778 3736 3829 tan-

328 3854 538 3930 εἵρηται
594 3858 815 3923 τούτοις
868 3857 1016 3927 παρὰ
1071 3858 1371 3920 Μωυσέως·
1433 3858 1572 3933 Ἐγὼ
1631 3860 1746 3931 (74)
1798 3877 1976 3927 παρα·-

2105 3879 2266 3935 ιιιειῐη
2294 3860 2668 3933 prophetiam
2691 3860 3023 3915 continenti
3055 3860 3457 3930 crediderunt,
3473 3863 3576 3917 sed
3608 3868 3736 3918 tan-

331 3945 568 4016 ζηλώσω
629 3948 768 4019 ὑμᾶς
825 3946 909 4003 ἐπ’
963 3946 1063 4002 οὐκ
1108 3941 1271 4017 ἔθνει,
1356 3945 1439 4002 ἐπ’
1521 3945 1661 4011 ἔθνει
1738 3946 1977 4020 ἀσυνέτῳ

2105 3967 2264 4022 [uam
2294 3949 2455 4004 nudo
2476 3947 2737 4004 sermoni
2763 3965 2776 4002 :
2802 3954 2861 4003 et
2888 3966 3009 4020 prae
3035 3950 3407 4018 timore,sine
3436 3952 3650 4006 aiTectu
3682 3956 3741 4005 et

326 4040 615 4110 παροργιῶ
650 4036 813 4109 ὑμᾶς,
851 4039 930 4107 τῷ
979 4033 1055 4097 είς
1113 4034 1356 4104 ὑπακοὴν
1413 4032 1673 4105 δηλονότι
1731 4035 1977 4111 εύτρεπεῖ

2105 4040 2225 4107 ide,
2259 4037 2525 4094 obsecuti
2557 4042 2715 4093 sunt.
2744 4036 2899 4092 Finis
2927 4040 3074 4093 enim
3100 4038 3237 4108 legis
3282 4046 3362 4094 est
3393 4039 3642 4096 Christus
3666 4040 3740 4094 ad

324 4125 623 4196 γενομένῳ.
683 4123 788 4180 Καὶ
847 4120 937 4179 διὰ
991 4122 1235 4192 Ἠσαίου,
1301 4121 1566 4198 Εὑρέθην,
1636 4122 1808 4199 λέγει,
1858 4129 1978 4186 τοῖς

2105 4129 2381 4194 iustitiam,
2407 4126 2508 4198 qui
2536 4130 2672 4181 esta
2692 4125 2820 4199 lege
2852 4126 3191 4197 przedictus,
3215 4129 3368 4182 omni
3395 4126 3734 4198 credenti(c).

326 4209 427 4283 ἐμὲ
484 4211 560 4283 μή
624 4216 919 4282 ζητοῦσιν·
1006 4212 1254 4290 ἐμφανὴς
1334 4210 1601 4287 ἐγενόμην
1683 4215 1796 4286 (75)
1859 4219 1977 4276 τοῖς

2105 4216 2253 4272 Jnde
2278 4216 2364 4271 eis
2385 4215 2611 4271 dictum
2644 4221 2737 4269 est
2777 4231 2813 4269 a
2842 4217 3038 4285 Moyse
3067 4232 3080 4268 :
3113 4218 3232 4286 Ego
3258 4216 3619 4273 aemulatione
3646 4231 3739 4271 vos

327 4297 427 4372 ἐμὲ
461 4301 536 4371 μή
581 4298 916 4373 ἐπερωτῶσι·
964 4301 1073 4373 πρὸ
1125 4307 1226 4370 τῆς
1280 4304 1378 4355 τοῦ
1436 4300 1634 4377 Κυρίου
1683 4302 1982 4374 παρουσίας

2105 4305 2394 4360 πουοοαὸο
2448 4306 2508 4358 in
2537 4319 2648 4358 non
2699 4310 2877 4373 gente,
2926 4306 2986 4357 in
3036 4305 3248 4374 populo
3300 4306 3470 4360 stulto
3513 4320 3609 4359 vos
3665 4305 3740 4360 ad

329 4385 570 4459 δηλαδὴ,
606 4389 724 4462 μεθ’
774 4389 842 4458 ἢν
875 4390 1075 4461 καὶτῷ
1125 4387 1347 4464 Ἰσραὴλ
1406 4389 1582 4444 ἐκεῖνα
1644 4390 1712 4444 τὰ
1765 4411 1981 4468 προφη-

2105 4397 2231 4448 iram
2257 4394 2492 4447 irritabo
2514 4393 2616 4464 (ἀ),
2669 4391 2772 4463 qui
2800 4392 2914 4446 fuit
2942 4392 3171 4448 scilicet
3199 4399 3441 4463 paratus
3489 4393 3562 4449 ad
3586 4393 3738 4450 obe-

325 4481 577 4542 τευθέντα
647 4476 864 4542 οἰκείως
948 4478 1166 4553 Λέγεται
1269 4482 1382 4535 νῦν.
1468 4478 1787 4553 Ἐξεπέτασα
1884 4479 1981 4543 τὰς

2105 4480 2397 4536 liendum.
2426 4481 2497 4533 Et
2524 4496 2631 4551 per
2658 4479 2869 4535 Isaiam
2909 4496 2921 4533 :
2952 4482 3209 4536 Inventus
3230 4497 3370 4550 sum,
3402 4482 3618 4553 inquit,
3649 4485 3739 4551 iis,

394 4622 457 4691 ιχ.
490 4613 1155 4691 pugnaremus,
1208 4616 1446 4691 3781379
1496 4616 1587 4669 El)
1631 4615 1861 4671 PARIS.
1893 4616 1965 4687 (a)

2105 4632 2165 4670 n.
2198 4631 2298 4680 χιι,
2327 4618 2378 4669 2.
2416 4614 2489 4686 (b)
2514 4614 2663 4670 Ibid.
2695 4630 2793 4681 xu,
2827 4617 2881 4682 9,
2912 4616 2998 4682 10,
3032 4617 3119 4682 18,
3151 4618 3238 4670 21.
3287 4616 3366 4687 (d)
3395 4618 3564 4687 Rom,
3594 4634 3652 4687 x,
3686 4624 3740 4691 2,

325 4685 379 4754 3,
412 4684 464 4741 4.
497 4686 572 4757 (d)
600 4684 747 4740 Ibid.
782 4688 847 4740 l9
872 4702 887 4752 ;
916 4686 1080 4740 Deut.
1113 4702 1293 4757 nm,
1320 4689 1409 4741 2i.

400 4831 509 4899 (66)
534 4825 702 4899 Νοός.
736 4823 879 4899 Νοός
912 4825 1281 4899 ὑμῶν,ΑῙῖΟῐῐ1.
1382 4894 1385 4897 Α

397 4894 514 4973 (67)
546 4894 683 4951 Φίλε
711 4916 763 4953 κ.
789 4894 1025 4973 Homer.
1052 4897 1217 4954 Iliad.
1236 4901 1306 4973 Ε,
1339 4894 1390 4953 v.
1422 4898 1546 4952 359.

399 4969 513 5044 (68)
547 4972 1141 5044 Συμπαρομαρτοῦσιν.
1201 4972 1329 5027 Non
1387 4969 1683 5024 assentior
1722 4970 1979 5025 Lowthio

328 5043 626 5112 scribenti,
639 5043 1198 5112 συμπαρομαρτοῦσα.

396 5116 507 5188 (69)
540 5110 910 5184 Φιλαδελφία.
948 5110 1351 5188 Tertullianus
1378 5113 1674 5188 Apologia
1703 5128 1831 5188 cap.
1864 5114 1931 5166 39
1961 5128 1974 5166 :

325 5184 545 5243 Fratres
581 5188 848 5241 dicuntur
905 5190 957 5238 et
1014 5184 1302 5251 habentur,
1361 5186 1459 5254 qui
1526 5200 1698 5238 unum
1755 5184 1979 5238 Patrem

323 5262 494 5316 Deum
523 5263 886 5328 agnoverunt,
920 5257 1018 5325 qui
1045 5272 1215 5310 unum
1271 5256 1543 5326 Spiritum
1574 5255 1827 5310 biberunt
1855 5270 1979 5310 san-

325 5336 555 5472 c“(t7aOt)ls.
593 5394 925 5468 Ἀπόδειξις.
998 5398 1170 5453 Forte
1256 5397 1638 5453 scribendum
1705 5391 1975 5521 ἀπόδεξις.

328 5475 470 5521 Nam
503 5472 720 5521 amoris
748 5477 836 5521 est
865 5474 1092 5521 amatos
1140 5465 1422 5521 παντελῶς
1464 5464 1851 5521 ἀποδέγεσθαι.
1919 5487 1975 5520 ο·-

328 5464 720 5528 Νξίῐῐιέιῐηονίε
748 5464 846 5525 est
865 5474 1092 5524 amatos
1140 5465 1422 5530 παντελῶς
1464 5464 1851 5540 ἀποδέχεσθαι,
1885 5464 1978 5521 δο-

325 5543 572 5614 κιμάζειν
603 5542 694 5596 καὶ
740 5544 1030 5607 συναινεῖν,
1081 5545 1157 5609 et,
1191 5546 1258 5596 ut
1313 5541 1603 5611 sequitur,
1639 5537 1977 5612 ἀρέσκεσθαι

324 5612 618 5758 “limam
664 5682 751 5758 ἀγ.
799 5682 861 5738 ἸΙ
920 5678 1099 5752 ἀγάπη
1160 5678 1543 5756 ἀνυπόκριτος.
1573 5681 1980 5756 ’Δποστυγοῢν-

2009 4833 2057 4895 D
2085 4846 2171 4888 τες
2198 4824 2262 4879 τὸ
2293 4824 2558 4900 πονηρὸν,
2577 4820 2941 4900 -κρλλιρμενοι
2969 4827 3050 4900 τῷ
3074 4823 3284 4899 ἀγαθῷ,
3325 4830 3492 4885 Rom.
3534 4845 3632 4898 xu,
3666 4833 3697 4884 9
3724 4847 3737 4885 :

2159 4902 2273 4966 (72)
2303 4891 2467 4967 Ἰδίαν
2503 4891 2551 4964 ζ.
2576 4892 2738 4952 Ἰδίαν
2759 4891 3103 4967 δικαιοσύνην
3123 4891 3185 4965 ’ζ.
3215 4891 3381 4954 Rom.

2159 4972 2274 5041 (73)
2303 4965 2432 5026 Οὐδ’
2464 4967 2537 5028 ὡς
2566 4986 2736 5041 προφ.
2789 4969 2909 5041 Hoc
2967 4965 3077 5041 est,
3136 4986 3258 5024 non
3315 4972 3542 5026 assensi
3601 4976 3743 5027 sunt

2086 5039 2432 5113 prepbetico
2466 5055 2534 5113 ac
2563 5039 2813 5110 mystico
2872 5039 3018 5113 legis
3067 5041 3290 5110 sensui,
3323 5058 3439 5113 quo
3470 5043 3741 5100 Christus

2085 5110 2370 5187 ven—turus
2395 5110 2695 5187 indicatus
2726 5116 2847 5165 est:
2869 5111 2971 5187 sed
2984 5110 3272 5168 duntaxat
3290 5110 3597 5187 eiternam
3612 5116 3741 5187 ejus

2086 5183 2366 5255 litteram,
2392 5182 2570 5255 idque
2593 5182 2804 5236 timore
2825 5182 3232 5255 potius,quam
3255 5185 3486 5241 sincero
3503 5182 3740 5254 affectu,

2087 5260 2189 5311 aut
2217 5254 2357 5321 fide,
2390 5254 2577 5308 secuti
2608 5257 2766 5308 sunt.

2159 5328 2272 5397 (74)
2305 5324 2468 5398 Ἐγώ.
2501 5325 2776 5380 Clemens
2802 5324 2865 5398 in
2924 5324 3038 5398 his,
3070 5330 3137 5380 ut
3193 5326 3371 5382 etiam
3402 5327 3464 5380 in
3486 5327 3576 5398 piis
3607 5341 3739 5394 quae

2089 5395 2341 5453 ex‘Isaia
2371 5395 2722 5467 sequuntur,
2741 5395 3064 5451 recitandis
3084 5397 3408 5468 Epistolam
3427 5397 3736 5468 adgﬂo‘ma-

2088 5486 2199 5524 nos
2228 5464 2605 5539 potissimum
2658 5472 2904 5539 secutus
2929 5473 3041 5539 est.
3098 5464 3254 5539 Κάγὼ
3286 5484 3392 5538 pro
3423 5464 3550 5539 ἐγώ,
3584 5466 3739 5519 Deu—

2088 5546 2198 5596 ter.
2228 5536 2402 5605 Dein,
2436 5537 2635 5609 αὐτοὺς
2657 5537 2749 5593 bis
2778 5554 2884 5609 pro
2920 5536 3081 5609 ὑμᾶς,
3114 5536 3256 5609 ibid.

2160 5599 2584 5683 (75)_’_E[.iqpavi;q
2617 5599 2697 5683 ty.
2736 5599 2922 5683 ‘I‘flna,
2948 5599 3128 5683 ἐἸδὸύ
3167 5605 3306 5679 είμι,
3365 5608 3442 5676 νῷ
3495 5599 3635 5667 ἔθνει
3684 5602 3740 5658 οἳ

2089 5675 2188 5736 οὐκ
2216 5675 2472 5736 ἐίιάλέσάν
2503 5675 2610 5753 μόυ
2636 5675 2700 5733 τὸ
2729 5675 2926 5749 ύνομα,
2948 5678 3059 5734 Isa.
