4044 6154
328 273 443 355 .983

1553 278 1969 333 CLEMENTIB
2001 277 2508 335 ALEXANDBINI

3648 278 3755 334 984

332 402 618 458 Ambulate
665 400 724 455 in
756 400 850 455 eis.
880 402 1000 469 Ego
1029 400 1294 453 Dominus
1324 402 1465 454 Deus
1489 408 1685 456 vester.
1719 404 1791 456 Et
1817 418 1997 456 serva-

2128 422 2223 456 λου
2289 405 2515 473 πιήσετε
2544 450 2559 474 ,
2615 404 2706 458 καὶ
2782 404 2852 458 τὰ
2912 397 3309 477 προστᾶγματά
3365 408 3473 474 μου
3524 401 3752 475 φυλάξε-

335 492 465 545 bitis
487 492 671 545 omnia
689 495 969 560 pracepta
998 505 1137 552 mea,
1162 494 1213 541 et
1237 490 1455 556 facietis
1494 506 1574 542 ea.
1641 491 1746 554 Qui
1801 492 1992 558 fecerit

338 597 403 635 ea
432 580 612 644 homo,
643 580 784 631 vivet
812 579 869 629 in
898 579 994 630 eis.
1022 577 1134 644 Ego
1187 579 1454 631 Dominus
1502 580 1642 632 Deus
1685 585 1857 632 vester
1887 583 1941 646 (α
1945 580 1990 649 ).

342 671 548 724 Utrum
572 671 767 721 autem
798 664 1004 718 mundi
1039 670 1098 718 et
1127 663 1519 736 deceptionis,
1545 682 1619 720 an
1652 667 1833 721 animi
1858 684 1995 738 per-

339 756 744 812 turbationum
769 753 1117 807 etvitiorum
1138 753 1260 806 sint
1282 753 1617 824 symbolum
1639 756 1915 827 .Egyptus
1937 760 1996 810 et

340 850 498 899 terra
525 843 829 901 Chanaan.
860 858 894 896 a
925 841 1144 913 quibus
1172 841 1598 897 abstinendum
1647 844 1743 907 sit,
1778 844 1995 915 quibus

338 938 536 989 autem
568 931 747 986 rebus
778 929 977 985 danda
1006 930 1084 984 sit
1113 945 1311 1000 opera,
1359 931 1518 1002 quod
1548 931 1767 986 divinis
1798 933 1995 1002 potius

337 1037 516 1094 quam
573 1019 895 1075 mundanis
928 1064 943 1088 ,
989 1018 1163 1073 nobis
1194 1018 1460 1073 ostendit
1488 1020 1819 1075 oraculum.
1850 1022 1995 1075 Cum

336 1116 536 1166 autem
559 1108 704 1164 dicit
728 1125 740 1161 :
776 1110 882 1172 Qui
908 1111 1103 1176 fecerit
1132 1107 1313 1175 homo,
1338 1107 1484 1163 vivet
1513 1111 1573 1163 in
1602 1112 1677 1164 eis
1706 1127 1726 1164 :
1755 1116 1813 1164 et
1834 1110 1996 1181 ipso-

337 1215 471 1254 rum
520 1197 903 1252 Hebraaorum
958 1197 1419 1262 correctionem,
1478 1202 1537 1251 et
1589 1199 1995 1268 proximorum

336 1291 679 1343 nostrorum
696 1285 1180 1341 exercitationem
1202 1291 1261 1340 et
1281 1284 1637 1357 profectum,
1654 1287 1997 1357 *ipsorum

336 1377 517 1431 vitam
574 1374 720 1430 dicit
756 1380 816 1429 et
846 1380 1129 1429 nostram.
1185 1377 1290 1440 Qui
1320 1376 1467 1429 enim
1496 1381 1623 1429 sunt
1652 1380 1857 1429 mortui
1903 1376 1998 1430 de-

345 1465 511 1531 lictis,
544 1467 941 1532 conviﬁcantur
970 1462 1184 1517 Christo
1215 1464 1291 1534 (ὁ)
1321 1506 1335 1530 ,
1377 1480 1484 1534 per
1515 1469 1788 1518 nostrum
1818 1469 2000 1519 testa-

346 1560 635 1609 mentum.
691 1552 855 1623 Saepe
905 1557 1104 1606 autem
1136 1557 1414 1622 repetens
1468 1552 1772 1623 Scriptura
1800 1552 1949 1607 illud
1983 1569 1996 1608 :

346 1645 463 1713 Ego
493 1644 755 1696 Dominus
786 1642 924 1695 Deus
964 1646 1160 1708 vester,
1220 1639 1447 1711 pudore
1502 1640 1818 1696 afﬁciendo
1868 1642 2003 1713 pul-

348 1732 641 1787 cherrime
674 1732 965 1796 hortatur,
998 1728 1222 1784 docens
1249 1729 1417 1799 sequi
1452 1730 1656 1796 Deum,
1686 1731 1789 1800 qui
1838 1730 2003 1785 dedit

347 1826 664 1893 praecepta.
684 1819 1021 1884 Quinetiam
1044 1819 1218 1872 tacite
1239 1823 1599 1882 commonet,
1628 1819 1812 1873 Deum
1838 1836 1997 1889 quae-

346 1926 478 1965 rere
509 1950 523 1976 ,
558 1912 616 1962 et
646 1952 661 1975 ,
696 1905 891 1977 quoad
924 1906 1051 1961 ﬁeri
1082 1911 1279 1977 potest
1311 1948 1324 1973 ,
1360 1906 1562 1961 conari
1596 1923 1953 1979 cognoscere
1980 1926 1993 1976 ;

346 2015 481 2068 quae
512 1996 753 2067 quidem
810 1995 990 2051 fuerit
1047 1996 1307 2050 maxima
1351 1995 1797 2066 contemplatio,
1831 2013 1999 2052 sacra

347 2087 631 2159 mysteria
653 2085 1003 2156 inspiciens,
1035 2100 1169 2138 vere
1204 2084 1473 2151 scientia,
1498 2090 1660 2139 certa
1692 2089 1751 2138 et
1780 2084 1997 2140 immu-

348 2175 547 2231 tabilis
577 2173 805 2229 ratione
837 2173 1012 2228 facta.
1037 2174 1169 2227 Haac
1196 2171 1323 2227 sola
1345 2178 1436 2227 est
1465 2172 1773 2243 sapientiae
1794 2175 2000 2245 cogni-

353 2264 456 2332 tio,
490 2280 524 2318 a
553 2278 671 2333 qua
700 2277 1011 2333 nunquam
1044 2264 1354 2331 separatur
1375 2260 1541 2331 justa
1569 2260 1855 2331 operatio.

2103 501 2214 552 σθε·
2274 492 2568 565 πορεύεσθε
2598 491 2650 546 έν
2681 491 2883 555 αὐτοῖς·
2945 491 3056 566 ἐγὼ
3115 489 3521 567 Κύριοςὸθεὸς
3579 490 3752 561 ὑμῶν’

2101 579 2191 632 καὶ
2251 577 2548 653 φυλάξεσθε
2605 580 2780 635 πάντα
2834 583 2901 634 τὰ
2952 578 3345 655 προστάγματά
3425 599 3532 651 μου
3593 584 3705 651 (95)
3738 622 3752 647 ,

2101 667 2191 721 καὶ
2282 672 2544 740 ποιήσετε
2637 669 2789 724 αὐτά·
2878 670 2939 726 Ὁ
3004 670 3242 737 ποιήσας
3332 665 3467 721 αὖτά
3549 668 3757 741 ἄνθρω-

2102 777 2209 819 πος
2268 759 2401 830 (96),
2460 760 2677 827 ζήσεται
2737 758 2789 813 ἐν
2847 756 3053 818 αὐτοῖς.
3116 757 3238 831 Εγὼ
3297 754 3499 829 Κύριος
3549 758 3578 811 6
3629 757 3755 818 θεὸς

2106 846 2283 918 ὑμῶν.
2320 843 2431 903 Εἶτ’
2463 845 2556 901 οὖν
2610 847 2822 919 κόσμου
2872 845 2965 901 καὶ
3014 846 3248 913 ἀπάτης,
3287 842 3394 899 εἴτε
3441 843 3628 899 παθῶν
3672 847 3757 900 καὶ

2101 939 2305 989 κακιῶν
2340 938 2451 1007 (97)
2486 929 2766 1008 σύμϐολον
2827 932 3103 1008 Αἴγυπτος
3144 933 3235 987 καὶ
3263 935 3298 1002 ἡ
3331 934 3623 996 Χανανῖτις
3664 939 3754 1007 γῆ,

2104 1024 2178 1077 ὧν
2220 1024 2315 1095 μὲν
2376 1024 2658 1100 ἀφεκτέον,
2721 1024 2886 1077 ὁποῖα
2938 1019 2996 1077 δὲ
3053 1020 3456 1091 ἐπιτηδευτέον,
3510 1022 3589 1082 ὡς
3648 1023 3759 1076 θεῖα

2103 1112 2193 1166 καὶ
2250 1111 2311 1165 οὐ
2367 1112 2629 1184 κοσμικᾶ,
2690 1109 2955 1166 δείκνυσιν
3014 1113 3151 1183 ἡμῖν
3201 1110 3265 1165 τὸ
3321 1110 3543 1184 λόγιον.
3595 1111 3757 1168 ’Όταν

2106 1198 2165 1255 δὲ
2220 1198 2387 1271 εἴπῃ,
2445 1202 2503 1253 '0
2556 1203 2794 1270 ποιήσας
2868 1202 3156 1275 ἄνθρωπος
3191 1244 3207 1269 ,
3268 1201 3487 1268 ζήσεται
3551 1199 3603 1253 έν
3663 1200 3760 1255 αὖ-

2102 1293 2218 1349 τοῖς
2252 1331 2265 1357 ,
2323 1290 2425 1358 τήν
2491 1310 2549 1344 τε
2608 1284 2875 1363 Ἐϐραίων
2938 1288 3112 1343 αὐτῶν
3171 1286 3544 1362 ἐπανόρθωσιν
3580 1333 3594 1358 ,
3663 1289 3759 1357 τήν

2103 1396 2164 1431 τε
2190 1380 2299 1431 τῶν
2341 1375 2511 1441 πέλας
2550 1380 2662 1450 (98)
2720 1380 2881 1449 ἡμῶν
2944 1377 3120 1431 αὐτῶν
3181 1377 3507 1445 συνάσκησιν
3561 1397 3620 1432 τε
3676 1376 3765 1431 καὶ

2106 1466 2395 1540 προκοπήν
2459 1467 2605 1535 ζωὴν
2666 1464 2812 1540 λέγει
2868 1466 3049 1520 αὐτῶν
3096 1485 3156 1520 τε
3197 1465 3286 1519 καὶ
3344 1467 3535 1537 ἡμῶν.
3566 1465 3634 1522 Οἱ
3664 1465 3763 1541 γὰρ

2106 1554 2288 1629 νεκροὶ
2372 1559 2491 1619 τοῖς
2575 1555 2981 1631 παραπτώμασι
3080 1558 3547 1623 συζωοποιοῦνται
3632 1560 3768 1630 Χρι-

2108 1648 2241 1715 στῷ,
2276 1640 2366 1698 διὰ
2391 1650 2493 1713 τῆς
2538 1645 2808 1718 ἡμετέρας
2861 1644 3159 1713 Διαθήκης.
3222 1640 3501 1705 Πολλάκις
3539 1640 3598 1697 δὲ
3627 1642 3765 1698 ἐπα-

2110 1726 2534 1805 ναλαμϐάνουσα
2576 1735 2611 1803 ἡ
2675 1734 2885 1811 Γραφή,
2943 1733 3029 1798 τὸ,
3079 1732 3225 1806 Ἐγὼ
3284 1731 3486 1807 Κύριος
3548 1732 3577 1786 6
3634 1732 3766 1794 Θεὸς

2112 1822 2288 1893 ὑμῶν,
2329 1818 2574 1876 δυσωπεῖ
2632 1821 2727 1894 μὶν
2789 1820 3289 1897 διατρεπτικώτατα
3338 1817 3560 1883 ἕπεσθαι
3612 1817 3766 1874 διδά-

2108 1930 2309 1964 σκουσα
2336 1914 2418 1981 τῷ
2445 1910 2541 1971 τὰς
2582 1907 2809 1971 ἐντολὰς
2842 1906 3103 1964 δεδωκότι
3158 1912 3295 1980 Θεῷ,
3353 1909 3763 1981 ὑπομιμνήσκει

2109 1996 2166 2053 δὲ
2194 1997 2376 2073 ἡμέρα
2403 2003 2580 2068 ζητεῖν
2612 1999 2705 2053 τὸν
2740 1999 2891 2070 Θεὸν,
2950 1999 3042 2053 καὶ
3101 1998 3176 2061 ὡς
3225 1997 3336 2052 οἶόν
3393 2019 3451 2053 τε
3482 1996 3766 2071 γινώσκειν

2108 2089 2432 2165 ἐπιχειρεῖν*
2492 2090 2617 2158 ἣτις
2676 2088 2735 2143 ἃν
2792 2088 2877 2158 εἴη
2911 2088 3110 2163 θεωρία
3164 2089 3414 2162 μεγίστη,
3466 2090 3501 2157 ἡ
3544 2086 3771 2143 ἐποπτι-

2107 2178 2231 2246 κήν,
2265 2179 2300 2247 ἡ
2330 2182 2408 2249 τῷ
2434 2172 2549 2232 ὄντι
2581 2176 2864 2250 ἐπιστήμη
2917 2182 3050 2249 (99),
3081 2179 3116 2246 ἢ
3150 2177 3562 2249 ἀμετάπτωτως
3611 2176 3774 2250 λόγῳ

2110 2265 2395 2339 γινομένη·
2438 2261 2574 2336 αὕτη
2620 2263 2695 2348 -ἃν
2756 2264 2840 2336 εἴη
2904 2266 3045 2339 μόνη
3079 2268 3113 2334 ἡ
3144 2272 3247 2334 τῆς
3299 2265 3488 2342 σοφίας
3544 2269 3774 2341 γνῶσις.

2110 2353 2178 2422 ἧς
2212 2351 2470 2409 οὐδέποτε
2499 2353 2795 2429 χωρίζεται
2825 2356 2860 2424 ἡ
2898 2352 3305 2428 δικαιοπραγία.

1882 2468 2115 2525 CAPUT
2153 2472 2246 2525 XI.

1882 2472 2115 2525 CAPUT
2153 2472 2246 2526 ΧΙ.

1004 2559 1385 2628 Cognitionem
1414 2557 1569 2611 illam
1600 2574 1722 2627 qua:
1746 2574 1852 2627 per
1878 2558 2037 2625 ﬁdem
2066 2560 2308 2615 traditur
2337 2577 2445 2616 esse
2473 2563 2714 2616 omnium
2757 2562 3130 2616 certissimam.

432 2662 545 2717 Sed
576 2674 783 2715 eorum
812 2657 1075 2728 quidem,
1103 2657 1204 2727 qui
1228 2674 1290 2712 se
1322 2656 1620 2727 sapientes
1647 2655 2012 2725 existimant,

361 2753 482 2808 sive
516 2751 634 2806 sint
661 2746 929 2802 barbara)
949 2746 1228 2813 haereses,
1251 2745 1369 2799 sive
1394 2746 1729 2800 Graacorum
1751 2744 2018 2815 philoso-

358 2841 485 2913 phi,
519 2842 676 2907 inﬂat
698 2836 929 2890 scientia
954 2836 1043 2903 (ο),
1070 2850 1140 2888 ex
1165 2833 1462 2907 sententia
1483 2833 1771 2904 Apostoli.
1797 2832 2016 2887 Fidelis

362 2934 452 2984 est
480 2932 680 2982 autem
710 2922 987 2995 cognitio,
1022 2939 1154 2991 qum
1204 2921 1383 2975 fuerit
1413 2922 1743 2977 scientiﬁca
1767 2921 2017 2976 demon-

365 3016 570 3073 stratio
603 3029 809 3067 eorum
832 3028 963 3081 quae
985 3010 1302 3065 traduntur
1347 3010 1406 3064 in
1433 3027 1569 3065 vera
1614 3010 2013 3082 philosophia.

365 3102 698 3160 Dixerimus
730 3104 927 3154 autem
959 3113 1088 3153 eam
1139 3114 1269 3153 esse
1317 3099 1633 3167 rationem,
1667 3115 1781 3169 que
1816 3099 1910 3164 iis,
1946 3098 2017 3152 de

370 3191 585 3265 quibus
617 3188 939 3254 dubitatur,
974 3203 1043 3240 ex
1074 3186 1166 3255 iis,
1203 3204 1334 3257 quis
1387 3192 1529 3241 sunt
1576 3192 1737 3242 certa
1767 3192 1825 3241 et
1855 3192 2020 3242 extra

371 3278 856 3343 controversiam,
881 3275 1060 3331 ﬁdem
1093 3275 1252 3330 facit.
1286 3276 1433 3330 Cum
1465 3276 1543 3330 sit
1571 3281 1771 3330 autem
1800 3275 2020 3346 duplex

374 3370 545 3437 ﬁdes,
570 3383 689 3422 una
710 3365 949 3437 quidem
978 3381 1110 3435 quia
1142 3369 1231 3419 est
1253 3380 1387 3418 cum
1421 3363 1672 3418 scientia
1700 3362 2022 3433 conjuncta

373 3460 562 3516 altera
591 3472 724 3511 vero
757 3470 886 3525 quze
918 3470 1053 3508 cum
1085 3452 1365 3524 opinione
1400 3468 1413 3505 :
1456 3451 1609 3506 nihil
1654 3450 1869 3518 obstat,
1903 3467 2020 3521 quo

370 3549 570 3606 minus
628 3544 847 3616 duplex
904 3543 1248 3597 nominetur
1278 3556 1516 3611 quoque
1569 3538 2020 3606 demonstratio,

370 3655 491 3694 una
521 3635 856 3700 scientiam,
881 3632 1068 3687 altera
1098 3630 1441 3701 opinionem
1472 3645 1688 3700 parens
1714 3645 1726 3682 :
1762 3628 2025 3698 quando-

373 3726 617 3798 quidem
664 3721 921 3794 cognitio
953 3736 1210 3790 quoque,
1272 3722 1332 3773 et
1382 3717 1761 3790 praecognitio
1806 3716 2023 3788 duplex

368 3815 625 3870 dicitur:
686 3827 808 3867 una
864 3808 1106 3880 quidem
1162 3812 1437 3864 accurata
1466 3813 1525 3861 et
1555 3812 1779 3871 exacta,
1837 3806 2023 3862 altera

368 3919 503 3958 vero
537 3899 905 3972 imperfecta.
940 3896 1235 3967 Numquid
1263 3901 1467 3950 autem
1499 3912 1567 3951 ea
1594 3895 1738 3961 sola,
1774 3911 1904 3966 qum
1937 3898 2029 3948 est

372 3991 527 4064 apud
559 4007 692 4057 nos,
715 4004 852 4043 vera
871 3985 1052 4041 fuerit
1082 3984 1538 4050 demonstratio,
1563 3989 1628 4038 ut
1644 3999 1776 4054 qua;
1799 3999 1868 4037 ex
1888 3981 2028 4036 divi-

372 4082 467 4136 nis
489 4078 900 4150 suppeditetur
920 4072 1258 4145 Scripturis,
1278 4089 1410 4142 quae
1433 4077 1576 4127 sunt
1601 4088 1782 4126 sacrae
1813 4071 2027 4125 littera;

376 4175 435 4225 et
465 4186 536 4223 ex
568 4184 656 4234 ea,
688 4180 816 4237 qua?
845 4181 879 4219 a
914 4169 1023 4218 Deo
1056 4162 1299 4229 docetur,
1325 4160 1607 4230 sapientia
1662 4161 1768 4231 (ἁ),
1825 4166 1893 4214 ut
1948 4159 2031 4213 ait

378 4257 737 4332 Apostolus?
758 4259 859 4311 Est
877 4255 1056 4327 igitur
1077 4252 1347 4307 doctrina
1364 4251 1637 4322 quaedam
1650 4267 1858 4323 parere
1881 4266 2029 4321 prea-

378 4350 587 4423 ceptis,
610 4346 768 4420 quod
794 4350 881 4401 est
910 4345 1030 4399 Deo
1058 4341 1301 4398 credere
1327 4359 1341 4407 ;
1370 4346 1429 4395 et
1460 4340 1729 4397 ﬁdesest
1758 4338 2030 4411 quaadam

382 4440 482 4494 Dei
515 4436 803 4510 potentia,
827 4450 963 4490 cum
985 4433 1062 4488 sit
1094 4432 1180 4486 vis
1209 4430 1493 4486 veritatis.
1528 4430 1688 4485 Dixit
1714 4428 2029 4483 nimirum:

382 4530 443 4582 Si
481 4496 725 4580 habeatis
754 4496 915 4595 ﬁdem
944 4530 1006 4577 ut
1036 4538 1274 4592 granum
1302 4523 1535 4591 sinapis,
1568 4526 1805 4573 montem
1851 4524 2014 4572 trans-

2141 4496 2360 4564 πέύεται
2385 4549 2398 4574 ,
2456 4502 2671 4577 προσλα

2192 2655 2356 2713 Ἀλλ’
2405 2659 2439 2727 ἡ
2477 2658 2569 2730 μὲν
2628 2662 2736 2713 τῶν
2793 2654 3160 2736 οἰησισόφων,
3218 2657 3325 2713 εἴτε
3382 2654 3617 2730 αἱρέσεις
3677 2656 3780 2711 εἶεν

2128 2742 2393 2822 βάρϐαροι
2444 2747 2550 2803 εἷ’τε
2607 2748 2657 2801 οἱ
2716 2748 2846 2821 παρ’
2897 2745 3118 2817 Ελλησι
3174 2746 3517 2824 φιλόσοφοι,
3579 2749 3783 2821 γνῶσις

2124 2841 2312 2912 φυσιοῖ
2359 2838 2497 2892 κατὰ
2549 2838 2640 2891 τὸν
2701 2834 3061 2891 Ἀπόστολον·
3122 2837 3290 2904 πιστὴ
3353 2832 3411 2890 δὲ
3555 2839 3771 2909 γνῶσις,

2123 2926 2240 2992 ἣτις
2287 2922 2345 2979 ἂν
2406 2923 2489 2996 εἴη
2544 2924 2940 2998 ἐπιστημονικὴ
3000 2921 3271 2995 ἀπόδειξις
3328 2927 3438 2978 τῶν
3487 2924 3625 2979 κατᾶ
3680 2923 3779 2991 τὴν

2127 3012 2311 3083 ἀληθῆ
2370 3013 2697 3091 φιλοσοφίαν
2758 3010 3214 3089 παραδιδομένων
3275 3014 3545 3088 φήσαιμεν
3606 3009 3663 3067 δὲ
3715 3010 3773 3065 ἂν

2051 3129 2093 3196 C
2129 3100 2297 3170 αὐτὴν
2356 3101 2526 3175 λόγον
2584 3100 2721 3156 εἷ’ναι
2773 3107 2891 3163 τοῖς
2947 3096 3496 3178 ἀμφισϐητουμένοις
3564 3099 3622 3155 ἐκ
3676 3103 3779 3153 τῶν

2130 3188 2597 3264 ὁμολογουμένων
2673 3189 3033 3264 ἐκπορίζοντα
3104 3190 3201 3258 τήν
3255 3189 3437 3244 πίστιν
3473 3234 3485 3247 .
3546 3188 3775 3264 Πίστεως

2131 3262 2835 3348 Wﬁs
2896 3276 2991 3348 μὲν
3053 3262 3774 3348 mm

2132 3364 2471 3439 δοξαστικῆς,
2506 3364 2658 3428 οὐθὲν
2689 3361 3045 3432 MRF;
2938 3361 3214 3436 gge3sz£w
3244 3364 3534 3438 ὀνομάζειν
3569 3361 3773 3429 διττὴν,

2132 3385 2471 3439 οοζαστικης,
2506 3385 2658 3428 ουυεν
2689 3385 2807 3419 κωΛ
3019 3385 3214 3435 οοειζιν
3244 3385 3534 3438 ονομαςειν
3569 3385 3773 3429 οιττην,

2128 3385 3088 3527 1mm
3131 3451 3472 3524 δοξαστικήν·
3526 3453 3639 3509 ἐπεὶ
3692 3450 3781 3505 καὶ

2131 3546 2165 3614 ἡ
2199 3547 2400 3619 γνῶσις
2429 3544 2517 3597 καὶ
2548 3545 2582 3611 ἠ
2614 3543 2921 3617 πρόγνωσις
2952 3539 3107 3612 διττῆ
3159 3540 3398 3618 λέγεται,
3433 3545 3466 3612 ἡ
3501 3542 3594 3614 μὲν
3641 3541 3779 3610 ἀπη-

2131 3627 2481 3709 κριϐωμένην
2531 3625 2736 3705 ἔχουσα
2788 3631 2888 3699 τὴν
2939 3632 3137 3700 ἑαυτῆς
3186 3630 3366 3706 φύσιν,
3398 3635 3433 3701 ἡ
3466 3629 3524 3687 δὲ
3554 3628 3778 3696 ἐλλιπῆ.

2135 3724 2238 3782 Καὶ
2273 3725 2404 3797 μήτι
2436 3724 2471 3790 ἡ
2494 3721 2623 3796 παρ’
2651 3722 2787 3792 ἡμῖν
2834 3717 3107 3791 ἀπόδειξις
3167 3720 3307 3794 μόνη
3341 3721 3400 3775 ἂν
3434 3721 3517 3791 εἴη
3546 3718 3780 3787 ἀληθής,

2136 3813 2227 3869 ἃτε
2281 3811 2340 3867 έκ
2395 3809 2554 3865 θείων
2633 3808 3029 3885 χορηγουμένη
3114 3814 3340 3887 Γραφῶν
3374 3855 3388 3877 ,
3460 3813 3567 3863 τῶν
3621 3808 3779 3877 ἱερῶν

2136 3902 2478 3979 γραμμάτων
2514 3941 2528 3964 ,
2588 3898 2678 3953 καὶ
2748 3904 2850 3967 τῆς
2928 3894 3276 3961 θεοδιδάκτου
3334 3897 3563 3970 σοφίας,
3646 3893 3782 3947 κατὰ

2134 3993 2226 4047 τὸν
2262 3987 2596 4048 Ἀπόστολον
2624 4006 2637 4057 ;
2670 3986 2923 4056 Μάθῃσις
2954 3990 3086 4062 γοῦν
3135 3986 3224 4040 καὶ
3252 3987 3315 4040 τὸ
3343 3985 3617 4048 πείθεσθαι
3662 3986 3782 4042 ταῖς

2136 4077 2404 4150 ἐντολαῖς,
2450 4079 2480 4132 6'
2537 4076 2648 4132 ἐστι
2706 4076 2976 4131 πιστεύειν
3027 4079 3107 4146 τῷ
3161 4078 3300 4143 Θεῷ.
3354 4072 3452 4127 Καὶ
3506 4074 3541 4140 ἡ
3602 4072 3782 4131 πίστις

2140 4168 2369 4242 δύναμίς
2399 4188 2481 4228 τις
2510 4163 2606 4220 τοῦ
2646 4168 2803 4232 Θεοῦ,
2835 4163 2994 4239 ἰσχὺς
3036 4163 3166 4217 οὖσα
3193 4168 3294 4232 τῆς
3342 4159 3621 4231 ἀληθείας.
3674 4157 3783 4215 Αὐ-

2138 4258 2265 4313 τίκα
2349 4254 2511 4334 φησίν
2546 4272 2557 4283 ·
2620 4252 2740 4309 Ἐὰν
2799 4251 2967 4328 ἔχητε
3036 4251 3218 4306 πίστιν
3277 4251 3353 4312 ὡς
3408 4271 3577 4305 κοκκν
3637 4247 3782 4302 σινά-

2141 4369 2310 4412 πεως,
2373 4345 2731 4418 μεταστήσετε
2788 4344 2865 4415 (1)
2921 4341 2985 4396 τὸ
3038 4339 3183 4407 ὄρος·
3244 4339 3336 4395 καὶ
3395 4341 3583 4403 πάΑιν,
3638 4335 3782 4393 Κατὰ

2140 4438 2240 4505 τήν
2302 4435 2479 4489 πίστιν
2530 4453 2625 4486 σου
2724 4432 2973 4500 ενηθήτω
3025 4447 3129 4483 σοι’
3188 4430 3278 4484 καὶ
3310 4431 3337 4484 6
3374 4430 3468 4524 μὲν
3500 4431 3576 4501 (2)
3632 4428 3782 4500 θερα-

2141 4508 2398 4557 πεύεται.
2456 4449 2787 4557 ποοσλαέὼν
2851 4504 2921 4557 τῆ
2979 4503 3157 4555 πίστει
3216 4502 3318 4557 τὴν
3380 4501 3535 4556 ιάσιν’
3569 4500 3597 4553 ὁ
3630 4495 3685 4552 δὲ
3711 4497 3782 4557 (3)

2725 4501 2739 4519 ‘

2713 4495 2816 4555 ὤν’
2851 4495 2921 4573 τῇ
2979 4503 3157 4555 πίστει
3216 4502 3318 4569 τὴν
3375 4495 3597 4556 ἶάσιν”ὁ
3630 4495 3782 4567 δὲ’(3)

3128 3297 3243 3323 ισττι
3257 3297 3356 3323 [ιον
3366 3298 3419 3323 [κ

454 4640 517 4703 >X<
545 4642 607 4694 P.
642 4642 745 4694 434
772 4640 883 4693 El).
926 4638 1221 4703 POTTER,
1290 4636 1389 4690 381
1424 4636 1536 4690 ΕΙ).
1593 4634 1819 4688 PARIS.
1872 4632 1949 4704 (a)
1982 4631 2014 4684 L

2128 4632 2158 4683 ι.
2218 4639 2375 4692 xvm,
2434 4624 2482 4687 1,
2542 4622 2595 4685 2,
2657 4619 2711 4686 3,
2765 4619 2822 4686 4,
2881 4619 2933 4671 5.
2995 4616 3130 4687 (ὸ)ῐ
3189 4617 3319 4672 Cor.
3379 4634 3499 4681 vui,
3556 4620 3604 4670 l.
3663 4609 3785 4683 (d)l

384 4712 587 4766 Thess.
612 4727 683 4773 iv,
716 4712 769 4764 9.

462 4824 571 4893 (95)
605 4823 747 4877 Μου.
769 4821 882 4893 ΔΚαὶ
910 4820 976 4893 τα
1006 4818 1243 4893 κρίματα
1271 4838 1395 4893 ,μου
1453 4818 1618 4875 addit
1674 4816 1842 4872 Philo
1874 4832 1887 4873 :
1948 4812 2038 4868 καὶ

389 4890 564 4947 πάντα
596 4892 661 4944 τὰ
689 4890 959 4962 κρίσματά
993 4890 1118 4963 μου,
1153 4891 1330 4963 Levit.

465 4968 574 5035 (96)
606 4955 964 5035 Ἅνῠρωποςη
993 4955 1183 5017 Ἀῦεει
1207 4979 1241 5016 a
1270 4961 1538 5035 Philone.
1592 4962 1731 5035 Mox
1750 4955 2040 5035 post-Osce

398 5029 575 5105 ὑμξῶν,
599 5029 817 5105 repetit
840 5033 1029 5105 Philo,
1052 5038 1361 5105 errorc,ut
1390 5034 1637 5105 videtur,
1671 5029 1921 5105 librarii,
1947 5047 2037 5105 και

396 5098 692 5179 φυλάξεσθε
729 5101 901 5155 πάντα
956 5102 1022 5154 τὰ
1078 5102 1471 5175 προστάγματά
1505 5098 1631 5173 μου,
1688 5100 1777 5153 καὶ
1829 5100 1895 5153 τὰ
1920 5098 2039 5173 κρί-

444 5193 544 5228 ατα
578 5192 703 5228 μου.

400 5193 544 5246 ματα
578 5193 703 5243 μου.

472 5248 578 5314 (9⁸7)
610 5244 798 5302 Παθῶν
819 5240 920 5314 ,καὶ
950 5244 1198 5314 κακιῶν.Δ
1220 5242 1410 5314 Philo,
1470 5243 1597 5295 loco
1639 5242 1789 5314 jura
1818 5242 1985 5314 dicit)
2021 5256 2035 5296 Ζ

398 5305 611 5371 Εῗδέναι
636 5311 896 5385 χρὴ-δτι
926 5313 1112 5385 παθῶν
1150 5309 1243 5385 μέν
1286 5305 1556 5385 Αἴγυπτος
1591 5305 1870 5380 σξμϐολὸν
1903 5309 2037 5378 ἐστι,

400 5330 611 5371 Ειόεναι
689 5330 778 5385 ρη,
813 5330 896 5364 οτι
926 5330 1112 5371 παυων
1150 5330 1243 5381 μεν
1286 5330 1556 5382 Αιγυπτος
1591 5330 1870 5380 συμοοιεον
1903 5330 2037 5378 εστι,

394 5389 600 5440 κακιῶν
632 5330 690 5438 ὲ
722 5385 756 5450 ἡ
791 5380 1102 5436 Χαναναίων
1155 5383 1248 5452 γῆ.
1308 5381 1624 5443 Sciendum,
1685 5384 1913 5501 a/{ectus
1936 5397 2040 5449 per

410 5461 694 5501 Emmmm
732 5455 1055 5501 sinniﬁcari.
1104 5450 1243 5501 vitia
1290 5467 1389 5501 per
1441 5456 1641 5501 terram
1692 5453 1728 5501 (1
1768 5466 2034 5501 ananzem.

398 5461 694 5528 Egyptum
732 5455 1055 5528 signiﬁcari,
1082 5450 1243 5528 _'_vitia
1286 5467 1389 5528 per
1441 5456 1641 5528 terram
1692 5453 1728 5503 L'

402 5520 558 5587 Mox:
582 5531 670 5579 νῦν
700 5520 801 5596 μὲν
828 5520 966 5595 ἆῴεκ
995 5564 1010 5589 ,
1041 5520 1506 5596 aliquilnalunt.

473 5599 582 5668 (98)
611 5590 723 5666 Τήν
750 5616 810 5649 τε
837 5590 945 5649 τῶν
994 5590 1185 5653 πέλας.
1240 5592 1358 5646 Hoc
1409 5594 1518 5659 est,
1566 5594 1850 5645 nostram.
1895 5591 2037 5645 Nam

1768 5466 1835 5502 an
1843 5466 2015 5503 amem
2024 5494 2034 5504 .

2150 4828 2274 4877 eos,
2305 4808 2403 4877 qui
2425 4820 2603 4877 prope
2652 4808 2800 4872 sunt,
2850 4802 3079 4858 scilicet
3118 4802 3521 4877 _Christianos,
3556 4795 3781 4877 Opponit

2147 4869 2271 4943 τοῖς
2289 4869 2794 4969 putaueris;
2813 4877 2911 4944 qui
2932 4874 3131 4945 procul
3162 4882 3308 4930 sunt.
3352 4877 3565 4961 Ephes.
3594 4869 3658 4937 ii,
3692 4869 3779 4923 i3:

2148 4956 2256 5001 Ni’w
2286 4950 2342 5001 οὶ
2375 4946 2427 5001 ἐν
2457 4948 2675 5001 Χοιστῷ
2732 4945 2912 5001 Ἰησοῦ
2970 4943 3147 5001 ὑμεῖς.
3207 4944 3260 4997 οἱ
3308 4965 3441 4999 ποτε
3489 4944 3635 5001 ὄντες
3687 4955 3779 5001 μα-

2148 4956 2256 5007 Νὖν
2286 4951 2342 5005 δὲ
2375 4951 2427 5001 ἐν
2457 4951 2675 5018 Χριστῷ
2732 4951 2912 5013 Ἰησοῦ
2970 4951 3147 5015 ὑμεῖς,
3207 4951 3260 4997 o't
3308 4951 3441 4999 ποτὲ
3489 4951 3635 5002 ὄντες
3687 4956 3747 5010 μα

2148 5024 2302 5100 κράν,
2343 5016 2505 5100 ξγγὺς
2534 5014 2820 5100 έγενήθήτε
2850 5013 2902 5100 έν
2932 5014 3010 5086 τῷ
3033 5012 3221 5100 αἵματι
3251 5020 3349 5100 του
3380 5016 3631 5100 Χρ-ιστοῖξ.
3657 5082 3685 5100 η
3738 5078 3747 5088 ο

2219 5082 2326 5165 (99)
2359 5082 2697 5165 Ἐπιστήιιηέ
2729 5086 2895 5165 Conf.
2939 5082 3200 5165 qumgde
3259 5082 3522 5165 scientia;
3579 5082 3779 5139 defini-

2150 5159 2316 5222 tio'ne'
2341 5161 2612 5234 superius
2643 5159 2801 5234 dicta
2821 5165 2960 5213 sunt
2988 5176 3042 5234 p_.
3079 5160 3182 5212 362
3213 5160 3351 5234 edit.
3394 5160 3577 5215 Paris.

2220 5240 2294 5306 (1)
2328 5226 2722 5306 Mamurius-rs.
2759 5232 2884 5306 Non
2924 5226 3118 5295 verba,
3171 5230 3274 5285 sed
3322 5245 3557 5306 sensum
3584 5226 3782 5306 "Evan-

2149 5295 2439 5381 geliorum
2467 5295 2588 5381 hic,
2619 5308 2676 5357 et
2693 5301 2757 5381 in
2789 5300 2885 5381 iis,
2919 5317 3050 5370 qua:
3084 5295 3712 5381 sequuntur,_exhibetc.

2220 5361 2296 5447 (2)
2330 5377 2427 5429 Καὶ
2461 5375 2487 5427 ὁ
2525 5361 3004 5447 μένηῐίεερίοεὶθ
3054 5361 3284 5426 videtur
3327 5361 3525 5428 Matth.
3570 5384 3646 5433 ix,
3692 5361 3774 5424 22,

2149 5450 2239 5503 vel
2271 5451 2405 5503 Luc.
2438 5462 2596 5507 xvm,
2621 5446 2708 5498 42.

2222 5522 2297 5591 (3)
2326 5520 2386 5573 '0
2419 5514 2497 5572 δέ.
2529 5515 2731 5570 Matth.
2765 5529 2845 5582 ix,
2876 5512 2966 5568 vel
2995 5514 3276 5585 Joan.-x1,
3318 5516 3405 5568 49.
