4044 6154
259 280 362 337 991

1496 286 1908 342 CLEMENTIB
1942 288 2134 343 ALEX
2141 287 2443 343 ANDRINI

3567 287 3678 344 992

257 408 329 462 Ει
357 423 564 463 rursus
595 406 918 481 diligimus,
953 405 1037 461 sic
1068 422 1130 461 se
1174 408 1476 478 prmterita
1523 407 1741 463 habere
1791 409 1906 464 ﬁde

2031 408 2108 475 ιῦ,
2144 406 2318 469 οὕτως
2378 402 2527 482 ἔχειν
2586 406 2653 461 τὰ
2707 405 3108 482 παρῳχηκότα,
3166 402 3346 462 πίστει
3380 412 3681 483 πεπεισμέ-

261 497 549 568 persuasi,
582 495 802 561 futura,
836 510 940 565 spe
973 499 1405 567 exspectantes.
1441 496 1719 552 Gnostico
1751 498 1912 552 enim

260 587 322 642 in
351 586 627 642 omnibus
661 584 831 640 adest
858 584 1117 643 dilectio.
1153 590 1220 640 ut
1249 586 1350 657 qui
1375 604 1561 642 unum
1589 589 1773 643 Deum
1798 589 1913 644 sci-

257 677 447 730 verit:
479 676 548 729 Et
578 689 696 728 ecce
725 676 933 741 omnia,
978 691 1318 745 quaecunque
1371 683 1446 731 est
1494 678 1910 746 architectatus,

259 769 416 818 erant
428 762 587 817 valde
600 762 741 816 bona
757 761 855 833 (a),
878 767 937 817 et
952 764 1133 834 novit,
1152 769 1211 819 et
1226 763 1573 821 admiratur.
1596 766 1790 821 Pietas
1808 783 1911 821 au-

258 856 380 907 tem
423 850 628 923 adjicit
672 851 804 905 vita:
848 852 1306 925 longitudinem,
1357 860 1417 910 et
1452 855 1630 909 timor
1679 855 1911 910 Domini

259 940 466 1012 adjicit
504 939 651 995 dies.
685 940 1196 1005 Quemadmodum
1250 959 1385 1015 ergo
1435 942 1564 998 dies
1608 948 1747 998 sunt
1776 960 1912 1015 pars

258 1030 414 1097 vitaz,
447 1045 577 1100 qua:
609 1030 672 1084 in
713 1046 1031 1102 progressu
1062 1036 1187 1099 est;
1238 1032 1323 1086 ita
1370 1032 1548 1087 etiam
1601 1032 1779 1087 timor
1823 1038 1913 1088 est

258 1118 621 1189 principium
648 1117 1005 1186 dilectionis,
1058 1120 1159 1190 qui
1213 1120 1280 1174 ﬁt
1324 1137 1431 1192 per
1473 1121 1909 1177 incrementum

260 1206 430 1275 ﬁdes,
463 1207 679 1263 deinde
706 1206 967 1264 dilectio.
994 1209 1106 1264 Sed
1126 1226 1247 1264 non
1268 1210 1421 1265 sicut
1438 1210 1626 1265 feram
1649 1217 1708 1266 et
1733 1211 1931 1269 timeo,

262 1301 322 1351 et
336 1295 456 1363 odi,
484 1296 565 1351 ita
582 1296 761 1352 etiam
779 1303 1011 1368 patrem
1025 1314 1248 1357 vereor.
1266 1316 1444 1369 quem
1469 1300 1647 1354 timeo
1675 1305 1733 1355 et
1753 1317 1907 1355 amo.

263 1387 486 1440 Rursus
520 1384 735 1441 timens
766 1403 841 1441 ne
873 1387 1144 1460 castiger,
1178 1388 1475 1459 meipsum
1507 1388 1709 1461 diligo,
1742 1390 1910 1444 timo-

261 1490 389 1528 rem
430 1473 674 1546 eligens.
708 1475 816 1540 Qui
846 1475 1016 1530 timet
1035 1476 1338 1531 offendere
1369 1482 1622 1548 patrem,
1647 1478 1911 1549 seipsum

265 1562 477 1635 diligit.
511 1564 723 1618 Beatus
738 1579 896 1635 ergo,
917 1564 1017 1633 qui
1040 1563 1339 1619 invenitur
1356 1564 1570 1630 fidelis,
1588 1564 1911 1621 dilectione

264 1658 324 1707 et
343 1652 555 1707 timore
579 1658 1079 1723 contemperatus.
1104 1652 1274 1708 Fides
1300 1659 1500 1710 autem
1522 1660 1613 1710 est
1632 1655 1815 1709 virtus
1837 1655 1909 1710 ad

2024 517 2132 567 νοι,
2162 497 2229 552 τὰ
2257 493 2535 569 μέλλοντα
2588 492 2771 550 ἐλπίδι
2825 492 3281 570 ἀπεκδεχόμενοι.
3318 496 3415 552 Διά
3465 497 3679 554 πάντων

2019 585 2121 661 γὰρ
2181 588 2216 655 ἡ
2277 584 2462 661 ἀγάπη
2522 589 2603 657 τῷ
2653 583 2938 660 γνωστικῷ
2990 586 3344 661 πεφοίτηκεν,
3402 585 3496 641 ’ὲνα
3554 589 3682 643 Θεὸο

2023 670 2213 728 εἶδότι’
2271 674 2375 730 Καὶ
2433 669 2552 727 ἰδοὺ
2610 676 2722 746 (26)
2781 673 2955 727 πάντα
2991 716 3005 742 ,
3059 673 3158 727 ὅσα
3216 670 3682 751 δεδημιούργηκε,

2022 760 2145 817 λίαν
2203 760 2365 818 >αλά·
2430 759 2571 817 οἶδέν
2630 782 2690 817 τε
2756 762 2848 816 καὶ
2907 760 3190 834 θαυμάζευ
3245 759 3531 819 Θεοσὲϐεια
3571 767 3681 837 (27)

2023 848 2080 906 δὲ
2107 849 2434 925 προστίθησι
2461 857 2638 924 μῆκος
2700 850 2845 926 βίου,
2894 851 2984 905 καὶ
3021 845 3191 929 φόϐος
3222 853 3426 927 Κυρίου
3456 853 3680 926 προστί-

2022 941 2179 1010 Θησιν
2208 938 2439 1016 ἡμέρας.
2473 941 2562 1002 Ὦς
2589 940 2680 994 οὖν
2713 939 2768 995 αἱ
2817 939 3026 1012 ἡμέραι
3062 939 3253 1014 μόριον
3290 939 3411 1015 βίου
3437 944 3537 996 τοῦ
3568 944 3681 996 κατ’

2022 1023 2370 1093 έπανάϐασιν,
2420 1027 2562 1083 οὕτω
2611 1029 2700 1083 καὶ
2762 1028 2789 1082 ὁ
2845 1023 3017 1106 φόϐος
3076 1035 3178 1098 τῆς
3229 1028 3447 1103 ἀγάπης
3510 1029 3681 1105 ἀρχὴ,

2022 1118 2157 1172 κατὶ
2185 1117 2519 1192 παραόξησιν
2552 1118 2738 1178 πίστις
2768 1117 3084 1192 γινόμενος,
3134 1116 3249 1172 εἶτα
3286 1116 3493 1194 ἀγάπη.
3527 1116 3685 1174 Ἀλλ’

2021 1207 2133 1281 οὐχ
2162 1207 2237 1268 ὡς
2268 1208 2381 1279 (28)
2419 1201 2696 1284 φοϐοῦμαι
2757 1206 2820 1260 τὸ
2880 1205 3097 1281 Θηρίον,
3151 1207 3242 1261 καὶ
3302 1211 3468 1280 μισῶ,
3502 1204 3687 1289 διττοίξ

2018 1294 2391 1370 τυγχάνοντος
2420 1298 2518 1350 τοὺ
2556 1290 2759 1373 φόϐου,
2792 1297 2867 1356 ὡς
2902 1295 2961 1350 δὲ
3015 1296 3106 1350 καὶ
3154 1294 3249 1350 τὸν
3273 1297 3478 1365 πατέρα
3510 1292 3680 1367 δέδια,

2019 1384 2077 1438 ’ὸν
2106 1378 2383 1461 φοϐοῦμαι
2416 1384 2529 1457 ἅμα
2582 1383 2673 1439 καὶ
2724 1383 2936 1460 ἀγαπῶ·
2991 1380 3158 1438 πάλιν
3198 1379 3542 1461 φοϐούμενος
3604 1386 3681 1458 μὴ

2019 1471 2299 1541 κολασθῶ,
2340 1472 2573 1546 ἐμαυτὸν
2635 1473 2851 1549 ἀγαπῶ,
2905 1470 3231 1546 αἷρούμενος
3276 1474 3368 1528 τὸν
3403 1469 3597 1548 φόϐον⁶
3658 1474 3686 1527 ὁ

2020 1556 2363 1638 φοϐούμενος
2396 1563 2707 1636 προσκόψαι
2738 1566 2818 1634 τῷ
2873 1561 3036 1636 πατρὶ
3088 1562 3273 1637 ἀγαπᾷ
3303 1562 3515 1618 ἑαυτόν.
3567 1568 3686 1616 Μα-

2018 1652 2209 1726 κάριος
2239 1650 2331 1705 οὖν
2364 1649 2422 1713 ὅς
2452 1651 2643 1713 πιστὸς
2673 1651 2901 1727 γίνεται,
2945 1651 3127 1726 ἀγάπῃ
3159 1651 3249 1707 καὶ
3303 1646 3457 1730 φόϐῳ
3486 1672 3677 1726 κεκρα-

264 1741 539 1804 salutem,
572 1746 631 1795 et
664 1742 931 1812 potentia
960 1742 1032 1797 ad
1082 1743 1259 1797 vitam
1303 1749 1609 1798 aaternam.
1662 1746 1907 1811 Rursus,

2031 1741 2206 1812 μένος·
2239 1739 2420 1802 πίστις
2452 1738 2509 1795 δὲ
2538 1738 2700 1816 ἰσχὺς
2732 1739 2809 1802 είς
2843 1739 3118 1815 σωτηρίαν
3174 1740 3265 1795 καὶ
3328 1737 3555 1813 δύναμις
3604 1738 3686 1803 εἷς

262 1830 577 1902 prophetia
605 1835 661 1884 et
692 1831 1073 1902 praecognitio
1099 1848 1112 1897 ;
1154 1832 1410 1904 cognitio
1441 1839 1639 1887 autem
1666 1838 1757 1887 est
1777 1850 1913 1903 pro-

263 1918 481 1990 phetia;
498 1917 891 1989 intelligentia
916 1935 931 1984 ;
955 1918 1207 1974 etveluti
1230 1920 1485 1992 cognitio
1501 1920 1765 1989 illorum,
1782 1939 1913 1992 qum

264 2006 387 2062 illis
408 2006 572 2078 prius
593 2007 756 2062 fuere
780 2007 1033 2079 cognita,
1059 2024 1093 2063 a
1108 2009 1382 2076 Domino,
1402 2009 1503 2079 qui
1527 2009 1730 2064 omnia
1750 2010 1915 2081 prius

267 2093 626 2149 manifestat.
644 2093 908 2165 Cognitio
928 2111 1064 2167 ergo
1083 2111 1312 2159 eorum,
1333 2113 1464 2166 qua:
1482 2096 1764 2167 praedicta
1780 2103 1920 2152 sunt

269 2182 564 2253 triplicem
579 2183 839 2237 ostendit
855 2189 1129 2238 eventum
1155 2201 1168 2252 ;
1189 2190 1469 2252 autenm,
1489 2185 1589 2255 qui
1609 2184 1718 2239 fuit
1735 2185 1874 2239 olim
1900 2203 1914 2251 ;

268 2275 371 2328 aut
400 2288 560 2337 eum,
583 2271 826 2344 quijam
849 2276 941 2327 est
964 2289 1231 2344 praesens
1256 2290 1270 2339 ;
1290 2278 1392 2327 aut
1413 2289 1570 2341 eum,
1595 2274 1695 2344 qui
1716 2279 1806 2329 est
1824 2273 1914 2328 fu-

267 2367 453 2417 turus.
490 2360 714 2416 Deinde
746 2366 1008 2417 extrema
1048 2361 1289 2432 quidem
1321 2362 1428 2418 sub
1462 2362 1640 2418 fidem
1671 2362 1915 2430 cadunt,

265 2454 393 2504 tum
419 2465 648 2515 eorum,
682 2466 814 2520 quas
846 2454 987 2505 sunt
1010 2449 1312 2521 perfecta;
1364 2456 1492 2506 tum
1524 2467 1755 2519 eorum,
1785 2468 1916 2522 qum

267 2542 585 2610 sperantur
608 2555 621 2592 :
637 2538 711 2593 ad
725 2555 835 2593 con
846 2537 1140 2594 firmanda
1152 2545 1215 2609 .xl
1229 2544 1427 2594 autem
1440 2539 1614 2595 ambo
1630 2546 1917 2611 extrema,

268 2628 441 2683 affert
456 2628 907 2699 persuasionem
925 2644 1190 2699 praesens
1209 2628 1494 2700 operatio.
1518 2629 1576 2683 Si
1598 2630 1759 2685 enim
1782 2647 1917 2685 cum

271 2733 393 2771 una
422 2717 499 2771 sit
526 2716 856 2787 prOphetia.
877 2717 1004 2787 ejus
1027 2717 1267 2787 quidem
1289 2735 1411 2774 una
1438 2736 1575 2791 pars
1584 2720 1712 2790 jam
1736 2720 1920 2791 perﬁ-

271 2805 445 2871 citur,
464 2805 651 2859 altera
670 2820 805 2859 vero
825 2821 961 2875 pars
980 2810 1069 2860 est
1085 2806 1329 2878 impleta
1353 2826 1368 2875 ;
1388 2807 1529 2862 hinc
1548 2809 1614 2863 fit
1634 2808 1917 2864 credibile

276 2900 334 2949 et
358 2894 438 2958 id,
474 2893 632 2965 quod
665 2899 973 2965 speratur;
1006 2900 1065 2949 et
1102 2896 1182 2963 id,
1225 2897 1381 2967 quod
1410 2898 1715 2970 praeteriit.
1750 2899 1919 2953 Prius

279 2983 440 3037 enim
458 2988 585 3037 erat
599 2999 883 3054 praesens,
903 2984 1118 3040 deinde
1136 3001 1245 3041 nos
1264 2986 1579 3059 praateriit:
1599 2987 1745 3042 adeo
1762 2992 1829 3043 ut
1843 2986 1920 3042 sit

276 3072 455 3127 etiam
480 3072 628 3127 fides
649 3074 1105 3143 praeteritorum,
1124 3077 1408 3147 prmteriti
1429 3078 1880 3149 comprehensio
1900 3096 1913 3146 ;

276 3166 336 3217 et
361 3177 494 3233 spes
525 3161 766 3232 quidem
794 3162 1012 3234 futura,
1061 3165 1518 3236 comprehensio
1548 3166 1635 3221 rei
1679 3165 1913 3223 futurae.

276 3249 667 3305 Assensiones
683 3255 902 3318 autem,
926 3268 1046 3307 non
1065 3252 1257 3308 solum
1278 3253 1586 3321 Platonici,
1613 3254 1717 3309 sed
1735 3254 1915 3309 etiam

276 3339 476 3401 Stoici.
511 3338 718 3395 dicunt
744 3357 873 3397 esse
905 3342 965 3396 in
991 3346 1195 3397 nostra
1209 3348 1517 3414 potestate.
1553 3344 1757 3399 Omnis
1779 3359 1914 3416 ergo

276 3428 496 3499 opinio,
530 3434 588 3483 et
607 3429 926 3501 judicium,
959 3436 1017 3485 et
1046 3431 1425 3499 existimatio,
1472 3436 1532 3485 et
1578 3431 1914 3504 disciplina,

276 3516 491 3588 quibus
518 3534 754 3589 semper
780 3519 1049 3587 vivimus,
1082 3525 1141 3575 et
1171 3535 1475 3575 versamur
1495 3537 1631 3576 cum
1654 3521 1915 3577 humano

274 3621 512 3678 genere,
546 3611 635 3662 est
662 3608 949 3663 assensio.
990 3610 1071 3664 Ea
1113 3614 1308 3664 autem
1341 3608 1493 3663 nihil
1522 3608 1702 3664 fuerit
1730 3610 1915 3679 aliud,

277 3710 454 3765 quam
485 3695 653 3749 ﬁdes.
677 3698 747 3750 Et
776 3697 1162 3752 incredulitas
1184 3714 1290 3752 seu
1307 3697 1654 3767 inﬁdelitas,
1679 3716 1809 3769 quae
1829 3705 1920 3755 est

276 3781 414 3837 fidei
432 3782 681 3839 interem
690 3785 812 3856 ptio
832 3790 933 3839 aut
951 3785 1295 3855 destructio,
1314 3787 1575 3842 ostendit
1593 3804 1768 3859 posse
1786 3803 1917 3843 esse

274 3872 702 3939 assensionem,
738 3878 840 3928 aut
873 3874 1049 3929 fidem
1076 3891 1089 3940 ;
1125 3874 1254 3945 ejus
1279 3876 1461 3943 enim,
1484 3892 1618 3946 quae
1641 3892 1769 3931 esse
1794 3892 1915 3931 non

275 3961 554 4030 potuerit,
604 3977 725 4016 non
773 3961 955 4017 fuerit
1004 3963 1273 4034 privatio.
1323 3965 1392 4018 Et
1435 3964 1484 4018 si
1532 3964 1665 4034 quis
1714 3980 1917 4019 verum

275 4048 631 4118 consideret,
663 4052 922 4107 inveniet
948 4052 1256 4108 hominem
1287 4051 1527 4123 quidem
1562 4058 1775 4108 natura
1803 4054 1915 4109 cir-

272 4143 653 4195 cumventum
684 4140 758 4195 ad
787 4140 1169 4213 praebendam
1189 4140 1337 4197 falso
1359 4141 1767 4196 assensionem
1790 4159 1803 4210 ;
1829 4148 1918 4198 ta-

2025 1830 2170 1898 ζωὴν
2205 1827 2447 1886 αἰώνιον.
2485 1827 2656 1884 Πάλιν
2687 1831 2723 1898 ἡ
2782 1830 3110 1906 προφητεία,
3164 1828 3476 1905 πρόγνωσίς
3519 1827 3685 1882 ἐστιν·

2023 1920 2059 1987 ἡ
2128 1914 2187 1972 δὲ
2232 1922 2434 1993 γνῶσις
2500 1918 2840 1996 προφητείας
2897 1917 3108 1989 νόησις,
3163 1920 3279 1974 οἷον
3332 1923 3533 1993 γνῶσις
3573 1921 3685 1972 τῶν

2026 2006 2256 2070 ἐκείνοις
2311 2009 2782 2084 προεγνωσμένων
2839 2008 2943 2063 ὑπὸ
2999 2012 3096 2063 τοῦ
3171 2008 3570 2086 προφαίνοντος
3618 2007 3690 2061 τὰ

2025 2098 2200 2151 πάντα
2226 2096 2454 2171 Κυρίου.
2487 2098 2549 2153 Ἠ
2583 2097 2765 2152 τοίνυν
2822 2101 3021 2173 γνῶσις
3078 2102 3186 2152 τῶν
3248 2094 3687 2173 προαγορευθέν-

2021 2206 2131 2242 των
2190 2188 2413 2263 τριττήν
2470 2183 2795 2240 ἐνδείκνυται
2850 2187 2951 2254 τήν
3004 2180 3245 2256 ἔκϐασιν,
3313 2187 3348 2255 ἢ
3401 2190 3692 2261 γεγονυῖαν

2025 2274 2220 2344 πάλαι,
2252 2272 2289 2344 ἤ
2320 2273 2666 2346 ἐνεστηκυῖαν
2698 2272 2831 2345 ἤδη,
2864 2275 2901 2345 ἢ
2935 2272 3144 2330 ἔσεσθαι
3201 2273 3533 2347 μέλλουσαν.
3562 2274 3689 2329 Εἶθ’

2026 2365 2082 2419 αἱ
2116 2363 2210 2437 μὶν
2240 2362 2534 2439 ἀκρότητες
2587 2365 2698 2436 (29)
2735 2364 3159 2419 ὑποπεπτώκασι
3218 2363 3417 2430 πίστει,
3450 2363 3487 2434 ἢ
3527 2360 3688 2418 τελε·

2025 2453 2257 2507 σθέντων
2288 2450 2323 2521 ἢ
2354 2449 2752 2524 ἐλπιζομένωνο
2784 2454 2958 2515 πειθὼ
3005 2448 3063 2506 δὲ
3108 2451 3337 2527 παρέχει
3394 2453 3430 2520 ἡ
3462 2450 3690 2521 ἐνεστη-

2024 2546 2152 2596 κυῖα
2180 2538 2424 2617 ἐνέργεια
2454 2540 2592 2615 πρὸς
2617 2541 2716 2610 τήν
2744 2534 3034 2616 βεϐαίωσιν
3068 2540 3275 2614 ἀμφοῖν
3314 2545 3434 2595 τοῖν
3467 2540 3684 2611 ἄκροιν.

2026 2629 2092 2687 Ei
2112 2630 2238 2705 γὰρ,
2271 2634 2401 2700 μιᾶς
2432 2626 2600 2699 οὔσης
2629 2635 2731 2698 τῆς
2783 2629 3138 2705 προφητείας,
3174 2629 3238 2684 τὸ
3292 2629 3386 2701 μὲν
3418 2625 3529 2698 ἤδη
3593 2648 3685 2683 τε·

2027 2718 2227 2788 λεῖται,
2274 2718 2337 2772 τὸ
2394 2715 2452 2772 δὲ
2505 2716 2890 2792 πεπλήρωται,
2948 2718 3139 2773 πιστὸν
3200 2717 3437 2772 ἐντεῦθεν
3470 2716 3564 2771 καὶ
3621 2716 3685 2771 τὸ

2027 2806 2389 2882 ἐλπιζόμενον
2419 2807 2510 2862 καὶ
2540 2807 2602 2862 τὸ
2629 2808 2969 2882 παρῳχηκὸς
3002 2807 3223 2877 ἀληθές.
3278 2806 3550 2881 Πρότερον
3577 2804 3684 2881 γὰρ

2028 2896 2257 2960 ἐνεστὼς
2283 2896 2371 2966 ἦν,
2406 2896 2516 2950 εἶτα
2545 2897 2681 2969 ἡμῖν
2713 2896 3069 2971 παρῴχηκεν,
3126 2894 3200 2956 ὡς
3258 2895 3389 2949 εἶναι
3440 2893 3531 2948 καὶ
3584 2893 3685 2961 τὴν

2027 2990 2135 3041 τῶν
2183 2983 2605 3061 παρῳχηκότων
2663 2986 2844 3040 πίστιν
2901 2981 3210 3057 κατάληψιν
3255 2982 3682 3058 παρῳχηκότος,

2028 3074 2118 3128 καὶ
2175 3073 2273 3141 τὴν
2339 3073 2433 3146 μὲν
2480 3071 2745 3146 ἐσομένην
2798 3069 3000 3127 ἐλπίδα
3054 3071 3361 3145 κατάληψιν
3421 3070 3684 3143 ἐσομένου

2029 3162 2367 3236 πράγματος.
2424 3162 2529 3224 ra;
2583 3159 2642 3217 δὲ
2690 3160 3102 3236 συγκαταθέσεις
3132 3164 3242 3234 (30)
3284 3160 3343 3215 οὗ
3405 3159 3567 3234 μόνον
3625 3159 3678 3213 οἱ

2027 3252 2134 3307 ἀπὸ
2163 3251 2480 3321 Πλάτωνος,
2507 3248 2654 3306 ἀλλά
2677 3249 2767 3305 καὶ
2820 3250 2871 3304 οἱ
2919 3249 3027 3305 ἀπὸ
3065 3257 3168 3319 τῆς
3199 3255 3394 3317 Στοᾶς,
3430 3248 3508 3324 ἐφ’
3537 3250 3675 3319 ἡμῖν

2027 3341 2162 3397 εἶναι
2192 3339 2459 3418 λέγουσιν.
2492 3344 2644 3394 Πᾶσα
2701 3337 2793 3393 οὖν
2823 3336 2971 3409 δόξα,
3004 3338 3092 3394 καὶ
3141 3338 3341 3415 κρίσις,
3397 3337 3488 3392 καὶ
3545 3336 3677 3392 ὑπό-

2026 3430 2215 3504 ληψις,
2244 3428 2336 3483 καὶ
2373 3428 2628 3501 μάθησις,
2662 3427 2739 3488 οἷς
2774 3431 2952 3500 ζῶμεν
2978 3427 3071 3481 καὶ
3126 3427 3381 3501 σύνεσμεν
3440 3425 3543 3481 αίεὶ
3600 3430 3680 3497 τῷ

2025 3520 2169 3594 γένει
2217 3522 2324 3573 τῶν
2382 3516 2706 3592 ἀνθρώπων,
2762 3516 3142 3592 συγκατάθεσίς
3172 3514 3336 3571 ἐστιν’
3366 3518 3401 3586 ἡ
3429 3513 3477 3570 δ’
3522 3511 3680 3570 οὐδὲν

2025 3605 2167 3663 ἄλλο
2198 3608 2234 3677 ἢ
2264 3606 2447 3667 πίστις
2475 3602 2558 3674 εἴη
2590 3602 2672 3659 ἂν·
2706 3603 2741 3673 ἢ
2797 3625 2858 3660 τε
2887 3605 3131 3675 ἀπιστία,
3165 3604 3530 3665 ἀποσόστασις
3561 3604 3679 3676 (31)

2026 3695 2158 3752 οὖσα
2185 3702 2288 3765 τῆς
2345 3694 2604 3763 πίστεως,
2649 3691 2883 3763 δυνατὴν
2927 3690 3163 3749 δείκνυσι
3192 3694 3292 3761 τήν
3353 3693 3679 3766 συγκατάθε-

2026 3784 2110 3839 σίν
2128 3805 2187 3839 τε
2215 3784 2306 3839 καὶ
2337 3782 2536 3838 πίστινο
2570 3781 2869 3857 ἀνυπαρξία
2897 3783 3003 3857 γὰρ
3035 3782 3283 3858 στέρησις
3338 3780 3437 3836 οὐκ
3457 3778 3517 3835 ἄν
3579 3778 3677 3835 λε-

2025 3874 2211 3950 χθείη.
2243 3871 2348 3927 Κᾶν
2378 3893 2462 3935 τις
2492 3871 2730 3942 τάληθὲς
2788 3874 2988 3945 σκοπῇ,
3021 3870 3237 3944 εὑρήσει
3274 3869 3367 3924 τὸν
3386 3868 3675 3944 ἄνθρωπον

2025 3963 2177 4041 φύσει
2208 3955 2644 4034 διαϐεϐλημένον
2681 3960 2775 4033 μὶν
2836 3961 2970 4036 πρὸς
2994 3961 3093 4027 τὴν
3136 3962 3233 4013 τοῦ
3280 3954 3511 4031 ψεύδους
3541 3976 3678 4032 συγ-

2022 4049 2327 4119 κατάθεσιν,
2358 4043 2559 4124 ἔχοντα
2589 4045 2647 4104 δὶ
2677 4048 2928 4124 ἀφορμὰς
2982 4047 3118 4121 πρὸς
3154 4045 3334 4101 πίστιν
3374 4043 3679 4113 τάληθοῦς.

2026 4164 2055 4192 ι(
2085 4141 2150 4196 Ἡ
2178 4137 2361 4193 τοίνυν
2395 4140 2506 4212 (32)
2550 4137 2853 4193 συνέχουσα
2906 4137 3005 4205 τὴν
3047 4133 3379 4206 Ἐκκλησίαν
3413 4136 3547 4207 (33),
3603 4133 3681 4198 ὠς

342 4262 426 4327 ἰε
461 4266 525 4321 P.
554 4267 656 4319 458
686 4266 798 4320 ED.
833 4266 1124 4333 POTTER,
1158 4266 1397 4321 384-385
1424 4267 1535 4321 ΕΙ).
1570 4267 1796 4322 PARIS.
1827 4267 1902 4339 (a)

2031 4285 2075 4323 1.
2105 4285 2144 4337 ι,
2178 4268 2265 4321 31.

345 4391 595 4468 (26)-Καῖ
626 4389 699 4449 ίδ.
743 4394 1019 4468 Respicit
1079 4394 1298 4468 Genesi
1336 4414 1372 4468 ι,
1408 4393 1534 4468 31-2-
1561 4391 1656 4468 1ςαῖ
1697 4389 1832 4448 εἶδεν
1891 4394 1919 4447 ὁ
1952 4404 1997 4468 D

273 4463 402 4524 Θεὸς
432 4462 500 4517 τὰ
520 4462 715 4533 πάντα,
738 4464 835 4517 ὅσα
859 4462 1100 4533 ἐποίησε·
1132 4465 1221 4518 καὶ
1255 4463 1374 4521 ἰδοὺ
1402 4462 1546 4519 καλά
1576 4462 1721 4519 λίαν.

344 4538 454 4609 (27)
480 4530 787 4609 ‘Btootssm.
814 4530 1075 4609 Respicit
1104 4538 1275 4593 Prov.
1309 4557 1392 4607 ιιι,
1425 4540 1477 4603 2,
1511 4539 1597 4592 i6.

344 4608 457 4681 (28)
479 4604 637 4661 Ἀλλ’
665 4609 779 4681 οὐχ
808 4609 880 4670 ὡς
1057 4610 1237 4681 Ηωο,
1270 4604 1485 4681 quibus
1535 4609 1665 4681 jam
1700 4625 1917 4681 sensus

275 4677 446 4733 haud
465 4685 717 4749 constat,
741 4677 1198 4749 levimutatione
1218 4677 1501 4749 factatsic
1533 4677 1710 4735 scribi
1741 4685 1800 4735 et
1819 4695 1918 4734 ex-

272 4749 479 4829 plicari
502 4746 797 4829 poterunt
828 4769 841 4806 :
873 4747 1029 4829 Ἀλλ’
1061 4749 1170 4825 οὐχ
1198 4746 1586 4829 ὡςῃφοϐιζῦμαι
1616 4748 1677 4829 τὸ
1730 4749 1919 4829 ρηρίον

270 4815 362 4901 καὶ
397 4815 559 4901 μισῷ·
603 4818 785 4901 δξττοῦ
813 4815 1184 4901 τυγχάνοντος
1206 4815 1329 4901 τοξῖ
1352 4815 1545 4901 φόϐου·
1570 4891 1584 4901 _
1603 4822 1677 4883 ὡς
1728 4815 1915 4901 δηκᾳί

270 4889 363 4970 τὸν
396 4889 601 4970 πατέρα
633 4889 801 4960 δέδια,
834 4889 1214 4970 ξόνᾘρϐοὖμαι.
1255 4889 1387 4970 ἅμαί
1422 4891 1512 4970 καί
1560 4891 1779 4970 ἀγαπῶἒ
1810 4893 1916 4970 Πά-

274 4960 383 5029 λιν,
417 4959 755 5039 φοϐούμενος
783 4959 1163 5039 μςῆᾳκὸλασθῶ,
1198 4959 1429 5037 ἐμαυτὸν
1480 4959 1696 5039 ἀγαπῶ,
1731 4964 1918 5039 αἱρού-

277 5030 439 5111 μενος
468 5035 557 5111 τὸν
591 5030 792 5111 φόϐῳδ
812 5037 839 5111 ό
863 5032 918 5111 δὲ
951 5030 1294 5111 φοϐούμενος
1347 5030 1653 5110 προσκόψαι
1684 5030 1915 5108 ’τῷστα-

270 5106 360 5180 τρὶ
392 5105 779 5180 ἂγαπᾷίαύτὸν.
807 5109 914 5163 Sed
964 5105 1075 5163 non
1106 5105 1245 5163 sicut
1302 5105 1479 5178 feram
1537 5105 1696 5165 timeo
1746 5105 1797 5164 et
1826 5111 1920 5163 odi

275 5178 417 5248 (cum
439 5178 653 5249 duplex
680 5182 751 5233 sit
778 5181 980 5249 timor),
1012 5182 1087 5234 sic
1139 5187 1355 5248 patrem
1398 5187 1597 5245 metuo,
1649 5197 1808 5248 quem
1828 5197 1917 5234 ve-

272 5268 397 5305 reor
443 5252 607 5307 simul
663 5268 726 5306 ac
783 5249 975 5319 diligo.
1010 5253 1234 5315 Rursus,
1298 5252 1492 5305 timens
1548 5266 1616 5304 ne
1663 5253 1915 5318 castige-r,

273 5326 537 5394 meipsum
567 5321 763 5392 diligo,
794 5324 1060 5394 timorem
1090 5322 1293 5394 eligens
1312 5338 1341 5394 _:
1394 5324 1492 5394 qui
1532 5337 1658 5375 vero
1700 5328 1919 5394 patrem

272 5390 551 5470 offendere
585 5390 760 5470 timet,
794 5394 951 5448 illum
980 5392 1189 5470 diligit.
1225 5391 1358 5445 Vult
1386 5392 1545 5445 enim
1577 5396 1784 5470 auctor
1812 5390 1920 5470 du-_-

271 5462 489 5537 p'licem
520 5484 650 5523 esse
682 5467 959 5522 timorem
993 5481 1006 5519 :
1040 5464 1318 5537 alterum,
1368 5478 1503 5537 cum
1552 5462 1702 5531 ejus,
1762 5462 1918 5531 quod

274 5533 538 5604 timetur,
569 5539 706 5595 odio
731 5557 744 5607 ;
780 5538 1057 5604 alterum,
1080 5551 1216 5591 cum
1241 5533 1511 5606 ejusdem
1542 5546 1742 5587 amore
1773 5548 1916 5588 con-

264 5610 564 5681 junctum.

2102 4394 2216 4465 (29)
2246 4390 2600 4465 Ἀκρότητες.
2636 4392 2755 4447 Hoc
2786 4395 2894 4458 est,
2929 4391 3230 4465 praeterita
3257 4406 3326 4446 ac
3350 4388 3677 4459 futura,in-

2030 4462 2120 4521 ter
2149 4481 2281 4535 quae
2309 4462 2508 4520 media
2535 4468 2675 4535 sunt
2703 4462 3041 4535 praesentia.

2101 4532 2836 4609 (30)Zuyx_1taosgu<.—_Sic
2884 4532 3174 4609 vocabant
3228 4532 3679 4609 άείὶὁςνίιζᾳξ-ςζε-

2023 4602 2296 4662 εειιδίόηεε
2319 4602 2339 4661 τ’
2364 4606 2435 4662 de
2454 4606 2669 4677 quibus
2699 4605 2938 4676 elegans
2960 4609 3051 4658 est
3079 4604 3245 4658 locus
3275 4606 3342 4657 A.
3376 4602 3547 4658 Gellii
3571 4602 3677 4656 lib.

2022 4695 2143 4744 χιχ,
2175 4695 2302 4744 cap.
2332 4682 2384 4734 1.

2094 4696 2650 4818 ὃδᾶἃπιοσόστασις.
2686 4745 3023 4820 Legendum
3077 4742 3390 4820 ἀπόστασις.
3454 4745 3675 4800 Ιιοηντιι.

2023 4851 2092 4862 -
2124 4822 2248 4886 Qua
2276 4837 2415 4876 voce
2446 4820 2603 4875 infra
2630 4818 2787 4874 usus
2804 4823 2895 4872 est
2923 4822 3131 4872 auctor
3151 4834 3208 4888 p.
3243 4818 3365 4870 386.

2099 4895 2207 4961 (32)
2237 4892 2299 4947 Ἦ
2329 4890 2525 4946 τοίνυν.
2563 4892 2693 4945 Haec
2721 4895 3041 4943 occurrunt
3091 4889 3153 4942 in
3202 4889 3433 4961 Hermas
3456 4889 3673 4961 Pastor.

2027 4963 2130 5018 lib.
2159 4958 2200 5027 ι,
2231 4964 2336 5018 vis.
2371 4966 2422 5030 3,
2452 4960 2745 5034 principio
2776 4977 2825 5013 c.
2861 4962 2893 5013 8
2926 4976 2939 5012 :
2991 4960 3305 5034 Respiciens
3330 4976 3436 5022 me,
3494 4958 3674 5034 δαί)νὴ

2025 5038 2115 5096 sit.
2149 5042 2199 5089 et
2227 5038 2307 5089 ait
2334 5030 2512 5089 mihi:
2550 5030 2716 5087 Vides
2744 5037 2946 5101 septem
2974 5031 3228 5085 mulieres
3257 5032 3405 5084 circa
3435 5031 3636 5083 turrim
3654 5030 3684 5081 Σ)

2033 5107 2227 5170 Video,
2257 5108 2503 5175 inquam.
2533 5106 2770 5175 domina.
2837 5103 3024 5155 Turris
3073 5101 3205 5175 haec,
3242 5101 3562 5175 inquitlab
3611 5101 3682 5152 iis

2026 5171 2389 5247 supportatur
2418 5174 2712 5231 secundum
2729 5179 3065 5243 praeceptum
3092 5173 3312 5226 Domini
3332 5190 3353 5247 ί
3378 5171 3515 5225 audi
3535 5186 3682 5224 nunc

2028 5245 2251 5318 effectus
2282 5264 2472 5302 earum
2503 5264 2521 5300 :
2543 5247 2731 5318 Prima
2761 5260 2971 5318 earum,
3004 5258 3158 5318 iquw
3202 5245 3442 5318 continet
3461 5257 3680 5318 manu.

2028 5313 2184 5373 Fides
2205 5326 2433 5374 vocatur
2461 5335 2481 5372 :
2496 5334 2600 5387 per
2628 5317 2768 5371 hanc
2798 5315 2938 5370 salvi
2979 5317 3119 5382 ﬁunt
3175 5314 3333 5368 electi
3379 5314 3491 5367 Dei.
3548 5313 3685 5367 Alia

3532 5398 3680 5448 vero,

2101 5460 2209 5527 (33)
2268 5459 2384 5527 Τὴν
2446 5456 2792 5526 Ἐκκλησίαν.
2853 5457 2970 5511 Hoc
3029 5454 3309 5527 abestab
3367 5453 3681 5527 hodierno.

2027 5531 2263 5599 Herma,
2296 5526 2355 5603 et
2376 5529 2893 5603 interpretamenti
2947 5527 3078 5582 loco
3108 5543 3144 5582 a
3194 5526 3499 5581 Clemente
3524 5526 3688 5597 adje-

2025 5607 2187 5658 ctum
2215 5601 2469 5657 videtur.
