4044 6154
290 248 400 304 993

1562 294 1567 299 .
1643 252 2085 308 ΒΤΒΟΜΔἸὋΜ
2120 254 2258 308 LIB.
2298 256 2371 307 II.

3611 259 3719 314 994

292 368 454 445 φησὶν
484 370 513 423 ὁ
546 370 788 443 Ποιμήν,
814 369 983 446 ἀφετή
1016 372 1052 439 ἡ
1079 369 1259 433 πίστις
1306 370 1444 440 ἐστὶ,
1476 368 1544 424 δι’
1575 370 1642 440 ἧς
1681 372 1947 440 σώζονται

2070 390 2203 429 nem
2236 373 2577 428 occasiones
2607 373 2844 441 habere,
2870 391 3001 445 qum
3033 393 3170 432 eum
3191 384 3466 434 moveant
3496 385 3555 435 et
3574 380 3722 436 inci-

294 459 347 512 οἱ
379 456 628 513 ἐκλεκτοὶ
667 463 765 513 τοῦ
797 463 951 513 Θεοῦ·
1008 461 1042 528 ἡ
1107 456 1165 513 δὲ
1221 455 1583 533 ἀνδριζομένη
1644 459 1949 535 ἐγκράτεια.

290 549 519 603 "Exstat
569 545 617 602 δ’
667 546 856 601 αὐταῖν
910 546 1183 618 ἁπλότης,
1227 546 1532 620 ἐπιστήμη,
1591 549 1805 618 ἀκακία,
1867 570 1957 604 σε-

301 636 531 708 μνότης,
566 637 770 710 ἀγάπη.
808 642 981 692 Πᾶσαι
1015 633 1071 690 δὲ
1126 636 1281 691 αὗται
1330 637 1569 699 πίστεώς
1629 636 1730 691 εἰσι
1793 648 1956 712 θυγα-

293 727 466 799 τέρες.
510 727 615 782 Καὶ
646 726 836 798 πάλιν,
895 732 1220 803 προηγεῖται
1282 729 1377 801 μὲν
1409 727 1614 798 πίστις,
1668 724 1839 807 φόϐος
1898 726 1956 785 δὲ

297 813 604 889 οἰκοδομεῖ,
636 815 843 872 τελειοῖ
873 813 930 871 δὲ
960 819 994 885 ἡ
1028 815 1213 891 ἀγάπη
1239 817 1370 890 (34).
1402 812 1683 887 Φοϐητέον
1717 819 1829 891 (35)
1861 815 1952 872 οὖν

293 905 387 959 τὸν
417 904 637 979 Κύριον,
670 903 846 979 λέγει,
880 904 956 967 είς
986 903 1312 979 οἰκοδομήν,
1372 902 1501 959 ἀλλ’
1532 904 1592 960 οὐ
1624 905 1714 960 τὸν
1766 901 1955 961 διάϐο-

296 993 394 1050 λον
427 994 502 1057 εἷς
530 997 927 1071 καταστροφήν.
962 993 1244 1066 Ἒμπαλιν
1278 991 1357 1063 δὲ,
1391 996 1455 1050 τὰ
1517 994 1613 1067 μὶν
1670 989 1805 1071 ἔργα
1856 999 1955 1050 τοῦ

294 1083 522 1161 Κυρίου,
553 1083 798 1139 τουτέστι
826 1086 922 1146 τὰς
977 1082 1222 1153 ἐντολάς,
1281 1084 1590 1158 ἀγαπητέον
1640 1086 1730 1138 καὶ
1789 1105 1954 1155 ποιη-

290 1172 434 1240 τέον,
462 1173 530 1228 τά
560 1170 617 1227 δὲ
648 1169 782 1248 ἔργα
810 1176 909 1228 τοῦ
940 1167 1206 1229 διαϐόλου
1237 1169 1508 1250 φοϐητέον
1538 1173 1628 1228 καὶ
1691 1173 1755 1228 οὗ
1788 1194 1953 1244 ποιη-

289 1262 432 1317 τέοψ
468 1263 497 1316 ὁ
554 1262 649 1335 μὲν
702 1263 805 1337 γάρ
847 1266 944 1316 τσῦ
1001 1266 1138 1317 Θεοῦ
1198 1257 1368 1339 φόϐος
1424 1259 1668 1316 παιδεύει
1725 1263 1816 1316 καὶ
1876 1263 1952 1325 είς

293 1353 507 1427 ἀγάπην
536 1350 985 1421 ἀποκαθίστησιν,
1020 1351 1048 1405 ὁ
1080 1348 1138 1405 δὲ
1179 1355 1286 1405 τῶν
1342 1355 1439 1405 τοῦ
1486 1345 1748 1405 διαϐόλου
1780 1350 1956 1425 ἔργων

295 1445 455 1513 μῖσος
487 1440 604 1515 ἔχει
639 1440 910 1496 σύνοικον.
946 1463 974 1491 ››
1024 1440 1081 1493 '0
1141 1437 1199 1494 δὲ
1254 1439 1416 1501 αὐτὸς
1462 1439 1554 1494 καὶ
1590 1464 1612 1493 α
1653 1441 1753 1509 τήν
1787 1440 1953 1512 μετά-

290 1550 441 1583 νοιαν
470 1531 585 1602 (36)
645 1529 855 1583 σύνεσιν
931 1527 1063 1583 εἶναί
1121 1550 1254 1605 φησι
1327 1525 1590 1603 μεγάλην·
1679 1532 1956 1601 μετανοῶν

292 1618 398 1693 γάρ
429 1615 510 1695 ἐφ’
541 1620 624 1679 οἷς
654 1614 897 1693 ἔδρασεν,
932 1617 1028 1691 edn
1077 1612 1156 1672 ἔτι
1216 1622 1371 1671 ποιεῖ
1424 1616 1459 1685 ἢ
1510 1616 1676 1690 λέγει·
1733 1616 1951 1691 βασανί-

2066 468 2195 519 teut
2223 463 2295 518 ad
2318 463 2438 519 veri
2469 463 2669 519 ﬁdem.
2696 486 2724 513 ‹‹
2747 466 2886 529 Quae
2913 482 3048 537 ergo
3074 468 3397 524 Ecclesiam
3428 472 3715 538 continet,

2066 552 2359 607 utPastor
2387 553 2601 623 inquit,
2633 553 2838 620 virtus,
2881 559 2971 608 est
3010 554 3177 624 ﬁdes,
3227 573 3334 627 per
3362 575 3541 628 quam
3592 576 3720 615 ser-

2062 646 2274 697 vantur
2304 640 2473 695 electi
2504 641 2635 709 Dei;
2670 658 2800 711 quae
2819 648 3017 696 autem
3050 660 3111 698 se
3140 643 3393 700 viriliter
3411 646 3720 702 acfortiter

2065 730 2235 802 gerit,
2271 734 2361 783 est
2387 729 2775 784 continentia.
2801 732 2912 785 Eas
2942 735 3141 785 autem
3172 733 3558 803 consequitur
3572 735 3714 790 sim-

2066 818 2973 891 plicitas,scientia,innocentia.
2998 819 3302 887 honestas,
3327 821 3585 877 dilectio.
3620 824 3719 878 Hae

2065 912 2265 962 autem
2296 922 2504 961 omnes
2561 913 2702 962 sunt
2747 907 2886 962 filiae
2940 908 3095 962 166
3153 909 3312 963 iidei.
3375 911 3446 964 Et
3473 927 3717 966 rursus:

2066 994 2355 1050 Praecedit
2370 994 2611 1065 quidem
2644 995 2810 1064 ﬁdes,
2840 995 3015 1051 timor
3035 1002 3233 1052 autem
3256 997 3722 1070 aadiﬁcat.perii-

2067 1085 2149 1141 cit
2172 1088 2368 1139 autem
2397 1082 2654 1139 dilectio.
2683 1084 3412 1156 Dicititaque,timendum
3445 1105 3574 1143 esse
3606 1090 3723 1144 Do—

2065 1175 2296 1229 minum
2315 1172 2389 1227 ad
2413 1172 3004 1239 aedificationem,sed
3019 1191 3138 1229 non
3152 1174 3454 1231 diabolum
3477 1177 3551 1232 ad
3564 1193 3724 1232 ever-

2067 1263 2317 1318 sionem.
2342 1263 2568 1317 Rursus
2597 1267 2817 1324 autem,
2852 1279 3031 1334 opera
3054 1264 3294 1334 quidem
3317 1265 3573 1333 Domini,
3605 1266 3718 1322 hoc

2066 1357 2158 1406 est
2184 1356 2499 1422 praecepta,
2555 1366 2685 1405 esse
2743 1350 3043 1423 diligenda
3093 1359 3153 1407 et
3205 1353 3720 1427 facienda;opera

2066 1442 2263 1492 autem
2295 1438 2519 1493 diaboli
2538 1455 2666 1494 esse
2698 1439 3051 1508 timenda,et
3078 1458 3198 1496 non
3224 1441 3721 1499 facienda.Timor

2067 1527 2229 1581 enim
2261 1527 2362 1581 Dei
2386 1527 2580 1582 erudit
2596 1545 2663 1583 ac
2694 1529 2958 1601 castigat,
2985 1530 3117 1585 etin
3147 1531 3530 1588 dilectionem
3550 1535 3720 1588 resti-

2065 1616 2220 1671 tuit:
2256 1617 2432 1671 timor
2455 1621 2655 1672 autem
2687 1635 2934 1690 operum
2985 1619 3228 1687 diaboli,
3290 1639 3492 1677 secum
3540 1622 3724 1678 habet

298 1711 400 1775 ζων
435 1703 493 1760 δὲ
522 1704 605 1780 ἐφ’
636 1708 722 1767 οἷς
751 1705 1017 1781 ἥμαρτεν,
1063 1707 1162 1775 τήν
1224 1706 1416 1760 ἑαυτοῦ
1464 1706 1650 1778 ψυχὴν
1685 1703 1951 1780 ἀγαθοερ-

355 1799 378 1811 υ
429 1800 452 1814 υ
472 1803 486 1814 ι
689 1798 796 1814 ln~\
923 1794 935 1814 Ι
1101 1796 1115 1811 ο
1303 1798 1330 1809 ο
1638 1793 1649 1814 Ι
1769 1791 1794 1814 δ
1903 1794 1914 1814 Ι

2070 1704 2290 1759 odium.
2320 1727 2348 1755 ››
2366 1705 2527 1760 Idem
2561 1712 2760 1761 autem
2793 1708 2939 1763 dicit
2959 1709 3719 1781 etiam,pamitentiamesse

2070 1809 2329 1814 μημη,
2400 1794 2783 1814 ,μμηεμην-
2836 1813 2845 1814 ί
2943 1797 2981 1814 η
3034 1797 3044 1806 .
3191 1797 3201 1807 .

292 1799 396 1868 γεῖ.
429 1800 657 1873 ’Άφεσις
685 1798 798 1868 (37)
849 1794 1030 1850 τοίνυν
1091 1796 1371 1870 ἁμαρτιῶν
1428 1793 1714 1866 μετανοίας
1766 1791 1949 1871 διαφέ-

296 1902 398 1958 ρεν
428 1884 596 1958 ἄμφω
626 1880 685 1938 δὲ
716 1881 948 1939 δείκνυσι
980 1883 1046 1938 τά
1076 1882 1158 1961 ἐφ’
1189 1885 1348 1955 ἡμῖν.
1387 1906 1415 1933 ››

2061 1809 2338 1864 magnam
2399 1794 2878 1864 intelligentiam.
2940 1797 3047 1860 Qui
3107 1797 3270 1851 enim
3323 1814 3550 1866 eorum,
3584 1816 3717 1870 quae

2060 1881 2219 1949 fecit,
2254 1881 2492 1936 ducitur
2546 1882 2916 1953 pamitentia,
2949 1900 3071 1939 non
3126 1884 3383 1956 amplius
3421 1885 3582 1951 facit,
3628 1886 3720 1940 vel

290 1972 478 2028 dicit:
522 1979 766 2046 propter
814 1991 884 2029 ea
914 1980 1132 2041 autem,
1166 1990 1296 2045 quae
1341 1972 1626 2045 peccavit,
1652 1978 1936 2043 torquens
1979 1970 2266 2036 animam,
2316 1969 2471 2025 bona
2516 1969 2676 2025 facit.
2731 1970 3021 2026 Remissio
3063 1988 3198 2044 ergo
3247 1977 3628 2044 peccatorum
3655 1973 3719 2037 νΧ(

292 2061 491 2117 diii‘ert
514 2080 548 2119 a
577 2063 927 2135 pmnitentia
960 2062 1169 2117 :ambo
1200 2067 1399 2118 autem
1432 2079 1500 2117 eo
1534 2061 1872 2117 ostenditin
1904 2066 2109 2115 nostra
2137 2074 2269 2113 esse
2298 2062 2612 2130 potestate.

1811 2176 2041 2231 CAPUT
2070 2175 2198 2229 XIII

1501 2268 1577 2321 De
1598 2267 1787 2337 prima
1817 2271 1870 2319 et
1887 2264 2125 2319 secunda
2143 2263 2498 2334 paenitentia.

294 2387 322 2416 ‹‹
348 2364 454 2420 Τὸν
488 2363 578 2419 οὗν
632 2361 900 2441 εἰληφότα
956 2364 1054 2432 τήν
1116 2359 1302 2441 ἄφεσιν
1348 2365 1456 2417 τῶν
1517 2361 1801 2437 ἁμαρτιῶν
1856 2358 1955 2415 οὐκ

294 2449 373 2507 ἔτι
408 2453 733 2528 ἁμαρτάνειν
794 2455 928 2528 χρή·
990 2451 1079 2509 ἐπὶ
1134 2452 1239 2527 γὰρ
1295 2455 1366 2524 τῇ
1410 2450 1604 2526 πρώτῃ
1659 2447 1750 2504 καὶ
1810 2447 1952 2522 μόνῃ

302 2541 555 2614 μετανοίᾳ
578 2547 685 2596 τῶν
742 2544 1024 2616 ἁμαρτιῶν
1084 2539 1219 2611 αὕτη
1271 2538 1331 2594 ἄν
1388 2537 1471 2609 ε’ίη
1521 2543 1630 2594 τῶν
1663 2548 1953 2614 προϋπαρ-

300 2630 495 2701 ξάντων
535 2632 673 2686 κατὰ
726 2631 820 2685 τὸν
878 2630 1083 2685 ἐθνικὸν
1137 2629 1229 2685 καὶ
1281 2632 1499 2703 πρῶτον
1562 2626 1701 2700 βίον,
1757 2624 1850 2680 τόν
1900 2623 1952 2678 ἐν

301 2721 490 2795 ἀγνοίᾳ
528 2718 677 2794 λέγω
728 2722 860 2792 (38),
919 2717 1116 2773 αὐτίκα
1189 2722 1308 2778 τοῖς
1357 2714 1613 2785 κληθεῖσι
1671 2714 1954 2788 πρόκειται

304 2810 579 2879 μετάνοια,
611 2809 647 2875 ἡ
693 2804 1027 2880 καθαίρουσα
1079 2805 1172 2859 τὸν
1226 2802 1396 2857 τόπον
1451 2808 1552 2871 τῆς
1607 2801 1794 2875 ψυχῆς
1852 2798 1958 2855 ἀπὸ

2136 2382 2165 2410 ‹‹
2194 2362 2341 2414 Eum
2391 2375 2551 2431 ergo,
2609 2359 2710 2429 qui
2768 2359 2984 2430 accipit
3036 2359 3453 2418 remissionem
3497 2380 3715 2434 pecca-

2065 2456 2282 2516 torum,
2332 2465 2452 2502 non
2514 2452 2746 2518 oportet
2800 2448 3057 2518 amplius
3110 2466 3356 2519 peccare
3403 2469 3416 2518 ;
3460 2469 3600 2507 nam
3654 2453 3717 2508 in

2064 2538 2259 2609 prima
2315 2541 2374 2590 et
2424 2535 2601 2589 unica
2652 2541 3028 2605 peccatorum
3074 2537 3446 2607 pmuitentia,
3490 2556 3559 2594 ea
3590 2540 3722 2595 fue-

2064 2625 2146 2679 rit
2175 2639 2402 2688 eorum,
2434 2638 2566 2691 qua)
2596 2622 2762 2692 prius
2794 2621 3035 2678 fuerunt
3064 2624 3125 2678 in
3178 2625 3383 2697 gentili
3416 2632 3474 2682 et
3527 2629 3723 2700 prima

2064 2714 2201 2779 vita,
2236 2728 2324 2780 ea,
2356 2711 2626 2781 inquam,
2655 2728 2787 2782 quas
2816 2711 2928 2766 fuit
2952 2713 3013 2768 in
3044 2717 3496 2786 ignorantia,iis
3517 2719 3719 2788 etiam,

2068 2800 2172 2871 qui
2197 2799 2385 2854 vocati
2442 2804 2602 2864 sunt,
2657 2800 2941 2856 continuo
2972 2804 3322 2874 proponitur
3349 2808 3718 2878 paenitentia,

297 2900 406 2949 τῶν
464 2892 998 2967 πλημμελημάτων,
1027 2893 1120 2946 ἳνα
1147 2894 1183 2961 ἠ
1216 2891 1395 2952 πίστις
1428 2887 1766 2963 Θεμελιωθῇ.
1799 2891 1945 2962 Καρ-

2070 2904 2392 2962 expurgans
2415 2888 2614 2944 locum
2645 2889 2857 2948 animas
2888 2907 2924 2946 a
2952 2893 3305 2965 peccatis,ut
3334 2895 3482 2952 ﬁdes
3502 2896 3718 2954 funde-

365 3025 428 3088 ›χ‹
457 3021 523 3074 Ρ.
555 3020 659 3072 459
690 3019 803 3073 ED.
835 3018 1128 3085 POTTER,
1157 3016 1411 3071 385-386
1438 3016 1550 3070 ΕΙ).
1611 3016 1841 3071 PARIS.

297 3160 449 3207 vero,
482 3157 603 3212 quae
627 3144 905 3197 succincta
934 3148 1033 3209 est,
1066 3148 1117 3196 et
1147 3141 1386 3212 viriliter
1433 3142 1576 3209 agit,
1604 3139 1958 3194 Abstinentia

295 3210 524 3270 vocatur
563 3230 581 3266 :
612 3214 728 3268 hcec
770 3212 892 3283 ﬁlia
923 3219 998 3269 est
1023 3213 1200 3267 Fidei.
1263 3210 1520 3281 Quisquis
1568 3227 1698 3279 ergo
1732 3217 1957 3283 secutus

297 3289 469 3357 fuerit
499 3285 674 3357 illam,
707 3282 850 3357 felix
877 3287 969 3357 ﬁet
1002 3286 1061 3338 in
1090 3287 1206 3357 vita
1234 3298 1371 3346 sua;
1402 3284 1666 3357 quoniam
1687 3282 1755 3357 ab
1776 3283 1956 3357 omni-

304 3359 399 3413 bus
429 3355 591 3410 malis
621 3355 877 3425 operibus
906 3356 1246 3419 abstinebit;
1299 3355 1521 3409 credens
1577 3355 1747 3425 quod,
1793 3355 1842 3407 si
1904 3369 1959 3408 se

307 3427 641 3483 continuerit
654 3423 741 3481 ab
763 3428 913 3480 omni
944 3428 1404 3496 concupiscentia,
1440 3425 1610 3480 haeres
1665 3423 1791 3496 erit,
1831 3427 1959 3479 vita

306 3506 540 3555 aeternae.
574 3498 806 3554 Caetera?
834 3503 1037 3564 autem,
1090 3493 1337 3567 inquam,
1388 3497 1629 3560 domina,
1691 3493 1954 3566 quinque,

308 3587 429 3641 quae
459 3572 638 3624 sunt?
659 3569 836 3635 Filiae,
858 3571 1067 3640 inquit,
1096 3571 1329 3623 invicem
1385 3574 1533 3623 sunt.
1576 3568 1818 3641 Vocatur
1863 3584 1959 3622 au-

312 3638 418 3696 tem
438 3641 689 3711 quaedam
714 3638 1074 3709 Simplicitas,
1133 3641 1249 3694 alia
1301 3640 1647 3711 Innocentio,
1681 3638 1799 3693 alia
1840 3641 1960 3696 Mo-

310 3710 503 3778 destia,
531 3713 646 3767 alia
675 3711 999 3780 Disciplina,
1031 3711 1145 3765 alia
1172 3716 1354 3764 autem
1380 3710 1655 3764 Charitas.

380 3786 490 3854 (34)
561 3784 912 3855 ῐΙροηγεῖται.
948 3824 961 3836 .
1001 3822 1013 3835 .
1049 3823 1063 3835 .
1094 3782 1151 3855 ἡΔ
1198 3780 1401 3855 ἀγάπη.
1487 3781 1734 3855 H_ermas
1764 3780 1958 3855 paulo

308 3851 479 3925 posti
512 3851 738 3921 Ew‘ﬁde
782 3855 1032 3925 nascitur
1059 3851 1450 3925 AAbstinentia.
1500 3851 1566 3925 de
1611 3851 1961 3925 {tbstineiztia

307 3922 665 3995 Simplicitas,
702 3926 768 3979 de
809 3923 1183 3994 Simplicitate
1223 3924 1566 3989 Innocentia,
1599 3922 1666 3976 de
1693 3924 1961 3978 Modestia

306 3996 590 4067 Diciplina
620 4003 671 4067 et
702 3997 971 4067 Charitas.

378 4060 491 4136 (33)
523 4060 826 4133 Φοϐητέον.
862 4069 1098 4132 Eorum,
1144 4081 1276 4136 quaa
1333 4068 1686 4136 sequuntur,
1746 4081 1959 4121 sensus

310 4143 499 4192 exstat
528 4137 684 4208 apud
717 4139 992 4193 Hermam
1031 4137 1135 4191 lib.
1171 4137 1629 4208 1|,Amandat.‘7:
1669 4137 1835 4201 Time,
1869 4138 1957 4190 in-

311 4210 455 4279 quit,
489 4205 802 4274 Dominum,
830 4216 883 4262 et
910 4208 1175 4279 mandata
1204 4206 1322 4275 ejus
1351 4205 1563 4260 custodi
1597 4247 1609 4259 .
1644 4247 1670 4279 ._
1692 4246 1707 4262 .
1746 4208 1960 4261 Timens

2140 3136 2248 3215 (ξῖ)
2279 3136 2526 3215 "Aceste.
2545 3136 2677 3215 Eleae
2699 3136 2953 3215 clariosa
2982 3141 3146 3215 flent,
3178 3145 3466 3215 appositis
3489 3146 3718 3201 Hermas

2066 3206 2416 3288 vorbis_,_qi1i
2446 3208 2623 3278 paulo
2642 3215 2799 3288 _post
2827 3210 2939 3264 hoc
2994 3206 3170 3288 modo
3214 3206 3418 3288 pergit
3449 3233 3462 3270 :
3501 3219 3565 3271 Et
3596 3217 3720 3272 dixi

2067 3278 2158 3333 illi
2180 3280 2415 3354 :uEtiam
2433 3281 2883 3354 nu_nc,_Domine,
2916 3283 3167 3337 audivia
3219 3278 3545 3354 quibwusdam
3618 3289 3718 3342 do-
3790 3296 3793 3299 ‘

2070 3350 2331 3424 oloribus,
2365 3351 2516 3424 quod
2544 3351 3017 3424 alia_pamitentia
3043 3369 3155 3408 non
3181 3350 3278 3424 est,
3305 3359 3416 3412 nisi
3444 3358 3564 3422 illa,
3597 3375 3719 3413 cum

2070 3423 2129 3474 in
2185 3436 2388 3490 aquam
2444 3420 2838 3489 descendimus,
2892 3430 2944 3476 et
3001 3420 3300 3494 accipimus
3349 3420 3718 3484 remissionem

2068 3499 2419 3567 peccatorum
2449 3494 3049 3567 nostrorum,ulterius
3078 3512 3187 3550 non
3230 3514 3481 3567 peccare,
3510 3499 3605 3553 sed
3659 3502 3721 3554 in

2070 3565 2321 3618 castitate
2365 3580 2717 3634 permanere.
2776 3566 2845 3619 Et
2901 3567 2983 3619 ait
3037 3567 3178 3621 mihi
3232 3565 3253 3622 Ξ
3311 3571 3467 3623 Recte
3552 3569 3721 3625 audi-

2069 3637 2171 3707 sti._
2222 3635 2377 3707 Nunc
2425 3641 2661 3707 _autem,
2722 3637 2856 3703 quia
2903 3636 3202 3705 diligenter
3267 3643 3452 3694 omnia
3496 3644 3718 3707 quaeris,

2070 3658 2161 3688 διι.
2222 3658 2377 3688 nunc
2460 3658 2661 3701 autem,
2722 3658 2856 3703 quia
2903 3658 3202 3705 uulgante?
3267 3658 3452 3694 omnia
3535 3658 3718 3707 uteris,

2070 3712 2122 3759 et
2151 3705 2251 3782 hoc
2273 3705 2375 3758 tibi
2403 3705 2873 3782 demonstratum
3103 3712 3440 3765 occasionem
3476 3658 3585 3767 illlis
3622 3715 3722 3782 qui

2070 3776 2339 3848 credituri
2358 3782 2506 3848 sunt,
2538 3782 2635 3830 aut
2660 3778 2758 3845 qui
2787 3777 3139 3848 crediderunt
3170 3782 3421 3836 Domino.
3455 3784 3561 3848 Qui
3575 3776 3721 3837 enim

2061 3847 2186 3923 jam
2215 3846 2586 3914 crediderunt,
2646 3853 2761 3923 aut_
2801 3847 2901 3923 qui
2957 3850 3227 3906 credituri
3271 3859 3425 3920 sunt,
3445 3846 3721 3923 paeniten-

2071 3921 2205 3998 tiam
2222 3923 2590 3998 peccatorum.
2607 3934 2717 3972 non
2734 3918 2965 3998 habent,
3020 3923 3127 3998 sed
3160 3918 3549 3979 remissiOnEm.
3607 3925 3721 3979 Illis

2068 3990 2236 4065 enim,
2268 3990 2368 4065 qui
2407 3990 2593 4065 vocati
2617 3995 2742 4065 sunt
2788 3997 2914 4045 ante
2944 3992 3039 4047 hos
3068 3995 3201 4061 dies,
3244 3997 3433 4065 posuit
3460 3998 3721 4051 Dominus

2062 4062 2445 4135 paenitentiam
2476 4100 2489 4112 .
2559 4059 2831 4135 Quoniam
2886 4059 3265 4132 cogitationes-
3283 4068 3733 4135 praecordiorum

2068 4133 2223 4204 novit
2253 4132 2410 4198 Deus,
2450 4137 2501 4184 et
2531 4133 2631 4185 scit
2646 4133 3041 4204 inﬁrmitatem
3071 4132 3374 4204 hominum,
3425 4145 3477 4192 et
3533 4137 3727 4192 multi-

2060 4202 2265 4278 plicem
2286 4204 2591 4278 nequitiam
2621 4202 2857 4278 diaboli,
2889 4221 3001 4278 qua
3044 4207 3271 4261 molitur
3322 4202 3541 4278 aliquid
3580 4208 3722 4263 sini-

313 4264 459 4334 Enini
506 4264 817 4343 Dominum,
868 4280 1055 4332 omnia
1093 4264 1246 4332 bond
1275 4293 1441 4346 opera
1480 4277 1811 4346 operaberis.
1857 4279 1961 4332 Hic
1991 4264 2037 4329 D
2060 4264 2172 4326 Btri
2198 4264 2505 4346 servis-Dei,
2557 4278 2625 4346 et
2655 4264 3227 4343 malignoinsidiatur
3250 4278 3382 4334 illis.
3410 4264 3724 4335 Misericors

312 4357 392 4405 est
424 4352 607 4411 timor,
643 4363 752 4419 quo
793 4351 982 4403 timere
1029 4354 1263 4420 oportet,
1311 4354 1375 4401 ut
1403 4348 1584 4420 salvus
1616 4363 1725 4403 esse
1765 4351 1962 4417 possis.

313 4420 606 4476 Diabolum
640 4418 824 4473 autem
871 4436 939 4473 ne
978 4418 1166 4474 timeas
1207 4460 1220 4472 .
1257 4460 1268 4471 .
1309 4459 1322 4473 .
1354 4461 1367 4475 .
1421 4418 1572 4473 Time
1596 4420 1767 4489 plane
1812 4422 1968 4488 facta

314 4491 543 4555 diaboli,
576 4492 837 4560 quoniam
866 4490 1115 4560 maligna
1143 4497 1312 4545 sunt:
1332 4497 1575 4544 metuens
1604 4492 1750 4544 enim
1778 4492 1966 4544 Domi—

314 4580 465 4625 num,
501 4561 734 4627 timebis,
771 4567 822 4615 et
853 4577 1018 4631 opera
1042 4562 1254 4615 diaboli
1281 4577 1392 4615 non
1422 4564 1617 4629 facies,
1662 4561 1757 4616 sed
1795 4562 1969 4616 absti-

311 4635 462 4689 nebis
487 4640 538 4687 te
578 4633 645 4687 ab
686 4634 779 4687 eis.
821 4634 1038 4702 Duplex
1078 4634 1222 4686 enim
1271 4635 1438 4686 timor
1465 4638 1561 4686 est.
1596 4633 1655 4687 Si
1685 4635 1830 4686 enim
1853 4649 1966 4686 ma-

314 4707 425 4760 lum
451 4706 674 4774 opera-ri
714 4704 968 4769 volueris,
1002 4706 1195 4758 timens
1242 4703 1529 4774 Dominum
1558 4720 1625 4757 ne
1653 4703 1714 4757 id
1745 4703 1967 4773 quidem

311 4773 504 4846 facies.
530 4777 591 4830 Si
621 4780 804 4829 autem
832 4774 1051 4846 bonum
1094 4776 1318 4844 operari
1353 4773 1608 4840 volueris,
1657 4776 1822 4829 timor
1850 4776 1963 4828 uti-

313 4845 418 4917 que
451 4848 664 4901 Domini
692 4845 928 4917 validus,
960 4850 1070 4901 etc.

387 4919 496 4989 (36)
531 4917 647 4989 Τήν
680 4916 1243 4989 μετάνοιανηΗοτιιηι
1293 4915 1472 4970 etiam
1516 4932 1726 4971 sensus
1778 4921 1968 4989 exstat

316 4987 559 5046 Pastoris
590 4987 690 5043 lib.
728 5005 790 5049 ιι,
840 4987 1101 5043 mandat.
1135 4990 1189 5051 4,
1215 4992 1357 5042 sect.
1391 4990 1425 5040 2
1457 5004 1471 5041 :
1504 4990 1696 5041 Annon
1744 4988 1845 5041 tibi
1882 4989 1964 5042 vi-

316 5062 498 5125 detur,
534 5061 916 5131 pamitentiam
964 5076 1147 5129 agere,
1186 5075 1426 5127 magnan
1450 5059 1783 5128 sapientiam
1834 5073 1963 5128 esse,

316 5134 577 5203 quoniam
603 5133 701 5201 qui
719 5132 1105 5201 paenitentiam
1143 5132 1281 5200 agit,
1302 5145 1515 5185 sensum
1551 5145 1813 5203 magnum
1842 5131 1964 5203 adi-

306 5202 590 5274 piscitur?
618 5204 797 5258 Sentit
847 5204 991 5274 enim
1029 5218 1083 5256 se
1120 5216 1392 5274 peccasse,
1425 5206 1477 5255 et
1505 5202 1693 5274 fecisse
1716 5202 1967 5274 nequiter

314 5271 374 5329 in
402 5283 691 5345 conspectu
729 5272 996 5338 Domini;
1040 5280 1092 5327 et
1132 5271 1454 5327 recordatur
1498 5272 1778 5345 intellectu
1818 5272 1968 5343 quod

313 5343 548 5417 deliquit
574 5363 596 5409 ;
627 5352 678 5400 et
700 5346 1087 5417 paenitentiam
1126 5345 1267 5417 agit,
1299 5349 1350 5397 et
1379 5343 1745 5417 ampliusnon
1768 5360 1968 5412 opera-

315 5424 409 5471 tur
430 5413 725 5487 nequiter}
754 5416 844 5471 sed
875 5422 1137 5485 ope-ratur
1167 5416 1316 5481 bene,
1351 5421 1403 5468 et
1435 5413 1693 5487 humiliat
1724 5417 1965 5469 animam

313 5504 488 5552 suam,
518 5486 592 5542 et
635 5494 855 5557 torquet
900 5504 1041 5554 eam,
1093 5488 1230 5556 quia
1274 5487 1542 5555 peccavit.
1603 5486 1765 5541 Vides
1811 5501 1963 5556 ergo,

316 5559 465 5630 quod
475 5561 805 5629 paenitentia
820 5574 1006 5614 sensus
1035 5563 1114 5613 est
1141 5572 1392 5627 magnus.

2076 4341 2509 4420 ergoDominus
2552 4341 2808 4399 misertus
2850 4352 2925 4400 est
2969 4351 3216 4416 ﬁgmenti
3256 4349 3393 4404 sui:
3451 4357 3501 4404 et
3538 4353 3728 4420 posuit

2067 4416 2474 4491 paenitentan
2489 4415 2673 4491 istam,
2700 4421 2759 4491 et
2801 4415 3130 4491 potestatem
3178 4422 3520 4491 paenitentia:
3538 4415 3728 4491 _hujus

2073 4485 2215 4560 mihi
2231 4485 2400 4538 dedit.
2432 4486 2496 4538 Et
2528 4484 2648 4538 ideo
2677 4484 2822 4539 dico‘
2852 4488 2972 4550 tibi,
3032 4484 3199 4557 quodr
3214 4497 3343 4560 post
3388 4484 3728 4547 vocationem

2074 4556 2229 4632 illam
2252 4571 2515 4632 magnam
2536 4561 2589 4608 et
2616 4563 2882 4632 sanctam,
2915 4561 2982 4632 si_
3009 4556 3132 4632 quis
3189 4556 3427 4617 tEntatus
3455 4566 3628 4632 fuerit
3692 4581 3729 4618 a

2075 4625 2317 4692 diabolo,
2349 4642 2518 4680 unam
2543 4626 2930 4695 paznitentiam
2961 4625 3143 4685 hdbet.
3184 4632 3246 4687 Si
3292 4625 3471 4688 autem
3497 4636 3728 4690 subinde

2067 4702 2274 4772 peccet,
2307 4703 2364 4772 et
2380 4698 2768 4772 panitentiam
2795 4707 2949 4768 agat,
2980 4717 3092 4755 non
3125 4704 3378 4772 proderit
3406 4705 3618 4760 homini
3647 4713 3730 4761 ta-

2077 4769 2155 4848 lia
2175 4769 2369 4848 agenti
2386 4768 2663 4848 :ﬂdiﬂicile
2709 4772 2854 4824 enim
2882 4773 3027 4826 vivet
3082 4768 3213 4828 Deo.
3248 4774 3357 4829 Ubi
3408 4777 3563 4832 conf.
3597 4794 3729 4848 qum

2074 4838 2379 4894 adnotavit
2397 4838 2745 4897 Cotelerius.

2078 4981 2089 4992 ι
2147 4911 2275 4992 (238).
2307 4907 2431 4992 Ἐπὶ
2486 4908 2708 4992 7519.133
2761 4929 2801 4963 π
2971 4910 3164 4992 λέγω.-
3198 4917 3332 4992 H_azc
3387 4919 3733 4992 parenthesi

2074 4980 2440 5036 includenda
2471 4980 2628 5035 sunt.
2664 4980 2882 5038 Lowru.
2914 5015 2985 5025 —-
3014 4980 3354 5043 Clarissima
3378 4980 3588 5045 Grabio
3620 4992 3735 5046 hoc

2074 5053 2261 5136 modo‘
2281 5053 2408 5136 haec
2440 5050 2803 5136 distinguere
2829 5054 3019 5136 visum
3051 5063 3142 5113 est
3172 5057 3307 5136 εμέπί
3335 5060 3437 5136 γξιρ
3466 5060 3727 5136 xix-394,-

2029 5143 2033 5146 '
2071 5143 2141 5210 τη
2173 5122 2264 5176 καὶ
2322 5120 2481 5213 μόνῃἸ
2504 5120 2785 5213 ,μετᾶναίᾳι
2820 5128 2929 5178 τῶν
2949 5132 3284 5213 ..ἁμαρτιῶν
3329 5120 3463 5200 άῦτη
3512 5120 3583 5185 ’ἀν
3616 5120 3728 5202 ἐἵη

2072 5190 2181 5249 τῶν
2234 5190 2332 5275 πρέ
2354 5190 2628 5275 -Ἅέγωβ
2663 5190 2855 5250 αὐτίκα
2882 5202 3001 5275 τοῖς
3137 5203 3275 5257 Nam
3302 5190 3463 5275 post.
3487 5190 3731 5273 primani

2075 5275 2127 5322 et
2161 5271 2381 5344 unicam
2417 5273 2775 5344 peccatorum
2790 5273 3180 5344 paenitentiam
3209 5278 3296 5341 (ea
3317 5271 3729 5344 fuerit—eorum,

2074 5356 2199 5409 quae
2236 5340 2396 5409 prius
2451 5341 2685 5413 fucum
2708 5343 2766 5394 in
2797 5343 2994 5409 gentili
3024 5350 3075 5398 et
3113 5340 3301 5413 prima
3317 5340 3447 5400 rita
3476 5361 3494 5397 .·
3526 5360 3606 5409 ea,
3641 5346 3730 5397 in-

2075 5427 2264 5489 quam,
2313 5426 2434 5478 qua:
2464 5411 2575 5477 fuit
2608 5411 2665 5463 in
2690 5413 3061 5489 ignorantia),
3104 5411 3387 5489 iisetiam,
3421 5413 3522 5483 qui
3549 5417 3731 5466 vocati

2073 5488 2223 5552 sunt,
2250 5488 2510 5536 continuo
2530 5485 2871 5552 proponitur
2901 5485 3251 5554 pamitentia,
3276 5502 3404 5554 exp.
