4044 6154
254 312 365 367 995
376 304 381 309 ’

1494 310 1903 365 CLEMENTIS
1940 260 2434 365 ALEXXNDRIM

3561 272 3670 370 ese

253 440 370 496 tur.
406 439 551 494 Cum
584 426 782 493 autem
812 422 890 488 sit
919 418 1205 488 Dominus
1234 431 1502 503 cognitor
1523 429 1816 498 cordium,
1851 435 1909 487 et

2032 423 2366 503 ἓιαγνώστης
2394 427 2452 485 δὲ
2478 425 2551 484 ὤν
2587 430 2614 484 ὁ
2642 429 2840 504 Κύριος
2895 434 2984 487 καὶ
3041 433 3108 488 τὰ
3162 431 3440 506 μέλλοντα
3471 456 3673 512 προγιέ

251 532 457 585 futura
486 526 779 599 praesciat,
813 522 1049 595 facilem
1091 520 1352 575 hominis
1405 520 1821 588 mutationem,
1855 524 1912 575 et

255 616 331 673 ad
362 612 779 671 revertendum
811 611 1295 683 propensionem,
1332 614 1390 663 et
1433 606 1655 663 diaboli
1679 606 1908 662 callidi-

253 712 435 761 tatem
467 704 538 758 ab
575 703 692 757 alto
726 700 874 754 vidit
903 717 937 755 a
968 698 1283 771 principio,
1319 697 1475 769 quod
1508 695 1735 751 homini
1761 694 1910 750 invi-

255 793 402 848 dens
423 796 668 863 propter
680 780 1749 860 remissionempeccatorum,aliquas
1772 800 1911 856 pec-

254 886 520 936 catorum
544 894 751 934 causas
775 878 958 933 servis
989 877 1092 931 Dei
1121 880 1411 949 suggeret,
1436 879 1625 929 astute
1649 873 1757 927 hoc
1779 888 1910 925 lno-

253 969 501 1033 liens,ut
523 967 635 1039 ipsi
660 983 895 1038 quoque
917 982 1049 1020 cum
1076 981 1145 1019 eo
1169 961 1589 1019 cadant.Dedit
1609 976 1909 1033 ergo,cum

255 1057 333 1112 sit
380 1055 582 1111 multae
644 1054 1093 1123 misericordiae,
1147 1053 1221 1107 iis
1255 1054 1431 1109 etiam
1478 1051 1577 1123 qui
1612 1051 1673 1106 in
1708 1048 1822 1105 ﬁde
1851 1050 1912 1104 in

255 1145 496 1216 aliquod
511 1150 817 1217 peccatum
836 1141 1461 1209 incidunt,secundam
1482 1139 1912 1212 paenitentiam,

255 1234 511 1305 quam,si
546 1233 678 1305 quis
708 1238 967 1289 tentatus
998 1233 1179 1287 fuerit
1207 1238 1342 1303 post
1390 1230 1779 1296 vocationem,
1813 1245 1911 1282 co-

254 1329 420 1379 actus
436 1329 493 1378 et
524 1322 737 1378 callide
764 1323 1413 1390 circumventus,unam
1440 1318 1634 1373 adhuc
1658 1335 1778 1372 non
1792 1334 1915 1388 pce-

254 1415 560 1470 nitendam
579 1414 874 1486 acceperit
899 1412 1332 1486 pmnitentiam.
1356 1433 1382 1461 ››
1416 1412 1741 1466 Voluntaria
1766 1408 1915 1463 enim

253 1504 614 1575 peccantibus
644 1506 820 1568 nobis,
846 1511 1144 1574 postquam
1177 1503 1543 1572 acceperimus
1574 1499 1915 1570 agnitionem

254 1593 523 1653 veritatis.
550 1611 660 1648 non
691 1594 928 1664 amplius
956 1594 1296 1667 relinquitur
1308 1609 1417 1661 pro
1440 1592 1684 1661 peccatis
1715 1589 1913 1656 hostia,

252 1683 346 1739 sed
372 1682 637 1738 terribilis
684 1684 937 1753 quaedam
987 1685 1322 1752 exspectatio
1371 1680 1599 1749 judicii,
1663 1684 1713 1732 et
1772 1676 1915 1731 zelus

253 1774 420 1840 ignis,
453 1772 553 1840 qui
578 1778 657 1825 est
684 1772 1051 1826 devoraturus
1100 1771 1445 1825 adversarios
1475 1770 1570 1839 (a).
1607 1766 1913 1821 Continuae

255 1866 455 1914 autem
485 1864 544 1915 et
582 1877 642 1914 se
682 1860 943 1914 vicissim
976 1858 1339 1929 excipientes
1397 1862 1641 1927 propter
1672 1859 1915 1926 peccata

253 1948 643 2019 paenitentiae,
677 1948 830 2002 nihil
859 1947 1146 2002 differunt
1174 1947 1247 2001 ab
1279 1947 1350 2001 iis
1383 1946 1483 2015 qui
1515 1944 1760 2000 omnino
1792 1958 1913 1997 non

256 2036 661 2102 crediderunt,
694 2041 1094 2107 prmterquam
1123 2035 1184 2089 in
1217 2051 1284 2089 eo
1318 2034 1467 2101 solo,
1501 2032 1659 2105 quod
1688 2050 1747 2087 se
1779 2049 1918 2104 pec-

256 2142 392 2180 care
424 2130 777 2180 senserunt:
834 2142 1028 2196 neque
1088 2125 1209 2179 scio
1264 2129 1463 2179 utrum
1524 2123 1601 2177 sit
1655 2121 1916 2176 deterius

254 2214 693 2285 prudentemne
725 2231 792 2269 ac
824 2213 1116 2269 scientem
1150 2229 1500 2284 peccare,an
1523 2228 1657 2266 cum
1682 2227 1787 2281 pro
1821 2209 1913 2275 iis,

265 2319 396 2372 quae
448 2302 734 2373 peccavit,
792 2301 1144 2373 pmnitentia
1199 2301 1411 2355 ductus
1460 2299 1660 2365 fuerit,
1711 2313 1918 2352 rursus

264 2407 532 2463 peccare.
558 2392 638 2446 Eo
671 2391 855 2458 enim,
882 2389 1039 2461 quod
1061 2388 1344 2460 utrinque
1374 2393 1675 2461 arguatur,
1709 2402 1916 2458 pecca-

264 2485 390 2535 tum
417 2485 700 2551 apparet;
726 2479 878 2535 illud
911 2478 1173 2550 quidem,
1215 2477 1374 2548 quod
1406 2477 1547 2532 dum
1581 2478 1666 2544 ﬁt,
1699 2475 1918 2530 conde-

263 2575 508 2624 mnatur
532 2568 605 2623 ab
636 2568 764 2640 ipso
788 2573 1037 2623 auctore
1068 2567 1434 2638 iniquitatis:
1463 2566 1575 2621 hoc
1597 2564 1919 2636 vero,quod

260 2675 395 2714 cum
425 2664 747 2729 antequam
783 2658 976 2724 ﬁeret,
1029 2662 1237 2712 auctor
1291 2656 1670 2728 praesciverit,
1710 2660 1917 2709 tamen

263 2748 601 2821 aggreditur
628 2752 697 2802 ut
725 2746 1172 2804 malum.Etille
1204 2745 1448 2815 quidem
1470 2744 1573 2798 iraa
1590 2744 1841 2798 fortasse
1862 2748 1919 2797 et

261 2837 545 2908 voluptati
580 2835 951 2906 obsequitur,
985 2851 1108 2889 non
1133 2835 1415 2905 ignorans
1447 2833 1662 2903 quibus
1692 2831 1917 2904 gratifi-

264 2930 433 2980 cetur
465 2925 601 2979 :hic
632 2928 850 2988 autem,
886 2923 986 2993 qui
1018 2939 1155 2977 cum
1188 2922 1398 2977 ductus
1442 2922 1521 2976 sit
1548 2921 1918 2992 paenitentia,

262 3019 577 3086 propterea
599 3013 757 3083 quod
772 3012 848 3067 sit
878 3011 1488 3084 gratificatus,deinde
1500 3026 1921 3065 rulsusrecur—

262 3103 411 3158 rerit
439 3102 512 3157 ad
544 3102 928 3172 voluptatem,
958 3101 1010 3155 ei
1034 3101 1404 3172 propinquus
1436 3105 1543 3166 est,
1574 3100 1675 3171 qui
1698 3099 1769 3154 ab
1804 3100 1917 3153 ini-

2020 518 2267 587 νώσκων,
2319 520 2382 574 τό
2443 540 2501 574 τε
2552 516 2924 593 εὐμετάϐολον
2978 526 3076 577 τοῦ
3135 522 3426 599 ἀνθρώπου
3464 526 3554 580 καὶ
3610 526 3673 581 τὸ

2018 602 2373 679 παλίμϐολον
2404 608 2494 662 καὶ
2527 614 2829 685 πανοῦργον
2873 615 2969 666 τοῦ
3000 606 3285 680 διαϐόλου,
3318 611 3522 670 ἃνωθεν
3578 614 3677 692 ἀρ-

2019 703 2192 772 χῆθεν
2223 694 2494 773 προεῖδέν,
2531 699 2628 771 ὡς,
2667 697 2921 769 ζηλώσας
2945 698 3032 754 ἐπὶ
3062 703 3130 774 τῇ
3163 699 3349 775 ἀφέσει
3375 706 3482 756 τῶν
3499 704 3678 779 ἁμαρ-

2019 790 2149 840 τιῶν
2181 786 2271 839 τὸν
2321 787 2625 863 ἄνθρωπον,
2684 788 3084 863 προστρίψηταί
3137 809 3287 852 τινας
3346 790 3518 854 αἰτίας
3566 797 3673 849 τῶν

2022 872 2431 948 ἁμαρτημάτων
2465 881 2587 940 τοῖς
2617 873 2841 941 δούλοις
2870 880 2966 931 τοῦ
2996 876 3153 932 Θεοῦ·
3189 878 3472 956 φρονίμως
3501 901 3679 952 πονη-

2023 962 2337 1036 ρευόμενος,
2397 965 2548 1026 ὅπως
2607 962 2673 1034 δὴ
2733 966 2821 1020 καὶ
2886 965 3037 1020 αὐτοὶ
3080 966 3453 1023 συνεκπέσοιεν
3504 967 3673 1041 αὐτῷ.

2022 1048 2264 1107 Ἔδωκεν
2297 1050 2389 1105 οὗν
2420 1049 2599 1123 ἂλλην
2658 1052 2746 1108 ἐπὶ
2801 1058 2920 1117 τοῖς
2973 1054 3070 1108 κᾶν
3130 1058 3199 1128 τῇ
3249 1054 3423 1110 πίστει
3454 1058 3676 1131 περιπί-

2021 1140 2217 1194 πτουσί
2245 1162 2353 1195 τινι
2386 1139 2862 1216 πλημμελήματι,
2895 1142 3200 1205 πολυέλεος
3260 1140 3359 1213 ὤν,
3395 1147 3676 1218 μετάνοιαν

2024 1225 2296 1303 δευτέραν,
2327 1230 2394 1290 ἣν
2428 1232 2538 1304 (39)
2571 1227 2626 1286 εἷ’
2674 1253 2758 1295 τις
2815 1230 3189 1304 ἐκπειρασθείη
3227 1234 3361 1305 μετὰ
3405 1235 3504 1304 τήν
3534 1233 3678 1305 κλῆ-

2024 1339 2128 1387 σιν,
2168 1318 2405 1393 βιασθεὶς
2457 1315 2514 1374 δὲ
2571 1321 2685 1393 (40)
2715 1320 2806 1375 καὶ
2862 1321 3435 1398 κατασοφισθεὶς,μίαν
3465 1320 3543 1378 ἔτι
3580 1345 3677 1397 με·

2021 1405 2235 1460 τάνοιαν
2269 1406 2637 1479 ἀμετανόητον
2690 1405 2857 1483 λάϐῃ.
2919 1432 2947 1461 υ
3009 1409 3307 1472 Ἑκουσίως
3340 1409 3442 1485 γὰρ
3504 1411 3679 1486 ἀμαρ-

2023 1494 2294 1550 τανόιτων
2324 1498 2484 1569 ἡμῶν
2524 1498 2658 1569 μετᾶ
2713 1497 2777 1553 τὸ
2836 1492 3023 1553 λαϐεῖν
3082 1500 3182 1568 τὴν
3244 1498 3528 1573 ἐπίγνωσιν
3579 1502 3679 1569 τῆς

2024 1581 2286 1653 ἀληθείας
2344 1583 2441 1638 οὐκ
2498 1582 2575 1638 ἔτι
2635 1584 2760 1661 περὶ
2804 1585 3086 1662 ἁμαρτιῶν
3114 1585 3473 1643 ἀπολείπεται
3505 1588 3680 1662 θυσία,

2025 1665 2231 1747 φοϐερά
2289 1669 2347 1727 δέ
2403 1694 2484 1727 τις
2536 1671 2743 1749 ἐκδοχή
2794 1676 3048 1748 κρίσεως,
3106 1676 3199 1732 καὶ
3255 1676 3426 1752 πυρὸς
3484 1678 3676 1748 ζῆλος,

2024 1758 2218 1823 ἐσθίειν
2256 1759 2558 1835 μέλλοντος
2612 1763 2741 1826 τοὺς
2797 1764 3168 1828 ὑπεναντίους.
3221 1765 3290 1823 Al
3321 1762 3379 1820 δὲ
3433 1772 3679 1842 συνεχεῖς

2024 1848 2112 1903 καὶ
2144 1848 2457 1921 ἐπάλληλοι
2512 1850 2600 1906 ἐπὶ
2630 1857 2748 1915 τοῖς
2781 1854 3140 1929 ἁμαρτήμασι
3188 1855 3490 1929 μετάνοιαι,
3523 1853 3678 1911 οὐδέν

2023 1943 2130 1993 τῶν
2165 1941 2407 2010 καθάπαξ
2443 1943 2518 2014 μὴ
2570 1944 3007 1999 πεπιστευκότων
3059 1942 3425 2022 διαφέρουσιν,
3456 1944 3491 2015 ἢ
3527 1947 3681 2019 μόνῳ

2024 2032 2102 2099 τῷ
2134 2030 2508 2094 συναισθέσθαι
2542 2029 2625 2085 ὅτι
2683 2032 3069 2106 ἁμαρτάνουσι·
3130 2034 3221 2088 καὶ
3280 2034 3380 2091 οὐκ
3423 2033 3524 2090 οἶδ’
3555 2036 3682 2089 ὁπό-

2025 2139 2178 2194 τερον
2207 2120 2392 2183 αὐτοῖς
2426 2127 2640 2198 χεῖρον,
2671 2121 2707 2190 ἢ
2746 2124 2807 2177 τὸ
2866 2122 3048 2179 εἷ’δότα
3106 2125 3450 2197 ἁμαρτάνειν,
3510 2128 3545 2199 ἢ
3581 2147 3678 2201 με·

2024 2213 2364 2282 τανοήσαντα
2404 2211 2485 2289 ἐφ’
2516 2213 2597 2274 οἷς
2638 2213 2901 2287 ἥμαρτεν,
2959 2212 3316 2288 πλημμελεῖν
3375 2214 3549 2280 αὖθις·
3601 2222 3683 2290 τῷ

2028 2297 2349 2375 ἐλέγχεσθαι
2379 2301 2481 2376 γάρ
2540 2301 2869 2377 ἑκατέρωθεν
2928 2303 2963 2372 ἠ
3024 2305 3264 2375 ἁμαρτία
3319 2306 3586 2381 φαίνεται,
3646 2307 3684 2376 ἡ

2031 2387 2127 2460 μὶν
2188 2387 2274 2442 ἐπὶ
2324 2393 2405 2461 τῷ
2457 2392 2769 2464 πραχθῆναι
2826 2392 3350 2466 καταγινωσκομένη
3396 2393 3532 2467 πρὸς
3585 2397 3685 2448 τοῦ

2030 2474 2258 2552 ἐργάτου
2287 2484 2386 2546 τῆς
2422 2478 2670 2551 ἀνομίας,
2703 2483 2738 2549 ἡ
2774 2477 2831 2534 δὲ
2885 2480 2945 2534 τὸ
2979 2481 3438 2555 πραχθησόμενον
3479 2482 3685 2557 προγί-

2030 2567 2354 2634 νώσκοντος,
2389 2566 2464 2630 ὡς
2494 2566 2704 2645 φαῦλον
2759 2567 3197 2643 ἐπιχειροῦντος.
3231 2568 3329 2624 Καὶ
3362 2568 3420 2631 ὅς
3457 2569 3551 2642 μὲν
3588 2580 3689 2634 Ου-

2034 2658 2120 2729 μῷ
2152 2654 2431 2729 χαρίζεται
2474 2654 2612 2718 ’ίσως
2641 2656 2730 2711 καὶ
2780 2654 2977 2730 ἡδονῇ,
3010 2658 3116 2713 οὐκ
3145 2657 3352 2733 ἀγνοῶν
3384 2657 3495 2712 τίσι
3524 2657 3689 2734 χαρί-

2022 2749 2198 2823 ζεται,
2234 2742 2290 2806 ὅς
2321 2741 2378 2799 δὲ
2408 2745 2491 2819 ἐφ’
2540 2747 2621 2807 οἷς
2677 2744 2968 2821 ἐχαρίσατο
3001 2751 3296 2818 μετανοῶν,
3348 2748 3461 2802 εἶτα
3491 2744 3690 2802 παλιν-

2031 2830 2251 2908 δρομῶν
2297 2831 2448 2895 αὖθις
2497 2835 2572 2896 εἰς
2623 2832 2852 2906 ἡδονὴν,
2914 2835 3168 2891 συνάπτει
3225 2839 3304 2909 τῷ
3348 2837 3447 2905 τὴν
3502 2836 3686 2912 ἀρχὴν

2029 2922 2295 2984 ἑκουσίως
2326 2921 2768 2997 ἐξαμαρτάνοντι·
2832 2923 2913 3001 ἐφ’
2969 2925 3013 2997 ᾧ
3068 2926 3169 3000 γάρ
3213 2945 3298 2988 τις
3335 2926 3682 2998 μετενόησεν,

2030 3008 2183 3071 αὖθις
2235 3014 2396 3066 τοῦτο
2436 3015 2633 3080 ποιῶν,
2697 3012 2759 3071 οὗ
2815 3012 3041 3087 πράσσει
3091 3013 3474 3088 κατεγνωκὼς,
3521 3016 3685 3070 τοῦτο

2032 3097 2171 3152 ἑκὼν
2222 3096 2482 3155 ἐπιτελεῖ.
2530 3100 2590 3155 Ὀ
2650 3099 2744 3171 μὲν
2794 3103 2907 3174 (41)
2957 3098 3072 3168 οὖν,
3126 3100 3176 3171 ἐξ
3232 3099 3396 3157 ἐθνῶν
3446 3101 3534 3157 καὶ
3591 3109 3690 3172 τῆς

263 3193 345 3246 tio
369 3195 574 3262 peccat
602 3166 947 3245 voluntarie.
972 3166 1161 3262 cujus
1176 3166 1335 3243 enim
1358 3190 1569 3244 ductus
1591 3166 1679 3244 est
1703 3187 1918 3260 aliquis

2033 3181 2405 3260 προϐιὸτητος
2437 3185 2648 3259 ἐκείνης
2682 3186 2770 3242 ἐπὶ
2829 3189 2926 3256 τήν
2984 3188 3166 3243 πίστιν
3229 3191 3502 3263 ὁρμήσας,
3550 3191 3688 3261 ἅπαξ

261 3279 751 3352 pmnitentia,hoc
781 3296 989 3334 rursus
1017 3278 1429 3349 faciens.quod
1460 3280 1522 3344 is
1552 3295 1586 3333 a
1616 3295 1679 3333 se
1702 3277 1921 3333 conde-

265 3375 539 3424 mnatum
568 3368 700 3436 fuit,
732 3369 843 3424 hoc
874 3385 981 3423 sua
1007 3374 1217 3439 sponte
1246 3368 1493 3439 peragit.
1519 3367 1623 3420 llle
1665 3382 1800 3438 ergo
1853 3384 1923 3421 ex

263 3456 540 3530 gentibus
573 3461 632 3510 et
660 3457 855 3528 priore
889 3456 993 3510 illa
1021 3456 1138 3510 vita
1163 3455 1236 3509 ad
1269 3455 1446 3509 fidem
1481 3471 1541 3508 se
1584 3454 1920 3525 conferens,

262 3545 681 3609 remissionem
704 3551 1081 3616 peccatorum
1114 3544 1300 3599 semel
1315 3548 1402 3598 est
1418 3549 1801 3611 consecutus;
1826 3544 1922 3599 hic

263 3635 599 3707 autem,qui
632 3635 809 3690 etiam
842 3641 1051 3706 postea
1078 3634 1359 3706 peccavit,
1383 3634 1598 3689 deinde
1629 3634 1922 3705 paeniten—

264 3723 346 3778 tia
377 3723 883 3791 ducitur,etiamsi
915 3724 1149 3779 veniam
1181 3728 1555 3793 assequatur,
1579 3723 1758 3778 debet
1787 3739 1920 3777 eru-

262 3811 715 3881 bescere,utqui
732 3827 853 3865 non
867 3812 1125 3884 amplius
1156 3810 1387 3866 lavetur
1416 3810 1477 3865 in
1500 3811 1921 3865 remissionem

261 3907 661 3972 peccatorum.
698 3902 941 3973 Oportet
969 3899 1129 3954 enim
1159 3917 1281 3955 non
1314 3899 1508 3955 solum
1548 3900 1709 3955 idola
1737 3899 1923 3955 relin—

261 4006 602 4060 querc,quae
634 3988 799 4062 prius
830 4006 936 4060 pro
986 3988 1101 4043 diis
1133 3988 1409 4058 habebat,
1443 3988 1546 4044 sed
1569 3989 1748 4043 etiam
1767 3989 1923 4043 facta

262 4080 478 4150 prioris
500 4079 652 4146 vitae,
685 4095 843 4142 eum,
877 4080 975 4147 qui
1004 4094 1114 4132 non
1141 4084 1219 4132 est
1245 4095 1313 4132 ea:
1340 4078 1720 4147 sanguinibus,
1747 4094 1924 4146 neque

265 4185 333 4223 ea:
350 4168 633 4223 voluntate
665 4170 847 4223 carnis
896 4168 992 4237 (b),
1028 4167 1130 4221 sed
1162 4167 1224 4221 in
1258 4166 1471 4238 spiritu
1493 4172 1876 4238 regeneratur
1908 4184 1919 4219 :

264 4257 422 4328 quod
454 4255 693 4328 quidem
717 4261 841 4311 tum
867 4256 1066 4324 fuerit,
1088 4256 1134 4311 si
1158 4272 1470 4327 nunquam
1503 4255 1565 4309 in
1588 4255 1923 4311 idemrevo-

264 4345 424 4401 lutus
454 4350 792 4419 peccatum,
823 4344 1075 4401 ducatur
1095 4345 1464 4417 paenitentia.
1493 4345 1769 4400 Estenim
1789 4362 1924 4400 rur—

264 4452 364 4491 sus
394 4435 701 4492 meditatio
740 4441 1120 4525 peccatorum
1170 4452 1325 4505 saape
1359 4434 1729 4505 resipiscere,
1764 4440 1821 4489 et
1850 4434 1924 4489 ad

2027 3270 2218 3350 ἔτυχεν
2278 3273 2517 3353 ἀφέσεως
2577 3278 2879 3351 ἁμαρτιῶν·
2953 3279 2981 3332 ὁ
3051 3275 3109 3332 δὲ
3162 3279 3249 3333 καὶ
3330 3280 3464 3352 μετὰ
3521 3283 3687 3334 ταῦτα

2027 3366 2371 3440 ἁμαρτήσας,
2405 3366 2515 3420 εἶτα
2551 3370 2851 3437 μετανοῶν,
2885 3363 2982 3420 κᾶν
3026 3368 3354 3443 συγγνώμης
3386 3370 3687 3443 τυγγχάνῃ,

2028 3451 2294 3518 αἰδεῖσθαι
2326 3452 2555 3531 ὀφείλει,
2615 3453 2808 3526 μηκέτι
2869 3452 3171 3527 λουόμενος
3203 3458 3317 3531 (42)
3376 3455 3452 3519 εἷς
3502 3456 3687 3535 άιρεσιν

2027 3543 2330 3617 ἁμαρτιῶν.
2365 3546 2457 3596 Δεῖ
2483 3541 2585 3617 γὰρ
2617 3540 2678 3595 οὐ
2715 3541 2781 3596 τὰ
2831 3538 3038 3597 ε’ίδωλα
3095 3542 3258 3616 μόνον
3289 3546 3625 3616 καταλιπεῖν,
3658 3546 3692 3599 ἄ

2026 3632 2291 3708 πρότερον
2325 3629 2643 3701 ὲξεθείαζεν,
2678 3628 2826 3686 ἀλλά
2880 3632 2974 3687 καὶ
3029 3632 3098 3687 τά
3152 3628 3282 3707 ἔργα
3335 3639 3433 3688 τοῦ
3486 3636 3690 3708 προτέ-

2029 3739 2125 3795 ρου
2163 3718 2308 3795 βίου,
2338 3719 2430 3774 τὸν
2491 3718 2595 3774 οὐκ
2644 3718 2694 3789 ἐξ
2758 3720 3026 3793 αἱμάτων,
3079 3719 3209 3776 οὐδὲ
3265 3721 3323 3777 ἐκ
3381 3723 3693 3797 θελήματος

2029 3809 2249 3883 σαρκὸς,
2309 3807 2361 3863 ἐν
2418 3808 2687 3883 πνεύματι
2740 3805 2797 3864 δὲ
2864 3810 3323 3886 ἀναγεννώμενον·
3405 3813 3538 3888 ’ὅπερ
3602 3812 3687 3886 ε’ίη

2029 3896 2088 3951 ἄν
2120 3899 2182 3952 τὸ
2216 3898 2293 3972 μὴ
2326 3897 2404 3962 εἷς
2423 3898 2615 3954 ταυτὸν
2654 3899 3020 3975 ὑπενεχθέντα
3069 3898 3472 3973 πλημμέλημα
3523 3923 3692 3973 μετα-

2027 3991 2244 4052 νοῆσαι·
2283 3984 2487 4060 μελέτη
2519 3987 2621 4064 γάρ
2681 3985 2919 4061 ἔμπαλιν
2977 3990 3258 4061 ἁμαρτιῶν
3304 3988 3369 4043 τὸ
3406 3988 3688 4052 πολλάκις

2034 4081 2340 4149 μετανοεῖν,
2400 4075 2490 4132 καὶ
2546 4075 2931 4148 ἐπιτηδειότης
2975 4076 3052 4139 είς
3098 4076 3376 4152 εὐτρεψίαν
3447 4077 3496 4151 ἐξ
3559 4079 3694 4134 ἀναο-

2031 4165 2283 4237 σκησίας.
2317 4164 2550 4237 Δόκησις
2598 4167 2778 4222 τοίνυν
2833 4167 3144 4239 μετανοίας,
3184 4165 3245 4221 οὐ
3309 4168 3592 4240 μετάνοια,
3626 4171 3689 4224 τὸ

2029 4252 2304 4319 πολλάκις
2332 4254 2595 4319 αἰτεῖσθαι
2630 4256 2984 4331 συγγνώμην,
3041 4253 3122 4333 ἔφ’
3180 4257 3260 4318 οἷς
3315 4254 3692 4329 πλημμελοῦ-

2035 4365 2129 4418 μεν
2188 4341 2485 4405 πολλάκις·
2528 4344 2855 4415 Δικαιοσύνη
2890 4342 2948 4399 δὶ
3006 4344 3273 4417 ἀμώμους
3304 4348 3421 4417 (43)
3459 4344 3691 4420 ἀρθοτο-

2034 4438 2126 4506 μεῖ
2183 4430 2369 4500 ὁδοὺς,
2412 4433 2674 4508 κέκραγεν
2730 4435 2764 4502 ἡ
2818 4434 3032 4510 Γραφή.
3091 4432 3190 4487 Καὶ
3261 4432 3425 4488 πάλιν
3477 4432 3563 4504 αὖ,
3622 4433 3687 4491 Ἥ

258 4524 496 4580 facilem
528 4517 922 4579 mutationem
968 4524 1236 4595 aptitudo
1268 4539 1339 4577 ex
1371 4522 1606 4578 defectu
1637 4524 1918 4603 exercita-

2032 4526 2130 4575 τοῦ
2189 4520 2393 4575 ἀκάκου
2453 4522 2563 4594 (44)
2623 4517 2937 4592 δικαιοσύνη
2997 4523 3333 4598 κατορθώσει
3390 4523 3489 4592 τήν
3558 4522 3687 4579 ὁδὸν

330 4621 394 4685 >X<
424 4623 487 4676 P.
521 4623 624 4675 460
654 4623 765 4677 ED.
801 4623 1097 4690 POTTER,
1130 4622 1234 4676 387
1265 4622 1378 4676 ED.
1413 4623 1642 4677 PARIS.
1680 4628 1751 4691 (α)
1783 4622 1960 4679 Hebr.
1987 4640 2047 4690 ι,
2077 4622 2170 4690 26,
2199 4624 2287 4676 27.
2347 4620 2425 4693 (b)
2454 4621 2622 4676 Joan.
2653 4637 2692 4689 1,
2728 4623 2815 4677 l3.

333 4718 447 4789 (39)
504 4720 626 4771 Ἣν.
682 4720 854 4774 Forte
913 4718 1296 4774 scribendum
1334 4714 1408 4769 ’θίν’
1466 4715 1513 4770 ε⁹ί
1567 4716 1711 4785 am,
1757 4725 1823 4773 ut
1874 4722 1922 4775 si

264 4792 387 4914 quis
414 4794 538 4857 post
560 4791 897 4845 vocatione-II;
929 4796 1168 4845 tentatus
1197 4792 1442 4859 fuerit...
1488 4790 1711 4845 unicam
1745 4792 1924 4847 adhuc

303 4862 465 4914 abent
489 4875 599 4912 non
654 4860 1034 4914 paenitendum
1072 4861 1477 4914 paenitentiam.
1512 4862 1677 4914 Idem
1737 4863 1924 4914 sensit

303 4862 465 4915 abent
489 4875 599 4930 non
650 4860 1034 4929 paenitendum
1068 4861 1477 4930 paenitentiam.
1512 4862 1677 4917 Idem
1737 4863 1926 4917 sensit

265 4933 442 4987 etiam
474 4929 742 4985 Grabius.

334 5005 442 5071 (40)
468 5001 553 5055 Δὲ.
603 5001 801 5057 Malim
832 4998 924 5070 δή.
1250 5048 1255 5051 μ
1464 5038 1469 5045 ο

360 5072 538 5139 41)Ὁ
574 5072 695 5141 μὲν.
732 5074 1014 5145 Origenes
1068 5078 1238 5145 tract.
1299 5076 1389 5141 35,
1440 5075 1501 5128 in
1559 5076 1923 5141 Matthaeum,

263 5144 498 5201 videtur
526 5149 816 5218 astryerc,
844 5144 1250 5218 ’_i_mpossibile
1281 5162 1412 5218 esse
1446 5161 1570 5218 eos,
1631 5148 1733 5218 qui
1793 5153 1928 5217 post

266 5222 604 5288 susceptam
636 5214 1029 5288 Evangeliceed
1056 5216 1502 5288 praedicationis
1559 5214 1813 5287 gratiam
1870 5224 1928 5273 et

269 5284 471 5355 ﬁdem,
502 5284 944 5358 abnegaverunt
973 5284 1299 5358 Christum,
1325 5284 1587 5358 rursum“
1625 5289 1697 5343 ad
1737 5290 1926 5358 poeni-

266 5362 515 5416 tentiam
545 5356 779 5417 rcverti.
814 5363 874 5412 et
900 5356 1133 5410 veniam
1185 5356 1384 5410 delicti
1438 5356 1778 5428 impetrare,
1822 5361 1924 5428 qui

265 5450 431 5489 error
460 5433 521 5487 in
555 5429 894 5487 Novatianis
926 5428 1241 5482 damnatus
1268 5429 1454 5481 cst.Et
1481 5429 1638 5483 hunc
1662 5444 1926 5483 errorem

263 5505 497 5559 videtur
542 5502 814 5562 hausisse
846 5517 877 5555 e
909 5498 1116 5555 schola
1158 5499 1484 5554 Clementis
1515 5499 1923 5569 Alexandrini,

264 5575 651 5648 praeceptoris
680 5574 773 5648 sui
808 5588 822 5627 :
856 5573 906 5628 is
938 5570 1099 5627 enim
1130 5570 1231 5625 lib.
1265 5586 1308 5648 ιι
1330 5571 1591 5648 Stromat.
1615 5570 1762 5625 duas
1784 5575 1923 5648 t_a_n-

267 5641 392 5703 tum
423 5641 805 5719 paenitentiae
836 5662 942 5717 per
966 5661 1206 5699 omnem
1225 5645 1402 5698 vitam
1437 5641 1750 5698 admittere
1764 5642 1926 5699 vide-

2032 4725 2149 4785 tur,
2177 4718 2426 4793 alteram
2450 4722 2586 4793 ante
2616 4717 3001 4793 baptismum,
3017 4719 3273 4793 alteram
3305 4725 3459 4793 post,
3483 4720 3690 4792 plures

2035 4796 2234 4847 autem
2266 4789 3135 4862 minime.Caeterum-credibile
3153 4789 3388 4862 est,tam
3416 4789 3692 4849 Clemen-

2034 4868 2175 4946 t.em,
2210 4877 2388 4931 quam
2420 4861 2731 4946 Qrigenem
2764 4860 3027 4946 noluisse
3058 4860 3473 4946 paenitentiam
3505 4865 3691 4946 lapsis

2036 4932 2461 5015 denegare,sed
2477 4931 2792 5015 peccantes
2811 4948 2845 4987 a
2860 4931 3420 5015 relapsuhdeterrere
3433 4931 3694 5015 voluisse

2035 5006 2130 5060 his
2161 5003 2354 5059 dictis.
2388 5003 2582 5058 Sixtus
2614 5004 2827 5058 Senen.
2863 5003 2965 5058 lib.
2997 5003 3051 5059 v1
3082 5006 3437 5061 Bibliotheca:
3462 5008 3694 5061 an.119.

2036 5078 2301 5132 COLLEcr.

2107 5150 2219 5219 (4-2)
2252 5143 2583 5220 ᾼουόμενος.
2618 5147 2842 5220 Nempe
2877 5162 3047 5220 aqua
3104 5147 3465 5220 baptismali.
3523 5147 3691 5220 conf.

2038 5237 2168 5290 quae
2202 5217 2505 5290 adnotavit
2524 5217 2857 5290 Cotelerius
2873 5218 2934 5272 in
2949 5217 3198 5274 Hermai
3215 5220 3316 5274 lib.
3340 5219 3609 5287 u,mand.
3633 5220 3691 5274 4.

2107 5292 2220 5364 (43)
2251 5288 2584 5364 Δικαιοσύνη.
2638 5285 3035 5364 δ’μάμώ-μους.
3066 5363 3078 5364 7
3115 5292 3283 5364 Vulg.
3343 5285 3490 5346 Bibl.
3546 5292 3695 5345 Pro-

2035 5356 2311 5428 verb.'H,
2346 5356 2655 5432 δικαιοσύνη
2685 5356 2741 5413 δέ
2762 5356 3021 5432 ἆμῶμου.
3057 5356 3330 5417 Ξγωιυῖιο.

2108 5433 2304 5503 (44)ἹΙ
2364 5436 2462 5486 τοῦ
2501 5430 2723 5487 ἀκάκον.
2784 5430 2916 5487 Hazc
2975 5435 3271 5488 sententia
3311 5433 3570 5504 pertinet
3615 5432 3692 5487 ad

2036 5505 2444 5586 Ριτρνηπιιικεξε
2477 5506 2619 5559 Eam
2651 5505 3201 5586 ﬁorpppus‘codex,
3266 5511 3323 5586 et
3372 5511 3516 5586 post
3557 5521 3697 5586 eum

2034 5575 2282 5646 vulgata:
2304 5574 2598 5630 editiones
2617 5578 2726 5627 τῶν
2749 5574 2807 5630 0'
2832 5575 2959 5629 inte

2036 5646 2439 5701 Alexandrino
2474 5652 2531 5701 et
2560 5646 2966 5717 Complutensi
3021 5648 3193 5703 codd.
3251 5647 3362 5701 hoc
3394 5647 3569 5703 modo
3601 5664 3700 5701 es-

2965 5584 3225 5646 rpretum
3259 5575 3698 5631 desiderantln
3768 5596 3773 5599 ·
