4044 6154
307 258 416 313 999

1547 254 1958 310 οιΕιωΝτιε
1994 255 2500 315 ΑιΕΧΑΝοειιΝι

3590 274 3728 332 1000

308 400 431 438 non
449 399 576 438 esse
598 380 898 453 mysteriis
921 378 1220 434 initiatum
1245 392 1259 443 ;
1284 382 1387 431 aut
1406 377 1688 449 ignorans
1710 376 1768 432 id
1793 377 1941 449 quod

2065 374 2364 434 ἀντίπαλον
2415 381 2590 459 ἀφεὶς,
2643 384 2731 439 καὶ
2800 386 3127 452 ἀποκτείνας
3199 391 3406 447 οἰκεῖον
3467 395 3583 450 ἀντὶ
3636 405 3733 454 τοῦ

306 472 522 544 agitur,
571 476 636 525 ut
688 468 812 539 qui,
867 466 1114 521 dimisso
1160 465 1519 533 adversario,
1566 465 1960 523 domesticum

306 560 525 615 occidit
572 576 675 630 pro
723 556 1005 623 inimico;
1058 561 1160 609 aut
1208 554 1266 609 id
1312 571 1427 626 quo
1479 556 1691 626 agitur,
1740 562 1807 610 ut
1858 558 1959 628 qui

307 648 634 721 przepilatis
665 651 974 701 exercetur
1004 644 1248 711 lanceis,
1301 649 1359 698 et
1406 643 1668 714 aliquem
1718 645 1958 702 interfe-

308 738 411 803 cit,
469 752 605 791 cum
673 734 856 806 pilam
928 733 1138 789 lancea
1202 734 1349 788 167
1441 732 1782 800 amisisset;
1859 740 1962 790 aut

305 826 586 897 ignorans
603 821 1109 894 quemadmodum
1127 828 1285 877 esset
1298 821 1660 889 faciendum,
1684 828 1749 876 ut
1765 824 1868 893 qui
1895 823 1957 877 in

312 913 501 969 stadio
529 912 746 967 occidit
773 911 1213 977 adversarium;
1247 927 1369 965 non
1401 910 1561 966 enim
1609 915 1675 965 ut
1724 911 1961 966 occide-

308 1006 420 1070 ret,
446 1002 550 1057 sed
572 1005 637 1056 ut
665 1001 945 1068 vinceret,
974 1000 1311 1056 certabatur
1335 1017 1347 1067 ;
1380 1005 1483 1055 aut
1510 1000 1591 1068 id,
1626 1001 1796 1072 cujus
1825 1016 1955 1072 gra-

307 1090 391 1146 tia
421 1091 635 1163 agitur,
665 1089 1167 1161 quemadmodum
1198 1089 1363 1144 dedit
1402 1088 1668 1144 medicus
1716 1089 1955 1144 salubre

305 1179 660 1247 antidotum,
694 1185 752 1233 et
780 1177 1014 1234 occidit.
1047 1178 1101 1233 Is
1132 1184 1341 1233 autem
1376 1195 1495 1232 non
1535 1194 1604 1233 ea
1656 1177 1729 1232 de
1777 1196 1957 1234 causa

306 1268 490 1336 dedit,
526 1267 629 1323 sed
658 1274 724 1322 ut
752 1284 889 1322 eum
922 1271 1198 1322 servaret.
1248 1269 1329 1321 Ac
1377 1266 1663 1338 puniebat
1710 1266 1953 1337 quidem

304 1363 445 1413 tunc
476 1374 711 1428 quoque
733 1356 828 1411 lex
850 1373 1007 1423 eum,
1031 1356 1132 1426 qui
1153 1372 1275 1410 non
1298 1361 1505 1426 sponte
1534 1355 1864 1423 interfecit;
1889 1364 1956 1411 ut

302 1462 462 1514 eum,
497 1446 597 1516 qui
632 1462 752 1501 non
784 1452 993 1517 sponte
1023 1444 1333 1499 laborabat
1350 1444 1638 1515 proﬂuvio
1663 1446 1947 1502 seminis:

300 1537 404 1592 sed
438 1553 558 1591 non
590 1552 758 1607 aeque
788 1541 965 1607 atque
997 1551 1155 1601 eum,
1189 1534 1291 1605 qui
1324 1540 1550 1606 sponte.
1600 1536 1949 1606 Quanquam

297 1623 398 1678 ille
412 1639 651 1695 quoque
668 1624 951 1696 punietur
966 1628 1246 1692 tanquam
1260 1628 1502 1693 propter
1523 1623 1946 1680 voluntarium.

2070 463 2365 539 πολεμίου·
2412 467 2449 538 ἢ
2498 472 2561 526 τὸ
2621 472 2675 526 ἐν
2732 473 2841 529 τίνι
2886 477 3203 551 πράττεται,
3258 483 3501 558 καθάπερ
3561 486 3591 540 6
3621 494 3737 552 ταῖς

2073 552 2512 631 ἐσφαιρωμὲναις
2542 557 2777 637 λόγχαις
2824 568 3239 639 γυμναζόμενος
3282 571 3372 624 καὶ
3416 571 3738 640 ἀποκτείνας

2068 645 2213 714 τινὰ,
2268 651 2366 701 τοῦ
2424 646 2655 723 δόρατος
2712 651 3091 719 ἀποϐαλόντος
3116 660 3217 727 τὴν
3273 667 3527 737 σφαῖραν*
3590 665 3627 733 ἢ
3672 668 3735 722 τὸ

2070 735 2218 808 παρά
2261 737 2325 791 τὸ
2370 743 2509 809 πῶς,
2559 741 2635 805 ὡς
2666 743 2693 795 6
2744 743 2796 797 ἐν
2841 742 3045 819 σταδίῳ
3090 748 3414 813 ἀποκτείνας
3442 752 3536 807 τὸν
3561 753 3732 810 ἀντε-

2068 827 2591 919 γωνιστήνκού
2624 833 2871 905 θανάτου,
2914 833 3061 890 ἀλλά
3108 837 3262 908 νίκης
3312 841 3476 915 χάριν
3525 844 3728 919 ἡγωνίο

2072 917 2214 981 ζετο·
2264 914 2299 983 ἢ
2346 917 2409 971 τὸ
2443 917 2505 972 οὗ
2550 916 2706 975 ἕνεκα
2736 922 3027 997 πράττεται
3061 928 3176 981 οἷον
3212 929 3240 982 6
3273 914 3458 1002 ἰατρὸς
3490 914 3720 989 δέδωκεν

2067 999 2340 1057 ἀντίδοτον
2401 1006 2662 1081 ὑγιεινὴν,
2716 1012 2807 1064 καὶ
2864 1013 3190 1069 ἀπέκτεινενο
3224 1018 3252 1071 6
3297 1014 3355 1072 δὲ
3407 1019 3470 1074 οὐ
3528 1021 3723 1079 τούτου

2066 1089 2229 1166 χάριν
2275 1091 2526 1164 δέδωκεν,
2576 1095 2722 1153 ἀλλά
2777 1105 2874 1154 τοῦ
2928 1107 3119 1160 σῶσαι.
3156 1106 3403 1179 Ἐκράτει
3439 1110 3535 1181 μὲν
3567 1110 3662 1165 υῦν
3693 1115 3720 1168 6

2065 1181 2239 1253 νόμος
2296 1182 2419 1239 τότε
2475 1186 2566 1241 καὶ
2622 1188 2712 1243 τὸν
2771 1190 3039 1256 ἀκουσίως
3089 1196 3442 1269 φονεύσαντα,
3504 1201 3580 1263 ὡς
3627 1203 3720 1257 τὸν

2064 1268 2330 1334 ἀκουσίως
2359 1273 2656 1350 γονορῥυῆ,
2686 1276 2813 1333 ἀλλ’
2857 1279 2920 1334 οὗ
2970 1284 3088 1335 κατ’
3148 1282 3264 1339 ἴσον
3294 1291 3375 1357 τῷ
3431 1288 3718 1353 ἑκουσίως·

2068 1362 2255 1414 Καίτοι
2285 1363 2536 1425 κάκεῖνος
2572 1365 2648 1427 ὡς
2678 1365 2768 1421 ἐπὶ
2799 1370 3033 1442 ὲκουσίῳ
3072 1371 3496 1446 κολασθήσεται,
3532 1378 3607 1441 εἷς
3636 1400 3725 1442 τις

2068 1450 2655 1544 μεταγάγοιτὸᾼπάθος
2699 1453 2788 1510 ἐπὶ
2829 1458 2929 1525 τήν
2988 1458 3269 1530 ἀλήθειαν·
3329 1469 3409 1537 τῷ
3458 1462 3573 1522 ὄντι
3619 1470 3723 1544 γάρ

2061 1535 2358 1599 κολαστέος
2389 1540 2418 1594 6
2450 1541 2690 1616 ἀκρατὴς
2719 1549 2817 1599 τοῦ
2844 1546 3077 1620 γονίμου
3125 1549 3312 1625 λόγου·
3347 1535 3389 1607 ὂή
3426 1556 3515 1609 καὶ
3567 1535 3725 1627 αὖτέ,

2060 1626 2230 1715 πάθος
2261 1624 2372 1715 εστὶ
2398 1632 2591 1715 ,ψυχῆς
2623 1630 2845 1709 ἄλογον,
2877 1633 3042 1709 ἐγγυς
3072 1624 3404 1715 ἀδολεσχίας
3466 1641 3568 1697 ίόν·
3615 1624 3726 1701 Πιέ

295 1712 344 1767 si
387 1712 522 1783 quis
552 1712 829 1766 aﬂ'ectum
860 1710 1191 1766 traduxerit
1220 1710 1292 1765 ad
1342 1712 1670 1767 veritatem.
1722 1715 1941 1768 Revera

2064 1714 2189 1811 στὸς
2261 1711 2317 1770 δὲ
2389 1712 2591 1790 ᾕρηται
2666 1725 2808 1796 πνοῇ
2890 1723 3147 1794 κρύπτειν
3226 1710 3526 1805 πράγματα
3585 1737 3722 1805 (51).

293 1798 453 1853 enim
487 1805 576 1854 est
604 1798 943 1869 puniendus
974 1799 1047 1863 is,
1077 1799 1178 1868 qui
1210 1804 1301 1853 est
1329 1798 1489 1852 verbi
1522 1800 1796 1871 genitalis
1841 1800 1943 1855 in-

292 1887 607 1941 continens
635 1904 647 1940 :
683 1886 843 1957 quod
874 1887 1071 1958 ipsum
1104 1903 1339 1957 quoque
1373 1892 1462 1942 est
1493 1889 1677 1942 animi
1709 1889 1943 1944 affectio

287 1976 487 2031 aliena
516 1992 551 2031 a
597 1975 848 2045 ratione,
902 1993 1033 2047 qum
1086 1991 1267 2046 prope
1315 1974 1543 2030 accedit
1588 1977 1662 2031 ad
1709 1976 1944 2033 futilem

287 2063 712 2134 loquacitatem
738 2081 750 2119 :
784 2063 987 2119 Fidelis
1012 2070 1191 2118 autem
1221 2062 1377 2133 eligit
1404 2081 1489 2119 res
1520 2065 1696 2119 cetare
1714 2068 1940 2135 spiritu.

286 2151 387 2224 (a).
422 2153 561 2218 Quas
607 2157 815 2224 sponte
864 2168 999 2225 ergo
1046 2156 1104 2205 et
1152 2167 1222 2206 ex
1270 2151 1561 2208 electione
1611 2154 1942 2225 suscipiun-

288 2246 408 2307 tur,
459 2241 812 2312 puniuntur.
862 2240 1126 2296 Dominus
1152 2242 1296 2295 enim
1340 2247 1624 2296 scrutatur
1670 2244 1839 2297 corda
1886 2251 1941 2298 et

286 2346 439 2385 renes
459 2332 540 2401 (εἰ)
572 2335 630 2385 et
645 2329 951 2401 judicatur
980 2330 1051 2397 is,
1096 2329 1199 2400 qui
1241 2332 1480 2398 respexit
1530 2331 1604 2385 ad
1648 2335 1941 2402 concupis-

286 2422 522 2474 centiam
545 2420 636 2491 (c).
662 2421 852 2485 Quare
871 2419 1049 2474 etiam
1072 2418 1233 2482 dicit,
1259 2420 1334 2472 Ne
1355 2422 1703 2489 concupiscas
1723 2421 1821 2491 (ἀ).
1846 2423 1938 2489 Et,

286 2510 389 2563 Hic
414 2508 677 2579 populus,
711 2508 925 2579 inquit,
978 2508 1210 2562 honorat
1239 2523 1323 2561 me
1366 2507 1570 2571 labiis;
1617 2524 1710 2563 cor
1756 2516 1939 2565 autem

287 2598 533 2667 ipsorum
555 2599 757 2668 procul
785 2604 863 2652 est
894 2614 928 2651 a
953 2613 1037 2651 me
1066 2602 1159 2663 (e).
1194 2597 1349 2651 Deus
1398 2597 1555 2651 enim
1589 2598 1834 2669 respicit
1861 2598 1938 2653 ad

286 2686 574 2741 animum.
601 2688 744 2741 Nam
765 2701 1011 2741 uxorem
1034 2701 1271 2755 quoque
1296 2685 1417 2751 Lot,
1443 2702 1573 2756 qua:
1598 2703 1704 2742 sua
1726 2692 1938 2758 sponte

2059 1802 2142 1858 Τά
2172 1806 2529 1879 προαιρετικά
2576 1807 2757 1864 τοίνυν
2806 1811 3068 1887 κρίνεται.
3130 1802 3326 1891 Κύριός
3354 1802 3482 1895 *γὰρ
3544 1802 3725 1891 ἐτάζει

2060 1889 2286 1966 καρδίας
2336 1893 2426 1948 καὶ
2479 1896 2708 1972 νεφρούς
2745 1917 2757 1930 °
2817 1902 2908 1955 καὶ
2970 1904 2999 1957 ὁ
3059 1889 3341 1978 ἐμϐλέψας
3395 1889 3532 1983 πρὸς
3587 1889 3725 1965 ἐπήι-

2060 1979 2259 2073 θυμὲίαν
2314 1980 2573 2073 κρίνεται.
2627 1987 2742 2054 Διὸ,
2791 1986 2947 2059 Μηδὲ
2978 1990 3344 2069 ἐπιθυμήσῃς,
3378 1979 3550 2073 λέγει·
3601 2003 3722 2071 καὶ,

2057 2070 2116 2125 Ὀ
2170 2067 2301 2163 λαὸς
2335 2070 2492 2133 οὗτος
2540 2078 2657 2136 τοῖς
2717 2076 2933 2150 χείλεσί
2993 2102 3058 2152 με
3116 2067 3273 2154 τιμᾷ,
3333 2067 3518 2163 φησίν
3568 2091 3604 2157 ἡ
3659 2067 3724 2144 δὲ

2058 2154 2255 2232 καρδία
2329 2157 2503 2214 αὐτῶν
2578 2163 2769 2238 πόρῥω
2832 2166 2974 2221 ἐστὶν
3034 2171 3125 2224 ἀπ’
3180 2154 3355 2243 ἐμοῦ..
3397 2175 3490 2239 Εἰς
3547 2154 3725 2248 αὖτήν

2056 2245 2158 2321 γὰρ
2213 2246 2389 2323 ἀφορᾷ
2442 2250 2542 2318 τήν
2594 2251 2822 2327 γνώμην
2872 2256 2899 2310 6
2950 2258 3099 2322 Θεὸςο
3133 2258 3249 2315 ἐπεὶ
3279 2262 3369 2316 καὶ
3424 2265 3525 2334 τήν
3585 2245 3719 2323 sai:

2054 2340 2283 2406 γυναῖκα
2331 2336 2745 2417 ἓπιστραφεῖσαν
2788 2345 2954 2415 μόνον
3012 2348 3272 2412 ἑκουσίως
3317 2350 3404 2407 ἐπὶ
3459 2355 3561 2423 τήν
3612 2376 3717 2411 κα-

2056 2422 2175 2477 κίαν
2206 2425 2305 2493 τήν
2336 2429 2633 2499 κοσμικὴν,
2683 2431 2976 2489 κατέλιπεν
3026 2435 3379 2510 ἀναίσθητον,
3429 2442 3504 2506 ὡς
3552 2442 3715 2500 λίθον

2055 2507 2231 2607 δείξας
2263 2511 2549 2586 άλατίνην,
2577 2518 2669 2572 καὶ
2700 2522 2922 2591 στήσας,
2950 2521 3029 2585 εἷς
3058 2525 3120 2579 τὸ
3155 2507 3455 2603 μὴπράσω
3482 2539 3715 2607 χωρεῖν,

2054 2598 2116 2653 οὐ
2150 2602 2336 2672 μωράν
2366 2603 2455 2657 καὶ
2482 2604 2756 2681 ἄπρακτον
2784 2609 2987 2679 εῗκόνα,
3020 2611 3247 2688 ἀρτύσαι
3278 2598 3334 2672 δὲ
3372 2598 3719 2696 καὶ

2047 2688 2141 2742 τὸν
2175 2698 2556 2765 πνευματικῶς
2589 2692 2883 2769 δυνάμενον
2913 2696 3122 2776 διορᾷν.

285 2774 481 2829 solum
513 2780 640 2830 erat
690 2790 974 2829 conversa
1024 2773 1099 2828 ad
1155 2772 1527 2829 mundanum
1583 2775 1814 2844 vitium,
1847 2776 2099 2848 reliquit
2126 2780 2497 2851 insensilem,
2532 2785 2593 2840 in
2626 2772 3081 2847 similitudinem
3112 2794 3317 2850 salinas
3348 2804 3533 2869 petra;
3564 2819 3717 2857 con-

282 2877 535 2960 versam,
569 2866 627 2960 et
657 2861 741 2916 sic
772 2861 972 2960 βιαιο,
1005 2874 1080 2914 ne
1110 2858 1360 2960 ulterius
1390 2861 1866 2960 progrederetur,
1899 2881 2021 2960 non
2054 2866 2301 2960 stultam
2329 2875 2387 2960 et
2407 2888 2540 2942 qum
2581 2873 2733 2929 nihil
2766 2876 3030 2934 efﬁceret
3059 2858 3403 2955 imaginem,
3436 2887 3537 2942 sed
3574 2906 3719 2960 qua:

286 2948 531 3004 condire
562 2955 619 3005 et
650 2949 1005 3005 conﬁrmare
1035 2953 1237 3019 posset
1267 2965 1402 3004 eum
1434 2950 1534 3021 qui
1567 2957 1763 3022 potest
1790 2955 2130 3025 perspicere
2162 2958 2530 3028 spiritaliter.

1794 3073 2029 3128 CAPUT
2068 3076 2185 3130 XV.

960 3161 1036 3214 De
1064 3161 1291 3215 diversis
1320 3160 1623 3215 voluntarii
1651 3167 1705 3215 et
1726 3169 2084 3231 peccatorum
2115 3167 2315 3222 exinde
2343 3174 2685 3239 sequentium
2715 3178 3023 3243 generibus.

348 3255 412 3318 ’κ
425 3256 836 3312 Voluntarium
851 3262 1071 3322 autem,
1087 3275 1190 3312 seu
1205 3264 1621 3329 spontaneum,
1638 3260 1844 3326 est,vel
1862 3277 1932 3315 ex

2113 3263 2189 3328 T6
2221 3259 2269 3317 δ’
2298 3264 2544 3321 ἑκούσιον
2577 3269 2613 3338 ἢ
2644 3269 2704 3323 τὸ
2762 3274 2879 3326 κατ’
2928 3270 3103 3347 ὄρεξίν
3163 3274 3329 3349 ἐστιν,
3380 3280 3415 3349 ἢ
3445 3282 3508 3341 τὸ
3564 3286 3711 3341 κατά

276 3346 661 3417 appetitione,
685 3347 774 3401 vel
792 3363 862 3403 ex
881 3347 1193 3414 electione,
1215 3348 1305 3402 vel
1320 3365 1391 3402 ex
1412 3349 1595 3403 animi
1612 3351 1927 3406 sententia.

2055 3351 2380 3427 προαίρεσιν,
2441 3354 2477 3423 ἢ
2522 3356 2587 3411 τὸ
2634 3359 2770 3413 κατά
2827 3357 3090 3420 διάνοιαν.
3142 3365 3351 3422 Αὐτίκα
3381 3371 3711 3445 παράκειταί

273 3436 399 3491 Jam
414 3452 548 3491 vero
567 3436 692 3491 hanc
715 3436 1154 3508 quodammodo
1173 3436 1329 3491 inter
1346 3454 1407 3492 se
1429 3453 1613 3509 prope
1632 3437 1745 3493 sita
1767 3445 1927 3507 sunt,

2055 3458 2159 3500 πως
2181 3439 2673 3531 ταῦτα-ἀλλήλοις,
2708 3446 3011 3522 ἁμάρτημα
3041 3454 3176 3526 (52),
3235 3436 3520 3531 ἀτύχημα,
3575 3457 3706 3516 ἀδίο

270 3530 603 3595 peccatum,
637 3523 1052 3593 infortunium,
1081 3525 1276 3580 scelus
1323 3541 1427 3580 seu
1458 3525 1700 3597 injuria.
1740 3529 1809 3581 Et
1838 3534 1931 3583 est

2055 3548 2214 3600 ιημα.
2276 3528 2381 3585 Καὶ
2442 3527 2582 3619 ἔστιν
2642 3533 2947 3609 ἁμάρτημα
2998 3523 3144 3612 μὲν,
3204 3523 3583 3619 φέρεηείπεῖν,
3646 3550 3712 3605 τὸ

269 3618 577 3683 peccatum
594 3613 1024 3683 quidem,verbi
1037 3613 1554 3686 gratia,luxuriose
1568 3621 1625 3669 et
1638 3615 1925 3687 intempe-

2055 3621 2388 3691 :;u.prjttx&)¢
2430 3618 2520 3672 καὶ
2564 3619 2811 3697 ἀσελγῶς
2863 3625 3043 3699 βιοῦν·
3099 3613 3365 3705 ἀτυχήμα
3396 3630 3453 3688 δὲ
3481 3613 3578 3689 τὸν
3611 3637 3711 3705 φί-

269 3706 474 3757 ranter
483 3702 694 3757 vivere.
710 3703 1107 3758 Infortunium
1121 3708 1345 3769 autem,
1360 3704 1618 3758 amicum
1637 3709 1921 3776 tanquam

2055 3710 2155 3795 ιον,
2188 3704 2263 3795 ὡᾼς
2312 3703 2604 3795 πολέμιον,
2667 3709 2758 3763 ὑπ’
2814 3698 3033 3788 ἀγνοίας
3094 3698 3304 3791 βαλὲέᾀί
3339 3719 3586 3795 ἀδίκημα
3623 3698 3708 3782 ⁸δὲ

268 3790 579 3846 inimicum
593 3791 917 3847 inscienter
928 3791 1216 3847 occidere.
1227 3791 1427 3847 Scelus
1441 3798 1640 3848 autem
1654 3809 1757 3849 seu
1772 3794 1831 3848 in
1830 3794 1853 3865 j
1863 3812 1925 3849 u-

2055 3787 2470 3882 ῇτυμϐωρυχία
2526 3795 2563 3865 ἢ
2615 3798 2650 3865 ἡ
2705 3787 3008 3874 ἱεροσυλία.
3058 3787 3130 3860 T6
3162 3802 3219 3860 δὲ
3249 3787 3577 3882 ἁμαρτάνειν
3643 3813 3706 3868 ἐκ

266 3880 358 3935 ria
377 3885 485 3948 est,
512 3880 921 3952 sepulcrorum
944 3880 1203 3946 eﬂ'ossio,
1232 3886 1334 3935 aut
1354 3882 1752 3954 sacrilegium.
1777 3885 1923 3939 Pec-

2055 3884 2128 3933 τοῦ
2185 3880 2396 3957 ἀγνοεῖν
2445 3883 2647 3959 κρίνειν
2699 3886 2728 3942 ’ὀ
2779 3908 2833 3942 τι
2891 3892 3003 3965 χρή
3037 3898 3212 3946 ποιεῖν
3264 3880 3593 3966 συνίσταται,
3663 3901 3701 3971 ἢ

268 3984 404 4024 care
435 3974 634 4024 autem
666 3973 902 4024 constat
926 3985 996 4023 ex
1026 3984 1117 4033 eo,
1150 3968 1307 4039 quod
1340 3969 1567 4024 nesciat
1597 3970 1730 4039 quis
1745 3971 1919 4042 judi-

2055 3972 2110 4039 τῷ
2139 3966 2415 4025 ἀδυνατεῖν
2438 3977 2638 4027 ποιεῖν’
2674 3965 2854 4031 ὥσπεο
2904 3977 3095 4051 ἀμέλει
3148 3980 3235 4035 καὶ
3290 3983 3471 4056 βόθρῳ
3530 3965 3703 4059 περι-ί

267 4072 401 4112 care
451 4056 738 4128 quidnam
790 4057 982 4113 facere
1033 4062 1321 4128 oporteat,
1375 4064 1476 4113 aut
1519 4059 1676 4129 quod
1724 4059 1918 4115 facere

2055 4056 2216 4113 πίπτει
2272 4079 2379 4127 τις,
2437 4057 2564 4128 ἠ¹τοι
2597 4061 2887 4138 ἀγνοήσας,
2944 4066 2980 4136 ἢ
3013 4065 3350 4140 ἀδυνατήσας
3384 4056 3696 4147 ὑπερϐῆναι

264 4162 384 4201 non
415 4146 640 4217 possit:
674 4146 829 4202 sicut
868 4151 1026 4201 certe
1066 4146 1129 4200 in
1159 4145 1379 4201 fossam
1429 4162 1668 4217 quoque
1711 4148 1922 4204 incidit

2055 4147 2102 4241 ἰι⁹
2128 4146 2403 4241 ἀσθένειαν
2449 4148 2725 4241 σωματος.
2771 4153 2930 4211 Ἀλλ’
2986 4154 3068 4232 ἐφ’
3114 4160 3249 4232 ἡμῖν
3277 4181 3341 4235 γε
3369 4160 3405 4231 ἢ
3435 4143 3496 4217 τέ
3549 4168 3699 4241 πρὸς

263 4234 502 4307 aliquis,
536 4235 625 4290 vel
677 4235 834 4307 quod
864 4235 1237 4308 ignoraverit,
1270 4235 1361 4289 vel
1409 4235 1567 4306 quod
1616 4237 1916 4294 transilire

2055 4235 2127 4302 κήν
2177 4234 2426 4291 παιδείαν
2480 4239 2642 4310 ἡμῶν
2694 4242 3028 4316 παράστασις
3078 4249 3113 4315 ἢ
3145 4267 3205 4302 τε
3250 4248 3387 4321 πρὸς
3412 4251 3512 4316 τὰς
3539 4234 3695 4311 ἐντο-

265 4340 386 4380 non
416 4325 675 4396 potuerit
703 4330 947 4396 propter
976 4323 1452 4379 imbecillitatem
1483 4325 1768 4396 corporis.
1805 4326 1918 4381 Sed

2055 4324 2129 4386 ,ἀς
2163 4325 2400 4418 ὑπακοής
2433 4325 2508 4418 ὧν
2560 4326 2615 4418 εί.
2772 4332 3023 4409 μετέχειν
3061 4335 3494 4412 βουληθείημεν,
3526 4343 3693 4418 θυμῷ

264 4412 325 4468 in
341 4419 546 4469 nostra
558 4413 799 4485 quidem
818 4418 976 4469 certe
996 4418 1086 4468 est
1100 4418 1413 4484 potestate.
1438 4414 1914 4486 utpercipiendm

2059 4431 2083 4466 ε
2132 4412 2224 4467 καὶ
2283 4412 2545 4486 ἐπιθυμίᾳ
2597 4413 2852 4481 ἐκδότους
2909 4428 3046 4500 σφᾶς
3103 4424 3302 4489 αὐτοὺς
3355 4412 3639 4495 ἐπιδόντες
3664 4412 3691 4502 ⁷,

265 4501 599 4572 disciplinm
623 4518 866 4574 operam
897 4501 1126 4568 demus,
1161 4506 1221 4556 et
1246 4507 1313 4556 ut
1340 4518 1658 4573 pareamus
1694 4519 1916 4575 praece-

2055 4506 2479 4579 ιμαρτησόμεθα,
2536 4510 2751 4583 μᾶλλον
2810 4510 2869 4568 δὲ
2924 4512 3261 4591 ἀδικήσομεν
3316 4520 3416 4590 τήν
3478 4501 3688 4579 ἑαυτῶν

262 4589 382 4660 ptis
408 4606 421 4643 :
450 4607 705 4659 quorum
736 4591 784 4644 si
814 4590 1184 4646 noluerimus
1206 4606 1334 4646 esse
1358 4591 1696 4663 participes,
1730 4593 1833 4648 iraa
1856 4598 1916 4648 et

2055 4595 2232 4690 νυχήν.
2293 4595 2356 4690 :0
2419 4597 2515 4669 μὲν
2566 4599 2667 4675 γὰρ
2717 4601 2884 4662 Λάϊος
2937 4600 3140 4668 ἐκεῖνος
3168 4589 3308 4663 κατά
3335 4589 3435 4678 τῆν
3463 4631 3688 4688 τραγῳ-

258 4677 545 4748 voluptati
578 4695 688 4733 nos
710 4678 871 4749 ipsos
901 4678 1208 4742 dedentes,
1242 4679 1647 4750 peccabimus,
1687 4680 1777 4735 vel
1807 4698 1915 4753 po-
1945 4677 1987 4690 ⁵’
2025 4678 2141 4736 δίαν
2174 4683 2359 4758 φησίν·

261 4765 378 4821 tius
404 4765 626 4837 injuria
657 4772 920 4822 nostram
948 4767 1278 4823 afﬂciemus
1307 4768 1591 4824 animam.
1626 4769 1798 4825 Laius
1831 4772 1992 4826 enim
2025 4772 2128 4827 ille
2160 4773 2305 4828 dicit
2332 4776 2391 4830 in
2424 4778 2723 4850 tragmdia.

330 4908 395 4973 ›ι‹
424 4909 529 4963 462
559 4910 669 4964 ED.
704 4910 998 4979 roman,
1030 4915 1131 4967 388
1159 4913 1270 4967 El).
1304 4913 1531 4968 PARIS.

330 4912 395 4973 ἦ(
424 4912 529 4963 462
559 4912 669 4964 ED.
704 4912 998 4979 POTTER,
1030 4915 1131 4967 388
1159 4913 1270 4967 ΕΙ).
1304 4913 1531 4968 PARIS.
1611 4912 1685 4983 (a)
1718 4915 1885 4970 Prov.
1918 4934 1941 4970 1

259 4982 350 5036 28.
429 4981 509 5052 (ά)
540 4979 720 5035 Exod.
753 4998 847 5047 xx,
887 4985 970 5037 17.
1050 4987 1116 5052 (e)
1145 4985 1257 5039 Isa.
1290 5000 1446 5052 xxix,
1479 4986 1544 5039 13
1578 5001 1592 5050 ;
1626 4986 1827 5040 Matth.
1856 5003 1941 5052 xv,

2063 4920 2113 4971 3.
2191 4918 2268 4989 (ὁ)
2306 4919 2458 4976 Psal.
2493 4939 2592 4990 vn,
2622 4927 2674 4980 9.
2701 4927 2917 4981 Jerem.
2950 4946 3086 4996 xm,
3123 4933 3208 4987 10.
3287 4935 3351 5003 (c)
3385 4937 3587 4994 Matth.
3624 4956 3679 5005 v,

2086 4989 2259 5045 Marc.
2294 5007 2388 5052 vn,
2417 4996 2467 5046 6.

1050 4987 1116 5054 (e)
1145 4985 1257 5039 Isa.
1290 5000 1446 5052 xxix,
1479 4986 1544 5039 13
1578 5001 1592 5050 ;
1626 4986 1827 5040 Matth.
1856 5003 1947 5057 xv,
1981 4990 2052 5054 8;
2086 4985 2260 5045 Marc.
2294 5007 2388 5058 vn,
2417 4996 2467 5046 6.

258 5132 430 5208 hastis
464 5130 1010 5208 _deludens_a_l_iquem
1046 5131 1408 5208 interfecerit,
1436 5133 1561 5208 pila
1590 5151 1658 5188 ea:
1688 5138 1911 5208 cuspide

257 5203 413 5329 gaste
441 5202 687 5272 delapsa.
721 5201 1099 5258 Villiomarus
1122 5204 1181 5257 in
1212 5201 1563 5259 Titium—lib.
1598 5222 1650 5270 v,
1684 5201 1906 5279 cali“.

303 5290 525 5329 οιιιιστ.

303 5292 335 5330 0
344 5290 505 5330 LLECT
513 5316 525 5328 .

329 5348 443 5419 (5H
512 5345 659 5419 Πνοῇ
723 5341 982 5419 κρύπτειν
1049 5363 1143 5419 πρ.
1220 5344 1910 5419 κὐμῖςᾶίαφᾲιοοιὶοηεῐῐι

256 5414 529 5489 sequitur
558 5417 732 5471 etiam
762 5414 1113 5489 interpretis
1161 5414 1375 5489 versio.
1428 5416 1586 5485 eligit
1616 5433 1699 5469 res
1738 5421 1911 5489 celare

252 5485 496 5560 spiritu:
527 5489 723 5560 inquit
751 5487 1118 5559 Sylburgius,
1151 5485 1519 5560 existimans,
1563 5494 1629 5542 ut
1659 5488 1908 5560 videtur,

254 5556 483 5618 textum
511 5556 772 5619 auctoris
792 5556 1168 5633 corruptum.
1203 5556 1315 5615 Sed
1353 5557 1440 5614 nil
1461 5559 1678 5617 mutari
1699 5556 1907 5624 debeti

2019 5142 2265 5232 respicit
2294 5143 2455 5232 θρίω
2486 5147 2760 5232 Clenmep‘s
2790 5152 2955 5232 Prov.
2989 5172 3064 5232 χι.
3098 5158 3166 5232 ,13
3193 5173 3207 5210 :
3240 5157 3407 5232 Ἀνῂρ
3440 5155 3678 5232 δίγλωσ-

2021 5212 2519 5297 σοςάποκαλυπτει
2575 5216 2783 5297 βουλὰς
2806 5220 2868 5297 εν
2894 5212 3178 5297 συνεδρίῳ·
3212 5212 3403 5289 nio-t6":
3435 5212 3674 5297 δὲ’πνῠῇ

2017 5282 2243 5371 κρύπτει
2274 5282 2587 5371 πράγματαξ
2623 5291 2779 5371 Loca
2801 5282 3141 5371 scripturae;
3175 5316 3306 5369 quas
3336 5282 3680 5371 sequuntur

2020 5362 2227 5411 auctor
2255 5374 2285 5412 e
2318 5361 2607 5417 memoria
2639 5364 2926 5420 recitavit.

2029 5431 2200 5514 m(52')
2258 5429 2607 5514 Ἀμάρτημα.
2642 5433 3134 5514 [Λμαρτήματομ
3191 5439 3551 5514 ἀτυχήματος
3612 5449 3682 5498 et

2018 5492 2359 5582 ἀδικήματος
2404 5492 2857 5582 έχρἱίοίιῑὶοέἐι
2896 5492 3675 5582 e'tiam'apudxristoteleni

2021 5568 2124 5626 lib.
2156 5568 2210 5640 v,
2242 5588 2294 5631 c.
2328 5577 2381 5627 8.
2416 5568 2691 5633 Sicanos.
