4044 6154
314 337 454 398 1007

1537 322 1948 389 Cmes
1984 320 2486 390 ALEXANDRINI

3583 326 3736 395 1008

309 465 550 523 videtur
574 474 808 536 quoque
839 451 1145 532 legislator
1173 451 1385 513 docere
1415 458 1536 512 tres
1566 454 1798 523 modos,
1832 454 1963 527 qui-

2096 453 2366 535 :3:Qéatpa
2396 458 2486 512 καὶ
2517 455 2582 513 τὰ
2641 436 2964 536 δικαστήρια
3192 455 3277 532 εἴη
3330 460 3415 515 ἄν·
3477 460 3611 538 ὅπερ
3640 463 3738 518 καὶ

316 557 428 612 bus
449 552 739 625 accipitur
767 552 1117 621 peccatum:
1170 563 1378 602 eorum
1426 544 1692 616 quidem,
1724 561 1856 617 qua)
1902 546 1966 600 in

321 657 594 700 sermone
627 640 800 706 ﬁunt,
832 653 939 709 per
967 637 1160 708 pisces
1186 640 1424 701 mutos;
1456 639 1547 689 est
1576 634 1734 689 enim
1765 650 1969 689 revera

319 734 423 789 ubi
453 732 733 786 silentium
792 734 870 782 est
924 742 1167 782 sermone
1210 726 1611 795 praestantius;
1668 729 1759 778 est
1789 723 1968 778 etiam

318 822 528 878 silentii
556 820 729 874 honor
757 833 952 887 expers
990 814 1272 887 periculi;
1331 830 1535 869 eorum
1583 818 1805 882 autem,
1838 829 1969 883 quas

322 915 462 967 sunt
482 909 543 964 in
568 908 745 978 facto,
777 923 884 978 per
913 921 1047 961 aves
1075 920 1319 975 rapaces
1352 908 1410 958 et
1437 904 1773 959 carnivoras
1794 920 1808 970 ;
1832 919 1972 973 por-

323 1014 427 1054 cus
457 1011 625 1051 casno
666 1000 726 1050 et
781 999 1040 1049 stercore
1098 992 1464 1057 delectatur;
1524 995 1584 1045 et
1634 996 1868 1062 oportet
1896 1006 1972 1045 ne

325 1087 714 1143 conscientiam
762 1083 1004 1155 quidem
1062 1081 1280 1137 habere
1332 1080 1610 1151 pollutam
1638 1082 1735 1151 (α).
1769 1080 1972 1134 Merito

327 1192 463 1249 ergo
494 1175 641 1230 dicit
682 1173 1010 1245 propheta:
1069 1173 1188 1227 Non
1240 1173 1337 1239 sic,
1400 1169 1615 1240 inquit,
1668 1171 1849 1240 impii,
1882 1168 1976 1224 sed

328 1274 593 1336 tanquam
613 1263 822 1335 pulvis,
854 1277 1012 1333 quem
1033 1261 1273 1332 projicit
1309 1266 1503 1314 ventus
1530 1275 1567 1313 a
1592 1249 1742 1327 facie
1790 1264 1972 1314 terrae.

328 1359 629 1426 Propterea
654 1368 765 1407 non
791 1357 1076 1421 resurgant
1104 1351 1266 1421 impii
1287 1351 1345 1403 in
1357 1349 1575 1419 judicio
1593 1347 1707 1419 (b),
1733 1349 1833 1419 qui
1847 1348 1975 1419 jam

332 1450 472 1502 sunt
501 1440 884 1499 condemnati
910 1456 923 1495 :
956 1440 1239 1512 quoniam
1265 1442 1362 1509 qui
1385 1455 1495 1493 non
1520 1437 1715 1506 credit,
1731 1438 1855 1507 jam
1876 1437 1979 1506 ju-

332 1537 545 1592 dicatus
574 1539 690 1597 est;
719 1548 895 1603 neque
907 1537 1225 1601 peccatores
1252 1531 1312 1584 in
1341 1529 1570 1585 consilio
1581 1530 1862 1599 justorum
1881 1525 1977 1598 (c),

334 1625 434 1698 qui
459 1625 586 1697 jam
618 1627 757 1678 sunt
786 1621 1051 1677 damnati
1109 1619 1183 1675 ad
1238 1620 1374 1687 hoc,
1432 1623 1498 1673 ut
1544 1635 1665 1673 non
1692 1618 1983 1673 uniantur

333 1717 405 1772 iis
435 1715 538 1786 qui
568 1714 922 1768 innocenter
948 1712 1253 1766 vixerunt:
1305 1712 1572 1774 Quoniam
1610 1712 1764 1763 novit
1793 1710 1982 1763 Domi-

332 1820 436 1861 nus
459 1807 605 1858 viam
612 1804 912 1873 justorum,
929 1807 981 1855 et
1002 1802 1095 1854 cia
1106 1806 1456 1869 peccatorum
1471 1798 1681 1868 peribit
1697 1798 1797 1868 (ἀ).
1823 1799 1979 1852 Rur-

337 1909 438 1948 sus
469 1891 754 1946 Dominus
782 1894 984 1962 aperte
1016 1888 1278 1943 ostendit
1318 1888 1381 1941 in
1424 1892 1629 1941 nostra
1657 1902 1786 1941 esse
1815 1892 1982 1957 pote-

339 1987 488 2038 state
520 1980 739 2035 delicta
787 1987 846 2035 et
902 1984 1164 2051 peccata,
1223 1993 1358 2033 cum
1417 1976 1629 2031 modos
1658 1975 1983 2031 curationis

340 2071 523 2127 animi
555 2070 780 2124 morbis
813 2069 1234 2124 convenientes
1265 2066 1544 2135 ostendit,
1586 2070 1645 2121 et
1678 2081 1788 2120 nos
1819 2081 1853 2121 a
1880 2081 1982 2136 pa-

341 2160 599 2216 storibus
646 2159 859 2231 corrigi
917 2159 1131 2214 debere
1187 2173 1294 2228 per
1346 2155 1711 2211 Ezechielem
1743 2159 1984 2222 monet;

339 2265 648 2319 accusans,
681 2250 912 2320 opinor,
946 2263 1151 2303 eorum
1190 2246 1446 2317 aliquos,
1481 2244 1639 2316 quod
1690 2249 1987 2315 praecepta

338 2356 460 2396 non
490 2339 887 2395 servaverint:
921 2337 1075 2403 Quod
1124 2335 1451 2391 imbecillum
1480 2336 1612 2403 fuit,
1643 2350 1754 2389 non
1783 2337 1983 2403 conﬁr-

335 2431 499 2484 matis
522 2428 612 2499 (e),
637 2433 696 2482 et
724 2443 855 2498 quas
886 2427 1169 2497 deinceps
1193 2429 1662 2495 consequuntur,
1695 2439 1883 2494 usque
1910 2422 1984 2478 ad

334 2517 484 2573 illud
502 2535 514 2572 :
529 2520 600 2573 Et
617 2532 728 2571 non
749 2521 868 2571 erat
891 2518 987 2587 qui
1002 2517 1322 2586 requireret,
1347 2529 1446 2567 nec
1465 2520 1735 2568 averteret
1756 2514 1847 2584 (f).
1870 2515 1986 2567 Ma-

334 2623 504 2677 gnum
533 2612 613 2661 est
641 2607 785 2661 enim
814 2606 1079 2675 gaudium
1110 2605 1263 2675 apud
1289 2605 1529 2671 Patrem,
1561 2618 1671 2657 uno
1697 2608 1985 2672 peccatore

332 2702 549 2752 servato
579 2696 679 2767 (g),
712 2694 909 2765 inquit
933 2694 1239 2749 Dominus.
1260 2691 1656 2757 Quamobrem
1678 2691 1866 2764 magis
1897 2696 1987 2746 est

328 2784 665 2841 laudandus
690 2782 1008 2849 Abraham,
1067 2782 1167 2853 qui
1218 2780 1543 2836 ambulavit
1570 2781 1724 2835 sicut
1750 2780 1984 2836 locutus

333 2878 425 2929 est
456 2873 509 2927 ei
544 2872 848 2927 Dominus.
901 2872 1046 2925 Cum
1104 2870 1243 2925 hinc
1300 2870 1599 2925 hausisset
1638 2869 1881 2940 quidam
1913 2886 1985 2925 ex

333 2963 668 3017 Graecorum
693 2958 1083 3030 sapientibus,
1107 2958 1258 3013 illud
1278 2958 1502 3013 dictum
1523 2958 1792 3029 protulit,
1812 2960 1984 3013 Deum

331 3066 572 3121 sequere.
607 3050 696 3103 Pii
746 3054 950 3115 autem,
996 3047 1192 3118 inquit
1237 3047 1441 3117 Isaias,
1486 3063 1550 3101 ea
1587 3063 1707 3117 qua
1736 3053 1865 3102 sunt
1892 3063 1982 3102 sa-

324 3140 567 3211 pientia,
592 3137 975 3193 consultarunt
999 3136 1099 3209 (h).
1126 3136 1454 3191 Consilium
1475 3141 1675 3191 autem
1707 3141 1797 3191 est
1827 3153 1981 3207 quae-

2080 543 2298 617 μᾶλλον
2328 548 2363 615 ἡ
2398 545 2828 619 ἐξακολοῦθησις
2871 553 2993 611 ταῖς
3040 554 3315 625 πονηραῖς
3364 551 3451 605 καὶ
3484 557 3606 614 ταῖς
3637 551 3743 607 λυ-

2082 639 2364 706 μαντικαῖς
2390 634 2659 708 ἐξουσίαις
2713 636 2801 692 καῖ
2851 639 2887 706 ἡ
2944 638 3083 692 κατᾶ
3135 639 3203 693 τὰ
3250 635 3379 714 ἔργα
3409 642 3586 694 αὖτῶν
3618 662 3737 696 κοι-

2077 722 2260 779 νωνία.
2295 723 2455 780 Ἀλλ’
2491 724 2527 794 ἢ
2575 725 2628 780 ἐν
2681 730 2763 797 τῷ
2816 726 2975 799 νόμῳ
3006 727 3205 803 Κυρίου
3258 727 3320 782 τὸ
3378 726 3599 803 θέλημα
3627 731 3736 785 αὐ-

2077 815 2201 865 τοῦ’
2236 814 2265 867 6
2292 811 2452 869 Ἀλλ’
2472 813 2509 885 ἢ
2530 812 2583 869 ἐν
2604 820 2686 887 τῷ
2705 814 2862 889 νόμῳ
2884 816 3212 892 Κηρῦγματι
3242 816 3413 890 νόμον
3444 819 3533 873 καὶ
3560 818 3739 895 Λόγον

2079 901 2172 956 τὸν
2220 900 2425 975 Κύριον
2482 910 2797 980 προσεῖπεν.
2853 911 3014 960 Δοκεῖ
3070 903 3128 959 δὲ
3183 905 3275 960 καὶ
3338 904 3527 971 ἄλλως
3571 915 3741 984 τριῶν

2081 988 2371 1066 ἀποδοχὴν
2413 993 2681 1069 ἁμαρτίας
2726 994 2947 1071 τρόπων
3007 992 3281 1050 διδάσκειν
3332 997 3360 1050 6
3409 1003 3740 1070 νομοθέτης·

2081 1084 2190 1134 τῶν
2249 1082 2343 1153 μὲν
2392 1080 2446 1136 ἐν
2509 1081 2665 1158 λόγῳ
2719 1080 2809 1138 διὰ
2860 1087 2969 1138 τῶν
3034 1083 3241 1160 ῗχθῦων
3300 1089 3408 1139 τῶν
3467 1085 3732 1143 ἀναύδων·

2082 1166 2196 1224 ἔστι
2228 1172 2339 1244 (80)
2367 1171 2469 1247 γὰρ
2497 1176 2575 1244 τῷ
2620 1172 2735 1227 ’ὀντι
2793 1173 2855 1226 οὗ
2907 1174 3036 1249 σιγή
3099 1175 3272 1249 Λόγου
3326 1171 3590 1253 διαφέρει·
3622 1175 3730 1232 ἔστι

2084 1257 2175 1312 καὶ
2234 1260 2391 1333 σιγῆς
2448 1257 2729 1316 ἀκίνδυνον
2785 1260 2965 1337 γέρας·
3033 1266 3143 1317 τῶν
3206 1260 3265 1318 δὲ
3339 1262 3394 1318 ἐν
3454 1263 3596 1341 ἔργῳ
3653 1263 3742 1321 διὰ

2084 1351 2194 1403 τῶν
2229 1350 2572 1423 ἁρπακτικῶν
2598 1350 2690 1405 καὶ
2717 1349 3093 1428 σαρκοϐόρων·
3119 1353 3346 1426 ὀρνέων·
3372 1358 3577 1429 χοῖρος
3611 1356 3746 1431 βορ-

2089 1431 2241 1513 ϐόρῳ
2294 1435 2477 1507 ἣδεται
2526 1441 2614 1494 καὶ
2673 1439 2887 1517 κόπρῳ·
2947 1440 3039 1495 καὶ
3103 1444 3216 1518 γρή
3272 1443 3390 1516 (81)
3454 1441 3597 1515 μηδὲ
3647 1446 3749 1513 τῆν

2091 1525 2398 1598 συνείδησιν
2492 1525 2641 1603 ἔχειν
2749 1527 3201 1603 μεμολυσμένην.
3302 1529 3548 1594 Είκότως
3655 1532 3749 1588 οὖν

2092 1616 2258 1692 φησὶν
2312 1618 2341 1671 6
2396 1620 2710 1696 προφήτης·
2771 1618 2896 1693 Οὐχ
2951 1618 3150 1690 οὕτως,
3206 1621 3395 1698 φησὶν,
3446 1621 3499 1675 οἱ
3535 1616 3755 1686 ἀσεϐεῖς

2095 1708 2225 1779 (92),
2291 1705 2420 1763 ἀλλ’
2484 1707 2520 1777 ἢ
2588 1708 2717 1763 ὡσεὶ
2785 1712 2975 1783 χνοῦς,
3044 1706 3101 1763 ὅν
3165 1706 3407 1784 ἐκρίπτει
3464 1710 3491 1764 6
3550 1708 3753 1784 ἄνεμος

2094 1795 2201 1849 ἀπὸ
2252 1798 2552 1871 προσώπου
2608 1804 2708 1867 τῆς
2773 1804 2899 1873 γῆς.
2978 1796 3077 1852 Διᾶ
3131 1802 3292 1853 τοῦτο
3351 1798 3449 1853 οὐκ
3506 1800 3742 1871 ἀναστή-

2093 1905 2277 1940 σονται
2336 1881 2548 1948 ἀσεϐεῖς
2605 1889 2715 1961 (83)
2774 1885 2827 1941 ἐν
2885 1885 3081 1962 κρίσει,
3150 1888 3203 1942 οἱ
3258 1884 3367 1958 ⁴ἤδη
3426 1908 3758 1966 κατακεκρι-

2097 1976 2270 2048 μὲνοι·
2304 1974 2392 2029 ἐπὶ
2447 1976 2475 2030 6
2528 1977 2604 2049 μὴ
2658 1975 2927 2031 πιστεύων
2988 1978 3098 2050 (84)
3154 1974 3264 2048 ἤδη
3324 1976 3587 2053 κέκριται·
3626 1977 3753 2035 οὐδὲ

2093 2065 2145 2120 οἱ
2198 2065 2520 2140 ἁμαρτωλοὶ
2599 2065 2653 2122 ἐν
2729 2065 2906 2141 βουλῇ
2968 2063 3211 2121 δικαίων·
3299 2068 3351 2121 οἱ
3425 2066 3533 2141 ἤδη
3588 2091 3750 2126 κατε-

2092 2155 2422 2228 γνωσμένοι,
2453 2153 2530 2217 εἷς
2554 2153 2617 2210 τδ
2668 2156 2744 2229 μή
2797 2155 3062 2226 ἑνωθῆναι
3110 2161 3230 2220 τοῖς
3260 2157 3605 2221 ἆπτααίστως
3638 2163 3753 2233 (85)

2096 2238 2440 2318 βεϐιωκόσιν·
2503 2245 2587 2299 ’ὀτι
2671 2245 2929 2319 γινώσκει
3024 2244 3222 2321 Κύριος
3302 2245 3424 2301 ὁδὸν
3502 2244 3754 2320 δικαίων,

2089 2331 2180 2387 καὶ
2237 2329 2363 2395 ὁδὸς
2422 2328 2629 2388 ἀσεϐῶν
2686 2332 2993 2392 ἀπολεῖται.
3051 2332 3227 2391 Πάλιν
3285 2336 3314 2390 6
3370 2333 3573 2411 Κύριος
3633 2336 3745 2393 δεί⁹

2090 2442 2274 2478 κνυσιν
2303 2418 2553 2497 ἄντικρυς
2605 2424 2686 2501 ἐφ’
2730 2426 2866 2497 ἡμῖν
2925 2424 3015 2480 καὶ
3070 2425 3140 2480 τὰ
3196 2427 3611 2501 παραπτώματα
3650 2428 3748 2482 καὶ

2089 2510 2158 2567 τὰ
2186 2508 2678 2585 πλημμελήματα,
2725 2513 2964 2589 τρόπους
3014 2515 3304 2589 θεραπείας
3353 2513 3751 2586 καταλλήλους

2088 2604 2208 2663 τοῖς
2260 2602 2482 2664 πάθεσιν
2537 2601 2949 2676 ὑποτιθέμενος,
3005 2605 3144 2679 πρὸς
3189 2609 3297 2660 τῶν
3338 2607 3610 2680 ποιμένων
3645 2607 3747 2665 ἐπ-

2091 2691 2447 2765 ανορθοῦσθαι
2483 2690 2824 2766 βουλόμενος
2882 2694 3031 2767 ἡμᾶς
3088 2691 3178 2749 διὰ
3226 2697 3522 2767 Ἰεζεκιήλ·
3557 2698 3748 2753 αἰτιώ-

2094 2800 2253 2853 μενος
2288 2778 2489 2849 αὐτῶν,
2522 2779 2700 2853 οἶμαι,
2747 2779 2922 2851 τινὰς,
2977 2782 3061 2859 ἐφ’
3092 2784 3176 2847 οἷς
3222 2784 3322 2839 οὐκ
3352 2784 3623 2862 ἐτήρησαν
3653 2788 3750 2852 τὰς

2090 2866 2336 2930 ἐντολάς·
2402 2868 2472 2922 Τὸ
2556 2868 2859 2941 ἠσθενηκὸς
2946 2870 3044 2927 οὐκ
3124 2870 3462 2949 ἑνισχύσατε,
3516 2876 3607 2931 καὶ
3682 2880 3752 2932 τὰ

2093 2953 2397 3027 ἑξῆς,⁶ἐως,
2456 2956 2559 3014 Καὶ
2620 2958 2722 3013 οὐκ
2778 2959 2843 3029 ἦν
2906 2961 2934 3015 6
2992 2959 3291 3033 ἐπιζητῶν,
3323 2962 3448 3019 οὐδὲ
3477 2964 3749 3042 ἀποστρέ-

2091 3066 2205 3123 φων
2263 3049 2398 3119 (86).
2457 3046 2685 3123 Μεγάλη
2742 3049 2851 3123 (87)
2907 3048 3009 3126 γὰρ
3066 3052 3213 3127 χαρὰ
3259 3055 3406 3126 παρᾶ
3435 3059 3514 3127 τῷ
3544 3056 3747 3132 Πατρί-

2090 3132 2210 3197 ἐνὸς
2257 3133 2590 3210 ἀμαρτωΛοῦ
2651 3135 2933 3207 σῶθέντος,
2990 3139 3017 3193 6
3073 3138 3277 3211 Κύριός
3337 3163 3493 3218 φησι.
3554 3144 3746 3219 Ταύτῃ

334 3227 468 3297 stio,
489 3227 553 3293 ’14
574 3220 869 3299 quomodo
891 3227 955 3281 in
978 3225 1372 3297 praesentibus
1391 3225 1571 3281 rebus
1593 3231 1748 3281 recte
1770 3225 1977 3281 transi-

2096 3221 2258 3279 πλέον
2319 3223 2593 3287 ἐπαινετὸς
2645 3226 2672 3280 ὁ
2726 3220 3003 3301 Ἀϐραὰμ,
3057 3226 3141 3282 ὅτι
3200 3213 3466 3306 ἐπορεύοη
3499 3213 3747 3310 καθάπερ

332 3333 578 3390 gamus;
610 3309 892 3369 εὐϐουλία.
941 3320 1162 3382 autem,
1211 3314 1272 3370 id
1320 3319 1411 3369 est
1463 3315 1604 3369 bona
1633 3317 1978 3385 consultatio,

331 3412 422 3462 est
448 3404 769 3478 prudentia
790 3406 854 3460 in
884 3404 1171 3461 consiliis.
1196 3402 1345 3469 Quid
1379 3419 1514 3459 vero
1539 3403 1567 3458 ?
1594 3420 1794 3459 annon
1826 3405 1982 3462 Deus

330 3511 565 3568 quoque
623 3499 759 3567 post
807 3493 950 3549 Cain
1008 3492 1208 3548 datam
1238 3492 1492 3560 veniam,
1545 3499 1983 3563 consequenter

329 3602 452 3642 non
482 3584 670 3640 multo
700 3588 836 3655 post
858 3581 1184 3638 introducit
1204 3581 1533 3653 Enoch,qui
1556 3582 1768 3637 ductus
1788 3583 1983 3639 fuerat

326 3672 1047 3747 pwnitentia,signiﬁcans
1062 3670 1255 3727 solere
1266 3671 1678 3742 pwnitentiam
1694 3688 1980 3745 generare

326 3762 560 3819 veniam
576 3762 603 3817 ?
632 3761 918 3817 Consistit
936 3766 1136 3816 autem
1159 3760 1329 3816 venia
1348 3776 1468 3815 non
1502 3778 1570 3815 ex
1600 3762 1976 3831 remissione,

328 3850 433 3907 sed
466 3867 537 3906 ex
565 3848 818 3906 medela.
845 3849 965 3904 Hoc
995 3848 1191 3921 ipsum
1217 3849 1396 3904 etiam
1420 3849 1486 3904 fit
1510 3850 1667 3921 apud
1696 3851 1892 3906 Aaron
1916 3850 1980 3905 in

2090 3312 2356 3384 ἐλάλησεν
2411 3314 2560 3386 αὖτῷ
2612 3314 2639 3369 ό
2690 3314 2907 3391 Κύριος.
2960 3318 3230 3374 Ἐντεῦθεν
3279 3321 3611 3397 ἀρυσάμενός
3658 3345 3750 3387 τις

2088 3408 2197 3459 τῶν
2230 3403 2356 3474 παρ’
2385 3400 2626 3472 "Ellum
2677 3407 2877 3479 σοφῶν,
2929 3405 2990 3460 τὸ
3037 3407 3211 3462 Ἒπου
3270 3413 3385 3483 Θεῷ
3441 3412 3580 3486 (88),
3608 3411 3749 3468 ἀπε-

2090 3491 2380 3567 φθέγξατο.
2440 3492 2509 3548 Οἱ
2579 3488 2637 3546 δὲ
2686 3488 2945 3563 εὐσεϐεῖς,
3014 3497 3177 3573 φησὶν
3245 3497 3493 3571 Ἡσαΐας,
3554 3504 3753 3560 συνετὰ

2091 3577 2512 3640 ἐϐουλεύσαντο.
2555 3578 2742 3651 Βουλῆ
2802 3579 2859 3637 δὲ
2915 3583 3027 3640 ἐστι
3086 3588 3312 3658 ζήτησις
3340 3589 3594 3664 περὶτοῦ
3625 3598 3752 3657 πῶς

2088 3670 2173 3755 ἃν,
2211 3670 2264 3726 ἐν
2319 3676 2440 3732 τοῖς
2490 3675 2729 3747 παροῦσι
2783 3668 3095 3749 πράγμασιν
3147 3675 3326 3749 ὀρθῶς
3380 3676 3750 3755 διεξάγοιμεν·

2088 3754 2347 3815 εὐϐουλία
2404 3755 2461 3813 δὲ
2507 3758 2769 3836 φρόνησις
2819 3761 2958 3837 πρὸς
3001 3762 3070 3818 τὰ
3122 3764 3495 3838 βουλεύματα,
3542 3754 3609 3823 Τί
3648 3766 3752 3841 δὲ;

2089 3848 2219 3925 οὐχὶ
2252 3847 2341 3903 καὶ
2373 3849 2402 3904 6
2434 3848 2563 3910 Θεὸς
2623 3869 2758 3921 μετα
2801 3851 2901 3919 τὴν
2962 3849 3047 3907 ἐπὶ
3099 3855 3179 3924 τῷ
3233 3853 3365 3909 Κάϊν
3418 3858 3754 3934 συγγνώμην

396 3994 460 4065 τι
485 3987 547 4065 P-
575 3984 1551 4065 eam.POTTER..399.-§91.EI2.
1587 3986 1814 4065 eius.
1848 3984 1925 4057 (α)
1954 3987 1977 4040 1

2096 4002 2140 4065 ς.
2171 4001 2285 4053 vm,
2315 3987 2366 4039 7.
2427 3983 2504 4065 (ρ)
2538 3984 2693 4041 Psal.
2728 4002 2767 4053 1,
2799 3987 2853 4056 4,
2885 3989 2937 4041 5.
2969 3986 3039 4058 (c)
3068 3987 3231 4042 Joan.
3264 4004 3350 4056 111,
3382 3992 3434 4044 8.
3468 3991 3550 4064 (d)
3582 3994 3754 4056 Psal.

329 4075 368 4127 1,
402 4054 454 4125 5‘,
483 4060 536 4113 6.
568 4056 642 4129 (e)
672 4055 878 4112 Ezech.
909 4072 1102 4124 xxxxv,
1133 4057 1186 4110 4.
1222 4056 1289 4128 (f)
1319 4054 1468 4110 Ibid.
1498 4056 1553 4110 6.
1588 4054 1664 4128 (g)
1697 4057 1832 4112 Luc.
1856 4054 1954 4112 'xv.
1987 4057 2069 4130 (lt)
2100 4059 2212 4112 Isa.
2247 4054 2509 4126 xxx11,‘8.

321 4203 679 4275 pamitentia,
733 4200 931 4275 inquit
960 4200 1276 4275 Lowtbius.
1339 4199 1477 4254 Mihi
1508 4205 1748 4275 recepta
1776 4200 1976 4269 lectio,

328 4271 498 4348 cujus
531 4289 772 4329 sensum
791 4272 852 4326 in
878 4272 1083 4348 Latina
1102 4271 1369 4327 versione
1396 4271 1978 4343 explicavimus,mu-

328 4343 509 4403 tanda
539 4362 661 4400 non
694 4359 823 4399 esse
853 4343 1104 4401 videtur.

397 4420 520 4496 ('78).
566 4416 922 4496 Δικοιστιςριαζ
998 4412 1380 4496 ’Δικαστῃρίων
1462 4413 1739 4496 Ιοοοητὰ
1790 4410 1979 4468 στάδιᾶ

324 4485 599 4560 superius
630 4485 848 4560 posuit,
882 4488 1178 4560 Paedagog.
1212 4485 1318 4560 lib.
1354 4502 1607 4560 ιιιηοειι)ἶ
1636 4489 1719 4540 11.

418 4560 507 4632 79)
532 4559 595 4632 Ὁ
628 4556 852 4632 Ῐιετρος.
899 4556 1139 4632 Eadem:
1164 4573 1194 4613 e
1234 4556 1408 4632 _Petri
1446 4556 1847 4632 Praedicatione
1878 4575 1979 4632 su-

320 4629 814 4756 pgriuatlgudavit
856 4636 1063 4685 auctor
1108 4631 1170 4684 in
1222 4629 1340 4684 ﬁne
1371 4629 1578 4684 Strom.
1611 4647 1653 4699 1,
1684 4629 1787 4685 ubi
1818 4629 1973 4685 conf.

324 4717 359 4756 a
403 4718 478 4755 no
610 4743 623 4755 .

324 4717 623 4757 adnotata.

393 4774 503 4843 (80)
533 4772 706 4827 Ἔστι.
744 4773 828 4827 Ex
857 4771 1155 4843 Euripidis
1186 4772 1373 4843 Oreste
1387 4770 1525 4843 haec
1557 4786 1689 4843 esse
1742 4772 1978 4827 monuit

322 4841 434 4899 nos
464 4841 845 4900 doctissimus
876 4844 963 4897 vir
1001 4841 1150 4899 Fed.
1200 4841 1508 4913 Morellus,
1531 4842 1977 4913 aliquantulum

323 4915 674 4989 immutata;
710 4914 995 4989 sicenim"
1020 4915 1278 4989 habent;
1312 4914 1468 4968 ’Ἐστι
1491 4909 1537 4989 8_’
1556 4912 1621 4989 οὗ
1636 4909 1769 4989 σιγὴ
1805 4912 1974 4989 λόγου

320 4984 585 5061 κρείσσων
613 4984 814 5061 γένοιτ’
846 4982 927 5052 ἃν,
971 4981 1081 5040 ἔστι
1105 4983 1181 5061 -δ’
1212 4984 1466 5061 οὗ-σιγῆς
1501 4982 1689 5061 λόγος.
1713 4981 1973 5061 Ὑθζεύω

320 5057 590 5130 proxime
627 5057 993 5130 sequentem
1030 5057 1407 5130 Athenodoro
1466 5057 1674 5113 tribuit
1709 5057 1973 5113 Stobaeus

320 5127 411 5185 tit.
447 5132 567 5185 126.
605 5127 744 5183 Vide
776 5144 907 5200 qua:
963 5128 1147 5200 inup.
1193 5130 1297 5182 208
1328 5127 1606 5185 adnotatx
1638 5135 1794 5186 sunt.
1829 5130 1970 5184 C01.-

318 5217 470 5258 uscr.
501 5231 567 5243 -—
600 5200 762 5256 Solet
792 5198 970 5253 etiam
1003 5198 1153 5253 illud
1185 5215 1255 5253 ex
1284 5200 1512 5255 incerto
1554 5207 1728 5271 poeta
1757 5201 1924 5257 citari
1956 5218 1969 5255 :

497 5299 633 5374 Σιγή
668 5296 790 5351 ποτ’
822 5292 962 5348 ἐστὶν
988 5293 1320 5369 αἰρετωτὲρα
1349 5292 1540 5368 λόγου.

490 5394 605 5459 Est,
639 5389 734 5443 ubi
762 5385 981 5456 loquela
1012 5385 1203 5440 melius
1233 5391 1311 5440 cst
1337 5384 1634 5439 silentium.

380 5488 491 5573 (81)
524 5485 629 5543 Καὶ
660 5484 796 5560 χρή.
825 5481 1086 5565 Tertium
1110 5481 1555 5606 peccatiﬁenus
1586 5481 1969 5563 in_nuit,quod

390 5578 590 5606 nmmo
616 5558 911 5606 nnnsistlt.
939 5554 1078 5606 Vult
1099 5570 1256 5606 enim
1286 5559 1360 5606 ιιι-ι
1408 5570 1476 5606 us
1499 5553 1691 5606 mod1s
1714 5557 1966 5606 peccari-

306 5562 366 5616 in
385 5553 590 5615 animo
616 5553 911 5615 consistit.
939 5554 1078 5609 Vult
1099 5554 1256 5609 enim
1286 5553 1476 5607 tribus
1499 5553 1691 5608 modis
1714 5553 1966 5624 peccari,

303 5649 603 5697 sermone,
639 5648 840 5703 Opere.
874 5626 1248 5703 cogitatione.
1271 5625 1535 5703 Respicit
1564 5633 1761 5703 autem
1790 5628 1963 5681 lCor.

301 5720 417 5826 vim,
447 5706 522 5758 7:
571 5694 695 5758 Καί
722 5706 755 5772 ἡ
812 5694 1118 5767 συνείδησις
1164 5697 1362 5769 αὐτῶν,
1388 5694 1634 5767 Ἧισθενής
1680 5695 1827 5765 οὖσα,
1867 5717 1965 5770 μο-

347 5773 548 5826 ύνεται.

347 5793 548 5831 υνεται.

2161 4203 2286 4286 (82),
2329 4197 2786 4286 Oﬁx‘oif'upq'ol
2837 4193 2994 4286 ῥσεϐ.

2091 4266 2194 4325 οὐκ
2224 4266 2561 4331 οὕτως’ἆλλ’
2609 4269 2645 4338 ἢ
2696 4271 2770 4334 ὡς
2830 4272 2857 4326 6

2087 4346 2313 4413 Pwdag.
2346 4342 2457 4414 lib1
2483 4359 2523 4409 1,
2557 4359 2684 4414 cap.
2722 4347 2808 4399 lO.

2159 4406 2558 4497 (S3)"Ace§ai¢‘.
2611 4406 2881 4497 Offae-6.
2932 4416 3149 4472 Psalm.
3196 4419 3345 4487 Mox,
3378 4414 3506 4473 οὐδὲ
3536 4420 3747 4497 ἀμαρτ.

2086 4483 2306 4542 omisso
2338 4484 2588 4540 articulo
2621 4483 2674 4536 οἱ
2700 4485 2847 4541 Ibid.

2159 4556 2350 4629 (84)_'0
2386 4553 2461 4629 μῂ
2504 4553 2812 4629 πιστεῦωνη
2856 4559 3116 4629 Respicit
3164 4560 3331 4616 Joan.
3392 4580 3476 4628 ιιι,
3542 4564 3644 4618 18ε
3678 4564 3745 4620 Ὁ

3220 4199 3393 4281 οὕτως
3423 4204 3476 4258 οἱ
3503 4201 3749 4281 ᾀσεϐεῖς,

2914 4290 3001 4346 χν.
3036 4274 3188 4329 Psal.
3224 4279 3283 4330 et
3306 4275 3432 4348 ipse
3465 4274 3751 4339 Clemens

2014 4631 2055 4695 Ι)
2087 4623 2356 4703 πισιειξων
2389 4623 2487 4687 εἷς
2542 4623 2701 4703 αὐτὸν
2731 4625 2821 4703 ὀὗ
2876 4623 3140 4703 κρίνεται·
3174 4630 3202 4683 6
3234 4629 3292 4684 δὲ
3323 4633 3410 4703 ’μὴ
3463 4623 3741 4689 ’πιστεύων

2087 4694 2196 4767 ἤδη
2228 4698 2494 4778 κέκριται,
2542 4695 2624 4778 ὃτι
2663 4697 2781 4778 ⁵μή⁵
2808 4694 3161 4753 πεπίστευκεν
3194 4701 3272 4764 είς
3302 4694 3477 4776 ὄνομα
3504 4709 3603 4760 τοῦ
3636 4726 3743 4778 μο-

2085 4767 2338 4830 νογενοῦς
2369 4767 2498 4822 Υῗοῦ
2525 4771 2622 4822 τοῦ
2653 4771 2808 4823 Θεοῦ.

2328 4837 2689 4921 Ἀπταίστως.
2747 4844 2872 4921 ςῙξοῖς
2911 4837 3049 4921 ,ἤδη
3093 4844 3583 4921 καῖεγνωσμὲνοις,
3613 4851 3731 4921 jam

2086 4910 2483 4979 condemnatis,
2542 4912 2790 4985 opponit
2841 4910 2969 4985 τοὺς
3024 4910 3335 4979 ἀπταίστως
3379 4910 3731 4985 βεϐιωκότας.

2086 4986 2433 5058 Hesychius,
2464 4982 3306 5058 ’An‘idlctnga’zxatayvcbc-cwc.

2296 5056 2353 5112 Ὁ
2384 5054 2682 5140 ἐπιζητῶν,
2721 5052 2869 5140 ..οὐδὲ
2926 5052 3304 5140 ἀποστρεφών.
3354 5061 3517 5140 Vulg.
3548 5063 3747 5120 Biblia

2084 5125 2529 5207 Eaech._xx31v:
2563 5127 2625 5183 Ὀ
2656 5125 2922 5197 ἐκζητῶν,
2978 5125 3112 5182 οὐδέ¹
3150 5125 3188 5184 ὁ’
3226 5125 3607 5207 ἁποστρέᾧων,
3640 5153 3741 5192 re-

2082 5201 2253 5256 ctius.
2288 5204 2353 5255 A.
2385 5199 2659 5255 SYLBURG.

2153 5273 2267 5342 (87)
2298 5267 2550 5348 Μεγάλη.
2588 5272 2720 5325 Ηωο
2753 5269 2928 5326 verba
2976 5272 3037 5326 in
3081 5273 3383 5348 Scriptura
3413 5292 3531 5331 non
3564 5294 3749 5348 repe-

2080 5344 2336 5398 riuntur.
2379 5344 2792 5415 Eorum‘vero
2845 5360 3055 5398 sensus
3102 5344 3293 5400 exstat
3320 5347 3456 5402 Luc.
3491 5365 3582 5415 xv,
3609 5344 3744 5414 ubi,

2081 5432 2216 5470 cum
2248 5413 2531 5491 prodigus
2571 5412 2642 5468 ad
2702 5420 2931 5491 patrem
2994 5431 3167 5491 suum
3201 5433 3489 5491 reversus,
3522 5412 3745 5491 magno

2081 5504 2215 5541 cum
2249 5485 2775 5558 gaudio__exceptus
2805 5485 2877 5539 ab
2929 5501 2995 5558 eo
3028 5486 3259 5558 fuisset,
3292 5489 3437 5558 dicit
3467 5485 3747 5547 Christus

2079 5575 2131 5614 ν.
2168 5551 2427 5632 ’ἵενΧαρὰ
2455 5551 2603 5608 ἔσται
2638 5551 2710 5609 ’ἐν
2755 5559 2849 5632 ,τῷ
2904 5556 3118 5632 ορρανῷ
3157 5551 3254 5632 ,ἐπὶ
3307 5557 3385 5632 ἐνί
3416 5560 3749 5632 ἁμαρτωλῷ

2127 5630 2455 5701 εταγοοῦντι,
2518 5633 2682 5701 et_v_.
2727 5629 2853 5701 i0;
2906 5627 3053 5701 Χαρᾶ
3109 5627 3315 5701 γίνεται
3361 5627 3598 5686 ἐνώπιον
3627 5627 3739 5689 τῶν

2127 5649 2455 5687 ετανοουντι.
2518 5649 2576 5681 et
2633 5649 2682 5681 v.
2748 5649 2851 5681 1U;
2909 5649 3053 5701 Λαρα
3153 5649 3315 5683 ινεται
3361 5651 3598 5686 ενωπιον

2079 5649 2331 5775 ἓγγὲλων
2364 5700 2458 5750 τοῦ
2489 5696 2623 5751 Θεοῦ
2654 5697 2740 5750 ἐπὶ
2772 5695 2858 5751 ἐπὶ
2890 5700 2921 5753 ἁ
2971 5649 3204 5772 αρτωλῴ
3239 5706 3609 5773 μετανοοῦντι.

2150 5773 2267 5826 (88)
2295 5775 2469 5825 Ἓπου
2525 5772 2661 5826 Θεῷ.
2717 5770 2877 5826 Solet
2929 5720 3046 5826 ιἶιοο
3103 5773 3376 5826 adagium
3431 5776 3589 5826 inter

2150 5770 2469 5846 (88)·Επου
2525 5772 2661 5840 Θεῷ.
2717 5770 2877 5827 Solet
2933 5770 3046 5829 hoc
3103 5770 3377 5847 adagium
3431 5776 3589 5836 inter
3634 5795 3743 5835 re-
