4044 6154
331 293 465 351 1011

1561 296 1976 355 οικλωιιτιε
2013 293 2521 351 ALEXANDBINI

3615 295 3772 352 1012

332 419 425 498 οῦν
462 419 552 475 καὶ
572 421 827 498 ,πίστεσιν
856 419 1312 495 ἀποκαθαίρονται
1346 421 1628 498 ἁμαρτίαι·
1649 425 1730 495 τῷ
1761 419 1818 476 δὲ
1848 414 2004 496 φόϐῳ
2024 417 2228 495 Κυρίου
2259 416 2494 474 ἰκκλίνει
2520 421 2624 478 πᾶς
2653 415 2758 471 ἀπὸ
2785 418 2976 474 κακοῦ.
3013 409 3199 480 Φόϐος
3231 413 3288 473 δὶ
3319 416 3520 493 Κυρίου
3542 417 3771 476 παιδεία

331 493 424 547 καὶ
458 491 638 569 σοφία.

1835 609 2068 665 CAPUT
2115 609 2257 664 XVI.

801 727 1076 790 Quomodo
1107 726 1226 781 loca
1261 728 1320 782 S.
1351 727 1654 797 Scriptura
1685 726 2013 797 exponenda
2037 731 2168 780 sunt
2191 740 2312 794 qua
2334 724 2564 793 affectus
2588 724 2850 780 humanos
2872 726 2980 779 Deo
3011 726 3282 780 tribuunt.

408 859 512 914 Hic
543 875 750 915 rursus
798 860 1148 916 exoriuntur
1184 866 1580 929 accusatores,
1611 860 1894 934 gaudium
1925 863 1986 915 et
2013 860 2069 927 Α

334 948 636 1003 tristitiam
671 949 936 1004 dicentes
965 967 1096 1005 esse
1127 951 1309 1005 animi
1344 951 1672 1022 passiones.
1699 950 1988 1006 Gaudium

335 1037 495 1092 enim
515 1037 812 1092 definiunt
828 1039 1149 1094 elationem
1169 1040 1387 1094 rationi
1410 1044 1907 1106 consentaneum;
1932 1042 1992 1094 et

335 1125 620 1197 exultare,
680 1131 923 1198 propter
992 1144 1081 1193 ea,
1136 1145 1268 1199 qua)
1327 1135 1467 1184 sunt
1521 1129 1700 1193 bona,
1759 1129 1986 1196 laetari;

329 1215 392 1278 ›ι‹
410 1215 884 1272 misericordiam
898 1221 1119 1286 autem,
1135 1218 1437 1273 tristitiam
1451 1223 1693 1291 propter
1712 1234 1849 1273 eum
1861 1264 1873 1286 ,
1888 1218 1988 1288 qui

333 1304 576 1377 indigne
616 1305 774 1361 mala
800 1307 1022 1378 patitur
1049 1325 1062 1375 ;
1093 1308 1306 1363 animas
1330 1313 1528 1363 autem
1553 1309 1913 1363 mutationes
1934 1312 1993 1362 et

333 1394 814 1468 perturbationes
846 1412 974 1452 esse
1003 1413 1094 1468 ea,
1137 1413 1268 1468 quae
1319 1403 1459 1452 sunt
1507 1397 1822 1469 ejusmodi.
1876 1399 1990 1452 Nos

333 1489 554 1551 autem,
587 1489 652 1540 ut
681 1484 929 1554 videtur,
955 1503 1073 1540 non
1099 1503 1403 1541 cessamus
1427 1487 1760 1558 Scripturas
1784 1502 1991 1540 carna-

331 1572 471 1628 liter
495 1574 848 1648 intelligere,
895 1579 953 1630 et
983 1592 1053 1630 ex
1084 1575 1309 1630 nostris
1343 1575 1531 1630 animi
1577 1574 1993 1630 affectionibus

332 1662 593 1730 abducti,
630 1663 729 1717 Dei
763 1664 1114 1734 impatibilis
1137 1664 1499 1719 voluntatem
1533 1663 1753 1718 nostris
1778 1664 1994 1718 motio-

335 1752 514 1806 nibus
547 1752 804 1806 similem
837 1753 1200 1808 existimare.
1231 1753 1398 1818 Quod
1429 1754 1476 1808 si
1509 1769 1604 1807 res
1638 1753 1722 1807 ita
1769 1768 1900 1808 esse
1932 1751 1993 1806 in

337 1841 734 1912 omnipotenti
760 1841 876 1896 Deo
895 1841 1512 1913 existimamus,prout
1534 1858 1642 1896 nos
1670 1857 1768 1897 eas
1790 1840 1994 1896 audire

335 1935 395 1984 et
424 1929 730 2001 percipere
763 1930 1045 1999 valemus,
1079 1930 1261 2002 impie
1313 1919 1603 1986 e'rramus.
1658 1932 1782 1986 Non
1833 1931 1994 1984 enim

333 2018 508 2087 Deus,
543 2023 718 2088 prout
749 2017 810 2072 in
843 2035 903 2072 se
937 2024 1046 2088 est,
1081 2018 1345 2073 enarrari
1377 2018 1568 2089 potuit
1596 2035 1609 2085 ;
1647 2017 1751 2073 sed
1781 2023 1847 2072 ut
1885 2035 1995 2072 nos

338 2106 544 2161 audire
567 2111 931 2177 poteramus,
956 2107 1056 2178 qui
1076 2123 1252 2162 carne
1278 2123 1516 2162 eramus
1537 2106 1868 2179 illigati,ita
1889 2124 1998 2161 no-

341 2195 435 2250 bis
465 2200 606 2250 sunt
634 2195 814 2250 locuti
843 2197 1167 2267 prophetas,
1203 2195 1454 2251 Domino
1482 2213 1544 2250 se
1569 2195 1888 2250 salubriter
1907 2212 1999 2250 ac-

348 2284 765 2339 commodante
796 2301 863 2339 ac
885 2285 1232 2339 demittente
1255 2285 1328 2339 ad
1350 2284 1660 2339 hominum
1681 2284 1999 2340 imbecilli-

347 2377 549 2428 tatem.
582 2374 871 2438 Quoniam
903 2372 1082 2445 igitur
1107 2378 1196 2428 est
1227 2374 1326 2428 Dei
1360 2373 1653 2439 voluntas,
1707 2380 1773 2428 ut
1803 2390 1996 2428 serve-

343 2468 442 2516 tur
473 2463 542 2529 is,
577 2463 675 2532 qui
707 2468 876 2533 paret
905 2462 1238 2534 praeceptis,
1271 2467 1329 2516 et
1351 2479 1594 2516 suorum
1619 2469 1999 2533 peccatorum

345 2551 582 2606 ducitur
610 2552 996 2623 pmnitentia;
1031 2569 1141 2606 nos
1173 2557 1369 2606 autem
1402 2551 1728 2624 gaudemus
1758 2557 2000 2623 propter

340 2647 605 2696 nostram
639 2642 932 2710 salutem;
968 2646 1234 2696 nostram
1276 2640 1567 2709 Iustitiam,
1601 2641 1712 2695 sibi
1749 2645 1813 2695 ut
1861 2658 1996 2712 pro-

340 2731 534 2802 priam
565 2730 834 2785 attribuit
864 2731 1172 2800 Dominus,
1208 2729 1308 2801 qui
1331 2729 1566 2785 locutus
1592 2735 1680 2785 est
1710 2730 1862 2784 169
1893 2746 2000 2802 per

337 2819 660 2890 prophetas
683 2836 694 2870 :
717 2818 1221 2888 quemadmodum
1239 2819 1499 2873 humane
1512 2819 1717 2873 dicens
1736 2819 1795 2872 in
1810 2821 2000 2874 Evan-

337 2907 492 2979 gelio
520 2923 532 2961 :
562 2929 591 2957 «
624 2909 864 2975 Esurivi,
899 2913 950 2960 et
975 2908 1204 2962 dedistis
1236 2909 1374 2962 mihi
1419 2908 1796 2966 manducare:
1825 2911 1996 2975 sitivi,

341 3002 391 3052 et
422 2996 648 3050 dedistﬂ
680 2995 818 3051 mihi
849 2996 1070 3061 bibere;
1100 2997 1248 3067 quod
1279 2999 1423 3052 enim
1453 2999 1552 3051 uni
1584 2997 1775 3052 horum
1824 2999 1994 3052 mini-

335 3101 551 3141 marum
565 3087 796 3153 fecistis,
817 3085 953 3139 mihi
971 3087 1181 3154 fecistis
1199 3087 1297 3157 (α).
1323 3086 1834 3151 Quemadmodum
1857 3103 1992 3159 ergo

336 3173 619 3239 nutritur,
653 3174 754 3244 qui
788 3191 908 3228 non
940 3174 1224 3242 nutritur,
1253 3180 1570 3246 propterea
1594 3175 1754 3246 quod
1783 3177 1858 3230 sit
1887 3192 1996 3230 nu-

340 3261 516 3316 tritus
550 3261 622 3328 is,
656 3278 836 3332 quem
885 3262 1064 3317 velit:
1117 3263 1200 3317 ita
1249 3264 1472 3333 absque
1525 3265 1852 3319 mutatione
1899 3279 1997 3336 ga-

339 3351 500 3406 visus
572 3357 681 3406 est.
757 3357 1069 3423 propterea
1141 3351 1299 3422 quod
1357 3352 1569 3424 gaudio
1622 3355 1866 3408 affectus
1924 3354 2002 3408 sit

343 3439 413 3506 is,
449 3439 548 3510 qui
595 3440 946 3511 pmnitentia
1000 3441 1212 3495 ductus
1263 3446 1372 3508 est,
1424 3446 1489 3494 ut
1535 3441 1786 3496 volebat'
1839 3444 1996 3507 Quo-

344 3529 505 3584 niam
538 3535 736 3584 autem
768 3530 993 3584 allatim
1023 3529 1342 3583 miseretur
1372 3531 1548 3597 Deus,
1600 3547 1736 3586 cum
1787 3532 1862 3585 sit
1890 3531 1998 3586 bo-

2169 857 2435 912 Ἐνταῦθα
2485 855 2651 911 πάλιν
2713 855 3036 935 ἐπιφύονται
3088 858 3139 911 οἱ
3197 859 3522 935 κατήγοροι,
3585 862 3763 936 χαρὰν

2093 945 2182 999 καὶ
2218 943 2398 1015 λύπην
2432 946 2575 1015 πάθη
2621 948 2809 1019 ψυχῆς
2861 943 3136 1020 λέγοντες·
3197 949 3296 1016 τήν
3345 948 3443 1020 μὶν
3491 949 3598 1024 γὰρ
3661 970 3769 1025 χα-

2095 1035 2192 1110 ρὰν
2225 1031 2454 1108 εὔλογον
2483 1031 2705 1106 ἔπαρσιν
2754 1031 3108 1105 ἀποδιδόασι,
3156 1034 3247 1090 καὶ
3304 1037 3367 1090 τὸ
3425 1035 3763 1112 ἀγάλλεσθαι

2093 1122 2306 1197 χαίρειν
2341 1121 2675 1184 ἐπὶκαλοῖς’
2708 1123 2772 1177 τὸ
2833 1120 2889 1177 δὲ
2945 1122 3101 1188 ἕλεος
3158 1123 3339 1196 λύπην
3397 1123 3488 1180 ἰπὶ
3533 1127 3761 1198 ἀναξίως

2092 1213 2514 1266 κακοπαθοῦντισ
2557 1212 2770 1288 τροπὰς
2831 1209 2888 1266 δὲ
2945 1213 3077 1267 εἶναι
3143 1217 3330 1288 ψυχῆς
3365 1213 3456 1272 καὶ
3507 1217 3645 1287 πάθη
3688 1217 3757 1272 τὰ

2092 1305 2338 1356 τοιαῦτα.
2397 1301 2590 1373 Ἡμεῖς
2647 1297 2728 1371 δὲ,
2811 1301 2885 1363 ὡς
2944 1297 3146 1372 ἔοικεν,
3205 1303 3268 1357 οὐ
3352 1304 3640 1378 παυόμεθα
3691 1307 3763 1360 τὰ

2093 1393 2318 1444 τοιαῦτα
2373 1392 2646 1462 σαρκικῶς
2721 1393 2970 1451 νοοῦντες
3029 1390 3126 1452 τὰς
3205 1393 3452 1470 Γραφὰς,
3511 1393 3600 1448 καὶ
3658 1395 3765 1449 ἀπὸ

2095 1483 2203 1533 τῶν
2235 1475 2517 1554 ἡμετέρων
2575 1479 2759 1533 παθῶν
2823 1479 3171 1555 ἀναγόμενοι,
3227 1483 3291 1536 τὸ
3354 1482 3619 1558 βούλημα
3669 1489 3767 1540 τοῦ

2097 1567 2338 1631 ἀπαθοῦς
2385 1571 2518 1622 Θεοῦ
2598 1567 2812 1639 ὁμοίως
2893 1573 3012 1631 τοῖς
3100 1567 3410 1642 ἡμεδαποῖς
3465 1575 3768 1646 κινήμασιν

2098 1655 2552 1729 ἀπεκδεχόμενοι.
2608 1656 2698 1718 Ὠς
2756 1654 2801 1710 δ’
2862 1659 3028 1729 ἡμεῖς
3063 1657 3291 1713 ἂκοῦσαι
3323 1657 3563 1734 δυνατοὶ,
3593 1661 3771 1723 οὕτως

2098 1741 2244 1819 ἔχειν
2279 1743 2367 1800 ἐπὶ
2397 1748 2494 1799 τοῦ
2525 1745 2970 1819 παντοκράτορος
3030 1746 3535 1820 ὑπολαμοάνοντες,
3595 1751 3770 1816 ἀθέως

2097 1832 2455 1907 πλανώμεθα.
2487 1833 2564 1892 Οὐ
2595 1833 2695 1910 γὰρ
2729 1835 2802 1896 ὡς
2835 1829 2950 1910 ἔχει
3000 1835 3064 1890 τὸ
3095 1842 3276 1904 Θεῖον,
3331 1837 3503 1901 οὕτως
3535 1841 3652 1894 οἷόν
3705 1863 3767 1896 τε

2098 1923 2165 1991 ἦν
2195 1921 2465 1999 λέγεσθαι·
2498 1919 2629 1978 ἀλλ’
2658 1923 2732 1984 ὡς
2789 1923 2902 1978 οἷόν
2960 1945 3022 1979 τε
3077 1926 3144 1994 ἧν
3178 1925 3385 1982 ἐπαΐειν
3411 1930 3559 2000 ἡμᾶς
3602 1930 3766 2006 σαρκὶ

2100 2007 2540 2083 πεπεδημένους,
2599 2010 2775 2072 οὕτως
2831 2014 2966 2084 ἡμῖν
3019 2011 3301 2083 ἐλάλησαν
3354 2017 3406 2070 οἳ
3460 2024 3770 2094 προφῆται,

2102 2100 2652 2177 συμπεριφερομὲνου
2685 2100 2973 2175 σωτηρίως
3021 2105 3090 2176 τῇ
3139 2107 3245 2157 τῶν
3280 2105 3583 2181 ἀνθρώπων
3605 2107 3775 2162 ἀσθε-

2105 2186 2221 2259 νείᾳ
2275 2192 2373 2242 τοῦ
2431 2189 2654 2263 Κυρίου.
2715 2189 2863 2244 Ἐπεὶ
2915 2189 3098 2245 τοίνυν
3171 2193 3436 2266 βούλημά
3497 2194 3610 2250 ἐστι
3663 2201 3773 2250 τοῦ

2107 2280 2241 2330 Θεοῦ
2274 2279 2535 2345 σώζεσθαι
2565 2277 2656 2332 τὸν
2690 2283 2808 2340 ταῖς
2860 2278 3111 2344 ἐντολαῖς
3167 2283 3449 2353 πειθήνιον
3481 2284 3572 2338 τόν
3621 2305 3680 2339 τε
3711 2284 3774 2338 ὲκ

2105 2370 2214 2420 τῶν
2258 2367 2670 2442 ἁμαρτημάτων
2725 2375 3107 2440 μετανοοῦντα,
3171 2373 3437 2446 χαίρομεν
3493 2372 3549 2428 δὲ
3602 2377 3774 2447 ἡμεῖς

2108 2453 2195 2508 ἐπὶ
2229 2454 2298 2529 τῇ
2327 2456 2573 2531 σωτηρίᾳ
2619 2459 2804 2530 ἡμῶν·
2858 2459 2920 2512 τὸ
2973 2461 3175 2534 χαρτὸν
3234 2464 3392 2532 ἡμῶν
3448 2460 3770 2533 ὶξιδοποιήο

2109 2567 2238 2601 σατο
2269 2548 2297 2602 ὁ
2325 2545 2415 2602 διὸ.
2464 2552 2574 2604 τῶν
2630 2553 2930 2626 προφητῶν
2988 2549 3237 2622 λαλήσας
3269 2553 3487 2628 Κύριος⁸
3518 2556 3774 2629 καθάπερ

2106 2637 2159 2692 ἐν
2208 2641 2286 2709 τῷ
2340 2637 2666 2713 Εὐαγγελίῳ
2714 2637 3120 2716 φιλανθρώπως
3197 2641 3392 2716 λέγων*
3450 2642 3762 2714 Ἐπείνασα,

2107 2725 2195 2780 καὶ
2253 2723 2492 2782 ἐδώκατέ
2569 2748 2665 2799 μοι
2741 2734 2952 2805 φαγεῖνο
3012 2727 3264 2804 ἐδίψησα,
3350 2733 3439 2786 καὶ
3500 2729 3768 2788 ἐδώκατιε

2111 2822 2370 2890 μοιπιεῖν
2409 2821 2542 2891 (99)’
2577 2816 2732 2894 δγὰρ
2785 2819 2860 2873 ἑνὶ
2911 2817 3118 2875 τούτων
3179 2824 3258 2894 (1)
3311 2826 3418 2876 τῶν
3461 2822 3766 2898 ἐλαχίστων

2105 2908 2468 2977 πεποιήκατε,
2529 2905 2654 2981 ἐμοί
2709 2910 3067 2980 πεποιήκατε.
3123 2912 3326 2980 ’Ὠσπερ
3387 2909 3480 2966 οῦν
3522 2911 3771 2990 τρέφεται

2112 2997 2188 3069 μὴ
2239 2995 2582 3071 τρεφόμενος
2642 2994 2733 3052 διὰ
2789 2998 2852 3052 τὸ
2913 2999 3212 3076 τετράφθαι
3276 2999 3440 3075 ὅνπερ
3511 3002 3775 3077 βούλεται

2109 3083 2282 3149 οὕτως
2313 3084 2486 3160 ἐχάρη
2527 3087 2603 3158 μή
2634 3089 2885 3162 τραπεὶς,
2923 3086 3012 3142 διὰ
3069 3089 3132 3143 τὸ
3194 3088 3246 3142 ἐν
3303 3089 3450 3164 χαρᾷ
3500 3093 3762 3166 γεγονένα

2104 3173 2194 3228 τὸν
2233 3175 2668 3246 μετανενοηκότα
2726 3175 2800 3236 ὡς
2855 3171 3134 3234 ἐϐούλετο.
3193 3179 3341 3234 Ἐπεὶ
3403 3177 3460 3234 δὲ
3487 3179 3774 3244 πλουσίως

2106 3261 2249 3318 ἐλεεῖ
2275 3262 2476 3338 ἀγαθὸς
2505 3258 2578 3316 ὧν
2615 3264 2642 3316 6
2669 3265 2824 3333 Θεὸς,
2885 3267 2982 3326 τάς
3039 3286 3099 3319 τε
3154 3264 3382 3329 ἐντολὰς
3439 3265 3645 3336 διδοὺς,
3679 3267 3773 3324 διὰ

2106 3351 2282 3424 νόμου
2313 3352 2402 3406 καὶ
2435 3349 2526 3406 διὰ
2551 3357 2878 3429 προφητῶν,
2934 3353 3024 3407 καὶ
3070 3355 3504 3433 προσεχέστερον
3535 3356 3643 3428 ἤδη
3680 3356 3774 3413 διὰ

2105 3447 2203 3510 τῆς
2230 3443 2331 3494 τοῦ
2364 3440 2491 3492 Υἱοῦ
2532 3439 2855 3512 παρουσίας,
2917 3443 3106 3511 σώζων
3168 3445 3259 3498 καὶ
3310 3445 3497 3516 ἐλεῶν,
3556 3447 3633 3508 ὡς
3691 3446 3772 3501 εἴ-

2111 3549 2295 3604 ρηται,
2327 3527 2455 3590 τοὺς
2483 3527 2849 3602 ἠλεημένουςο
2905 3530 3111 3604 κυρίως
3165 3553 3226 3587 τε
3257 3533 3400 3590 ἐλεεῖ
3429 3537 3456 3589 6
3504 3536 3768 3610 κρείττων

343 3635 478 3685 nus,
515 3623 573 3672 et
620 3623 916 3688 praecepta
965 3617 1113 3672 dans
1156 3634 1262 3688 per
1307 3617 1496 3690 legem
1533 3591 1608 3674 ret
1653 3621 1996 3692 prophetas,

2109 3591 2201 3672 τὸν
2230 3617 2466 3672 ἐλάσσωο
2501 3616 2590 3672 καὶ
2649 3618 2914 3694 κρείττων
2977 3591 3071 3693 μὶν
3130 3619 3417 3697 ἅνθρωπος
3475 3591 3774 3698 ἀνθρώπου

344 3712 403 3761 et
428 3707 555 3778 jam
591 3705 987 3778 propinquius
1037 3722 1143 3777 per
1191 3706 1321 3760 Filii
1371 3707 1711 3775 adventum,
1763 3725 2002 3764 servans

346 3801 403 3850 et
433 3795 724 3850 miserans
756 3811 878 3863 eos,
915 3794 1016 3865 qui
1049 3795 1521 3850 misericordiam
1570 3796 1996 3853 obtinuerunt:

344 3889 403 3939 et
441 3883 680 3955 proprie
730 3884 1050 3938 miseretur
1095 3885 1288 3956 major
1330 3884 1618 3954 minoris;
1667 3886 1843 3941 homo
1891 3904 1999 3942 au-

342 3980 465 4030 tem
496 3991 615 4030 non
640 3980 731 4029 est
762 3974 1003 4030 homine
1026 3974 1236 4045 major,
1263 3981 1556 4045 quatenus
1579 3983 1668 4031 est
1687 3978 1887 4045 homo,
1913 3984 2003 4033 est

346 4070 545 4121 autem
578 4066 732 4120 Deus
779 4064 1019 4119 homine
1069 4066 1262 4136 major
1305 4066 1365 4119 in
1417 4066 1734 4121 omnibus:
1764 4067 1813 4121 si
1863 4084 2000 4139 ergo

346 4154 447 4225 qui
471 4159 560 4208 est
587 4153 796 4224 major,
822 4153 1139 4206 miseretur
1156 4153 1427 4221 minoris,
1454 4154 1614 4208 solus
1639 4155 1790 4209 Deus
1812 4157 2003 4210 nostri

346 4242 746 4300 miserebitur.
779 4243 962 4296 Homo
996 4241 1157 4296 enim
1181 4242 1432 4313 justitiaa
1458 4242 1678 4314 regulis
1698 4249 1866 4314 paret
1895 4260 2002 4299 sua

349 4333 608 4389 libenter
639 4330 1109 4398 communicans,
1141 4337 1200 4385 et
1225 4347 1295 4386 ea
1321 4331 1603 4402 impertit.
1638 4349 1770 4403 quas
1818 4349 1853 4388 a
1882 4334 2000 4389 Deo

345 4422 593 4494 accepit,
629 4425 688 4475 et
715 4425 958 4491 prOpter
1008 4418 1344 4474 naturalem
1394 4419 1894 4485 benevolentiam.
1944 4426 2003 4476 et

346 4517 589 4582 propter
615 4515 931 4581 praecepta,
966 4508 1182 4578 quibus
1207 4514 1394 4580 paret.
1430 4510 1582 4564 Deus
1610 4517 1810 4566 autem
1864 4510 2003 4565 nul-

346 4600 468 4653 lam
499 4599 678 4653 habet
703 4599 765 4652 in
789 4615 899 4652 nos
931 4597 1264 4652 naturalem
1290 4597 1705 4654 habitudinem
1729 4617 1834 4656 seu
1855 4600 2005 4655 relao

347 4687 598 4754 tionem,
631 4691 697 4740 ut
724 4686 932 4741 volunt
962 4685 1279 4741 haaresium
1313 4685 1651 4743 conditores
1683 4705 1696 4756 ;
1725 4706 1919 4760 neque
1951 4689 2000 4744 si

2111 3706 2209 3761 οὐκ
2239 3705 2299 3760 ἄν
2333 3703 2441 3777 εἴη,
2499 3707 2632 3762 καθὸ
2692 3705 2981 3782 ἅνθρωπος
3031 3711 3282 3788 πέφυκεν·
3342 3713 3599 3786 κρείττων
3630 3711 3689 3769 δὶ
3740 3716 3774 3769 ὁ

2109 3796 2239 3858 Θεὸς
2268 3799 2367 3850 τοῦ
2395 3795 2684 3870 ἀνθρώπου
2739 3796 2877 3852 κατὰ
2931 3800 3123 3854 πάντα·
3186 3799 3236 3854 εἴ
3287 3802 3469 3856 τοίνυν
3503 3804 3530 3858 6
3579 3804 3771 3878 κρείτ-

2106 3905 2214 3939 των
2239 3884 2331 3939 τὸν
2390 3883 2543 3954 ἥσσω
2610 3884 2772 3953 ἐλεεῖ,
2827 3885 2993 3958 μόνος
3051 3891 3198 3959 ἡμᾶς
3257 3890 3285 3942 6
3337 3891 3466 3951 Θεὸς
3525 3889 3772 3961 ἐλεήσει·

2108 3976 2430 4036 κοινωνικὸς
2465 3975 2560 4047 μὶν
2582 3974 2683 4051 γὰρ
2735 3975 3022 4050 ἅνθρωπος
3077 3976 3179 4029 ὑπὸ
3238 3974 3589 4049 δικαιοσύνης
3621 3980 3776 4053 γίνε-

2106 4083 2217 4132 ται,
2245 4064 2335 4118 καὶ
2369 4061 2728 4136 μεταδίδωσιν
2757 4064 2830 4117 ὼν
2865 4058 3026 4118 ἔλαϐε
3055 4065 3200 4138 παρὰ
3225 4068 3322 4120 τοῦ
3345 4069 3443 4120 τοῦ
3468 4071 3633 4138 Θεοῦ,
3678 4067 3772 4126 διά

2106 4172 2165 4205 τε
2222 4154 2454 4227 φυσικὴν
2505 4149 2716 4208 εὔνοιαν
2774 4152 2864 4206 καὶ
2915 4153 3098 4227 σχέσιν
3147 4151 3235 4208 διά
3290 4174 3348 4209 τε
3394 4155 3488 4217 τὰς
3545 4155 3778 4222 ἐντολὰς

2107 4245 2194 4304 αἷς
2224 4243 2486 4308 πείθεται.
2533 4245 2595 4301 Ὀ
2627 4244 2758 4307 Θεὸς
2815 4239 2873 4298 δὶ
2930 4239 3189 4316 οὐδεμίαν
3251 4240 3367 4320 ἔχει
3427 4247 3565 4322 πρὸς
3616 4250 3772 4322 ἡμᾶς

2109 4333 2342 4408 φυσικὴν
2373 4332 2584 4404 σχέσιν,
2617 4333 2693 4396 ὡς
2751 4333 2804 4387 οἱ
2851 4337 2958 4387 τῶν
3018 4333 3276 4409 αἱρέσεων
3334 4335 3544 4391 κτίσται
3579 4335 3771 4400 θέλου-

2109 4441 2216 4489 σιν,
2247 4421 2361 4476 οὕτ’
2392 4421 2438 4476 εί
2471 4421 2531 4476 ἐκ
2563 4423 2640 4494 μή
2677 4417 2846 4475 ὄντων
2897 4421 3111 4492 ποιοίη,
3169 4421 3280 4478 οὔτ’
3341 4423 3386 4478 εί
3419 4424 3470 4494 ἐξ
3501 4423 3640 4496 ὕλης
3715 4429 3774 4498 (2

2111 4506 2510 4584 δημιουργοίηο
2547 4508 2662 4563 ἐπεὶ
2692 4509 2754 4562 τὸ
2811 4511 2906 4582 μὶν
2962 4509 3076 4563 οὔθ’
3123 4508 3270 4574 ὅλως
3327 4513 3408 4586 ὃν,
3450 4517 3484 4584 ἡ
3518 4511 3576 4568 δί
3629 4515 3771 4569 κατᾶ

2107 4600 2281 4653 πάντα
2313 4597 2468 4671 ἑτέρα
2521 4597 2784 4673 τυγχάνει
2839 4601 2939 4651 τοῦ
2996 4603 3151 4652 Θεοῦ·
3214 4600 3260 4656 εί
3322 4605 3398 4676 μή
3456 4623 3540 4666 τις
3603 4604 3767 4678 μέρος

2109 4686 2274 4743 αὐτοῦ
2305 4690 2382 4762 (3)
2413 4685 2503 4742 καί
2533 4685 2864 4761 ὁμοουσίους
2895 4687 3045 4759 ἡμᾶς
3106 4693 3185 4762 τῷ
3241 4696 3358 4764 Θεῷ
3383 4690 3655 4768 τολμήσει
3688 4692 3751 4748 λέ

417 4826 481 4890 νι‹
508 4829 572 4882 Ρ.
596 4829 698 4880 467
729 4827 839 4881 ED.
875 4828 1178 4897 POTTER,
1211 4829 1449 4884 391-392
1477 4832 1588 4885 ED.
1623 4831 1850 4886 PARIS.
1885 4830 1970 4904 (α)
1998 4878 1999 4884 ,

2107 4831 2202 4887 '.th.
2236 4849 2367 4902 xxv,
2400 4833 2490 4904 35,
2519 4834 2611 4888 40.

349 4984 496 5058 12,4;
529 4976 1053 5058 'Elengooévunxal
1107 4977 1313 5058 πίστεις
1359 4981 1434 5052 μὴ
1490 4979 1998 5058 ἐκλειπὲᾐτωσάνλσεο

2111 4984 2359 5058 gentiles
2419 4985 2811 5058 philosophos
2872 4989 3079 5057 secuti,
3127 4991 3411 5048 mundum
3447 5008 3478 5049 e
3517 4993 3772 5050 materia

350 5047 558 5125 ἆφαψαι
592 5047 650 5103 δὲ
669 5047 840 5125 ,αῦτὰλς
869 5049 957 5125 ἐπί
989 5054 1068 5120 σῷ
1095 5047 1393 5125 τραχήλῳ,
1425 5047 1538 5125 καὶ
1589 5055 1838 5125 εὑρήσεις
1893 5053 2001 5109 χά-

351 5113 455 5200 ρίν.
577 5113 762 5200 (£306.05
792 5116 856 5200 ,δὲ
886 5121 991 5200 ,τὸν
1026 5113 1179 5191 Θεὸν,
1227 5113 1582 5200 καὶίὲκκλινε
1640 5113 1745 5182 άπὸ
1789 5113 2005 5200 Δ’παντὸς

348 5191 542 5272 κακοῦ.
581 5191 981 5272 Ecclesiastigi
1023 5209 1150 5272 ca_p.
1202 5213 1286 5260 Ill,
1319 5199 1386 5251 29
1421 5214 1433 5250 :
1490 5195 1871 5272 Ἐλεημοσῦνη
1905 5196 2006 5272 ἐξι-

350 5260 891 5344 λά-σεταιμάμαρτίοας.
921 5260 1203 5344 Ejusdem
1262 5283 1387 5338 cap.
1424 5285 1464 5334 ι,
1523 5273 1589 5324 27
1625 5260 1870 5344 ε”Σοφία’
1900 5260 2001 5344 γὸρ

347 5339 436 5395 καὶ
467 5329 684 5392 παιδεία
717 5329 884 5407 φόϐος
919 5329 1146 5406 Κῦρίου.

423 5417 539 5485 (99)
561 5403 834 5485 ξΕδώκατξῖ
867 5403 1507 5485 μοιξιε,ῖν.ῌἘποτίσατε
1548 5429 1634 5480 με,
1661 5411 1860 5485 Matth.

423 5473 719 5557 ζίλῖΟ-γάρ
752 5478 829 5531 ὲνὶ
858 5473 907 5533 τ.
969 5476 1084 5557 ’βιῷ
1121 5473 1281 5557 ,ᾆσονι
1331 5473 1630 5557 ἐποιήσατε
1681 5482 1754 5557 ivi
1791 5480 2002 5557 τούτων

347 5544 458 5610 τῶν
480 5544 742 5631 ’ἀδελφῶν
782 5571 888 5622 μου
945 5544 1055 5602 τῶν
1117 5544 1446 5622 ἐλαχίστων,
1479 5544 1630 5623 ’ἐμοὶ
1688 5552 2002 5622 ἐποιήσατε,

352 5628 550 5682 Matth.

423 5696 619 5770 (2)’E£
679 5692 842 5765 ὕλης.
920 5691 1353 5765 Valentiniani,
1440 5695 1661 5769 aliique
1717 5696 2001 5766 haeretici,

2112 5058 2559 5128 prasexsistente
2581 5075 2615 5114 a
2645 5058 2762 5115 Deo
2785 5065 3049 5115 creatum
3107 5062 3606 5120 existimaverunt.
3648 5065 3768 5120 Ire-

2113 5145 2281 5184 naaus
2311 5129 2412 5185 lib.
2447 5146 2507 5197 ιι,
2540 5147 2667 5202 cap.
2705 5133 2791 5197 19,
2824 5149 2883 5202 p.
2938 5133 3028 5186 141
3099 5133 3240 5190 edit.
3275 5137 3458 5190 Oxon.
3500 5154 3512 5190 :
3545 5139 3612 5191 Et
3665 5137 3769 5192 hoc

2112 5207 2315 5259 autem.
2352 5203 2516 5276 Aquod
2561 5220 2640 5276 ex,
2658 5204 2901 5272 subjecta
2961 5209 3193 5258 materia
3231 5206 3424 5262 dicunt
3464 5209 3771 5276 fabricato-

2112 5290 2231 5348 rem
2249 5274 2440 5348 fecisse
2470 5275 2755 5348 mundum,
2789 5281 2838 5328 et
2879 5276 3264 5348 Andragoras,
3298 5286 3349 5332 et
3390 5274 3763 5348 Empedocles,

2112 5350 2162 5398 et
2195 5345 2353 5420 Pluto
2376 5347 2551 5414 primi
2575 5353 2702 5420 (inte
2733 5346 2828 5420 tios
2885 5345 3169 5420 dixerunt,
3203 5350 3366 5404 Conf.
3425 5345 3630 5406 Strom.
3667 5345 3766 5420 vn,

2113 5431 2168 5484 p.
2206 5418 2308 5468 707
2341 5422 2400 5469 et
2420 5433 2551 5486 quas
2584 5417 2664 5471 ibi
2695 5417 3036 5472 adnotanda
3067 5426 3226 5473 sunt.

2186 5485 2466 5562 (SillMépoc
2497 5487 2682 5562 aurai».
2717 5489 3001 5562 Drigenes
3056 5492 3260 5562 contra
3310 5493 3519 5562 Celsum
3579 5495 3683 5548 lib.
3717 5512 3770 5562 ν,

2112 5559 2347 5636 ΡῼΒΰῃε
2383 5561 2578 5636 Σαφῷς
2603 5559 2687 5636 ,δὲ
2728 5557 2844 5636 τὸν“
2881 5557 3010 5636 ὁᾎλον
3067 5560 3274 5636 κόσμον
3317 5559 3570 5636 λέγουσιν
3632 5557 3775 5618 εἶναι

2113 5625 2265 5703 Θεὸν,
2296 5625 2531 5703 ξτωϊκόξ
2563 5630 2657 5703 μὲν
2688 5631 2778 5703 τὸν
2811 5633 3062 5703 πρῶτον,
3105 5625 3184 5686 οἷ’
3217 5630 3273 5686 δὲ
3332 5625 3436 5690 ἀπὸ
3469 5634 3771 5698 Πλάτωνος

2108 5697 2201 5751 τὸν
2234 5695 2511 5773 δεύτερον,
2547 5695 2690 5764 iam
2723 5699 2781 5757 δὶ
2810 5695 2985 5759 αὖτῶν
3017 5695 3108 5758 τὸν
3169 5704 3370 5781 τρίτον.
3405 5710 3559 5765 Certe
3589 5695 3766 5766 totum
