4044 6154
368 317 508 374 1013

1703 326 2154 384 smomruu
2189 326 2326 380 LIB.
2367 323 2439 377 Π.

3647 318 3788 376 1014

365 460 501 517 γειν·
534 441 628 497 καὶ
659 441 758 499 οὐκ
786 441 889 499 οἷδ’
939 446 1090 507 ὅπως
1133 445 1372 518 ἀνέξεταί
1426 467 1513 512 τις
1565 444 1769 504 ἐπαΐων
1823 447 2002 504 τούτοι

2135 464 2210 504 ex
2239 446 2428 502 nihilo
2445 446 2647 501 omnia
2662 444 3027 517 produxerit,
3048 460 3159 500 nec
3177 445 3227 499 si
3248 461 3320 499 ex
3339 443 3788 516 praeexsistente

368 531 499 587 Θεὸν
525 528 800 607 ἐγνωκὼς,
831 531 1041 589 ἀπιδὼν
1073 534 1149 597 εἰς
1194 535 1285 590 τὸν
1336 536 1454 611 βίον
1500 537 1599 593 τὸν
1645 536 1935 611 ἡμέτερον,
1965 536 2017 591 ἐν

368 622 519 682 ὅσοις
550 620 834 697 φυρόμεθα
878 628 1091 686 κακοῖς.
1144 621 1247 696 Εἴη
1299 626 1402 701 γὰρ
1450 623 1512 680 ἃν
1566 625 1762 698 οὕτως,
1824 627 1854 681 ’ὀ
1890 623 2022 700 μηδ’

368 708 539 764 εἴπεῖν
599 711 777 783 θέμις,
832 717 1068 788 μερικῶς
1119 714 1439 790 ἁμαρτάνων
1482 715 1691 785 ὁΘεὸς,
1745 714 1797 770 εἷ’
1845 736 1906 790 γε
1953 716 2021 771 τὰ

374 797 511 873 μέρη
544 803 648 853 τοῦ
676 799 816 856 ὅλου
850 802 988 875 μέρη
1021 801 1112 857 καὶ
1165 803 1608 880 συμπληρωτικά
1634 808 1732 859 τοῦ
1781 802 1937 859 ὅλου*
1971 804 2017 860 εἰ

373 883 430 942 δὲ
464 889 541 960 μή
578 888 1039 964 συμπληρωτικὰ,
1100 890 1227 948 οὐδὲ
1261 894 1400 969 μέρη
1430 891 1513 965 εἴη
1568 891 1653 950 ἄν.
1712 891 1888 951 Ἀλλὰ
1910 894 2014 969 γὰρ

369 978 524 1054 φύσει
581 976 847 1042 πλούσιος
882 977 956 1035 ὢν
985 981 1013 1035 ὁ
1045 982 1173 1044 Θεὸς
1229 980 1281 1037 ἐν
1342 982 1503 1057 ἐλέῳ,
1561 980 1651 1038 διὰ
1695 984 1796 1052 τὴν
1846 984 2015 1039 αὐτοῦ

365 1066 679 1141 ἀγαθότητα
701 1065 926 1139 κήδεται
956 1071 1141 1144 ἡμῶν,
1176 1072 1316 1144 μήτε
1367 1071 1571 1148 μορίων
1624 1070 1796 1127 ὅντων
1848 1070 2013 1127 αὐτοῦ

369 1156 509 1228 μήτε
538 1154 693 1231 φύσει
744 1158 948 1214 τέκνων
974 1201 987 1215 .
1049 1160 1149 1215 Καὶ
1181 1156 1249 1230 δὴ
1280 1162 1315 1231 ἠ
1348 1161 1579 1237 μεγίστη
1607 1167 1710 1230 τῆς
1734 1164 1832 1216 τοῦ
1879 1163 2013 1216 Θεοῦ

361 1244 698 1321 ἀγαθότητος
732 1244 952 1318 ἔνδειξις
982 1248 1119 1320 αὕτη
1150 1250 1409 1325 τυγχάνει
1443 1268 1455 1280 °
1490 1248 1575 1305 ὅτι
1623 1248 1795 1313 οὕτως
1851 1248 2017 1324 ἐχόν-

359 1354 471 1388 των
522 1336 686 1408 ἡμῶν
739 1336 878 1410 πρὸς
933 1338 1096 1393 αὐτὸν
1131 1382 1146 1409 ,
1216 1337 1307 1394 καὶ
1375 1336 1530 1415 φύσει
1585 1334 2012 1415 ἀπλλοτριωμέ-

359 1444 468 1477 νων
499 1427 575 1497 (4)
605 1424 914 1499 παντελῶς,
973 1425 1127 1501 ὅμως
1181 1425 1429 1500 κηδεται,
1466 1428 1702 1497 ibus-nul
1757 1429 1855 1502 μὲν
1910 1427 2011 1503 γὰρ

358 1514 395 1582 ἡ
450 1514 590 1589 πρὸς
648 1515 811 1570 τέχνα
866 1513 1229 1594 φιλοστοργία
1300 1523 1420 1582 τοῖς
1477 1519 1639 1587 ζώοις
1676 1563 1691 1588 ,
1747 1519 1783 1589 ἢ
1841 1539 1900 1573 τε
1953 1518 2013 1574 ἐκ

363 1601 650 1673 συνηθείας
678 1609 797 1667 τοῖς
827 1604 1188 1681 ὁμογνώμοσι
1222 1604 1379 1684 φιλία
1541 1611 1677 1662 Θεοῦ
1715 1603 1773 1662 δὲ
1802 1608 1831 1662 ὁ
1857 1602 2013 1670 ἕλεος

363 1690 441 1753 είς
469 1694 620 1764 ἡμᾶς
649 1692 935 1757 πλουσίως
966 1698 1060 1767 16),
1104 1695 1230 1759 τοὺς
1279 1695 1415 1751 κατὰ
1447 1692 1619 1769 μηδὲν
1650 1694 1798 1768 αὐτῷ
1838 1716 2013 1771 προσ-

360 1781 618 1853 ήκοντας,
648 1780 685 1851 ἢ
722 1781 881 1855 οὐσίᾳ
926 1785 1088 1857 ἡμῶν
1140 1783 1313 1859 λέγω,
1343 1783 1379 1854 ἢ
1413 1786 1588 1863 φύσει,
1619 1787 1655 1856 ἢ
1688 1782 1911 1857 δυνάμει
1940 1789 2009 1861 τῇ

358 1867 536 1943 οἰκείᾳ
563 1877 663 1941 τῆς
696 1871 882 1935 οὐσίας
912 1873 1094 1946 ἡμῶν·
1134 1874 1285 1947 μόνῳ
1311 1871 1369 1930 δὶ
1418 1877 1498 1947 τῷ
1528 1870 1686 1950 ἔργον
1730 1876 1866 1929 εἶναι
1915 1878 2013 1930 τοῦ

357 1957 677 2033 θελήματος
708 1960 898 2017 αὐτοῦ·
943 1961 1035 2018 καὶ
1067 1960 1136 2032 δὴ
1165 1963 1257 2018 τὸν
1289 1963 1482 2019 ἑκόντα
1542 1962 1678 2036 μετᾶ
1732 1964 2017 2034 ἀσκήσεως

356 2046 446 2103 καί
479 2045 838 2114 διδασκαλίας
875 2052 976 2121 τήν
1033 2056 1233 2126 γνῶσιν
1286 2058 1388 2123 τῆς
1439 2049 1702 2123 ἀληθείας
1732 2050 2013 2127 ἐπανῃρη-

361 2138 520 2210 μένον
570 2137 649 2201 εἷς
692 2139 960 2195 υἱοθεσίαν
1006 2138 1186 2210 καλεῖ,
1212 2142 1312 2210 τήν
1355 2140 1613 2218 μεγίστην
1642 2145 1825 2196 πασῶν
1873 2160 2011 2216 προ-

353 2229 555 2299 κοπήν.
610 2228 954 2304 Παρανομίαι
987 2228 1045 2286 δὲ
1074 2228 1242 2306 ἄνδρα
1288 2230 1613 2306 ἀγορεύουσι
1805 2235 2012 2305 σειραῖς

353 2312 413 2370 δὲ
466 2322 572 2372 τῶν
633 2319 825 2375 ἑαυτοῦ
883 2321 1164 2397 ἁμαρτιῶν
1224 2316 1448 2376 ἕκαστος
1522 2320 1860 2395 σφίγγεται,
1914 2318 2007 2374 καὶ

351 2399 493 2461 ἔστιν
551 2407 580 2461 ὁ
631 2408 761 2471 Θεὸς
820 2408 1063 2473 ἀναίτιος
1119 2412 1226 2483 (8)ο
1287 2409 1377 2465 καὶ
1432 2414 1513 2482 τῷ
1570 2405 1685 2465 ὄντι
1742 2410 2008 2486 μακάριος

351 2494 508 2569 ἀνὴρ,
541 2495 601 2559 ὃς
627 2500 992 2569 καταπτήσσει
1023 2498 1197 2555 πάντα
1219 2496 1291 2553 δι’
1319 2494 1632 2567 εὐλάϐειαν,

2133 536 2631 593 materiafecerit:
2652 533 3136 605 quandoquidem
3150 532 3302 587 illud
3315 533 3554 603 quidem
3571 549 3644 588 ne
3659 548 3787 588 om-

2132 627 2275 682 nino
2306 625 2551 697 quidem
2581 629 2689 692 est,
2722 623 2848 678 haec
2866 639 3000 677 vero
3018 627 3159 677 esta
3186 623 3304 676 Deo
3329 621 3560 677 diversa
3580 622 3642 676 in
3664 638 3787 676 om-

2131 715 2329 783 nibus;
2349 715 2466 770 nisi
2479 714 2614 785 quis
2628 728 2737 767 nos
2750 712 2881 785 ejus
2895 713 3350 782 essepartem,et
3362 709 3631 781 ejusdem
3647 727 3784 765 cum

2130 804 2248 859 Deo
2279 808 2553 859 essentlas
2584 802 2743 857 ausit
2770 801 2987 856 dicere.
3021 799 3227 855 Nescio
3255 803 3453 855 autem
3485 797 3783 869 quomodo

2129 895 2284 965 quis,
2299 894 2400 966 qui
2415 896 2600 948 Deum
2621 892 2801 959 novit,
2820 908 2987 962 aaquo
3002 890 3066 954 νΧ(
3081 891 3193 947 hoc
3206 890 3413 946 audire
3432 889 3631 945 animo
3647 905 3783 960 pos-

2128 982 2225 1053 sit,
2243 983 2292 1037 si
2306 982 2635 1054 respiciens
2651 982 2724 1038 ad
2742 987 3007 1036 nostram
3024 981 3223 1048 vitam,
3239 979 3301 1035 in
3318 983 3465 1051 quot
3482 994 3787 1034 versemur

2126 1072 2326 1141 malis,
2357 1072 2712 1128 consideret.
2752 1071 2844 1126 Sic
2870 1071 3052 1139 enim,
3086 1070 3245 1141 quod
3270 1069 3437 1124 nefas
3468 1072 3560 1124 est
3588 1066 3786 1123 dicere

2125 1163 2281 1217 Deus
2309 1167 2585 1234 peccaret
2622 1161 2684 1216 in
2732 1159 3091 1232 quibusdam
3143 1159 3433 1232 partibus,
3484 1156 3783 1229 siquidem

2123 1256 2324 1323 partes
2357 1256 2498 1307 sunt
2527 1251 2709 1306 totius
2738 1255 2958 1322 partes,
2987 1254 3046 1306 et
3074 1254 3264 1304 totum
3309 1248 3631 1320 complent.
3681 1245 3785 1300 Sin

2124 1346 2324 1396 autem
2351 1357 2474 1396 non
2506 1340 2827 1411 complent,
2874 1356 2950 1394 ne
2997 1344 3197 1411 partes
3244 1338 3487 1409 quidem
3534 1335 3785 1391 fuerint.

2125 1430 2339 1484 Verum
2358 1429 2519 1484 enim
2538 1445 2672 1484 vero
2693 1445 2827 1484 cum
2847 1433 3063 1484 natura
3086 1429 3240 1482 Deus
3262 1427 3339 1482 sit
3363 1426 3524 1481 dives
3546 1423 3784 1479 miseri-

2124 1518 2347 1584 cordia,
2376 1518 2565 1573 nostri
2585 1522 2827 1589 propter
2848 1533 3017 1572 suam
3034 1517 3361 1572 bonitatem
3380 1531 3584 1571 curam
3605 1513 3781 1586 gerit,

2124 1607 2225 1677 qui
2257 1623 2368 1662 nec
2399 1623 2605 1662 sumus
2636 1607 2768 1678 ejus
2797 1613 3019 1678 partes,
3052 1623 3161 1662 nec
3192 1606 3301 1661 ﬁlii
3332 1611 3563 1661 natura.
3592 1606 3663 1657 Et
3691 1608 3782 1658 est

2123 1695 2235 1751 hoc
2266 1695 2508 1767 quidem
2540 1700 2699 1750 certe
2736 1694 3063 1750 maximum
3111 1694 3215 1749 Dei
3259 1693 3321 1748 in
3351 1710 3459 1749 nos
3491 1692 3778 1746 bonitatis

2121 1784 2432 1852 indicium,
2465 1783 2623 1855 quod
2648 1800 2783 1840 cum
2807 1784 2891 1839 sic
2926 1784 2988 1838 in
3021 1784 3219 1854 ipsum
3252 1799 3361 1837 nos
3392 1797 3685 1855 geramus,
3719 1784 3778 1834 et

2126 1879 2343 1930 natura
2374 1874 2561 1929 simus
2591 1873 2837 1928 omnino
2868 1873 3071 1941 alieni,
3104 1871 3291 1927 nostri
3339 1876 3540 1925 tamen
3571 1886 3776 1924 curam

2123 1969 2307 2037 gerat.
2330 1965 2412 2019 Ac
2438 1963 2730 2019 naturalis
2750 1962 2997 2033 quidem
3019 1967 3109 2017 est
3123 1960 3531 2017 animantibus
3552 1959 3613 2013 in
3636 1974 3776 2013 suos

2120 2053 2278 2108 fetus
2294 2053 2549 2121 aﬂectio,
2583 2056 2643 2107 et
2666 2069 2798 2124 qua)
2821 2068 2893 2106 ex
2914 2050 3346 2107 consuetudine
3369 2049 3560 2104 oritur
3580 2047 3781 2103 amici-

2122 2142 2204 2197 tia
2231 2142 2324 2212 iis,
2357 2141 2458 2213 qui
2490 2145 2629 2197 sunt
2660 2139 2935 2213 ejusdem
2969 2139 3301 2196 sententiae.
3337 2140 3437 2193 Est
3464 2141 3664 2192 autem
3713 2135 3775 2189 in

2117 2246 2228 2285 nos
2260 2231 2503 2303 copiosa
2532 2231 2635 2285 Dei
2667 2228 3099 2297 misericordia,
3129 2229 3230 2299 qui
3253 2227 3403 2282 nihil
3427 2226 3504 2282 ad
3526 2242 3663 2281 eum
3685 2229 3779 2280 at-

2116 2320 2400 2389 tinemus,
2432 2318 2524 2374 vel
2556 2318 2836 2388 essentia,
2870 2317 3136 2387 inquam,
3169 2320 3395 2383 nostra,
3422 2314 3513 2370 vel
3537 2320 3772 2382 natura,

2116 2411 2207 2466 vel
2220 2410 2462 2483 propria
2475 2415 2696 2465 nostrae
2724 2423 2898 2463 essen
2909 2408 3000 2462 tiaa
3017 2406 3317 2476 facultate,
3338 2405 3442 2460 sed
3454 2421 3523 2459 eo
3542 2408 3773 2459 tantum

2115 2498 2276 2569 quod
2308 2498 2495 2553 simus
2527 2513 2677 2567 opus
2708 2496 2837 2567 ejus
2856 2495 3200 2550 voluntatis.
3225 2497 3417 2566 Atque
3437 2493 3584 2549 adeo
3608 2509 3771 2561 eum,

356 2585 457 2655 qui
489 2602 595 2642 sua
626 2592 837 2659 sponte
866 2605 1003 2644 cum
1051 2591 1510 2645 excercitatione
1550 2594 1609 2645 et
1654 2589 1928 2644 doctrina
1957 2587 2363 2661 cognitionem
2394 2585 2626 2656 accepit
2677 2584 2961 2652 veritatis,
3014 2589 3183 2639 vocat
3232 2583 3307 2639 ad
3364 2582 3769 2653 adaptionem,

354 2690 488 2743 qum
514 2680 605 2731 est
649 2678 943 2732 maximus
988 2680 1258 2733 omnium
1316 2678 1638 2749 profectus.
1696 2680 2026 2747 Loquuntur
2080 2682 2266 2731 autem
2295 2677 2476 2729 virum
2502 2674 2870 2743 iniquitates:
2900 2689 3126 2729 suorum
3182 2679 3366 2728 autem
3408 2677 3769 2742 peccatorum

349 2765 557 2818 catenis
603 2768 977 2835 unusquisque
1033 2765 1367 2835 astringitur
1394 2766 1512 2838 (a);
1545 2782 1657 2821 nec
1708 2780 1915 2821 eorum
1964 2780 2143 2822 causa
2170 2766 2291 2820 Deo
2323 2766 2413 2818 est
2440 2761 2829 2833 ascribenda;
2876 2768 2935 2819 et
2961 2778 3165 2820 revera
3196 2763 3380 2819 beatus
3408 2767 3487 2817 est
3532 2762 3636 2830 vir,
3672 2761 3771 2831 qui

352 2852 537 2905 omnia
556 2859 773 2908 veretur
792 2860 1028 2924 propter
1048 2856 1315 2924 pietatem
1344 2854 1443 2924 (b).

1837 3029 2070 3089 CAPUT
2108 3029 2277 3090 XVII.

1554 3147 1633 3203 De
1659 3147 1830 3204 variis
1869 3146 2214 3219 Cognitionis
2243 3145 2552 3218 generibus.

417 3283 506 3347 Ὠς
534 3283 623 3339 οὗν
653 3285 688 3355 ἡ
721 3282 1000 3360 ἐπιστήμη
1060 3283 1384 3360 ἐπιστητική
1441 3286 1583 3344 ἐστιν
1644 3288 1772 3361 ἔξις,
1805 3290 1896 3368 ἀφ’
1924 3291 1992 3361 ἧς

2175 3290 2684 3357 Quemadmodum
2708 3306 2844 3366 ergo
2868 3290 3118 3348 scientia
3138 3296 3228 3349 est
3242 3291 3480 3350 habitus
3504 3292 3763 3361 sciendi,

348 3372 410 3427 τὸ
443 3371 761 3439 ἐπίστασθαι
809 3369 1115 3449 συμϐαίνει.
1164 3378 1373 3453 γίνεται
1406 3375 1464 3434 δὲ
1489 3381 1525 3450 ἡ
1550 3378 1859 3455 κατάληψις
1918 3383 1995 3455 (9)

343 3460 480 3535 αὐτῇ
536 3465 647 3536 (10)
704 3464 1096 3537 ἀμετάπτωτος
1169 3466 1273 3521 ὑπὸ
1330 3465 1501 3544 λόγου
1539 3487 1553 3501 °
1607 3468 1751 3524 οὕτω
1807 3468 1899 3525 καὶ
1955 3472 1991 3539 ἡ

344 3548 537 3625 ἄγνοια
598 3553 858 3631 φαντασία
916 3553 1058 3610 ἐστὶν
1118 3553 1339 3611 ε’ίκουσα
1373 3599 1387 3624 ,
1448 3559 1832 3631 μεταπτωτική
1894 3557 1997 3613 ὑπὸ

343 3639 514 3715 λόγου
546 3642 606 3697 τὸ
640 3640 697 3697 δὲ
738 3644 1096 3716 μεταπίπτον,
1155 3646 1229 3708 ὡς
1286 3646 1377 3701 καὶ
1426 3647 1489 3702 τὸ
1540 3646 1996 3720 συνασκούμενον,

340 3728 401 3784 ἐκ
433 3727 605 3806 λόγου
638 3730 722 3805 ἐφ’
752 3734 912 3805 ἡμῖν.
974 3733 1297 3809 Παράκειται
1354 3732 1411 3790 δὲ
1464 3738 1534 3810 τῇ
1588 3736 1866 3812 ἐπιστήμῃ
1889 3738 1923 3806 ἣ
1949 3738 1998 3792 τ’

343 3818 604 3898 ἐμπειρία
650 3822 740 3876 καὶ
780 3825 815 3893 ἡ
865 3821 1096 3894 εῗδησις,
1156 3825 1360 3888 σύνεσίς
1389 3847 1449 3881 τε
1502 3827 1593 3881 καὶ
1648 3827 1860 3898 νόησις,
1907 3830 1997 3884 καὶ

345 3913 567 3984 γνῶσις.
600 3910 706 3966 Καὶ
737 3913 771 3981 ἡ
809 3913 902 3985 μὲν
947 3910 1153 3984 ε’ίδησις
1210 3912 1488 3987 ἐπιστήμη
1540 3919 1648 3970 τῶν
1698 3917 1814 3971 καθ’
1863 3916 1998 3972 ὅλου

342 4001 458 4050 κατ’
489 3995 631 4062 εἶδος
663 3998 747 4071 ε²ίη
782 3998 865 4071 ἂν,
917 4004 953 4072 ἡ
1013 3999 1069 4057 δὲ
1115 4001 1368 4079 ἐμπειρία
1424 4004 1702 4078 ἐπιστήμη
1761 4005 2001 4082 περιλη-

341 4084 530 4156 πτίκὴ·
570 4087 708 4145 ὥστε
737 4091 828 4145 καὶ
860 4090 980 4147 οἷόν
1013 4090 1156 4147 ἐστιν
1215 4088 1439 4148 ἕκαστον
1489 4093 1995 4170 πολυπραγμονεῖν

342 4173 534 4259 νόησις
582 4173 641 4232 δὲ
690 4176 970 4253 ἐπιστήμη
1029 4184 1250 4251 νοητοῦ,
1309 4181 1401 4235 καὶ
1449 4180 1658 4245 σύνεσις
1716 4181 1993 4259 ἐπιστήμη

342 4258 688 4337 συμϐλητοῦ,
732 4266 768 4337 ἢ
821 4263 1135 4342 σύμϐλησις
1190 4270 1619 4344 ἀμετάπτωτος,
1663 4270 1698 4342 ἢ
1747 4258 1997 4346 συμϐλη-

334 4353 466 4422 τική
510 4350 761 4428 δύναμις,
808 4357 883 4412 ὧν
943 4357 1208 4436 φρόνησίς
1264 4356 1374 4414 ἐστι
1427 4360 1517 4415 καὶ
1550 4359 1850 4436 ἐπιστήμη,
1904 4364 1994 4419 καὶ

344 4440 463 4505 ἐνὸς
485 4442 576 4497 καὶ
636 4444 883 4515 ἑκάστου,
943 4445 1034 4501 καὶ
1089 4448 1306 4503 πάντων
1359 4449 1467 4504 τῶν
1529 4448 1605 4513 εἷς
1657 4444 1750 4506 ἕνα
1805 4450 1991 4528 λόγον·

337 4534 541 4603 γνῶσις
597 4529 992 4607 ὂὶίέπιστήμη
1046 4539 1145 4591 τοῦ
1199 4532 1354 4599 ὄντος
1408 4538 1596 4609 αὐτοῦ,
1642 4538 1679 4609 ἢ
1712 4539 1990 4616 ἐπιστήμη

339 4637 635 4699 συμφωνος
664 4626 781 4685 τοῖς
811 4622 1148 4699 γινομένοις’
1180 4624 1413 4697 ἀλήθειά
1434 4648 1495 4683 τε
1541 4627 1816 4704 ἐπιστήμη
1853 4629 1992 4704 ἀλη-

2104 3395 2140 3435 a
2169 3397 2287 3451 quo
2312 3381 2462 3436 scire
2494 3381 2690 3437 evenit
2713 3398 2726 3435 :
2747 3381 2813 3436 fit
2834 3387 3033 3438 autem
3052 3381 3104 3437 ei
3125 3383 3601 3454 comprehensio,
3627 3401 3762 3455 quae

2103 3468 2393 3525 dimoveri
2425 3487 2548 3526 non
2577 3475 2773 3543 potest
2801 3487 2836 3526 a
2864 3471 3130 3526 ratione:
3163 3471 3245 3526 ita
3274 3471 3452 3526 etiam
3472 3472 3763 3544 ignoratio

2109 3563 2199 3614 est
2213 3562 2522 3633 conceptio
2540 3560 2779 3629 cedens,
2806 3579 2936 3633 quae
2955 3562 3237 3617 dimoveri
3256 3562 3757 3633 potestaratione.

2108 3647 2275 3712 Quod
2304 3654 2503 3704 autem
2535 3649 2885 3722 dimovetur,
2917 3657 2983 3706 ut
3004 3651 3085 3719 id,
3110 3649 3269 3722 quod
3290 3652 3673 3707 constituitur
3694 3668 3761 3707 ac

2114 3739 2523 3810 confirmatur,
2574 3755 2609 3795 a
2655 3741 2906 3809 ratione,
2961 3746 3050 3795 est
3091 3741 3153 3795 in
3200 3746 3405 3797 nostra
3450 3746 3763 3812 potestate.

2113 3829 2385 3885 Scientiaa
2416 3836 2614 3886 autem
2638 3839 2729 3887 est
2748 3832 3030 3903 adjuncta
3059 3837 3118 3887 et
3147 3833 3530 3904 experientia,
3555 3838 3613 3887 et
3633 3849 3764 3903 quas

2111 3919 2309 3976 Graace
2337 3920 2557 3975 dicitur
2586 3918 2818 3991 εἴδησις,
2852 3928 2911 3979 et
2939 3940 3071 3994 qum
3104 3920 3312 3986 σύνεσις
3342 3929 3400 3979 et
3428 3923 3768 3996 intelligen-

2109 4010 2211 4078 tia,
2246 4017 2303 4067 et
2333 4013 2608 4086 cognitio.
2643 4016 2713 4069 Et
2742 4015 2854 4070 erit
2882 4015 3126 4086 quidem
3159 4010 3393 4085 εἷ’δησις,
3443 4016 3762 4071 universo-

2108 4116 2241 4155 rum
2266 4102 2516 4158 scientia
2536 4120 2643 4174 per
2664 4105 2911 4177 species.
2936 4104 3313 4177 Experientia
3330 4110 3553 4174 autem,
3570 4106 3762 4162 scien-

2108 4189 2192 4245 tia
2241 4191 2751 4263 comprehensiva,
2804 4210 2935 4264 quae
2984 4194 3313 4266 singularia
3353 4198 3763 4267 perscrutatur

2106 4279 2401 4351 quomodo
2425 4298 2487 4337 se
2510 4281 2787 4338 habeant.
2816 4282 3215 4356 Intelligentia
3236 4288 3433 4340 autem
3456 4289 3547 4340 est
3567 4284 3758 4339 scien-

2105 4369 2188 4424 tia
2217 4370 2367 4441 ejus,
2392 4370 2550 4442 quod
2574 4371 2702 4428 sola
2720 4377 2922 4428 mente
2953 4373 3298 4445 percipitur.
3333 4375 3403 4429 Et
3430 4371 3640 4434 σύνεσις
3673 4379 3763 4429 est

2106 4460 2357 4515 scientia
2387 4460 2537 4533 ejus,
2571 4462 2732 4533 quod
2763 4467 2959 4534 potest
2987 4464 3050 4517 in
3104 4479 3293 4519 unum
3342 4463 3621 4531 conferri,
3655 4460 3759 4519 aut

2106 4564 2411 4622 compago,
2444 4565 2575 4621 quas
2606 4550 2890 4606 dimoveri
2930 4567 3051 4606 non
3080 4557 3312 4623 potest:
3360 4558 3462 4609 aut
3506 4553 3758 4609 facultas

2022 4614 2071 4681 D
2102 4636 2283 4692 simul
2300 4638 2643 4694 conferendi
2662 4656 2753 4709 eo,
2778 4641 2936 4697 circa
2953 4657 3084 4714 quae
3106 4646 3420 4698 versantur
3439 4641 3760 4715 prudentia

406 4785 470 4848 ,ιι
501 4775 564 4829 P.
589 4775 693 4830 468
725 4776 836 4831 ED.
871 4778 1165 4849 POTTER,
1198 4783 1435 4838 392-393
1462 4784 1574 4841 ΕΙ).
1607 4786 1838 4845 PARJS.
1862 4787 1940 4861 (a)
1974 4790 2139 4846 Prov.
2172 4807 2225 4860 ν,
2256 4793 2346 4848 22.
2378 4791 2455 4864 (b)
2482 4795 2655 4852 Prov.
2686 4812 2879 4864 nvm,
2912 4797 3001 4853 14.

337 4928 942 5010 mundum_Deum_esse
990 4931 1183 4988 dicunt
1207 4950 1237 5010 ;_
1278 4934 1451 5010 Stoici
1504 4938 1725 5008 quidem
1769 4940 1993 5010 prima-

339 5002 486 5081 rium
503 5017 524 5063 ;
554 5000 833 5081 Platonici
859 5018 987 5081 vero
1034 5006 1419 5081 secundarium
1450 5024 1471 5068 ;
1510 5000 1620 5064 'nec
1650 5000 1865 5078 desunt,
1896 5014 1994 5081 qui

342 5070 565 5153 tertium
595 5074 743 5153 inter
771 5072 895 5129 deos
925 5074 1100 5153 locum
1122 5078 1173 5130 ei
1194 5080 1493 5153 assignent.
1519 5081 1805 5153 Dydimus
1835 5070 1993 5153 apud

334 5142 657 5230 Eusebium
691 5145 762 5199 De
775 5149 1194 5230 praeparatione
1240 5142 1500 5230 Euangel.
1553 5142 1793 5230 libanu:
1827 5142 1994 5209 Εῗεοϊ-

342 5214 430 5270 κοὶ
464 5211 703 5301 δέ,’8λον
734 5211 1062 5301 τδνικῖἰσμον
1093 5218 1183 5272 σὺν
1214 5224 1334 5280 τοῖς
1366 5211 1580 5297 μῖἐρεσιν
1623 5222 1813 5293 αὐτοῦ,
1852 5246 1992 5301 προ-

340 5285 692 5367 σαγορεύουσι
753 5287 901 5367 Θεᾴν.
961 5285 1136 5367 Stoici
1191 5285 1406 5367 autern,
1437 5285 1643 5351 'totum
1695 5285 1989 5367 mundum,

337 5361 740 5442 cumpartibus
799 5362 937 5431 ejus,
971 5361 1137 5442 Deum
1184 5366 1491 5435 appellant.
1548 5369 1770 5424 Seneca
1815 5361 1987 5442 epist:

338 5431 443 5508 9'77:
483 5433 809 5508 Totum_hoc
838 5450 948 5504 quo
980 5431 1312 5508 continet—ur,
1348 5443 1399 5491 et
1423 5454 1594 5494 unum
1628 5448 1725 5508 est,
1759 5449 1811 5496 et
1850 5431 1991 5498 Deus

340 5507 538 5575 θερί-εξ
565 5506 864 5575 socii_ejus,
897 5512 950 5560 et
980 5506 1222 5561 membra
1249 5524 1453 5566 sumus.

415 5571 488 5696 (241)
523 5571 1122 5651 Ἀπηλλοτριωμὲνων.
1158 5579 1469 5651 Respicere
1494 5581 1726 5637 videtur
1761 5583 1985 5640 Coloss.

345 5655 386 5707 ι,
421 5655 512 5696 21.

406 5712 482 5785 (5)
509 5716 634 5777 Τοῖς
692 5713 1055 5793 ὁμογνώμοσι
1112 5714 1292 5795 φιλία.
1352 5722 1605 5780 Catilina
1646 5725 1802 5798 apud
1864 5725 1991 5783 Sal-

2104 4942 2352 5069 lutstiunti
2378 4960 2391 4999 :
2422 4945 2573 5001 Idem
2602 4947 2738 5002 velle
2766 4963 2829 5003 ac
2857 4946 3023 5016 nolle,
3076 4964 3141 5004 ea
3182 4948 3395 5006 demum
3423 4953 3585 5022 ﬁrma
3613 4954 3753 5008 ami-

2105 5031 2156 5069 οι
2188 5032 2242 5069 ια
2266 5032 2318 5069 es
2350 5057 2363 5069 .

2105 5031 2242 5070 οιτια
2266 5031 2363 5070 esz.

2175 5088 2250 5155 (6)
2276 5083 2586 5149 Πλουσίως.
2619 5090 2685 5144 Α.
2717 5088 2943 5144 mavult
2970 5086 3259 5152 πλούσιος.
3295 5092 3570 5150 SYLBURG.

2177 5158 2254 5237 (Ζ)
2288 5157 2654 5237 Ἀγορεύουσιι
2791 5162 3028 5218 Rectius
3065 5160 3408 5237 ἀγρεύουσιν,
3456 5173 3750 5233 venantur,

2106 5245 2175 5283 ex
2200 5229 2475 5285 Proverb.
2508 5249 2559 5297 v,
2589 5235 2679 5298 22,
2712 5234 2983 5290 SYLBURG.

2175 5300 2341 5377 (8_)'0
2400 5302 2534 5377 Θεὸς
2588 5301 2848 5365 ἀναίτιος.
2909 5306 3171 5377 Respicit
3226 5307 3468 5374 dictum,
3515 5308 3587 5363 de
3634 5324 3750 5377 quo

2103 5372 2258 5448 conf.
2293 5390 2424 5444 quas
2465 5374 2745 5432 adnotata
2801 5381 2941 5432 sunt
2982 5372 3056 5433 ad
3105 5380 3331 5448 Paedag.
3382 5372 3485 5434 lib.
3534 5372 3669 5448 cap:
3693 5378 3749 5446 8,

2100 5444 2379 5535 Str’oinﬂ,
2412 5462 2466 5535 ρ(
2502 5450 2628 5535 2⁸71,
2658 5448 2795 5535 e‘diil.
2826 5449 3012 5530 Paris.

2174 5516 2251 5588 (9)
2287 5516 2629 5592 Κατάληψις.
2664 5522 2751 5592 De
2777 5520 2889 5575 hac
2920 5520 3184 5592 scientia;
3210 5517 3744 5592 definitigne‘conf.

2103 5588 2542 5663 qumrsuperius
2570 5590 2893 5663 dictaﬁsunt
2921 5590 3078 5663 ad__p.
3110 5593 3235 5663 362,
3269 5588 3407 5663 edit.
3449 5588 3635 5663 Paris.

2172 5661 2285 5729 (l0)
2317 5656 2490 5735 Ᾱύτῇ.
2516 5662 2702 5719 Scribi
2727 5656 2921 5732 possit
2955 5656 3114 5729 αὕτη,
3148 5659 3238 5715 vel
3258 5656 3417 5727 αὐτή,
3458 5658 3520 5714 in
3549 5659 3743 5716 nomi-

2102 5735 2224 5786 nat.
2258 5747 2418 5787 casu.
