4044 6154
307 247 452 310 1015

1531 241 2477 302 amarissimam

3580 242 3728 298 1016

299 381 358 431 et
397 371 668 443 scientia,
703 376 762 428 et
786 369 987 436 unius,
1020 373 1077 423 et
1123 368 1511 440 singulorum,
1563 373 1620 422 et
1659 368 1950 435 omnium,

2081 365 2218 427 ὶοῦς·
2252 367 2289 434 ἡ
2323 362 2382 420 δὲ
2407 361 2516 437 ἕξις
2542 369 2644 434 τῆς
2669 361 2928 435 ἀληθείας
2955 363 3146 434 ἱπιστη
3161 384 3236 438 μη
3270 361 3512 435 ἀληθῶν.
3543 364 3610 419 Ἡ
3666 362 3728 419 δὲ

299 479 433 536 quae
465 463 525 518 in
557 475 738 517 unam
771 458 1162 514 conferuntur
1203 459 1517 512 rationem.
1553 457 1819 529 Cognitio
1848 472 1951 511 au-

295 560 416 608 tem
449 557 539 607 est
567 551 654 605 rei
677 554 853 620 prout
877 554 966 603 est
988 549 1238 603 scientia
1265 565 1276 613 ;
1302 553 1400 603 aut
1423 548 1669 603 scientia
1695 548 1788 612 iis,
1820 563 1952 618 quae

299 643 473 708 fiunt,
508 655 786 711 congrua.
815 639 1042 692 Veritas
1073 644 1294 705 autem,
1327 639 1444 693 veri
1479 639 1750 693 scientia.
1785 637 1953 692 Habi-

295 735 391 785 tus
418 735 616 784 autem
647 728 935 794 veritatis,
971 733 1060 783 est
1094 729 1344 783 scientia
1372 745 1666 784 verorum.
1697 727 1954 782 Scientia

293 824 492 875 autem
521 818 795 874 consistit
849 834 956 888 per
1005 819 1317 885 rationem,
1355 824 1414 872 et
1465 818 1582 873 alia
1632 816 1952 879 ratione>X«

297 909 580 964 dimoveri
617 925 737 961 non
773 912 999 978 potest;
1035 913 1093 961 et
1125 907 1216 961 hic
1249 909 1647 979 cognitionem
1682 906 1950 976 inquirit.

296 1000 436 1063 Quae
453 1004 651 1052 autem
679 1013 797 1051 non
828 996 1104 1063 facimus,
1129 1013 1199 1051 ea
1219 1003 1321 1051 aut
1350 1014 1469 1051 non
1496 997 1747 1052 facimus
1776 1012 1954 1068 prop-

297 1093 461 1143 terea
482 1088 640 1159 quod
672 1103 792 1142 non
826 1087 1148 1158 possimus,
1177 1093 1281 1142 aut
1309 1093 1622 1159 propterea
1661 1085 1819 1158 quod
1849 1103 1953 1140 no-

298 1178 503 1245 limus,
534 1182 635 1232 aut
664 1181 907 1248 propter
931 1181 1274 1248 utrumque.
1297 1179 1422 1231 Non
1445 1177 1710 1232 volamus
1732 1176 1950 1246 itaque,

301 1269 585 1340 quoniam
616 1283 728 1322 nec
772 1281 1111 1339 possumus,
1147 1283 1257 1321 nec
1287 1267 1583 1322 volumus.
1616 1271 1742 1321 Non
1786 1270 1953 1320 nata-

303 1373 435 1413 mus
466 1363 664 1412 autem
695 1354 911 1424 adhuc,
944 1355 1105 1410 verbi
1151 1356 1359 1427 gratia,
1409 1355 1690 1427 quoniam
1743 1370 1953 1425 possu-

300 1465 436 1502 mus
467 1446 731 1518 quidem,
761 1445 865 1501 sed
898 1463 1017 1500 non
1043 1445 1338 1501 volumus.
1372 1448 1498 1501 Non
1528 1459 1733 1500 sumus
1755 1449 1954 1499 autem

301 1537 456 1591 sicut
511 1536 821 1604 Dominus,
883 1535 1166 1607 quoniam
1216 1535 1492 1590 volumus
1541 1535 1804 1606 quidem,
1851 1531 1955 1587 sed

304 1644 424 1682 non
484 1643 824 1697 possumus.
887 1626 1078 1680 Nullus
1125 1632 1201 1679 est
1263 1628 1404 1680 enim
1449 1625 1749 1695 discipulus
1793 1639 1956 1694 super

305 1719 630 1785 magisth
661 1733 680 1772 :
722 1715 857 1771 satis
900 1722 974 1770 est
1021 1723 1224 1783 autem,
1269 1718 1316 1770 si
1361 1717 1498 1784 facti
1551 1717 1819 1783 fuerimus
1875 1711 1956 1767 si-

306 1813 395 1859 cut
427 1808 686 1874 magister
707 1807 800 1874 (a),
835 1821 954 1858 non
988 1805 1247 1858 essentia
1273 1805 1426 1876 (ﬁeri
1472 1803 1631 1858 enim
1680 1819 1800 1857 non
1848 1819 1956 1873 po-

306 1898 444 1964 test,
470 1900 536 1948 ut
565 1895 626 1947 id
653 1893 811 1965 quod
843 1899 930 1947 est
961 1893 1299 1964 adoptione,
1334 1893 1410 1946 sit
1439 1893 1699 1947 essentia
1728 1891 1955 1961 aequale

311 1983 386 2051 ei,
421 1983 579 2052 quod
610 1988 700 2037 est
730 1983 988 2052 natura,)
1020 1981 1122 2037 sed
1154 1981 1312 2052 quod
1343 1981 1480 2036 facti
1511 1981 1698 2034 simus
1738 1979 1954 2051 sempi-

307 2073 488 2141 terni,
509 2076 568 2126 et
588 2070 661 2125 ad
683 2071 1249 2142 contemplationem
1271 2087 1500 2136 eorum,
1524 2086 1656 2140 quas
1681 2068 1954 2135 suut,ad-

309 2161 500 2231 missi,
533 2165 590 2214 et
622 2160 728 2215 lilii
761 2159 1042 2232 appellati
1077 2160 1283 2227 simus,
1307 2165 1365 2214 et
1393 2165 1624 2230 patrem
1657 2175 1727 2213 ex
1757 2157 1829 2212 iis
1851 2174 1954 2212 so-

306 2250 453 2317 lum,
488 2267 618 2320 qua)
647 2254 784 2304 sunt
815 2250 867 2304 ei
901 2249 1241 2322 conjuncta,
1276 2249 1599 2303 videamus.
1635 2247 1791 2302 Velle
1819 2263 1956 2319 ergo

305 2339 507 2394 omnia
531 2338 866 2394 antecedit:
905 2338 1231 2393 rationales
1261 2338 1423 2393 enim
1462 2337 1776 2393 facultates
1822 2341 1960 2392 sunt

303 2427 625 2484 voluntatis
660 2427 1150 2495 ministrae.VeIis,
1183 2428 1397 2498 inquit,
1446 2433 1499 2481 et
1523 2429 1749 2498 poteris.
1803 2428 1958 2482 Gno-

304 2518 435 2572 stici
469 2523 668 2573 autem
705 2523 764 2572 et
792 2517 1092 2587 voluntas,
1116 2517 1504 2588 etjudicium,
1528 2522 1586 2570 et
1615 2517 1956 2572 exercitatio

2064 453 2344 525 ἆπιστήμη
2395 451 2486 508 διὰ
2525 457 2622 509 τοῦ
2654 454 2821 531 Λόγου
2866 453 3192 527 συνίσταται,
3235 455 3324 509 καὶ
3358 453 3726 528 ἀμετάπωτός

2061 542 2204 597 ἐστιν
2233 541 2393 615 ἄλλῳ
2427 542 2599 619 λόγῳ·
2634 543 2860 608 ἐνταῦθα
2906 545 3006 612 τήν
3059 548 3260 619 γνῶσιν
3315 543 3726 620 πολυπραγμο-

2059 639 2139 688 νεῖ
2172 635 2302 705 (Η).
2332 635 2404 692 "A
2457 631 2515 688 δὲ
2551 635 2625 706 μή
2675 637 2964 706 ποιοῦμεν,
3013 631 3138 702 ἦτοι
3189 632 3279 688 διὰ
3331 635 3395 689 τὸ
3445 635 3522 707 μή
3556 632 3726 689 δύνα-

2063 723 2185 775 σθαι
2245 724 2308 776 ού
2368 727 2660 796 ποιοῦμεν,
2710 723 2744 791 ἢ
2797 721 2887 776 διὰ
2942 723 3006 777 τὸ
3059 725 3137 796 μῆ
3199 722 3513 797 βούλεσθαι,
3563 723 3600 792 ἢ
3656 721 3728 777 δι’

2061 812 2363 890 ἀμφότερα.
2417 813 2536 888 Οὐχ
2591 815 2867 886 ἱπτάμῑθα
2926 815 3021 886 μὶν
3074 814 3188 886 οὖν,
3245 813 3433 885 ἐπειδὴ
3468 813 3592 870 οὔτε
3628 812 3725 868 3v-

2061 903 2269 974 νὰμεΘα
2299 899 2421 957 οὔτε
2456 901 2791 978 βουλόμεθα·
2827 903 2890 958 ού
2924 903 3213 976 νη7.όμεθα
3243 901 3322 972 δὲ,
3354 907 3484 981 φέρε
3505 905 3548 958 εἰ
3578 909 3728 973 πεῖν,

2061 991 2205 1068 ἄρτι,
2259 990 2450 1062 ἐπειδὴ
2511 992 2785 1067 δυνάμεθα
2845 994 2960 1068 μὶν,
3019 994 3082 1049 ού
3136 995 3452 1070 βουλόμεθα
3510 994 3590 1051 δὲ’
3628 997 3733 1052 οὐκ

2063 1079 2221 1154 ἐσμὲν
2255 1079 2313 1136 δὲ
2371 1083 2446 1144 ὡς
2501 1083 2528 1137 ὁ
2579 1082 2802 1156 Κύριος,
2863 1081 3056 1152 ἐπειδὴ
3120 1083 3438 1159 βουλόμεθα
3489 1087 3611 1157 μὲν,
3664 1085 3729 1140 οὗ

2063 1169 2336 1244 δυνάμεθα
2396 1169 2454 1227 δὲ
2486 1217 2499 1230 .
2559 1170 2753 1234 υύδεὶς
2800 1172 2907 1248 γάρ
2971 1176 3224 1247 μαθητὴς
3298 1175 3428 1251 ὑπὲρ
3485 1176 3576 1230 τὸν
3642 1172 3730 1230 δι-

2063 1257 2381 1316 δάσκαλον’
2444 1261 2666 1334 ἀρκετὸν
2727 1259 2830 1334 δὲ,
2899 1261 2989 1318 ἐὰν
3045 1265 3354 1337 γενώμεθαι
3410 1265 3487 1329 ὡς
3544 1267 3572 1320 6
3636 1263 3720 1320 δι-

2063 1347 2354 1418 δάσκαλος,
2389 1351 2450 1405 ού
2498 1353 2614 1406 κατ’
2668 1352 2884 1407 οὐσίαν·
2939 1350 3201 1408 ἀδύνατον
3257 1354 3358 1428 γάρ
3404 1352 3526 1410 ’ἴσον
3584 1358 3725 1411 εἶναι

2061 1439 2198 1512 πρὸς
2254 1440 2353 1508 τήν
2414 1439 2634 1514 ὕπαρξιν
2684 1442 2747 1496 τὸ
2804 1441 2944 1496 θὶσει
3011 1447 3090 1513 τῷ
3148 1442 3323 1520 φύσει·
3379 1445 3442 1499 τὸ
3491 1442 3549 1499 ὂὶ
3605 1449 3725 1520 (12)

2061 1526 2271 1591 ἀϊδίους
2295 1531 2601 1605 γεγονέναι,
2632 1531 2724 1585 καὶ
2755 1533 2854 1601 τήν
2893 1535 2998 1586 τῶν
3052 1527 3220 1587 ὅντων
3271 1533 3500 1608 θεωρίαν
3547 1534 3725 1601 ἐγνω-

2060 1618 2249 1687 κέναι,
2299 1619 2390 1674 καὶ
2444 1619 2595 1682 υἱοὺς
2653 1624 3154 1696 προσηγορεῦσθαι,
3216 1622 3306 1676 καὶ
3367 1625 3459 1678 τὸν
3514 1623 3728 1699 πατέρα

2062 1708 2169 1764 ἀπὸ
2197 1713 2304 1764 τῶν
2347 1708 2559 1764 οἰκείων
2615 1712 2849 1784 καθορᾷν
2909 1712 3089 1784 μόνον.
3148 1717 3477 1787 Προηγεῖται
3532 1714 3723 1769 τοίνυν

2063 1797 2278 1853 πάντων
2325 1798 2387 1852 τὸ
2448 1797 2780 1874 βούλεσθαι·
2819 1801 2872 1853 αἱ
2901 1802 3001 1874 γάρ
3041 1799 3261 1876 λογικαὶ
3317 1799 3564 1874 δυνάμεις
3615 1806 3719 1857 τοῦ

2067 1886 2358 1962 βούλεσθαι
2412 1885 2656 1943 διάκονοι
2709 1887 2996 1966 πεφύκασιο
3050 1888 3220 1959 Θελε,
3274 1891 3566 1968 φησὶ,καὶ
3622 1888 3719 1945 δυο

2062 1978 2199 2052 νήσῃ
2232 1979 2362 2052 (13)⁶
2409 1983 2505 2032 τοῦ
2552 1983 2861 2054 γνωστικοῦ
2906 1977 2964 2034 δὲ
2992 1979 3082 2034 καὶ
3127 1981 3162 2050 ἡ
3200 1979 3492 2056 βούλησις,
3538 1980 3629 2035 καὶ
3674 1982 3714 2050 ἡ

2063 2066 2259 2139 κρίσις,
2307 2066 2396 2121 καὶ
2426 2069 2461 2137 ἡ
2495 2066 2719 2140 ἄσκησις
2750 2071 2784 2139 ἡ
2817 2068 2976 2140 αὐτή.
3028 2069 3092 2125 Εἰ
3139 2070 3240 2146 γὰρ
3290 2071 3344 2124 αἱ
3389 2069 3542 2125 αὐταὶ
3575 2091 3719 2146 προ-

2065 2154 2260 2224 Θέσεις,
2288 2157 2356 2210 τὰ
2399 2156 2535 2212 αὐτὰ
2563 2157 2653 2213 καὶ
2682 2159 2751 2212 τά
2800 2155 3052 2234 δόγματα
3108 2159 3194 2213 καὶ
3256 2161 3313 2213 αἱ
3367 2159 3598 2235 κρίσεις,
3629 2161 3720 2214 ἳνα

2066 2241 2133 2314 δή
2167 2242 2297 2300 ὦσιν
2331 2245 2476 2318 αὐτῷ
2525 2246 2615 2302 καὶ
2646 2248 2699 2302 οἱ
2740 2246 2918 2324 λόγοι,
2968 2248 3057 2303 καὶ
3089 2249 3117 2303 6
3147 2247 3283 2322 βίος,
3334 2247 3426 2303 καὶ
3458 2251 3485 2303 6
3514 2249 3722 2323 τρόπος

2065 2333 2358 2391 ἀκόλουθοι
2413 2339 2483 2409 τῇ
2533 2336 2770 2392 ἐνστάσει
2805 2381 2818 2394 .
2888 2336 3094 2411 Καρδία
3153 2335 3210 2392 δὶ
3265 2338 3444 2393 εὐθεῖα
3504 2327 3724 2410 ἐκζητεῖ

2065 2425 2318 2499 γνώσεις,
2350 2424 2441 2480 καὶ
2465 2424 2683 2480 ἐκείνων
2713 2425 2888 2481 ἐπαΐει
2920 2430 3050 2501 (14).
3103 2429 3164 2484 Ὀ
3194 2428 3328 2490 Θεὸς
3362 2424 3622 2503 δεδίδαγέ
3656 2449 3724 2502 με

2072 2517 2290 2594 σοφίαν,
2319 2516 2410 2571 καὶ
2442 2521 2644 2592 γνῶσιν
2675 2518 2842 2592 ἆγίων
2873 2517 3101 2593 ἔγνωκα.

307 2613 396 2662 est
427 2608 656 2662 eadem.
691 2608 746 2662 Si
775 2613 914 2663 sunt
943 2607 1102 2662 enim
1134 2606 1357 2661 eaedem
1388 2606 1571 2661 animi
1613 2606 2072 2677 propositiones,
2104 2607 2312 2663 eadem
2345 2624 2581 2679 quoque
2612 2615 2790 2664 erunt
2819 2614 2877 2663 et
2903 2609 3176 2682 dogmata
3207 2615 3265 2665 et
3286 2610 3532 2682 judicia,
3566 2615 3629 2663 ut
3659 2615 3721 2664 et

303 2696 502 2762 verba,
536 2702 596 2750 et
623 2697 760 2766 vita,
796 2702 853 2750 et
882 2712 1076 2750 mores
1109 2694 1228 2751 sint
1258 2696 1387 2767 ejus
1440 2695 1711 2749 instituto
1756 2701 2174 2752 consentanea.
2209 2697 2314 2754 Cor
2351 2703 2531 2754 autem
2561 2705 2769 2754 rectum
2814 2702 3059 2770 exquirit
3102 2703 3462 2770 cognitiones,
3505 2705 3552 2753 et
3586 2698 3715 2752 illas

308 2787 556 2842 exaudit.
589 2788 730 2841 Deus
758 2786 944 2840 docuit
973 2802 1057 2840 me
1083 2786 1430 2855 sapientiam,
1463 2789 1513 2840 et
1541 2786 1668 2840 novi
1695 2791 2006 2841 sanctorum
2034 2789 2398 2856 cognitionem
2428 2787 2534 2860 (b).

1777 2920 2008 2977 CAPUT
2049 2921 2247 2978 XVIII.

563 3027 757 3098 Legem
786 3027 1076 3083 Mosaicam
1106 3027 1278 3084 omnis
1307 3025 1576 3085 doctrinm
1619 3030 1844 3086 moratis
1876 3045 1984 3085 esse
2011 3030 2239 3098 fontem,
2273 3035 2438 3100 atque
2466 3029 2595 3084 inde
2625 3031 2833 3088 Graecos
2861 3031 3045 3087 ethica
3074 3048 3173 3087 sua
3202 3031 3464 3088 hausisse.

387 3155 624 3211 Clarum
658 3159 747 3210 est
775 3171 932 3227 ergo,
983 3171 1190 3211 omnes
1246 3172 1483 3227 quoque
1517 3157 1664 3211 alias
1694 3156 1961 3226 virtutes,

321 3261 452 3316 quae
486 3243 717 3315 scripta)
751 3249 891 3298 sunt
919 3243 1074 3315 apud
1098 3245 1376 3314 Moysem,
1402 3245 1727 3316 praebuisse
1749 3245 1964 3299 Graecis

315 3333 675 3406 principium
708 3333 888 3387 totius
936 3332 1053 3387 loci
1105 3333 1370 3398 moralis,
1401 3333 1832 3403 fortitudinem,
1865 3334 1965 3388 in-

319 3440 520 3494 quam,
553 3427 612 3477 et
655 3421 1130 3493 temperantiam,
1165 3427 1223 3475 et
1268 3421 1668 3492 prudentiam,
1703 3428 1762 3476 et
1791 3422 1969 3494 justi-

321 3513 484 3578 tiam,
519 3518 576 3565 et
601 3511 978 3566 tolerantiam
1005 3511 1205 3577 etiam,
1222 3516 1282 3563 et
1302 3511 1670 3581 patientiam,
1696 3517 1754 3566 et
1774 3511 1972 3566 mode-

323 3603 519 3668 stiam,
547 3606 604 3655 et
631 3602 1026 3666 honestatem,
1055 3605 1113 3653 et
1134 3600 1588 3667 continentiam,
1614 3606 1691 3668 et,
1715 3617 1844 3672 quae
1873 3617 1972 3656 eas

2145 3158 2445 3232 Προφανεῖς
2508 3154 2603 3228 μὶν
2659 3153 2749 3210 οὖν
2804 3155 2894 3212 καὶ
2925 3163 3089 3213 πᾶσαι
3149 3155 3314 3213 ἄλλαι
3375 3157 3603 3232 ἀρεταὶ,
3666 3158 3726 3212 αἱ

2075 3243 2223 3318 παρὰ
2280 3247 2361 3316 τῷ
2417 3249 2622 3299 Μοϋσεῖ
2679 3244 3189 3322 ἀναγεγραμμέναι,
3249 3249 3428 3324 ἀρχὴν
3485 3245 3724 3317 Ἕλλησι

2075 3332 2276 3394 παντὸς
2331 3336 2428 3387 τοῦ
2483 3334 2679 3402 ἠθικοῦ
2734 3335 2907 3390 τόπου
2963 3337 3402 3413 παρασχόμεναι.
3481 3333 3727 3410 ἀνδρείαν

2077 3420 2249 3496 λέγω,
2303 3421 2391 3476 καὶ
2447 3423 2797 3501 σωφροσύνην
2833 3469 2846 3494 ,
2906 3425 2998 3480 καὶ
3048 3428 3332 3504 φρόνησιν,
3365 3426 3455 3482 καὶ
3513 3423 3730 3480 δικαιο-

2081 3513 2272 3582 σύνην,
2319 3512 2604 3588 καρτερίαν
2661 3535 2720 3568 τε
2769 3515 2860 3568 καὶ
2921 3515 3230 3589 ὑπομονὴν,
3286 3517 3377 3571 καὶ
3432 3517 3530 3584 τήν
3593 3536 3729 3589 σεμ-

2079 3599 2301 3674 νότητα,
2358 3601 2450 3656 καὶ
2505 3602 2842 3678 ἑγκράτειαν,
2891 3606 2991 3674 τήν
3044 3627 3102 3660 τε
3159 3605 3246 3660 ἐπὶ
3304 3605 3518 3666 τούτοις
3577 3604 3729 3659 εὗσέ-

325 3695 585 3762 superat.
618 3690 920 3761 pietatem.
955 3688 1065 3743 Sed
1097 3688 1168 3743 de
1199 3689 1416 3760 pietate
1451 3690 1690 3760 quidem
1734 3696 1824 3745 est
1843 3691 1965 3746 cui-

2081 3684 2250 3745 6ειαν.
2285 3687 2441 3746 Ἀλλ’
2471 3693 2507 3761 ἡ
2545 3693 2639 3765 μὶν
2673 3687 2914 3749 εὐσέϐεια
2955 3694 3114 3749 παντί
3143 3715 3248 3748 που
3297 3691 3442 3764 δήλη
3491 3693 3554 3749 τὸ
3585 3693 3730 3748 ἀνω-

323 3780 471 3834 libet
513 3778 918 3846 manifestum,
949 3777 1105 3848 quod
1153 3796 1491 3850 supremam
1525 3785 1583 3834 et
1621 3781 1969 3850 antiquissi—

325 3886 486 3925 mam
519 3884 758 3923 causam
798 3867 1006 3922 doceat
1058 3867 1251 3922 colere
1283 3873 1341 3922 et
1398 3869 1712 3924 honorare.
1757 3869 1974 3924 Eadem

328 3974 563 4030 quoque
597 3957 688 4013 lex
720 3956 1274 4027 exhibetjustitiam
1301 3974 1312 4012 :
1349 3963 1406 4010 et
1437 3958 1609 4012 docet
1639 3957 1816 4012 etiam
1847 3977 1976 4030 pru-

325 4048 589 4103 dentiam
621 4065 727 4119 per
749 4045 1180 4102 abstinentiam
1202 4063 1236 4101 a
1263 4047 1596 4102 simulacris
1629 4048 1972 4117 sensilibus,

327 4144 385 4193 et
415 4137 488 4193 ad
519 4137 931 4192 universorum
965 4136 1310 4190 effectorem
1343 4141 1400 4190 et
1430 4141 1658 4208 patrem
1687 4139 1976 4193 evocatio-

2082 3778 2227 3834 τάτω
2275 3781 2362 3835 καὶ
2423 3776 2791 3857 πρεσϐύτατον
2850 3782 3022 3838 αἶ’τιον
3057 3786 3170 3856 (15)
3210 3777 3382 3836 σέϐειν
3426 3783 3516 3836 καὶ
3563 3787 3732 3856 τιμᾷ»

2085 3865 2411 3925 διδάσκουσα
2469 3875 2600 3944 (16),
2653 3873 2743 3927 καὶ
2803 3869 3146 3942 δικαιοσύνην
3206 3869 3262 3925 δὲ
3302 3870 3462 3932 αὐτὸς
3495 3873 3522 3924 6
3553 3867 3734 3944 νόμος

2085 3958 2418 4032 παρίστησι,
2468 3958 2739 4016 παιδεύων
2787 3963 2885 4030 τήν
2938 3981 2995 4015 τε
3042 3959 3296 4037 φρόνησιν
3340 3956 3430 4012 διὰ
3458 3965 3556 4028 τῆς
3615 3964 3733 4013 τῶν

2084 4045 2354 4115 αἰσθητῶν
2398 4045 2644 4104 εἰδώλων
2697 4049 2916 4125 ἀποχῆς
2959 4049 3173 4118 καὶτῆς
3231 4048 3366 4121 πρὸς
3417 4049 3508 4103 τὸν
3558 4069 3738 4118 ποιη-

2086 4137 2186 4206 τή)
2219 4136 2308 4192 καὶ
2343 4139 2552 4215 Πατέρα
2581 4143 2688 4195 τῶν
2722 4139 2867 4196 ὅλων
2918 4135 3308 4214 προσκλήσεως
3360 4141 3494 4212 (17).
3545 4139 3633 4216 ἀφ’
3663 4138 3737 4208 ἦς

394 4263 459 4327 »χ‹
486 4256 548 4310 Ρ.
581 4255 684 4309 469
715 4253 825 4308 ED.
859 4252 1151 4317 POTTER,
1181 4251 1286 4307 392
1313 4254 1414 4307 394
1445 4254 1555 4309 ED.
1589 4254 1816 4310 PARIS.
1877 4252 1950 4325 (a)

2081 4255 2185 4310 tth.
2216 4273 2274 4327 x,
2307 4257 2395 4317 24,
2428 4259 2533 4326 25;
2568 4258 2703 4314 Luc.
2735 4274 2810 4327 v1,
2840 4261 2927 4313 40.
2961 4257 3036 4330 (b)
3067 4259 3234 4313 Prov.
3263 4275 3396 4323 xxx,
3430 4259 3482 4312 3.

400 4373 514 4457 (11)
576 4370 848 4457 Ἐνταῦθα.
891 4369 990 4457 τῂν
1041 4372 1238 4454 γνῶσιν
1306 4367 1768 4457 πολυπραγμονεῖ
1798 4415 1811 4429 .
1861 4373 1978 4457 ﬁu-

335 4442 531 4518 spico'r
551 4444 810 4518 aliquem
836 4443 896 4498 in
919 4442 1063 4518 libri
1081 4444 1171 4498 sui
1193 4444 1459 4518 margine
1481 4442 1796 4501 adnatasse
1824 4461 1836 4500 :
1861 4443 1980 4518 Ἐντ

2087 4370 2176 4426 καὶ
2205 4366 2572 4445 πρεσϐύτατον
2607 4369 2778 4427 αἴτιον
2811 4374 2980 4428 Philo
3012 4375 3074 4429 in
3103 4374 3234 4430 loco
3262 4391 3401 4429 mox
3431 4390 3741 4445 apponen-

2089 4445 2206 4518 do.
2231 4443 2342 4518 sed
2371 4443 2626 4499 ἀνωτάτω
2657 4462 2793 4500 cum
2833 4446 3085 4518 articulo
3132 4464 3240 4518 pro
3286 4443 3559 4518 ἀνώτατος
3589 4446 3740 4518 alias

333 4511 629 4601 taGOafﬁv
652 4511 861 4609 "nam
911 4511 1388 4609 πολυπραγμόνει.
1577 4519 1817 4582 observa,
1845 4519 1965 4586 quia

2089 4516 2239 4603 dixit
2261 4515 2534 4609 gemens
2560 4533 2573 4570 :
2607 4515 3111 4586 quemadmodum
3133 4511 3200 4588 -p.
3235 4519 3331 4572 38l
3361 4536 3373 4574 :
3407 4518 3443 4586 ἡ
3468 4515 3570 4592 γὰρ
3601 4517 3737 4570 ἀνω-

338 4593 406 4643 sit
436 4591 654 4661 γνῶσις.
677 4588 760 4642 ’(18
793 4603 911 4661 qua
941 4588 1171 4642 scilicet
1198 4589 1374 4661 toties
1406 4605 1439 4642 a
1468 4588 1769 4644 Clemente
1807 4604 1981 4643 men-

344 4663 425 4715 tio
452 4659 611 4713 facta
640 4665 765 4730 est:
802 4659 979 4730 idque
1030 4664 1238 4729 postea
1285 4659 1344 4713 in
1404 4666 1627 4714 textum
1677 4667 1982 4730 receptum

343 4732 547 4796 fuisse,
596 4727 1072 4815 uoluupa-fpdvsi-
1100 4730 1379 4815 imperat,
1434 4738 1661 4786 mutato
1705 4733 1765 4815 in
1809 4727 1983 4815 πολυ-

343 4801 925 4927 πρῗιγμονεῖιὶῐιάἰοειι.
981 4801 1164 4870 modi,
1197 4807 1262 4856 ut
1317 4818 1452 4857 cum
1510 4803 1984 4874 prmcedentibus

345 4891 412 4929 co
463 4888 643 4929 aarere
679 4917 690 4927 .

345 4891 690 4930 contereret.

419 4947 524 5015 (t2)
554 4944 629 4998 Τὸ
669 4940 745 4998 δὲ.
779 4943 967 4998 Etiam
999 4945 1190 5000 dativo
1235 4961 1375 5001 casu
1407 4944 1519 5017 legi
1551 4951 1745 5018 potest
1787 4949 1867 5018 τῷ
1907 4943 1984 5002 δέ.

343 5020 758 5158 δὶδῦἑλῃὲέλι...
791 5084 879 5138 καὶ
911 5081 1136 5161 δυνήσῃ.
1170 5089 1276 5143 Ubi
1331 5089 1441 5161 hoc
1498 5089 1720 5145 dictum
1753 5090 1780 5145 ?
1819 5092 1987 5145 Forte

343 5160 586 5232 respicit
615 5164 823 5232 auctor
842 5158 1260 5232 verba_Cliristi
1285 5160 1356 5215 ad
1382 5162 1707 5228 infirmum,
1735 5163 1901 5227 Joan,
1934 5179 1986 5229 v,

343 5238 374 5289 6
402 5251 414 5288 :
444 5227 636 5294 θέλεις
667 5227 1136 5304 ὐγιήςνγενέσθαις
1193 5232 1280 5304 vel
1331 5233 1527 5304 potius
1567 5227 1785 5304 leprosi
1815 5227 1990 5304 verba

343 5300 768 5393 adnCh'ristum,
806 5303 979 5357 Marc.
1032 5319 1069 5368 1,
1105 5304 1215 5355 4-0:
1257 5300 1378 5356 Ἑάν
1413 5300 1600 5376 θέλῃς.
1626 5300 1871 5355 ”δύνασαί
1925 5321 1991 5373 με

341 5379 660 5432 καθαλίσαι.

416 5398 528 5520 (l6)
559 5445 825 5524 Καρδίᾳ...
861 5441 1054 5524 ἐπαΐει.
1093 5445 1252 5499 lianc
1285 5445 1640 5524 seutentiam
1664 5447 1724 5499 in
1756 5446 1810 5524 S__
1845 5445 1990 5499 Scri.

351 5516 524 5594 ptura
553 5516 816 5594 reperire
850 5516 1114 5594 nondum
1151 5518 1334 5589 potui.
1361 5519 1601 5594 anuaa
1636 5518 1925 5594 sequitur,
1958 5533 1992 5572 a

345 5589 648 5667 plerisque
677 5597 784 5667 τῷν
819 5592 1290 5667 O'_interp_retum
1326 5589 1686 5667 editiouibus
1716 5589 1900 5667 abest.

422 5659 658 5737 (15)’Τὸ
717 5663 972 5718 ἀνωτάτω
1023 5659 1115 5716 καὶ
1170 5681 1242 5740 πρ
1277 5705 1290 5718 .
1346 5661 1539 5720 αἴτιον.
1597 5661 1668 5715 Τὸ
1715 5659 1988 5715 ἀνώτατον

2088 4586 2236 4641 τάτω
2274 4583 2565 4655 ἀπόδείξις.

2166 4660 2275 4730 (16)
2331 4653 2501 4730 Τιμᾷν
2561 4653 2886 4711 διδάσκουσα
2921 4699 2934 4712 .
2985 4659 3161 4715 Flor.
3223 4659 3388 4726 edit.,
3439 4659 3528 4713 καὶ
3587 4655 3740 4712 διδά-

2095 4747 2425 4816 exotica-ne
2457 4730 2756 4816 quidhergo
2790 4746 2820 4784 e
2851 4731 3144 4816 corr‘uptis
3174 4733 3437 4804 vestigiis
3469 4731 3738 4800 decedat,

2092 4802 2208 4875 legi
2238 4807 2433 4874 potest
2458 4797 2941 4875 καταδιδάσιουσα.
2966 4797 3240 4875 SfLBURG.

2168 4871 2282 4946 (Π)
2343 4873 2742 4948 Προσκλήσεως
2777 4917 2816 4948 ._
2860 4873 3102 4948 Αρίἱιιει⁸
3141 4871 3542 4946 προσκλίσεως.
3604 4876 3744 4948 Sj'L-

2094 4943 2272 5022 nunc.
2297 4943 2545 5022 —7'_Vera
2573 4951 2771 5022 autem
2801 4943 2975 5000 lectio
2995 4943 3428 5022 _vidlturi_esse
3458 4944 3747 5022 προσκληο

2097 5017 2337 5092 ρώσεως,
2371 5019 2508 5074 Vult
2523 5019 2687 5092 enim
2720 5022 2940 5092 auctor
2995 5017 3201 5092 legem,
3244 5020 3455 5089 Moysis
3502 5017 3748 5074 Iudaeos

2098 5089 2208 5146 Deo
2229 5091 2556 5146 universalis
2597 5090 2890 5151 conditori,
2914 5091 2971 5142 in
3021 5089 3397 5144 hereditatem
3445 5091 3747 5144 addixisse.

2100 5165 2220 5217 Hoc
2248 5164 2327 5218 ita
2351 5181 2411 5218 se
2434 5163 2672 5220 habere.
2693 5161 3011 5216 didicimus
3034 5178 3064 5214 e
3086 5161 3277 5215 verbis
3299 5162 3584 5224 Philonis,
3615 5177 3751 5224 qua)

2101 5235 2364 5289 imitatus
2388 5241 2477 5288 est
2496 5235 2790 5289 Clemens.
2829 5234 2908 5286 Ea
2939 5247 3073 5286 vero
3105 5239 3337 5303 exstant
3357 5234 3415 5286 in
3439 5236 3568 5303 ejus
3588 5232 3746 5303 libro

2100 5306 2554 5380 Defortitudittg
2591 5324 2646 5378 p.
2681 5307 2776 5358 ’741
2817 5303 3191 5380 ίρῦτοιπρὸς
3227 5297 3752 5380 Ἐϐραίούςῌφιλαπς

2102 5371 2244 5450 ἄχθη
2259 5376 2438 5448 μόνως
2471 5371 2750 5450 ἔχοντες,
2783 5371 3000 5450 ούδενᾷς
3042 5371 3224 5450 ἐτέρου
3259 5371 3475 5450 μᾶλλον
3502 5371 3653 5450 ἢίδτι
3687 5375 3752 5427 τὸ

2102 5442 2362 5502 signato»
2397 5448 2485 5501 καὶ
2517 5442 2884 5521 πρεσϐύτατον
2913 5446 3085 5521 αἶ’τιον
3130 5442 3348 5500 σέϐουσι
3391 5447 3481 5521 καὶ
3510 5447 3742 5518 τίμῶσι,

2101 5524 2178 5589 τῷ
2203 5522 2408 5591 ποιοί,τῇ
2439 5519 2528 5572 καὶ
2561 5517 2758 5592 ⁷Πατρὶ
2814 5523 2939 5592 τῶνί
2970 5518 3115 5572 ὅλων
3161 5517 3748 5592 προσκεκληρωμένοι.

2100 5593 2399 5648 Madianaai
2437 5593 2562 5646 odio
2610 5593 2864 5647 Πρω-ωας
2921 5591 3024 5645 hac
3065 5594 3347 5661 pracipue
3401 5591 3566 5647 causa
3616 5606 3752 5662 pro-

2101 5665 2293 5733 secuti,
2327 5663 2476 5733 quod
2520 5679 2784 5719 summam
2817 5669 2870 5719 et
2899 5664 3336 5733 antiquissimam
3388 5680 3606 5720 causam
3656 5677 3752 5719 co-
