4044 6154
186 232 329 294 1019

186 467 344 519 rum,
366 467 501 507 cum
523 451 601 507 sit
627 452 916 506 innocens
935 466 1140 506 eorum
1162 450 1512 518 observatio,
1546 457 1636 507 est
1664 467 1836 507 secu-

185 540 380 595 ritatis
412 541 541 595 vitae
580 539 932 595 conciliatio.
966 541 1081 595 Nec
1131 544 1326 611 potest
1362 558 1492 596 esse
1525 541 1659 612 quis
1690 540 1834 596 tole-

188 643 329 684 rans
358 629 582 698 absque
608 627 977 696 fortitudine,
1011 645 1207 700 neque
1257 630 1571 687 continens
1611 630 1835 702 absque

188 717 600 787 temperantia.
634 716 703 772 Se
729 721 930 773 autem
962 718 1213 773 invicem
1243 724 1691 791 consequuntur
1718 720 1838 774 vir-

187 811 343 860 tutes
376 826 390 871 ;
424 809 482 859 et
509 805 665 876 apud
705 822 882 877 quem
935 812 1076 862 sunt
1122 809 1408 864 virtutum
1465 826 1840 881 consequen-

186 894 305 962 tiae,
364 893 523 965 apud
579 912 716 950 eum
765 900 856 951 est
910 898 1089 953 etiam
1133 898 1315 971 salus,
1376 916 1508 969 quae
1556 904 1648 955 est
1696 896 1837 956 boni

187 986 377 1037 status
407 984 797 1041 conservatio.
828 986 965 1041 lure
997 1002 1134 1059 ergo
1165 987 1215 1041 si
1245 986 1318 1042 de
1374 988 1469 1043 his
1524 988 1840 1045 virtutibus

186 1071 381 1126 adhuc
412 1074 882 1141 tractaverimus,
935 1075 1007 1131 de
1056 1076 1334 1132 omnibus
1374 1077 1841 1134 consideraveri-

183 1174 319 1213 mus
345 1175 359 1211 :
393 1159 674 1231 quoniam
702 1161 803 1232 qui
832 1163 1098 1232 gnostice
1126 1164 1309 1219 habet
1332 1181 1513 1220 unam
1539 1165 1842 1234 virtutem,

186 1263 395 1303 omnes
450 1265 559 1319 per
613 1254 883 1305 mutuam
938 1250 1119 1306 habet
1173 1253 1684 1324 consequentiam.
1712 1255 1843 1309 lam

189 1337 558 1393 continentia
586 1343 677 1393 est
705 1340 962 1407 affectio,
1005 1357 1136 1410 quas
1168 1357 1288 1395 non
1345 1341 1696 1398 transilierit
1751 1359 1842 1413 ea,

191 1444 321 1498 quae
372 1435 547 1483 recta)
596 1429 813 1485 rationi
867 1436 1271 1487 consentanea
1326 1432 1619 1489 videntur.
1652 1434 1847 1488 Conti-

192 1533 342 1573 nens
400 1522 598 1573 autem
666 1524 757 1574 est
802 1519 875 1587 is,
932 1520 1033 1591 qui
1108 1522 1374 1576 continet
1459 1538 1557 1578 eas
1612 1523 1849 1595 appeti-

190 1608 406 1675 tiones,
466 1624 597 1678 quas
656 1613 797 1663 sunt
844 1615 1061 1679 praeter
1116 1616 1341 1666 rectam
1380 1612 1674 1666 rationem
1709 1629 1720 1666 :
1752 1600 1848 1670 ve1

1440 240 1849 297 CLEMENTIB
1880 238 2387 294 ALEXANDBINI

187 360 509 418 declinatio
538 376 674 419 cum
703 362 957 418 ratione.
990 361 1268 418 Custodia
1286 367 1485 419 autem
1510 365 1841 435 pracepto-

1966 356 2095 415 ia-uv
2152 355 2273 414 ἄνευ
2362 352 2609 433 ἀνδρείας
2662 357 2980 433 καρτερικὸν
3032 358 3200 431 εἶναι,

3458 236 3598 294 1020

3287 354 3412 414 οὐδὶ
3488 361 3597 434 μὴν

1945 449 2071 503 ἄνευ
2175 443 2529 519 σωφροσύνης
2607 441 2841 520 ἐγκρατῆ
2905 489 2920 504 .
2982 443 3474 504 Ἀντακολουθοῦσι
3543 446 3602 503 δὶ

1945 533 2225 607 ἀλλήλαις
2282 535 2338 589 αἱ
2389 533 2594 610 ἀρεταί·
2655 534 2748 589 καὶ
2803 535 2932 611 παρ’
2989 534 3035 608 ᾧ
3087 536 3142 590 αἱ
3221 540 3334 591 τῶν
3394 536 3598 611 ἀρετῶν

1945 622 2290 695 ἀκολουθίαι,
2340 625 2488 693 παρὰ
2541 625 2721 698 τούτῳ
2775 623 2865 679 καὶ
2923 627 2959 695 ἡ
3045 625 3310 702 σωτηρία,
3364 628 3601 702 τήρησις

1947 714 2081 768 οὖσα
2108 717 2206 768 τοῦ
2237 713 2293 768 εὗ
2325 710 2574 789 ἔχοντος.
2608 711 2854 777 Εἲκότως
2879 711 2957 768 ἔτι
2988 714 3114 789 περὶ
3164 713 3373 769 τούτων
3408 711 3604 769 διαλα-

1948 797 2135 865 ϐόντες
2168 806 2274 858 τῶν
2334 802 2562 874 ἀρετῶν,
2619 800 2746 877 περί
2802 807 2987 858 πασῶν
3045 801 3105 858 ἄν
3160 803 3349 878 εἷήμεν
3409 802 3605 878 ἐσκεμ-

1952 893 2125 965 μένοι,
2186 893 2270 947 ὅτι
2319 893 2347 947 ὁ
2401 890 2528 966 μίαν
2587 888 2732 967 ἔχων
2792 893 2987 969 ἀρετὴν
3064 897 3378 968 γνωστικῶς
3431 894 3605 956 πάσας

1950 978 2069 1056 ἔχει
2129 978 2220 1036 διὰ
2272 982 2371 1051 τήν
2432 979 2876 1039 ἀντακολουθίαν.
2935 980 3137 1039 Αὐτίκα
3208 983 3244 1052 ἡ
3321 981 3608 1058 ἐγκράτεια

1952 1067 2185 1133 διάθεσίς
2217 1069 2357 1125 ἐστιν
2383 1065 2754 1146 ἀνυπέρϐατος
2801 1074 2910 1125 τῶν
2969 1072 3106 1126 κατὰ
3159 1071 3251 1127 τὸν
3284 1069 3444 1147 ὀρθὸν
3503 1069 3610 1126 λό-

1949 1180 2043 1236 γον
2078 1158 2366 1237 φανέντων.
2401 1160 2809 1236 Ἐγκρατεύεται
2842 1156 2900 1215 δὲ
2951 1161 2980 1215 ὁ
3027 1159 3275 1237 κατέχων
3332 1161 3429 1223 τὰς
3460 1161 3607 1237 παρά

1951 1249 2042 1304 τὸν
2059 1248 2218 1323 ὀρθὸν
2248 1245 2417 1323 λόγον
2449 1249 2650 1323 ὁρμὰς,
2692 1251 2727 1320 ἢ
2778 1249 2806 1302 ὁ
2865 1247 3113 1325 κατέχων
3143 1249 3326 1318 αὐτὸν,
3359 1247 3499 1305 ὥστε
3529 1250 3606 1322 μὴ

1955 1337 2130 1413 δρμᾷν
2164 1337 2310 1413 παρὰ
2336 1337 2426 1393 τὸν
2462 1336 2622 1412 ὀρθὸν
2653 1336 2842 1413 λόγον.
2878 1335 3215 1416 Σωφροσύνη
3246 1340 3358 1412 (29)
3383 1335 3440 1393 δὲ
3470 1337 3606 1407 αὐτή

1958 1428 2058 1484 οὐκ
2087 1427 2209 1484 ἄνευ
2241 1425 2504 1502 ἀνδρείας·
2552 1426 2740 1499 ἐπειδὴ
2800 1429 2852 1500 ἐξ
2909 1427 3145 1485 ἐντολῶν
3200 1430 3428 1507 γίνεται,
3486 1431 3609 1484 ἑπο-

1962 1519 2097 1592 μένη
2146 1522 2226 1590 τῷ
2258 1515 2667 1593 διατεταγμένῳ
2692 1522 2833 1591 Θεῷ,
2864 1519 3127 1595 φρόνησίς
3156 1540 3217 1576 τε
3244 1518 3334 1575 καὶ
3361 1522 3397 1590 ἡ
3432 1540 3609 1593 μιμη-

1955 1608 2084 1677 τική
2137 1613 2239 1672 τῆς
2294 1606 2438 1671 θείας
2491 1603 2778 1669 διαθέσεως
2834 1604 3175 1678 δικαιοσύνη·
3233 1609 3350 1672 καθ’
3408 1610 3476 1677 ἣν
3519 1607 3612 1682 ἰγ-

188 1700 253 1764 ›χ‹
283 1697 384 1767 qui
417 1697 679 1768 seipsum
710 1699 994 1767 continet,
1042 1715 1115 1753 ne
1174 1700 1537 1771 appetitione
1570 1702 1850 1758 efferatur

1966 1695 2370 1771 κρατευόμενοι,
2396 1696 2626 1770 καθαροὶ
2670 1696 2807 1764 πρὸς
2860 1690 3131 1755 εὐσέϐειαν
3185 1696 3277 1752 καὶ
3326 1697 3426 1766 τὴν
3481 1696 3609 1751 έπο-

193 1790 410 1856 praeter
435 1792 659 1841 rectam
690 1787 1003 1842 rationem.
1031 1789 1447 1859 Temperantia
1488 1796 1687 1846 autem
1718 1791 1848 1863 ipsa

1966 1784 2126 1859 μένην
2158 1782 2481 1848 ἀκολούθως
2531 1788 2612 1857 τῷ
2667 1788 2785 1856 Θεῷ
2835 1788 3028 1860 πρᾶξιν
3069 1783 3433 1859 στελλόμιθα,
3484 1783 3607 1855 ἐξο-

193 1891 316 1929 non
329 1878 421 1928 est
438 1874 567 1931 sine
578 1875 714 1930 forti
725 1875 1438 1947 tudine;quandoquidem
1453 1895 1525 1933 ex
1535 1880 1847 1950 praaceptis

193 1963 384 2017 oritur
402 1962 739 2033 prudentia,
773 1981 904 2034 quae
935 1966 1144 2031 Deum,
1165 1966 1265 2036 qui
1299 1967 1503 2022 omnia
1530 1968 1846 2039 disposuit,

193 2051 499 2121 sequitur;
532 2058 591 2107 et
610 2053 867 2124 justitia,
908 2071 1041 2125 qua;
1096 2053 1356 2110 divinam
1382 2056 1844 2127 dispositionem

190 2139 460 2195 imitatur
487 2158 502 2206 ;
525 2158 822 2213 perquam
851 2159 986 2197 cum
1017 2142 1202 2198 simus
1233 2145 1845 2213 continentes,mundi

194 2228 269 2283 ad
298 2230 581 2299 pietatem
599 2231 931 2286 etactiones
953 2232 1223 2303 exemplo
1243 2234 1343 2288 Dei
1360 2234 1699 2292 conformes
1721 2243 1846 2293 ten-

195 2318 405 2387 dimus,
439 2320 711 2388 Domino,
753 2319 948 2392 quoad
978 2337 1013 2376 a
1042 2322 1395 2378 mortalibus
1453 2324 1582 2379 ﬁeri
1631 2331 1848 2398 potest,

198 2408 534 2464 assimilati.
569 2408 632 2464 Id
664 2414 864 2465 autem
908 2414 1016 2478 est,
1068 2410 1299 2482 justum
1327 2415 1387 2467 et
1416 2418 1688 2471 sanctum
1719 2418 1851 2473 ﬁeri

199 2513 333 2553 cum
360 2498 696 2569 prudentia.
729 2499 885 2555 Deus
915 2499 1076 2554 enim
1105 2499 1334 2556 nullius
1363 2501 1452 2556 rei
1494 2502 1742 2576 indiget,
1794 2512 1855 2563 et

199 2586 509 2643 affectibus
540 2604 663 2643 non
694 2593 784 2643 est
812 2588 1105 2644 obnoxius
1130 2588 1324 2645 :unde
1353 2606 1464 2645 nec
1495 2596 1585 2647 est
1613 2595 1852 2666 pr0prie

200 2675 534 2733 continens.
571 2676 640 2731 In
659 2693 793 2733 eum
823 2677 984 2733 enim
1015 2677 1182 2733 nulla
1210 2695 1475 2750 unquam
1506 2680 1666 2737 cadit
1705 2684 1854 2738 atte-

199 2766 316 2820 ctio
347 2770 450 2821 aut
477 2765 1053 2837 perturbatio,quam
1083 2768 1624 2826 contineat.Nostra
1653 2776 1854 2828 autem

202 2859 436 2924 natura,
469 2872 599 2925 quas
632 2859 721 2909 est
747 2853 1004 2910 obnoxia
1032 2857 1466 2927 affectionibus,
1500 2875 1649 2931 Opus
1677 2860 1859 2917 habet

202 2944 591 3012 continentia,
621 2960 730 3015 per
750 2961 928 3015 quam
981 2944 1123 3001 dum
1178 2952 1505 3017 exercetur,
1557 2953 1625 3005 ut
1652 2951 1858 3022 paucis

201 3033 482 3105 indigeat,
514 3038 765 3089 conatur
792 3034 1000 3090 habitu
1030 3034 1104 3089 ad
1135 3034 1398 3092 divinam
1448 3044 1725 3094 naturam
1758 3056 1859 3096 ac-

1960 1873 2389 1947 μοιούμενοιτῷ
2419 1873 2599 1947 Κυρίῳ
2623 1874 2763 1928 κατά
2814 1874 2877 1929 τὸ
2930 1871 3155 1930 δυνατὸν
3211 1877 3372 1948 ἡμῖν,
3413 1873 3609 1945 ἐπική-

1958 1983 2075 2037 ροις
2112 1964 2211 2031 τήν
2274 1962 2430 2039 φύσιν
2480 1961 2838 2038 ὑπάρχουσιν.
2891 1966 3069 2021 Τοῦτο
3121 1961 3179 2019 δέ
3234 1962 3346 2019 ἐστι
3405 1961 3609 2018 δίκαιον

1956 2050 2046 2105 καὶ
2107 2049 2255 2105 ὅσιον
2314 2050 2452 2123 μετὰ
2507 2052 2825 2128 φρονήσεως
2877 2052 3144 2127 γενέσθαι.
3199 2049 3470 2115 Ἀνενδεὶς
3522 2052 3617 2126 μὶν

1955 2140 2058 2215 γὰρ
2087 2139 2150 2194 τὸ
2172 2144 2325 2195 Θεῖον
2356 2138 2447 2194 καὶ
2468 2138 2688 2205 ἀπαθές·
2722 2140 2842 2205 ὅθεν
2897 2138 3023 2196 οὐδὲ
3075 2140 3334 2217 ἐγκρατὲς
3391 2142 3620 2218 κυρίως·

1962 2229 2025 2284 οὐ
2083 2228 2185 2304 γὰρ
2247 2227 2542 2283 ὑποπίπτει
2599 2229 2760 2284 πάθει
2818 2230 2972 2299 ποτὶ,
3045 2228 3141 2286 ’ίνα
3194 2230 3285 2285 καὶ
3370 2232 3621 2305 κρατήσῃ

1958 2314 2139 2373 τοῦδε·
2172 2318 2207 2386 ἡ
2272 2313 2332 2371 δὲ
2383 2317 2629 2393 ἡμετέρα
2678 2316 2857 2392 φύσις,
2912 2317 3159 2392 ἐμπαθὴς
3217 2319 3370 2389 οὖσα,
3423 2318 3626 2395 ἐγκρα-

1959 2407 2107 2469 τείας
2140 2402 2332 2475 δεῖται,
2362 2402 2433 2460 δι’
2462 2405 2531 2474 ἧς
2562 2406 2699 2481 πρὸς
2729 2407 2792 2462 τὸ
2849 2404 3130 2483 ὀλιγοδεὲς
3183 2409 3618 2478 συνασκουμένη,

1963 2494 2288 2571 συνεγγίζειν
2348 2499 2601 2571 πειρᾶται
2660 2496 2796 2551 κατά
2855 2493 3090 2560 διάθεσιν
3149 2499 3219 2569 τῇ
3270 2494 3386 2566 θείᾳ
3441 2494 3620 2573 φύσει·

1964 2587 1992 2641 ὁ
2022 2585 2127 2661 γὰρ
2153 2581 2448 2647 σπουδαῖος
2480 2587 2590 2658 (30)
2644 2582 2957 2659 ὀλιγοδεὴς,
3005 2584 3266 2641 ἀθανάτου
3296 2586 3385 2641 καὶ
3421 2590 3627 2656 θνητῆς

1964 2674 2178 2754 φύσεως
2212 2673 2489 2748 μεθόριος·
2521 2676 2583 2729 τὸ
2620 2675 2714 2748 μὲν
2742 2671 2918 2739 ἐνδεὶς
2967 2672 3056 2730 διά
3109 2696 3169 2730 τε
3214 2676 3279 2731 τὸ
3332 2678 3494 2749 σῶμα
3535 2672 3627 2729 διὰ

1964 2785 2023 2819 τε
2053 2765 2154 2833 τήν
2186 2764 2392 2838 γένεσιν
2423 2762 2589 2833 αὐτὴν
2622 2759 2791 2839 ἔχων·
2847 2763 3051 2838 ὀλίγων
3113 2761 3172 2819 δὶ
3202 2762 3294 2820 διὰ
3317 2765 3419 2834 τήν
3466 2761 3621 2840 λογι-

1964 2854 2066 2923 κὴν
2147 2851 2460 2929 ἐγκράτειαν
2542 2848 2747 2908 δεῖσθαι
2833 2849 3246 2930 δεδιδαγμένος·
3334 2852 3423 2908 ἐπὶ
3502 2851 3625 2908 τίνα

1968 2941 2133 3018 λόγον
2192 2934 2311 3017 ἔχει
2362 2941 2426 2997 τὸ
2473 2940 2722 2997 ἀπειπεῖν
2792 2942 2884 2997 τὸν
2958 2942 3145 3016 Νόμον
3221 2939 3377 3019 ἀνδρὶ
3435 2961 3623 3018 γυναι-

1966 3031 2063 3095 κὸς
2092 3030 2423 3106 ἀμπεχόνην
2480 3034 2590 3105 (31)
2649 3025 3051 3104 ἀναλαμϐάνειν
3086 3034 3202 3103 ,Ἥ
3258 3030 3389 3107 οὐχὶ
3443 3028 3630 3107 ἀνδρί-

201 3094 434 3177 οθᾱευινο.
470 3094 570 3176 Ἧι·
599 3122 760 3177 enim
788 3122 981 3178 bonus
1014 3123 1221 3194 paucis
1250 3124 1497 3198 indiget,
1527 3132 1595 3182 ut
1641 3128 1745 3199 qui
1764 3094 1854 3184 sit

1972 3094 2326 3195 ζεσθαίὴμξς
2356 3094 2638 3197 βούλεται,
2696 3094 2838 3195 μήτε
2890 3121 3028 3177 me
3082 3094 3147 3177 τὸ
3201 3094 3369 3195 σῶμὲ
3410 3119 3501 3176 καὶ
3544 3094 3628 3175 ’τὰ

200 3210 264 3265 in
290 3210 551 3265 conﬁnio
578 3214 805 3266 natura;
834 3210 1105 3268 mortalis
1137 3217 1198 3268 et
1244 3213 1641 3284 immortalis;
1676 3232 1858 3290 agens

201 3297 465 3370 quidem,
499 3304 556 3354 et
578 3304 822 3372 pr0pter
858 3317 1092 3373 corpus,
1126 3307 1186 3358 et
1240 3310 1487 3375 pr0pter
1542 3306 1857 3362 mortalem

201 3387 491 3460 originem
515 3405 530 3456 ;
561 3389 765 3459 paucis
786 3393 985 3444 autem
1016 3406 1186 3462 egere
1218 3390 1705 3464 doctus,propter
1728 3410 1861 3448 sus-

202 3482 434 3549 ceptam
464 3477 694 3533 ratione
726 3477 1181 3534 continentiam.
1202 3480 1533 3544 Quamnam
1566 3481 1724 3535 enim
1759 3482 1857 3537 ha-

201 3565 303 3621 bet
332 3568 647 3636 rationem,
681 3567 839 3640 quod
896 3568 991 3624 lex
1047 3567 1169 3624 viro
1212 3568 1512 3640 prohibet,
1544 3587 1613 3625 ne
1662 3577 1860 3626 vestem

199 3657 403 3711 induat
429 3657 749 3713 muliebrem
779 3657 855 3730 (a)
875 3657 903 3712 ?
932 3659 1147 3714 Annon
1178 3675 1286 3714 nos
1316 3657 1442 3714 vult
1464 3676 1594 3715 esse
1618 3660 1863 3725 viros,et

200 3761 312 3800 nec
341 3761 611 3817 corpore,
644 3762 754 3802 nec
810 3746 1003 3814 factis,
1064 3764 1175 3803 nec
1223 3753 1447 3815 mente,
1497 3765 1607 3804 nec
1666 3749 1861 3805 verbis

205 3835 586 3890 effeminari?
618 3836 753 3890 Vult
796 3837 958 3892 enim
989 3853 1128 3892 eum
1187 3853 1317 3892 esse
1370 3838 1730 3906 masculum,
1757 3837 1862 3909 qui

204 3923 435 3978 veritati
466 3923 568 3978 dat
596 3939 862 3995 operam,
895 3924 956 3978 in
982 3924 1246 3980 ferendis
1276 3924 1585 3981 laboribus
1630 3931 1688 3981 et
1717 3942 1860 3998 per-

204 4012 603 4083 pessionibus,
635 4012 697 4068 in
722 4013 840 4068 vita
869 4018 927 4068 et
956 4012 1242 4079 moribus,
1277 4017 1337 4068 et
1382 4013 1446 4069 in
1497 4029 1774 4070 sermone
1806 4019 1866 4070 et

1966 3205 2120 3285 ἔργα,
2155 3210 2294 3283 μήτε
2321 3208 2458 3265 κατὰ
2482 3211 2583 3280 τὴν
2614 3206 2855 3265 διάνοιαν
2910 3207 3001 3265 καὶ
3048 3209 3140 3266 τὸν
3194 3208 3359 3287 λόγον
3393 3206 3630 3280 ἐκθηλυ-

1965 3298 2274 3372 νομένουςς
2331 3297 2672 3374 ἠρῥενῶσθαι
2729 3298 2833 3374 γὰρ
2893 3297 2983 3353 τὸν
3014 3295 3251 3372 ἀληθείᾳ
3279 3298 3630 3375 σχολάζοντα

1968 3385 2020 3444 ἔν
2060 3408 2119 3443 τε
2180 3387 2504 3461 ὑπομοναῖς.
2562 3384 2616 3441 ἔν
2671 3406 2730 3442 τε
2794 3386 3130 3464 καρτερίαις,
3187 3389 3286 3444 κάν
3336 3389 3415 3460 τῷ
3502 3387 3627 3463 βίῳ,

1965 3478 2066 3532 κάν
2095 3480 2176 3549 τῷ
2202 3476 2414 3552 τρόπῳ,
2444 3474 2540 3531 κάν
2570 3473 2651 3549 τῷ
2684 3475 2856 3551 Λόγῳ,
2878 3477 2975 3532 κάν
3030 3480 3100 3552 τῇ
3134 3477 3383 3548 ἀσκήσει,
3413 3476 3630 3551 νύκτωρ

1964 3586 2026 3622 τε
2052 3564 2142 3620 καὶ
2178 3565 2296 3638 μεθ’
2326 3564 2561 3639 ἡμέραν,
2593 3564 2680 3619 καὶ
2714 3562 2761 3620 ε’ί
2810 3586 2917 3619 που
2982 3564 3282 3642 μαρτυρίου
3334 3564 3404 3620 δι’
3458 3563 3634 3639 αἵμα-

1967 3675 2064 3716 τος
2095 3657 2412 3730 χωροῦντος
2464 3648 2860 3709 ἐπικαταλάϐοι
2892 3654 3076 3729 χρεία,
3112 3653 3390 3730 βούλεται.
3426 3653 3630 3724 Πάλιν,

1971 3740 2148 3805 Ε’ίτις
2204 3746 2346 3813 (32),
2407 3743 2565 3821 φησὶ,
2624 3745 2819 3799 νεωστὶ
2878 3740 3208 3817 δειμάμενος
3264 3743 3462 3811 οἰκίαν,
3523 3743 3625 3800 οὐκ

1972 3829 2104 3911 ἔφθη
2165 3830 2578 3887 εἴσοικίσασθαι·
2668 3831 2697 3902 ἢ
2783 3831 3087 3906 ἀμπελῶνα
3142 3832 3401 3895 νεόφυτον
3463 3831 3629 3908 ἐργα-

1973 3923 2228 3995 σάμενος,
2292 3917 2524 3995 μηδέπω
2581 3925 2679 3977 τοῦ
2737 3925 2949 3997 καρποῦ
2982 3918 3329 3997 μετείληφεν,
3360 3921 3397 3992 ἢ
3427 3919 3630 3996 παρθέ-

1972 4031 2065 4066 νον
2122 4008 2558 4086 ἐγγυησάμενος,
2617 4007 2839 4067 οὐδέπω
2924 4005 3151 4085 ἔγημεν·
3196 4007 3423 4072 τούτους
3479 4007 3630 4087 ἀφεῖ-

275 4141 341 4212 sp
369 4142 433 4196 Ρ.
465 4143 564 4195 471
599 4142 716 4198 ED.
748 4141 1045 4225 Pii-TTEI},
1070 4141 1311 4196 395-396
1341 4140 1457 4198 ED.
1486 4141 1716 4198 PARIS.
1751 4141 1826 4215 (a)
1856 4141 2026 4198 Deut.
2056 4156 2193 4206 nn,
2226 4142 2276 4194 5.

278 4282 385 4353 (29)
438 4281 797 4359 Σωφροσύνη.
837 4284 1018 4359 Ἀηθθ
1075 4282 1470 4359 Clementem_
1512 4283 1676 4339 Philo
1745 4283 1858 4359 _has

208 4351 475 4433 virtutes,
508 4351 779 4433 ἀνδρείαν,
834 4351 1163 4433 ἐγκράτειαν,
1221 4351 1600 4433 σωφροσύνην,
1655 4353 1858 4433 φρύνη-

211 4444 316 4501 etv,
350 4421 697 4501 δικαιοσύνην
722 4421 1125 4501 κθὶᾉκοὶρτερίαν,
1147 4421 1508 4501 conjunctae
1533 4421 1857 4501 'esse'dixit,

213 4498 271 4574 id
302 4494 948 4574 prwtsreasﬁhjicieris.
973 4494 1856 4574 quod,virionussimwpaaic:

216 4565 426 4642 Debita
448 4572 667 4642 Moysis,
699 4565 805 4626 lib.
842 4565 1021 4642 "1,15.
1057 4572 1180 4638 680,
1233 4571 1329 4642 681
1359 4586 1373 4623 :
1434 4565 1593 4642 ’Δλλξ
1640 4565 1686 4623 ἑί

214 4637 449 4716 τάληθὲς
482 4637 761 4716 εἰπεῖν,λὸ
820 4637 1135 4716 φρονῆσεως
1168 4637 1282 4716 καὶ
1340 4637 1719 4716 σωφροσύνης,
1744 4637 1863 4695 ’ἀνα

217 4707 400 4796 δρείας
429 4729 488 4764 τε
540 4711 630 4803 καὶ
690 4707 1040 4802 δικαιοσύνης
1092 4711 1391 4803 ξιερώτατος
1434 4707 1865 4803 "elue-cadam-

215 4781 312 4844 τὰς
394 4800 516 4835 ετατ
557 4782 674 4858 ίχει
727 4783 819 4837 καὶ
871 4781 1003 4839 ’ὁσοι
1048 4781 1318 4858 αὐστηρὸν
1370 4781 1461 4835 καὶ
1505 4781 1863 4856 σκληροδίαι-

214 4872 306 4931 τον
344 4801 489 4931 ἐλωί,
509 4802 819 4931 ἐγκράτειαν
851 4856 940 4909 καὶ
975 4854 1255 4931 καρτερίαν
1285 4850 1571 4931 -ζηΔλοῦσιι,
1595 4854 1723 4931 ,σὺν
1784 4854 1865 4931 εὐ-

214 4921 399 4995 τελείᾳ
453 4921 523 4979 δι’
550 4921 624 4981 ῶν
655 4926 719 4981 τὸ
742 4921 1079 5000 κυριώτατόν
1127 4921 1235 4981 τῶν
1282 4921 1400 5051 ἐνὶ)
1452 4930 1501 4980 iv
1536 4921 1565 4981 ὅ
1595 4924 1867 5003 λογισμὸς

221 4997 297 5053 είς
333 4970 536 5053 ὑγίειαν
592 4997 784 5053 ἄνοσον
838 4999 928 5052 καὶ
982 4996 1185 5053 εὐεξίαν
1253 4994 1375 5052 ἐπιδ
1404 4946 1562 5053 διωσι.
1594 5005 1703 5053 etc.
1750 5002 1866 5053 Imo

221 4997 297 5059 είς
333 4994 536 5072 ὑγίειαν
592 4997 784 5072 ἄνοσον
814 4994 928 5052 ’καὶ
982 4996 1185 5069 εὐεξίαν
1243 4994 1562 5072 ἐπιδίδωσι,
1594 4994 1703 5057 Θεό.
1750 4994 1866 5056 Imo

394 4800 516 4835 ετατ

218 5073 266 5125 si
293 5070 482 5126 verum
510 5070 801 5140 fatendum
830 5079 930 5139 est,
986 5088 1137 5126 sacer
1187 5071 1281 5125 ille
1327 5072 1594 5126 virtutum
1647 5072 1864 5139 chorus,

210 5142 555 5215 prudentiae,
607 5145 985 5211 temperantiae
1018 5186 1031 5205 ,
1080 5142 1446 5211 fortitudinis,
1497 5143 1864 5215 justiticeque,

219 5216 369 5268 ultro
399 5214 508 5270 sibi
535 5215 760 5286 quaerit,
792 5229 925 5282 quos
962 5218 1229 5279 exerceat,
1251 5215 1558 5282 praesertim
1606 5230 1713 5281 eos,
1750 5214 1870 5284 qui

221 5288 473 5341 tctricam
504 5288 807 5354 duramqne
836 5286 1003 5339 vitam
1037 5288 1357 5351 sequuntur,
1379 5286 1727 5353 conjunctam
1748 5302 1871 5339 cum

213 5359 494 5427 patientia
520 5357 983 5426 continentiaque,
1016 5354 1368 5427 simplicitate
1398 5369 1633 5427 quoque,
1666 5361 1715 5409 et
1744 5358 1865 5422 frui

221 5425 453 5498 galitate
466 5432 663 5501 paucis
693 5425 948 5483 contenta
980 5444 998 5480 :
1042 5426 1238 5501 quibus
1295 5425 1508 5478 artibus
1532 5441 1671 5501 pars
1694 5427 1873 5481 nostri

215 5496 527 5571 praecipua,
590 5500 797 5558 scilicet
841 5501 1008 5565 ratio,
1065 5497 1359 5553 sanitatem
1420 5500 1605 5549 tuetur
1654 5496 1873 5552 bonam-

220 5587 325 5643 que
353 5573 753 5641 habitudinem,

293 5645 407 5719 (30)
442 5643 505 5701 Ὀ
554 5644 656 5721 γὰρ
703 5635 1020 5705 σπουδαῖος.
1078 5641 1213 5696 Huic
1263 5635 1470 5696 didicit
1520 5637 1794 5697 Clemens
1843 5655 1875 5697 θ

1823 4548 1937 4637 ῑῆι)

1967 4281 2236 4355 Philonis
2267 4280 2422 4355 libro
2452 4283 2526 4355 De
2552 4283 2906 4355 fortitudine,
2964 4300 3022 4355 p.
3082 4282 3218 4336 337:
3267 4282 3326 4355 ‘_0
3357 4275 3416 4334 δὶ
3445 4299 3622 4355 σπου.-

1968 4325 2912 4428 iasigasga:tanta
2965 4325 3177 4423 sua;
3205 4325 3432 4428 ’φιξεως
3469 4351 3633 4428 μεθέτ

1969 4443 2108 4498 ριος·
2139 4423 2202 4498 τὸ
2375 4419 2582 4498 ἐπιδεὶς
2636 4422 2781 4498 ἔχων
2809 4421 2910 4498 Δδιὰ
2964 4419 3398 4498 σῶμά-θνητὸν,
3451 4419 3632 4498 τὸῖνδὲ

1970 4444 2108 4498 ριος·
2139 4444 2202 4478 το
2235 4444 2329 4497 μεν
2375 4444 2582 4485 επιοεες
2636 4444 2672 4478 ε·
2708 4445 2781 4478 ων
2819 4444 2910 4478 οια
2964 4445 3123 4496 σωμα
3175 4444 3398 4493 θνητον,
3451 4444 3513 4478 το
3572 4444 3632 4477 οε

1970 4497 2047 4568 μή
2081 4493 2384 4574 πολυτελὶς
2417 4492 2506 4550 διὰ
2558 4444 2744 4574 ψυχᾷιν
2805 4494 3095 4574 ἐφιεμένην
3145 4494 3478 4574 ἀθανασίαςε-
3524 4497 3633 4574 Vir

1966 4567 2149 4624 autem
2207 4568 2377 4623 bonus
2420 4567 2814 4639 paucis'eget,
2844 4567 2936 4623 'in’
2985 4575 3203 4624 natura:
3251 4567 3503 4624 mortalis
3530 4569 3633 4623 im-

1970 4639 2326 4711 mortalisque
2379 4639 2517 4695 situs
2562 4642 2795 4709 conﬁnio
2825 4656 2844 4694 :
2889 4646 3115 4711 propter
3170 4655 3368 4710 corpus
3410 4639 3630 4710 quidem

1971 4709 2202 4766 mortale
2221 4713 2452 4780 egestati
2482 4712 2750 4767 obnoxius
2781 4709 2904 4777 est,
2921 4709 3121 4781 paucis
3166 4727 3293 4766 vero
3342 4709 3631 4781 contentus

1965 4788 2199 4864 propter
2218 4784 2496 4864 _anima‘m,
2530 4798 2653 4864 qua:
2675 4784 2750 4838 ad
2747 4780 3251 4864 immertalitatem
3273 4780 3509 4864 asperat.

2045 4799 2199 4907 057m
2236 4799 2496 4851 animam,
2530 4799 2653 4906 qua:
2675 4799 2749 4838 aa
2778 4799 3251 4837 immortalitatem
3273 4799 3523 4864 aspirth

2045 4854 2157 4924 (1)
2217 4852 2475 4914 Γυναικὸς
2573 4873 2674 4925 pm,
2747 4853 2935 4925 Philo
2995 4852 3254 4925 ludaaus,
3312 4852 3450 4925 libri
3500 4868 3631 4924 1am

1974 4920 2115 5015 ςξσιί
2140 4920 2279 5015 Ῥξιε(
2302 4926 2405 4979 ’738
2430 4941 2453 5015 ἐ
2481 4920 2729 5015 Τοσαύτη
2778 4920 2835 5011 δέ
2884 4923 2968 4985 τίς
3000 4922 3111 5015 tam
3138 4927 3220 4995 τῷ
3242 4920 3429 5015 ᾙόμῳ
3450 4920 3629 5015 ,σπου-

1976 4991 2043 5063 δὴ
2075 4991 2168 5085 καῖ
2189 4991 2499 5085 apto-uuln,
2537 4994 2662 5085 περί
2716 5000 2818 5085 rei),
2873 4994 3139 5085 γυμνάσαι
3178 4991 3290 5085 καὶ,
3323 4991 3630 5085 ξυγκροτῆ-

1975 5087 2062 5157 σαι
2083 5063 2277 5156 ,ψυχὴν
2309 5063 2445 5157 πρὸς
2475 5063 2745 5157 ἀνδρείαν,
2780 5063 2918 5157 dia-is
2943 5063 3042 5157 καὶ
3087 5066 3211 5142 περὶ
3240 5063 3623 5157 ’ἐσθημάτωνζ

1977 5135 2141 5214 ὁποῖα
2170 5135 2364 5214 ’ἐχρῆν
2396 5135 2782 5214 ἀμπέχεσθαι,
2807 5212 2818 5214 _
2870 5135 3168 5214 διετάξατο,
3216 5135 3489 5214 ’ἀπειπὼῃνλ
3529 5136 3633 5192 ἀνά

1975 5208 2173 5283 κράτος
2214 5203 2411 5285 ’Ἔνδρὶ
2455 5203 2742 5285 ’γυνᾶικὸε
2771 5203 3119 5286 ’ἀμπεχόνην
3156 5203 3164 5208 ’
3205 5203 3632 5281 ἀναλαμϐάνειν.

1983 5285 2162 5338 Tanta
2184 5300 2357 5354 porro
2415 5283 2755 5339 contentione
2805 5284 2894 5339 lea:
2939 5284 3117 5339 studet
3162 5299 3410 5354 exercere
3434 5285 3632 5352 conﬁr-

1978 5353 2235 5425 mareque
2266 5358 2476 5411 animos
2496 5356 2569 5410 ad
2596 5356 3003 5424 fortitudinem,
3036 5360 3099 5409 ut
3141 5361 3193 5408 et
3234 5353 3300 5408 de
3340 5355 3631 5425 vestimen-

1980 5427 2069 5492 tis,
2101 5423 2358 5497 qualibus
2396 5423 2658 5483 utendum
2704 5428 2796 5493 sit,
2833 5428 3152 5498 praecipiat,
3183 5423 3636 5481 diserteinterdi-

1979 5511 2122 5564 cens,
2164 5513 2233 5551 ne
2268 5501 2356 5554 vir
2384 5504 2565 5554 sumat
2592 5498 2901 5553 muliebria.

2050 5568 2160 5642 (32)
2192 5564 2256 5642 Εξί
2274 5589 2380 5631 τις.
2397 5571 2528 5625 Haec
2551 5569 2798 5642 propius
2828 5568 3118 5642 accedunt
3142 5563 3219 5642 ad
3243 5564 3515 5642 Philonis
3530 5567 3633 5623 Ju-

1980 5638 2094 5697 daei
2119 5639 2316 5713 verba,
2349 5658 2407 5716 p.
2441 5638 2568 5711 740,
2601 5638 2781 5713 quam
2808 5640 3046 5716 Moysis,
3078 5639 3248 5697 Deut.
3278 5653 3376 5709 xx,
3408 5639 3521 5700 5-7.
