  <div class='ocr_page' id='page_1' title='image "/cluster/home/n/w/nwhite01/storage/ocr_20150623/8/mdp.39015008686480/531.png"; bbox 0 0 4034 6148; ppageno 0'>
   <div class='ocr_carea' id='block_1_1' title="bbox 275 311 413 378">
    <p class='ocr_par' dir='ltr' id='par_1_1' title="bbox 275 311 413 378">
     <span class='ocr_line' id='line_1_1' title="bbox 275 311 413 378; baseline 0 -1"><span class='ocrx_word' id='word_1_1' title='bbox 275 311 413 378; x_wconf 68' lang='grc'>1047</span> 
     </span>
    </p>
   </div>
   <div class='ocr_carea' id='block_1_2' title="bbox 1502 316 2456 383">
    <p class='ocr_par' dir='ltr' id='par_1_2' title="bbox 1502 316 2456 383">
     <span class='ocr_line' id='line_1_2' title="bbox 1502 316 2456 383; baseline 0.001 -3"><span class='ocrx_word' id='word_1_2' title='bbox 1502 316 1914 380; x_wconf 66' lang='grc' dir='ltr'>οιεΜΕΝΤΙΒ</span> <span class='ocrx_word' id='word_1_3' title='bbox 1950 318 2456 383; x_wconf 75' lang='lat' dir='ltr'>ALEXANDRINI</span> 
     </span>
    </p>
   </div>
   <div class='ocr_carea' id='block_1_3' title="bbox 3548 308 3692 374">
    <p class='ocr_par' dir='ltr' id='par_1_3' title="bbox 3548 308 3692 374">
     <span class='ocr_line' id='line_1_3' title="bbox 3548 308 3692 374; baseline -0.014 0"><span class='ocrx_word' id='word_1_4' title='bbox 3548 308 3692 374; x_wconf 65' lang='grc'>1048</span> 
     </span>
    </p>
   </div>
   <div class='ocr_carea' id='block_1_4' title="bbox 271 438 1925 527">
    <p class='ocr_par' dir='ltr' id='par_1_4' title="bbox 271 440 1919 518">
     <span class='ocr_line' id='line_1_4' title="bbox 271 440 1919 518; baseline 0 -14"><span class='ocrx_word' id='word_1_5' title='bbox 271 449 446 506; x_wconf 91' lang='lat' dir='ltr'>detur</span> <span class='ocrx_word' id='word_1_6' title='bbox 475 444 809 505; x_wconf 83' lang='lat' dir='ltr'>describere</span> <span class='ocrx_word' id='word_1_7' title='bbox 842 440 1173 502; x_wconf 78' lang='lat' dir='ltr'>amicitias:</span> <span class='ocrx_word' id='word_1_8' title='bbox 1231 448 1351 503; x_wconf 88' lang='lat' dir='ltr'>Una</span> <span class='ocrx_word' id='word_1_9' title='bbox 1405 449 1627 518; x_wconf 80' lang='lat' dir='ltr'>quidem</span> <span class='ocrx_word' id='word_1_10' title='bbox 1680 457 1778 518; x_wconf 90' lang='lat' dir='ltr'>est,</span> <span class='ocrx_word' id='word_1_11' title='bbox 1829 449 1919 504; x_wconf 86' lang='lat' dir='ltr'>in-</span> 
     </span>
    </p>
   </div>
   <div class='ocr_carea' id='block_1_5' title="bbox 2039 438 3692 527">
    <p class='ocr_par' dir='ltr' id='par_1_5' title="bbox 2040 438 3692 527">
     <span class='ocr_line' id='line_1_5' title="bbox 2040 438 3692 527; baseline -0.004 -24"><span class='ocrx_word' id='word_1_12' title='bbox 2040 445 2102 503; x_wconf 69' lang='grc' dir='ltr'>οῦ</span> <span class='ocrx_word' id='word_1_13' title='bbox 2137 471 2268 527; x_wconf 67' lang='grc' dir='ltr'>ιρησι</span> <span class='ocrx_word' id='word_1_14' title='bbox 2293 455 2374 523; x_wconf 75' lang='grc' dir='ltr'>τῷ</span> <span class='ocrx_word' id='word_1_15' title='bbox 2398 447 2623 509; x_wconf 79' lang='grc' dir='ltr'>διδόντι.</span> <span class='ocrx_word' id='word_1_16' title='bbox 2660 445 2856 511; x_wconf 81' lang='grc' dir='ltr'>Καλῶς</span> <span class='ocrx_word' id='word_1_17' title='bbox 2905 438 3137 516; x_wconf 75' lang='grc' dir='ltr'>ἕδῶκας,</span> <span class='ocrx_word' id='word_1_18' title='bbox 3187 441 3353 516; x_wconf 76' lang='grc' dir='ltr'>ἆλλᾶ,</span> <span class='ocrx_word' id='word_1_19' title='bbox 3386 441 3584 505; x_wconf 76' lang='grc' dir='ltr'>Καλῶς</span> <span class='ocrx_word' id='word_1_20' title='bbox 3612 440 3692 496; x_wconf 81' lang='grc' dir='ltr'>εἷ’-</span> 
     </span>
    </p>
   </div>
   <div class='ocr_carea' id='block_1_6' title="bbox 274 535 1925 609">
    <p class='ocr_par' dir='ltr' id='par_1_6' title="bbox 274 535 1925 609">
     <span class='ocr_line' id='line_1_6' title="bbox 274 535 1925 609; baseline 0.001 -16"><span class='ocrx_word' id='word_1_21' title='bbox 274 539 421 609; x_wconf 91' lang='lat' dir='ltr'>quit,</span> <span class='ocrx_word' id='word_1_22' title='bbox 452 556 519 593; x_wconf 74' lang='lat' dir='ltr'>ea:</span> <span class='ocrx_word' id='word_1_23' title='bbox 547 538 777 593; x_wconf 86' lang='lat' dir='ltr'>scientia</span> <span class='ocrx_word' id='word_1_24' title='bbox 808 536 1030 590; x_wconf 80' lang='lat' dir='ltr'>deorum</span> <span class='ocrx_word' id='word_1_25' title='bbox 1062 554 1084 600; x_wconf 87' lang='lat'><em>;</em></span> <span class='ocrx_word' id='word_1_26' title='bbox 1133 535 1310 590; x_wconf 84' lang='lat' dir='ltr'>altera</span> <span class='ocrx_word' id='word_1_27' title='bbox 1366 553 1513 605; x_wconf 78' lang='lat' dir='ltr'>vero,</span> <span class='ocrx_word' id='word_1_28' title='bbox 1545 554 1614 591; x_wconf 73' lang='lat' dir='ltr'>ea:</span> <span class='ocrx_word' id='word_1_29' title='bbox 1645 538 1925 594; x_wconf 80' lang='lat' dir='ltr'>hominum</span> 
     </span>
    </p>
   </div>
   <div class='ocr_carea' id='block_1_7' title="bbox 272 626 1928 697">
    <p class='ocr_par' dir='ltr' id='par_1_7' title="bbox 272 626 1928 697">
     <span class='ocr_line' id='line_1_7' title="bbox 272 626 1928 697; baseline 0 -15"><span class='ocrx_word' id='word_1_30' title='bbox 272 628 771 697; x_wconf 84' lang='lat' dir='ltr'>suppeditatione;</span> <span class='ocrx_word' id='word_1_31' title='bbox 821 627 987 679; x_wconf 87' lang='lat' dir='ltr'>tertia</span> <span class='ocrx_word' id='word_1_32' title='bbox 1033 641 1177 692; x_wconf 75' lang='lat' dir='ltr'>vero,</span> <span class='ocrx_word' id='word_1_33' title='bbox 1231 642 1300 679; x_wconf 74' lang='lat' dir='ltr'>ea:</span> <span class='ocrx_word' id='word_1_34' title='bbox 1354 626 1641 696; x_wconf 73' lang='lat' dir='ltr'>voluptate</span> <span class='ocrx_word' id='word_1_35' title='bbox 1670 629 1928 683; x_wconf 88' lang='lat' dir='ltr'>animan-</span> 
     </span>
    </p>
   </div>
   <div class='ocr_carea' id='block_1_8' title="bbox 276 715 1925 789">
    <p class='ocr_par' dir='ltr' id='par_1_8' title="bbox 276 715 1925 789">
     <span class='ocr_line' id='line_1_8' title="bbox 276 715 1925 789; baseline 0 -18"><span class='ocrx_word' id='word_1_36' title='bbox 276 720 435 771; x_wconf 83' lang='lat' dir='ltr'>tium.</span> <span class='ocrx_word' id='word_1_37' title='bbox 471 718 572 771; x_wconf 88' lang='lat' dir='ltr'>Est</span> <span class='ocrx_word' id='word_1_38' title='bbox 601 733 737 789; x_wconf 89' lang='lat' dir='ltr'>ergo</span> <span class='ocrx_word' id='word_1_39' title='bbox 772 732 893 770; x_wconf 89' lang='lat' dir='ltr'>una</span> <span class='ocrx_word' id='word_1_40' title='bbox 917 715 1157 787; x_wconf 91' lang='lat' dir='ltr'>quidem</span> <span class='ocrx_word' id='word_1_41' title='bbox 1180 715 1517 787; x_wconf 87' lang='lat' dir='ltr'>philosophi</span> <span class='ocrx_word' id='word_1_42' title='bbox 1551 716 1925 785; x_wconf 90' lang='lat' dir='ltr'>amicitia,al-</span> 
     </span>
    </p>
   </div>
   <div class='ocr_carea' id='block_1_9' title="bbox 274 804 1930 873">
    <p class='ocr_par' dir='ltr' id='par_1_9' title="bbox 274 804 1930 873">
     <span class='ocr_line' id='line_1_9' title="bbox 274 804 1930 873; baseline 0.002 -15"><span class='ocrx_word' id='word_1_43' title='bbox 274 810 569 860; x_wconf 86' lang='lat' dir='ltr'>tera-vero</span> <span class='ocrx_word' id='word_1_44' title='bbox 600 804 882 873; x_wconf 88' lang='lat' dir='ltr'>hominis,</span> <span class='ocrx_word' id='word_1_45' title='bbox 916 805 1091 860; x_wconf 88' lang='lat' dir='ltr'>tertia</span> <span class='ocrx_word' id='word_1_46' title='bbox 1121 809 1325 859; x_wconf 89' lang='lat' dir='ltr'>autem</span> <span class='ocrx_word' id='word_1_47' title='bbox 1374 805 1673 861; x_wconf 81' lang='lat' dir='ltr'>animalis.</span> <span class='ocrx_word' id='word_1_48' title='bbox 1708 808 1930 862; x_wconf 83' lang='lat' dir='ltr'>Revera</span> 
     </span>
    </p>
   </div>
   <div class='ocr_carea' id='block_1_10' title="bbox 277 893 1927 967">
    <p class='ocr_par' dir='ltr' id='par_1_10' title="bbox 277 893 1927 967">
     <span class='ocr_line' id='line_1_10' title="bbox 277 893 1927 967; baseline 0.001 -19"><span class='ocrx_word' id='word_1_49' title='bbox 277 895 441 949; x_wconf 89' lang='lat' dir='ltr'>enim</span> <span class='ocrx_word' id='word_1_50' title='bbox 474 894 575 950; x_wconf 88' lang='lat' dir='ltr'>Dei</span> <span class='ocrx_word' id='word_1_51' title='bbox 608 899 697 949; x_wconf 91' lang='lat' dir='ltr'>est</span> <span class='ocrx_word' id='word_1_52' title='bbox 730 895 916 967; x_wconf 85' lang='lat' dir='ltr'>imago</span> <span class='ocrx_word' id='word_1_53' title='bbox 947 894 1124 950; x_wconf 88' lang='lat' dir='ltr'>homo</span> <span class='ocrx_word' id='word_1_54' title='bbox 1152 893 1570 950; x_wconf 81' lang='lat' dir='ltr'>benefaciens:</span> <span class='ocrx_word' id='word_1_55' title='bbox 1610 913 1727 966; x_wconf 89' lang='lat' dir='ltr'>qua</span> <span class='ocrx_word' id='word_1_56' title='bbox 1778 897 1837 950; x_wconf 92' lang='lat' dir='ltr'>in</span> <span class='ocrx_word' id='word_1_57' title='bbox 1863 912 1927 950; x_wconf 90' lang='lat' dir='ltr'>re</span> 
     </span>
    </p>
   </div>
   <div class='ocr_carea' id='block_1_11' title="bbox 275 982 1927 1057">
    <p class='ocr_par' dir='ltr' id='par_1_11' title="bbox 275 982 1927 1057">
     <span class='ocr_line' id='line_1_11' title="bbox 275 982 1927 1057; baseline 0.002 -21"><span class='ocrx_word' id='word_1_58' title='bbox 275 982 404 1054; x_wconf 91' lang='lat' dir='ltr'>ipse</span> <span class='ocrx_word' id='word_1_59' title='bbox 435 984 611 1039; x_wconf 86' lang='lat' dir='ltr'>etiam</span> <span class='ocrx_word' id='word_1_60' title='bbox 641 983 933 1039; x_wconf 84' lang='lat' dir='ltr'>beneﬁcio</span> <span class='ocrx_word' id='word_1_61' title='bbox 947 982 1207 1039; x_wconf 85' lang='lat' dir='ltr'>afﬁcitur</span> <span class='ocrx_word' id='word_1_62' title='bbox 1229 1002 1243 1051; x_wconf 89' lang='lat'><strong>;</strong></span> <span class='ocrx_word' id='word_1_63' title='bbox 1268 1000 1421 1051; x_wconf 90' lang='lat' dir='ltr'>nam,</span> <span class='ocrx_word' id='word_1_64' title='bbox 1455 984 1608 1039; x_wconf 84' lang='lat' dir='ltr'>sicut</span> <span class='ocrx_word' id='word_1_65' title='bbox 1634 985 1927 1057; x_wconf 90' lang='lat' dir='ltr'>guberna-</span> 
     </span>
    </p>
   </div>
   <div class='ocr_carea' id='block_1_12' title="bbox 276 1072 1926 1145">
    <p class='ocr_par' dir='ltr' id='par_1_12' title="bbox 276 1072 1926 1145">
     <span class='ocr_line' id='line_1_12' title="bbox 276 1072 1926 1145; baseline 0.002 -20"><span class='ocrx_word' id='word_1_66' title='bbox 276 1076 388 1140; x_wconf 94' lang='lat' dir='ltr'>tor,</span> <span class='ocrx_word' id='word_1_67' title='bbox 421 1072 600 1128; x_wconf 87' lang='lat' dir='ltr'>simul</span> <span class='ocrx_word' id='word_1_68' title='bbox 634 1077 825 1128; x_wconf 85' lang='lat' dir='ltr'>servat</span> <span class='ocrx_word' id='word_1_69' title='bbox 856 1077 915 1128; x_wconf 92' lang='lat' dir='ltr'>et</span> <span class='ocrx_word' id='word_1_70' title='bbox 946 1077 1230 1128; x_wconf 77' lang='lat' dir='ltr'>servatur.</span> <span class='ocrx_word' id='word_1_71' title='bbox 1263 1073 1485 1129; x_wconf 91' lang='lat' dir='ltr'>Etideo</span> <span class='ocrx_word' id='word_1_72' title='bbox 1518 1090 1652 1129; x_wconf 89' lang='lat' dir='ltr'>cum</span> <span class='ocrx_word' id='word_1_73' title='bbox 1677 1075 1926 1145; x_wconf 87' lang='lat' dir='ltr'>quispe-</span> 
     </span>
    </p>
   </div>
   <div class='ocr_carea' id='block_1_13' title="bbox 276 1161 1928 1232">
    <p class='ocr_par' dir='ltr' id='par_1_13' title="bbox 276 1161 1928 1232">
     <span class='ocr_line' id='line_1_13' title="bbox 276 1161 1928 1232; baseline 0.001 -17"><span class='ocrx_word' id='word_1_74' title='bbox 276 1166 409 1216; x_wconf 92' lang='lat' dir='ltr'>tens</span> <span class='ocrx_word' id='word_1_75' title='bbox 437 1161 618 1217; x_wconf 82' lang='lat' dir='ltr'>fuerit</span> <span class='ocrx_word' id='word_1_76' title='bbox 639 1168 1017 1230; x_wconf 88' lang='lat' dir='ltr'>consecutus,</span> <span class='ocrx_word' id='word_1_77' title='bbox 1051 1179 1174 1218; x_wconf 88' lang='lat' dir='ltr'>non</span> <span class='ocrx_word' id='word_1_78' title='bbox 1206 1161 1351 1217; x_wconf 87' lang='lat' dir='ltr'>dicit</span> <span class='ocrx_word' id='word_1_79' title='bbox 1401 1162 1589 1232; x_wconf 88' lang='lat' dir='ltr'>danti,</span> <span class='ocrx_word' id='word_1_80' title='bbox 1623 1165 1799 1218; x_wconf 82' lang='lat' dir='ltr'>Recte</span> <span class='ocrx_word' id='word_1_81' title='bbox 1831 1162 1928 1218; x_wconf 88' lang='lat' dir='ltr'>de-</span> 
     </span>
    </p>
   </div>
   <div class='ocr_carea' id='block_1_14' title="bbox 274 1250 1925 1324">
    <p class='ocr_par' dir='ltr' id='par_1_14' title="bbox 274 1250 1925 1324">
     <span class='ocr_line' id='line_1_14' title="bbox 274 1250 1925 1324; baseline 0.001 -19"><span class='ocrx_word' id='word_1_82' title='bbox 274 1250 438 1322; x_wconf 90' lang='lat' dir='ltr'>disti,</span> <span class='ocrx_word' id='word_1_83' title='bbox 471 1251 597 1321; x_wconf 88' lang='lat' dir='ltr'>sed,</span> <span class='ocrx_word' id='word_1_84' title='bbox 622 1254 801 1308; x_wconf 83' lang='lat' dir='ltr'>Recte</span> <span class='ocrx_word' id='word_1_85' title='bbox 833 1251 1135 1324; x_wconf 89' lang='lat' dir='ltr'>accepisti.</span> <span class='ocrx_word' id='word_1_86' title='bbox 1162 1252 1250 1307; x_wconf 87' lang='lat' dir='ltr'>Ita</span> <span class='ocrx_word' id='word_1_87' title='bbox 1278 1252 1495 1323; x_wconf 89' lang='lat' dir='ltr'>accipit</span> <span class='ocrx_word' id='word_1_88' title='bbox 1526 1252 1789 1323; x_wconf 86' lang='lat' dir='ltr'>quidem,</span> <span class='ocrx_word' id='word_1_89' title='bbox 1824 1251 1925 1324; x_wconf 87' lang='lat' dir='ltr'>qui</span> 
     </span>
    </p>
   </div>
   <div class='ocr_carea' id='block_1_15' title="bbox 271 1340 1926 1413">
    <p class='ocr_par' dir='ltr' id='par_1_15' title="bbox 271 1340 1926 1413">
     <span class='ocr_line' id='line_1_15' title="bbox 271 1340 1926 1413; baseline 0 -17"><span class='ocrx_word' id='word_1_90' title='bbox 271 1340 410 1409; x_wconf 88' lang='lat' dir='ltr'>dat;</span> <span class='ocrx_word' id='word_1_91' title='bbox 446 1340 547 1396; x_wconf 93' lang='lat' dir='ltr'>dat</span> <span class='ocrx_word' id='word_1_92' title='bbox 575 1347 798 1407; x_wconf 90' lang='lat' dir='ltr'>autem,</span> <span class='ocrx_word' id='word_1_93' title='bbox 832 1342 933 1413; x_wconf 90' lang='lat' dir='ltr'>qui</span> <span class='ocrx_word' id='word_1_94' title='bbox 972 1341 1206 1413; x_wconf 89' lang='lat' dir='ltr'>accipit.</span> <span class='ocrx_word' id='word_1_95' title='bbox 1240 1343 1388 1396; x_wconf 84' lang='lat' dir='ltr'>Justi</span> <span class='ocrx_word' id='word_1_96' title='bbox 1442 1349 1628 1396; x_wconf 90' lang='lat' dir='ltr'>autem</span> <span class='ocrx_word' id='word_1_97' title='bbox 1668 1344 1926 1397; x_wconf 80' lang='lat' dir='ltr'>miseren-</span> 
     </span>
    </p>
   </div>
   <div class='ocr_carea' id='block_1_16' title="bbox 274 1429 1924 1502">
    <p class='ocr_par' dir='ltr' id='par_1_16' title="bbox 274 1429 1924 1502">
     <span class='ocr_line' id='line_1_16' title="bbox 274 1429 1924 1502; baseline -0.001 -17"><span class='ocrx_word' id='word_1_98' title='bbox 274 1436 366 1485; x_wconf 84' lang='lat' dir='ltr'>tur</span> <span class='ocrx_word' id='word_1_99' title='bbox 394 1429 471 1502; x_wconf 89' lang='lat' dir='ltr'>(a)</span> <span class='ocrx_word' id='word_1_100' title='bbox 499 1448 522 1495; x_wconf 88' lang='lat'><em>;</em></span> <span class='ocrx_word' id='word_1_101' title='bbox 554 1431 775 1501; x_wconf 81' lang='lat' dir='ltr'>benigni</span> <span class='ocrx_word' id='word_1_102' title='bbox 802 1437 987 1486; x_wconf 89' lang='lat' dir='ltr'>autem</span> <span class='ocrx_word' id='word_1_103' title='bbox 1000 1437 1160 1486; x_wconf 84' lang='lat' dir='ltr'>erunt</span> <span class='ocrx_word' id='word_1_104' title='bbox 1189 1430 1526 1486; x_wconf 84' lang='lat' dir='ltr'>habitatores</span> <span class='ocrx_word' id='word_1_105' title='bbox 1544 1438 1704 1486; x_wconf 71' lang='lat' dir='ltr'>terra:</span> <span class='ocrx_word' id='word_1_106' title='bbox 1724 1433 1924 1496; x_wconf 87' lang='lat' dir='ltr'>;inno-</span> 
     </span>
    </p>
   </div>
   <div class='ocr_carea' id='block_1_17' title="bbox 274 1514 1926 1591">
    <p class='ocr_par' dir='ltr' id='par_1_17' title="bbox 274 1514 1926 1591">
     <span class='ocr_line' id='line_1_17' title="bbox 274 1514 1926 1591; baseline 0.001 -17"><span class='ocrx_word' id='word_1_107' title='bbox 274 1526 452 1575; x_wconf 84' lang='lat' dir='ltr'>centes</span> <span class='ocrx_word' id='word_1_108' title='bbox 481 1526 665 1575; x_wconf 86' lang='lat' dir='ltr'>autem</span> <span class='ocrx_word' id='word_1_109' title='bbox 695 1520 1080 1590; x_wconf 79' lang='lat' dir='ltr'>relinquentur</span> <span class='ocrx_word' id='word_1_110' title='bbox 1106 1522 1167 1575; x_wconf 89' lang='lat' dir='ltr'>in</span> <span class='ocrx_word' id='word_1_111' title='bbox 1196 1537 1260 1575; x_wconf 92' lang='lat' dir='ltr'>ea</span> <span class='ocrx_word' id='word_1_112' title='bbox 1288 1538 1310 1584; x_wconf 88' lang='grc'><strong><em>;</em></strong></span> <span class='ocrx_word' id='word_1_113' title='bbox 1340 1523 1439 1591; x_wconf 87' lang='lat' dir='ltr'>qui</span> <span class='ocrx_word' id='word_1_114' title='bbox 1463 1514 1648 1576; x_wconf 75' lang='lat' dir='ltr'>autem</span> <span class='ocrx_word' id='word_1_115' title='bbox 1670 1523 1856 1590; x_wconf 87' lang='lat' dir='ltr'>inique</span> <span class='ocrx_word' id='word_1_116' title='bbox 1871 1537 1926 1577; x_wconf 89' lang='lat' dir='ltr'>se</span> 
     </span>
    </p>
   </div>
   <div class='ocr_carea' id='block_1_18' title="bbox 278 1609 1926 1681">
    <p class='ocr_par' dir='ltr' id='par_1_18' title="bbox 278 1609 1926 1681">
     <span class='ocr_line' id='line_1_18' title="bbox 278 1609 1926 1681; baseline -0.001 -17"><span class='ocrx_word' id='word_1_117' title='bbox 278 1615 501 1679; x_wconf 85' lang='lat' dir='ltr'>gerunt,</span> <span class='ocrx_word' id='word_1_118' title='bbox 529 1610 1049 1665; x_wconf 68' lang='lat' dir='ltr'>exterminabuntur</span> <span class='ocrx_word' id='word_1_119' title='bbox 1077 1609 1145 1664; x_wconf 90' lang='lat' dir='ltr'>ab</span> <span class='ocrx_word' id='word_1_120' title='bbox 1175 1626 1239 1664; x_wconf 86' lang='lat' dir='ltr'>ea</span> <span class='ocrx_word' id='word_1_121' title='bbox 1267 1609 1361 1681; x_wconf 89' lang='lat' dir='ltr'>(b).</span> <span class='ocrx_word' id='word_1_122' title='bbox 1406 1612 1488 1665; x_wconf 83' lang='lat' dir='ltr'>Ac</span> <span class='ocrx_word' id='word_1_123' title='bbox 1518 1609 1663 1665; x_wconf 89' lang='lat' dir='ltr'>mihi</span> <span class='ocrx_word' id='word_1_124' title='bbox 1696 1609 1926 1664; x_wconf 86' lang='lat' dir='ltr'>videtur</span> 
     </span>
    </p>
   </div>
   <div class='ocr_carea' id='block_1_19' title="bbox 276 1697 1923 1770">
    <p class='ocr_par' dir='ltr' id='par_1_19' title="bbox 276 1697 1923 1770">
     <span class='ocr_line' id='line_1_19' title="bbox 276 1697 1923 1770; baseline 0.001 -17"><span class='ocrx_word' id='word_1_125' title='bbox 276 1698 567 1753; x_wconf 86' lang='lat' dir='ltr'>Homerus</span> <span class='ocrx_word' id='word_1_126' title='bbox 598 1698 838 1753; x_wconf 79' lang='lat' dir='ltr'>fidelem</span> <span class='ocrx_word' id='word_1_127' title='bbox 869 1697 1293 1770; x_wconf 75' lang='lat' dir='ltr'>prmdivinans,</span> <span class='ocrx_word' id='word_1_128' title='bbox 1326 1698 1547 1754; x_wconf 86' lang='lat' dir='ltr'>dixisse</span> <span class='ocrx_word' id='word_1_129' title='bbox 1574 1700 1691 1753; x_wconf 91' lang='lat' dir='ltr'>:Da</span> <span class='ocrx_word' id='word_1_130' title='bbox 1726 1700 1923 1755; x_wconf 88' lang='lat' dir='ltr'>amico.</span> 
     </span>
    </p>
   </div>
   <div class='ocr_carea' id='block_1_20' title="bbox 276 1785 1927 1859">
    <p class='ocr_par' dir='ltr' id='par_1_20' title="bbox 276 1785 1927 1859">
     <span class='ocr_line' id='line_1_20' title="bbox 276 1785 1927 1859; baseline 0 -18"><span class='ocrx_word' id='word_1_131' title='bbox 276 1786 527 1843; x_wconf 92' lang='lat' dir='ltr'>Inimico</span> <span class='ocrx_word' id='word_1_132' title='bbox 559 1792 760 1843; x_wconf 88' lang='lat' dir='ltr'>autem</span> <span class='ocrx_word' id='word_1_133' title='bbox 791 1785 1101 1842; x_wconf 88' lang='lat' dir='ltr'>ferendum</span> <span class='ocrx_word' id='word_1_134' title='bbox 1125 1793 1215 1842; x_wconf 91' lang='lat' dir='ltr'>est</span> <span class='ocrx_word' id='word_1_135' title='bbox 1252 1787 1563 1859; x_wconf 80' lang='lat' dir='ltr'>auxilium,</span> <span class='ocrx_word' id='word_1_136' title='bbox 1595 1805 1669 1843; x_wconf 90' lang='lat' dir='ltr'>ne</span> <span class='ocrx_word' id='word_1_137' title='bbox 1688 1790 1927 1843; x_wconf 88' lang='lat' dir='ltr'>maneat</span> 
     </span>
    </p>
   </div>
   <div class='ocr_carea' id='block_1_21' title="bbox 279 1875 1927 1947">
    <p class='ocr_par' dir='ltr' id='par_1_21' title="bbox 279 1875 1927 1947">
     <span class='ocr_line' id='line_1_21' title="bbox 279 1875 1927 1947; baseline 0.002 -19"><span class='ocrx_word' id='word_1_138' title='bbox 279 1875 581 1931; x_wconf 91' lang='lat' dir='ltr'>inimicus.</span> <span class='ocrx_word' id='word_1_139' title='bbox 598 1875 829 1930; x_wconf 82' lang='lat' dir='ltr'>Auxilio</span> <span class='ocrx_word' id='word_1_140' title='bbox 863 1876 1023 1931; x_wconf 91' lang='lat' dir='ltr'>enim</span> <span class='ocrx_word' id='word_1_141' title='bbox 1038 1876 1292 1931; x_wconf 85' lang='lat' dir='ltr'>vincitur</span> <span class='ocrx_word' id='word_1_142' title='bbox 1312 1876 1553 1947; x_wconf 88' lang='lat' dir='ltr'>quidem</span> <span class='ocrx_word' id='word_1_143' title='bbox 1576 1876 1927 1931; x_wconf 81' lang='lat' dir='ltr'>benevolen-</span> 
     </span>
    </p>
   </div>
   <div class='ocr_carea' id='block_1_22' title="bbox 280 1963 1924 2035">
    <p class='ocr_par' dir='ltr' id='par_1_22' title="bbox 280 1963 1924 2035">
     <span class='ocr_line' id='line_1_22' title="bbox 280 1963 1924 2035; baseline 0.001 -18"><span class='ocrx_word' id='word_1_144' title='bbox 280 1963 385 2032; x_wconf 87' lang='lat' dir='ltr'>tia,</span> <span class='ocrx_word' id='word_1_145' title='bbox 418 1963 825 2019; x_wconf 86' lang='lat' dir='ltr'>dissolvuntur</span> <span class='ocrx_word' id='word_1_146' title='bbox 851 1980 986 2019; x_wconf 86' lang='lat' dir='ltr'>vero</span> <span class='ocrx_word' id='word_1_147' title='bbox 1018 1964 1369 2019; x_wconf 65' lang='lat' dir='ltr'>inimicitiae.</span> <span class='ocrx_word' id='word_1_148' title='bbox 1404 1964 1515 2019; x_wconf 89' lang='lat' dir='ltr'>Sed</span> <span class='ocrx_word' id='word_1_149' title='bbox 1560 1968 1607 2021; x_wconf 90' lang='lat' dir='ltr'>si</span> <span class='ocrx_word' id='word_1_150' title='bbox 1630 1965 1774 2020; x_wconf 84' lang='lat' dir='ltr'>adsit</span> <span class='ocrx_word' id='word_1_151' title='bbox 1804 1966 1924 2035; x_wconf 86' lang='lat' dir='ltr'>qui-</span> 
     </span>
    </p>
   </div>
   <div class='ocr_carea' id='block_1_23' title="bbox 280 2053 1921 2125">
    <p class='ocr_par' dir='ltr' id='par_1_23' title="bbox 280 2053 1921 2125">
     <span class='ocr_line' id='line_1_23' title="bbox 280 2053 1921 2125; baseline 0 -17"><span class='ocrx_word' id='word_1_152' title='bbox 280 2053 402 2108; x_wconf 89' lang='lat' dir='ltr'>dem</span> <span class='ocrx_word' id='word_1_153' title='bbox 424 2054 812 2124; x_wconf 83' lang='lat' dir='ltr'>promptitudo</span> <span class='ocrx_word' id='word_1_154' title='bbox 837 2055 1028 2121; x_wconf 87' lang='lat' dir='ltr'>animi,</span> <span class='ocrx_word' id='word_1_155' title='bbox 1053 2058 1322 2123; x_wconf 85' lang='lat' dir='ltr'>quatenus</span> <span class='ocrx_word' id='word_1_156' title='bbox 1364 2054 1545 2122; x_wconf 81' lang='lat' dir='ltr'>habet,</span> <span class='ocrx_word' id='word_1_157' title='bbox 1579 2061 1655 2109; x_wconf 91' lang='lat' dir='ltr'>est</span> <span class='ocrx_word' id='word_1_158' title='bbox 1680 2060 1921 2125; x_wconf 88' lang='lat' dir='ltr'>accepta,</span> 
     </span>
    </p>
   </div>
   <div class='ocr_carea' id='block_1_24' title="bbox 274 2143 1922 2213">
    <p class='ocr_par' dir='ltr' id='par_1_24' title="bbox 274 2143 1922 2213">
     <span class='ocr_line' id='line_1_24' title="bbox 274 2143 1922 2213; baseline 0.001 -16"><span class='ocrx_word' id='word_1_159' title='bbox 274 2158 386 2197; x_wconf 88' lang='lat' dir='ltr'>non</span> <span class='ocrx_word' id='word_1_160' title='bbox 419 2148 689 2212; x_wconf 81' lang='lat' dir='ltr'>quatenus</span> <span class='ocrx_word' id='word_1_161' title='bbox 717 2159 827 2197; x_wconf 89' lang='lat' dir='ltr'>non</span> <span class='ocrx_word' id='word_1_162' title='bbox 858 2143 1039 2197; x_wconf 87' lang='lat' dir='ltr'>habet.</span> <span class='ocrx_word' id='word_1_163' title='bbox 1070 2144 1189 2197; x_wconf 90' lang='lat' dir='ltr'>Non</span> <span class='ocrx_word' id='word_1_164' title='bbox 1216 2145 1361 2198; x_wconf 88' lang='lat' dir='ltr'>enim</span> <span class='ocrx_word' id='word_1_165' title='bbox 1389 2150 1451 2198; x_wconf 93' lang='lat' dir='ltr'>ut</span> <span class='ocrx_word' id='word_1_166' title='bbox 1501 2143 1630 2199; x_wconf 85' lang='lat' dir='ltr'>aliis</span> <span class='ocrx_word' id='word_1_167' title='bbox 1656 2146 1922 2213; x_wconf 79' lang='lat' dir='ltr'>remissio,</span> 
     </span>
    </p>
   </div>
   <div class='ocr_carea' id='block_1_25' title="bbox 281 2231 1924 2304">
    <p class='ocr_par' dir='ltr' id='par_1_25' title="bbox 281 2231 1924 2304">
     <span class='ocr_line' id='line_1_25' title="bbox 281 2231 1924 2304; baseline 0 -17"><span class='ocrx_word' id='word_1_168' title='bbox 281 2231 431 2287; x_wconf 83' lang='lat' dir='ltr'>vobis</span> <span class='ocrx_word' id='word_1_169' title='bbox 461 2238 645 2287; x_wconf 89' lang='lat' dir='ltr'>autem</span> <span class='ocrx_word' id='word_1_170' title='bbox 666 2234 919 2302; x_wconf 84' lang='lat' dir='ltr'>afﬂictio,</span> <span class='ocrx_word' id='word_1_171' title='bbox 957 2233 1052 2287; x_wconf 84' lang='lat' dir='ltr'>sed</span> <span class='ocrx_word' id='word_1_172' title='bbox 1081 2249 1150 2286; x_wconf 72' lang='lat' dir='ltr'>ea:</span> <span class='ocrx_word' id='word_1_173' title='bbox 1200 2231 1525 2303; x_wconf 68' lang='lat' dir='ltr'>aequalitate</span> <span class='ocrx_word' id='word_1_174' title='bbox 1581 2235 1639 2287; x_wconf 87' lang='lat' dir='ltr'>in</span> <span class='ocrx_word' id='word_1_175' title='bbox 1660 2236 1924 2304; x_wconf 76' lang='lat' dir='ltr'>prmsenti</span> 
     </span>
    </p>
   </div>
   <div class='ocr_carea' id='block_1_26' title="bbox 275 2322 1921 2394">
    <p class='ocr_par' dir='ltr' id='par_1_26' title="bbox 275 2322 1921 2394">
     <span class='ocr_line' id='line_1_26' title="bbox 275 2322 1921 2394; baseline 0.002 -19"><span class='ocrx_word' id='word_1_176' title='bbox 275 2326 516 2391; x_wconf 86' lang='lat' dir='ltr'>tempore</span> <span class='ocrx_word' id='word_1_177' title='bbox 545 2322 636 2392; x_wconf 83' lang='grc' dir='ltr'>(ο),</span> <span class='ocrx_word' id='word_1_178' title='bbox 670 2325 729 2375; x_wconf 89' lang='lat' dir='ltr'>et</span> <span class='ocrx_word' id='word_1_179' title='bbox 753 2337 884 2391; x_wconf 66' lang='lat' dir='ltr'>quas</span> <span class='ocrx_word' id='word_1_180' title='bbox 916 2324 1265 2391; x_wconf 90' lang='lat' dir='ltr'>sequuntur.</span> <span class='ocrx_word' id='word_1_181' title='bbox 1299 2322 1582 2392; x_wconf 86' lang='lat' dir='ltr'>Dispersit,</span> <span class='ocrx_word' id='word_1_182' title='bbox 1616 2323 1766 2377; x_wconf 83' lang='lat' dir='ltr'>dedit</span> <span class='ocrx_word' id='word_1_183' title='bbox 1774 2340 1921 2394; x_wconf 82' lang='lat' dir='ltr'>pau-</span> 
     </span>
    </p>
   </div>
   <div class='ocr_carea' id='block_1_27' title="bbox 2035 529 3693 616">
    <p class='ocr_par' dir='ltr' id='par_1_27' title="bbox 2035 529 3693 616">
     <span class='ocr_line' id='line_1_27' title="bbox 2035 529 3693 616; baseline -0.005 -22"><span class='ocrx_word' id='word_1_184' title='bbox 2035 537 2237 616; x_wconf 74' lang='grc' dir='ltr'>ληφας.</span> <span class='ocrx_word' id='word_1_185' title='bbox 2273 537 2426 594; x_wconf 69' lang='grc' dir='ltr'>Οὕτω</span> <span class='ocrx_word' id='word_1_186' title='bbox 2456 533 2725 613; x_wconf 75' lang='grc' dir='ltr'>λαμϐάνει</span> <span class='ocrx_word' id='word_1_187' title='bbox 2762 538 2856 612; x_wconf 69' lang='grc' dir='ltr'>μὲν</span> <span class='ocrx_word' id='word_1_188' title='bbox 2890 538 2918 593; x_wconf 90' lang='lat'>6</span> <span class='ocrx_word' id='word_1_189' title='bbox 2950 533 3156 603; x_wconf 75' lang='grc' dir='ltr'>διδοὺς,</span> <span class='ocrx_word' id='word_1_190' title='bbox 3192 530 3383 589; x_wconf 79' lang='grc' dir='ltr'>δίδωσι</span> <span class='ocrx_word' id='word_1_191' title='bbox 3411 530 3469 587; x_wconf 74' lang='grc' dir='ltr'>δὶ</span> <span class='ocrx_word' id='word_1_192' title='bbox 3499 532 3528 586; x_wconf 89' lang='lat'>6</span> <span class='ocrx_word' id='word_1_193' title='bbox 3550 529 3693 604; x_wconf 85' lang='grc' dir='ltr'>λαμ-</span> 
     </span>
    </p>
   </div>
   <div class='ocr_carea' id='block_1_28' title="bbox 2040 619 3690 702">
    <p class='ocr_par' dir='ltr' id='par_1_28' title="bbox 2040 619 3690 702">
     <span class='ocr_line' id='line_1_28' title="bbox 2040 619 3690 702; baseline -0.004 -21"><span class='ocrx_word' id='word_1_194' title='bbox 2040 626 2239 702; x_wconf 84' lang='grc' dir='ltr'>βάνων.</span> <span class='ocrx_word' id='word_1_195' title='bbox 2300 627 2507 685; x_wconf 87' lang='grc' dir='ltr'>Δίκαιοι</span> <span class='ocrx_word' id='word_1_196' title='bbox 2568 629 2682 701; x_wconf 84' lang='grc'>(49)</span> <span class='ocrx_word' id='word_1_197' title='bbox 2742 624 2799 682; x_wconf 72' lang='grc' dir='ltr'>δὲ</span> <span class='ocrx_word' id='word_1_198' title='bbox 2857 623 3193 702; x_wconf 78' lang='grc' dir='ltr'>οῗκτείρουσι</span> <span class='ocrx_word' id='word_1_199' title='bbox 3229 668 3243 694; x_wconf 92' lang='grc'>,</span> <span class='ocrx_word' id='word_1_200' title='bbox 3302 621 3392 678; x_wconf 78' lang='grc' dir='ltr'>καὶ</span> <span class='ocrx_word' id='word_1_201' title='bbox 3450 619 3690 677; x_wconf 67' lang='grc' dir='ltr'>ἐλεοῦσι·</span> 
     </span>
    </p>
   </div>
   <div class='ocr_carea' id='block_1_29' title="bbox 2040 708 3693 793">
    <p class='ocr_par' dir='ltr' id='par_1_29' title="bbox 2040 708 3693 793">
     <span class='ocr_line' id='line_1_29' title="bbox 2040 708 3693 793; baseline -0.005 -21"><span class='ocrx_word' id='word_1_202' title='bbox 2040 717 2270 793; x_wconf 85' lang='grc' dir='ltr'>χρηστοὶ</span> <span class='ocrx_word' id='word_1_203' title='bbox 2344 715 2401 773; x_wconf 76' lang='grc' dir='ltr'>δὲ</span> <span class='ocrx_word' id='word_1_204' title='bbox 2469 715 2679 773; x_wconf 75' lang='grc' dir='ltr'>ἔσονται</span> <span class='ocrx_word' id='word_1_205' title='bbox 2775 716 3060 793; x_wconf 79' lang='grc' dir='ltr'>οίκήτορες</span> <span class='ocrx_word' id='word_1_206' title='bbox 3144 721 3271 788; x_wconf 81' lang='grc' dir='ltr'>γῆς·</span> <span class='ocrx_word' id='word_1_207' title='bbox 3355 710 3547 767; x_wconf 75' lang='grc' dir='ltr'>ἄκακοι</span> <span class='ocrx_word' id='word_1_208' title='bbox 3631 708 3693 765; x_wconf 73' lang='grc' dir='ltr'>δὲ</span> 
     </span>
    </p>
   </div>
   <div class='ocr_carea' id='block_1_30' title="bbox 2039 801 3697 884">
    <p class='ocr_par' dir='ltr' id='par_1_30' title="bbox 2039 801 3697 884">
     <span class='ocr_line' id='line_1_30' title="bbox 2039 801 3697 884; baseline -0.003 -24"><span class='ocrx_word' id='word_1_209' title='bbox 2039 804 2536 884; x_wconf 77' lang='grc' dir='ltr'>ὑπολειφθήσονται</span> <span class='ocrx_word' id='word_1_210' title='bbox 2595 806 2687 862; x_wconf 83' lang='grc' dir='ltr'>ἀπ’</span> <span class='ocrx_word' id='word_1_211' title='bbox 2746 805 2911 875; x_wconf 78' lang='grc' dir='ltr'>αὐτῆς</span> <span class='ocrx_word' id='word_1_212' title='bbox 2943 824 2957 836; x_wconf 83' lang='grc'><em>’</em></span> <span class='ocrx_word' id='word_1_213' title='bbox 3023 805 3075 859; x_wconf 76' lang='grc' dir='ltr'>οἱ</span> <span class='ocrx_word' id='word_1_214' title='bbox 3135 801 3193 858; x_wconf 72' lang='grc' dir='ltr'>δὲ</span> <span class='ocrx_word' id='word_1_215' title='bbox 3248 805 3697 878; x_wconf 63' lang='grc' dir='ltr'>παρανομοῦντες</span> 
     </span>
    </p>
   </div>
   <div class='ocr_carea' id='block_1_31' title="bbox 2036 887 3693 972">
    <p class='ocr_par' dir='ltr' id='par_1_31' title="bbox 2036 887 3693 972">
     <span class='ocr_line' id='line_1_31' title="bbox 2036 887 3693 972; baseline -0.003 -24"><span class='ocrx_word' id='word_1_216' title='bbox 2036 892 2586 972; x_wconf 79' lang='grc' dir='ltr'>ἐξολοθρευοήσονται</span> <span class='ocrx_word' id='word_1_217' title='bbox 2645 895 2734 950; x_wconf 83' lang='grc' dir='ltr'>ἀπ’</span> <span class='ocrx_word' id='word_1_218' title='bbox 2789 893 2955 964; x_wconf 72' lang='grc' dir='ltr'>αὐτῆς</span> <span class='ocrx_word' id='word_1_219' title='bbox 2990 937 3003 950; x_wconf 94' lang='grc'>.</span> <span class='ocrx_word' id='word_1_220' title='bbox 3071 890 3178 949; x_wconf 87' lang='grc' dir='ltr'>Καί</span> <span class='ocrx_word' id='word_1_221' title='bbox 3249 911 3341 965; x_wconf 88' lang='grc' dir='ltr'>μοι</span> <span class='ocrx_word' id='word_1_222' title='bbox 3396 887 3549 944; x_wconf 83' lang='grc' dir='ltr'>δοκεῖ</span> <span class='ocrx_word' id='word_1_223' title='bbox 3596 888 3693 944; x_wconf 83' lang='grc' dir='ltr'>τὸν</span> 
     </span>
    </p>
   </div>
   <div class='ocr_carea' id='block_1_32' title="bbox 2036 979 3694 1060">
    <p class='ocr_par' dir='ltr' id='par_1_32' title="bbox 2036 979 3694 1060">
     <span class='ocr_line' id='line_1_32' title="bbox 2036 979 3694 1060; baseline 0.005 -22"><span class='ocrx_word' id='word_1_224' title='bbox 2036 985 2224 1040; x_wconf 85' lang='grc' dir='ltr'>πιστὸν</span> <span class='ocrx_word' id='word_1_225' title='bbox 2276 985 2794 1060; x_wconf 76' lang='grc' dir='ltr'>προμαντευόμενος</span> <span class='ocrx_word' id='word_1_226' title='bbox 2852 986 2966 1058; x_wconf 76' lang='grc'>(50)</span> <span class='ocrx_word' id='word_1_227' title='bbox 3032 984 3288 1055; x_wconf 82' lang='grc' dir='ltr'>Ὅμηρος</span> <span class='ocrx_word' id='word_1_228' title='bbox 3366 979 3694 1053; x_wconf 69' lang='grc' dir='ltr'>εἰρηκέναι,</span> 
     </span>
    </p>
   </div>
   <div class='ocr_carea' id='block_1_33' title="bbox 2037 1067 3689 1152">
    <p class='ocr_par' dir='ltr' id='par_1_33' title="bbox 2037 1067 3689 1152">
     <span class='ocr_line' id='line_1_33' title="bbox 2037 1067 3689 1152; baseline -0.005 -24"><span class='ocrx_word' id='word_1_229' title='bbox 2037 1074 2136 1136; x_wconf 87' lang='grc' dir='ltr'>Δὸς</span> <span class='ocrx_word' id='word_1_230' title='bbox 2189 1071 2359 1152; x_wconf 78' lang='grc' dir='ltr'>φίλῳ·</span> <span class='ocrx_word' id='word_1_231' title='bbox 2421 1074 2607 1151; x_wconf 80' lang='grc' dir='ltr'>ἐχθρῷ</span> <span class='ocrx_word' id='word_1_232' title='bbox 2659 1072 2717 1130; x_wconf 75' lang='grc' dir='ltr'>δὲ</span> <span class='ocrx_word' id='word_1_233' title='bbox 2774 1070 3184 1147; x_wconf 74' lang='grc' dir='ltr'>ἐπικουρητέον,</span> <span class='ocrx_word' id='word_1_234' title='bbox 3233 1068 3325 1124; x_wconf 72' lang='grc' dir='ltr'>’ίνα</span> <span class='ocrx_word' id='word_1_235' title='bbox 3380 1069 3463 1141; x_wconf 51' lang='grc' dir='ltr'>⁷μή</span> <span class='ocrx_word' id='word_1_236' title='bbox 3529 1067 3689 1142; x_wconf 74' lang='grc' dir='ltr'>μείνῃ</span> 
     </span>
    </p>
   </div>
   <div class='ocr_carea' id='block_1_34' title="bbox 2034 1154 3696 1241">
    <p class='ocr_par' dir='ltr' id='par_1_34' title="bbox 2034 1154 3696 1241">
     <span class='ocr_line' id='line_1_34' title="bbox 2034 1154 3696 1241; baseline -0.004 -24"><span class='ocrx_word' id='word_1_237' title='bbox 2034 1160 2252 1238; x_wconf 80' lang='grc' dir='ltr'>ἐχθρός·</span> <span class='ocrx_word' id='word_1_238' title='bbox 2285 1161 2569 1241; x_wconf 76' lang='grc' dir='ltr'>ἐπικουρία</span> <span class='ocrx_word' id='word_1_239' title='bbox 2597 1162 2701 1239; x_wconf 74' lang='grc' dir='ltr'>γὰρ</span> <span class='ocrx_word' id='word_1_240' title='bbox 2735 1165 2846 1236; x_wconf 71' lang='lat' dir='ltr'>(Si)</span> <span class='ocrx_word' id='word_1_241' title='bbox 2878 1160 3060 1232; x_wconf 80' lang='grc' dir='ltr'>εὐνοίᾳ</span> <span class='ocrx_word' id='word_1_242' title='bbox 3097 1159 3191 1232; x_wconf 74' lang='grc' dir='ltr'>μὲν</span> <span class='ocrx_word' id='word_1_243' title='bbox 3233 1154 3526 1227; x_wconf 78' lang='grc' dir='ltr'>συνδεῖται,</span> <span class='ocrx_word' id='word_1_244' title='bbox 3559 1154 3696 1212; x_wconf 78' lang='grc' dir='ltr'>λύε·</span> 
     </span>
    </p>
   </div>
   <div class='ocr_carea' id='block_1_35' title="bbox 2031 1244 3697 1329">
    <p class='ocr_par' dir='ltr' id='par_1_35' title="bbox 2031 1244 3697 1329">
     <span class='ocr_line' id='line_1_35' title="bbox 2031 1244 3697 1329; baseline -0.004 -23"><span class='ocrx_word' id='word_1_245' title='bbox 2031 1272 2119 1307; x_wconf 90' lang='grc' dir='ltr'>ται</span> <span class='ocrx_word' id='word_1_246' title='bbox 2175 1250 2233 1307; x_wconf 76' lang='grc' dir='ltr'>δὲ</span> <span class='ocrx_word' id='word_1_247' title='bbox 2289 1251 2462 1329; x_wconf 75' lang='grc' dir='ltr'>ἔχθρα</span> <span class='ocrx_word' id='word_1_248' title='bbox 2496 1296 2510 1310; x_wconf 93' lang='grc'>.</span> <span class='ocrx_word' id='word_1_249' title='bbox 2563 1250 2721 1310; x_wconf 83' lang='grc' dir='ltr'>Ἀλλ’</span> <span class='ocrx_word' id='word_1_250' title='bbox 2779 1250 2833 1306; x_wconf 78' lang='grc' dir='ltr'>εἷ’</span> <span class='ocrx_word' id='word_1_251' title='bbox 2882 1249 2973 1306; x_wconf 79' lang='grc' dir='ltr'>καὶ</span> <span class='ocrx_word' id='word_1_252' title='bbox 3044 1247 3322 1326; x_wconf 90' lang='grc' dir='ltr'>προθυμία</span> <span class='ocrx_word' id='word_1_253' title='bbox 3404 1244 3697 1323; x_wconf 87' lang='grc' dir='ltr'>πρόκειται</span> 
     </span>
    </p>
   </div>
   <div class='ocr_carea' id='block_1_36' title="bbox 2035 1329 3691 1419">
    <p class='ocr_par' dir='ltr' id='par_1_36' title="bbox 2035 1329 3691 1419">
     <span class='ocr_line' id='line_1_36' title="bbox 2035 1329 3691 1419; baseline -0.006 -21"><span class='ocrx_word' id='word_1_254' title='bbox 2035 1342 2170 1407; x_wconf 82' lang='grc' dir='ltr'>καθὸ</span> <span class='ocrx_word' id='word_1_255' title='bbox 2223 1340 2309 1397; x_wconf 76' lang='grc' dir='ltr'>ἐὰν</span> <span class='ocrx_word' id='word_1_256' title='bbox 2371 1340 2476 1418; x_wconf 77' lang='grc' dir='ltr'>ἔχῃ</span> <span class='ocrx_word' id='word_1_257' title='bbox 2508 1385 2524 1410; x_wconf 91' lang='grc'>,</span> <span class='ocrx_word' id='word_1_258' title='bbox 2582 1338 2997 1419; x_wconf 82' lang='grc' dir='ltr'>εὖπροσδεκτος,</span> <span class='ocrx_word' id='word_1_259' title='bbox 3051 1337 3112 1394; x_wconf 80' lang='grc' dir='ltr'>οὐ</span> <span class='ocrx_word' id='word_1_260' title='bbox 3167 1337 3301 1393; x_wconf 81' lang='grc' dir='ltr'>καθὸ</span> <span class='ocrx_word' id='word_1_261' title='bbox 3358 1335 3460 1391; x_wconf 74' lang='grc' dir='ltr'>οὔκ</span> <span class='ocrx_word' id='word_1_262' title='bbox 3519 1329 3638 1410; x_wconf 79' lang='grc' dir='ltr'>ἔχει</span> <span class='ocrx_word' id='word_1_263' title='bbox 3674 1351 3691 1369; x_wconf 76' lang='grc'><strong>⁸</strong></span> 
     </span>
    </p>
   </div>
   <div class='ocr_carea' id='block_1_37' title="bbox 2034 1421 3693 1508">
    <p class='ocr_par' dir='ltr' id='par_1_37' title="bbox 2034 1421 3693 1508">
     <span class='ocr_line' id='line_1_37' title="bbox 2034 1421 3693 1508; baseline -0.005 -21"><span class='ocrx_word' id='word_1_264' title='bbox 2034 1433 2099 1487; x_wconf 78' lang='grc' dir='ltr'>οὗ</span> <span class='ocrx_word' id='word_1_265' title='bbox 2146 1433 2247 1508; x_wconf 69' lang='grc' dir='ltr'>γὰρ</span> <span class='ocrx_word' id='word_1_266' title='bbox 2300 1429 2394 1487; x_wconf 66' lang='grc' dir='ltr'>’ίνα</span> <span class='ocrx_word' id='word_1_267' title='bbox 2452 1428 2648 1494; x_wconf 70' lang='grc' dir='ltr'>ἄλλοις</span> <span class='ocrx_word' id='word_1_268' title='bbox 2707 1429 2938 1501; x_wconf 78' lang='grc' dir='ltr'>ἅντεσις,</span> <span class='ocrx_word' id='word_1_269' title='bbox 3010 1429 3140 1501; x_wconf 83' lang='grc' dir='ltr'>ὑμῖν</span> <span class='ocrx_word' id='word_1_270' title='bbox 3198 1423 3256 1482; x_wconf 69' lang='grc' dir='ltr'>δὲ</span> <span class='ocrx_word' id='word_1_271' title='bbox 3314 1421 3693 1500; x_wconf 82' lang='grc' dir='ltr'>θλίψις,ἂλλ’</span> 
     </span>
    </p>
   </div>
   <div class='ocr_carea' id='block_1_38' title="bbox 2035 1514 3689 1595">
    <p class='ocr_par' dir='ltr' id='par_1_38' title="bbox 2035 1514 3689 1595">
     <span class='ocr_line' id='line_1_38' title="bbox 2035 1514 3689 1595; baseline -0.004 -19"><span class='ocrx_word' id='word_1_272' title='bbox 2035 1519 2088 1592; x_wconf 74' lang='grc' dir='ltr'>ἐξ</span> <span class='ocrx_word' id='word_1_273' title='bbox 2152 1520 2406 1593; x_wconf 76' lang='grc' dir='ltr'>ἰσότητος</span> <span class='ocrx_word' id='word_1_274' title='bbox 2496 1520 2549 1577; x_wconf 77' lang='grc' dir='ltr'>ἒν</span> <span class='ocrx_word' id='word_1_275' title='bbox 2610 1524 2689 1594; x_wconf 77' lang='grc' dir='ltr'>τῷ</span> <span class='ocrx_word' id='word_1_276' title='bbox 2780 1524 2868 1575; x_wconf 86' lang='grc' dir='ltr'>νῦν</span> <span class='ocrx_word' id='word_1_277' title='bbox 2928 1522 3152 1595; x_wconf 80' lang='grc' dir='ltr'>καιρῷ·</span> <span class='ocrx_word' id='word_1_278' title='bbox 3227 1514 3318 1572; x_wconf 82' lang='grc' dir='ltr'>καὶ</span> <span class='ocrx_word' id='word_1_279' title='bbox 3382 1514 3451 1570; x_wconf 76' lang='grc' dir='ltr'>τὰ</span> <span class='ocrx_word' id='word_1_280' title='bbox 3515 1514 3689 1586; x_wconf 66' lang='grc' dir='ltr'>ἑξῆς*</span> 
     </span>
    </p>
   </div>
   <div class='ocr_carea' id='block_1_39' title="bbox 2035 1602 3689 1689">
    <p class='ocr_par' dir='ltr' id='par_1_39' title="bbox 2035 1602 3689 1689">
     <span class='ocr_line' id='line_1_39' title="bbox 2035 1602 3689 1689; baseline -0.006 -22"><span class='ocrx_word' id='word_1_281' title='bbox 2035 1611 2384 1688; x_wconf 80' lang='grc' dir='ltr'>Ἐσκόρπισεν</span> <span class='ocrx_word' id='word_1_282' title='bbox 2420 1657 2437 1685; x_wconf 86' lang='grc'>,</span> <span class='ocrx_word' id='word_1_283' title='bbox 2490 1604 2691 1666; x_wconf 81' lang='grc' dir='ltr'>ἔδωκεν</span> <span class='ocrx_word' id='word_1_284' title='bbox 2766 1614 2886 1672; x_wconf 81' lang='grc' dir='ltr'>τοῖς</span> <span class='ocrx_word' id='word_1_285' title='bbox 2940 1608 3165 1678; x_wconf 67' lang='grc' dir='ltr'>πένησιν</span> <span class='ocrx_word' id='word_1_286' title='bbox 3200 1625 3214 1640; x_wconf 78' lang='grc'><strong><em>⁸</em></strong></span> <span class='ocrx_word' id='word_1_287' title='bbox 3370 1602 3689 1673; x_wconf 76' lang='grc' dir='ltr'>δικαιοσύνη</span> 
     </span>
    </p>
   </div>
   <div class='ocr_carea' id='block_1_40' title="bbox 2034 1691 3691 1775">
    <p class='ocr_par' dir='ltr' id='par_1_40' title="bbox 2034 1691 3691 1775">
     <span class='ocr_line' id='line_1_40' title="bbox 2034 1691 3691 1775; baseline -0.005 -20"><span class='ocrx_word' id='word_1_288' title='bbox 2034 1698 2199 1755; x_wconf 81' lang='grc' dir='ltr'>αὐτοῦ</span> <span class='ocrx_word' id='word_1_289' title='bbox 2240 1701 2385 1774; x_wconf 76' lang='grc' dir='ltr'>μένει</span> <span class='ocrx_word' id='word_1_290' title='bbox 2448 1700 2526 1758; x_wconf 87' lang='grc' dir='ltr'>εἰς</span> <span class='ocrx_word' id='word_1_291' title='bbox 2580 1699 2674 1755; x_wconf 79' lang='grc' dir='ltr'>τὸν</span> <span class='ocrx_word' id='word_1_292' title='bbox 2729 1700 2925 1767; x_wconf 80' lang='grc' dir='ltr'>αἰῶνα,</span> <span class='ocrx_word' id='word_1_293' title='bbox 2955 1700 2990 1768; x_wconf 75' lang='grc' dir='ltr'><strong>ἡ</strong></span> <span class='ocrx_word' id='word_1_294' title='bbox 3023 1696 3209 1775; x_wconf 76' lang='grc' dir='ltr'>Γραφή</span> <span class='ocrx_word' id='word_1_295' title='bbox 3267 1693 3439 1771; x_wconf 72' lang='grc' dir='ltr'>λέγει.</span> <span class='ocrx_word' id='word_1_296' title='bbox 3472 1691 3553 1751; x_wconf 85' lang='lat' dir='ltr'>T6</span> <span class='ocrx_word' id='word_1_297' title='bbox 3583 1691 3691 1766; x_wconf 79' lang='grc' dir='ltr'>γὰρ</span> 
     </span>
    </p>
   </div>
   <div class='ocr_carea' id='block_1_41' title="bbox 2035 1778 3694 1864">
    <p class='ocr_par' dir='ltr' id='par_1_41' title="bbox 2035 1778 3694 1864">
     <span class='ocr_line' id='line_1_41' title="bbox 2035 1778 3694 1864; baseline -0.007 -20"><span class='ocrx_word' id='word_1_298' title='bbox 2035 1791 2151 1844; x_wconf 87' lang='grc' dir='ltr'>κατ’</span> <span class='ocrx_word' id='word_1_299' title='bbox 2203 1788 2386 1844; x_wconf 74' lang='grc' dir='ltr'>εἰκόνα</span> <span class='ocrx_word' id='word_1_300' title='bbox 2444 1791 2556 1864; x_wconf 84' lang='grc'>(52)</span> <span class='ocrx_word' id='word_1_301' title='bbox 2586 1789 2678 1844; x_wconf 84' lang='grc' dir='ltr'>καὶ</span> <span class='ocrx_word' id='word_1_302' title='bbox 2738 1788 3031 1862; x_wconf 82' lang='grc' dir='ltr'>ὁμοίωσιν,</span> <span class='ocrx_word' id='word_1_303' title='bbox 3090 1785 3167 1848; x_wconf 81' lang='grc' dir='ltr'>ὡς</span> <span class='ocrx_word' id='word_1_304' title='bbox 3222 1783 3313 1839; x_wconf 84' lang='grc' dir='ltr'>καὶ</span> <span class='ocrx_word' id='word_1_305' title='bbox 3342 1781 3574 1857; x_wconf 79' lang='grc' dir='ltr'>πρόσθεν</span> <span class='ocrx_word' id='word_1_306' title='bbox 3609 1778 3694 1834; x_wconf 80' lang='grc' dir='ltr'>εί-</span> 
     </span>
    </p>
   </div>
   <div class='ocr_carea' id='block_1_42' title="bbox 2041 1869 3690 1954">
    <p class='ocr_par' dir='ltr' id='par_1_42' title="bbox 2041 1869 3690 1954">
     <span class='ocr_line' id='line_1_42' title="bbox 2041 1869 3690 1954; baseline -0.007 -21"><span class='ocrx_word' id='word_1_307' title='bbox 2041 1878 2406 1954; x_wconf 77' lang='grc' dir='ltr'>ρήκαμεν.οὖ</span> <span class='ocrx_word' id='word_1_308' title='bbox 2446 1878 2508 1933; x_wconf 88' lang='grc' dir='ltr'>τὸ</span> <span class='ocrx_word' id='word_1_309' title='bbox 2566 1878 2702 1933; x_wconf 72' lang='grc' dir='ltr'>κατὰ</span> <span class='ocrx_word' id='word_1_310' title='bbox 2758 1880 2919 1949; x_wconf 81' lang='grc' dir='ltr'>σῶμα</span> <span class='ocrx_word' id='word_1_311' title='bbox 2980 1875 3241 1949; x_wconf 71' lang='grc' dir='ltr'>μηνύεται</span> <span class='ocrx_word' id='word_1_312' title='bbox 3302 1870 3387 1946; x_wconf 76' lang='grc' dir='ltr'>(οὗ</span> <span class='ocrx_word' id='word_1_313' title='bbox 3442 1869 3545 1945; x_wconf 80' lang='grc' dir='ltr'>γὰρ</span> <span class='ocrx_word' id='word_1_314' title='bbox 3597 1869 3690 1922; x_wconf 72' lang='lat' dir='ltr'>0’s-</span> 
     </span>
    </p>
   </div>
   <div class='ocr_carea' id='block_1_43' title="bbox 2036 1956 3687 2042">
    <p class='ocr_par' dir='ltr' id='par_1_43' title="bbox 2036 1956 3687 2042">
     <span class='ocr_line' id='line_1_43' title="bbox 2036 1956 3687 2042; baseline -0.006 -20"><span class='ocrx_word' id='word_1_315' title='bbox 2036 1988 2127 2042; x_wconf 89' lang='grc' dir='ltr'>μις</span> <span class='ocrx_word' id='word_1_316' title='bbox 2186 1966 2376 2039; x_wconf 84' lang='grc' dir='ltr'>θνητόν</span> <span class='ocrx_word' id='word_1_317' title='bbox 2428 1967 2676 2040; x_wconf 70' lang='grc' dir='ltr'>ἆθαιάτῳ</span> <span class='ocrx_word' id='word_1_318' title='bbox 2735 1965 3188 2039; x_wconf 76' lang='grc' dir='ltr'>ἐξομοιοῦσθαι),</span> <span class='ocrx_word' id='word_1_319' title='bbox 3258 1960 3386 2017; x_wconf 76' lang='grc' dir='ltr'>ἀλλ’</span> <span class='ocrx_word' id='word_1_320' title='bbox 3452 1958 3488 2028; x_wconf 81' lang='grc' dir='ltr'><strong>ἢ</strong></span> <span class='ocrx_word' id='word_1_321' title='bbox 3546 1956 3687 2013; x_wconf 80' lang='grc' dir='ltr'>κατᾶ</span> 
     </span>
    </p>
   </div>
   <div class='ocr_carea' id='block_1_44' title="bbox 2029 2049 3682 2130">
    <p class='ocr_par' dir='ltr' id='par_1_44' title="bbox 2029 2049 3682 2130">
     <span class='ocr_line' id='line_1_44' title="bbox 2029 2049 3682 2130; baseline -0.006 -19"><span class='ocrx_word' id='word_1_322' title='bbox 2029 2061 2153 2111; x_wconf 90' lang='grc' dir='ltr'>νοῦν</span> <span class='ocrx_word' id='word_1_323' title='bbox 2209 2057 2299 2111; x_wconf 83' lang='grc' dir='ltr'>καὶ</span> <span class='ocrx_word' id='word_1_324' title='bbox 2356 2054 2645 2130; x_wconf 84' lang='grc' dir='ltr'>λογισμόν·</span> <span class='ocrx_word' id='word_1_325' title='bbox 2695 2056 2741 2129; x_wconf 80' lang='grc' dir='ltr'>ᾧ</span> <span class='ocrx_word' id='word_1_326' title='bbox 2772 2056 2860 2111; x_wconf 86' lang='grc' dir='ltr'>καὶ</span> <span class='ocrx_word' id='word_1_327' title='bbox 2916 2055 3016 2124; x_wconf 82' lang='grc' dir='ltr'>τήν</span> <span class='ocrx_word' id='word_1_328' title='bbox 3074 2052 3210 2129; x_wconf 84' lang='grc' dir='ltr'>πρὸς</span> <span class='ocrx_word' id='word_1_329' title='bbox 3256 2050 3321 2106; x_wconf 83' lang='grc' dir='ltr'>τὸ</span> <span class='ocrx_word' id='word_1_330' title='bbox 3378 2049 3682 2124; x_wconf 77' lang='grc' dir='ltr'>εὐεργετεῖν</span> 
     </span>
    </p>
   </div>
   <div class='ocr_carea' id='block_1_45' title="bbox 2031 2137 3680 2222">
    <p class='ocr_par' dir='ltr' id='par_1_45' title="bbox 2031 2137 3680 2222">
     <span class='ocr_line' id='line_1_45' title="bbox 2031 2137 3680 2222; baseline -0.007 -19"><span class='ocrx_word' id='word_1_331' title='bbox 2031 2146 2120 2203; x_wconf 85' lang='grc' dir='ltr'>καὶ</span> <span class='ocrx_word' id='word_1_332' title='bbox 2150 2146 2249 2215; x_wconf 66' lang='grc' dir='ltr'>τὴν</span> <span class='ocrx_word' id='word_1_333' title='bbox 2298 2146 2437 2221; x_wconf 86' lang='grc' dir='ltr'>πρὸς</span> <span class='ocrx_word' id='word_1_334' title='bbox 2486 2146 2550 2201; x_wconf 88' lang='grc' dir='ltr'>τὸ</span> <span class='ocrx_word' id='word_1_335' title='bbox 2609 2142 2797 2222; x_wconf 75' lang='grc' dir='ltr'>ἄρχειν</span> <span class='ocrx_word' id='word_1_336' title='bbox 2858 2144 3163 2220; x_wconf 79' lang='grc' dir='ltr'>ὁμοιότητα</span> <span class='ocrx_word' id='word_1_337' title='bbox 3226 2138 3616 2217; x_wconf 81' lang='grc' dir='ltr'>προσηκόντως</span> <span class='ocrx_word' id='word_1_338' title='bbox 3649 2137 3680 2191; x_wconf 98' lang='lat'>6</span> 
     </span>
    </p>
   </div>
   <div class='ocr_carea' id='block_1_46' title="bbox 2030 2227 3678 2312">
    <p class='ocr_par' dir='ltr' id='par_1_46' title="bbox 2030 2227 3678 2312">
     <span class='ocr_line' id='line_1_46' title="bbox 2030 2227 3678 2312; baseline -0.006 -22"><span class='ocrx_word' id='word_1_339' title='bbox 2030 2234 2234 2310; x_wconf 76' lang='grc' dir='ltr'>Κύριος</span> <span class='ocrx_word' id='word_1_340' title='bbox 2269 2234 2690 2312; x_wconf 74' lang='grc' dir='ltr'>ἑνσφραγίζεται·</span> <span class='ocrx_word' id='word_1_341' title='bbox 2734 2234 2796 2289; x_wconf 82' lang='grc' dir='ltr'>οῦ</span> <span class='ocrx_word' id='word_1_342' title='bbox 2845 2234 2949 2309; x_wconf 71' lang='grc' dir='ltr'>γὰρ</span> <span class='ocrx_word' id='word_1_343' title='bbox 2981 2234 3036 2288; x_wconf 74' lang='grc' dir='ltr'>αἱ</span> <span class='ocrx_word' id='word_1_344' title='bbox 3082 2228 3378 2306; x_wconf 74' lang='grc' dir='ltr'>ἡγεμονίαι</span> <span class='ocrx_word' id='word_1_345' title='bbox 3408 2227 3678 2300; x_wconf 76' lang='grc' dir='ltr'>σωμάτων</span> 
     </span>
    </p>
   </div>
   <div class='ocr_carea' id='block_1_47' title="bbox 2031 2313 3681 2397">
    <p class='ocr_par' dir='ltr' id='par_1_47' title="bbox 2031 2313 3681 2397">
     <span class='ocr_line' id='line_1_47' title="bbox 2031 2313 3681 2397; baseline -0.005 -18"><span class='ocrx_word' id='word_1_346' title='bbox 2031 2323 2342 2394; x_wconf 80' lang='grc' dir='ltr'>ποιότησιν,</span> <span class='ocrx_word' id='word_1_347' title='bbox 2365 2321 2514 2380; x_wconf 70' lang='grc' dir='ltr'>ἀλλὰ</span> <span class='ocrx_word' id='word_1_348' title='bbox 2536 2321 2995 2397; x_wconf 84' lang='grc' dir='ltr'>διανοίαςκρίσεσι</span> <span class='ocrx_word' id='word_1_349' title='bbox 3014 2320 3422 2395; x_wconf 68' lang='grc' dir='ltr'>κατορθοῦγθαν</span> <span class='ocrx_word' id='word_1_350' title='bbox 3451 2313 3681 2392; x_wconf 78' lang='grc' dir='ltr'>βουλαῖς</span> 
     </span>
    </p>
   </div>
   <div class='ocr_carea' id='block_1_48' title="bbox 261 2403 1925 2489">
    <p class='ocr_par' dir='ltr' id='par_1_48' title="bbox 261 2410 1925 2483">
     <span class='ocr_line' id='line_1_48' title="bbox 261 2410 1925 2483; baseline 0.002 -19"><span class='ocrx_word' id='word_1_351' title='bbox 261 2410 491 2481; x_wconf 85' lang='lat' dir='ltr'>peribus</span> <span class='ocrx_word' id='word_1_352' title='bbox 517 2428 528 2464; x_wconf 92' lang='lat'><strong>:</strong></span> <span class='ocrx_word' id='word_1_353' title='bbox 543 2410 773 2480; x_wconf 85' lang='lat' dir='ltr'>justitia</span> <span class='ocrx_word' id='word_1_354' title='bbox 799 2411 915 2481; x_wconf 85' lang='lat' dir='ltr'>ejus</span> <span class='ocrx_word' id='word_1_355' title='bbox 945 2417 1126 2466; x_wconf 85' lang='lat' dir='ltr'>manet</span> <span class='ocrx_word' id='word_1_356' title='bbox 1156 2413 1215 2465; x_wconf 89' lang='lat' dir='ltr'>in</span> <span class='ocrx_word' id='word_1_357' title='bbox 1242 2411 1499 2466; x_wconf 76' lang='lat' dir='ltr'>saeculum</span> <span class='ocrx_word' id='word_1_358' title='bbox 1529 2413 1715 2467; x_wconf 60' lang='lat' dir='ltr'>seculi</span> <span class='ocrx_word' id='word_1_359' title='bbox 1734 2414 1925 2483; x_wconf 85' lang='lat' dir='ltr'>(d),ait</span> 
     </span>
    </p>
   </div>
   <div class='ocr_carea' id='block_1_49' title="bbox 2039 2403 3678 2489">
    <p class='ocr_par' dir='ltr' id='par_1_49' title="bbox 2039 2403 3678 2489">
     <span class='ocr_line' id='line_1_49' title="bbox 2039 2403 3678 2489; baseline -0.003 -22"><span class='ocrx_word' id='word_1_360' title='bbox 2039 2413 2134 2489; x_wconf 70' lang='grc' dir='ltr'>γὰρ</span> <span class='ocrx_word' id='word_1_361' title='bbox 2165 2409 2371 2487; x_wconf 79' lang='grc' dir='ltr'>ἀνδρῶν</span> <span class='ocrx_word' id='word_1_362' title='bbox 2400 2411 2565 2467; x_wconf 83' lang='grc' dir='ltr'>ὁσίων</span> <span class='ocrx_word' id='word_1_363' title='bbox 2599 2412 2655 2468; x_wconf 83' lang='grc' dir='ltr'>εῦ</span> <span class='ocrx_word' id='word_1_364' title='bbox 2681 2412 2776 2485; x_wconf 77' lang='grc' dir='ltr'>μὶν</span> <span class='ocrx_word' id='word_1_365' title='bbox 2810 2410 3082 2467; x_wconf 74' lang='grc' dir='ltr'>οἰκοῦνται</span> <span class='ocrx_word' id='word_1_366' title='bbox 3113 2408 3326 2481; x_wconf 87' lang='grc' dir='ltr'>πόλεις,</span> <span class='ocrx_word' id='word_1_367' title='bbox 3351 2405 3408 2462; x_wconf 86' lang='grc' dir='ltr'>εῦ</span> <span class='ocrx_word' id='word_1_368' title='bbox 3433 2403 3479 2461; x_wconf 83' lang='grc' dir='ltr'>δ’</span> <span class='ocrx_word' id='word_1_369' title='bbox 3510 2406 3678 2467; x_wconf 72' lang='grc' dir='ltr'>οἶκος.</span> 
     </span>
    </p>
   </div>
   <div class='ocr_carea' id='block_1_50' title="bbox 270 2497 3683 2574">
    <p class='ocr_par' dir='ltr' id='par_1_50' title="bbox 270 2497 3683 2574">
     <span class='ocr_line' id='line_1_50' title="bbox 270 2497 3683 2574; baseline -0.001 -22"><span class='ocrx_word' id='word_1_370' title='bbox 270 2497 593 2570; x_wconf 89' lang='lat' dir='ltr'>Scriptura.</span> <span class='ocrx_word' id='word_1_371' title='bbox 626 2497 790 2563; x_wconf 90' lang='lat' dir='ltr'>Quod</span> <span class='ocrx_word' id='word_1_372' title='bbox 822 2498 981 2553; x_wconf 90' lang='lat' dir='ltr'>enim</span> <span class='ocrx_word' id='word_1_373' title='bbox 1013 2497 1195 2553; x_wconf 88' lang='lat' dir='ltr'>estad</span> <span class='ocrx_word' id='word_1_374' title='bbox 1227 2498 1547 2571; x_wconf 82' lang='lat' dir='ltr'>imaginem</span> <span class='ocrx_word' id='word_1_375' title='bbox 1579 2504 1639 2554; x_wconf 90' lang='lat' dir='ltr'>et</span> <span class='ocrx_word' id='word_1_376' title='bbox 1668 2500 2144 2572; x_wconf 86' lang='lat' dir='ltr'>similitudinem,</span> <span class='ocrx_word' id='word_1_377' title='bbox 2178 2502 2332 2557; x_wconf 87' lang='lat' dir='ltr'>sicut</span> <span class='ocrx_word' id='word_1_378' title='bbox 2362 2502 2540 2557; x_wconf 89' lang='lat' dir='ltr'>etiam</span> <span class='ocrx_word' id='word_1_379' title='bbox 2569 2502 2736 2574; x_wconf 90' lang='lat' dir='ltr'>prius</span> <span class='ocrx_word' id='word_1_380' title='bbox 2768 2501 3045 2569; x_wconf 85' lang='lat' dir='ltr'>diximus,</span> <span class='ocrx_word' id='word_1_381' title='bbox 3066 2516 3186 2557; x_wconf 91' lang='lat' dir='ltr'>non</span> <span class='ocrx_word' id='word_1_382' title='bbox 3214 2499 3407 2554; x_wconf 89' lang='lat' dir='ltr'>elucet</span> <span class='ocrx_word' id='word_1_383' title='bbox 3437 2508 3683 2567; x_wconf 86' lang='lat' dir='ltr'>corpore</span> 
     </span>
    </p>
   </div>
   <div class='ocr_carea' id='block_1_51' title="bbox 274 2585 3683 2665">
    <p class='ocr_par' dir='ltr' id='par_1_51' title="bbox 274 2585 3683 2665">
     <span class='ocr_line' id='line_1_51' title="bbox 274 2585 3683 2665; baseline -0 -23"><span class='ocrx_word' id='word_1_384' title='bbox 274 2586 467 2659; x_wconf 79' lang='lat' dir='ltr'>(nefas</span> <span class='ocrx_word' id='word_1_385' title='bbox 498 2588 657 2643; x_wconf 90' lang='lat' dir='ltr'>enim</span> <span class='ocrx_word' id='word_1_386' title='bbox 689 2593 799 2659; x_wconf 89' lang='lat' dir='ltr'>est,</span> <span class='ocrx_word' id='word_1_387' title='bbox 832 2587 1083 2644; x_wconf 86' lang='lat' dir='ltr'>mortale</span> <span class='ocrx_word' id='word_1_388' title='bbox 1114 2587 1432 2644; x_wconf 89' lang='lat' dir='ltr'>assimilari</span> <span class='ocrx_word' id='word_1_389' title='bbox 1456 2589 1822 2661; x_wconf 88' lang='lat' dir='ltr'>immortali),</span> <span class='ocrx_word' id='word_1_390' title='bbox 1846 2590 1951 2646; x_wconf 92' lang='lat' dir='ltr'>sed</span> <span class='ocrx_word' id='word_1_391' title='bbox 1982 2596 2178 2647; x_wconf 90' lang='lat' dir='ltr'>mente</span> <span class='ocrx_word' id='word_1_392' title='bbox 2210 2608 2278 2647; x_wconf 93' lang='lat' dir='ltr'>ac</span> <span class='ocrx_word' id='word_1_393' title='bbox 2309 2592 2538 2649; x_wconf 88' lang='lat' dir='ltr'>ratione</span> <span class='ocrx_word' id='word_1_394' title='bbox 2570 2608 2584 2648; x_wconf 89' lang='lat'>:</span> <span class='ocrx_word' id='word_1_395' title='bbox 2620 2609 2738 2665; x_wconf 92' lang='lat' dir='ltr'>qua</span> <span class='ocrx_word' id='word_1_396' title='bbox 2768 2597 2827 2648; x_wconf 91' lang='lat' dir='ltr'>et</span> <span class='ocrx_word' id='word_1_397' title='bbox 2875 2609 3029 2659; x_wconf 86' lang='lat' dir='ltr'>eam,</span> <span class='ocrx_word' id='word_1_398' title='bbox 3063 2607 3194 2662; x_wconf 75' lang='lat' dir='ltr'>quas</span> <span class='ocrx_word' id='word_1_399' title='bbox 3226 2594 3317 2645; x_wconf 92' lang='lat' dir='ltr'>est</span> <span class='ocrx_word' id='word_1_400' title='bbox 3344 2586 3406 2643; x_wconf 88' lang='lat' dir='ltr'>in</span> <span class='ocrx_word' id='word_1_401' title='bbox 3437 2585 3683 2642; x_wconf 82' lang='lat' dir='ltr'>benefa-</span> 
     </span>
    </p>
   </div>
   <div class='ocr_carea' id='block_1_52' title="bbox 276 2675 3681 2753">
    <p class='ocr_par' dir='ltr' id='par_1_52' title="bbox 276 2675 3681 2753">
     <span class='ocr_line' id='line_1_52' title="bbox 276 2675 3681 2753; baseline -0.001 -22"><span class='ocrx_word' id='word_1_402' title='bbox 276 2675 509 2744; x_wconf 90' lang='lat' dir='ltr'>ciendo,</span> <span class='ocrx_word' id='word_1_403' title='bbox 546 2682 605 2732; x_wconf 89' lang='lat' dir='ltr'>et</span> <span class='ocrx_word' id='word_1_404' title='bbox 633 2693 784 2746; x_wconf 89' lang='lat' dir='ltr'>eam,</span> <span class='ocrx_word' id='word_1_405' title='bbox 816 2693 947 2747; x_wconf 66' lang='lat' dir='ltr'>qua)</span> <span class='ocrx_word' id='word_1_406' title='bbox 978 2677 1038 2731; x_wconf 93' lang='lat' dir='ltr'>in</span> <span class='ocrx_word' id='word_1_407' title='bbox 1067 2677 1437 2750; x_wconf 86' lang='lat' dir='ltr'>imperando,</span> <span class='ocrx_word' id='word_1_408' title='bbox 1471 2677 1746 2751; x_wconf 81' lang='lat' dir='ltr'>obsignat</span> <span class='ocrx_word' id='word_1_409' title='bbox 1774 2680 2060 2736; x_wconf 89' lang='lat' dir='ltr'>Dominus</span> <span class='ocrx_word' id='word_1_410' title='bbox 2094 2681 2570 2737; x_wconf 89' lang='lat' dir='ltr'>similitudinem.</span> <span class='ocrx_word' id='word_1_411' title='bbox 2604 2683 2729 2737; x_wconf 90' lang='lat' dir='ltr'>Non</span> <span class='ocrx_word' id='word_1_412' title='bbox 2777 2680 2937 2737; x_wconf 91' lang='lat' dir='ltr'>enim</span> <span class='ocrx_word' id='word_1_413' title='bbox 2967 2679 3335 2753; x_wconf 87' lang='lat' dir='ltr'>principatus</span> <span class='ocrx_word' id='word_1_414' title='bbox 3367 2690 3681 2748; x_wconf 90' lang='lat' dir='ltr'>corporum</span> 
     </span>
    </p>
   </div>
   <div class='ocr_carea' id='block_1_53' title="bbox 274 2765 3675 2841">
    <p class='ocr_par' dir='ltr' id='par_1_53' title="bbox 274 2765 3675 2841">
     <span class='ocr_line' id='line_1_53' title="bbox 274 2765 3675 2841; baseline -0 -21"><span class='ocrx_word' id='word_1_415' title='bbox 274 2765 681 2837; x_wconf 89' lang='lat' dir='ltr'>qualitatibus,</span> <span class='ocrx_word' id='word_1_416' title='bbox 712 2766 816 2821; x_wconf 92' lang='lat' dir='ltr'>sed</span> <span class='ocrx_word' id='word_1_417' title='bbox 838 2766 1066 2839; x_wconf 88' lang='lat' dir='ltr'>judicio</span> <span class='ocrx_word' id='word_1_418' title='bbox 1098 2767 1316 2823; x_wconf 91' lang='lat' dir='ltr'>mentis</span> <span class='ocrx_word' id='word_1_419' title='bbox 1346 2774 1504 2825; x_wconf 88' lang='lat' dir='ltr'>recte</span> <span class='ocrx_word' id='word_1_420' title='bbox 1526 2774 1834 2841; x_wconf 86' lang='lat' dir='ltr'>geruntur.</span> <span class='ocrx_word' id='word_1_421' title='bbox 1868 2771 2219 2827; x_wconf 90' lang='lat' dir='ltr'>Sanctorum</span> <span class='ocrx_word' id='word_1_422' title='bbox 2280 2772 2442 2827; x_wconf 90' lang='lat' dir='ltr'>enim</span> <span class='ocrx_word' id='word_1_423' title='bbox 2501 2771 2762 2828; x_wconf 89' lang='lat' dir='ltr'>virorum</span> <span class='ocrx_word' id='word_1_424' title='bbox 2821 2769 3088 2827; x_wconf 90' lang='lat' dir='ltr'>consiliis</span> <span class='ocrx_word' id='word_1_425' title='bbox 3114 2767 3179 2833; x_wconf 76' lang='lat' dir='ltr'>&gt;X&lt;</span> <span class='ocrx_word' id='word_1_426' title='bbox 3226 2767 3493 2824; x_wconf 87' lang='lat' dir='ltr'>civitates</span> <span class='ocrx_word' id='word_1_427' title='bbox 3523 2770 3675 2821; x_wconf 86' lang='lat' dir='ltr'>recte</span> 
     </span>
    </p>
   </div>
   <div class='ocr_carea' id='block_1_54' title="bbox 270 2854 1331 2927">
    <p class='ocr_par' dir='ltr' id='par_1_54' title="bbox 270 2854 1331 2927">
     <span class='ocr_line' id='line_1_54' title="bbox 270 2854 1331 2927; baseline 0.002 -16"><span class='ocrx_word' id='word_1_428' title='bbox 270 2854 791 2927; x_wconf 82' lang='lat' dir='ltr'>administrantur,</span> <span class='ocrx_word' id='word_1_429' title='bbox 825 2859 884 2911; x_wconf 89' lang='lat' dir='ltr'>et</span> <span class='ocrx_word' id='word_1_430' title='bbox 910 2860 1069 2912; x_wconf 90' lang='lat' dir='ltr'>recte</span> <span class='ocrx_word' id='word_1_431' title='bbox 1100 2855 1331 2913; x_wconf 88' lang='lat' dir='ltr'>domus.</span> 
     </span>
    </p>
   </div>
   <div class='ocr_carea' id='block_1_55' title="bbox 1786 3003 2163 3060">
    <p class='ocr_par' dir='ltr' id='par_1_55' title="bbox 1786 3003 2163 3060">
     <span class='ocr_line' id='line_1_55' title="bbox 1786 3003 2163 3060; baseline 0.003 -2"><span class='ocrx_word' id='word_1_432' title='bbox 1786 3003 2017 3060; x_wconf 86' lang='lat' dir='ltr'>CAPUT</span> <span class='ocrx_word' id='word_1_433' title='bbox 2045 3004 2163 3060; x_wconf 82' lang='lat' dir='ltr'>XX.</span> 
     </span>
    </p>
   </div>
   <div class='ocr_carea' id='block_1_56' title="bbox 1098 3104 2854 3166">
    <p class='ocr_par' dir='ltr' id='par_1_56' title="bbox 1098 3104 2854 3166">
     <span class='ocr_line' id='line_1_56' title="bbox 1098 3104 2854 3166; baseline 0.002 -4"><span class='ocrx_word' id='word_1_434' title='bbox 1098 3104 1300 3163; x_wconf 83' lang='lat' dir='ltr'>Verum</span> <span class='ocrx_word' id='word_1_435' title='bbox 1347 3106 1661 3165; x_wconf 86' lang='lat' dir='ltr'>Gnosticum</span> <span class='ocrx_word' id='word_1_436' title='bbox 1687 3108 2036 3166; x_wconf 81' lang='lat' dir='ltr'>tolerantiam</span> <span class='ocrx_word' id='word_1_437' title='bbox 2076 3115 2131 3165; x_wconf 83' lang='lat' dir='ltr'>et</span> <span class='ocrx_word' id='word_1_438' title='bbox 2159 3109 2547 3166; x_wconf 87' lang='lat' dir='ltr'>abstinentiam</span> <span class='ocrx_word' id='word_1_439' title='bbox 2586 3123 2854 3166; x_wconf 70' lang='lat' dir='ltr'>exercere.</span> 
     </span>
    </p>
   </div>
   <div class='ocr_carea' id='block_1_57' title="bbox 346 3226 1925 3310">
    <p class='ocr_par' dir='ltr' id='par_1_57' title="bbox 346 3226 1925 3305">
     <span class='ocr_line' id='line_1_57' title="bbox 346 3226 1925 3305; baseline 0.003 -19"><span class='ocrx_word' id='word_1_440' title='bbox 346 3231 528 3287; x_wconf 90' lang='lat' dir='ltr'>Porro</span> <span class='ocrx_word' id='word_1_441' title='bbox 551 3235 748 3287; x_wconf 90' lang='lat' dir='ltr'>autem</span> <span class='ocrx_word' id='word_1_442' title='bbox 776 3226 1234 3304; x_wconf 88' lang='lat' dir='ltr'>tolerantiaipsa</span> <span class='ocrx_word' id='word_1_443' title='bbox 1257 3248 1494 3305; x_wconf 88' lang='lat' dir='ltr'>quoque</span> <span class='ocrx_word' id='word_1_444' title='bbox 1525 3233 1833 3290; x_wconf 87' lang='lat' dir='ltr'>contendit</span> <span class='ocrx_word' id='word_1_445' title='bbox 1852 3234 1925 3290; x_wconf 88' lang='lat' dir='ltr'>ad</span> 
     </span>
    </p>
   </div>
   <div class='ocr_carea' id='block_1_58' title="bbox 2039 3226 3677 3310">
    <p class='ocr_par' dir='ltr' id='par_1_58' title="bbox 2103 3227 3677 3310">
     <span class='ocr_line' id='line_1_58' title="bbox 2103 3227 3677 3310; baseline -0.004 -20"><span class='ocrx_word' id='word_1_446' title='bbox 2103 3233 2173 3290; x_wconf 84' lang='grc' dir='ltr'><strong><em>Ἣ</em></strong></span> <span class='ocrx_word' id='word_1_447' title='bbox 2230 3253 2293 3307; x_wconf 74' lang='grc' dir='ltr'>γε</span> <span class='ocrx_word' id='word_1_448' title='bbox 2336 3234 2443 3307; x_wconf 81' lang='grc' dir='ltr'>μὴν</span> <span class='ocrx_word' id='word_1_449' title='bbox 2501 3231 2757 3310; x_wconf 81' lang='grc' dir='ltr'>καρτερία</span> <span class='ocrx_word' id='word_1_450' title='bbox 2811 3232 2902 3289; x_wconf 84' lang='grc' dir='ltr'>καὶ</span> <span class='ocrx_word' id='word_1_451' title='bbox 2955 3230 3090 3302; x_wconf 81' lang='grc' dir='ltr'>αῦτή</span> <span class='ocrx_word' id='word_1_452' title='bbox 3142 3232 3220 3296; x_wconf 83' lang='grc' dir='ltr'>είς</span> <span class='ocrx_word' id='word_1_453' title='bbox 3258 3234 3359 3303; x_wconf 82' lang='grc' dir='ltr'>τήν</span> <span class='ocrx_word' id='word_1_454' title='bbox 3390 3230 3527 3288; x_wconf 85' lang='grc' dir='ltr'>θείαν</span> <span class='ocrx_word' id='word_1_455' title='bbox 3556 3227 3677 3301; x_wconf 71' lang='grc' dir='ltr'>ἔξο-</span> 
     </span>
    </p>
   </div>
   <div class='ocr_carea' id='block_1_59' title="bbox 274 3318 1925 3397">
    <p class='ocr_par' dir='ltr' id='par_1_59' title="bbox 274 3319 1925 3394">
     <span class='ocr_line' id='line_1_59' title="bbox 274 3319 1925 3394; baseline 0.002 -18"><span class='ocrx_word' id='word_1_456' title='bbox 274 3319 535 3376; x_wconf 89' lang='lat' dir='ltr'>divinam</span> <span class='ocrx_word' id='word_1_457' title='bbox 564 3321 1043 3389; x_wconf 90' lang='lat' dir='ltr'>similitudinem,</span> <span class='ocrx_word' id='word_1_458' title='bbox 1073 3326 1141 3376; x_wconf 91' lang='lat' dir='ltr'>ut</span> <span class='ocrx_word' id='word_1_459' title='bbox 1162 3338 1292 3392; x_wconf 74' lang='lat' dir='ltr'>qum</span> <span class='ocrx_word' id='word_1_460' title='bbox 1317 3321 1757 3394; x_wconf 88' lang='lat' dir='ltr'>impatibilitate</span> <span class='ocrx_word' id='word_1_461' title='bbox 1779 3340 1925 3394; x_wconf 91' lang='lat' dir='ltr'>quo-</span> 
     </span>
    </p>
   </div>
   <div class='ocr_carea' id='block_1_60' title="bbox 2039 3318 3682 3397">
    <p class='ocr_par' dir='ltr' id='par_1_60' title="bbox 2039 3318 3682 3397">
     <span class='ocr_line' id='line_1_60' title="bbox 2039 3318 3682 3397; baseline -0.002 -21"><span class='ocrx_word' id='word_1_462' title='bbox 2039 3320 2268 3395; x_wconf 85' lang='grc' dir='ltr'>μοίωσιν</span> <span class='ocrx_word' id='word_1_463' title='bbox 2322 3322 2582 3397; x_wconf 74' lang='grc' dir='ltr'>βιάζεται,</span> <span class='ocrx_word' id='word_1_464' title='bbox 2645 3318 2714 3376; x_wconf 85' lang='grc' dir='ltr'>δι’</span> <span class='ocrx_word' id='word_1_465' title='bbox 2775 3321 3061 3395; x_wconf 75' lang='grc' dir='ltr'>ὑπομονῆς</span> <span class='ocrx_word' id='word_1_466' title='bbox 3115 3320 3374 3387; x_wconf 84' lang='grc' dir='ltr'>ἀπάθειαν</span> <span class='ocrx_word' id='word_1_467' title='bbox 3406 3322 3516 3395; x_wconf 84' lang='lat'>(53)</span> <span class='ocrx_word' id='word_1_468' title='bbox 3542 3339 3682 3395; x_wconf 87' lang='grc' dir='ltr'>καρ-</span> 
     </span>
    </p>
   </div>
   <div class='ocr_carea' id='block_1_61' title="bbox 277 3404 1925 3484">
    <p class='ocr_par' dir='ltr' id='par_1_61' title="bbox 277 3409 1925 3482">
     <span class='ocr_line' id='line_1_61' title="bbox 277 3409 1925 3482; baseline 0.001 -17"><span class='ocrx_word' id='word_1_469' title='bbox 277 3409 595 3466; x_wconf 88' lang='lat' dir='ltr'>dammodo</span> <span class='ocrx_word' id='word_1_470' title='bbox 623 3410 858 3467; x_wconf 84' lang='lat' dir='ltr'>fruatur</span> <span class='ocrx_word' id='word_1_471' title='bbox 878 3426 984 3482; x_wconf 91' lang='lat' dir='ltr'>per</span> <span class='ocrx_word' id='word_1_472' title='bbox 1007 3410 1379 3482; x_wconf 87' lang='lat' dir='ltr'>patientiam,</span> <span class='ocrx_word' id='word_1_473' title='bbox 1404 3411 1452 3466; x_wconf 91' lang='lat' dir='ltr'>si</span> <span class='ocrx_word' id='word_1_474' title='bbox 1470 3410 1603 3482; x_wconf 90' lang='lat' dir='ltr'>quis</span> <span class='ocrx_word' id='word_1_475' title='bbox 1625 3412 1686 3466; x_wconf 91' lang='lat' dir='ltr'>in</span> <span class='ocrx_word' id='word_1_476' title='bbox 1700 3428 1925 3467; x_wconf 86' lang='lat' dir='ltr'>memo-</span> 
     </span>
    </p>
   </div>
   <div class='ocr_carea' id='block_1_62' title="bbox 2039 3404 3683 3484">
    <p class='ocr_par' dir='ltr' id='par_1_62' title="bbox 2039 3404 3683 3484">
     <span class='ocr_line' id='line_1_62' title="bbox 2039 3404 3683 3484; baseline -0.001 -18"><span class='ocrx_word' id='word_1_477' title='bbox 2039 3412 2309 3484; x_wconf 82' lang='grc' dir='ltr'>πουμένη,</span> <span class='ocrx_word' id='word_1_478' title='bbox 2359 3409 2413 3466; x_wconf 82' lang='grc' dir='ltr'>εἷ’</span> <span class='ocrx_word' id='word_1_479' title='bbox 2463 3432 2543 3484; x_wconf 85' lang='grc' dir='ltr'>τῳ</span> <span class='ocrx_word' id='word_1_480' title='bbox 2601 3404 2802 3466; x_wconf 75' lang='grc' dir='ltr'>ἔναυλα</span> <span class='ocrx_word' id='word_1_481' title='bbox 2854 3411 2922 3466; x_wconf 80' lang='grc' dir='ltr'>τὰ</span> <span class='ocrx_word' id='word_1_482' title='bbox 2979 3409 3064 3466; x_wconf 72' lang='grc' dir='ltr'>ἐπὶ</span> <span class='ocrx_word' id='word_1_483' title='bbox 3115 3411 3206 3465; x_wconf 88' lang='grc' dir='ltr'>τὸν</span> <span class='ocrx_word' id='word_1_484' title='bbox 3266 3410 3508 3468; x_wconf 80' lang='grc' dir='ltr'>Ἀνανίαν</span> <span class='ocrx_word' id='word_1_485' title='bbox 3568 3411 3683 3483; x_wconf 77' lang='grc'>(54)</span> 
     </span>
    </p>
   </div>
   <div class='ocr_carea' id='block_1_63' title="bbox 271 3498 1925 3578">
    <p class='ocr_par' dir='ltr' id='par_1_63' title="bbox 271 3501 1921 3574">
     <span class='ocr_line' id='line_1_63' title="bbox 271 3501 1921 3574; baseline 0.001 -17"><span class='ocrx_word' id='word_1_486' title='bbox 271 3503 364 3558; x_wconf 88' lang='lat' dir='ltr'>ria</span> <span class='ocrx_word' id='word_1_487' title='bbox 393 3507 593 3559; x_wconf 89' lang='lat' dir='ltr'>teneat</span> <span class='ocrx_word' id='word_1_488' title='bbox 613 3519 700 3568; x_wconf 89' lang='lat' dir='ltr'>ea,</span> <span class='ocrx_word' id='word_1_489' title='bbox 734 3519 866 3574; x_wconf 63' lang='lat' dir='ltr'>qua;</span> <span class='ocrx_word' id='word_1_490' title='bbox 896 3508 1217 3558; x_wconf 89' lang='lat' dir='ltr'>narrantur</span> <span class='ocrx_word' id='word_1_491' title='bbox 1264 3502 1336 3558; x_wconf 91' lang='lat' dir='ltr'>de</span> <span class='ocrx_word' id='word_1_492' title='bbox 1365 3501 1634 3559; x_wconf 79' lang='lat' dir='ltr'>Anania:</span> <span class='ocrx_word' id='word_1_493' title='bbox 1667 3518 1921 3574; x_wconf 89' lang='lat' dir='ltr'>quorum</span> 
     </span>
    </p>
   </div>
   <div class='ocr_carea' id='block_1_64' title="bbox 2039 3498 3681 3578">
    <p class='ocr_par' dir='ltr' id='par_1_64' title="bbox 2039 3498 3681 3578">
     <span class='ocr_line' id='line_1_64' title="bbox 2039 3498 3681 3578; baseline -0.002 -23"><span class='ocrx_word' id='word_1_494' title='bbox 2039 3498 2436 3575; x_wconf 74' lang='grc' dir='ltr'>ἱστοροῦμεναο</span> <span class='ocrx_word' id='word_1_495' title='bbox 2496 3501 2571 3555; x_wconf 83' lang='grc' dir='ltr'>ὧν</span> <span class='ocrx_word' id='word_1_496' title='bbox 2629 3500 2702 3562; x_wconf 73' lang='grc' dir='ltr'>εἷς</span> <span class='ocrx_word' id='word_1_497' title='bbox 2750 3498 2839 3555; x_wconf 87' lang='grc' dir='ltr'>καὶ</span> <span class='ocrx_word' id='word_1_498' title='bbox 2898 3498 3101 3569; x_wconf 88' lang='grc' dir='ltr'>Δανιήλ</span> <span class='ocrx_word' id='word_1_499' title='bbox 3159 3501 3188 3555; x_wconf 98' lang='lat'>6</span> <span class='ocrx_word' id='word_1_500' title='bbox 3244 3502 3534 3578; x_wconf 78' lang='grc' dir='ltr'>προφήτης</span> <span class='ocrx_word' id='word_1_501' title='bbox 3589 3499 3681 3567; x_wconf 84' lang='grc' dir='ltr'>ἧν,</span> 
     </span>
    </p>
   </div>
   <div class='ocr_carea' id='block_1_65' title="bbox 276 3584 1925 3666">
    <p class='ocr_par' dir='ltr' id='par_1_65' title="bbox 276 3591 1924 3665">
     <span class='ocr_line' id='line_1_65' title="bbox 276 3591 1924 3665; baseline 0 -17"><span class='ocrx_word' id='word_1_502' title='bbox 276 3609 436 3649; x_wconf 90' lang='lat' dir='ltr'>unus</span> <span class='ocrx_word' id='word_1_503' title='bbox 468 3609 706 3664; x_wconf 90' lang='lat' dir='ltr'>quoque</span> <span class='ocrx_word' id='word_1_504' title='bbox 736 3592 852 3648; x_wconf 85' lang='lat' dir='ltr'>fuit</span> <span class='ocrx_word' id='word_1_505' title='bbox 871 3591 1081 3647; x_wconf 90' lang='lat' dir='ltr'>Daniel</span> <span class='ocrx_word' id='word_1_506' title='bbox 1104 3592 1620 3663; x_wconf 88' lang='lat' dir='ltr'>propheta,divina</span> <span class='ocrx_word' id='word_1_507' title='bbox 1650 3592 1765 3649; x_wconf 86' lang='lat' dir='ltr'>ﬁde</span> <span class='ocrx_word' id='word_1_508' title='bbox 1789 3593 1924 3665; x_wconf 92' lang='lat' dir='ltr'>ple-</span> 
     </span>
    </p>
   </div>
   <div class='ocr_carea' id='block_1_66' title="bbox 2039 3584 3685 3666">
    <p class='ocr_par' dir='ltr' id='par_1_66' title="bbox 2039 3584 3685 3666">
     <span class='ocr_line' id='line_1_66' title="bbox 2039 3584 3685 3666; baseline -0.001 -22"><span class='ocrx_word' id='word_1_509' title='bbox 2039 3589 2180 3652; x_wconf 87' lang='grc' dir='ltr'>θείας</span> <span class='ocrx_word' id='word_1_510' title='bbox 2210 3588 2446 3652; x_wconf 84' lang='grc' dir='ltr'>πίστεως</span> <span class='ocrx_word' id='word_1_511' title='bbox 2502 3587 2963 3666; x_wconf 66' lang='grc' dir='ltr'>πεπληρωμένος.</span> <span class='ocrx_word' id='word_1_512' title='bbox 3025 3584 3328 3648; x_wconf 87' lang='grc' dir='ltr'>Βαϐυλῶνα</span> <span class='ocrx_word' id='word_1_513' title='bbox 3383 3586 3517 3660; x_wconf 79' lang='grc' dir='ltr'>ᾤκει</span> <span class='ocrx_word' id='word_1_514' title='bbox 3574 3595 3685 3642; x_wconf 84' lang='grc' dir='ltr'>Δα-</span> 
     </span>
    </p>
   </div>
   <div class='ocr_carea' id='block_1_67' title="bbox 278 3675 1925 3754">
    <p class='ocr_par' dir='ltr' id='par_1_67' title="bbox 278 3680 1925 3754">
     <span class='ocr_line' id='line_1_67' title="bbox 278 3680 1925 3754; baseline 0.001 -18"><span class='ocrx_word' id='word_1_515' title='bbox 278 3698 415 3737; x_wconf 90' lang='lat' dir='ltr'>nus.</span> <span class='ocrx_word' id='word_1_516' title='bbox 438 3681 802 3754; x_wconf 84' lang='lat' dir='ltr'>Babylonem</span> <span class='ocrx_word' id='word_1_517' title='bbox 832 3680 1140 3737; x_wconf 87' lang='lat' dir='ltr'>habitabat</span> <span class='ocrx_word' id='word_1_518' title='bbox 1169 3681 1397 3749; x_wconf 84' lang='lat' dir='ltr'>Daniel,</span> <span class='ocrx_word' id='word_1_519' title='bbox 1458 3682 1613 3738; x_wconf 84' lang='lat' dir='ltr'>sicut</span> <span class='ocrx_word' id='word_1_520' title='bbox 1641 3683 1747 3737; x_wconf 91' lang='lat' dir='ltr'>Lot</span> <span class='ocrx_word' id='word_1_521' title='bbox 1794 3683 1925 3753; x_wconf 92' lang='lat' dir='ltr'>qui-</span> 
     </span>
    </p>
   </div>
   <div class='ocr_carea' id='block_1_68' title="bbox 2039 3675 3684 3754">
    <p class='ocr_par' dir='ltr' id='par_1_68' title="bbox 2039 3675 3684 3754">
     <span class='ocr_line' id='line_1_68' title="bbox 2039 3675 3684 3754; baseline -0.001 -21"><span class='ocrx_word' id='word_1_522' title='bbox 2039 3675 2186 3749; x_wconf 81' lang='grc' dir='ltr'>νιήλ,</span> <span class='ocrx_word' id='word_1_523' title='bbox 2216 3678 2456 3754; x_wconf 84' lang='grc' dir='ltr'>καθάπερ</span> <span class='ocrx_word' id='word_1_524' title='bbox 2488 3679 2516 3734; x_wconf 89' lang='lat'>6</span> <span class='ocrx_word' id='word_1_525' title='bbox 2551 3679 2648 3752; x_wconf 74' lang='grc' dir='ltr'>μὶν</span> <span class='ocrx_word' id='word_1_526' title='bbox 2677 3678 2805 3734; x_wconf 87' lang='grc' dir='ltr'>Λὼτ</span> <span class='ocrx_word' id='word_1_527' title='bbox 2846 3678 2913 3734; x_wconf 73' lang='grc' dir='ltr'>τὰ</span> <span class='ocrx_word' id='word_1_528' title='bbox 2968 3675 3213 3754; x_wconf 82' lang='grc' dir='ltr'>Σόδομα,</span> <span class='ocrx_word' id='word_1_529' title='bbox 3266 3677 3366 3748; x_wconf 80' lang='grc' dir='ltr'>τήν</span> <span class='ocrx_word' id='word_1_530' title='bbox 3423 3676 3684 3736; x_wconf 85' lang='grc' dir='ltr'>Χαλαίων</span> 
     </span>
    </p>
   </div>
   <div class='ocr_carea' id='block_1_69' title="bbox 280 3769 1926 3841">
    <p class='ocr_par' dir='ltr' id='par_1_69' title="bbox 280 3769 1926 3841">
     <span class='ocr_line' id='line_1_69' title="bbox 280 3769 1926 3841; baseline 0.001 -16"><span class='ocrx_word' id='word_1_531' title='bbox 280 3770 416 3826; x_wconf 91' lang='lat' dir='ltr'>dem</span> <span class='ocrx_word' id='word_1_532' title='bbox 447 3770 724 3841; x_wconf 89' lang='lat' dir='ltr'>Sodoma,</span> <span class='ocrx_word' id='word_1_533' title='bbox 737 3769 1147 3825; x_wconf 65' lang='lat' dir='ltr'>Cbaldaaorum</span> <span class='ocrx_word' id='word_1_534' title='bbox 1161 3775 1360 3825; x_wconf 90' lang='lat' dir='ltr'>autem</span> <span class='ocrx_word' id='word_1_535' title='bbox 1373 3775 1591 3827; x_wconf 90' lang='lat' dir='ltr'>terram</span> <span class='ocrx_word' id='word_1_536' title='bbox 1605 3770 1926 3840; x_wconf 83' lang='lat' dir='ltr'>Abraham,</span> 
     </span>
    </p>
   </div>
   <div class='ocr_carea' id='block_1_70' title="bbox 283 3858 1928 3931">
    <p class='ocr_par' dir='ltr' id='par_1_70' title="bbox 283 3858 1928 3931">
     <span class='ocr_line' id='line_1_70' title="bbox 283 3858 1928 3931; baseline 0.001 -18"><span class='ocrx_word' id='word_1_537' title='bbox 283 3859 385 3929; x_wconf 91' lang='lat' dir='ltr'>qui</span> <span class='ocrx_word' id='word_1_538' title='bbox 413 3858 593 3930; x_wconf 88' lang='lat' dir='ltr'>paulo</span> <span class='ocrx_word' id='word_1_539' title='bbox 625 3864 761 3931; x_wconf 87' lang='lat' dir='ltr'>post</span> <span class='ocrx_word' id='word_1_540' title='bbox 808 3858 921 3913; x_wconf 88' lang='lat' dir='ltr'>fuit</span> <span class='ocrx_word' id='word_1_541' title='bbox 968 3859 1071 3913; x_wconf 92' lang='lat' dir='ltr'>Dei</span> <span class='ocrx_word' id='word_1_542' title='bbox 1121 3859 1368 3915; x_wconf 89' lang='lat' dir='ltr'>amicus.</span> <span class='ocrx_word' id='word_1_543' title='bbox 1420 3860 1487 3915; x_wconf 89' lang='lat' dir='ltr'>In</span> <span class='ocrx_word' id='word_1_544' title='bbox 1519 3864 1757 3916; x_wconf 89' lang='lat' dir='ltr'>antrum</span> <span class='ocrx_word' id='word_1_545' title='bbox 1786 3859 1928 3915; x_wconf 87' lang='lat' dir='ltr'>feris</span> 
     </span>
    </p>
   </div>
   <div class='ocr_carea' id='block_1_71' title="bbox 282 3946 1929 4020">
    <p class='ocr_par' dir='ltr' id='par_1_71' title="bbox 282 3946 1929 4020">
     <span class='ocr_line' id='line_1_71' title="bbox 282 3946 1929 4020; baseline 0 -17"><span class='ocrx_word' id='word_1_546' title='bbox 282 3948 529 4020; x_wconf 89' lang='lat' dir='ltr'>plenum</span> <span class='ocrx_word' id='word_1_547' title='bbox 560 3947 807 4003; x_wconf 85' lang='lat' dir='ltr'>adduxit</span> <span class='ocrx_word' id='word_1_548' title='bbox 836 3946 1145 4003; x_wconf 89' lang='lat' dir='ltr'>Danielem</span> <span class='ocrx_word' id='word_1_549' title='bbox 1176 3964 1279 4003; x_wconf 84' lang='lat' dir='ltr'>rex</span> <span class='ocrx_word' id='word_1_550' title='bbox 1308 3947 1772 4020; x_wconf 84' lang='lat' dir='ltr'>Babyloniorum</span> <span class='ocrx_word' id='word_1_551' title='bbox 1798 3965 1811 4003; x_wconf 88' lang='lat'><strong>:</strong></span> <span class='ocrx_word' id='word_1_552' title='bbox 1845 3949 1929 4020; x_wconf 87' lang='lat' dir='ltr'>ip-</span> 
     </span>
    </p>
   </div>
   <div class='ocr_carea' id='block_1_72' title="bbox 283 4035 1929 4104">
    <p class='ocr_par' dir='ltr' id='par_1_72' title="bbox 283 4035 1929 4104">
     <span class='ocr_line' id='line_1_72' title="bbox 283 4035 1929 4104; baseline -0.001 -11"><span class='ocrx_word' id='word_1_553' title='bbox 283 4054 416 4093; x_wconf 90' lang='lat' dir='ltr'>sum</span> <span class='ocrx_word' id='word_1_554' title='bbox 438 4041 638 4093; x_wconf 88' lang='lat' dir='ltr'>autem</span> <span class='ocrx_word' id='word_1_555' title='bbox 669 4036 875 4091; x_wconf 84' lang='lat' dir='ltr'>eduxit</span> <span class='ocrx_word' id='word_1_556' title='bbox 893 4035 1150 4092; x_wconf 72' lang='lat' dir='ltr'>illaesum</span> <span class='ocrx_word' id='word_1_557' title='bbox 1173 4053 1275 4091; x_wconf 80' lang='lat' dir='ltr'>rex</span> <span class='ocrx_word' id='word_1_558' title='bbox 1293 4037 1929 4104; x_wconf 84' lang='lat' dir='ltr'>universorum,ﬁdelis</span> 
     </span>
    </p>
   </div>
   <div class='ocr_carea' id='block_1_73' title="bbox 280 4124 1928 4200">
    <p class='ocr_par' dir='ltr' id='par_1_73' title="bbox 280 4124 1928 4200">
     <span class='ocr_line' id='line_1_73' title="bbox 280 4124 1928 4200; baseline 0 -18"><span class='ocrx_word' id='word_1_559' title='bbox 280 4127 587 4182; x_wconf 90' lang='lat' dir='ltr'>Dominus.</span> <span class='ocrx_word' id='word_1_560' title='bbox 622 4126 781 4180; x_wconf 87' lang='lat' dir='ltr'>Hanc</span> <span class='ocrx_word' id='word_1_561' title='bbox 808 4124 1139 4197; x_wconf 89' lang='lat' dir='ltr'>possidebit</span> <span class='ocrx_word' id='word_1_562' title='bbox 1178 4125 1555 4182; x_wconf 90' lang='lat' dir='ltr'>tolerantiam</span> <span class='ocrx_word' id='word_1_563' title='bbox 1603 4126 1928 4200; x_wconf 86' lang='lat' dir='ltr'>gnosticus,</span> 
     </span>
    </p>
   </div>
   <div class='ocr_carea' id='block_1_74' title="bbox 281 4213 1932 4288">
    <p class='ocr_par' dir='ltr' id='par_1_74' title="bbox 281 4213 1932 4288">
     <span class='ocr_line' id='line_1_74' title="bbox 281 4213 1932 4288; baseline -0.001 -17"><span class='ocrx_word' id='word_1_564' title='bbox 281 4222 575 4288; x_wconf 85' lang='lat' dir='ltr'>quatenus</span> <span class='ocrx_word' id='word_1_565' title='bbox 597 4220 689 4270; x_wconf 91' lang='lat' dir='ltr'>est</span> <span class='ocrx_word' id='word_1_566' title='bbox 718 4213 1030 4287; x_wconf 88' lang='lat' dir='ltr'>ejusmodi.</span> <span class='ocrx_word' id='word_1_567' title='bbox 1066 4214 1124 4269; x_wconf 92' lang='lat' dir='ltr'>Si</span> <span class='ocrx_word' id='word_1_568' title='bbox 1159 4220 1439 4287; x_wconf 87' lang='lat' dir='ltr'>tentatur,</span> <span class='ocrx_word' id='word_1_569' title='bbox 1487 4214 1820 4284; x_wconf 90' lang='lat' dir='ltr'>henedicet,</span> <span class='ocrx_word' id='word_1_570' title='bbox 1863 4220 1932 4271; x_wconf 90' lang='lat' dir='ltr'>ut</span> 
     </span>
    </p>
   </div>
   <div class='ocr_carea' id='block_1_75' title="bbox 279 4303 1932 4380">
    <p class='ocr_par' dir='ltr' id='par_1_75' title="bbox 279 4303 1932 4380">
     <span class='ocr_line' id='line_1_75' title="bbox 279 4303 1932 4380; baseline -0.001 -18"><span class='ocrx_word' id='word_1_571' title='bbox 279 4323 604 4380; x_wconf 89' lang='lat' dir='ltr'>generosus</span> <span class='ocrx_word' id='word_1_572' title='bbox 625 4304 730 4361; x_wconf 86' lang='lat' dir='ltr'>Job</span> <span class='ocrx_word' id='word_1_573' title='bbox 759 4322 772 4373; x_wconf 91' lang='lat'><strong>;</strong></span> <span class='ocrx_word' id='word_1_574' title='bbox 806 4304 855 4360; x_wconf 90' lang='lat' dir='ltr'>si</span> <span class='ocrx_word' id='word_1_575' title='bbox 892 4303 1207 4361; x_wconf 89' lang='lat' dir='ltr'>devoretur</span> <span class='ocrx_word' id='word_1_576' title='bbox 1228 4322 1263 4361; x_wconf 90' lang='lat' dir='ltr'>a</span> <span class='ocrx_word' id='word_1_577' title='bbox 1293 4310 1441 4372; x_wconf 88' lang='lat' dir='ltr'>cete,</span> <span class='ocrx_word' id='word_1_578' title='bbox 1477 4310 1544 4361; x_wconf 91' lang='lat' dir='ltr'>ut</span> <span class='ocrx_word' id='word_1_579' title='bbox 1589 4306 1764 4361; x_wconf 84' lang='lat' dir='ltr'>Jonas</span> <span class='ocrx_word' id='word_1_580' title='bbox 1795 4322 1932 4378; x_wconf 89' lang='lat' dir='ltr'>pre-</span> 
     </span>
    </p>
   </div>
   <div class='ocr_carea' id='block_1_76' title="bbox 282 4393 1928 4467">
    <p class='ocr_par' dir='ltr' id='par_1_76' title="bbox 282 4393 1928 4467">
     <span class='ocr_line' id='line_1_76' title="bbox 282 4393 1928 4467; baseline -0.002 -15"><span class='ocrx_word' id='word_1_581' title='bbox 282 4396 531 4464; x_wconf 86' lang='lat' dir='ltr'>cabitur,</span> <span class='ocrx_word' id='word_1_582' title='bbox 565 4399 625 4450; x_wconf 89' lang='lat' dir='ltr'>et</span> <span class='ocrx_word' id='word_1_583' title='bbox 644 4394 792 4451; x_wconf 83' lang='lat' dir='ltr'>fides</span> <span class='ocrx_word' id='word_1_584' title='bbox 818 4410 949 4450; x_wconf 88' lang='lat' dir='ltr'>eum</span> <span class='ocrx_word' id='word_1_585' title='bbox 974 4396 1250 4450; x_wconf 88' lang='lat' dir='ltr'>restituet</span> <span class='ocrx_word' id='word_1_586' title='bbox 1269 4394 1692 4467; x_wconf 71' lang='lat' dir='ltr'>prmdicentem</span> <span class='ocrx_word' id='word_1_587' title='bbox 1717 4393 1928 4449; x_wconf 86' lang='lat' dir='ltr'>Ninivi-</span> 
     </span>
    </p>
   </div>
   <div class='ocr_carea' id='block_1_77' title="bbox 282 4483 1932 4553">
    <p class='ocr_par' dir='ltr' id='par_1_77' title="bbox 282 4483 1932 4553">
     <span class='ocr_line' id='line_1_77' title="bbox 282 4483 1932 4553; baseline -0.001 -13"><span class='ocrx_word' id='word_1_588' title='bbox 282 4486 359 4540; x_wconf 92' lang='lat' dir='ltr'>tis</span> <span class='ocrx_word' id='word_1_589' title='bbox 393 4502 407 4553; x_wconf 91' lang='lat'><strong>;</strong></span> <span class='ocrx_word' id='word_1_590' title='bbox 441 4489 499 4539; x_wconf 88' lang='lat' dir='ltr'>et</span> <span class='ocrx_word' id='word_1_591' title='bbox 521 4483 792 4540; x_wconf 88' lang='lat' dir='ltr'>inclusus</span> <span class='ocrx_word' id='word_1_592' title='bbox 822 4483 1004 4539; x_wconf 86' lang='lat' dir='ltr'>fuerit</span> <span class='ocrx_word' id='word_1_593' title='bbox 1052 4501 1188 4540; x_wconf 89' lang='lat' dir='ltr'>cum</span> <span class='ocrx_word' id='word_1_594' title='bbox 1235 4483 1530 4551; x_wconf 88' lang='lat' dir='ltr'>leonibus,</span> <span class='ocrx_word' id='word_1_595' title='bbox 1580 4483 1738 4539; x_wconf 87' lang='lat' dir='ltr'>feras</span> <span class='ocrx_word' id='word_1_596' title='bbox 1767 4500 1932 4539; x_wconf 89' lang='lat' dir='ltr'>man-</span> 
     </span>
    </p>
   </div>
   <div class='ocr_carea' id='block_1_78' title="bbox 286 4573 1928 4646">
    <p class='ocr_par' dir='ltr' id='par_1_78' title="bbox 286 4573 1928 4646">
     <span class='ocr_line' id='line_1_78' title="bbox 286 4573 1928 4646; baseline -0.001 -17"><span class='ocrx_word' id='word_1_597' title='bbox 286 4574 607 4641; x_wconf 81' lang='lat' dir='ltr'>suefaciet;</span> <span class='ocrx_word' id='word_1_598' title='bbox 641 4579 699 4629; x_wconf 89' lang='lat' dir='ltr'>et</span> <span class='ocrx_word' id='word_1_599' title='bbox 729 4574 777 4627; x_wconf 90' lang='lat' dir='ltr'>si</span> <span class='ocrx_word' id='word_1_600' title='bbox 810 4574 871 4628; x_wconf 90' lang='lat' dir='ltr'>in</span> <span class='ocrx_word' id='word_1_601' title='bbox 900 4574 1096 4646; x_wconf 82' lang='lat' dir='ltr'>ignem</span> <span class='ocrx_word' id='word_1_602' title='bbox 1127 4574 1308 4629; x_wconf 85' lang='lat' dir='ltr'>fuerit</span> <span class='ocrx_word' id='word_1_603' title='bbox 1345 4573 1622 4646; x_wconf 86' lang='lat' dir='ltr'>injectus,</span> <span class='ocrx_word' id='word_1_604' title='bbox 1655 4589 1789 4629; x_wconf 88' lang='lat' dir='ltr'>rore</span> <span class='ocrx_word' id='word_1_605' title='bbox 1836 4590 1928 4628; x_wconf 85' lang='lat' dir='ltr'>re-</span> 
     </span>
    </p>
   </div>
   <div class='ocr_carea' id='block_1_79' title="bbox 287 4661 1932 4735">
    <p class='ocr_par' dir='ltr' id='par_1_79' title="bbox 287 4661 1932 4735">
     <span class='ocr_line' id='line_1_79' title="bbox 287 4661 1932 4735; baseline -0.001 -17"><span class='ocrx_word' id='word_1_606' title='bbox 287 4661 607 4733; x_wconf 89' lang='lat' dir='ltr'>creabitur,</span> <span class='ocrx_word' id='word_1_607' title='bbox 647 4679 770 4718; x_wconf 90' lang='lat' dir='ltr'>non</span> <span class='ocrx_word' id='word_1_608' title='bbox 800 4662 936 4735; x_wconf 88' lang='lat' dir='ltr'>igne</span> <span class='ocrx_word' id='word_1_609' title='bbox 968 4668 1268 4718; x_wconf 83' lang='lat' dir='ltr'>exuretur.</span> <span class='ocrx_word' id='word_1_610' title='bbox 1304 4664 1490 4718; x_wconf 84' lang='lat' dir='ltr'>Noctu</span> <span class='ocrx_word' id='word_1_611' title='bbox 1541 4663 1656 4717; x_wconf 91' lang='lat' dir='ltr'>erit</span> <span class='ocrx_word' id='word_1_612' title='bbox 1685 4667 1932 4734; x_wconf 86' lang='lat' dir='ltr'>martyr,</span> 
     </span>
    </p>
   </div>
   <div class='ocr_carea' id='block_1_80' title="bbox 289 4735 2013 4824">
    <p class='ocr_par' dir='ltr' id='par_1_80' title="bbox 289 4735 2013 4824">
     <span class='ocr_line' id='line_1_80' title="bbox 289 4735 2013 4824; baseline -0.003 -16"><span class='ocrx_word' id='word_1_613' title='bbox 289 4750 551 4808; x_wconf 89' lang='lat' dir='ltr'>interdiu</span> <span class='ocrx_word' id='word_1_614' title='bbox 586 4750 902 4824; x_wconf 84' lang='lat' dir='ltr'>martyr,in</span> <span class='ocrx_word' id='word_1_615' title='bbox 934 4750 1517 4821; x_wconf 85' lang='lat' dir='ltr'>sermone,invita,in</span> <span class='ocrx_word' id='word_1_616' title='bbox 1538 4750 1806 4807; x_wconf 89' lang='lat' dir='ltr'>moribus</span> <span class='ocrx_word' id='word_1_617' title='bbox 1825 4751 1938 4807; x_wconf 88' lang='lat' dir='ltr'>erit</span> <span class='ocrx_word' id='word_1_618' title='bbox 1967 4735 2013 4802; x_wconf 80' lang='grc' dir='ltr'><strong>Π</strong></span> 
     </span>
    </p>
   </div>
   <div class='ocr_carea' id='block_1_81' title="bbox 2037 3762 3685 3843">
    <p class='ocr_par' dir='ltr' id='par_1_81' title="bbox 2037 3762 3685 3843">
     <span class='ocr_line' id='line_1_81' title="bbox 2037 3762 3685 3843; baseline 0.001 -21"><span class='ocrx_word' id='word_1_619' title='bbox 2037 3765 2095 3822; x_wconf 79' lang='grc' dir='ltr'>δὲ</span> <span class='ocrx_word' id='word_1_620' title='bbox 2133 3774 2238 3841; x_wconf 79' lang='grc' dir='ltr'>γῆν</span> <span class='ocrx_word' id='word_1_621' title='bbox 2294 3769 2323 3822; x_wconf 91' lang='lat'>6</span> <span class='ocrx_word' id='word_1_622' title='bbox 2377 3762 2652 3841; x_wconf 84' lang='grc' dir='ltr'>Ἀϐραὰμ,</span> <span class='ocrx_word' id='word_1_623' title='bbox 2684 3768 2713 3823; x_wconf 88' lang='lat'>6</span> <span class='ocrx_word' id='word_1_624' title='bbox 2746 3768 2862 3841; x_wconf 87' lang='grc' dir='ltr'>μετ’</span> <span class='ocrx_word' id='word_1_625' title='bbox 2919 3765 3107 3843; x_wconf 84' lang='grc' dir='ltr'>ὀλίγον</span> <span class='ocrx_word' id='word_1_626' title='bbox 3167 3767 3328 3842; x_wconf 80' lang='grc' dir='ltr'>φίλος</span> <span class='ocrx_word' id='word_1_627' title='bbox 3375 3770 3474 3823; x_wconf 90' lang='grc' dir='ltr'>τοῦ</span> <span class='ocrx_word' id='word_1_628' title='bbox 3526 3769 3685 3824; x_wconf 83' lang='grc' dir='ltr'>Θεοῦ.</span> 
     </span>
    </p>
   </div>
   <div class='ocr_carea' id='block_1_82' title="bbox 2037 3850 3687 3933">
    <p class='ocr_par' dir='ltr' id='par_1_82' title="bbox 2037 3850 3687 3933">
     <span class='ocr_line' id='line_1_82' title="bbox 2037 3850 3687 3933; baseline -0.002 -21"><span class='ocrx_word' id='word_1_629' title='bbox 2037 3857 2352 3933; x_wconf 83' lang='grc' dir='ltr'>Κατήγαγεν</span> <span class='ocrx_word' id='word_1_630' title='bbox 2383 3854 2475 3912; x_wconf 83' lang='grc' dir='ltr'>οῦν</span> <span class='ocrx_word' id='word_1_631' title='bbox 2510 3856 2589 3918; x_wconf 80' lang='grc' dir='ltr'>εἰς</span> <span class='ocrx_word' id='word_1_632' title='bbox 2645 3851 2860 3933; x_wconf 78' lang='grc' dir='ltr'>ὄρυγμα</span> <span class='ocrx_word' id='word_1_633' title='bbox 2906 3857 3115 3930; x_wconf 86' lang='grc' dir='ltr'>θηρίων</span> <span class='ocrx_word' id='word_1_634' title='bbox 3146 3850 3401 3928; x_wconf 83' lang='grc' dir='ltr'>ἔμπλεων</span> <span class='ocrx_word' id='word_1_635' title='bbox 3426 3856 3521 3910; x_wconf 83' lang='grc' dir='ltr'>τὸν</span> <span class='ocrx_word' id='word_1_636' title='bbox 3579 3863 3687 3910; x_wconf 85' lang='grc' dir='ltr'>Δα-</span> 
     </span>
    </p>
   </div>
   <div class='ocr_carea' id='block_1_83' title="bbox 2035 3940 3686 4022">
    <p class='ocr_par' dir='ltr' id='par_1_83' title="bbox 2035 3940 3686 4022">
     <span class='ocr_line' id='line_1_83' title="bbox 2035 3940 3686 4022; baseline 0.001 -23"><span class='ocrx_word' id='word_1_637' title='bbox 2035 3943 2164 4014; x_wconf 80' lang='grc' dir='ltr'>νιὴλ</span> <span class='ocrx_word' id='word_1_638' title='bbox 2222 3946 2251 3999; x_wconf 88' lang='lat'>6</span> <span class='ocrx_word' id='word_1_639' title='bbox 2313 3940 2672 4020; x_wconf 88' lang='grc' dir='ltr'>βαϐυλωνίων</span> <span class='ocrx_word' id='word_1_640' title='bbox 2754 3945 3006 4022; x_wconf 79' lang='grc' dir='ltr'>βασιλεύς</span> <span class='ocrx_word' id='word_1_641' title='bbox 3037 3965 3049 3977; x_wconf 90' lang='grc'><strong>·</strong></span> <span class='ocrx_word' id='word_1_642' title='bbox 3113 3943 3346 4018; x_wconf 75' lang='grc' dir='ltr'>ἀνήγαγε</span> <span class='ocrx_word' id='word_1_643' title='bbox 3402 3940 3459 3998; x_wconf 78' lang='grc' dir='ltr'>δὲ</span> <span class='ocrx_word' id='word_1_644' title='bbox 3515 3943 3686 4000; x_wconf 76' lang='grc' dir='ltr'>αὐτὸν</span> 
     </span>
    </p>
   </div>
   <div class='ocr_carea' id='block_1_84' title="bbox 2039 4028 3693 4111">
    <p class='ocr_par' dir='ltr' id='par_1_84' title="bbox 2039 4028 3693 4111">
     <span class='ocr_line' id='line_1_84' title="bbox 2039 4028 3693 4111; baseline -0.001 -23"><span class='ocrx_word' id='word_1_645' title='bbox 2039 4028 2255 4104; x_wconf 66' lang='grc' dir='ltr'>ἀϐλαϐῆ</span> <span class='ocrx_word' id='word_1_646' title='bbox 2289 4034 2317 4089; x_wconf 93' lang='lat'>6</span> <span class='ocrx_word' id='word_1_647' title='bbox 2354 4034 2603 4110; x_wconf 82' lang='grc' dir='ltr'>βπάντων</span> <span class='ocrx_word' id='word_1_648' title='bbox 2658 4032 2928 4111; x_wconf 83' lang='grc' dir='ltr'>βασιλεὺς,</span> <span class='ocrx_word' id='word_1_649' title='bbox 2959 4033 2987 4088; x_wconf 93' lang='lat'>6</span> <span class='ocrx_word' id='word_1_650' title='bbox 3016 4032 3206 4094; x_wconf 88' lang='grc' dir='ltr'>πιστὸς</span> <span class='ocrx_word' id='word_1_651' title='bbox 3263 4030 3476 4105; x_wconf 80' lang='grc' dir='ltr'>Κύριος.</span> <span class='ocrx_word' id='word_1_652' title='bbox 3536 4031 3693 4087; x_wconf 79' lang='grc' dir='ltr'>Ταύ-</span> 
     </span>
    </p>
   </div>
   <div class='ocr_carea' id='block_1_85' title="bbox 2037 4121 3689 4199">
    <p class='ocr_par' dir='ltr' id='par_1_85' title="bbox 2037 4121 3689 4199">
     <span class='ocr_line' id='line_1_85' title="bbox 2037 4121 3689 4199; baseline -0.002 -19"><span class='ocrx_word' id='word_1_653' title='bbox 2037 4146 2137 4195; x_wconf 89' lang='grc' dir='ltr'>την</span> <span class='ocrx_word' id='word_1_654' title='bbox 2169 4127 2404 4197; x_wconf 81' lang='grc' dir='ltr'>κτήσετα</span> <span class='ocrx_word' id='word_1_655' title='bbox 2453 4126 2554 4195; x_wconf 80' lang='grc' dir='ltr'>τήν</span> <span class='ocrx_word' id='word_1_656' title='bbox 2592 4125 2887 4199; x_wconf 76' lang='grc' dir='ltr'>ὑπομομὴν</span> <span class='ocrx_word' id='word_1_657' title='bbox 2929 4124 2957 4178; x_wconf 93' lang='lat'>6</span> <span class='ocrx_word' id='word_1_658' title='bbox 3004 4121 3322 4198; x_wconf 83' lang='grc' dir='ltr'>γνωστικὸς,</span> <span class='ocrx_word' id='word_1_659' title='bbox 3444 4142 3689 4199; x_wconf 79' lang='grc' dir='ltr'>γνωστι-</span> 
     </span>
    </p>
   </div>
   <div class='ocr_carea' id='block_1_86' title="bbox 2040 4207 3687 4291">
    <p class='ocr_par' dir='ltr' id='par_1_86' title="bbox 2040 4207 3687 4291">
     <span class='ocr_line' id='line_1_86' title="bbox 2040 4207 3687 4291; baseline -0.003 -22"><span class='ocrx_word' id='word_1_660' title='bbox 2040 4214 2155 4279; x_wconf 80' lang='grc' dir='ltr'>κός’</span> <span class='ocrx_word' id='word_1_661' title='bbox 2216 4214 2509 4290; x_wconf 81' lang='grc' dir='ltr'>εὖλογήσει</span> <span class='ocrx_word' id='word_1_662' title='bbox 2564 4214 2974 4291; x_wconf 84' lang='grc' dir='ltr'>πειραζόμενος,</span> <span class='ocrx_word' id='word_1_663' title='bbox 3033 4212 3109 4275; x_wconf 83' lang='grc' dir='ltr'>ὡς</span> <span class='ocrx_word' id='word_1_664' title='bbox 3158 4211 3187 4266; x_wconf 89' lang='lat'>6</span> <span class='ocrx_word' id='word_1_665' title='bbox 3236 4216 3483 4287; x_wconf 87' lang='grc' dir='ltr'>γενναῖος</span> <span class='ocrx_word' id='word_1_666' title='bbox 3528 4207 3687 4283; x_wconf 84' lang='grc' dir='ltr'>Ἰὼϐ,</span> 
     </span>
    </p>
   </div>
   <div class='ocr_carea' id='block_1_87' title="bbox 2041 4299 3688 4380">
    <p class='ocr_par' dir='ltr' id='par_1_87' title="bbox 2041 4299 3688 4380">
     <span class='ocr_line' id='line_1_87' title="bbox 2041 4299 3688 4380; baseline -0.002 -22"><span class='ocrx_word' id='word_1_667' title='bbox 2041 4303 2117 4366; x_wconf 84' lang='grc' dir='ltr'>ὡς</span> <span class='ocrx_word' id='word_1_668' title='bbox 2150 4305 2335 4367; x_wconf 83' lang='grc' dir='ltr'>Ἰωνᾶς</span> <span class='ocrx_word' id='word_1_669' title='bbox 2366 4299 2569 4374; x_wconf 69' lang='grc' dir='ltr'>εὔξεται</span> <span class='ocrx_word' id='word_1_670' title='bbox 2625 4302 3059 4380; x_wconf 75' lang='grc' dir='ltr'>καταπινόμενος</span> <span class='ocrx_word' id='word_1_671' title='bbox 3117 4299 3219 4358; x_wconf 80' lang='grc' dir='ltr'>ὑπὸ</span> <span class='ocrx_word' id='word_1_672' title='bbox 3273 4300 3498 4374; x_wconf 82' lang='grc' dir='ltr'>κήτους,</span> <span class='ocrx_word' id='word_1_673' title='bbox 3528 4299 3619 4356; x_wconf 76' lang='grc' dir='ltr'>καὶ</span> <span class='ocrx_word' id='word_1_674' title='bbox 3650 4302 3688 4372; x_wconf 80' lang='grc' dir='ltr'><strong>ἡ</strong></span> 
     </span>
    </p>
   </div>
   <div class='ocr_carea' id='block_1_88' title="bbox 2041 4389 3690 4470">
    <p class='ocr_par' dir='ltr' id='par_1_88' title="bbox 2041 4389 3690 4470">
     <span class='ocr_line' id='line_1_88' title="bbox 2041 4389 3690 4470; baseline -0.002 -22"><span class='ocrx_word' id='word_1_675' title='bbox 2041 4391 2224 4456; x_wconf 89' lang='grc' dir='ltr'>πίστις</span> <span class='ocrx_word' id='word_1_676' title='bbox 2253 4392 2411 4448; x_wconf 80' lang='grc' dir='ltr'>αὐτὸν</span> <span class='ocrx_word' id='word_1_677' title='bbox 2444 4392 2879 4465; x_wconf 70' lang='grc' dir='ltr'>ἀποκαταστήσει</span> <span class='ocrx_word' id='word_1_678' title='bbox 2903 4389 3212 4455; x_wconf 75' lang='grc' dir='ltr'>Νινευίταις</span> <span class='ocrx_word' id='word_1_679' title='bbox 3251 4389 3690 4470; x_wconf 75' lang='grc' dir='ltr'>προφητεύοντα⁶</span> 
     </span>
    </p>
   </div>
   <div class='ocr_carea' id='block_1_89' title="bbox 2043 4474 3689 4558">
    <p class='ocr_par' dir='ltr' id='par_1_89' title="bbox 2043 4474 3689 4558">
     <span class='ocr_line' id='line_1_89' title="bbox 2043 4474 3689 4558; baseline 0 -22"><span class='ocrx_word' id='word_1_680' title='bbox 2043 4479 2139 4536; x_wconf 73' lang='grc' dir='ltr'>κᾶν</span> <span class='ocrx_word' id='word_1_681' title='bbox 2202 4481 2337 4554; x_wconf 83' lang='grc' dir='ltr'>μετᾶ</span> <span class='ocrx_word' id='word_1_682' title='bbox 2392 4479 2628 4538; x_wconf 79' lang='grc' dir='ltr'>λεόντων</span> <span class='ocrx_word' id='word_1_683' title='bbox 2681 4486 3012 4557; x_wconf 82' lang='grc' dir='ltr'>καθειρχθῆ,</span> <span class='ocrx_word' id='word_1_684' title='bbox 3077 4482 3356 4558; x_wconf 75' lang='grc' dir='ltr'>ἡμερώσει</span> <span class='ocrx_word' id='word_1_685' title='bbox 3406 4480 3475 4536; x_wconf 73' lang='grc' dir='ltr'>τὰ</span> <span class='ocrx_word' id='word_1_686' title='bbox 3505 4474 3689 4555; x_wconf 82' lang='grc' dir='ltr'>θηρία·</span> 
     </span>
    </p>
   </div>
   <div class='ocr_carea' id='block_1_90' title="bbox 2042 4565 3688 4645">
    <p class='ocr_par' dir='ltr' id='par_1_90' title="bbox 2042 4565 3688 4645">
     <span class='ocr_line' id='line_1_90' title="bbox 2042 4565 3688 4645; baseline -0.002 -20"><span class='ocrx_word' id='word_1_687' title='bbox 2042 4568 2138 4625; x_wconf 82' lang='grc' dir='ltr'>κᾶν</span> <span class='ocrx_word' id='word_1_688' title='bbox 2171 4569 2249 4633; x_wconf 78' lang='grc' dir='ltr'>εἰς</span> <span class='ocrx_word' id='word_1_689' title='bbox 2277 4574 2383 4645; x_wconf 86' lang='grc' dir='ltr'>πῦρ</span> <span class='ocrx_word' id='word_1_690' title='bbox 2406 4565 2684 4644; x_wconf 72' lang='grc' dir='ltr'>ἐμϐληθῇ,</span> <span class='ocrx_word' id='word_1_691' title='bbox 2726 4567 3164 4643; x_wconf 80' lang='grc' dir='ltr'>ὃροσισθήσεται,</span> <span class='ocrx_word' id='word_1_692' title='bbox 3213 4568 3341 4626; x_wconf 79' lang='grc' dir='ltr'>ἀλλ’</span> <span class='ocrx_word' id='word_1_693' title='bbox 3379 4569 3479 4626; x_wconf 77' lang='grc' dir='ltr'>οὐκ</span> <span class='ocrx_word' id='word_1_694' title='bbox 3527 4568 3688 4624; x_wconf 62' lang='lat' dir='ltr'>Exuu-</span> 
     </span>
    </p>
   </div>
   <div class='ocr_carea' id='block_1_91' title="bbox 2047 4656 3684 4737">
    <p class='ocr_par' dir='ltr' id='par_1_91' title="bbox 2047 4656 3684 4737">
     <span class='ocr_line' id='line_1_91' title="bbox 2047 4656 3684 4737; baseline -0.004 -21"><span class='ocrx_word' id='word_1_695' title='bbox 2047 4661 2347 4737; x_wconf 88' lang='grc' dir='ltr'>ρωθήσεται</span> <span class='ocrx_word' id='word_1_696' title='bbox 2382 4677 2395 4691; x_wconf 85' lang='grc'><em>’</em></span> <span class='ocrx_word' id='word_1_697' title='bbox 2459 4659 2790 4733; x_wconf 82' lang='grc' dir='ltr'>μαρτυρήσει</span> <span class='ocrx_word' id='word_1_698' title='bbox 2837 4659 3049 4734; x_wconf 77' lang='grc' dir='ltr'>νύκτωρ</span> <span class='ocrx_word' id='word_1_699' title='bbox 3085 4702 3099 4729; x_wconf 97' lang='grc'>,</span> <span class='ocrx_word' id='word_1_700' title='bbox 3165 4660 3499 4737; x_wconf 83' lang='grc' dir='ltr'>μαρτυρήσει</span> <span class='ocrx_word' id='word_1_701' title='bbox 3565 4656 3684 4729; x_wconf 84' lang='grc' dir='ltr'>μεθ’</span> 
     </span>
    </p>
   </div>
   <div class='ocr_carea' id='block_1_92' title="bbox 2042 4744 3680 4825">
    <p class='ocr_par' dir='ltr' id='par_1_92' title="bbox 2042 4744 3680 4825">
     <span class='ocr_line' id='line_1_92' title="bbox 2042 4744 3680 4825; baseline -0.004 -20"><span class='ocrx_word' id='word_1_702' title='bbox 2042 4749 2276 4823; x_wconf 73' lang='grc' dir='ltr'>ἡμὲρανο</span> <span class='ocrx_word' id='word_1_703' title='bbox 2336 4745 2388 4803; x_wconf 74' lang='grc' dir='ltr'>ἑν</span> <span class='ocrx_word' id='word_1_704' title='bbox 2442 4745 2613 4821; x_wconf 85' lang='grc' dir='ltr'>λόγῳ,</span> <span class='ocrx_word' id='word_1_705' title='bbox 2670 4744 2723 4802; x_wconf 75' lang='grc' dir='ltr'>ἐν</span> <span class='ocrx_word' id='word_1_706' title='bbox 2788 4744 2914 4822; x_wconf 88' lang='grc' dir='ltr'>βίῳ,</span> <span class='ocrx_word' id='word_1_707' title='bbox 2975 4745 3027 4802; x_wconf 70' lang='grc' dir='ltr'>ἓν</span> <span class='ocrx_word' id='word_1_708' title='bbox 3085 4748 3273 4824; x_wconf 85' lang='grc' dir='ltr'>τρόπῳ</span> <span class='ocrx_word' id='word_1_709' title='bbox 3333 4746 3680 4825; x_wconf 78' lang='grc' dir='ltr'>μαρτυρήσειο</span> 
     </span>
    </p>
   </div>
   <div class='ocr_carea' id='block_1_93' title="bbox 362 4879 1925 4960">
    <p class='ocr_par' dir='ltr' id='par_1_93' title="bbox 362 4884 1925 4960">
     <span class='ocr_line' id='line_1_93' title="bbox 362 4884 1925 4960; baseline 0.002 -20"><span class='ocrx_word' id='word_1_710' title='bbox 362 4885 422 4960; x_wconf 56' lang='grc' dir='ltr'>-ιε</span> <span class='ocrx_word' id='word_1_711' title='bbox 450 4887 517 4960; x_wconf 65' lang='lat' dir='ltr'>p1</span> <span class='ocrx_word' id='word_1_712' title='bbox 545 4886 652 4941; x_wconf 74' lang='grc'>484</span> <span class='ocrx_word' id='word_1_713' title='bbox 680 4886 792 4960; x_wconf 80' lang='lat' dir='ltr'>Ep.</span> <span class='ocrx_word' id='word_1_714' title='bbox 817 4886 1113 4959; x_wconf 67' lang='lat' dir='ltr'>roman,</span> <span class='ocrx_word' id='word_1_715' title='bbox 1145 4886 1248 4944; x_wconf 69' lang='lat' dir='ltr'>tos</span> <span class='ocrx_word' id='word_1_716' title='bbox 1270 4886 1384 4945; x_wconf 74' lang='grc' dir='ltr'>ΕΠ.</span> <span class='ocrx_word' id='word_1_717' title='bbox 1417 4884 1647 4944; x_wconf 79' lang='lat' dir='ltr'>PARIS.</span> <span class='ocrx_word' id='word_1_718' title='bbox 1677 4885 1760 4960; x_wconf 79' lang='lat' dir='ltr'>(a)</span> <span class='ocrx_word' id='word_1_719' title='bbox 1789 4884 1925 4944; x_wconf 60' lang='lat' dir='ltr'>Prox</span> 
     </span>
    </p>
   </div>
   <div class='ocr_carea' id='block_1_94' title="bbox 2039 4879 3689 4960">
    <p class='ocr_par' dir='ltr' id='par_1_94' title="bbox 2039 4879 3689 4960">
     <span class='ocr_line' id='line_1_94' title="bbox 2039 4879 3689 4960; baseline -0.001 -19"><span class='ocrx_word' id='word_1_720' title='bbox 2039 4901 2111 4960; x_wconf 66' lang='grc' dir='ltr'>τι,</span> <span class='ocrx_word' id='word_1_721' title='bbox 2143 4887 2233 4944; x_wconf 83' lang='lat'>26.</span> <span class='ocrx_word' id='word_1_722' title='bbox 2265 4884 2341 4958; x_wconf 90' lang='lat' dir='ltr'>(b)</span> <span class='ocrx_word' id='word_1_723' title='bbox 2375 4884 2543 4940; x_wconf 85' lang='lat' dir='ltr'>Prov.</span> <span class='ocrx_word' id='word_1_724' title='bbox 2576 4899 2635 4951; x_wconf 84' lang='grc' dir='ltr'>ιι,</span> <span class='ocrx_word' id='word_1_725' title='bbox 2668 4885 2758 4952; x_wconf 81' lang='grc'>21,</span> <span class='ocrx_word' id='word_1_726' title='bbox 2789 4882 2879 4939; x_wconf 85' lang='lat'>22.</span> <span class='ocrx_word' id='word_1_727' title='bbox 2940 4882 3009 4955; x_wconf 82' lang='grc' dir='ltr'>(ο)</span> <span class='ocrx_word' id='word_1_728' title='bbox 3055 4883 3108 4938; x_wconf 87' lang='grc' dir='ltr'>ΙΙ</span> <span class='ocrx_word' id='word_1_729' title='bbox 3164 4885 3293 4940; x_wconf 89' lang='lat' dir='ltr'>Cor.</span> <span class='ocrx_word' id='word_1_730' title='bbox 3324 4899 3441 4952; x_wconf 87' lang='lat' dir='ltr'>vm,</span> <span class='ocrx_word' id='word_1_731' title='bbox 3476 4884 3564 4952; x_wconf 74' lang='lat' dir='ltr'>l2,</span> <span class='ocrx_word' id='word_1_732' title='bbox 3600 4879 3689 4940; x_wconf 83' lang='grc'>13.</span> 
     </span>
    </p>
   </div>
   <div class='ocr_carea' id='block_1_95' title="bbox 286 4956 774 5030">
    <p class='ocr_par' dir='ltr' id='par_1_95' title="bbox 286 4956 774 5030">
     <span class='ocr_line' id='line_1_95' title="bbox 286 4956 774 5030; baseline 0.002 -18"><span class='ocrx_word' id='word_1_733' title='bbox 286 4956 366 5030; x_wconf 80' lang='lat' dir='ltr'>(ct)</span> <span class='ocrx_word' id='word_1_734' title='bbox 389 4957 540 5013; x_wconf 86' lang='lat' dir='ltr'>Psal.</span> <span class='ocrx_word' id='word_1_735' title='bbox 576 4973 688 5026; x_wconf 72' lang='lat' dir='ltr'>an,</span> <span class='ocrx_word' id='word_1_736' title='bbox 718 4958 774 5013; x_wconf 88' lang='lat'>9.</span> 
     </span>
    </p>
   </div>
   <div class='ocr_carea' id='block_1_96' title="bbox 359 5082 1935 5214">
    <p class='ocr_par' dir='ltr' id='par_1_96' title="bbox 359 5082 1935 5214">
     <span class='ocr_line' id='line_1_96' title="bbox 359 5082 1935 5214; baseline 0.003 -71"><span class='ocrx_word' id='word_1_737' title='bbox 359 5088 472 5214; x_wconf 48' lang='grc' dir='ltr'>ξω)</span> <span class='ocrx_word' id='word_1_738' title='bbox 531 5082 771 5175; x_wconf 42' lang='grc' dir='ltr'>Δεἰκαιοι.</span> <span class='ocrx_word' id='word_1_739' title='bbox 804 5086 1079 5176; x_wconf 62' lang='lat' dir='ltr'>Proverb.</span> <span class='ocrx_word' id='word_1_740' title='bbox 1110 5108 1205 5162; x_wconf 78' lang='lat' dir='ltr'>xx,</span> <span class='ocrx_word' id='word_1_741' title='bbox 1238 5090 1355 5153; x_wconf 81' lang='lat'>26:</span> <span class='ocrx_word' id='word_1_742' title='bbox 1410 5087 1468 5147; x_wconf 64' lang='lat'>‘0</span> <span class='ocrx_word' id='word_1_743' title='bbox 1527 5083 1736 5157; x_wconf 73' lang='grc' dir='ltr'>δίκαιος</span> <span class='ocrx_word' id='word_1_744' title='bbox 1792 5086 1935 5150; x_wconf 59' lang='lat' dir='ltr'>Diaei</span> 
     </span>
     <span class='ocr_line' id='line_1_97' title="bbox 410 5158 1935 5214; baseline 0.001 -1"><span class='ocrx_word' id='word_1_745' title='bbox 410 5159 666 5214; x_wconf 82' lang='grc' dir='ltr'>οἶκτειοει</span> <span class='ocrx_word' id='word_1_746' title='bbox 696 5158 950 5214; x_wconf 72' lang='grc' dir='ltr'>διφειδων.</span> <span class='ocrx_word' id='word_1_747' title='bbox 978 5166 1247 5214; x_wconf 83' lang='lat' dir='ltr'>Proverb-</span> <span class='ocrx_word' id='word_1_748' title='bbox 1301 5183 1361 5214; x_wconf 73' lang='lat' dir='ltr'>1L</span> <span class='ocrx_word' id='word_1_749' title='bbox 1398 5170 1488 5214; x_wconf 76' lang='lat' dir='ltr'>2L</span> <span class='ocrx_word' id='word_1_750' title='bbox 1543 5169 1652 5214; x_wconf 75' lang='lat'><strong>22:</strong></span> <span class='ocrx_word' id='word_1_751' title='bbox 1688 5165 1935 5214; x_wconf 65' lang='grc' dir='ltr'>Χοτπστοῖ</span> 
     </span>
    </p>
   </div>
   <div class='ocr_carea' id='block_1_97' title="bbox 287 5158 1937 5241">
    <p class='ocr_par' dir='ltr' id='par_1_97' title="bbox 287 5158 1937 5241">
     <span class='ocr_line' id='line_1_98' title="bbox 287 5158 1937 5241; baseline 0.005 -29"><span class='ocrx_word' id='word_1_752' title='bbox 287 5158 379 5241; x_wconf 53' lang='grc' dir='ltr'>καὶ</span> <span class='ocrx_word' id='word_1_753' title='bbox 410 5158 960 5241; x_wconf 48' lang='grc' dir='ltr'>οἷκτεῖρει.διιίῖοειδιῖμιἒ</span> <span class='ocrx_word' id='word_1_754' title='bbox 978 5158 1247 5241; x_wconf 69' lang='lat' dir='ltr'>Proverb.</span> <span class='ocrx_word' id='word_1_755' title='bbox 1301 5183 1366 5241; x_wconf 64' lang='lat' dir='ltr'>It,</span> <span class='ocrx_word' id='word_1_756' title='bbox 1398 5170 1490 5241; x_wconf 61' lang='lat' dir='ltr'>2i,</span> <span class='ocrx_word' id='word_1_757' title='bbox 1543 5169 1652 5241; x_wconf 60' lang='grc'>222</span> <span class='ocrx_word' id='word_1_758' title='bbox 1688 5165 1937 5241; x_wconf 20' lang='grc' dir='ltr'>Χλρηστοὶ</span> 
     </span>
    </p>
   </div>
   <div class='ocr_carea' id='block_1_98' title="bbox 289 5223 1935 5314">
    <p class='ocr_par' dir='ltr' id='par_1_98' title="bbox 289 5223 1935 5314">
     <span class='ocr_line' id='line_1_99' title="bbox 289 5223 1935 5314; baseline 0.003 -28"><span class='ocrx_word' id='word_1_759' title='bbox 289 5223 507 5314; x_wconf 54' lang='grc' dir='ltr'>ξσονται</span> <span class='ocrx_word' id='word_1_760' title='bbox 557 5223 844 5314; x_wconf 53' lang='grc' dir='ltr'>οίκήτόρξς</span> <span class='ocrx_word' id='word_1_761' title='bbox 862 5235 1013 5314; x_wconf 51' lang='grc' dir='ltr'>-γῆς,</span> <span class='ocrx_word' id='word_1_762' title='bbox 1073 5235 1266 5314; x_wconf 74' lang='grc' dir='ltr'>ἄκακοι</span> <span class='ocrx_word' id='word_1_763' title='bbox 1325 5223 1382 5290; x_wconf 60' lang='grc' dir='ltr'>δέ</span> <span class='ocrx_word' id='word_1_764' title='bbox 1441 5223 1935 5314; x_wconf 46' lang='grc' dir='ltr'>ὑπολειφθήῖσόνται</span> 
     </span>
    </p>
   </div>
   <div class='ocr_carea' id='block_1_99' title="bbox 290 5299 1935 5380">
    <p class='ocr_par' dir='ltr' id='par_1_99' title="bbox 290 5299 1935 5380">
     <span class='ocr_line' id='line_1_100' title="bbox 290 5299 1935 5380; baseline 0.004 -24"><span class='ocrx_word' id='word_1_765' title='bbox 290 5302 343 5380; x_wconf 64' lang='grc' dir='ltr'>ζν</span> <span class='ocrx_word' id='word_1_766' title='bbox 376 5300 532 5380; x_wconf 63' lang='grc' dir='ltr'>αρτᾖ.</span> <span class='ocrx_word' id='word_1_767' title='bbox 569 5304 709 5380; x_wconf 60' lang='grc' dir='ltr'>(ξὈτι</span> <span class='ocrx_word' id='word_1_768' title='bbox 740 5299 914 5380; x_wconf 62' lang='grc' dir='ltr'>ε’ὖθεῖς</span> <span class='ocrx_word' id='word_1_769' title='bbox 950 5299 1436 5380; x_wconf 62' lang='grc' dir='ltr'>κατασκηνῴσουσι</span> <span class='ocrx_word' id='word_1_770' title='bbox 1493 5315 1621 5380; x_wconf 55' lang='grc' dir='ltr'>γῆν,</span> <span class='ocrx_word' id='word_1_771' title='bbox 1650 5299 1762 5380; x_wconf 54' lang='grc' dir='ltr'>’καί</span> <span class='ocrx_word' id='word_1_772' title='bbox 1793 5308 1935 5363; x_wconf 78' lang='grc' dir='ltr'>’ὅσιοι</span> 
     </span>
    </p>
   </div>
   <div class='ocr_carea' id='block_1_100' title="bbox 295 5347 1934 5453">
    <p class='ocr_par' dir='ltr' id='par_1_100' title="bbox 295 5347 1934 5453">
     <span class='ocr_line' id='line_1_101' title="bbox 295 5347 1934 5453; baseline 0.009 -26"><span class='ocrx_word' id='word_1_773' title='bbox 295 5347 603 5453; x_wconf 54' lang='grc' dir='ltr'>ξξιξξῖἐὶἒέοὶς</span> <span class='ocrx_word' id='word_1_774' title='bbox 611 5347 793 5453; x_wconf 37' lang='lat' dir='ltr'>in};</span> <span class='ocrx_word' id='word_1_775' title='bbox 807 5347 911 5453; x_wconf 49' lang='grc' dir='ltr'>ῖς</span> <span class='ocrx_word' id='word_1_776' title='bbox 929 5347 1121 5448; x_wconf 45' lang='lat' dir='ltr'>eiii;</span> <span class='ocrx_word' id='word_1_777' title='bbox 1130 5347 1436 5453; x_wconf 42' lang='grc' dir='ltr'>ίτὸἆῖέδῖ</span> <span class='ocrx_word' id='word_1_778' title='bbox 1485 5347 1934 5453; x_wconf 49' lang='grc' dir='ltr'>ἐὲξξῶῗὲκᾬξξ</span> 
     </span>
    </p>
   </div>
   <div class='ocr_carea' id='block_1_101' title="bbox 292 5439 1825 5519">
    <p class='ocr_par' dir='ltr' id='par_1_101' title="bbox 292 5439 1825 5519">
     <span class='ocr_line' id='line_1_102' title="bbox 292 5439 1825 5519; baseline 0.004 -21"><span class='ocrx_word' id='word_1_779' title='bbox 292 5439 570 5519; x_wconf 80' lang='grc' dir='ltr'>ὀλοῦντάι·</span> <span class='ocrx_word' id='word_1_780' title='bbox 592 5439 649 5498; x_wconf 55' lang='grc' dir='ltr'>ὀἱ</span> <span class='ocrx_word' id='word_1_781' title='bbox 678 5439 736 5497; x_wconf 68' lang='grc' dir='ltr'>δὲ</span> <span class='ocrx_word' id='word_1_782' title='bbox 759 5439 1069 5519; x_wconf 66' lang='grc' dir='ltr'>παράνομοι</span> <span class='ocrx_word' id='word_1_783' title='bbox 1094 5439 1106 5448; x_wconf 68' lang='grc'><strong>’</strong></span> <span class='ocrx_word' id='word_1_784' title='bbox 1124 5443 1522 5519; x_wconf 72' lang='grc' dir='ltr'>ἐξωσθήσονται</span> <span class='ocrx_word' id='word_1_785' title='bbox 1553 5448 1604 5519; x_wconf 70' lang='grc' dir='ltr'>ἐξ</span> <span class='ocrx_word' id='word_1_786' title='bbox 1635 5447 1825 5518; x_wconf 81' lang='grc' dir='ltr'>αὐτῆς.</span> 
     </span>
    </p>
   </div>
   <div class='ocr_carea' id='block_1_102' title="bbox 364 5514 1933 5597">
    <p class='ocr_par' dir='ltr' id='par_1_102' title="bbox 364 5514 1933 5597">
     <span class='ocr_line' id='line_1_103' title="bbox 364 5514 1933 5597; baseline 0.004 -27"><span class='ocrx_word' id='word_1_787' title='bbox 528 5514 1065 5590; x_wconf 80' lang='grc' dir='ltr'>Προμαντευόμενος.</span> <span class='ocrx_word' id='word_1_788' title='bbox 1120 5514 1189 5576; x_wconf 83' lang='grc' dir='ltr'>Η.</span> <span class='ocrx_word' id='word_1_789' title='bbox 1274 5514 1409 5590; x_wconf 63' lang='lat' dir='ltr'>ms,</span> <span class='ocrx_word' id='word_1_790' title='bbox 1474 5514 1933 5597; x_wconf 78' lang='grc' dir='ltr'>πραγματευόμε-</span> 
     </span>
    </p>
   </div>
   <div class='ocr_carea' id='block_1_103' title="bbox 292 5589 715 5647">
    <p class='ocr_par' dir='ltr' id='par_1_103' title="bbox 292 5589 715 5647">
     <span class='ocr_line' id='line_1_104' title="bbox 292 5589 715 5647; baseline 0.012 -7"><span class='ocrx_word' id='word_1_791' title='bbox 292 5593 407 5647; x_wconf 70' lang='grc' dir='ltr'>νος.</span> <span class='ocrx_word' id='word_1_792' title='bbox 441 5589 715 5645; x_wconf 80' lang='lat' dir='ltr'>SYLBURG.</span> 
     </span>
    </p>
   </div>
   <div class='ocr_carea' id='block_1_104' title="bbox 368 5657 1934 5749">
    <p class='ocr_par' dir='ltr' id='par_1_104' title="bbox 368 5657 1934 5749">
     <span class='ocr_line' id='line_1_105' title="bbox 368 5657 1934 5749; baseline 0.005 -37"><span class='ocrx_word' id='word_1_793' title='bbox 368 5657 826 5749; x_wconf 63' lang='grc' dir='ltr'>(51)Ἐ;πικουρία</span> <span class='ocrx_word' id='word_1_794' title='bbox 868 5679 923 5749; x_wconf 52' lang='grc' dir='ltr'>χῖ</span> <span class='ocrx_word' id='word_1_795' title='bbox 981 5662 1234 5749; x_wconf 57' lang='lat' dir='ltr'>Inversjs</span> <span class='ocrx_word' id='word_1_796' title='bbox 1281 5662 1537 5749; x_wconf 59' lang='lat' dir='ltr'>casibus,</span> <span class='ocrx_word' id='word_1_797' title='bbox 1596 5664 1934 5749; x_wconf 63' lang='lat' dir='ltr'>legendum,</span> 
     </span>
    </p>
   </div>
   <div class='ocr_carea' id='block_1_105' title="bbox 294 5725 1936 5810">
    <p class='ocr_par' dir='ltr' id='par_1_105' title="bbox 294 5725 1936 5810">
     <span class='ocr_line' id='line_1_106' title="bbox 294 5725 1936 5810; baseline 0.006 -27"><span class='ocrx_word' id='word_1_798' title='bbox 294 5725 615 5802; x_wconf 78' lang='grc' dir='ltr'>Ἐπικουρίᾳ</span> <span class='ocrx_word' id='word_1_799' title='bbox 685 5725 788 5809; x_wconf 76' lang='grc' dir='ltr'>γὰρ</span> <span class='ocrx_word' id='word_1_800' title='bbox 865 5725 1046 5788; x_wconf 77' lang='grc' dir='ltr'>εὔνοια</span> <span class='ocrx_word' id='word_1_801' title='bbox 1128 5733 1224 5808; x_wconf 80' lang='grc' dir='ltr'>μὶν</span> <span class='ocrx_word' id='word_1_802' title='bbox 1274 5725 1568 5810; x_wconf 75' lang='grc' dir='ltr'>συνδεῖται,</span> <span class='ocrx_word' id='word_1_803' title='bbox 1636 5725 1820 5791; x_wconf 52' lang='grc' dir='ltr'>λ’όεται</span> <span class='ocrx_word' id='word_1_804' title='bbox 1876 5725 1936 5793; x_wconf 69' lang='lat'>66</span> 
     </span>
    </p>
   </div>
   <div class='ocr_carea' id='block_1_106' title="bbox 2043 5085 3693 5177">
    <p class='ocr_par' dir='ltr' id='par_1_106' title="bbox 2043 5085 3693 5177">
     <span class='ocr_line' id='line_1_107' title="bbox 2043 5085 3693 5177; baseline -0.002 -29"><span class='ocrx_word' id='word_1_805' title='bbox 2043 5085 2434 5177; x_wconf 32' lang='lat' dir='ltr'>ixepat‘Quod</span> <span class='ocrx_word' id='word_1_806' title='bbox 2466 5108 2603 5149; x_wconf 89' lang='lat' dir='ltr'>cum</span> <span class='ocrx_word' id='word_1_807' title='bbox 2633 5088 2966 5165; x_wconf 87' lang='lat' dir='ltr'>interpreti,</span> <span class='ocrx_word' id='word_1_808' title='bbox 2999 5094 3124 5147; x_wconf 89' lang='lat' dir='ltr'>tum</span> <span class='ocrx_word' id='word_1_809' title='bbox 3173 5091 3351 5147; x_wconf 89' lang='lat' dir='ltr'>etiam</span> <span class='ocrx_word' id='word_1_810' title='bbox 3381 5087 3693 5162; x_wconf 85' lang='lat' dir='ltr'>Sylburgio</span> 
     </span>
    </p>
   </div>
   <div class='ocr_carea' id='block_1_107' title="bbox 2046 5171 3695 5310">
    <p class='ocr_par' dir='ltr' id='par_1_107' title="bbox 2046 5171 3695 5310">
     <span class='ocr_line' id='line_1_108' title="bbox 2046 5171 3695 5310; baseline -0.004 -16"><span class='ocrx_word' id='word_1_811' title='bbox 2046 5171 2457 5310; x_wconf 43' lang='grc' dir='ltr'>Ριῗὲξὲιξὲὸγᾶρ</span> <span class='ocrx_word' id='word_1_812' title='bbox 2485 5236 2604 5290; x_wconf 89' lang='grc' dir='ltr'>κατ’</span> <span class='ocrx_word' id='word_1_813' title='bbox 2657 5232 2856 5292; x_wconf 76' lang='grc' dir='ltr'>εἰκόνα.</span> <span class='ocrx_word' id='word_1_814' title='bbox 2888 5233 3053 5290; x_wconf 80' lang='lat' dir='ltr'>Conf.</span> <span class='ocrx_word' id='word_1_815' title='bbox 3110 5252 3169 5306; x_wconf 87' lang='lat' dir='ltr'>p,</span> <span class='ocrx_word' id='word_1_816' title='bbox 3221 5234 3345 5301; x_wconf 85' lang='grc'>133,</span> <span class='ocrx_word' id='word_1_817' title='bbox 3389 5232 3516 5300; x_wconf 83' lang='grc'>266,</span> <span class='ocrx_word' id='word_1_818' title='bbox 3563 5233 3695 5305; x_wconf 77' lang='grc'>418,</span> 
     </span>
    </p>
   </div>
   <div class='ocr_carea' id='block_1_108' title="bbox 2046 5308 2517 5377">
    <p class='ocr_par' dir='ltr' id='par_1_108' title="bbox 2046 5308 2517 5377">
     <span class='ocr_line' id='line_1_109' title="bbox 2046 5308 2517 5377; baseline 0.002 -14"><span class='ocrx_word' id='word_1_819' title='bbox 2046 5308 2171 5377; x_wconf 75' lang='grc'>645,</span> <span class='ocrx_word' id='word_1_820' title='bbox 2204 5308 2296 5365; x_wconf 91' lang='lat' dir='ltr'>ed.</span> <span class='ocrx_word' id='word_1_821' title='bbox 2331 5308 2517 5364; x_wconf 82' lang='lat' dir='ltr'>Paris.</span> 
     </span>
    </p>
   </div>
   <div class='ocr_carea' id='block_1_109' title="bbox 2118 5372 3693 5456">
    <p class='ocr_par' dir='ltr' id='par_1_109' title="bbox 2118 5372 3693 5456">
     <span class='ocr_line' id='line_1_110' title="bbox 2118 5372 3693 5456; baseline -0.004 -21"><span class='ocrx_word' id='word_1_822' title='bbox 2118 5372 2223 5456; x_wconf 60' lang='grc'>(53)</span> <span class='ocrx_word' id='word_1_823' title='bbox 2267 5377 2579 5456; x_wconf 54' lang='grc' dir='ltr'>Ἀπάθειαν,</span> <span class='ocrx_word' id='word_1_824' title='bbox 2637 5378 2966 5456; x_wconf 77' lang='lat' dir='ltr'>stoicorum</span> <span class='ocrx_word' id='word_1_825' title='bbox 3017 5373 3528 5456; x_wconf 70' lang='lat' dir='ltr'>_more_loquitur,</span> <span class='ocrx_word' id='word_1_826' title='bbox 3588 5372 3693 5456; x_wconf 89' lang='lat' dir='ltr'>qui</span> 
     </span>
    </p>
   </div>
   <div class='ocr_carea' id='block_1_110' title="bbox 2047 5447 3695 5533">
    <p class='ocr_par' dir='ltr' id='par_1_110' title="bbox 2047 5447 3695 5533">
     <span class='ocr_line' id='line_1_111' title="bbox 2047 5447 3695 5533; baseline -0.004 -27"><span class='ocrx_word' id='word_1_827' title='bbox 2047 5447 2378 5533; x_wconf 70' lang='lat' dir='ltr'>sapientem</span> <span class='ocrx_word' id='word_1_828' title='bbox 2406 5467 2534 5533; x_wconf 73' lang='lat' dir='ltr'>esse</span> <span class='ocrx_word' id='word_1_829' title='bbox 2555 5449 2734 5533; x_wconf 65' lang='grc' dir='ltr'>ἀπαρῇ</span> <span class='ocrx_word' id='word_1_830' title='bbox 2756 5447 3241 5533; x_wconf 40' lang='lat' dir='ltr'>dic&#39;eba‘nt..Conf.</span> <span class='ocrx_word' id='word_1_831' title='bbox 3261 5463 3393 5517; x_wconf 64' lang='lat' dir='ltr'>quas</span> <span class='ocrx_word' id='word_1_832' title='bbox 3413 5447 3695 5517; x_wconf 90' lang='lat' dir='ltr'>superius</span> 
     </span>
    </p>
   </div>
   <div class='ocr_carea' id='block_1_111' title="bbox 2045 5520 3693 5675">
    <p class='ocr_par' dir='ltr' id='par_1_111' title="bbox 2045 5520 3693 5675">
     <span class='ocr_line' id='line_1_112' title="bbox 2045 5520 3123 5596; baseline -0.002 -19"><span class='ocrx_word' id='word_1_833' title='bbox 2045 5520 2204 5579; x_wconf 76' lang='lat' dir='ltr'>dicta</span> <span class='ocrx_word' id='word_1_834' title='bbox 2232 5527 2373 5578; x_wconf 89' lang='lat' dir='ltr'>sunt</span> <span class='ocrx_word' id='word_1_835' title='bbox 2399 5522 2474 5579; x_wconf 87' lang='lat' dir='ltr'>ad</span> <span class='ocrx_word' id='word_1_836' title='bbox 2505 5538 2637 5596; x_wconf 85' lang='lat' dir='ltr'>pag.</span> <span class='ocrx_word' id='word_1_837' title='bbox 2665 5523 2735 5577; x_wconf 87' lang='lat'>80</span> <span class='ocrx_word' id='word_1_838' title='bbox 2766 5520 2906 5576; x_wconf 89' lang='lat' dir='ltr'>edit.</span> <span class='ocrx_word' id='word_1_839' title='bbox 2939 5520 3123 5575; x_wconf 88' lang='lat' dir='ltr'>Paris.</span> 
     </span>
     <span class='ocr_line' id='line_1_113' title="bbox 2116 5587 3693 5675; baseline -0.001 -28"><span class='ocrx_word' id='word_1_840' title='bbox 2116 5595 2232 5675; x_wconf 51' lang='grc' dir='ltr'>(ᾗῇ)</span> <span class='ocrx_word' id='word_1_841' title='bbox 2285 5593 2572 5675; x_wconf 45' lang='grc' dir='ltr'>³ᾼχανίαν..</span> <span class='ocrx_word' id='word_1_842' title='bbox 2620 5592 2851 5649; x_wconf 85' lang='lat' dir='ltr'>Similia</span> <span class='ocrx_word' id='word_1_843' title='bbox 2899 5590 3171 5665; x_wconf 87' lang='lat' dir='ltr'>superius</span> <span class='ocrx_word' id='word_1_844' title='bbox 3214 5587 3365 5644; x_wconf 85' lang='lat' dir='ltr'>dixit</span> <span class='ocrx_word' id='word_1_845' title='bbox 3410 5588 3617 5648; x_wconf 85' lang='lat' dir='ltr'>Strom.</span> <span class='ocrx_word' id='word_1_846' title='bbox 3652 5606 3693 5663; x_wconf 80' lang='lat' dir='ltr'>i,</span> 
     </span>
    </p>
   </div>
   <div class='ocr_carea' id='block_1_112' title="bbox 2042 5664 2628 5742">
    <p class='ocr_par' dir='ltr' id='par_1_112' title="bbox 2042 5664 2628 5742">
     <span class='ocr_line' id='line_1_114' title="bbox 2042 5664 2628 5742; baseline 0.002 -22"><span class='ocrx_word' id='word_1_847' title='bbox 2042 5682 2101 5742; x_wconf 85' lang='lat' dir='ltr'>p.</span> <span class='ocrx_word' id='word_1_848' title='bbox 2125 5664 2237 5720; x_wconf 80' lang='lat'>329</span> <span class='ocrx_word' id='word_1_849' title='bbox 2270 5664 2410 5721; x_wconf 85' lang='lat' dir='ltr'>edit.</span> <span class='ocrx_word' id='word_1_850' title='bbox 2443 5665 2628 5721; x_wconf 84' lang='lat' dir='ltr'>Paris.</span> 
     </span>
    </p>
   </div>
  </div>
