4034 6148
366 334 536 396 ’1010

1721 330 2164 398 amomum:
2202 341 2335 394 LIB.
2377 329 2448 393 II.

3669 336 3810 394 1050

387 465 634 527 σύνοικος
668 465 720 519 ἐν
751 469 828 536 τῷ
858 466 1044 538 Κυρίῳ
1075 469 1189 540 (55)
1225 466 1482 542 ὀαριστής
1527 487 1583 520 τε
1627 465 1716 520 καὶ
1763 465 2037 527 συνέστιος

2151 470 2392 536 martyr.
2425 466 2569 519 Cum
2603 462 2849 518 Domino
2878 459 3249 531 cohabitans,
3284 471 3473 534 eoque
3493 463 3808 519 familiari-

386 554 613 608 κατὰτὸ
667 553 880 626 πνεῦμα
937 551 1201 627 διαμένει⁸
1251 554 1484 629 καθαρὸς
1543 555 1638 628 μὲν
1695 557 1794 623 τήν
1848 555 2038 631 σάρκα,

385 642 620 719 καθαρὸς
681 641 739 697 δὲ
791 644 888 711 τὴν
948 642 1194 718 καρδίαν’
1249 643 1588 718 ἡγιασμένος
1629 644 1721 700 τὸν
1756 643 1949 718 λόγον.
1979 643 2041 700 Ὁ

383 731 592 804 κόσμος
647 730 848 802 τούτῳ,
897 732 1061 805 φησὶν
1098 777 1112 802 ,
1167 731 1542 807 ἐσταύρωται,
1599 733 1688 788 καὶ
1748 733 1909 794 αὐτὸς
1963 736 2043 803 τῷ

382 820 597 892 κόσμῳ.
659 818 850 889 Οὗτος,
883 821 974 876 τὸν
996 822 1223 897 σταυρὸν
1253 826 1349 876 τοῦ
1402 828 1662 898 Σωτῆρος
1709 820 2038 898 περιφέρων,

381 904 565 962 ἕπεται
629 908 816 980 Κυρίῳ
875 907 991 979 μετ’
1041 907 1252 983 ῗχνιον,
1312 907 1450 964 ὥστε
1507 910 1638 973 Θεὸς
1690 911 1826 983 (56),
1885 908 2039 983 ἅγιος

384 997 554 1071 ἁγίων
586 996 898 1071 γενόμενος.
941 1000 1125 1069 Πάσης
1171 996 1350 1052 τοίνυν
1399 999 1597 1070 ἀρετῆς
1629 995 1978 1070 μεμνημένος
2012 996 2040 1050 ὁ

382 1091 526 1150 θεῖος
570 1084 764 1158 νόμος,
823 1084 1034 1164 ἀλείφει
1079 1085 1323 1158 μάλεστα
1369 1086 1461 1140 τὸν
1508 1085 1787 1161 ἄνθρωπον
1822 1084 1909 1140 ἐπὶ
1939 1085 2038 1154 τήν

380 1175 718 1253 ἐγκράτειαν,
771 1176 1026 1250 θεμέλιον
1080 1177 1285 1250 ἀρετῶν
1344 1177 1766 1250 κατατιθέμενος
1813 1175 2038 1246 ταύτην·

382 1266 476 1322 καὶ
526 1262 594 1334 δὴ
646 1263 1001 1341 προπαιδεύει
1052 1269 1201 1339 ἡμᾶς
1259 1266 1337 1329 εἷς
1394 1268 1490 1335 τήν
1542 1265 1890 1342 περιποίησιν
1939 1268 2039 1330 τῆς

381 1353 711 1431 ἐγκρατείας,
744 1354 849 1409 ἀπὸ
878 1361 979 1424 τῆς
1027 1359 1137 1410 τῶν
1189 1356 1345 1424 ζώων
1377 1357 1634 1430 χρήσεως
1683 1352 2040 1430 ἀπαγορεύων

383 1437 818 1516 μεταλαμϐάνειν
851 1447 956 1497 τῶν
1000 1441 1098 1497 ὅσα
1128 1443 1284 1519 φύσει
1312 1443 1495 1513 πίονα,
1544 1441 1785 1517 καθᾶπερ
1834 1443 1898 1498 τὸ
1928 1447 2036 1498 τῶν

381 1537 522 1586 συῶν
583 1533 760 1606 γένος,
836 1532 1227 1606 εύσαρκότατον
1310 1531 1586 1608 τυγχάνον
1622 1551 1634 1562 ·
1695 1536 2038 1610 τρυφητιῶσι

379 1619 480 1696 γὰρ
514 1622 549 1690 ἠ
579 1620 806 1690 τοιαύτη
840 1627 1044 1695 χρῆσις
1090 1627 1434 1696 χορηγείται.
1478 1619 1700 1696 Λέγεται
1732 1625 1888 1696 γοῦν,
1918 1620 2041 1676 τινὰ

378 1713 489 1762 τῶν
520 1707 970 1787 φιλοσοφούντων
995 1712 1107 1781 (57)
1139 1708 1592 1784 ἐτυμολογοῦντα
1627 1710 1726 1778 τήν
1778 1710 1896 1779 οὗν,
1945 1713 2036 1773 θῦν

2149 558 2241 609 ter
2268 559 2464 621 utens,
2497 554 2558 608 in
2591 553 2803 625 spiritu
2846 557 3157 624 permanet
3186 569 3199 619 ;
3251 553 3511 608 mundus
3560 553 3804 626 quidem

2157 643 2629 711 carne,mundus
2656 648 2853 698 autem
2879 643 3056 697 corde
3079 642 3484 698 sanctiﬁcatus
3507 661 3802 700 sermone.

2147 735 2404 800 Mundus,
2456 733 2668 803 inquit,
2704 735 2755 786 ei
2786 735 3080 801 cruciﬁxus
3111 738 3210 797 est,
3238 738 3291 785 et
3321 735 3434 802 ipse
3461 735 3665 788 mundo
3697 735 3794 806 (a).

2134 822 2202 886 ,Is
2233 839 2471 876 crucem
2499 822 2824 878 Servatoris
2857 821 3302 888 circumferens,
3337 822 3572 876 Domini
3604 825 3806 894 sequi-

2147 914 2244 964 tur
2272 911 2535 982 vestigia.
2567 917 2851 982 tanquam
2885 912 3059 980 Deus,
3104 913 3347 966 eﬂ‘ectus
3380 917 3620 967 sanctus
3671 929 3804 968 san-

2144 1001 2607 1056 ctorum.0mnis
2638 1017 2773 1073 ergo
2805 1001 3036 1056 virtutis
3064 1018 3197 1056 cum
3223 1002 3569 1056 meminerit
3592 1002 3688 1056 lex
3709 1003 3800 1057 di-

2141 1089 2297 1157 vina,
2333 1090 2638 1145 hominem
2674 1091 2927 1146 maxime
2983 1095 3218 1145 exercet
3241 1091 3315 1145 ad
3347 1092 3800 1161 continentiam,

2145 1193 2274 1232 eam
2304 1183 2569 1234 statuens
2599 1178 3056 1234 fundamentum
3085 1178 3370 1234 virtutum
3398 1196 3411 1234 :
3445 1185 3621 1251 atque
3652 1182 3799 1236 adeo

2143 1283 2253 1321 nos
2265 1267 2676 1339 prmeruditad
2689 1269 3124 1324 continentiam
3145 1270 3316 1340 acqui
3329 1269 3672 1339 rendam,ex
3691 1287 3802 1326 usu

2143 1356 2560 1423 animantium,
2594 1357 2666 1412 iis
2697 1357 2850 1412 vesci
2880 1357 3226 1429 prohibens,
3261 1375 3392 1430 qua:
3417 1363 3559 1414 sunt
3587 1364 3802 1414 natura

2142 1445 2410 1517 pinguia,
2446 1446 2948 1517 quemadmodum
2980 1464 3168 1519 genus
3191 1464 3386 1512 suum,
3412 1447 3571 1519 quod
3601 1450 3804 1504 carnis

2142 1534 2324 1589 habet
2346 1535 2977 1605 plurimum.Delicatis
2992 1537 3153 1591 enim
3171 1553 3238 1591 ac
3256 1536 3580 1592 luxuriosis
3593 1554 3806 1610 suppe-

2143 1622 2365 1679 ditatur
2377 1623 2511 1679 talis
2524 1625 2924 1680 usus.Dicitur
2936 1625 2951 1678 i
2963 1630 3137 1696 taque
3153 1625 3394 1696 quidam
3410 1627 3800 1698 philosophus

2143 1712 2266 1768 suis
2289 1713 2543 1768 aﬂ‘erens
2567 1713 3113 1785 etymologiam,qui
3147 1713 3205 1774 ὗς
3229 1714 3466 1782 dicitur,
3495 1713 3554 1767 ὗν
3580 1715 3800 1770 dixisse

378 1798 512 1852 εἶναι
543 1799 728 1874 φάναι,
761 1797 834 1859 ὡς
865 1797 940 1859 είς
975 1797 1124 1862 θύσιν
1159 1798 1250 1853 καὶ
1284 1800 1496 1876 σφαγήν
1556 1798 1716 1871 μόνον
1747 1801 1859 1872 (58)
1917 1797 2034 1853 ἐπι-

2151 1802 2314 1872 quasi
2347 1804 2462 1868 θῦν,
2497 1809 2562 1857 ut
2586 1801 2687 1872 qui
2719 1802 2790 1856 ad
2837 1800 3006 1869 θύσιν,
3074 1803 3184 1857 hoc
3242 1809 3332 1858 est
3388 1807 3802 1871 mactationem,

381 1881 621 1955 τήδειονο
659 1883 910 1940 δεδόσθαι
942 1885 1046 1960 γὰρ
1077 1883 1221 1958 τῷδε
1271 1891 1349 1958 τῷ
1382 1886 1507 1958 ζώῳ
1537 1887 1720 1962 ψυχήν
1754 1887 1891 1960 πρὸς
1942 1885 2033 1940 οὐ-

381 1971 468 2028 δὲν
495 1970 678 2048 ἕτερον
711 1974 745 2043 ἢ
778 1971 934 2029 ἕνεκα
985 1979 1082 2029 τοῦ
1121 1975 1217 2038 τὰς
1271 1977 1473 2051 σάρκας
1504 1980 1753 2050 σφριγᾷν.
1810 1978 1926 2029 Τῶν
1978 1995 2035 2029 τε

383 2060 593 2137 ἰχθύων
652 2061 863 2136 ὁμοίως
913 2063 1257 2140 ἀπηγόρευσε
1299 2059 1754 2137 μεταλαμϐάνειν,
1788 2063 2032 2119 στέλλων

381 2154 544 2224 ἡμῶν
601 2153 700 2216 τὰς
757 2149 1088 2226 ἐπιθυμίας,
1161 2151 1380 2207 ἐκείνων
1441 2155 1524 2216 οἷς
1577 2154 1716 2226 μήτε
1771 2151 2036 2228 πτερύγια

385 2244 526 2314 μήτε
583 2239 802 2306 λεπίδες
855 2242 1007 2297 εἰσίν·
1070 2242 1324 2319 εύσαρκίᾳ
1378 2243 1478 2318 γὰρ
1526 2243 1615 2298 καὶ
1647 2242 1869 2314 πιότητι
1924 2247 2034 2298 τῶν

380 2329 569 2387 ἄλλων
601 2331 810 2408 ἰχθύων
843 2334 992 2388 οὗτοι
1051 2330 1415 2411 διαφέρουσιν.
1451 2332 1722 2398 Ἐντεῦθεν
1761 2333 1913 2404 οἶμαι
1944 2334 2035 2388 καὶ

379 2420 475 2484 τὰς
545 2419 766 2482 τελετὰς
842 2421 903 2476 ού
984 2421 1163 2495 μόνων
1241 2427 1405 2478 τινῶν
1464 2423 1616 2491 ζώων
1677 2420 2033 2498 ἀπαγορεύειν

379 2506 660 2581 ἅπτεσθαι,
694 2508 818 2566 ἆλλ⁸
849 2507 989 2566 ἔστιν
1025 2510 1056 2566 ἃ
1109 2511 1199 2566 καὶ
1255 2516 1364 2566 τῶν
1404 2512 1823 2584 καταθυομένων
1880 2511 2037 2582 ὑπεξ-

381 2598 554 2654 είλιτο
584 2605 686 2666 τῆς
733 2600 986 2674 χρήσεως
1042 2597 1179 2676 μέρη
1217 2602 1351 2672 (59),
1415 2597 1484 2653 δι’
1534 2598 1710 2659 αἰτίας
1760 2597 1820 2660 ἂς
1855 2597 2035 2652 ’ίσασιν

382 2687 434 2740 οἱ
468 2687 685 2760 μύσται.
721 2687 788 2743 Εἴ
818 2685 884 2756 δὴ
915 2689 1143 2762 γαστρὸς
1193 2690 1283 2742 καὶ
1326 2691 1436 2742 τῶν
1484 2686 1587 2741 ὑπὸ
1633 2685 1863 2759 γαστέρα
1903 2705 2037 2760 κρα-

379 2776 596 2845 τητὲον,
657 2771 829 2843 δῆλον
891 2776 964 2837 ὡς
1013 2777 1215 2830 ἄνωθεν
1273 2773 1691 2852 παρειλήφαμεν
1743 2773 1889 2850 παρὰ
1937 2777 2036 2827 τοῦ

382 2862 611 2934 Κυρίου,
646 2859 734 2915 διὰ
762 2863 857 2914 τοῦ
885 2860 1058 2934 νόμου
1088 2861 1187 2929 τήν
1243 2861 1534 2933 ἐπιθυμίαν
1578 2859 1878 2917 ἐκκόπτειν.
1937 2859 2038 2915 Γέ-

387 2968 534 3001 νοιτο
567 2945 612 3002 δ’
642 2947 703 3001 ’ἂν
752 2946 979 3010 τελείως
1022 2952 1206 3018 τοῦτο,
1241 2948 1286 3002 εἶ
1335 2952 1433 3002 τοῦ
1470 2948 1884 3020 ὑπεκκαύματος
1939 2955 2038 3018 τῆς

387 3035 714 3110 ἐπιθυμίας,
773 3043 873 3098 τῖς
933 3034 1138 3106 ἡδονῆς
1197 3035 1343 3112 λέγω
1377 3082 1393 3108 ,
1446 3037 1826 3110 ἇνυποκρίτως
1872 3059 2040 3093 κατα-

384 3125 667 3202 γνοίημεν.
722 3125 860 3180 Φασὶ
907 3122 965 3180 δὲ
1015 3125 1182 3196 αὐτῆς
1231 3127 1365 3182 εῖναι
1414 3127 1514 3196 τήν
1546 3121 1776 3200 ἔννοιαν,
1821 3125 2034 3198 κίνησιν

2144 1896 2316 1960 aptus
2338 1896 2495 1945 esset
2513 1891 2918 1945 solummodo:
2954 1891 3150 1946 datam
3176 1893 3333 1946 enim
3354 1907 3482 1947 esse
3509 1893 3646 1948 huic
3671 1893 3804 1948 ani-

2143 1979 2284 2034 mali
2308 1979 2381 2034 ad
2403 1980 2554 2034 nihil
2577 1979 2738 2034 aliud
2769 1980 3050 2046 animam,
3088 1997 3268 2051 quam
3299 1986 3365 2034 ut
3394 1996 3602 2036 carnes
3624 1981 3800 2036 luxu-

2143 2069 2387 2123 riarent.
2409 2071 2479 2122 Et
2507 2069 2782 2124 similiter
2811 2075 3047 2126 nostras
3077 2069 3432 2141 cupiditates
3460 2070 3794 2142 reprimens

2142 2158 2446 2229 prohibuit
2476 2158 2597 2213 illis
2645 2159 2800 2214 vesci
2850 2158 3136 2229 piscibus,
3169 2159 3270 2229 qui
3301 2175 3412 2213 nec
3441 2159 3657 2230 pinnas
3689 2159 3798 2214 ha-

2144 2246 2306 2315 bent,
2340 2264 2450 2303 nec
2483 2264 2782 2319 squamas.
2825 2249 2974 2305 175
3017 2248 3294 2303 Carnium
3327 2248 3485 2302 enim
3530 2247 3795 2304 bonitate

2145 2340 2204 2390 et
2232 2335 2593 2407 pinguedine
2626 2336 2687 2390 hi
2740 2335 2874 2390 aliis
2917 2335 3178 2406 piscibus
3232 2336 3616 2392 antecellunt.
3651 2337 3798 2391 Hinc

2146 2425 2420 2479 existimo
2452 2424 2735 2496 mysteria
2764 2439 3001 2494 quoque
3034 2440 3154 2478 non
3186 2424 3380 2478 solum
3411 2423 3799 2494 prohibere>1<

2145 2513 2346 2584 aliqua
2376 2517 2614 2584 tangere
2646 2511 2952 2579 animalia,
2987 2511 3089 2566 sed
3123 2513 3301 2566 etiam
3334 2511 3656 2567 nonnullas
3689 2528 3798 2566 eo-

2145 2617 2302 2665 rum,
2362 2617 2494 2671 quaa
2545 2601 2978 2670 sacriﬁcantur,
3015 2601 3275 2654 eximere
3315 2600 3386 2654 ab
3417 2617 3527 2656 usu
3577 2606 3796 2672 partes,

2144 2694 2387 2761 propter
2418 2705 2701 2760 eas,quas
2735 2694 2940 2760 mystas
2971 2689 3168 2745 sciunt
3196 2706 3424 2744 causas.
3462 2691 3517 2744 Si
3559 2695 3649 2745 est
3687 2691 3799 2745 ita-

2147 2794 2261 2848 que
2292 2782 2495 2832 venter
2524 2777 2943 2846 continendus,
2978 2783 3036 2834 et
3053 2795 3143 2848 ea,
3175 2795 3307 2849 quas
3341 2783 3479 2833 sunt
3508 2777 3616 2834 sub
3647 2795 3792 2834 ven-

2148 2873 2256 2934 tre,
2290 2865 2516 2922 clarum
2540 2872 2650 2937 est,
2683 2866 2842 2938 quod
2870 2867 2999 2938 jam
3031 2867 3173 2922 olim
3205 2883 3240 2922 a
3288 2867 3536 2922 Domino
3567 2867 3800 2938 accepi-

2146 2955 2616 3029 mus,perlegem
2647 2955 2990 3011 exscindere
3013 2955 3226 3011 debere
3258 2973 3366 3011 nos
3389 2956 3796 3028 cupiditatem.

2147 3045 2210 3100 Id
2243 3049 2440 3100 autem
2464 3045 2724 3116 perfecte
2757 3046 2877 3116 ﬁet,
2911 3046 2959 3100 si
2992 3045 3335 3117 cupiditatis
3374 3045 3664 3115 fomitem,
3697 3063 3797 3101 vo-

2146 3133 2458 3205 luptatem,
2511 3135 2778 3205 inquam,
2829 3151 2949 3190 non
2994 3135 3129 3190 ﬁcte
3160 3135 3663 3192 damnaverimus.
3697 3136 3800 3189 Di-

387 3193 680 3287 λείαν-(60)
711 3214 800 3270 καὶ
826 3217 1079 3289 προσηνῆ
1113 3193 1246 3288 μετά
1273 3237 1424 3280 τινος
1471 3193 1797 3287 αἰσθήσεως.
1856 3193 2032 3292 Ταύτῃ

2151 3229 2290 3279 cunt
2319 3223 2446 3295 ejus
2473 3225 2626 3278 hanc
2655 3239 2783 3279 esse
2813 3223 3144 3293 notionem,
3175 3229 3242 3278 ut
3271 3224 3518 3280 sitlenis
3541 3229 3600 3279 et
3627 3223 3800 3279 blan-

386 3299 716 3359 δουλεύοντα
739 3305 828 3359 τὸν
861 3303 1170 3374 Μενέλεων,
1234 3305 1369 3378 μετᾶ
1422 3307 1524 3374 τήν
1583 3304 1750 3364 Ἰλίου
1805 3304 2032 3377 ἅλωσιν,

383 3391 538 3469 φασὶν
600 3393 920 3467 ὁρμήσαντα
973 3393 1073 3462 τήν
1127 3391 1353 3463 Ἑλένην
1407 3392 1619 3449 ἀνελεῖν
1651 3437 1664 3463 ,
1723 3394 1798 3456 ὡς
1851 3398 2036 3449 κακῶν

381 3482 656 3539 τοσούτων
689 3482 863 3538 αἰτίαν
894 3484 1208 3558 γενομένην,
1242 3483 1395 3558 ὅμως
1431 3481 1492 3540 ού
1523 3490 1849 3561 κατισχῦσαι
1896 3491 2035 3562 πρᾶ-

384 3571 488 3642 ξαι,
517 3573 818 3644 ἡττηθέντα
844 3577 924 3644 τῷ
957 3570 1173 3645 κάλλει,
1231 3569 1298 3626 δι’
1349 3573 1411 3628 οὗ
1466 3572 1551 3629 ἐπὶ
1585 3577 1684 3644 τὴν
1733 3574 2033 3647 ἀνάμνησιν

380 3666 480 3730 τῆς
512 3659 720 3730 ἡδονῆς
746 3659 990 3734 ἀφίκετο.
1022 3662 1172 3715 Ὅθεν
1206 3659 1641 3724 ἐπισκώπτοντες
1674 3663 1725 3717 οἱ
1758 3659 2034 3739 τραγῳδο-

384 3748 560 3819 ποιοὶ,
595 3746 965 3811 ὀνειδιστικῶς
991 3742 1294 3820 ἐπεϐόησαν
1322 3749 1489 3822 αύτῷ.

460 4036 676 4119 ξυμὸί)
709 4031 882 4119 ei):
913 4030 1113 4119 ἐσεῖδες
1150 4028 1654 4119 μαστὸινκὲκϐαλῲν
1684 4033 1856 4119 ξίφος,
1889 4027 1898 4032 ’

463 4110 678 4185 Φίλήμ⁵
707 4111 888 4183 ἐδέξω,
918 4110 1177 4189 προδότιν
1210 4110 1489 4168 αἶκάλλων
1519 4112 1676 4169 κύνα.

2145 3313 2254 3368 dus
2276 3318 2472 3368 motus
2495 3329 2627 3368 cum
2652 3312 2850 3384 aliquo
2883 3328 3082 3368 sensu.
3115 3313 3178 3366 Ei
3212 3313 3566 3368 servientem
3600 3315 3801 3368 Mene-

2143 3403 2304 3458 laum
2338 3408 2473 3474 post
2493 3403 2728 3474 Trojam
2757 3407 2988 3473 captam
3011 3401 3236 3466 dicunt,
3263 3418 3398 3456 cum
3430 3401 3655 3474 impetu
3677 3402 3798 3456 fer-

2143 3496 2309 3546 retur
2339 3491 2414 3546 ad
2444 3489 2829 3546 occidendam
2859 3490 3162 3556 Helenam,
3210 3489 3370 3560 quod
3402 3495 3486 3544 tot
3515 3496 3574 3546 et
3603 3495 3799 3544 tanto-

2144 3597 2278 3635 rum
2296 3580 2510 3634 fuisset
2538 3596 2717 3635 causa
2744 3579 3060 3646 malorum,
3085 3579 3145 3634 id
3168 3583 3366 3632 tamen
3388 3595 3510 3634 non
3533 3578 3796 3650 potuisse

2146 3668 2384 3724 efﬁcere
2413 3667 2634 3723 victum
2689 3667 3156 3739 pulchritudine,
3189 3683 3296 3738 per
3325 3684 3505 3738 quam
3537 3667 3598 3722 in
3625 3683 3800 3722 men-

2145 3761 2266 3812 tem
2297 3756 2458 3811 venit
2486 3756 2817 3812 recordatio
2839 3754 3105 3827 pristinaa
3135 3756 3474 3829 voluptatis.
3511 3755 3677 3811 Unde
3704 3756 3802 3811 lu-

2146 3845 2456 3901 dificantes
2487 3845 2718 3919 tragici,
2749 3862 2884 3902 cum
2913 3845 3129 3918 probro
3161 3863 3228 3902 ac
3251 3845 3540 3902 dedecore
3570 3845 3632 3901 in
3663 3860 3800 3901 eum

2147 3931 2484 3988 exclamant
2509 3948 2522 3987 :

2124 4079 2126 4082 μ
2213 4043 2290 4096 At
2322 4046 2382 4095 tu
2404 4038 2682 4111 papillam
2723 4045 2982 4095 contuens
3012 4038 3261 4110 gladium
3290 4041 3509 4110 abjicis,

2215 4115 2286 4167 Et
2307 4113 2611 4182 proditrici
2637 4113 2760 4181 ﬁgis
2791 4111 3032 4167 osculum
3061 4115 3212 4168 cani.

454 4266 518 4330 .1.
547 4225 744 4313 P.485
776 4261 886 4314 ED.
921 4261 1215 4328 POTTER,
1245 4261 1349 4314 406
1375 4261 1489 4317 ED.
1523 4259 1750 4316 PARIS.
1828 4259 1903 4331 (α)
1925 4258 2109 4316 Falat.
2141 4277 2216 4329 VI,
2256 4257 2342 4316 44.

461 4402 570 4471 (55)
603 4399 863 4462 Σύνοικος
893 4399 944 4455 ἐν
977 4406 1055 4472 τῷ
1085 4405 1155 4460 Κ.
1196 4405 1329 4460 Haec
1375 4403 1458 4459 sic
1509 4403 1768 4460 scribere
1818 4401 1876 4460 et
1923 4405 2045 4461 dis-

393 4473 666 4550 tinguere
693 4475 898 4550 malim
927 4491 940 4528 :
975 4475 1236 4550 Σύνοικος
1270 4475 1342 4529 ὥν
1382 4479 1461 4547 τῷ
1487 4473 1722 4550 ΔΚυρίῳ,
1782 4476 2044 4550 ὀαριστής

389 4563 447 4619 τε
471 4542 560 4596 καὶ
620 4542 901 4619 συνέστιος
941 4545 1077 4599 κατὰ
1101 4547 1164 4600 τὸ
1212 4542 1448 4617 πνεῦμα,
1483 4542 1725 4619 διαμενει
1757 4542 1875 4603 καθ’.
1912 4542 2044 4604 Cum

392 4617 612 4670 Domini
639 4617 708 4671 sit
742 4617 1110 4686 cohabitator,
1140 4626 1192 4673 et
1222 4617 1628 4688 eonfabulatoi',
1663 4626 1713 4674 et
1762 4623 2044 4676 convictor

394 4687 578 4809 ἕποαά
597 4689 872 4756 spiritum,
917 4697 1210 4758 permanet
1251 4687 1480 4746 mundus
1529 4707 1713 4756 carne,
1745 4698 1858 4748 etc.
1891 4691 2045 4746 Illud

429 4759 678 4809 αοιστῆς.
711 4759 866 4809 quod
898 4776 1207 4809 Demeram
1254 4761 1281 4809 ὁ
1339 4761 1566 4809 ἀριστῆς
1625 4767 1715 4809 est
1769 4762 1827 4809 in
1884 4763 2040 4809 Flnr-

429 4759 867 4833 agtniﬁc,_quod
897 4776 1207 4831 perperam
1254 4761 1281 4814 ὁ
1339 4761 1566 4833 ἀριστῆς
1625 4767 1715 4817 est
1769 4762 1830 4818 in
1884 4763 2040 4818 Flor.

396 4827 519 4882 edit
548 4869 562 4894 ,
591 4845 659 4883 ex
685 4827 1260 4905 Ho‘mero‘sumptum
1285 4827 1494 4905 estqui
1520 4827 1772 4889 Minoem
1801 4835 2045 4889 Creten-

405 4917 528 4978 sem
564 4900 809 4978 _vo_cavit
865 4899 988 4957 Διός
1053 4899 1294 4978 μεγάλου
1344 4899 1599 4978 ὀαριστήν
1657 4905 1808 4961 Iovis
1853 4908 2044 4975 magni

396 4971 883 5047 confabulatorem.
943 4971 1227 5036 Συνὲστιος
1258 4971 1484 5029 κατὰτὸ
1536 4971 1750 5047 ⁴πνεῦμα
1809 4971 2045 5032 contra-

395 5043 778 5120 distinguitur
835 5043 909 5110 ei,
957 5047 1070 5120 ‘qui
1121 5052 1209 5102 est
1262 5048 1532 5109 συνέστιος
1587 5043 1723 5102 κατὰ
1763 5047 1825 5101 τὸ
1857 5051 2037 5120 σῶμα.

392 5116 492 5192 \fir
522 5113 680 5169 enim
713 5113 920 5192 bonus,
955 5113 1097 5172 licet
1137 5135 1382 5192 corpore
1413 5120 1659 5189 distans,
1694 5119 1890 5192 quoad
1923 5113 2040 5192 spi-

388 5187 569 5262 ritum
601 5203 736 5262 cum
768 5186 1388 5262 Christo_conjunctus
1432 5197 1539 5247 est.

456 5259 759 5332 Ὥστε
791 5258 941 5332 Θε-ός.
997 5260 1088 5314 Sic
1140 5258 1414 5332 superius
1469 5263 1615 5317 dixit
1672 5261 2038 5325 θεοποιεῖσθαι

385 5328 484 5406 τᾷνΔ
507 5328 812 5406 ἄνθρωπον,
846 5329 1118 5388 hominem
1147 5328 1318 5390 Deum
1353 5333 1500 5404 ﬁeri,
1531 5337 1850 5405 Proptrept.
1882 5337 2036 5406 p.7i,

385 5403 486 5456 ubi
517 5402 669 5457 conf.
706 5402 1005 5458 adnotata.

461 5475 574 5551 (57)
596 5471 736 5551 Iuvit
779 5475 888 5526 τῶν
950 5469 1210 5551 φιλοαοφ.
1269 5476 1678 5551 Is__Cleanthes
1737 5481 1828 5533 est
1882 5476 2040 5532 infra

389 5559 518 5666 pag.
551 5548 672 5600 304.
705 5547 976 5600 SYLBURG.
1002 5577 1071 5586 —
1099 5547 1278 5622 Varro
1304 5547 1408 5602 lib.
1433 5566 1470 5604 ιι
1494 5552 1567 5604 De
1595 5566 1655 5604 re
1669 5551 2034 5620 rustica,cap.

449 5631 460 5666 ε
495 5639 520 5663 «α
547 5616 654 5666 Sus
677 5618 869 5666 Grmce
898 5616 1115 5666 dicitur
1136 5618 1194 5666 ὗε
1227 5619 1364 5666 nlim
1389 5621 1595 5666 thvan
1615 5619 1686 5666 ab
1709 5619 1811 5666 illo
1834 5619 2033 5666 verba

449 5631 460 5666 :
495 5616 654 5692 «_Su_s
677 5618 882 5692 Graiae
898 5616 1115 5672 dicitur
1136 5618 1194 5692 ὗς
1227 5619 1364 5674 olim
1389 5621 1595 5692 thysus
1615 5619 1686 5676 ab
1709 5619 1811 5692 illo
1834 5616 2036 5692 verbo,

396 5686 551 5764 quod
581 5686 797 5742 dicitur
825 5684 1181 5764 065w,qu_od
1229 5697 1319 5764 est
1363 5684 1667 5764 immolare.
1717 5691 1803 5745 Ab
1851 5684 2034 5764 suillo

395 5760 551 5812 enim
573 5773 786 5832 genere
811 5760 1043 5830 pecoris
1089 5761 1440 5820 immolandi
1487 5763 1725 5821 initium
1771 5762 2034 5834 primum

2156 4408 2468 4480 sumptum,
2491 4397 2723 4480 videtur
2746 4419 2759 4460 :
2788 4399 2958 4479 cujus
2980 4400 3407 4480 vestigia,quOd
3430 4400 3617 4463 initiis
3638 4407 3805 4463 Cere-

2154 4479 2236 4533 ris
2268 4479 2429 4550 porci
2456 4478 2916 4550 immolantur.)
2937 4480 3000 4532 P.
3027 4478 3362 4535 Victorinus
3385 4480 3446 4535 in
3462 4482 3804 4545 Varronem,

2154 4549 2311 4624 hunc
2342 4551 2486 4605 citat
2512 4550 2833 4624 Clementis
2866 4549 3086 4624 locum,
3141 4553 3343 4624 etJos.
3377 4551 3637 4624 Scaliger
3664 4551 3808 4624 legit

2278 4618 2359 4688 ὗς,
2395 4621 2550 4704 quod
2602 4620 3048 4704 [.atineAYar’r-o
3103 4618 3623 4704 scripsitmthysus.
3663 4618 3805 4704 _Vide

2154 4691 2306 4746 libro
2335 4691 2668 4756 vn’Stromq
2701 4710 2758 4763 p.
2789 4695 2912 4760 707,
2970 4691 3294 4758 Cleanthis,
3344 4691 3709 4749 Philemonis
3741 4698 3800 4750 et

2151 4767 2348 4834 Esop;
2380 4764 2536 4818 dicta
2565 4764 2626 4817 in
2660 4764 2812 4818 hanc
2836 4765 3216 4819 sententiam.
3237 4767 3501 4821 COLLECT.
3527 4797 3594 4807 —
3621 4769 3802 4820 Porro

2154 4835 2225 4889 de
2256 4841 2549 4906 praecepto
2582 4852 2698 4905 quo
2729 4834 2912 4889 Judaai
2945 4835 3134 4890 suillae
3158 4837 3354 4891 carnis
3399 4853 3502 4893 esu
3552 4837 3802 4893 interdi-

2153 4907 2460 5033 ceibtanéur,
2495 4906 2649 4961 conf.
2684 4906 3023 4961 Lactantius
3067 4907 3172 4962 lib.
3205 4925 3283 4979 ιν,
3325 4924 3453 4981 cap.
3495 4913 3577 4979 17,
3609 4927 3666 4981 p.
3701 4911 3802 4964 367

2153 4995 2183 5033 e
2231 4996 2248 5031 1
2281 5020 2293 5032 .
2371 4994 2507 5032 xon.

2153 4978 2293 5033 edit.
2323 4979 2507 5033 Oxon.

2224 5049 2334 5121 (58)
2363 5046 2566 5121 Μόνον,
2597 5046 2788 5121 Μάνην
2840 5048 3064 5104 mavult
3090 5049 3521 5108 Rittershusius
3551 5053 3612 5108 in
3643 5053 3804 5109 Notis

2151 5119 2566 5196 adLPorph‘yrii
2596 5119 2815 5196 librum
2846 5123 2922 5175 De
2949 5122 3066 5196 vita
3096 5123 3452 5192 Pythagorae,
3487 5142 3544 5196 p.
3576 5126 3630 5180 8.

2221 5194 2330 5262 (59)
2391 5191 2566 5263 Μέρη.
2627 5191 2864 5267 Scilicet
2922 5191 3204 5267 adipem,_
3238 5191 3296 5267 et
3334 5191 3622 5267 quasdam
3655 5195 3803 5251 alias

2148 5269 2368 5335 partes,
2399 5262 2544 5335 quas
2575 5262 2888 5335 comedere
2911 5262 3078 5319 nefas
3109 5262 3458 5322 habebatur.

2219 5336 2324 5407 (60)
2358 5331 2582 5407 Κίνησιν
2616 5331 2789 5388 λείαν.
2819 5335 3155 5407 Aristipphs
3193 5336 3461 5392 deﬁnivit
3504 5337 3603 5404 τὴν
3664 5333 3800 5404 ἠδο-

2145 5402 2243 5482 νην
2303 5402 2450 5460 λείαν
2472 5402 2738 5482 ςκίνησινο
2784 5404 2877 5458 τὸν
2910 5402 3077 5482 ardia—ig
3103 5413 3363 5482 τραχεῖαν
3392 5402 3622 5475 κίνησιν.
3691 5402 3801 5462 V0-

2149 5478 2433 5548 luptatem,
2467 5479 2640 5534 lenem
2683 5483 2932 5532 motum:
2984 5478 3248 5534 dolorem'
3273 5495 3525 5549 asperum
3574 5484 3797 5534 motum.

2145 5550 2347 5604 Cicero
2382 5551 2484 5604 lib.
2519 5554 2594 5605 De
2621 5551 2803 5618 ﬁnib.,
2835 5567 2884 5604 c.
2921 5552 2987 5603 65
3017 5565 3029 5603 :
3091 5553 3286 5620 Omnes
3320 5550 3630 5620 jucundum
3683 5565 3804 5602 νηο-

2145 5625 2279 5692 tum,
2312 5639 2420 5692 quo
2449 5617 2631 5678 sensus
2661 5621 2990 5690 hilarentur,
3019 5622 3206 5676 Graece
3225 5617 3449 5691 ἡδονήν,
3483 5621 3678 5676 Latine
3707 5635 3804 5677 υο-

2147 5691 2406 5762 luptatem
2422 5693 2742 5763 appellant.

2215 5765 2329 5837 (61)
2358 5761 2800 5834 Σύ.Ἐιιιδὶρ.ι1θε
2820 5761 2882 5817 in
2911 5761 3306 5832 Andromach.,
3337 5779 3388 5819 ν.
3419 5761 3793 5836 627,Peleum
