4034 6148
370 298 512 362 1053

1701 305 2152 367 ΒΤΒΟΜΛἸἭΠ
2187 310 2322 367 LIB.
2365 305 2437 366 ΙΙ.

3643 306 3783 364 1054

373 429 475 486 Καὶ
505 427 610 503 γὰρ
644 427 753 501 (73)
810 430 918 482 τῶν
976 424 1190 501 σεμνῶν
1250 416 1518 500 οἳομένων
1575 427 1709 482 εἶναι
1766 427 1896 492 τοὺς
1927 431 2019 485 Θυ-

2145 435 2337 490 Eorum
2357 437 2522 503 enim,
2571 440 2670 506 qui
2688 448 2880 504 graves
2937 432 3346 499 existimantur,
3386 430 3598 487 animos
3626 432 3782 486 volu-

376 516 576 590 μοὺςή
626 512 800 585 ἡδονή
858 514 1116 591 κηρίνους
1177 520 1346 585 ποιεῖ,
1404 516 1541 572 κατὰ
1595 515 1884 573 Πλάτωνα·
1943 520 2028 574 ὅτι

2145 521 2262 594 ptas
2287 527 2426 594 facit
2476 541 2671 592 cereos,
2703 539 2776 581 ex
2831 523 3129 578 sententia
3156 521 3418 577 Platonis
3454 538 3467 574 :
3499 521 3784 592 quoniam

368 607 566 675 ἑκάστη
621 603 792 675 ἡδονή
845 608 956 679 (74)
1012 627 1070 661 τε
1127 605 1217 661 καὶ
1265 605 1414 676 λύπη
1475 607 1896 682 προσπασσαλοῖ
1949 613 2029 680 τῷ

371 697 586 767 σώματι
612 695 798 769 ψυχήν
831 699 927 749 τοῦ
957 715 1021 769 γε
1071 696 1147 768 μή
1207 696 1562 772 ἂφορίζοντος
1609 696 1700 751 καὶ
1758 698 2026 752 ἀποσταυ-

374 789 601 860 ροῦντος
635 783 821 838 ἑαυτὸν
876 788 983 838 τῶν
1040 786 1227 838 παθῶν
1478 785 1540 842 Ὀ
1592 783 1862 848 ἀπολέσας
1924 787 2024 855 τὴν

374 874 561 949 ψυχήν
591 874 691 941 τήν
752 872 966 945 ἑαυτοῦ,
1034 872 1167 949 φησὶ
1226 874 1254 927 6
1335 873 1555 949 Κύριος,
1615 875 1775 929 σώσει
1835 874 2024 945 αὐτήν⁶

370 963 498 1033 ἢτοι
530 959 926 1036 ῥιψοκινδύνως
983 962 1115 1037 ὑπὲρ
1167 966 1265 1016 τοῦ
1311 968 1570 1036 Σωτῆρος
1629 963 1795 1031 αὖτήν
1845 961 2027 1020 ἐπιδι-

376 1049 526 1120 δοὺς,
585 1051 660 1113 ὡς
707 1050 868 1112 αὐτὸς
913 1051 1046 1126 ὑπὲρ
1101 1052 1260 1122 ἡμῶν
1309 1051 1604 1122 πεποίηκεν
1661 1050 1696 1120 ἢ
1755 1051 2026 1114 ἀπολέσας

369 1140 542 1208 αὐτὴν
575 1138 635 1194 ἐκ
657 1146 758 1209 τῆς
785 1140 922 1216 πρὸς
976 1140 1066 1194 τὸν
1125 1141 1331 1210 συνήθη
1396 1139 1510 1216 βίον
1566 1140 1871 1203 κοινωνίας.
1904 1142 2028 1197 Ἐὰν

370 1229 478 1306 γὰρ
521 1227 814 1298 ἂπολῦσαι,
871 1227 960 1284 καὶ
1019 1227 1346 1301 ἀποστῆσαι,
1392 1229 1482 1284 καὶ
1531 1230 1784 1306 ἂφορίσαι
1843 1231 2026 1304 (τοῦτο

373 1321 479 1396 γὰρ
517 1320 546 1374 6
592 1319 818 1394 σταυρὸς
875 1316 1153 1390 σημαίνει)
1202 1319 1300 1387 τὴν
1361 1319 1546 1395 ψυχήν
1604 1317 1871 1394 ἐθελήσῃς
1926 1321 2027 1391 τῆς

373 1409 424 1465 ἐν
457 1407 638 1481 τούτῳ
666 1412 747 1479 τῷ
779 1410 874 1481 ζῇν
913 1407 1153 1482 τέρψεως
1207 1428 1267 1461 τε
1320 1407 1411 1462 καὶ
1469 1405 1698 1478 ἡδονῆς,
1755 1405 1890 1481 ἕξεις
1923 1409 2027 1464 αὖ·

370 1499 473 1567 τὴν
505 1497 558 1552 έν
589 1501 658 1571 τῇ
689 1494 871 1552 ἐλπίδι
901 1499 972 1570 τῇ
1032 1493 1486 1572 προσδοκωμένη,
1547 1497 1856 1570 εὑρημένην
1935 1499 2026 1553 καὶ

371 1585 847 1659 ὰναπεπαυμένην.
877 1583 978 1656 Εἷή
1014 1587 1124 1658 (76)
1174 1582 1219 1639 δ’
1251 1582 1310 1640 ἄν
1340 1590 1503 1641 τοῦτο
1536 1585 1738 1658 μελέτη
1773 1589 2025 1659 θανᾶτου,

371 1674 422 1730 εἴ
471 1676 664 1747 μόναις
719 1679 837 1736 ταῖς
895 1674 1033 1729 κατὰ
1084 1673 1238 1750 φύσιν
1296 1677 1737 1750 μεμετρημέναις
1797 1673 2026 1751 ὀρέξεσι,

378 1764 548 1839 μηδὲν
587 1765 1038 1842 ὑπεροριζούσαις
1066 1773 1175 1820 τῶν
1207 1765 1344 1820 κατὰ
1373 1764 1552 1842 φύσιν,
1585 1765 1672 1820 ἐπὶ
1713 1766 1774 1820 τὸ
1809 1765 2022 1838 μᾶλλον
2055 1801 2102 1869 Β

378 1856 394 1869 .
556 1857 567 1869 .
661 1855 672 1869 .
840 1850 864 1869 ,ι
902 1857 925 1869 ,ι
1059 1855 1072 1869 .
1152 1855 1165 1869 .
1460 1855 1474 1869 ς
1624 1855 1637 1869 ,
1847 1853 1859 1869 .
1969 1860 1991 1869 ..

366 1856 401 1924 ἣ
431 1857 578 1930 παρά
607 1855 788 1932 φύσιν,
839 1850 966 1909 ἔνθα
1018 1855 1082 1909 τὸ
1141 1855 1513 1929 ἁμαρτητικὸν
1573 1855 1781 1932 φύεται,
1837 1853 2022 1931 ἀρκεῖ-

370 1945 496 1998 σθαι
561 1943 920 2020 βουλοίμεθα.
1001 1941 1352 2000 Ἐνδόσασθαι
1410 1943 1501 1998 οὗν
1558 1941 1638 1998 δεῖ
1689 1945 1788 2013 τήν
1851 1964 2023 1999 πανο-

371 2030 539 2087 πλίαν
595 2037 694 2088 τοῦ
752 2037 887 2088 Θεοῦ
935 2032 1070 2107 πρὸς
1142 2033 1204 2087 τὸ
1292 2029 1546 2087 δύνασθαι
1629 2034 1779 2106 ἡμᾶς
1836 2035 2024 2102 στῆναι

374 2124 513 2199 πρὸς
571 2124 668 2186 τὰς
730 2121 1014 2197 μεθοδείας
1063 2121 1161 2178 τοῦ
1219 2118 1500 2178 διαϐόλου’
1565 2122 1678 2178 ἐπεὶ
1757 2124 1825 2178 τὰ
1880 2120 2028 2178 ὅπλα

361 2219 470 2282 τῆς
537 2213 818 2288 στρατείας
900 2213 1061 2285 ἡμῶν
1142 2210 1206 2266 οὐ
1291 2211 1540 2288 σαρκικὰ,
1629 2210 1775 2268 ἀλλᾶ
1829 2210 2025 2268 δυνατᾶ

364 2300 444 2374 τῷ
497 2306 615 2374 Θεῷ
675 2303 812 2378 πρὸς
865 2301 1173 2376 καθαίρεσιν
1234 2301 1640 2377 ὀχυρωμάτων,
1720 2300 2023 2379 λογισμοὺς

364 2392 772 2466 καθαιροῦντες,
858 2391 948 2446 καὶ
1008 2396 1112 2445 πᾶν
1198 2389 1400 2465 ὕψωμα
1476 2391 1832 2465 ἐπαιρόμενον
1890 2391 2026 2446 κατᾶ

363 2486 470 2549 τῆς
515 2481 768 2556 γνώσεως
825 2484 924 2535 τοῦ
972 2484 1130 2552 Θεοῦ,
1184 2484 1274 2535 καὶ
1332 2479 1838 2556 αἰχμαλωτίζοντες
1920 2483 2024 2534 πᾶν

373 2570 559 2642 νόημα
616 2569 693 2632 είς
751 2571 996 2638 ὑπακοὴν
1072 2573 1170 2624 τοῦ
1226 2571 1485 2645 Χριστοῦ,
1541 2569 1570 2624 6
1633 2571 1778 2630 Θεῖος
1862 2567 2027 2646 φησὶν

371 2658 734 2722 Ἀπόστολος.
770 2656 992 2735 ’Δνδρὸς
1025 2655 1091 2726 δὴ
1132 2659 1313 2734 χρεία,
1367 2657 1516 2718 ὅστις
1570 2659 1894 2729 θαυμαστῶς
1937 2655 2028 2710 καὶ

378 2747 704 2822 ἀσυγχύτως
733 2752 852 2808 τοῖς
884 2745 1165 2820 πράγμασι
1225 2748 1512 2820 χρήσεται,
1561 2745 1649 2821 ἀφ’
1679 2745 1752 2798 ὧν
1783 2744 1852 2798 τὰ
1878 2742 2025 2813 πάθη

378 2837 636 2910 ὁρμᾶται·
671 2838 788 2889 οἷον
817 2835 1045 2906 πλούτῳ
1073 2833 1164 2888 καὶ
1195 2833 1374 2905 πενίᾳ,
1415 2833 1504 2888 καὶ
1540 2830 1668 2907 δόξῃ
1699 2833 1789 2888 καὶ
1821 2830 2026 2905 ἀδοξίᾳ,

379 2923 530 2997 ὑγεία
557 2925 648 2978 καὶ
695 2923 863 2995 νόσῳ,
916 2926 1030 2996 ζωῇ
1078 2924 1166 2978 καὶ
1225 2923 1456 2994 Θανάτῳ,
1513 2922 1665 2994 πόνῳ
1691 2923 1782 2977 καὶ
1831 2919 2030 2996 ἡδονῇ.

380 3014 496 3068 Ἵνα
525 3013 628 3087 γὰρ
660 3009 975 3089 ἀδιαφόρως
1003 3016 1121 3074 τοῖς
1155 3007 1437 3088 διαφόροις
1497 3013 1817 3086 χρήσωμαι,
1845 3010 2031 3081 πλὶῆς

2137 629 2484 684 υηαᾳυωᾳαε
2521 615 2793 683 voluptas,
2848 620 2900 667 et
2955 613 3329 681 unusquisque
3379 611 3536 664 dolor
3565 612 3787 680 corpori

2138 705 2322 772 afﬁgit
2341 704 2583 758 animam
2618 703 2766 774 ejus,
2801 701 2900 772 qui
2933 716 3055 755 non
3089 717 3150 755 se
3181 706 3416 771 separat
3457 699 3527 753 ab
3559 699 3783 754 affecti-

2138 791 2269 860 bus,
2305 808 2524 863 eosque
2568 793 2729 848 cruci
2786 791 2991 863 afﬁgit.
3051 791 3155 856 Qui
3192 789 3502 860 perdiderit
3546 790 3786 842 animam

2135 897 2314 948 suam,
2344 881 2540 952 inquit
2565 881 2874 946 Dominus,
2908 878 3148 935 servabit
3183 881 3359 948 ipsam
3387 877 3482 949 (α)
3515 892 3527 929 :
3561 877 3788 930 scilicet

2136 975 2240 1024 aut
2268 987 2396 1025 eam
2429 970 2706 1025 lubenter
2733 987 2839 1042 pro
2871 969 3120 1024 Domino
3152 967 3434 1039 periculis
3460 981 3786 1037 exponens,

2113 1059 2293 1114 .sicut
2319 1059 2422 1115 ille
2453 1076 2516 1114 se
2546 1059 2737 1114 nostri
2769 1059 2958 1131 gratia
2985 1057 3255 1128 exposuit
3288 1071 3301 1110 :
3335 1059 3438 1110 aut
3479 1071 3610 1110 eam
3640 1071 3786 1125 per-

2137 1148 2286 1204 dens
2317 1165 2387 1204 ex
2416 1165 2504 1218 ea,
2529 1165 2660 1220 qum
2692 1149 2845 1204 estei
2868 1164 3005 1203 cum
3029 1147 3138 1202 hac
3166 1147 3303 1212 vita,
3333 1144 3785 1200 consuetudine.

2137 1237 2195 1291 Si
2229 1237 2387 1292 enim
2421 1237 2667 1306 solvere,
2701 1237 3016 1303 abducere,
3069 1240 3128 1292 et
3180 1250 3488 1307 segregare
3513 1232 3598 1305 (id
3627 1233 3787 1287 enim

2136 1342 2280 1382 crux
2307 1326 2618 1399 signiﬁcat)
2649 1327 2911 1382 animam
2943 1325 3200 1380 volueris
3233 1323 3305 1378 ab
3339 1338 3428 1389 ea,
3451 1338 3583 1393 quae
3607 1326 3696 1376 est
3723 1321 3786 1375 in

2136 1415 2248 1470 hac
2273 1416 2413 1484 vita,
2439 1415 2738 1486 voluptate
2770 1420 2829 1470 et
2856 1410 3525 1478 delectatione,habebis
3556 1425 3708 1477 eam,
3725 1411 3787 1464 in

2137 1521 2225 1573 ea,
2260 1522 2392 1577 quas
2418 1511 2920 1577 exspectatur,spe
2950 1506 3246 1559 inventam
3281 1508 3338 1556 et
3366 1501 3790 1571 conquiescen—

2136 1598 2279 1649 tem.
2314 1597 2434 1650 Hoc
2465 1595 2625 1650 enim
2655 1594 2837 1650 fuerit
2863 1593 3169 1649 meditatio
3204 1591 3490 1660 mortis,si
3525 1589 3667 1646 solis
3691 1589 3787 1658 iis,

2137 1699 2268 1754 quae
2300 1689 2439 1739 sunt
2464 1685 2792 1740 secundum
2821 1690 3097 1738 naturam
3129 1682 3436 1747 dimensaa,
3470 1678 3787 1751 appetitio-

2137 1772 2399 1839 nibus,et
2427 1790 2558 1844 quas
2586 1789 2654 1828 ea
2685 1791 2816 1844 quas
2840 1778 2979 1828 sunt
3004 1771 3334 1826 secundum
3363 1774 3786 1835 naturam,nou

2135 1862 2448 1927 excedunt,
2480 1861 2836 1917 declinando
2867 1860 2942 1916 ad
2973 1861 3052 1927 id,
3115 1859 3274 1930 quod
3315 1861 3649 1928 exsuperat,
3697 1855 3789 1909 vel

2134 1951 2293 2022 quod
2324 1957 2414 2006 est
2441 1957 2657 2022 praeter
2687 1955 2982 2017 naturam,
3014 1950 3076 2003 in
3108 1964 3223 2020 quo
3255 1946 3538 2018 peccandi
3562 1943 3789 1999 enasci-

2135 2045 2234 2094 tur
2253 2039 2780 2108 occasio,contenti
2813 2055 2943 2094 esse
2973 2038 3243 2093 velimus.
3277 2036 3502 2106 Oportet
3531 2049 3661 2103 ergo
3691 2049 3789 2086 nos

2133 2130 2234 2183 Dei
2261 2129 2491 2184 induere
2519 2135 2884 2194 armaturam,
2914 2128 2988 2182 ad
3017 2128 3116 2182 hoc
3146 2131 3207 2181 ut
3233 2129 3505 2196 possimus
3541 2125 3789 2177 resistere

2134 2219 2351 2274 insidiis
2371 2218 2656 2289 diaboli(b)
2689 2235 2707 2272 :
2737 2219 2998 2287 quoniam
3027 2233 3184 2271 arma
3213 2217 3426 2270 militiae
3452 2219 3650 2267 nostrae
3676 2227 3786 2265 non

2132 2315 2260 2363 sunt
2289 2307 2560 2375 carnalia,
2617 2307 2712 2362 sed
2766 2309 2878 2362 Deo
2916 2307 3196 2376 potentia,
3230 2305 3304 2358 ad
3362 2303 3785 2358 destructionem

2133 2400 2524 2464 munitionum,
2546 2397 2904 2465 cogitationes
2929 2395 3285 2459 destruentes,
3309 2399 3363 2446 et
3419 2406 3625 2445 omnem
3651 2387 3787 2443 arti-

2137 2487 2383 2542 tudinem
2411 2501 2464 2540 se
2495 2485 2844 2538 extollentem
2874 2485 3130 2538 adversus
3172 2483 3268 2535 Dei
3317 2480 3702 2548 cognitionem,
3736 2483 3787 2532 et

2137 2578 2478 2645 captivantes
2508 2589 2716 2628 omnem
2746 2572 3077 2626 intellectum
3099 2570 3172 2624 ad
3191 2566 3785 2635 obediendumﬁdei(c),

2137 2664 2222 2718 ait
2249 2661 2486 2716 divinus
2506 2660 2844 2732 Apostolus.
2879 2659 3014 2713 Viro
3035 2659 3242 2728 utique
3273 2673 3422 2728 opus
3452 2655 3665 2725 est,qui
3692 2654 3791 2709 ad-

2138 2750 2494 2808 mirabiliter
2513 2755 2571 2804 et
2592 2748 2903 2805 inconfuse
2935 2748 3008 2803 iis
3034 2747 3213 2802 rebus
3241 2746 3316 2800 sit
3332 2761 3573 2812 usurus,
3591 2761 3627 2798 a
3657 2742 3790 2813 qui-

2138 2840 2249 2895 bus
2273 2837 2545 2894 oriuntur
2572 2840 2818 2895 affectus
2845 2854 2857 2892 :
2887 2835 3465 2909 quemadmodumsﬁ
3481 2832 3700 2888 divitiis
3731 2836 3790 2886 et

2138 2931 2507 3000 paupertate,
2539 2927 2729 3000 gloria
2758 2924 3440 2999 etignominia,sanitate
3471 2927 3530 2978 et
3557 2920 3788 2988 morbo,

2139 3018 2262 3072 vita
2291 3021 2350 3070 et
2367 3012 2580 3085 morte,
2612 3016 2816 3072 labore
2848 3021 2906 3072 et
2935 3012 3335 3086 voluptateUt
3363 3013 3524 3068 enim
3554 3011 3791 3066 indiffe-

377 3103 513 3174 ἡμῖν
567 3099 650 3156 δεῖ
706 3099 988 3179 διαφορᾶς,
1049 3098 1141 3154 lite
1223 3101 1740 3173 προκεκακωμένοις
1791 3099 2030 3173 ἀσθενείᾳ

2145 3110 2346 3161 renter
2373 3111 2614 3160 utamur
2642 3103 3304 3177 ditterentibugmagna
3332 3101 3504 3158 nobis
3526 3117 3674 3173 opus
3705 3103 3795 3154 est

377 3169 706 3264 «fama:
738 3169 1150 3268 προδιαστροφῇ
1181 3169 1354 3258 καδιῆς
1404 3169 1619 3265 ἀγωγῆς
1671 3210 1730 3244 τε
1757 3189 1848 3245 καὶ
1903 3169 2029 3264 τροἐ

2145 3196 2504 3262 ditl‘erentia,
2537 3201 2603 3251 ut
2633 3196 2734 3267 qui
2776 3194 2966 3249 multa
3004 3169 3413 3250 imbecillitate
3442 3169 3608 3264 prius
3638 3189 3793 3246 male

379 3287 510 3358 φῆς,
575 3280 712 3354 μετά
763 3281 1000 3358 ἁμαφίας
1054 3277 1596 3354 προαπλελαυκόσιν·
1654 3281 1715 3338 Ὁ
1795 3280 1888 3354 μὲν
1941 3281 2032 3334 οὗν

379 3368 586 3431 ἁπλοῦς
637 3367 801 3446 λόγος
848 3373 948 3434 τῆς
1004 3371 1122 3433 καθ’
1180 3371 1329 3443 ἡμᾶς
1387 3367 1717 3444 φιλοσοφίας
1762 3370 1829 3424 τά
1882 3368 2026 3440 πάθη

374 3460 550 3514 πάντα
607 3456 1038 3534 ἐναπερείσματα
1091 3465 1192 3528 τῆς
1249 3459 1435 3532 ψυχῆς
1512 3457 1646 3532 φησὶ
1721 3457 1878 3529 εἶναι,
1933 3460 2032 3528 τῆς

381 3546 669 3622 μαλθακῆς
700 3547 790 3602 καὶ
844 3546 1116 3618 εἰκούσης,
1157 3547 1248 3602 καὶ
1309 3549 1424 3602 οἷον
1481 3545 2033 3625 ἐναποσφραγίσματα

379 3641 487 3692 τῶν
520 3641 904 3710 πνευματικῶν
935 3634 1242 3709 δυνάμεων,
1301 3636 1440 3713 πρὸς
1478 3633 1538 3698 εἷς
1595 3638 1630 3706 ἡ
1690 3635 1840 3708 πάλη
1873 3638 2032 3710 ἡμῖν.

378 3729 585 3801 ’Έργον
614 3727 943 3802 γὰρ,οἴμαι,
994 3731 1114 3788 ταῖς
1161 3725 1490 3801 κακούργοις
1542 3723 1829 3799 δυνάμεσιν
1887 3725 2034 3802 ἐνερ-

377 3821 490 3892 γεῖν
524 3837 577 3870 τι
607 3823 709 3886 τῆς
744 3814 886 3878 ἰδίας
948 3813 1106 3886 ἕξεως
1162 3816 1288 3889 παρ’
1349 3811 1543 3869 ἕκαστα
1591 3821 1899 3891 πειρᾶσθαι,
1957 3815 2032 3878 εἲς

373 3906 439 3961 τὸ
497 3905 968 3982 καταγωνίσασθαι
1025 3903 1117 3960 καὶ
1172 3901 1649 3975 ἐξιδοποιήσασθαι
1699 3905 1827 3970 τοὺς
1881 3902 2034 3960 ἀπει-

379 3993 657 4068 παμένους
689 3997 796 4069 (77)
853 3993 1041 4058 αὐτάς.
1100 3996 1322 4048 Ἐπεται
1375 3991 1420 4047 δ’
1471 3994 1696 4056 εἴκότώς
1750 3994 1879 4058 τοὺς
1941 3996 2034 4068 μὶν

379 4084 867 4157 καταπαλαίεσθαι,
901 4085 1020 4138 ὅσοι
1075 4081 1132 4137 δὲ
1187 4081 1627 4156 ἀθλητικώτερον
1705 4083 1796 4138 τὸν
1855 4083 2037 4158 ἀγῶνα

389 4177 886 4253 μεταχειρίζονται,
919 4179 1225 4250 πάμμαχον
1271 4174 1689 4249 ὰγωνισάμεναι,
1749 4176 1836 4230 καὶ
1868 4179 2036 4252 μέχρι

384 4270 483 4322 τοῦ
511 4268 773 4342 στεφάνου
802 4266 1130 4342 χωρή-σασαι
1163 4266 1277 4337 (78)
1331 4264 1385 4318 αἱ
1438 4265 1829 4338 προειρημέναι
1872 4261 2035 4320 δυνά-

2143 3286 2338 3342 affecti
2371 3285 2655 3352 simus,et
2673 3285 2734 3338 in
2766 3284 2925 3339 mala
2951 3283 3300 3338 educatione
3332 3288 3389 3336 et
3417 3281 3792 3336 institutione

2140 3376 2306 3448 prius
2335 3375 2546 3431 versati
2573 3389 2709 3430 cum
2742 3373 3135 3446 ignoratione.
3168 3371 3429 3442 Simplex
3477 3387 3612 3442 ergo
3643 3369 3792 3424 ratio

2141 3470 2358 3520 nostras
2388 3463 2803 3535 philosOphiaa,
2837 3462 2982 3517 dicit
3011 3477 3219 3517 omnes
3244 3461 3491 3516 affectus
3521 3475 3650 3513 esse
3677 3457 3791 3511 im-

2141 3555 2480 3626 pressiones
2511 3553 2712 3607 mollis
2743 3557 2802 3607 et
2829 3551 3096 3608 cedentis
3116 3550 3419 3616 animm,et
3440 3547 3618 3603 veluti
3642 3546 3797 3601 obsi-

2143 3643 2453 3716 gnationes
2483 3647 2844 3713 potestatum
2888 3640 3311 3711 spiritualium,
3343 3638 3624 3694 adversus
3646 3652 3794 3707 quas

2145 3732 2318 3788 nobis
2350 3736 2439 3786 est
2476 3731 2835 3786 colluctatio.
2871 3729 3271 3785 Maleﬁcarum
3303 3728 3486 3795 enim,
3510 3732 3578 3781 ut
3628 3733 3794 3796 puto,

2144 3826 2507 3894 potestatum
2529 3825 2619 3876 est
2647 3837 2816 3891 opus,
2849 3819 3072 3891 proprii
3088 3817 3326 3874 habitus
3341 3815 3571 3887 aliquid
3591 3814 3795 3870 conari

2147 3911 2399 3983 singulis
2429 3909 2606 3966 rebus
2637 3909 3076 3981 imprimere,ut
3103 3925 3234 3975 nos,
3266 3907 3367 3977 qui
3399 3907 3472 3960 iis
3503 3905 3797 3961 abrenun-

2146 4000 2442 4067 tiavimus,
2474 3999 2537 4054 in
2567 3997 2892 4053 certamine
2924 4002 3227 4069 superent,
3261 4001 3320 4051 et
3349 4011 3486 4051 suos
3511 3994 3793 4050 efﬁciant.

2146 4091 2248 4144 Est
2272 4106 2407 4162 ergo
2432 4089 2569 4160 jure
2601 4092 3067 4158 consequens,ut
3095 4085 3279 4158 aliqui
3295 4085 3535 4156 quidem
3562 4084 3622 4138 in
3637 4083 3796 4137 lucta

2146 4182 2622 4250 prosternantur.
2657 4176 3004 4247 Quicunque
3048 4180 3246 4231 autem
3279 4179 3581 4229 certamen
3608 4171 3795 4244 magis

2149 4267 2426 4323 athletice
2448 4265 3061 4340 aggrediuntur,omni
3083 4264 3460 4322 contentione
3487 4262 3800 4318 decertan-

459 4384 523 4448 »Ρ
555 4387 616 4441 Ρ.
651 4388 754 4440 487
783 4385 896 4440 ED.
943 4383 1236 4452 POTTER,
1263 4383 1503 4438 407-408
1535 4385 1647 4439 ΕΠ.
1681 4383 1911 4440 PARIS.
1960 4383 2030 4458 (α)

2145 4384 2272 4442 ltth.
2303 4403 2362 4453 x,
2395 4387 2462 4440 39
2493 4402 2514 4451 ;
2546 4385 2723 4440 Marc.
2757 4400 2877 4452 vm,
2910 4385 2998 4440 35.
3031 4384 3125 4455 (b).
3157 4399 3232 4451 v1,
3277 4383 3361 4438 11.
3395 4381 3466 4454 (ο)
3506 4381 3557 4435 lI
3586 4381 3715 4436 Cor.
3738 4396 3796 4449 x,

384 4457 438 4524 4,
475 4460 526 4510 5-

390 4581 597 4647 Qualia
626 4578 1586 4654 multailaudatClemens,tacito
1619 4580 1798 4654 etiam
1829 4585 2030 4654 aucto-

2149 4576 2285 4646 ηλοῖ
2339 4577 2508 4654 αὐτὴν
2565 4577 2792 4654 (ψυχήν)
2858 4576 2997 4654 πρὸς
3055 4579 3235 4650 σῶμα,
3282 4574 3377 4654 καί
3431 4579 3795 4651 προσπερονᾷ·

391 4655 474 4708 ris
506 4653 769 4723 nomine.
803 4653 872 4704 Et
902 4652 1224 4723 Agathonis
1257 4651 1498 4722 quidem
1536 4651 1744 4723 tragici
1794 4652 2036 4707 nomine

395 4725 538 4779 citat
561 4726 640 4778 lo.
676 4721 932 4777 Pricaeus
961 4721 1166 4778 hoster
1215 4721 1483 4778 Adnotat.
1536 4725 1609 4778 ad
1636 4721 1769 4777 'Jac.
1806 4739 1934 4794 cap.
1970 4740 2043 4791 ιν,

395 4814 448 4874 v.
491 4797 1000 4874 1:7Quanquamet
1029 4795 1334 4874 Aristonis
1356 4794 1598 4874 nomine
1632 4794 1906 4874 quaedam
1939 4794 2044 4874 ad:

398 4866 560 4921 ducit
591 4864 844 4920 iambica
872 4866 1230 4936 Theophilus
1261 4867 1334 4921 ad
1369 4866 1626 4935 Autolyc.
1659 4864 1764 4919 lib.
1824 4882 1906 4930 ιιι,
1941 4865 2044 4920 sed

395 4956 525 5009 quas
557 4937 967 5008 Aristophanis
1001 4937 1210 4992 comici
1263 4937 1596 5009 suspicetur
1626 4953 1768 5009 esse,
1786 4937 2042 4993 Grotius.

396 5008 611 5065 Verum
641 5010 799 5080 istud
830 5009 987 5080 inter
1031 5010 1416 5080 conjectanea
1445 5008 1642 5063 locum
1675 5008 1875 5063 habet.
1908 5030 1938 5059 ››

469 5084 588 5154 (73),
611 5079 708 5134 Καὶ
737 5079 860 5154 γάρ.
895 5079 1160 5154 Platonis
1190 5080 1356 5136 locus
1387 5086 1478 5135 est
1506 5079 1568 5134 in
1597 5080 1892 5149 Phaedone,
1926 5081 2044 5135 Ba-

397 5154 488 5210 sil.
524 5153 663 5208 edit.
697 5153 870 5224 p.33.
906 5153 1183 5224 Signum}.

469 5227 576 5294 (74)
627 5217 860 5291 Ἐδὶάστη
916 5217 1113 5291 ἡδονή.
1175 5222 1339 5278 Plato
1392 5221 1453 5276 in
1509 5223 1798 5278 Phaedone.
1859 5239 1917 5294 p.
1979 5224 2044 5276 63

399 5293 537 5353 edit.
560 5293 930 5352 'Francofurt.
965 5311 1082 5364 qua
1112 5295 1175 5348 in
1207 5295 1317 5350 hoc
1349 5310 1526 5366 opere
1559 5311 1795 5366 semper
1818 5293 2044 5366 iusiusu-

396 5387 549 5453 mus,
574 5370 656 5424 ait
686 5385 698 5423 :
732 5367 794 5422 ἸΙ
825 5360 1024 5455 τοῦᾒῶς
1057 5366 1276 5455 άληθῶς
1317 5360 1634 5455 ⁷φιλοσόφου
1685 5360 1851 5455 {buxi
1874 5363 2046 5426 οὕτως

397 5441 654 5514 ἀπέχεται
686 5442 794 5494 τῶν
867 5435 1106 5514 ἡδονῶν,
1166 5439 1257 5490 καὶ
1313 5435 1637 5507 ἐπιθυμιῶν,
1693 5435 1782 5491 παὶ
1832 5435 2043 5503 λυπῶν,

397 5506 723 5579 καὶῖρόϐων,
755 5512 871 5564 καθ’
903 5509 1028 5564 ὅσον
1062 5506 1302 5563 δυναται.
1345 5506 1484 5566 Veri
1492 5511 1811 5579 philosophi
1830 5510 2046 5562 animus

403 5599 438 5636 a
464 5571 853 5654 voluptatibus,
889 5583 1303 5654 cupiditatibus,
1323 5571 1624 5649 doloribus,
1650 5571 2042 5654 ‘et-timoribus,

395 5669 500 5722 pro
527 5649 735 5722 viribus
763 5649 1018 5709 abstinet.
1050 5654 1197 5708 Dein
1229 5654 1404 5722 paulo
1461 5658 1596 5722 post
1616 5651 1776 5722 “hinc
1831 5649 1996 5705 addit
2029 5667 2042 5703 :

401 5718 628 5796 Ἓκάστη
662 5721 836 5794 ἡδονὴ
867 5724 958 5780 καὶ
991 5722 1166 5796 λύπη,
1197 5718 1378 5802 ὥσπερ
1429 5718 1568 5794 ἧλον
1613 5718 1837 5796 ἔχουσα,
1871 5739 2042 5799 προσ-

2150 4654 2333 4708 Omnis
2389 4651 2861 4722 voluptas‘atque
2897 4651 3074 4717 dolor,
3128 4652 3290 4721 quasi
3328 4651 3542 4706 clavum
3594 4656 3797 4719 tenens,

2152 4725 2395 4778 animam
2425 4726 2672 4793 corporis
2694 4726 2879 4791 afﬁgit
2907 4728 3073 4793 ataue
3100 4725 3398 4793 connectit.

2224 4797 2334 4867 (75)
2394 4791 2890 4867 Ἀποσταυροῦ-ντος
2967 4791 3154 4867 ἑαυτὸν
3236 4797 3345 4867 τῷν
3423 4793 3632 4867 παθῷν.
3685 4792 3799 4867 Δ1..Θ--

2153 4861 2412 4936 gendUm
2464 4861 2692 4920 videtur
2751 4863 3220 4936 ἀποπαυροῦντος
3280 4861 3454 4936 δαυτῷ
3504 4863 3571 4918 τὰ
3624 4863 3798 4933 πάθη,

2154 4935 2282 4991 Vid.
2316 4953 2373 5007 p.
2408 4937 2532 5007 405.
2567 4938 2788 4991 Lowru.
2822 4967 2882 4979 —
2921 4935 3033 4991 Sed
3063 4935 3150 4990 nil
3180 4943 3364 4992 muto.

2225 5005 2335 5077 (76}
2368 5005 2490 5076 Εἷή.
2545 5008 2712 5062 Plato
2765 5008 2827 5062 in
2885 5008 3180 5071 Phaedone,
3211 5025 3267 5079 p.
3310 5012 3364 5079 6,
3397 5024 3531 5064 cum
3558 5005 3804 5063 dixisset

2154 5079 2419 5134 animam
2451 5095 2485 5134 θ,
2515 5079 2778 5151 corporis
2826 5079 3248 5136 communione
3280 5096 3349 5136 ac
3403 5079 3802 5151 voluptatibus

2155 5167 2333 5220 quam
2365 5149 2650 5221 maxime
2665 5151 3127 5221 abstrahendam
3185 5168 3336 5214 esse,
3387 5152 3514 5207 haec
3542 5149 3798 5221 adjicit;

2153 5217 2327 5297 Τοῦτο
2361 5217 2416 5274 δὲ
2447 5218 2600 5297 ο-ὐῖεν
2630 5217 2770 5297 ἄλλο
2801 5219 2913 5275 ἕστὶ
2945 5222 2978 5290 ἢ
3003 5291 3015 5297 _
3042 5221 3216 5297 ὀρθῶς
3258 5217 3650 5297 φιλοσοφοῦσιν,
3710 5217 3797 5297 καὶ

2153 5241 2327 5277 ἰὀυτο
2361 5241 2416 5274 οε
2447 5241 2600 5274 ουεεν
2630 5241 2770 5275 auum
2801 5241 2913 5275 εστι
2945 5241 2978 5290 η
3042 5241 3069 5275 ο
3110 5241 3216 5285 θως
3258 5241 3650 5297 φιλοσοφουσα,
3710 5241 3792 5273 και

2151 5289 2376 5365 τῷ-ὄντι
2405 5291 2640 5365 τεθνάναι
2678 5289 2959 5364 μελετῶσα
2991 5241 3210 5365 ῥᾳδῦίως·
3269 5295 3296 5364 ἢ
3338 5294 3400 5349 οὐ
3447 5293 3592 5348 τοῦτ’
3615 5290 3673 5346 ἄν
3709 5287 3792 5358 εἷή

2158 5363 2357 5436 μελέτη
2392 5364 2619 5426 θανάτου
2654 5363 2859 5430 {Quod
2882 5363 3100 5436 quidem
3132 5368 3276 5422 nihil
3289 5363 3461 5421 aliud
3503 5371 3597 5424 est.
3623 5379 3796 5436 quam

2151 5435 2294 5493 recte
2317 5438 2722 5507 philosophari,
2780 5435 3008 5493 mortem
3063 5456 3253 5494 revera
3305 5437 3470 5506 facile
3515 5435 3793 5489 meditari.

2149 5513 2356 5566 Annon
2385 5509 2484 5563 hoc
2509 5515 2584 5564 est
2611 5508 2894 5563 meditatio
2921 5512 3115 5564 mortis
3137 5513 3166 5564 ?

2223 5581 2336 5651 (77)
2367 5579 2824 5652 ³ᾼπειπαμένους.
2857 5581 3077 5652 Nempe
3107 5580 3169 5633 in
3199 5582 3333 5652 voto
3364 5575 3725 5652 baptismali.

2389 5647 2856 5725 Ἀγωνισάμεναι.
2913 5692 2929 5708 .
2992 5647 3416 5725 Ῐ-χωρήσασαιζ
3443 5647 3600 5725 Lege
3643 5647 3796 5725 dyon.

2149 5720 2430 5796 νισάμενοι
2466 5720 2481 5778 ζ
2519 5763 2532 5779 .
2595 5763 2610 5780 .
2641 5720 3012 5796 χωρήσαντες.
3042 5720 3260 5779 LbW‘rn.
3289 5751 3360 5764 —-
3385 5720 3519 5795 Sed,
3541 5720 3801 5776 'retenta
