4034 6148
279 312 424 371 1059

1507 305 1920 362 ΟΒΒΠΕΝΤῙΒ
1953 303 2460 363 ALEXANDRINI

3559 305 3702 370 1060

277 440 479 496 culum
505 455 518 504 ;
552 439 865 508 postquam
896 434 1098 485 autem
1130 429 1188 484 id
1221 429 1508 495 inviscrit,
1529 428 1629 499 qui
1650 427 1814 482 solus
1839 432 1928 482 est

2050 425 2226 498 ἕψεται
2266 427 2358 482 τὸν
2394 427 2544 485 Θεόν.
2587 453 2606 479 ο
2643 429 2743 493 Τίς
2772 430 2864 484 οὗν
2887 432 2921 500 ἡ
2955 431 3103 487 αἰτία
3157 435 3256 489 105
3316 429 3394 508 μή
3443 439 3699 512 προνοεῖ-

275 531 468 585 bonus
500 531 691 590 Pater,
722 522 1160 578 sanctificatum
1191 526 1301 587 est,
1335 525 1394 574 et
1423 519 1554 573 luce
1589 517 1934 590 resplendet

279 626 339 674 et
362 621 447 674 sic
477 617 576 688 qui
608 613 709 669 tali
737 612 911 668 corde
944 616 1033 666 est
1061 609 1366 682 praaditus,
1400 608 1627 676 beatus,
1649 607 1933 679 quoniam

278 710 464 764 Deum
488 703 724 759 videbit.
747 723 775 751 »
808 703 1088 766 Quianam
1122 705 1212 754 est
1241 715 1376 771 ergo
1409 715 1606 764 causa,
1623 697 1779 769 quod
1812 707 1933 752 non

279 797 350 851 ab
385 795 554 849 initio
603 791 736 848 talis
768 791 981 846 animas
1014 805 1155 844 cura
1183 805 1251 843 ac
1275 787 1644 860 providentia
1671 790 1932 858 geratur,

277 886 480 940 dicant
509 882 702 938 nobis.
732 882 850 934 Aut
879 879 1039 934 enim
1071 895 1191 933 non
1223 884 1312 933 est
1340 877 1615 950 digna,et
1644 875 1935 948 quodam-

276 973 453 1029 modo
477 973 629 1026 sicut
659 986 729 1024 ex
759 967 1108 1040 paenitentia
1127 966 1445 1022 acceditad
1469 982 1598 1019 eam
1621 964 1931 1036 providen-

277 1065 378 1130 tia,
409 1061 500 1117 vel
529 1066 763 1125 natura,
798 1065 862 1112 ut
896 1059 1020 1129 ipse
1051 1057 1196 1121 vult,
1245 1060 1510 1111 servatur
1530 1055 1557 1110 ‘2
1586 1059 1645 1108 et
1687 1070 1931 1108 necesse

277 1158 368 1208 est
398 1168 550 1217 eam,
602 1166 737 1205 cum
785 1147 856 1203 ab
889 1147 1058 1202 initio
1092 1147 1221 1217 ejus
1253 1161 1396 1200 cura
1422 1149 1662 1217 geratur
1694 1148 1935 1214 propter

278 1236 1046 1314 cognationem,immundis
1064 1234 1372 1307 spiritibus
1393 1232 1628 1288 nullum
1651 1232 1792 1287 dare
1813 1231 1934 1286 adi-

278 1337 426 1398 tum,
458 1329 574 1384 nisi
605 1329 659 1383 ei
691 1327 773 1381 vis
803 1328 1107 1391 aﬂ'eratur,
1139 1330 1199 1379 et
1227 1322 1528 1378 imbecilla
1553 1321 1856 1393 probetur.
1874 1320 1932 1374 Si

279 1421 440 1477 enim
460 1417 850 1483 dederit,eam
881 1413 1232 1486 poenitentia.
1262 1413 1525 1476 ductam,
1559 1411 1776 1482 eligere
1800 1425 1932 1480 quos

281 1514 419 1566 sunt
447 1507 716 1573 meliora,
749 1505 969 1559 invitus
1001 1502 1159 1557 dicet
1191 1502 1270 1568 id,
1303 1499 1460 1572 quod
1493 1499 1779 1566 decernit,
1800 1514 1932 1568 quae

281 1604 370 1653 est
396 1595 552 1669 apud
578 1612 708 1662 uos,
744 1594 996 1648 veritas:
1044 1607 1258 1661 nempe
1291 1607 1360 1644 ex
1389 1588 1705 1644 obediente
1738 1591 1934 1642 muta-

280 1689 589 1753 tione,non
621 1689 821 1739 autem
852 1699 923 1737 ex
953 1686 1322 1746 natura,esse
1355 1675 1930 1742 salutem.Quemad-

279 1777 524 1834 modum
545 1774 705 1829 enim
720 1771 1146 1836 exhalationes,
1166 1785 1300 1823 cum
1325 1785 1354 1822 e
1379 1773 1687 1833 terra,tum
1712 1765 1929 1836 epalu-

281 1866 456 1922 dibus
485 1869 650 1930 ortaa,
684 1863 746 1916 in
776 1859 1092 1931 caliginem
1122 1863 1180 1913 et
1206 1857 1440 1912 nimbos
1471 1855 1931 1928 conglobantur:

281 1956 365 2010 ita
399 1953 575 2008 etiam
621 1949 950 2006 carnalium
1000 1947 1393 2018 cupiditatum
1434 1962 1680 2016 vapores
1715 1944 1933 1999 malam

280 2044 498 2099 anima:
512 2037 1207 2102 inurunthabitudinem,
1221 2035 1538 2105 voluptatis
1556 2034 1784 2105 species
1796 2037 1934 2087 ante

279 2133 542 2187 animam
594 2127 858 2198 undique
891 2131 1254 2198 spargentes.
1283 2123 1700 2195 Intelligentim
1732 2123 1933 2192 itaque

278 2221 398 2276 luci
428 2217 702 2274 tenebras
732 2216 1068 2282 oli‘undunt,
1101 2215 1434 2270 attrahente
1467 2213 1670 2267 anima
1687 2227 1934 2283 vapores

280 2309 802 2382 concupiscentiis,
837 2313 896 2363 et
923 2306 1328 2362 condensante
1361 2305 1679 2360 affectuum
1703 2302 1933 2376 globos,

282 2420 352 2457 ex
382 2405 666 2473 perpetuo
692 2397 1063 2468 voluptatum
1085 2412 1216 2450 usu.
1249 2393 1428 2449 Gleba
1461 2410 1492 2448 e
1522 2399 1681 2447 terra
1702 2392 1938 2447 sublata

283 2508 402 2547 non
436 2495 526 2545 est
554 2503 788 2554 aurum,
813 2486 913 2541 sed
947 2485 1224 2556 coquitur
1245 2487 1302 2538 et
1330 2482 1690 2554 percolatur,
1719 2479 1937 2536 deinde

283 2597 432 2653 pura
449 2577 724 2643 evadens,
752 2592 964 2631 aurum
995 2578 1256 2642 vocatur,
1277 2571 1433 2644 quod
1449 2577 1539 2627 est
1555 2576 1712 2625 terra
1729 2570 1939 2641 purifi-

285 2677 436 2726 cata.
459 2672 638 2724 Petite
659 2667 900 2734 enim,et
919 2667 1144 2720 dabitur
1164 2665 1312 2719 vobis
1333 2663 1434 2734 (α),
1459 2661 1662 2732 iis,qui
1691 2678 1760 2716 ex
1782 2661 1938 2732 seip-

289 2761 369 2815 sis
401 2763 652 2831 possunt
681 2773 770 2823 ea,
805 2771 935 2825 quas
966 2759 1105 2807 sunt
1133 2752 1378 2823 optima,
1412 2751 1650 2822 eligere,
1684 2749 1926 2806 dicitur.

282 2846 586 2912 Quomodo
609 2849 807 2899 autem
829 2858 938 2895 nos
961 2840 1179 2894 diaboli
1204 2840 1600 2910 Operationes,
1618 2843 1677 2892 et
1693 2839 1938 2909 spiritus

282 2933 624 2989 immundos
643 2932 703 2985 in
727 2929 1056 3002 peccatoris
1075 2929 1335 2982 animam
1359 2928 1656 2982 seminare
1669 2927 1938 2982 dicamus

282 3039 405 3078 non
464 3021 612 3076 mihi
671 3019 942 3090 pluribus
999 3017 1190 3071 verbis
1233 3033 1380 3088 opus
1410 3022 1518 3085 est,
1552 3015 1601 3070 si
1632 3015 1935 3070 adduxero

283 3116 495 3168 testem
555 3107 882 3164 Barnabam
942 3105 1332 3177 apostolicum
1384 3106 1530 3176 (erat
1560 3110 1758 3160 autem
1787 3105 1836 3159 is
1869 3122 1938 3159 ex

1965 1813 2012 1878 B

2042 516 2162 569 σθαι
2196 515 2246 588 ἐξ
2277 515 2458 593 ἀρχῆς
2485 519 2586 587 τὴν
2616 520 2875 590 τοιαύτην
2926 522 3137 597 ψυχὴν,
3170 521 3473 578 εἰπάτωσαν
3530 527 3695 598 ἡμῖν.

2041 605 2201 661 ’Πτοι
2230 610 2346 676 (87)
2400 609 2501 683 γαρ
2554 607 2654 663 οὐκ
2700 605 2842 664 ἔστιν
2876 610 2994 681 ἀξία
3050 611 3163 685 (καὶ
3215 617 3332 674 πῶς
3394 613 3574 689 ὥσπερ
3635 614 3696 670 ἐκ

2044 695 2333 766 μετανοίας
2361 699 2395 766 ἡ
2429 695 2655 772 πρόνοια
2711 699 2987 774 πρόσεισιν
3047 700 3182 774 αὐτῇ
3212 706 3247 774 ;)
3288 703 3322 771 ἤ
3375 702 3532 780 φύσις
3586 725 3694 758 σω-

2043 785 2271 856 ζομένη,
2330 786 2404 841 ὡς
2458 785 2617 849 αὐτὸς
2681 787 2960 862 βούλεται,
3019 793 3301 865 τυγχάνεν
3357 792 3447 846 καὶ
3482 794 3688 867 ἀνάγκη

2039 871 2263 943 ταύτην,
2297 873 2347 944 ἐξ
2379 875 2559 950 ἀρχῆς
2593 873 2682 930 διὰ
2734 879 3042 953 συγγένειαν
3076 880 3517 954 προνοουμένην,
3577 904 3696 955 μη-

2041 957 2230 1033 δεμίαν
2284 962 2631 1036 παρείσδυσιν
2690 971 2812 1027 τοῖς
2870 967 3190 1043 ἀκαθάρτοις
3241 967 3499 1044 παρέχειν
3537 971 3697 1024 πνεό-

2045 1069 2226 1122 μασιν,
2261 1049 2413 1114 ἐκτὸς
2457 1052 2501 1108 εἰ
2555 1055 2631 1126 μή
2681 1055 2951 1129 βιασθείη,
2992 1057 3079 1111 καὶ
3115 1055 3340 1127 ἀσθενὴς
3372 1057 3693 1134 ἐλεγχθείη.

2038 1140 2165 1198 Ἐὰν
2194 1141 2298 1216 γὰρ
2332 1138 2411 1213 δῷ
2442 1145 2848 1214 μετανοήσασαν
2901 1144 3071 1215 αὐτὴν
3100 1145 3312 1201 ἐλὲσθαι
3346 1147 3412 1202 τὰ
3441 1147 3695 1224 κρείττω,

2038 1233 2186 1284 1051’
2216 1229 2416 1292 ἐκεῖνος
2450 1233 2592 1285 ἄκων
2626 1231 2758 1307 ἐρεῖ,
2817 1232 2950 1309 ὅπερ
3007 1237 3042 1304 ἡ
3099 1237 3225 1311 παρ’
3283 1239 3418 1309 ἡμῖν
3462 1236 3698 1308 ἀλήθεια

2042 1316 2378 1393 δογματίζει,
2411 1320 2469 1374 ἐκ
2501 1317 2815 1393 μεταϐολῆς
2864 1324 3173 1394 πειθηνίου,
3206 1323 3333 1380 ἀλλ’
3374 1325 3473 1380 οὐκ
3503 1326 3562 1381 ἐκ
3593 1326 3696 1403 ’.ρό-

2042 1428 2197 1477 σεως,
2254 1410 2356 1477 τήν
2415 1411 2709 1486 σωτηρίαν.
2769 1413 2970 1487 ’Ὠσπερ
3020 1413 3121 1489 γαρ
3175 1415 3230 1468 αἱ
3271 1413 3686 1489 ἀναθυμιάσεις,

2042 1497 2097 1550 αἲ
2125 1518 2186 1554 τε
2215 1500 2380 1573 γῆθεν
2413 1497 2470 1552 α¹ί
2497 1520 2555 1554 τε
2590 1501 2696 1554 ἀπὸ
2745 1499 3059 1575 τελμάτων,
3116 1502 3193 1565 εἰς
3252 1502 3498 1579 ὁμίχλας
3552 1504 3699 1559 συνί-

2043 1607 2258 1641 στανται
2315 1588 2406 1642 καὶ
2461 1586 2789 1666 νεφελώδεις
2845 1590 3184 1666 συστροφάςο
3241 1591 3416 1654 οὕτως
3475 1593 3528 1647 αἱ
3584 1593 3692 1647 τῶν

2041 1680 2310 1747 σαρκικῶν
2360 1675 2663 1751 ἐπιθυμιῶν
2696 1676 2973 1742 ἀναδόσεις
3015 1680 3272 1756 καχεξίαν
3333 1677 3701 1757 προστρίϐον-

2040 1785 2127 1819 ται
2177 1768 2354 1840 ψυχῇ,
2385 1765 2939 1824 κατασκεδαννύουσαι
2993 1769 3060 1824 τςὶ
3117 1767 3322 1824 εἷ’δωΑα
3351 1773 3450 1840 τῆς
3492 1767 3701 1840 ἡδονῆς

2042 1852 2364 1930 ἐπίπροσθεν
2394 1859 2493 1920 τῆς
2546 1859 2752 1931 ψυχῆς.
2794 1856 3182 1915 Ἐπισκοτοῦσι
3232 1863 3366 1934 γοῦν
3421 1864 3498 1932 τῷ
3557 1861 3697 1937 φωτὶ

2041 1947 2121 2014 τῷ
2150 1948 2346 2018 νοερῷ,
2398 1943 2785 2018 ἐπισπωμένης
2830 1954 2932 2016 τῆς
2980 1950 3168 2023 ψυχῆς
3215 1947 3312 2010 τὰς
3355 1947 3415 2002 ὲκ
3456 1954 3555 2017 τῆς
3590 1948 3704 2003 ἐπι-

2045 2032 2242 2104 θτμίας
2273 2030 2562 2100 ἐναδόσεις,
2592 2035 2681 2088 καὶ
2709 2035 3066 2109 παχυνοῦσης
3119 2038 3217 2099 τὰς
3266 2037 3568 2113 συπροᾳᾶς
3593 2041 3706 2091 τῶν

2042 2123 2250 2190 παθῶν,
2311 2119 2625 2197 ἐνδελεχείᾳ
2680 2121 2917 2193 ἡδονῶν.
2963 2126 3178 2200 Χρυσὸς
3207 2124 3264 2180 δὶ
3294 2126 3401 2182 ἀπὸ
3447 2133 3551 2201 γῆς
3603 2125 3706 2181 οὐκ

2042 2211 2250 2286 αἴρεται
2313 2212 2494 2287 βῶλος
2551 2218 2657 2288 (88)
2694 2259 2707 2281 ,
2767 2215 2894 2272 ἀλλ’
2953 2218 3294 2294 ἀφεψόμενος
3351 2216 3649 2289 διυλίζεται
3685 2236 3702 2252 ·

2045 2299 2230 2358 ἔπειτα
2256 2304 2490 2377 καθαρὸς
2517 2304 2832 2378 γενόμενος,
2884 2307 3090 2381 χρυσὸς
3148 2307 3353 2377 ἀκούει,
3413 2315 3485 2383 γῆ
3547 2329 3707 2364 κεκα-

2047 2391 2312 2465 θαρμένη.
2374 2391 2627 2457 Αἷτεῖσθε
2695 2397 2802 2468 (89)
2861 2397 2994 2470 γὰρ,
3047 2396 3136 2450 καὶ
3197 2394 3487 2467 δοθήσεται
3553 2399 3712 2470 ὑμῖν,

2045 2485 2164 2542 τοῖς
2197 2481 2248 2551 ἐξ
2281 2481 2483 2536 ἑαυτῶν
2517 2482 2731 2546 ὲλέσθαι
2771 2483 2838 2537 τὰ
2882 2483 3152 2540 κάλλιστα
3182 2482 3506 2556 δυναμένοις
3557 2483 3712 2559 λὲγε-

2045 2590 2156 2625 ται.
2215 2571 2405 2631 ’Ὁπως
2435 2567 2483 2624 δ’
2512 2573 2679 2644 ἡμεῖς
2718 2576 2814 2626 105
2847 2567 3112 2627 διαϐόλου
3161 2574 3258 2635 τὰς
3314 2573 3587 2650 ἐνεργείας
3618 2576 3706 2630 καὶ

2047 2657 2114 2713 τὰ
2169 2657 2452 2731 πνεύματα
2509 2659 2576 2714 τὰ
2630 2659 2905 2736 ἀκάθαρτα
2960 2659 3035 2722 είς
3082 2662 3181 2730 τήν
3212 2665 3311 2716 105
3371 2661 3703 2737 ἀμαρτωλοῦ

2048 2749 2235 2822 ψυχὴν
2265 2747 2594 2822 ἐπισπείρειν
2625 2749 2817 2824 φαμὲν,
2851 2747 2912 2804 οὗ
2947 2771 3040 2822 μοι
3073 2747 3158 2804 δεῖ
3181 2748 3456 2806 πλειόνων
3503 2751 3696 2826 λόγων,

2047 2835 2407 2912 παραθεμένῳ
2468 2841 2670 2915 μάρτυν
2733 2839 2826 2894 τὸν
2884 2839 3248 2895 ἀποστολικὸν
3307 2837 3590 2917 Βαρνάϐαν
3651 2841 3698 2913 (6

2049 2923 2127 2996 δὲ,
2178 2931 2286 2981 τῶν
2319 2923 2697 3000 ἐϐδομήκοντα
2728 2931 2843 3001 (90)
2894 2929 2980 2998 ἧν,
3011 2928 3100 2983 καὶ
3132 2931 3390 3005 συνεργὸς
3432 2935 3530 2985 105
3563 2931 3710 2986 Παύ-

2049 3012 2191 3087 λου),
2250 3016 2386 3070 κατά
2443 3015 2586 3087 λέξιν
2643 3014 2747 3070 ῶδὲ
2778 3038 2894 3078 πως
2954 3016 3182 3094 λέγοντα
3213 3023 3342 3092 (91)·
3378 3043 3406 3070 ι(
3444 3020 3557 3092 Πρὸ
3613 3023 3710 3074 105

2046 3107 2195 3176 ἡμᾶς
2229 3109 2506 3159 πιστεῦσαι
2562 3109 2643 3178 τῷ
2674 3109 2808 3177 Θεῷ,
2838 3106 2905 3174 ἦν
2938 3109 3098 3178 ἡμῶν
3128 3107 3190 3162 τὸ
3223 3106 3546 3180 οἰκητήριον
3591 3111 3707 3180 (92)

285 3199 677 3272 septuaginta,
709 3203 769 3252 et
797 3196 962 3252 Pauli
996 3195 1250 3267 adjutor)
1288 3201 1351 3265 ›ι‹
1380 3195 1472 3249 his
1504 3194 1696 3248 verbis
1727 3194 1812 3248 sic
1847 3194 1935 3248 di-

2050 3199 2146 3261 τῆς
2189 3190 2414 3267 καρδίας
2467 3194 2560 3248 καὶ
2617 3194 2852 3264 ἀσθενὲς,
2911 3193 3132 3264 ἀληθῶς
3184 3193 3704 3267 (93)οἷκοδομητὸς

281 3295 554 3346 ceutem:
589 3310 616 3337 «
645 3290 978 3356 Antequam
1009 3300 1118 3338 nos
1178 3284 1293 3338 Deo
1352 3282 1754 3348 crederemus,
1811 3287 1940 3337 erat

282 3385 554 3434 nostrum
585 3375 779 3431 cordis
806 3373 1211 3429 habitaculum
1233 3372 1500 3425 interitui
1523 3371 1847 3425 obnoxium
1880 3376 1940 3425 et

283 3468 672 3527 imbecillum.
703 3482 835 3520 vere
868 3463 1156 3534 templum
1176 3477 1358 3516 manu
1379 3459 1738 3514 mdiﬁcatum
1763 3476 1775 3515 :
1797 3460 1940 3531 quia

285 3564 410 3613 erat
441 3556 680 3628 quidem
712 3553 958 3625 plenum
989 3551 1151 3606 cultu
1183 3549 1482 3604 idolorum
1518 3551 1691 3617 177,
1724 3555 1782 3604 et
1812 3555 1940 3604 erat

284 3648 495 3702 domus
543 3645 904 3710 daamonum,
955 3639 1115 3712 quod
1163 3639 1385 3694 faceret
1413 3655 1784 3710 quaecunque
1818 3640 1935 3694 Deo

283 3741 422 3791 sunt
450 3733 770 3791 contraria.
799 3755 826 3781 ››
848 3729 1233 3803 Operationes
1249 3745 1384 3800 ergo
1408 3726 1780 3782 daemonibus
1802 3745 1938 3783 con-

280 3826 587 3881 venientes
618 3822 764 3877 dicit
792 3825 1133 3892 peccatores
1164 3817 1401 3872 efficere
1428 3835 1441 3873 :
1474 3833 1596 3872 non
1625 3823 1823 3872 autem
1855 3817 1939 3871 ait

282 3915 445 3986 ipsos
476 3913 720 3984 spiritus
752 3909 1020 3964 habitare
1063 3908 1122 3962 in
1157 3907 1358 3962 anima
1389 3905 1669 3960 infidelis.
1702 3908 1773 3961 Et
1802 3906 1934 3960 ideo

281 4002 589 4075 subjungit
617 4017 628 4054 :
654 4023 681 4049 ‹‹
703 3997 1004 4054 Attendite
1028 4002 1093 4050 ut
1113 3995 1403 4066 templum
1427 3995 1660 4048 Domini
1683 3994 1936 4066 gloriose

282 4093 628 4148 aadiﬁcetur.
652 4088 872 4144 Discite
905 4104 1006 4142 vos
1036 4084 1336 4155 accepisse
1359 4081 1776 4138 remissionem
1807 4099 1938 4154 pec-

2049 3281 2177 3342 ναὸς
2235 3279 2324 3336 διὰ
2356 3283 2566 3357 χειρός·
2626 3281 2708 3336 ὅτι
2738 3283 2805 3351 ἦν
2837 3281 3060 3357 πλήρης
3091 3283 3184 3355 μὶν
3218 3281 3706 3358 εἷδωλολατρείας,

2048 3370 2139 3423 καὶ
2169 3371 2233 3440 ἦν
2268 3371 2416 3432 οἶκος
2447 3367 2722 3443 δαιμόνων
2757 3375 2888 3446 (94),
2922 3370 3009 3426 διὰ
3037 3372 3098 3426 τὸ
3128 3377 3302 3426 ποιεῖν
3337 3371 3437 3427 ὅσα
3467 3373 3535 3441 ἦν
3569 3372 3715 3426 ἐναν-

2047 3458 2138 3513 τία
2166 3463 2243 3530 τῷ
2272 3464 2409 3532 Θεῷ.
2444 3483 2472 3511 ››
2502 3460 2606 3522 Τὰς
2635 3458 2906 3534 ἐνεργείας
2941 3461 3030 3514 οὗν
3085 3460 3178 3522 τὰς
3223 3466 3340 3522 τοῖς
3393 3459 3712 3534 δαιμονίοις

2049 3546 2438 3619 καταλλήλους
2468 3547 2736 3604 ἐπιτελεῖν
2796 3550 2929 3624 φησὶ
2959 3571 3084 3613 τους
3133 3547 3523 3626 ἁμαρτωλούς·
3579 3550 3712 3625 οὐχὶ

2052 3634 2109 3692 δὲ
2141 3635 2273 3691 αὖτᾶ
2326 3637 2392 3692 τα
2449 3637 2730 3699 πνεύματα
2786 3638 2839 3693 ἐν
2871 3643 2937 3711 τῇ
2993 3643 3088 3693 105
3147 3630 3373 3692 ἀπίστου
3432 3645 3709 3694 κανοικεῖν

2049 3729 2202 3802 ψυχῇ
2236 3725 2404 3802 λέγει.
2439 3729 2536 3782 Διᾶ
2563 3731 2726 3782 τοῦτο
2757 3729 2848 3783 καὶ
2881 3727 3122 3805 ἐπιφέρει
3150 3730 3278 3800 (95)⁶
3331 3750 3360 3777 ‹‹
3395 3727 3714 3804 Προσέχετε

2042 3812 2136 3869 ἵνα
2167 3816 2195 3870 6
2225 3816 2352 3879 ναὸς
2378 3820 2474 3870 105
2507 3816 2706 3892 Κυρίου
2738 3814 2964 3888 ἐνδόξως
3014 3820 3118 3888 (96)
3175 3811 3527 3887 οἰκοδομηθῇ
3563 3835 3712 3878 πως·

2052 3904 2247 3978 μάθετε
2267 3900 2530 3968 λαϐόντες
2577 3906 2677 3974 τήν
2706 3905 2890 3983 ἄφεσιν
2941 3910 3047 3961 τῶν
3107 3905 3404 3976 ἁμαρτιῶν’
3462 3903 3554 3955 καὶ
3616 3903 3714 3956 ἐ).-

2046 3995 2298 4058 πίσαντες
2355 3994 2440 4049 ἐπὶ
2489 3996 2552 4051 16
2603 3992 2794 4068 ὄνομα,
2827 3995 3102 4071 γενώμεθα
3154 3991 3354 4057 καινοὶ,
3412 3990 3583 4046 πάλιν
3652 3991 3710 4065 ἐξ

2048 4083 2229 4158 ἀρχῆς
2254 4083 2589 4157 κτιζόμενοι.
2622 4084 2696 4139 Οὐ
2725 4085 2826 4161 γὰρ
2860 4086 2912 4139 οἱ
2943 4081 3187 4155 δαίμονες
3219 4082 3334 4152 (97)
3367 4080 3535 4152 ἡμῶν
3570 4081 3711 4136 ἀπε-

352 4238 432 4311 (α)
464 4234 664 4292 Matth.
702 4249 793 4300 vn,
829 4236 881 4287 7.
956 4239 1019 4301 ,μ
1049 4231 1112 4285 Ρ.
1143 4229 1248 4284 490
1278 4229 1389 4285 ED.
1423 4228 1714 4297 POTTER,
1746 4229 1935 4283 410-41

2050 4230 2133 4284 ΣΙ).
2169 4232 2394 4286 PARIS.

350 4400 459 4469 (87)
490 4398 671 4469 νΗτοι.
708 4391 1171 4469 Ηωο-εθιιιεῃμδ,
1200 4387 1284 4469 sic
1316 4385 1634 4469 sqribenda
1664 4392 1723 4442 et
1751 4387 1938 4469 e'xpli-

281 4456 470 4525 canda
501 4468 768 4522 videtur:
829 4466 988 4518 ἽΙτοι
1044 4462 1165 4534 γὰρ.
1204 4459 1308 4513 οὐκ
1354 4456 1496 4534 ἔστιν
1528 4457 1670 4528 ἀξία,
1701 4456 1940 4534 καίῗπως

283 4541 465 4612 ὥσπερ
519 4537 578 4590 ἐκ
634 4533 916 4612 μετανοίας
965 4529 1295 4612 ςῆιῖπρόνοια
1356 4529 1638 4612 πρόσεισιν,
1694 4529 1857 4603 αὐτῇ·
1901 4529 1936 4598 ἢ

283 4599 446 4686 φύσεί
468 4599 780 4686 σωζομένη,
812 4606 885 4666 ὡς
921 4599 1419 4686 αὐτὸςξιβούλεται,
1462 4600 1766 4686 τυτγχάνειπε
1812 4599 1940 4656 Ἀαε

2121 4391 2230 4458 (93)
2265 4387 2538 4462 Ἀληθῶς,
2571 4391 2896 4462 Barnabas,
2924 4389 3136 4462 melius
3167 4385 3242 4462 ᾡς
3271 4383 3537 4462 ἀληθῶς..

2121 4462 2232 4528 (94)
2255 4463 2379 4516 Ὅτι
2423 4461 2492 4528 ἦν
2524 4459 2686 4516 πλ...
2735 4459 3030 4532 δαιμόνων.
3068 4461 3158 4532 Ex
3189 4459 3298 4532 boc
3352 4459 3483 4532 loco
3516 4461 3703 4532 corri-

2047 4532 2239 4658 genda
2266 4539 2406 4620 sunt
2436 4527 2539 4588 illa
2568 4527 2847 4588 Barnabze
2874 4551 2886 4588 :
2917 4539 3036 4586 Ὃτι
3061 4529 3128 4597 ἦν
3159 4527 3386 4604 πλήρης
3423 4529 3518 4601 μὶν
3551 4528 3704 4584 εἰδω-

2087 4601 2373 4658 ολατρειας
2436 4604 2615 4658 οἶκος.
2678 4601 3108 4658 είδωλολατοεία
3161 4600 3228 4658 ἦν
3289 4601 3441 4658 οἶκος
3501 4598 3702 4658 δαιμο-

2087 4601 2373 4675 ολατρείας
2436 4604 2615 4675 οἶκος,
2678 4601 3108 4674 είδωλολατρεία
3161 4600 3228 4669 ἦν
3265 4598 3441 4664 Ἵοῖκος
3501 4598 3702 4674 δαιμο-

281 4663 428 4736 ἑηὶηι
459 4663 583 4734 talis
613 4663 801 4732 anima
830 4663 938 4732 non
971 4683 1047 4731 est
1071 4663 1272 4743 digna,
1307 4681 1358 4728 et
1389 4663 1788 4742 quodammodo
1814 4681 1942 4728 acta
1970 4663 2016 4727 D
2049 4673 2200 4730 νίων.

280 4753 454 4805 veluti
478 4752 800 4819 poenitentia
830 4748 1038 4803 accedit
1093 4746 1166 4800 ad
1219 4762 1337 4799 eam
1364 4745 1736 4819 prouidentia
1760 4761 1778 4798 :
1813 4753 1936 4819 Δαιιι

282 4815 507 4885 natura,
538 4827 597 4873 ut
624 4820 717 4873 ille
747 4821 1150 4887 vutt,servatur.
1173 4816 1405 4872 Putavit
1432 4815 1593 4870 enim
1621 4815 1937 4887 baareticus

285 4891 505 4956 ille,sui
539 4885 898 4958 suorumque
920 4890 1152 4944 animas
1181 4893 1393 4942 natura
1424 4903 1554 4940 esse
1586 4885 1660 4958 ad
1682 4885 1936 4941 salutem

283 4966 678 5030 comparatas.
709 4957 873 5022 Quod
893 4976 1028 5013 cum
1061 4959 1355 5028 superius,
1392 4965 1516 5012 tum
1549 4957 1728 5012 etiam
1760 4959 1936 5029 paulo

285 5032 443 5087 infra
472 5031 650 5084 latius
681 5030 1038 5098 explicatum
1070 5036 1178 5098 est.

355 5104 470 5169 (88)
529 5095 946 5172 Χρ-υσὸςί
1000 5095 1404 5172 ,βῶλοςηΝοῃ
1453 5099 1939 5172 inconvenienter

286 5165 502 5241 legeris
534 5188 545 5224 :
580 5165 796 5239 Χρυσοῦ
828 5165 885 5221 δὲ
918 5165 1022 5222 ἀπό
1055 5175 1158 5240 γῆς
1195 5168 1298 5222 οὐκ
1327 5167 1533 5242 αἶ’ρεται
1569 5167 1779 5243 βῶλος,
1814 5175 1939 5227 auri

287 5246 464 5313 gleba.
497 5244 767 5313 srcuuno.

361 5317 473 5384 (89)
505 5308 1132 5384 Αῗτεῖσθ-εέλδίοιδινοηῑ.
1170 5325 1298 5384 I,_p.
1332 5311 1435 5384 1356
1469 5309 1607 5362 edit.
1643 5311 1828 5384 Paris.

360 5373 474 5455 (90)
533 5384 658 5437 Τῶν
718 5373 1098 5455 ξϐδ-ομήκοντα
1135 5421 1148 5434 .
1209 5373 1360 5455 Conl'
1389 5395 1585 5455 ._qua3
1639 5380 1943 5455 adnotavit

292 5449 616 5510 Co'tel'erius
674 5452 748 5506 ad
789 5452 1242 5518 Recognitionum
1299 5449 1355 5502 S.
1410 5449 1733 5504 Clementis
1765 5451 1866 5506 lib.
1903 5471 1938 5519 ι,

295 5543 422 5580 can.
453 5529 506 5580 7.

411 5567 422 5579 .
464 5544 506 5580 Ι,

363 5544 1070 5676 &.1)'L:§é.“.wi)‘£7°‘“;
1128 5592 1266 5655 Qua3
1323 5594 1677 5676 §9quuntur,
1737 5609 1942 5650 occur-

291 5661 434 5719 runt
458 5661 519 5719 in
551 5665 733 5735 Epist.
769 5665 823 5718 S.
850 5661 1138 5718 Barnabas
1170 5678 1298 5735 cap.
1324 5663 1410 5717 16.

369 5736 480 5803 (92)
508 5732 860 5806 Οἷκήτήριον.
896 5732 1357 5806 Κατοικητήρίιον,
1391 5732 1645 5790 Barnab.

2118 4747 2232 4814 (95)
2278 4745 2572 4822 Ἐπιφξρει.
2628 4745 3394 4822 Νθωρθη-ιιεοιεεηὲθιιιίδ.
3453 4745 3703 4822 interja-

2047 4824 2258 4873 cente:
2307 4814 2822 4887 Οίκὸδόμηθήσετᾶι
2874 4815 2931 4872 δὲ
2981 4814 3070 4872 ἐπὶ
3099 4821 3177 4887 τῷ
3209 4815 3436 4888 ὀνόματι
3471 4814 3700 4888 Κυρίου·

2046 4889 2412 4958 wdiﬁcabitar
2441 4897 2621 4944 autem
2653 4893 2712 4958 in
2741 4893 2960 4945 nomine
2990 4891 3230 4944 Domini.

2078 5031 2087 5042 ο
2118 4956 2837 5042 (ἳϐζΈνδὸ-ξωςΠΈνδοξος,
2857 4959 3706 5042 B_arnab.l_’orrobazc'sen‘ten—

2048 5029 2132 5086 tia
2155 5032 2498 5087 S.Barnabaa
2523 5029 2870 5087 auctoritate
2885 5033 2996 5087 hoc
3011 5032 3182 5087 modo
3199 5029 3514 5086 scribenda
3531 5035 3590 5083 et
3604 5047 3704 5083 ex-

2048 5103 2326 5177 plicanda
2347 5111 2437 5177 est
2461 5121 2472 5157 :
2500 5100 2915 5177 Προσέχετεξίνα
2937 5104 2964 5156 ὁ
2985 5103 3110 5162 ναὸς
3127 5105 3224 5156 105
3239 5102 3449 5177 ¹Ιςυρίου
3471 5095 3705 5177 ἐνδόξως

2048 5164 2160 5247 (vel
2215 5169 2458 5247 ἔνδοξος)
2519 5164 2887 5247 θ’ίκοδδμηθῇ.
2949 5164 3398 5247 Πῶς;ηΜᾴθετεο
3434 5164 3710 5247 Λαϐόντες

2045 5246 2146 5321 τὴν
2209 5240 2394 5321 ἄφεσιν
2442 5240 2556 5299 ’τῶν
2615 5240 2915 5320 ἁμαρτιῶν,
2957 5244 3061 5321 ,καὶ
3097 5240 3438 5321 (ἐλπίσαντες
3495 5240 3583 5321 ἐπὶ
3623 5244 3707 5321 τῶ

2049 5310 2277 5392 όνόματί
2364 5320 2460 5392 105
2546 5310 2762 5392 Κυρίου,
2820 5310 3112 5392 ἐγενόμεθα
3166 5313 3367 5375 καινοὶ,
3427 5310 3596 5366 πάλιν
3656 5311 3710 5379 ἐξ

2049 5383 2229 5461 ἀρχῆς
2287 5383 2631 5458 κτιζόμενοι.’
2688 5383 2996 5455 Αίιθηὶίἱτρ,
3049 5396 3107 5442 ut
3170 5387 3432 5461 templum
3491 5385 3714 5438 Domini

2051 5460 2340 5528 magniﬁce
2367 5463 2685 5528 aediﬁcetur.
2731 5461 3008 5526 Quomodo
3030 5463 3057 5513 ?
3087 5462 3289 5514 Discite
3315 5475 3327 5512 :
3358 5460 3591 5524 Accepta
3621 5471 3714 5508 re-

2052 5533 2305 5585 missione
2329 5540 2699 5601 peccatorum,
2727 5541 2776 5587 et
2808 5549 2899 5601 spe
2925 5531 3115 5584 habita
3145 5533 3203 5584 in
3234 5545 3427 5583 nomen
3463 5528 3707 5591 Domini,

2052 5605 2193 5670 facti
2222 5619 2405 5672 sumus
2436 5606 2583 5672 novi,
2616 5607 2814 5672 iterum
2845 5605 2913 5658 ab
2944 5605 3164 5672 integro
3195 5603 3388 5656 creati.

2126 5674 2236 5741 (67)
2428 5674 2538 5748 γὰρ
2572 5670 2643 5727 ὀἱ
2690 5671 2731 5748 νδ
2775 5720 2787 5731 .
2965 5671 3106 5748 πρὶνῌ
3134 5671 3508 5748 ἣ-πιστεςῦσαι.
3570 5670 3717 5748 Per-

2056 5740 2261 5814 peram
2306 5740 2640 5819 Menardus,
2681 5747 2744 5804 in
2789 5745 2912 5803 suis
2959 5745 3034 5802 ad
3075 5744 3130 5801 S.
3165 5744 3500 5802 Barnabam
3530 5740 3716 5812 notis,
