4034 6148
274 347 416 402 1069

345 476 443 550 ξος
473 470 958 550 οὕτε-τούπιεικές,
977 469 1113 550 nolite
1136 474 1234 544 τήν
1257 475 1433 550 ’χάριν

345 543 519 614 ’ῌδεν
555 542 717 618 μόνον
753 546 863 619 (25)
895 539 1312 621 δ”ἔστεργετῆν
1347 539 1538 609 ἅπλῶς
1566 544 1745 619 δίκην.

273 652 373 708 Καὶ
406 652 510 727 γὰρ
543 649 589 707 εί
623 647 853 724 μηδέπω
879 655 1057 706 ποιεῖν
1089 652 1156 706 τὰ
1203 653 1278 724 μὴ
1340 654 1787 730 προσταττόμενα
1815 657 1925 730 (26)

272 740 379 797 ὑπὸ
406 745 504 797 τοῦ
532 740 706 815 νόμου
734 742 844 795 οἷοί
870 740 927 796 τέ
958 741 1094 812 ἐστε,
1155 741 1300 798 ἀλλά
1343 764 1431 797 τοι
1465 749 1797 819 συνορῶντες
1855 745 1930 808 ὡς

274 827 651 906 ὑποδείγματα
679 831 815 903 ἡμῖν
850 828 1086 886 ἔκκειται
1144 829 1416 886 κάλλιστα
1472 832 1524 886 ἐν
1586 833 1754 906 αὐτῷ,
1812 828 1930 907 τρέ-

271 941 388 996 φειν
417 919 506 974 καὶ
538 919 713 991 αὔξειν
772 920 865 974 τὸν
924 917 1100 994 ἔρωτα
1156 927 1258 990 τῆς
1313 919 1621 997 ἐλευθερίας
1667 924 1779 995 (27)
1838 919 1929 976 δυ-

267 1009 498 1082 νάμεθα⁶
530 1008 622 1064 καὶ
652 1005 782 1079 τῆδε
840 1006 1178 1081 ὠφελοίμεθ’
1240 1013 1352 1081 (28)
1409 1007 1469 1065 ἅν
1510 1011 1645 1065 κατᾶ
1699 1008 1929 1084 δύναμιν

267 1097 708 1172 προθυμότερον,
739 1097 808 1152 τὰ
840 1098 935 1170 μὶν
995 1095 1471 1172 προκαλούμενοι,
1501 1098 1567 1153 τὰ
1608 1098 1666 1154 δὲ
1725 1098 1928 1173 μιμού-

275 1206 454 1259 μενοι,
485 1185 551 1239 τὰ
583 1182 640 1239 δὲ
668 1186 756 1240 καὶ
819 1182 1252 1259 δυσωπούμενοι.
1296 1182 1433 1243 Οὔτε
1482 1187 1582 1264 γὰρ
1626 1188 1678 1242 οἱ
1702 1185 1930 1242 παλαιοὶ

270 1271 475 1329 δίκαιοι
507 1274 643 1327 κατᾶ
670 1271 842 1345 νόμον
903 1274 1219 1347 βιώσαντες,
1277 1274 1383 1329 ἀπὸ
1441 1272 1603 1350 δρυὸς
1658 1276 1793 1344 ἦσαν
1826 1298 1930 1331 πα-

269 1362 562 1440 λαιφάτου,
623 1358 740 1416 οὐδ’
798 1361 904 1416 ἀπὸ
964 1362 1187 1438 πέτρης·
1249 1367 1328 1434 τῷ
1394 1363 1523 1437 γοῦν
1588 1361 1929 1439 βουληθῆναι

264 1451 510 1528 γνησίως
539 1449 882 1529 φιλοσοφεῖν,
916 1449 1081 1512 ὅλους
1136 1450 1332 1514 αὐτοὺς
1363 1456 1474 1525 (29)
1528 1450 1778 1530 φέροντες
1809 1453 1933 1509 ἀνέ-

268 1553 426 1605 θεσαν
458 1543 536 1611 τῷ
565 1544 704 1611 Θεῷ,
732 1539 822 1593 καὶ
853 1538 930 1601 εἰς
985 1539 1165 1594 πίστιν
1217 1540 1604 1615 ἐλογίσθησαν.
1649 1540 1845 1604 Καλῶς
1902 1542 1930 1596 6

269 1631 467 1701 Σήνων
493 1628 581 1684 ἐπὶ
613 1634 722 1684 τῶν
746 1626 926 1685 ἰνδῶν
987 1633 1093 1704 (30)
1152 1629 1362 1705 ἔλεγεν,
1414 1628 1507 1686 ἕνα
1551 1628 1715 1686 ’[νδὸν
1749 1652 1929 1705 παρο-

268 1720 561 1792 πτώμενον
592 1717 798 1783 ἐθέλειν
832 1721 943 1793 (31)
976 1716 1136 1788 ἰδεῖν,
1192 1721 1228 1788 ἢ
1260 1720 1431 1782 πάσας
1467 1720 1563 1783 τὰς
1613 1721 1737 1797 περὶ
1761 1722 1932 1776 πόνου

1613 353 2056 410 STROMATUM
2099 356 2233 411 LIB.
2274 359 2344 414 II.

3548 365 3688 421 1070

1961 481 2016 547 Α
2117 488 2223 560 Qui
2243 487 2396 560 haud
2415 487 2571 543 novit
2598 504 2833 558 aequum,
2867 489 2961 543 sed
2982 505 3157 559 neque
3185 490 3357 545 ullam
3411 495 3686 560 gratiam:

2115 558 2224 613 Sed
2243 559 2341 627 jus
2367 575 2610 615 severum
2639 562 2885 631 respicit,
2916 577 3014 615 nec
3036 558 3292 630 amplius.

2033 665 2155 720 Etsi
2184 667 2343 720 enim
2367 666 2632 721 nondum
2655 666 2904 737 potestis
2920 667 3114 721 facere
3139 684 3269 738 qua:
3292 684 3327 723 a
3354 668 3481 741 lege
3504 670 3687 741 impe-

2033 758 2261 830 rantur,
2294 758 2556 808 attamen
2573 754 3024 809 considerantes
3042 754 3356 810 essenobis
3386 759 3690 828 proposita

2032 841 2439 912 pulcherrima
2472 842 2835 914 exemplaria
2866 843 3178 911 libertatis,
3210 860 3475 899 amorem
3507 844 3687 900 liber-

2034 931 2172 986 tatis
2201 931 2430 986 nutrire
2463 937 2521 986 et
2549 948 2764 1004 augere
2824 949 3144 1003 possumus
3180 950 3191 986 :
3245 940 3302 987 et
3359 950 3429 989 ea
3459 935 3690 990 ratione

2034 1020 2389 1091 promptiori
2423 1024 2480 1074 et
2514 1020 2788 1074 alacriori
2819 1021 3529 1092 animojuvabimur,alia
3558 1023 3694 1094 qui-

2036 1107 2172 1162 dem
2200 1114 2607 1179 provocantes,
2637 1109 2754 1164 alia
2784 1124 2920 1163 vero
2954 1109 3277 1176 imitantes,
3302 1115 3360 1164 et
3389 1111 3506 1165 alia
3524 1128 3689 1166 reve-

2035 1201 2255 1251 rentes.
2292 1199 2490 1267 Neque
2521 1197 2683 1252 enim
2712 1201 2940 1252 veteres
2972 1197 3128 1264 illos,
3149 1198 3250 1268 qui
3282 1215 3353 1253 ex
3385 1198 3511 1271 lege
3532 1199 3691 1254 vixe-

2035 1291 2198 1353 runt,
2230 1287 2457 1341 Annosa
2485 1302 2716 1355 quercus
2735 1288 2948 1356 genuit,
3006 1293 3103 1341 aut
3152 1294 3450 1357 praerupta
3490 1296 3695 1358 petra:

2036 1376 2319 1445 quoniam
2350 1375 2529 1448 igitur
2588 1375 2816 1430 sincere
2849 1374 3125 1431 volebant
3152 1376 3582 1447 philosophari,
3607 1382 3699 1431 to—

2038 1468 2128 1518 tos
2160 1464 2385 1535 seipsos
2418 1465 2535 1519 Deo
2567 1464 2915 1519 obtulerunt
2943 1481 3010 1519 ac
3040 1464 3414 1534 dedicarunt,
3442 1472 3501 1521 et
3529 1466 3592 1520 in
3622 1466 3698 1520 ﬁ-

2038 1551 2132 1606 dei
2163 1552 2457 1606 rationem
2488 1552 2660 1607 relati
2693 1557 2849 1607 sunt.
2886 1552 3138 1607 Pulchre
3163 1552 3234 1608 de
3264 1553 3426 1608 Indis
3458 1553 3696 1608 dicebat

2034 1640 2207 1710 Zeno,
2235 1656 2296 1693 se
2326 1656 2513 1695 unum
2545 1641 2724 1695 malle
2755 1640 2970 1695 Indum
3000 1641 3220 1705 videre,
3245 1641 3347 1711 qui
3371 1647 3693 1709 torreatur,

2036 1744 2214 1799 quam
2238 1730 2439 1784 omnia
2467 1746 2573 1801 pro
2588 1729 2809 1784 laboris
2834 1730 3221 1801 perpessione
3238 1736 3586 1802 argumenta
3602 1730 3695 1785 di-

264 1808 572 1882 ἀποδείξεις
608 1816 812 1885 μαθεῖν.
850 1813 1014 1885 Ἡμῖν
1049 1811 1106 1867 δὲ
1136 1812 1361 1886 ἃφθονοι
1416 1813 1703 1889 μαρτύρων
1750 1813 1926 1888 πηγαὶ

2042 1819 2406 1874 scere.Nobis
2437 1824 2635 1873 autem
2657 1823 2798 1872 sunt
2827 1818 3093 1889 quotidie
3125 1818 3527 1874 redundantes
3540 1835 3691 1874 mar-

266 1899 503 1970 ἑκάστης
535 1899 768 1975 ἡμέρας,
819 1899 870 1955 ἰν
928 1899 1245 1978 ὀφθαλμοῖς
1298 1903 1460 1973 ἡμῶν
1521 1900 1920 1978 θεωρούμεναι,

260 1989 743 2064 παροπτωμένων,
786 1987 1390 2064 ἀνασκινδαλευομένων
1423 1995 1556 2062 (32),
1608 1992 1707 2053 τὰς
1754 2012 1922 2068 κεφα-

259 2077 368 2141 λὰς
423 2077 907 2151 ἀποτεμνομένων.
965 2078 1200 2141 Τούτους
1266 2080 1469 2143 πάντας
1543 2080 1572 2134 ὁ
1629 2082 1775 2155 παρὰ
1816 2085 1921 2135 τοῦ

258 2166 441 2240 νόμου
469 2161 640 2244 φόϐος
700 2166 777 2230 εἰς
837 2168 1067 2242 Χριστὸν
1124 2165 1573 2245 παιδαγωγήσας,
1614 2170 1922 2240 συνήσκησε

261 2255 331 2311 τὸ
383 2250 613 2319 εὐλαϐὲς
660 2257 752 2311 καὶ
806 2252 877 2311 δι’
928 2256 1175 2330 αἱμάτων
1235 2254 1625 2322 ἐνδείκνυσθαι.
1683 2259 1743 2315 Ὀ
1791 2258 1921 2321 Θεὸς

264 2343 396 2416 ἔστη
455 2343 506 2399 ἐν
563 2349 852 2422 συναγωγῇ
911 2346 1066 2401 θεῶν·
1130 2343 1183 2400 ἐν
1246 2347 1396 2420 μέσῳ
1454 2344 1512 2403 δί
1586 2345 1745 2411 θεοὺς
1803 2345 1922 2402 δια-

266 2441 463 2508 κρινεῖ.
523 2435 692 2500 Τίνας
744 2435 1019 2507 τούτους;
1075 2435 1222 2499 Τοὺς
1304 2434 1512 2506 ἡδονῆς
1584 2436 1918 2513 κρείττονας,

264 2522 393 2587 τοὺς
423 2528 532 2580 τῶν
557 2530 740 2590 παθῶν
776 2521 1152 2603 διαφέροντας,
1176 2525 1305 2589 τοὺς
1350 2523 1575 2582 ἕκαστον
1632 2527 1706 2580 ὧν
1738 2525 1920 2599 πράσ-

268 2633 450 2667 σουσιν
538 2612 952 2686 ἐπισταμένους,
1033 2613 1161 2676 τοὺς
1219 2614 1580 2680 Γνωστικοὺς,
1640 2613 1767 2676 τοὺς
1824 2617 1921 2668 τοῦ

267 2702 481 2774 κόσμου
526 2701 797 2773 μείζονας.
856 2703 959 2760 Καὶ
1020 2702 1207 2772 πάλιν,
1254 2704 1404 2777 Ἐγὼ
1464 2706 1576 2774 (33)
1607 2702 1752 2769 εἶπα,
1807 2701 1921 2755 θεοί

266 2787 387 2844 ἐστε
442 2790 533 2843 καὶ
583 2790 695 2843 υἱοὶ
753 2790 1027 2863 ’Ψψίστου
1084 2791 1303 2859 πάντες,
1356 2791 1467 2844 τίσι
1529 2788 1673 2864 λέγει
1724 2790 1753 2843 6
1809 2787 1922 2842 Κύ-

269 2894 387 2947 ριος
449 2894 463 2944 ;
521 2880 645 2937 Τοῖς
703 2874 1182 2949 παραιτουμένοις,
1233 2878 1307 2938 ὡς
1392 2877 1508 2931 οἷόν
1565 2897 1645 2943 τε,
1703 2882 1806 2930 πᾶν
1860 2876 1923 2931 τὸ

269 2962 627 3038 ἀνθρώπινον.
688 2965 786 3019 Καὶ
865 2965 893 3018 6
949 2964 1283 3026 ’Δπόστολος
1362 2962 1528 3040 λέγει·
1587 2969 1768 3038 Ὑμεῖς
1822 2966 1923 3040 γὰρ

267 3048 368 3106 οὐκ
423 3049 502 3105 ἔτι
559 3049 677 3120 ἐστὶ
731 3055 842 3124 (34)
899 3050 949 3106 ἐν
1037 3051 1218 3127 σαρκὶ,
1306 3050 1433 3107 ἀλλ’
1505 3052 1554 3107 ἐν
1632 3052 1923 3126 πνεύματι.

266 3140 366 3195 Καὶ
429 3139 594 3195 πάλιν
658 3140 829 3217 λέγει·
890 3144 978 3198 Ἐν
1040 3141 1197 3218 σαρκὶ
1259 3139 1406 3205 ὄντες
1463 3146 1612 3215 (35),
1672 3141 1733 3198 οὐ
1790 3145 1926 3199 κατά

266 3227 439 3304 σάρκα
524 3231 942 3304 στρατευόμεθαο
1032 3230 1159 3304 σὰρξ
1247 3234 1349 3306 γὰρ
1402 3231 1493 3285 καὶ
1567 3233 1705 3303 αἷμα
1764 3232 1927 3307 βασι-

266 3313 421 3371 λείαν
478 3319 613 3371 Θεοῦ
671 3316 1099 3392 κληρονομῆσαι
1178 3316 1240 3372 οὐ
1316 3316 1567 3374 δύνανται
1603 3361 1617 3387 ,
1677 3316 1807 3373 οὐδὲ
1887 3322 1922 3389 ἡ

262 3405 440 3480 φθορὰ
497 3405 595 3473 τήν
650 3406 949 3485 ἀφθαρσίαν
1003 3406 1363 3482 κληρονομεῖ.
1454 3404 1593 3462 Ἰδοὺ
1651 3404 1710 3462 δὲ
1785 3410 1920 3481 (36),

262 3493 339 3557 ὡς
401 3491 676 3570 ἅνθρωποι
764 3495 1154 3566 ἀποθνήσκετε,
1244 3493 1549 3571 διελέγχων
1635 3498 1784 3568 ἡμᾶς
1856 3497 1920 3551 τὸ

264 3585 489 3655 Πνεῦμα
537 3581 776 3659 εἴρηκεν.
846 3585 964 3658 Χρή
1031 3584 1212 3640 τοίνυν
1274 3590 1548 3640 συνασκεῖν
1606 3584 1801 3647 αὐτοὺς
1849 3585 1926 3648 εἷς

268 3664 556 3725 εὐλάϐειαν
614 3677 723 3727 τῶν
791 3672 1214 3728 ὑποπιπτόντων
1282 3678 1398 3735 τοῖς
1453 3674 1645 3728 πάθεσι
1681 3717 1695 3742 ,
1755 3694 1925 3750 φυγα-

271 3754 527 3823 δεύοντας
576 3760 714 3816 κατά
766 3759 896 3824 τοὺς
954 3756 1128 3823 ὅντως
1186 3760 1523 3839 φιλοσόφους
1584 3763 1652 3817 τὰ
1707 3781 1929 3837 πασχη-

269 3851 471 3904 τιῶντα
499 3851 608 3903 τῶν
648 3848 952 3925 βρωμάτων
986 3850 1075 3905 καὶ
1102 3851 1198 3919 τὴν
1233 3851 1379 3924 παρᾶ
1431 3852 1529 3920 τήν
1589 3850 1780 3923 κοίτην
1841 3850 1932 3906 ἔκ-

2034 1911 2230 1978 tyrum
2259 1906 2476 1974 fontes,
2510 1907 2612 1977 qui
2663 1907 2884 1963 nostris
2942 1912 3286 1977 spectantur
3343 1907 3551 1975 oculis,
3586 1907 3688 1978 qui

2035 2001 2354 2063 torrentur,
2386 2001 2762 2066 torquentur,
2797 2002 2857 2050 et
2910 1995 3102 2067 capite
3152 2001 3527 2051 truncantur.
3574 1998 3687 2051 Eos

2030 2100 2239 2139 omnes
2269 2084 2416 2157 legis
2447 2090 2662 2151 metus,
2688 2085 2791 2155 qui
2813 2083 2993 2139 veluti
3019 2084 3403 2156 paedagogus
3425 2084 3499 2139 ad
3521 2084 3688 2139 Chri-

2031 2178 2188 2228 stum
2211 2171 2475 2238 deduxit,
2503 2173 2787 2238 exercuit,
2812 2177 2877 2227 ut
2904 2173 3185 2244 pietatem
3206 2173 3297 2228 vel
3324 2189 3432 2243 per
3452 2173 3691 2245 sangui-

2029 2260 2605 2332 nem’ostenderent.
2630 2261 2765 2315 Deus
2793 2262 2945 2315 stetit
3004 2260 3065 2315 in
3118 2277 3402 2330 synagoga
3439 2262 3687 2327 deorum,

2030 2351 2090 2403 in
2119 2349 2296 2404 medio
2325 2355 2511 2403 autem
2539 2349 2664 2404 deos
2711 2348 2990 2416 dijudicat
3037 2350 3132 2417 (a).
3166 2350 3466 2412 Quosnam
3496 2348 3524 2401 ‘I
3578 2351 3689 2403 Eos

2032 2438 2135 2508 qui
2167 2442 2302 2493 sunt
2333 2437 2633 2508 voluptate
2665 2436 3137 2506 superiores,qui
3166 2436 3687 2502 vincuntaf‘fectus,

2033 2527 2134 2597 qui
2152 2526 2349 2581 sciunt
2363 2523 2831 2594 unumquodque
2847 2539 3052 2577 eorum
3068 2540 3199 2593 quaa
3217 2523 3572 2589 faciunt,eos
3586 2525 3689 2595 qui

2034 2618 2174 2668 sunt
2193 2612 2467 2684 gnostici,
2501 2611 2603 2682 qui
2632 2611 2854 2665 mundo
2878 2616 3019 2666 sunt
3050 2612 3325 2683 majores.
3360 2615 3430 2666 Et
3458 2630 3687 2683 rursus,

2033 2704 2148 2771 Ego
2166 2701 2398 2764 dici,dii
2409 2702 2533 2755 estis
2546 2706 2596 2753 et
2611 2699 2720 2768 ﬁlii
2734 2700 3008 2754 Altissimi
3020 2716 3202 2756 omnes
3223 2701 3688 2772 (b),quibusnam

2035 2789 2181 2845 dicit
2202 2788 2488 2843 Dominus
2511 2787 2538 2842 ‘I
2559 2788 2637 2842 Iis
2671 2788 3000 2859 qui,quoad
3033 2789 3162 2844 ﬁeri
3192 2790 3693 2860 potest,mortalia

2035 2877 2237 2934 omnia
2273 2875 2607 2947 repudiant.
2642 2878 2712 2931 Et
2763 2876 2909 2931 dicit
2962 2876 3280 2949 Apostolus
3315 2895 3328 2932 :
3368 2879 3475 2933 Vos
3510 2885 3693 2934 autem

2033 2974 2097 3039 ›χ‹
2125 2981 2234 3019 non
2259 2964 2495 3033 amplius
2525 2966 2651 3019 estis
2681 2967 2739 3019 in
2770 2980 2954 3032 carne,
3003 2966 3097 3020 sed
3162 2967 3218 3019 in
3253 2967 3455 3035 spiritu
3484 2968 3573 3038 (ο).
3623 2967 3694 3021 Ει

2035 3070 2244 3109 rursus
2277 3053 2419 3108 dicit
2450 3070 2463 3107 :
2494 3055 2560 3108 In
2618 3070 2781 3108 carne
2838 3071 2961 3108 cum
3016 3056 3202 3121 simus,
3259 3071 3370 3109 non
3398 3056 3693 3111 secundum

1976 3197 2000 3220 Ἰ
2039 3158 2260 3198 carnem
2288 3142 2588 3196 militamus
2617 3141 2715 3212 (εἰ).
2751 3142 2889 3197 Caro
2939 3142 3100 3196 enim
3131 3150 3183 3196 et
3207 3146 3431 3212 sanguis
3461 3161 3692 3213 regnum

2042 3233 2140 3286 Dei
2168 3247 2278 3285 non
2292 3236 2522 3300 possunt
2546 3229 2846 3299 possidere,
2880 3245 3054 3298 neque
3112 3234 3397 3301 corruptio
3447 3232 3692 3303 possidet

2041 3320 2511 3389 incorruptionem
2568 3320 2658 3389 (e).
2717 3321 2856 3373 Ecce
2913 3324 3177 3388 tanquam
3207 3319 3445 3375 homines
3488 3323 3692 3376 morie-

2039 3411 2178 3463 mini
2205 3411 2296 3479 (f),
2314 3423 2423 3461 nos
2436 3406 2797 3478 redarguens
2820 3406 2967 3461 dixit
2997 3407 3266 3477 Spiritus.
3295 3409 3539 3478 Oportet
3558 3426 3693 3481 ergo

2041 3514 2150 3551 nos
2177 3511 2450 3551 exercere
2474 3494 2548 3549 ad
2577 3510 2647 3548 ea
2676 3493 2955 3561 cavenda,
2989 3510 3120 3564 quae
3167 3498 3308 3549 sunt
3336 3494 3592 3551 obnoxia
3612 3497 3694 3550 vi-

2041 3585 2161 3654 tiis,
2193 3582 2495 3656 fugiendo,
2528 3588 2593 3636 ut
2623 3582 2685 3650 ii,
2721 3582 2821 3653 qui
2845 3598 2978 3636 vere
3010 3586 3153 3636 sunt
3192 3582 3556 3654 phi1030phi,
3590 3600 3694 3639 eos

2041 3674 2224 3741 cibos,
2258 3672 2358 3743 qui
2391 3670 2643 3725 incitant
2672 3671 2746 3725 ad
2795 3670 3125 3737 libidinem,
3162 3676 3221 3725 et
3250 3671 3598 3727 dissolutam
3630 3673 3692 3728 in

2040 3761 2222 3818 cubili
2247 3759 2685 3826 remissionem,
2709 3764 2767 3813 et
2795 3759 3061 3823 delicias,
3095 3764 3154 3815 et
3181 3760 3263 3815 ita
3284 3761 3605 3833 agendo,ut
3626 3778 3697 3818 ea

2043 3869 2176 3924 quae
2208 3851 2271 3904 in
2300 3847 2570 3903 fruendis
2618 3848 2850 3904 deliciis
2907 3848 3204 3915 accidunt,
3237 3849 3360 3904 sint
3400 3850 3535 3905 aliis
3562 3867 3692 3907 ma-

338 3964 504 4041 +13.
537 3966 641 4041 4395
704 3967 816 4021 ED.
844 3968 1409 4041 POTTER,_414-4l5
1440 3968 1553 4041 Eo.
1587 3969 1820 4026 PARlS.
1848 3968 1925 4041 (a)

2042 3966 2114 4023 al.
2147 3967 2343 4032 Lxxxi,
2374 3962 2454 4033 (ὸ)
2484 3962 2633 4018 Ibid.
2667 3965 2720 4016 6.
2752 3966 2821 4034 (c)
2876 3964 3043 4018 Rom.
3074 3980 3189 4032 vm,
3220 3966 3273 4019 9.
3317 3965 3397 4036 (ἁ)
3423 3966 3448 4018 Ι
3472 3965 3602 4020 Cor.
3634 3982 3693 4035 κ,

270 4036 321 4090 3.
358 4036 426 4109 (e)
458 4036 482 4089 Ι
531 4036 661 4092 Cor.
692 4054 784 4106 xv,
818 4041 906 4094 50.
934 4039 1003 4111 (f)
1034 4038 1190 4094 Psal.
1222 4055 1414 4105 Lxxxx,
1437 4040 1494 4094 7.

265 4147 453 4225 λιχος·
521 4151 841 4225 ᾼιοεειίίίἱε,
906 4156 1220 4221 Protesilai,
1274 4161 1327 4209 et
1382 4156 1679 4225 Eurydices
1727 4156 1933 4225 Orphei

265 4221 482 4292 umeris,
545 4221 795 4278 historiae
848 4226 1164 4292 ostendunt,
1212 4227 1317 4280 soli
1393 4221 1589 4283 Amori
1640 4221 1931 4282 Plutonem

269 4309 379 4351 esse
400 4291 549 4347 dicto
574 4294 933 4349 audientem:
992 4291 1311 4366 quanquam
1342 4297 1431 4353 hic
1481 4298 1739 4353 adversus
1793 4299 1932 4352 alios

271 4379 476 4428 omnes,
535 4369 595 4417 ut
655 4371 735 4419 est
785 4366 938 4439 apud
983 4367 1333 4437 Sophoclem,
1392 4386 1567 4439 neque
1614 4371 1933 4438 aequitatem

271 4440 681 4513 curat,'neque
702 4436 968 4504 gratiam,
1027 4440 1249 4509 soloque
1269 4440 1403 4509 jure
1443 4436 1771 4510 simpliciter
1799 4442 1933 4495 stri-

271 4515 358 4563 cto
389 4510 568 4581 utitur
597 4512 862 4581 ;_tamen_
905 4516 1151 4564 amantes
1210 4518 1510 4578 reveretur,
1563 4514 1741 4581 iisque
1803 4513 1932 4567 solis

272 4594 389 4634 non
409 4583 486 4631 est
515 4577 908 4647 implacabilis,
928 4596 1029 4634 nec
1052 4583 1368 4638 indomitus.

373 4650 462 4716 25)
496 4646 700 4718 Μόνον.
746 4647 953 4718 Μόνην.
988 4653 1288 4708 Plutarch.

373 4650 462 4716 25)
496 4650 700 4702 Μόνον.
746 4650 953 4718 Μόνην.
988 4653 1288 4708 Plutarch.

349 4650 460 4789 (26)
517 4716 770 4798 Μηδέπω
825 4724 1003 4798 ποιεῖν
1059 4724 1126 4777 τὰ
1186 4724 1263 4796 μὴ
1321 4742 1415 4798 πρ,
1479 4726 1647 4798 Lege,
1703 4720 1935 4796 μηδέπω

281 4789 576 4865 μήᾀποιεῖν
595 4789 663 4843 τὰ
692 4810 788 4865 πρ..
825 4794 1042 4848 LOWTH.

351 4862 464 4930 (27)
500 4857 858 4988 Ἐλευθεὲίας.
893 4866 1113 4937 Nempe
1146 4867 1499 4938 evangelicae
1528 4866 1842 4923 libertatis.

351 4932 465 4988 (28)
498 4931 597 4984 Καὶ
642 4936 710 4988 τῆ
753 4954 777 4988 ε
823 4933 928 4988 ὠφ.
991 4938 1130 4988 Oum
1186 4944 1542 4988 seanuntur.
1593 4939 1703 4988 hoc
1760 4955 1842 4988 mt

351 4932 465 5009 (2_8)
498 4931 597 5009 Καὶ
642 4931 955 5009 τῇδε-εὔφη
991 4931 1130 5000 Quae
1186 4931 1542 5008 sequuntur,
1586 4939 1725 5009 _hoc_
1759 4936 1938 5009 modo

279 5003 566 5081 distingui
592 5010 650 5058 et
678 5003 960 5081 explicari
992 5003 1295 5081 potuerint
1327 5027 1341 5081 ;
1374 5009 1474 5064 Καὶ
1506 5003 1640 5081 τῇδε
1696 5007 1939 5081 ὠφελοί-

285 5074 405 5154 μεθ’
441 5065 534 5154 ῥὶῖρ,
595 5065 1023 5154 κατὰΪδέναμιῖο
1046 5080 1499 5154 Ῠπροθυμότερον
1659 5065 1768 5152 μὲν⁸
1802 5098 1941 5154 προς

279 5143 635 5217 καλούμενοι,
685 5147 752 5203 τὰ
812 5145 870 5202 δὲ
1034 5153 1106 5205 Et
1129 5143 1199 5207 ea
1238 5143 1454 5207 ratione
1481 5168 1593 5207 non
1617 5143 1785 5207 levem
1812 5143 1941 5207 inde

281 5219 590 5273 utilitatem
637 5222 1030 5293 percipiemus,
1084 5224 1133 5278 si
1182 5240 1288 5293 pro
1343 5224 1575 5292 viribus,
1624 5229 1677 5278 et
1729 5229 1943 5293 quanta

275 5304 569 5367 possumus
607 5292 902 5367 alacritate
947 5292 1064 5367 alia
1121 5295 1342 5363 quidem
1391 5292 1772 5367 provocemus,
1826 5295 1943 5349 alia

283 5361 587 5433 imitemur,
607 5363 722 5418 alia
750 5380 876 5433 vero
917 5361 1254 5433 rejiciamus.

499 5430 857 5509 "Qlouqat’rr.
891 5430 986 5489 Sic
1013 5438 1286 5509 superius
1316 5455 1375 5509 p.
1420 5438 1530 5509 A403
1576 5437 1717 5509 edit.
1750 5437 1938 5493 Paris.

287 5499 620 5583 de~Nqacho
681 5506 832 5562 dixit
882 5499 1152 5583 _:_¢l>ép&;v
1207 5499 1337 5583 γὰρ’
1374 5507 1537 5564 αὐτὸν
1590 5507 1821 5577 ἀνέθηκε
1861 5510 1943 5579 τῷ

288 5572 424 5638 eici).
451 5572 586 5630 Nam
615 5592 670 5631 se
703 5584 812 5634 Deo
843 5572 1087 5634 oblatum
1115 5572 1407 5637 dedicavit.

498 5641 720 5723 _,1V8_EBV.
746 5649 910 5705 Conf.
939 5650 1142 5723 Strom.
1173 5669 1246 5720 1v,
1280 5669 1339 5723 p.
1370 5654 1475 5707 494-
1506 5650 1648 5723 edit.
1681 5651 1871 5706 Paris.

367 5712 759 5794 (31)Ἒθέλξιν.
792 5723 940 5794 Cum
995 5712 1739 5794 ieéletvr's‘ubaudiendum
1799 5721 1944 5794 μᾶλ-

295 5775 417 5836 λον·
446 5775 585 5855 qum
609 5775 1188 5866 ellipsisusurpatur
1214 5775 1737 5852 idtéiﬁﬁiii'éi‘iam’
1755 5775 1809 5848 δ’
1837 5775 1946 5851 La-

2041 4153 2207 4208 tinis.
2243 4152 2516 4207 SYLBURG.

2111 4224 2239 4295 (32)?
2283 4217 2950 4295 ’Avaq’xtvSalt-zuouévmv.
3040 4223 3277 4277 Rectius
3381 4218 3693 4295 ἀνασχινδυ-

2042 4292 2381 4381 necuim,
2409 4293 2628 4381 “inquit
2683 4293 2745 4347 in
2815 4294 3035 4381 Indice,
3081 4295 3273 4381 (ἔρξω
3310 4294 3693 4381 ΔΞγιὶξιιεεὶιιε.

2042 4360 2315 4437 Clemens
2340 4360 2496 4419 infra
2515 4360 2722 4437 Strom.
2751 4381 2825 4431 1v,
2850 4382 2906 4434 p.
2942 4367 3068 4437 504,
3101 4368 3241 4437 $057:
3298 4360 3396 4437 Διᾷ
3422 4365 3483 4417 τὸ
3513 4360 3696 4437 ὄνομα

2042 4437 2206 4509 αὐτοῦ
2264 4433 2729 4509 Δδιωχθησόμεθα,
2817 4433 3283 4509 φονευθησόμεθα,
3370 4433 3693 4490 ἀνασκινδύ-

2042 4506 2442 4577 λευθησόμεθα.
2478 4512 2712 4576 PrOpter
2753 4506 2948 4561 nomen
3008 4508 3225 4562 Domini
3264 4512 3698 4577 persecutionem

2041 4582 2335 4649 patiemur,
2370 4577 2698 4649 occidemur,
2728 4577 3140 4647 suspendemur.
3170 4577 3328 4649 Idem
3359 4582 3559 4649 Strom.
3619 4599 3694 4648 v1,

2044 4645 2173 4722 pag.
2209 4652 2427 4722 6011ex
2450 4648 2696 4703 Platone
2746 4645 2887 4722 huic
2924 4649 3134 4705 recitat
3166 4665 3178 4702 :
3212 4645 3366 4722 (ζότω
3407 4646 3462 4703 δὲ
3494 4645 3698 4706 διακείὲ

2049 4714 2210 4793 μενος
2261 4719 2289 4772 ὁ
2321 4716 2552 4793 δίκαιος-
2574 4719 3070 4793 μαστιγωθήᾼσεται,
3102 4714 3697 4793 στρεϐλωθήσεται.....

2049 4788 2221 4846 πάντα
2249 4791 2388 4865 κακὰ
2415 4788 2602 4852 παθὼν
2654 4788 3292 4865 ,ἀνασκινδυλευθήσεταμ
3354 4788 3442 4849 Sic
3472 4796 3705 4865 affectus

2049 4871 2233 4920 autem
2254 4864 2461 4933 justus,
2493 4864 2685 4931 ﬂagris
2710 4863 2969 4930 caedetur,
3004 4864 3374 4933 torquebitur,
3414 4872 3467 4920 et
3507 4863 3706 4922 cmnia

2048 4937 2208 5006 mala
2246 4949 2532 5006 perpessus
2586 4934 2965 5006 suspendetur.
3016 4935 3362 5006 Hesychius,
3422 4936 3704 4991 Ἀνασκιν-

2049 5002 2388 5074 δυλεύεσθαὶ,
2422 5002 2979 5071 ἀνασκολοπισθῆναι.
3013 5005 3113 5060 Sin
3136 5002 3426 5079 cognatas
3449 5009 3502 5063 ei
3531 5026 3702 5066 voces

2049 5076 2355 5133 resnicias.
2400 5070 2950 5133 ἂνασκινδαλεύεσθαι
2980 5078 3223 5132 tolerari
3272 5080 3483 5133 saltem
3533 5097 3702 5133 nosse

2048 5085 2355 5148 respicias,
2400 5085 2950 5137 ανασκινδαλεὺεσθαι
2980 5085 3223 5132 tolerari
3272 5085 3483 5135 saltem
3533 5097 3706 5152 posse

2050 5148 2362 5222 videbitur.
2396 5146 2744 5222 Hesychius,
2804 5143 3221 5222 Σκινιμδιαὶλαμοςι
3254 5147 3503 5222 σκόλοψ
3558 5151 3702 5222 τινες

2052 5217 2111 5274 δὲ
2133 5215 2222 5272 διὰ
2242 5220 2338 5271 τοῦ
2374 5234 2415 5290 χ
2446 5214 2826 5290 σχίνδάλομος
2874 5220 3009 5293 (leg.
3070 5214 3490 5296 σχινδάλαμος)
3545 5219 3711 5277 ἄλλοι

2055 5286 2411 5343 σκινδαλιιός.

2055 5308 2278 5346 σκινοαΛ
2330 5308 2411 5349 ος.

2125 5365 2231 5433 (33)
2256 5309 2427 5433 ’ἐγώ
2462 5359 2626 5433 Conf.
2650 5363 3013 5433 Prolreptrici
3040 5364 3244 5433 ﬁnem.

2147 5435 2238 5507 34)
2289 5428 2473 5503 Ὑμεῖς
2528 5430 2633 5507 γὰρ
2687 5431 2789 5487 οὐκ
2838 5428 2947 5489 ’ἔτι
3033 5432 3170 5493 ἐστέ.
3240 5437 3419 5506 Ὑμεῖς
3477 5428 3534 5486 δὶ
3607 5433 3712 5487 οὐκ

2056 5504 2193 5560 ἐστὶ.
2226 5507 2393 5560 Rom.
2544 5504 2550 5506 “
2606 5504 2614 5507 ’
3302 5504 3308 5506 “

2126 5576 2237 5647 (35)
2293 5575 2380 5629 ’Ev
2461 5571 2618 5647 σαρκὶ
2705 5569 2870 5636 ὄντες.
2932 5577 3020 5632 ’Ev
3097 5573 3250 5648 σαρκὶ
3295 5572 3394 5647 γὰρ
3473 5591 3710 5647 περεπα-

2056 5651 2295 5700 τοῦντες.
2319 5647 2344 5700 Ι
2373 5647 2503 5700 Cor.
2533 5664 2591 5700 Χ.
2625 5647 2677 5700 3.

2054 5662 2295 5712 τουντες,
2319 5662 2344 5700 ι
2373 5662 2503 5703 uor.
2533 5664 2591 5712 ι,
2625 5662 2677 5700 ό.

2129 5718 2240 5790 (36)
2263 5714 2427 5772 Ἰδού.
2458 5715 2648 5787 Ὑμᾶς,
2672 5717 2891 5774 Psalm.
