4034 6148
377 315 516 372 1079
1639 315 2047 371 CLEMENTIB

2163 316 2559 370 .BXANDRIN
2566 316 2588 365 Ι
3662 315 3805 371 1080

373 440 685 514 pr0prium
728 457 858 497 esse
884 441 1085 510 linem,
1109 456 1325 511 nempe
1356 456 1507 502 eam,
1529 454 1661 509 quae
1693 455 1765 493 ex
1795 437 2027 493 actione

2163 439 2221 508 τῷ
2261 434 2392 509 Περὶ
2450 438 2552 491 τοῦ
2612 437 2836 509 μείζονα
2894 436 3029 492 εἶναι
3078 437 3179 506 τὴν
3237 437 3363 512 παρ’
3421 437 3571 511 ἡμᾶς
3624 435 3799 494 αἷτίαν

376 531 657 598 efﬁcitur,
682 531 1068 586 voluntatem.
1097 531 1163 584 Hi
1187 530 1493 601 Cyrenaici
1510 529 1746 601 Epicuri
1764 528 2030 601 volupta-

2163 526 2279 600 πρὸς
2335 521 2682 598 εὐδαιμονίαν
2736 532 2835 596 τῆς
2909 524 2967 582 ἐκ
3049 530 3157 581 τῶν
3213 527 3570 602 πραγμάτων,
3630 528 3800 603 ’Δγα-

382 623 456 677 tis
487 619 922 687 definitionem,
957 620 1066 675 hoc
1097 623 1207 687 est,
1239 619 1462 675 doloris
1486 618 1869 684 ablutionem,
1898 618 2031 689 reji-

2163 615 2229 669 δὸν
2263 618 2395 688 (61),
2428 616 2584 692 φησὶ,
2616 618 2801 691 ψυχῆς
2849 614 2903 671 τί
2951 612 3115 686 ἄλλο,
3148 616 3183 687 ἢ
3214 616 3278 671 τὸ
3321 616 3519 692 σαρκὸς
3549 615 3801 682 εὐπαθὲς

381 711 566 775 ciunt,
611 725 743 764 eam
802 708 1290 763 constitutionem
1345 708 1563 763 mortui
1618 706 2026 778 appellantes:

2163 704 2459 777 ιατάστημα
2530 705 2620 759 καὶ
2672 706 2737 760 τὸ
2802 705 2927 778 περὶ
3004 705 3207 776 ταύτης
3265 705 3455 760 πιστὸν
3514 703 3801 781 ἔλπισμας

377 817 498 856 non
531 799 724 855 solum
752 799 915 854 enim
942 816 1049 854 nos
1079 798 1292 871 gaudio
1341 797 1497 853 affici
1554 803 1795 869 propter
1847 797 2198 868 voluptates,
2258 797 2361 852 sed
2420 797 2600 853 etiam
2658 802 2900 869 propter
2928 797 3392 853 consuetudines
3430 803 3489 853 et
3518 798 3797 855 honores.

376 889 666 961 Epicurus
696 892 895 943 autem
927 887 1246 953 existimat,
1280 903 1520 942 omnem
1576 886 1790 941 animai
1839 885 2107 941 laetitiam
2139 902 2209 941 ex
2250 886 2609 958 praecedenti
2661 887 2857 942 carnis
2886 888 3200 943 aﬂ‘ectione
3230 888 3394 943 oriri.
3429 888 3798 945 Metrodorus

378 983 576 1033 autem
608 977 669 1031 in
700 994 899 1048 Opere,
926 975 1086 1047 quod
1117 975 1485 1044 inscribitur,
1516 977 1785 1044 Majorem
1841 990 1950 1029 esse
2005 991 2225 1030 causam
2281 976 2355 1030 ad
2408 977 2732 1045 felicitatem
2789 993 2908 1031 eam
2964 993 3085 1047 quae
3142 983 3218 1032 est
3264 994 3332 1031 ea:
3379 978 3554 1043 nobis,
3582 993 3647 1031 ea
3676 994 3799 1047 quae

376 1085 447 1124 ea:
474 1068 633 1122 rebus
662 1068 842 1121 oritur
867 1082 879 1118 :
913 1068 1153 1131 Animae,
1185 1065 1396 1135 inquit,
1432 1065 1630 1119 bonum
1661 1064 1799 1134 quid
1828 1070 1905 1118 est
1936 1063 2111 1133 aliud,
2145 1081 2312 1135 quam
2356 1066 2571 1120 stabilis
2612 1083 2677 1121 ac
2709 1067 2853 1121 bona
2880 1069 3063 1123 carnis
3091 1068 3435 1134 constitutio,
3464 1073 3519 1121 et
3545 1082 3664 1137 spes
3688 1067 3800 1136 ﬁde

375 1159 565 1230 digna,
599 1157 748 1228 quod
772 1173 837 1212 ea
866 1158 945 1211 sic
972 1158 1168 1225 futura
1187 1157 1307 1210 sit?

1865 1288 2099 1344 CAPUT
2136 1289 2309 1345 XXII.

518 1399 679 1454 Plato
706 1414 975 1453 summum
1009 1399 1206 1453 bonum
1234 1400 1294 1452 in
1322 1396 1719 1453 assimilatione
1767 1413 1889 1453 cum
1932 1397 2037 1451 Deo
2085 1395 2380 1453 consistere
2409 1400 2512 1466 ait,
2543 1414 2777 1469 quocum
2806 1399 3139 1455 concordant
3165 1399 3311 1454 sacri
3339 1399 3651 1469 scriptores.

450 1559 513 1621 ›ι‹
542 1553 616 1605 Αι
645 1567 780 1606 vero
810 1550 976 1606 Plato
1033 1550 1423 1622 philosophus
1482 1551 1663 1605 ﬁnem
1721 1549 1863 1605 dicit
1911 1566 2038 1605 esse

383 1638 723 1710 duplicem:
759 1656 945 1693 unum
977 1638 1242 1709 quidem,
1296 1638 1354 1692 id
1410 1638 1567 1708 quod
1602 1643 1691 1693 est
1720 1638 2039 1709 participa-

382 1729 502 1785 bile
535 1734 595 1784 et
624 1729 883 1800 primum
931 1726 991 1782 in
1032 1729 1177 1798 ipsis
1206 1728 1437 1797 formis,
1471 1727 1630 1798 quod
1662 1728 1901 1798 quidem
1933 1745 2038 1782 no-

2220 1550 2326 1605 Ναὶ
2360 1551 2468 1623 μὴν
2497 1549 2729 1606 Πλάτων
2761 1551 2790 1605 ὁ
2821 1549 3125 1629 φιλόσοφος
3157 1546 3338 1604 διττὸν
3384 1549 3517 1604 εἶναι
3546 1548 3611 1604 τὸ
3638 1549 3803 1612 τέλος

2150 1641 2337 1718 φησὶν,
2390 1642 2452 1696 τὸ
2510 1641 2606 1714 μὲν
2666 1641 2923 1713 μεθεκτόν
2974 1662 3034 1697 τε
3087 1642 3177 1696 καὶ
3233 1644 3451 1716 πρῶτον
3510 1639 3566 1695 ἐν
3611 1640 3803 1702 αὐτοῖς

2151 1728 2395 1803 ὑπάρχον
2454 1734 2570 1791 τοῖς
2630 1727 2850 1799 εἷ’δεσιν,
2909 1727 2940 1784 ὅ
2997 1726 3064 1798 δὴ
3123 1728 3213 1784 καὶ
3264 1728 3497 1804 τάγαθδν
3527 1748 3805 1802 προσονο-

384 1819 575 1873 minat
604 1817 866 1882 bonum;
900 1815 1155 1870 alterum
1210 1822 1408 1870 autem
1453 1816 1534 1879 id,
1566 1816 1724 1885 quod
1758 1821 1848 1870 est
1878 1816 2039 1870 illius

2163 1819 2328 1888 εάζει·
2378 1820 2440 1874 τὸ
2497 1816 2556 1873 δὲ
2606 1825 2838 1895 μετέχον
2892 1818 3123 1888 ἐκεινου,
3179 1819 3270 1873 καὶ
3325 1820 3424 1887 τὴν
3483 1818 3575 1873 ἀπ’
3631 1817 3803 1873 αὐτοῦ

384 1905 701 1976 particeps,
729 1905 975 1975 ejusque
998 1904 1215 1975 accipit
1234 1904 1711 1969 similitudinem,
1733 1903 1893 1973 quod
1914 1906 2039 1974 qui-

383 1995 521 2049 dem
551 1999 642 2048 est
667 1994 729 2048 in
758 1994 1123 2059 hominibus,
1150 1993 1253 2063 qui
1282 1994 1560 2047 virtutem
1594 1999 1653 2047 et
1682 2009 1879 2048 veram
1906 1994 2041 2064 phi-

381 2082 719 2153 losophiam
751 2082 864 2137 sibi
890 2082 1211 2137 vindicant.
1237 2083 1427 2147 Quare
1454 2082 1769 2137 Cleanthes
1802 2099 2039 2153 quoque

382 2172 445 2226 in
498 2170 758 2226 secundo
803 2172 876 2226 De
927 2171 1231 2241 voluptate.
1283 2170 1429 2225 dicit
1477 2170 1776 2226 Socratem
1816 2171 2039 2241 ubique

385 2260 619 2327 docere,
674 2260 950 2315 eumdem
1001 2276 1129 2315 esse
1176 2260 1360 2314 virum
1400 2260 1633 2330 justum
1687 2265 1746 2313 et
1774 2259 2037 2325 beatum,

387 2365 641 2420 eumque
674 2349 968 2404 exsecrari
1024 2348 1127 2419 qui
1185 2349 1416 2420 primus
1464 2348 1666 2402 divisit
1697 2348 1931 2419 justum
1963 2348 2038 2403 ab

389 2438 543 2501 utili,
567 2443 634 2492 ut
664 2438 763 2509 qui
787 2455 912 2492 rem
935 2436 1143 2492 fecerit
1167 2437 1434 2509 impiam.
1458 2439 1679 2491 Revera
1707 2437 1868 2492 enim
1900 2442 2041 2492 sunt

392 2527 583 2599 impii,
616 2527 717 2597 qui
749 2527 893 2583 utile
917 2544 952 2582 a
963 2528 1152 2599 justo,
1175 2525 1333 2597 quod
1355 2532 1445 2581 est
1466 2525 1792 2581 secundum
1824 2526 2038 2597 legem,

394 2622 689 2687 separant.
721 2616 851 2687 lpse
874 2621 1073 2671 autem
1095 2616 1260 2671 Plato
1285 2616 1431 2671 dicit
1448 2615 2041 2685 beatitudinem,quaa

394 2711 485 2761 est
511 2701 853 2777 εὐδαιμονία,
897 2722 1048 2771 esse,
1111 2706 1240 2759 bene
1296 2706 1495 2759 habere
1550 2705 1892 2765 daemonem;
1924 2703 2041 2758 dici

394 2799 594 2849 autem
624 2794 982 2861 daemonem,
1007 2792 1399 2864 principalem
1422 2793 1639 2848 animus
1661 2799 1880 2848 nostras
1907 2808 2045 2864 par-

392 2886 552 2948 tem;
608 2881 1037 2937 beatitudinem
1097 2887 1295 2935 autem
1355 2898 1484 2936 esse
1542 2882 2042 2953 perfectissimum

391 2968 614 3023 bonum
643 2975 702 3024 et
724 2969 1160 3040 plenissimum.
1184 2969 1521 3040 Aliquando
1552 2976 1749 3025 autem
1782 2987 1913 3026 eam
1942 2986 2041 3024 vo-

394 3062 491 3113 cat
519 3058 701 3112 vitam
732 3058 844 3113 sibi
877 3058 1356 3113 consentientem
1389 3064 1448 3113 et
1484 3060 1954 3127 convenientem,
1987 3064 2047 3114 et

2150 1904 2450 1981 δεγόμενον
2484 1907 2811 1979 ὁμοιότητα,
2843 1908 2875 1963 ὅ
2902 1907 3027 1982 περὶ
3059 1907 3381 1983 ἀνθρώπους
3414 1906 3640 1982 γίνεται,
3668 1905 3805 1967 τοὺς

2153 1997 2651 2069 μεταποιουμένους
2702 1998 2899 2071 ἀρετῆς
2953 2020 3012 2054 τε
3065 1998 3158 2053 καὶ
3210 2005 3313 2064 τῆς
3364 1997 3607 2069 ἀληθοῦς
3639 1998 3806 2077 φιλο-

2150 2083 2364 2156 σοφίας.
2396 2085 2489 2138 Διὸ
2518 2086 2610 2139 καὶ
2658 2084 2944 2157 Κλεάνθης
2999 2088 3053 2141 έν
3108 2091 3190 2159 τῷ
3242 2085 3478 2158 δευτέρῳ
3506 2089 3636 2154 Περὶ
3667 2083 3808 2155 ἡδο-

2147 2177 2247 2239 νῆς
2273 2171 2364 2226 τὸν
2399 2173 2696 2248 Σωκράτην
2758 2177 2891 2251 φησί
2949 2176 3079 2250 παρ’
3135 2172 3331 2230 ἕκαστα
3388 2171 3679 2243 διδάσκειν,
3729 2174 3810 2236 ὡς

2149 2260 2178 2314 ὁ
2208 2259 2368 2323 αὐτὸς
2400 2258 2609 2325 δίκαιός
2652 2282 2712 2316 τε
2759 2263 2848 2317 καὶ
2897 2260 3173 2335 εὐδαίμων
3216 2262 3378 2337 ἀνήρ,
3409 2263 3502 2318 καὶ
3531 2267 3611 2334 τῷ
3640 2262 3807 2336 πρὼ-

2146 2369 2226 2420 τῳ
2257 2346 2492 2403 διελόντι
2521 2349 2584 2403 τὸ
2642 2347 2852 2404 δίκαιον
2913 2350 3020 2404 ἀπὸ
3075 2355 3172 2405 τοῦ
3230 2349 3603 2427 συμφέροντος
3633 2370 3806 2404 κατα-

2149 2442 2364 2513 ρᾶσθαι,
2423 2437 2498 2499 ὡς
2554 2433 2740 2499 ἀσεϐές
2812 2458 2865 2493 τι
2939 2442 3165 2513 πρᾶγμα
3226 2435 3528 2510 δεδραιιότι⁸
3584 2432 3806 2500 ἀσεϐεῖς

2146 2527 2248 2602 γὰρ
2277 2530 2359 2598 τῷ
2418 2521 2532 2580 ὄντι
2591 2527 2644 2581 οἳ
2693 2528 2757 2582 τὸ
2813 2528 3087 2605 συμφέρον
3147 2525 3253 2581 ἀπὸ
3300 2529 3399 2580 τοῦ
3456 2523 3670 2580 δικαίου
3700 2531 3808 2581 τοῖ’)

2148 2615 2286 2669 κατά
2340 2614 2513 2687 νόμον
2568 2615 2920 2691 χωρίζοντες.
2978 2614 3152 2677 Αὐτὸς
3213 2612 3270 2669 δὲ
3318 2615 3348 2668 ὁ
3408 2611 3639 2670 Πλάτων
3698 2614 3805 2683 τήν

2151 2701 2501 2774 εὐδαιμονίαν
2556 2702 2619 2757 τὸ
2678 2700 2735 2757 εὖ
2787 2703 2879 2757 τὸν
2941 2699 3177 2775 δαίμονα
3225 2701 3371 2776 ἔχειν
3402 2704 3538 2774 (62),
3569 2699 3810 2775 δαίμονα

2153 2788 2212 2846 δὲ
2242 2788 2492 2866 λέγεσθαι
2521 2793 2584 2845 τὸ
2639 2799 2740 2860 τῆς
2798 2794 2984 2865 ψυχῆς
3037 2792 3200 2863 ἡμῶν
3230 2790 3579 2866 ἡγεμονικόν
3611 2792 3712 2861 τὴν
3747 2789 3809 2846 δὲ

2153 2877 2499 2953 εὐδαιμονίαν
2548 2880 2613 2934 τὸ
2658 2880 3003 2934 τελειότατον
3054 2878 3250 2954 ἀγαθὸν
3295 2880 3386 2934 καὶ
3426 2877 3807 2955 πληρέστατον

2154 2968 2318 3043 λέγει.
2375 2968 2498 3026 Ὀτὶ
2555 2966 2611 3023 δὲ
2667 2968 2781 3045 βίον
2866 2965 3316 3043 ὁμολογούμενον
3369 2967 3460 3023 καὶ
3518 2967 3811 3045 σύμφωνον

2154 3058 2323 3125 αὐτὴν
2355 3055 2645 3113 ἀποκαλεῖ·
2677 3056 2767 3112 καὶ
2825 3054 2931 3111 ἔσθ’
2984 3055 3073 3111 ὅτε
3120 3056 3183 3111 τὸ
3220 3056 3337 3110 κατ’
3367 3056 3562 3132 ἀρετὴν
3596 3055 3810 3112 τελειόο

393 3162 829 3216 nonnunquam
868 3146 948 3213 id,
982 3146 1141 3217 quod
1196 3152 1286 3202 est
1341 3164 1410 3202 ex
1440 3148 1652 3203 virtute
1682 3148 2046 3219 perfectissi-

2163 3165 2341 3201 τατον·
2399 3149 2562 3200 τοῦτο
2616 3142 2675 3200 δὶ
2723 3144 2776 3199 ἐν
2837 3144 3115 3219 ἐπιστήμῃ
3173 3148 3271 3199 τοῦ
3321 3144 3527 3218 ἀγαθοῦ
3582 3144 3810 3217 τίθεται,

394 3250 582 3289 mum.
615 3234 679 3289 Id
709 3240 906 3289 autem
937 3236 1106 3306 ponit
1153 3236 1215 3290 in
1274 3236 1523 3295 scientia
1551 3236 1712 3304 boni,
1749 3241 1808 3292 et
1860 3237 1922 3291 in
1954 3253 2044 3303 ea,

406 3340 537 3394 qua)
565 3329 655 3378 est
675 3340 809 3378 cum
836 3324 974 3387 Deo,
1000 3324 1412 3393 similitudine,
1437 3324 1889 3381 similitudinem
1916 3342 2051 3397 pro-

401 3412 689 3468 nuntians
720 3413 782 3467 in
840 3428 907 3467 eo
971 3413 1320 3478 consistere,
1378 3418 1445 3467 ut
1501 3414 1634 3484 quis
1666 3414 1743 3468 sit
1763 3414 1963 3485 justus
1995 3419 2054 3469 et

404 3506 644 3557 sanctus
675 3518 810 3556 cum
831 3500 1171 3572 prudentia.
1197 3504 1411 3557 Annon
1435 3502 1519 3556 sic
1541 3502 1782 3572 quidem
1805 3505 1842 3556 1
1857 3503 1959 3558 80
1981 3519 2052 3559 ex

402 3591 623 3647 nostris
653 3589 824 3654 illud,
853 3591 928 3644 ad
955 3589 1255 3660 imaginem
1293 3589 1557 3661 quidem,
1592 3592 1792 3646 statim
1824 3592 1886 3646 in
1919 3597 2050 3648 ortu

396 3680 698 3750 accepisse
735 3679 1075 3745 hominem;
1128 3680 1202 3733 ad
1246 3680 1666 3734 similitudinem
1691 3685 1910 3746 autem,
1945 3697 2052 3752 per

398 3767 826 3839 perfectionem
852 3773 1060 3838 postea
1080 3784 1209 3823 esse
1233 3773 1636 3839 accepturum,
1665 3769 2052 3842 intelligunt?

396 3858 522 3912 1am
552 3872 687 3911 vero
749 3855 971 3911 docens
1024 3855 1190 3911 Plato
1249 3856 1404 3911 hanc
1437 3857 1896 3914 similitudinem
1924 3859 2048 3914 viro

464 4042 529 4106 »Β
559 4044 621 4098 Ρ.
652 4043 758 4097 499
786 4043 897 4097 ED.
930 4043 1226 4111 POTTER,
1248 4045 1490 4100 417-418
1518 4047 1630 4101 ED.
1660 4047 1889 4103 PARIS.

401 4226 624 4296 ejusque
653 4224 1054 4278 constitutionis
1104 4239 1196 4292 spe
1251 4224 1560 4296 emptorem,
1594 4231 1655 4279 ut
1685 4241 1719 4279 a
1745 4225 2052 4279 Metrodoro

400 4295 665 4367 seriptum
696 4300 792 4360 est,
820 4297 1151 4367 continetur.
1212 4295 1555 4367 Plutarchus
1603 4298 1678 4367 De
1716 4299 1832 4349 vita
1850 4311 2053 4367 secun-

402 4364 531 4439 dum
562 4368 861 4439 Epicurum
884 4364 1003 4439 :_Tb
1036 4364 1139 4439 γὰρ
1176 4364 1424 4439 eboratis;
1483 4366 1681 4439 σαρκὸς
1731 4364 2050 4439 κατάστημα

400 4437 488 4491 καὶ
525 4432 635 4511 ab;
656 4434 778 4511 περὶ
830 4432 1060 4511 ταύτΔηξ
1091 4432 1278 4511 πιστὸν
1339 4432 1582 4510 ἔλπισμα
1610 4439 1708 4505 τὴν
1742 4432 2048 4511 ἀκροτάτην

402 4507 580 4591 χαρὰν
610 4500 737 4591 ἔχει’
758 4500 1273 4591 καὶ-βεϐαιοτάτηνὶ
1310 4500 1535 4591 Gellius
1565 4500 1678 4565 lib.
1705 4527 1781 4576 lx,
1814 4500 1943 4581 cap.
1977 4500 2048 4577 5';

402 4580 506 4634 Th.
542 4581 827 4652 canterus
858 4580 961 4636 lib.
993 4598 1048 4647 ιι,
1081 4597 1211 4652 cap.
1246 4583 1296 4636 6.
1331 4583 1595 4637 COLLECT.

473 4652 583 4730 (βι)
614 4647 871 4723 Ἀγαθόν.
1072 4634 1366 4739 superius,
1386 4634 1715 4739 illlletrodo‘ri
1748 4652 2050 4739 magister,
2085 4634 2128 4698 D

403 4720 706 4843 Eplicurus'
726 4737 838 4843 Ραὲ
893 4724 998 4776 412
1027 4720 1166 4777 ράἰιῖ
1194 4720 1407 4789 Paris.,
1430 4723 1574 4779 dicit
1601 4720 1760 4783 τέλος
1794 4720 1925 4776 εἶξαι
1954 4724 2050 4775 τοῦ

405 4811 465 4843 ut
510 4790 709 4843 οσόωου
768 4793 801 4843 ἢ
844 4792 991 4843 ονἰίν.
1021 4795 1226 4843 enare:
1263 4797 1393 4843 γοῦν
1443 4793 1639 4843 σαρκὸς
1672 4793 1922 4843 εὐσταθὲς
1952 4813 2043 4843 καΔ

405 4790 1226 4868 φᾷοσόφουίὴδοντςνηθςιᾴζει
1263 4797 1415 4868 γοῦν.
1443 4793 1639 4868 σαρκὸς
1672 4793 1922 4857 εὐσταθὲς
1952 4813 2043 4847 καΔ

402 4860 569 4938 τάστη
582 4860 772 4938 μακά-ξ
799 4863 862 4938 to
891 4863 1014 4938 περὶ
1040 4860 1242 4938 ταύτης
1271 4860 1458 4919 πιστὸν
1486 4860 1751 4938 ἔλπισμα.

478 4929 591 5003 (62)
612 4934 688 4988 Τὸ
720 4930 775 4985 εὖ
803 4934 895 4987 τὸν
938 4929 1002 4987 δ”.
1037 4929 1265 4991 Similia
1315 4938 1593 4993 dixerunt
1638 4929 1814 4993 etiam
1848 4936 2047 4992 Stoici.

408 5003 671 5083 Laertius
730 5004 791 5058 in
823 5007 1245 5083 ‘Zenoneh‘lib
1302 5026 1399 5077 vn,
1452 5027 1629 5083 segm.
1677 5012 1745 5064 88
1767 5006 1960 5083 {Eb-iw.
1993 5003 2050 5061 δὲ

404 5073 534 5150 σέίέτδ
563 5078 724 5150 τοῗτο
780 5072 880 5150 τὴγ
932 5077 1028 5128 τοῦ
1087 5072 1404 5150 εὐδαίμονος
1462 5072 1679 5150 ἀρῖτήν,
1714 5078 1800 5133 καὶ
1835 5076 2049 5150 εὔροιαν

410 5143 555 5224 βίου.
616 5144 746 5224 ὅταν
800 5146 969 5224 πάντα
994 5143 1327 5224 ,πράττηται
1389 5143 1521 5205 κατά
1574 5143 1674 5219 «ait
1730 5143 2047 5224 συμφωνίαν

410 5166 555 5219 pinu.
616 5166 742 5199 οταν
800 5166 969 5198 παντα
1027 5166 1327 5270 πράττηται
1389 5166 1521 5205 κατὰ
1574 5166 1674 5219 τῆν
1730 5166 2047 5224 συμφωνίαν

403 5221 505 5293 τούξ
557 5222 682 5293 παρ’
735 5214 944 5293 ἑκάστω
989 5212 1053 5269 δα
1088 5240 1273 5287 μονος.
1338 5225 1460 5277 Esse
1517 5233 1697 5278 autem
1740 5225 1840 5278 hoc
1872 5224 2052 5293 ipsum

401 5291 583 5361 felicis
624 5289 857 5343 hominis
886 5288 1169 5357 virtutem,
1223 5299 1274 5345 et
1316 5294 1532 5359 felicem
1579 5298 1704 5349 vitae
1743 5288 2048 5362 decursum,

402 5379 523 5417 eum
556 5363 743 5416 omnia
772 5365 1041 5433 geruntur
1070 5378 1138 5414 ea:
1190 5379 1447 5417 consensu
1487 5364 1748 5419 damonis
1775 5366 1871 5433 qui
1902 5364 2052 5432 apud

402 5447 850 5503 unumquemque
865 5437 957 5485 est.
980 5432 1126 5503 Eum
1151 5433 1499 5503 Antoninus.
1528 5435 1629 5489 lib.
1660 5452 1738 5500 ιιι,
1763 5432 2047 5503 extremo,

403 5499 716 5560 vocat-15v
751 5499 1033 5577 'é'vb'oviév
1088 5505 1169 5571 τῷ
1227 5504 1411 5577 στήθει
1455 5499 1757 5577 ἱδρυμένον
1800 5499 2046 5577 δαίμοναζ

406 5577 888 5649 Πωηιοηειηᾲὶηιᾼιιςς
936 5576 995 5629 in
1036 5582 1284 5649 pectore
1310 5576 1521 5649 silum.’
1558 5576 1839 5649 Apuleius
1870 5576 2047 5631 etiam

402 5664 461 5702 ιιι
496 5647 771 5718 Apologia
802 5647 1043 5702 Socratis
1075 5647 1199 5719 hinc
1231 5647 1375 5719 dicit
1399 5663 1417 5719 :_
1466 5647 1623 5703 Bona
1651 5648 1851 5719 cupido
1882 5649 2048 5704 bonus

403 5715 693 5773 Deus—est:
752 5724 811 5772 et
861 5734 997 5775 mox
1047 5717 1213 5775 addit
1268 5715 1592 5793 εὐδαίμονας
1647 5715 1778 5791 dici,
1810 5734 2044 5792 quorum

2160 3233 2253 3288 καὶ
2283 3233 2336 3287 έν
2369 3233 2688 3306 ἐξομοιώσει
2743 3235 2858 3307 (63)
2910 3236 2977 3305 τῇ
3038 3232 3175 3307 πρὸς
3218 3232 3312 3287 τὸν
3359 3232 3511 3289 Θεόνο
3545 3233 3811 3306 ὁμοίωσιν

2160 3321 2599 3398 ἀποφαινόμενος
2659 3319 2868 3377 δίκαιον
2932 3321 3021 3376 καὶ
3094 3322 3239 3375 δσιον
3305 3323 3441 3395 μετὰ
3498 3324 3815 3399 φρονήσεως

2162 3412 2319 3469 εἶναι.
2350 3412 2419 3466 Ἦ
2446 3411 2546 3485 γὰρ
2575 3410 2686 3485 οὐχ
2735 3409 2910 3472 οὕτως
2962 3410 3105 3474 τινες
3152 3415 3259 3464 τῶν
3306 3412 3592 3487 ἡμετέρων
3618 3410 3679 3465 τὸ
3712 3411 3811 3481 μὲν

2158 3501 2276 3555 κατ’
2306 3499 2488 3554 εἰκόνα
2542 3502 2656 3573 (64)
2705 3497 2904 3563 εὐθέως
2956 3499 3095 3554 κατά
3144 3500 3244 3569 τήν
3288 3507 3497 3573 γένεσιν
3526 3497 3812 3576 εἰληφέναι

2157 3588 2249 3642 τὸν
2299 3584 2605 3660 ἄνθρωποι,
2661 3586 2725 3641 τὸ
2780 3587 2899 3650 καθ’
2959 3585 3224 3659 ὁμοίωσιν
3288 3584 3346 3642 δὲ
3396 3586 3615 3661 ὕστερον
3673 3588 3816 3643 κατά

2156 3677 2256 3744 τὴν
2320 3674 2601 3731 τελείωσιν
2682 3673 2906 3748 μέλλειν
2979 3670 3387 3749 ἀπολαμϐάνειν
3444 3674 3811 3750 ἰκδέχονται;

2158 3764 2361 3821 Αὐτίκα
2409 3766 2436 3820 ὁ
2491 3763 2723 3821 Πλάτων
2784 3767 2922 3837 (65),
2980 3764 3079 3834 τήν
3141 3763 3405 3837 ὁμοίωσιν
3437 3763 3638 3834 ταύτην
3674 3765 3815 3835 μετά

2155 3852 2656 3931 ταπεινοφροσύνης
2737 3849 2949 3918 ἔσεσθαι
3052 3857 3132 3926 τῷ
3216 3851 3448 3926 ἑναρέτῳ
3534 3849 3813 3907 διδάσκων

2163 4224 2373 4279 damon
2406 4224 2595 4290 bonus,
2628 4225 2689 4278 id
2745 4230 2821 4279 est
2877 4225 3091 4278 animus
3137 4222 3342 4276 virtute
3373 4225 3655 4291 perfectus
3710 4230 3809 4279 est.

2162 4299 2309 4349 ltem
2342 4294 2608 4349 Platonis
2636 4294 2964 4365 discipulus
3004 4296 3360 4365 Xenocrates
3389 4292 3806 4365 apud‘Aristo-

2162 4366 2341 4421 telem
2379 4368 2566 4435 T_0pic.
2602 4366 2703 4435 lib.
2740 4358 2806 4430 ιιξ
2834 4382 2877 4435 c_
2912 4367 2943 4419 6
2970 4382 2983 4418 :
3013 4364 3255 4435 Ὁμοίως
3289 4359 3345 4417 δὲ
3374 4358 3463 4416 καὶ
3494 4358 3808 4435 εὐδαίμονα,

2161 4436 2223 4490 οὗ
2253 4435 2317 4509 ἂν
2350 4431 2619 4509 ὁδᾶίμων
2651 4434 2686 4509 ᾖ
2714 4431 3028 4509 σπουδαῖος·
3063 4431 3328 4509 λ’καθάπερ
3462 4431 3810 4506 Ξενοκράτης

2201 4503 2325 4575 ησὶν
2360 4503 2826 4579 εὐδαίμονῷεἶναι
2875 4507 2969 4560 τὸν
3017 4506 3114 4579 τήν
3162 4503 3347 4579 ψυχήν
3399 4503 3597 4579 ἔχοντα
3641 4503 3807 4560 σπου-

2201 4528 2325 4575 ησιν
2360 4528 2650 4578 ευοαιμονα
2694 4528 2826 4560 ειναι
2875 4528 2969 4560 τον
3017 4528 3114 4573 την
3162 4528 3347 4579 ψυγην
3399 4528 3597 4579 εχοντα
3641 4528 3807 4560 σπου-

2160 4528 2335 4650 ἕαίαν·
2382 4578 2584 4647 ταύτην
2642 4577 2747 4650 γὰρ
2805 4577 3013 4649 ἑκάστῳ
3066 4578 3200 4631 εἶναι
3254 4567 3508 4648 δαίμονα.
3540 4579 3808 4635 Similiter

2160 4647 2463 4721 εὐδαίμονα
2492 4647 2842 4720 ειιπι,ἐιι]α.ς
2893 4647 3103 4721 daemon
3162 4657 3241 4705 est
3298 4647 3506 4706 bonus:
3536 4652 3805 4721 quemad-

2163 4715 2379 4778 modum
2412 4715 2838 4777 Xenocrates'ait
2898 4715 3192 4791 εὐδαίμονα
3248 4737 3377 4787 esse,
3405 4715 3565 4791 cujus
3593 4723 3806 4776 animus

2160 4796 2231 4849 sit
2256 4795 2425 4848 bonus
2449 4812 2467 4857 ;
2498 4794 2639 4847 hunc
2669 4795 2809 4848 enim
2831 4793 3027 4862 cuique
3055 4808 3164 4847 esse
3192 4792 3517 4849 demonem.

2231 4867 2340 4935 (63)
2374 4864 2462 4919 ’Ev
2494 4862 2838 4935 ἐξομοιώσει.
2899 4863 3065 4919 Conf.
3125 4880 3305 4934 supra
3356 4879 3488 4935 pag.
3520 4863 3648 4930 403,
3678 4864 3805 4924 404,

2159 4937 2286 5003 405,
2315 4935 2454 4990 edit.
2488 4936 2672 4991 Paris.

2230 5008 2346 5088 (64)
2398 5006 2529 5088 ξ(ατ’
2587 5003 2784 5059 είκόνα.
2846 5005 3010 5061 Conf.
3066 5006 3289 5075 Paadag.
3349 5004 3453 5059 lib.
3485 5021 3526 5072 ι,
3578 5020 3707 5075 cap.
3740 5006 3803 5058 i2

2159 5078 2471 5149 principio.

2232 5146 2626 5217 (δείΠΙΛά-εων.
2686 5147 2953 5203 Platonis
3002 5146 3167 5202 locus
3215 5148 3327 5202 iste
3380 5147 3593 5202 citatus
3625 5160 3805 5216 supra

2158 5222 2456 5291 Prolrept..
2516 5236 2646 5293 pag.
2706 5222 2795 5273 20.
2848 5221 3058 5293 Exstat
3100 5224 3296 5293 autem
3347 5218 3449 5272 lib.
3484 5235 3537 5293 ιν
3566 5219 3641 5271 De
3671 5218 3801 5293 leg.,

2159 5290 2428 5364 pag._715
2454 5310 2467 5358 ;
2494 5290 2758 5346 e’xstatet
2776 5290 2934 5362 apud
2963 5290 3206 5364 Aristot.
3222 5292 3308 5364 De
3336 5291 3559 5352 mundo,
3580 5292 3800 5364 θερίᾳ

2159 5359 2316 5433 apud
2350 5364 2645 5418 Plutarch.
2680 5359 2968 5434 pag5636,
3002 5361 3299 5434 etilustin.
3342 5366 3512 5434 mart.
3547 5376 3695 5434 pag;
3714 5359 3801 5414 23.

2160 5425 2227 5488 Η’.
2264 5436 2497 5503 Legitur
2525 5425 2720 5489 autem
2749 5425 2810 5487 in
2840 5425 2975 5557 vulg
3020 5433 3187 5499 edit.,
3218 5430 3396 5504 ἀρχήν
3420 5450 3476 5484 τε
3498 5425 3587 5483 κάξ
3614 5425 3805 5483 τελευ-

2160 5504 2257 5557 τήν
2286 5505 2377 5557 καὶ
2415 5503 2575 5557 μέσαν
2602 5508 2710 5557 τῶν
2743 5502 2912 5557 ὅντων
2977 5507 3214 5557 πάντων.
3245 5503 3518 5557 SYIBURG.
3543 5532 3611 5541 —
3633 5501 3798 5555 Conf.

2157 5504 2257 5568 τήν
2286 5501 2377 5558 καὶ
2414 5503 2575 5574 μέσαν
2602 5508 2710 5557 τῶν
2743 5502 2912 5557 ὅντων
2941 5501 3214 5557 ἀπάντων.
3245 5501 3518 5559 Sl’lBURG.
3543 5532 3611 5541 —
3633 5501 3798 5555 Conf.

2160 5578 2338 5631 etiam
2372 5577 2643 5647 Origines
2673 5577 2805 5631 Adv.
2841 5576 3050 5632 Celsum
3077 5575 3180 5629 lib.
3213 5592 3286 5631 v1.
3322 5592 3377 5644 p.
3406 5575 3528 5628 285.
3563 5574 3806 5630 Exstant

2159 5647 2285 5702 hmo
2316 5648 2375 5702 in
2407 5648 2668 5702 Platonis
2699 5648 2838 5703 edit.
2872 5647 3137 5702 Francof.
3168 5662 3227 5716 p.
3259 5648 3384 5702 831.
