4034 6148
394 306 531 363 1081

1741 304 2182 363 ΒΤΒΟΠΔΤΠΜ
2223 306 2357 360 LIB.
2398 302 2471 361 ΙῙ.

3666 301 3809 359 1082

391 427 564 485 ἐκεῖνό
648 448 754 483 που
830 429 1138 504 ἑρμηνεύει·
1226 432 1335 491 Πᾶς
1421 430 1448 483 6
1531 430 1797 483 ταπεινῶν
1852 428 2028 483 ἑαυτὸν

2151 425 2310 484 bono
2339 425 2600 483 futuram
2622 442 2750 482 esse
2769 441 2905 482 cum
2920 426 3281 496 humilitate,
3306 426 3458 483 illud
3486 427 3692 498 utique
3716 427 3814 482 in-

396 518 770 593 ὁψωθήσεται.
806 519 967 593 Λέγει
997 515 1090 572 οὗν
1123 516 1175 573 ἐν
1232 522 1349 579 τοῖς
1408 517 1645 591 Νόμοις’
1704 518 1766 574 Ὀ
1824 517 1917 589 μὲν
1974 513 2040 586 δὴ

390 608 546 678 Θεὸς,
581 605 764 683 ὥσπερ
820 606 911 661 καὶ
969 608 999 661 ὁ
1044 606 1283 670 παλαιὸς
1350 605 1535 684 λόγος,
1577 606 1761 683 ἀρχήν
1816 627 1876 661 τε
1953 605 2043 660 καὶ

394 695 532 769 μέσα
579 696 668 750 καὶ
759 697 1016 766 τελευτὴν
1094 700 1200 752 τῶν
1288 695 1504 751 πάντων
1591 691 1761 771 ἔχων,
1834 694 2040 759 εὐθεῖαν

385 785 631 860 ’περαίνει
716 786 852 840 κατά
936 784 1093 862 φύσιν
1174 786 1719 862 περιπορευόμενος’
1821 788 1902 857 τῷ
1987 779 2045 839 δὲ

389 873 500 929 αἰεὶ
568 878 681 948 (66)
738 873 1010 947 ξυνέπεται
1070 871 1219 945 δίκη,
1270 878 1377 929 τῶν
1432 872 1892 946 ἀπολειπομένων
1946 875 2045 929 τοῦ

386 962 532 1019 θείου
562 962 737 1037 νόμου
765 962 1032 1037 τιμωρός.
1064 964 1223 1039 Ὁρᾷς
1257 963 1406 1024 ὅπως
1438 962 1526 1019 καὶ
1558 961 1723 1025 αὐτὸς
1754 956 2041 1018 εὐλάϐειαν

386 1052 647 1129 προσάγει
677 1056 757 1124 τῷ
785 1052 916 1126 θείῳ
944 1054 1121 1126 νόμῳ.
1156 1054 1434 1130 Ἐπιφέρει
1489 1056 1642 1128 γοῦν
1693 1056 1796 1115 Ἦς
1856 1052 1884 1105 6
1945 1052 2040 1125 μὲν

386 1139 806 1215 εὐδαιμονήσειν
864 1139 1086 1214 μέλλων
1146 1140 1436 1216 ἐχόμενος,
1499 1141 1778 1211 ξυνέπεται
1850 1161 2039 1196 ταπει-

384 1232 480 1295 νὸς
507 1233 596 1288 καὶ
629 1230 1063 1305 κεκοσμημένος.
1099 1232 1229 1287 Εἶτα
1251 1231 1466 1294 τούτοις
1497 1231 1564 1286 τὰ
1606 1229 1882 1286 ἀκόλουθα
1913 1251 2039 1285 συν-

382 1322 547 1397 άψας,
577 1320 667 1376 καὶ
705 1325 786 1394 τῷ
816 1316 973 1400 φόϐῳ
1001 1323 1355 1392 νουθετήσας,
1386 1319 1649 1399 ἐπιφέρεισ
1685 1320 1781 1383 Τίς
1812 1318 1903 1376 οὖν
1936 1324 2042 1393 (67)

386 1409 454 1481 δὴ
512 1411 707 1486 πρᾶξις
765 1410 905 1489 φίλη
958 1412 1046 1466 καὶ
1107 1410 1411 1476 ἀκόλουθος
1462 1415 1619 1483 Θεῷ;
1683 1409 1896 1479 μίακαὶ
1953 1408 2044 1465 ἔνα

380 1500 556 1575 λόγον
590 1498 795 1576 ἔχουσα
852 1500 1106 1576 ἀρχαῖον·
1139 1499 1223 1556 ὅτι
1279 1501 1360 1571 τῷ
1394 1500 1489 1573 μὲν
1522 1500 1705 1573 ὁμοίῳ
1732 1499 1795 1554 τὸ
1822 1498 2041 1571 ὅμοιον,

384 1585 501 1644 ὄντι
537 1587 765 1663 μετρίῳ,
796 1587 959 1667 φίλον
987 1586 1047 1643 ἄν
1108 1587 1216 1660 εἴη’
1247 1589 1316 1643 τὰ
1373 1585 1430 1642 δὲ
1470 1585 1677 1663 ἄμετρα
1707 1583 1829 1642 οὔτε
1862 1585 2043 1657 ἀλλή-

385 1675 509 1740 λοις
539 1674 664 1732 οὕτε
690 1682 806 1740 τοῖς
840 1676 1137 1753 ἐμμέτροις
1185 1679 1320 1752 (68).
1364 1677 1471 1735 Τὸν
1506 1676 1596 1732 οὖν
1644 1680 1724 1749 τῷ
1781 1680 1895 1748 Θεῷ
1927 1678 2041 1750 (69)

385 1765 671 1844 προσφιλῆ
755 1766 1142 1841 γενησόμενον,
1229 1766 1306 1830 εἰς
1390 1765 1618 1839 δύναμιν
1678 1763 1761 1820 ὅτι
1804 1763 2042 1838 μάλιστα

385 1854 475 1911 καὶ
529 1854 690 1910 αὐτὸν
747 1859 994 1911 τοιοῦτον
1076 1854 1367 1930 ἀναγκαῖον
1419 1853 1682 1930 γίνεσθαι.
1751 1853 1849 1908 Καὶ
1906 1853 2043 1908 κατά

382 1947 576 2000 τοῦτον
635 1941 701 2015 δὴ
763 1944 853 1999 τὸν
932 1943 1099 2019 λόγον
1158 1945 1188 2000 6
1249 1945 1342 2017 μὲν
1399 1942 1631 2021 σώφρων
1690 1944 1851 2017 ἡμῶν
1925 1946 2040 2013 Θεῷ

386 2030 566 2108 φίλος⁶
601 2029 797 2109 ὅμοιος
829 2035 954 2109 γάρ·
994 2033 1024 2089 ’ὁ
1062 2054 1121 2089 τε
1177 2036 1289 2107 (70)
1350 2034 1427 2107 μὴ
1490 2034 1720 2110 σώφρων
1779 2030 2042 2105 ἀνόμοιός

380 2141 441 2177 τε
496 2121 587 2177 καὶ
673 2120 953 2201 διάφορος.
1043 2126 1214 2180 Τοῦτο
1262 2122 1494 2198 ἀρχαῖον
1554 2120 1688 2177 εἶναι
1748 2123 1925 2199 φήσας
1975 2121 2038 2175 τὸ

381 2208 580 2287 δόγμα,
613 2213 713 2282 τὴν
746 2210 807 2268 ἐκ
835 2216 931 2267 τοῦ
987 2210 1181 2287 Νόμου
1239 2211 1317 2276 εἷς
1369 2213 1533 2268 αὐτὸν
1588 2211 1827 2281 ἤκουσαν
1882 2208 2031 2266 διδα-

376 2300 600 2357 σκαλίαν
631 2301 876 2377 ᾐνίξατο.
923 2302 1032 2359 Κάν
1088 2306 1168 2373 τῷ
1228 2303 1509 2375 Θεαιτήτῳ
1558 2302 1625 2356 τὰ
1679 2301 1819 2357 κακά
1895 2299 2036 2379 ἀμφὶ

371 2390 471 2460 τήν
503 2392 706 2461 θνητὴν
737 2390 893 2469 φύσιν
924 2390 1014 2446 καὶ
1044 2388 1203 2447 τόνδε
1254 2392 1347 2446 τὸν
1403 2390 1571 2446 τόπον
1629 2387 1949 2467 περιπολεῖν
1984 2389 2034 2464 έξ

370 2480 614 2556 ἀνάγκης
678 2478 829 2549 δοὺς,
888 2479 1153 2558 ἐπιφέρει·
1211 2480 1327 2537 Διὸ.
1414 2482 1527 2555 (71)
1610 2479 1697 2535 καὶ
1748 2480 2034 2555 πειρᾶσθαι

371 2569 488 2644 χρὴ
573 2567 780 2625 ἐνθένδε
863 2569 1036 2625 ἐκεῖσε
1119 2569 1331 2646 φεύγειν
1390 2571 1474 2625 ’ὁτι
1530 2569 1786 2644 τάχιστα.
1869 2569 2029 2644 Φυγή

378 2654 437 2713 δὶ
494 2658 763 2731 ὁμοίωσις
819 2662 938 2731 Θεῷ
992 2659 1129 2714 κατά
1176 2658 1240 2713 τὸ
1325 2655 1573 2713 δυνατόν’
1657 2655 1923 2729 ὁμοίωσις
1977 2653 2035 2711 δὶ

377 2743 583 2801 δίκαιον
690 2746 780 2801 καὶ
867 2744 1016 2801 ὅσιον
1107 2748 1242 2819 μετά
1351 2748 1665 2820 φρονήσεως
1763 2742 2031 2819 γενέσθαι.

375 2833 730 2896 Σπεύσιππός
767 2855 847 2903 τε,
901 2835 930 2889 6
986 2833 1280 2896 Πλάτωνος
1367 2830 1698 2911 ἀδελφιδοῦς
1755 2835 1893 2904 (72),
1932 2833 2033 2903 τὴν

377 2918 726 2995 εὐδαιμονίαν
753 2921 918 3001 φησὶν
979 2920 1084 2995 ἕξιν
1141 2922 1271 2977 εἶναι
1328 2920 1540 2978 τελείαν
1614 2919 1668 2976 ἐν
1721 2925 1839 2983 τοῖς
1896 2923 2033 2977 κατά

378 3008 535 3087 φύσιν
568 3007 811 3085 ἔχουσιν·
840 3010 875 3081 ἢ
935 3004 1040 3080 ἕξιν
1125 3009 1372 3084 ἀγαθών·
1425 3010 1493 3079 ἧς
1542 3006 1609 3079 δὴ
1654 3011 2032 3087 καταστάσεως

377 3084 616 3163 ἀπαντας
682 3099 778 3172 μὶν
834 3099 1153 3173 ἀνθρώπους
1208 3094 1381 3173 ὄρεξιν
1439 3094 1607 3175 ἔχειν,
1667 3084 2027 3175 στοχάζέσθαι

373 3185 431 3244 δὶ
458 3188 587 3251 τοὺς
617 3186 851 3265 ἀγαθοὺς
875 3194 975 3258 τῆς
1002 3188 1329 3262 ἁοχλησίας’
1368 3188 1470 3243 εἶεν
1528 3186 1573 3243 δ’
1622 3185 1681 3244 ἄν
1737 3189 1793 3244 αἱ
1840 3189 2025 3264 ἀρεταὶ

369 3284 471 3347 τῆς
529 3274 877 3351 εὐδαιμονίας
936 3276 1339 3353 ἀπεργαστικαί.
1445 3278 1794 3353 Ξενοκράτης
1862 3298 1921 3334 τε
1995 3279 2023 3334 ὁ

367 3363 746 3437 Χαλκηδόνιος
775 3369 886 3441 (73)
914 3368 1013 3437 τήν
1074 3364 1421 3442 εὐδαιμονίαν
1479 3363 1780 3422 ἀποδίδωσι
1831 3374 2021 3438 κτῆσιν

364 3462 466 3525 τῆς
508 3454 709 3518 οἴκείας
740 3456 937 3530 ἀρετῆς
995 3455 1085 3511 καὶ
1141 3462 1243 3525 τῆς
1304 3456 1640 3533 ὑπηρετικῆς
1686 3455 1823 3530 αὐτῇ
1865 3452 2023 3511 δυνά-

370 3565 537 3618 μεως.
569 3545 702 3601 Εἶτα
731 3545 805 3607 ὡς
838 3546 934 3617 μὲν
967 3545 1021 3600 έν
1052 3546 1098 3618 ᾧ
1136 3544 1366 3620 γίνεται,
1414 3546 1659 3623 φαίνεται
1691 3542 1862 3619 λέγων
1920 3547 2021 3615 τήν

365 3635 573 3709 ψυχήν
606 3633 707 3702 ὡς,
731 3631 778 3689 δ’
810 3634 898 3712 ὑφ’
929 3635 1027 3702 ὧν,
1056 3635 1154 3699 τὰς
1182 3634 1395 3709 ἁρετάς”
1449 3636 1527 3696 ὡς
1584 3631 1633 3688 δ’
1691 3633 1742 3707 ἐξ
1802 3635 1899 3707 ὧν,
1948 3637 2024 3699 ὡς

370 3725 574 3797 μερῶν,
603 3723 699 3785 τὰς
723 3721 897 3785 καλὰς
922 3724 1161 3797 πράξεις,
1192 3724 1281 3778 καὶ
1310 3724 1405 3787 τὰς
1456 3720 1756 3785 σπουδαίας
1804 3718 1937 3798 ἕξεις
1965 3744 2022 3779 τε

363 3811 454 3867 καὶ
486 3808 771 3879 διαθέσεις,
800 3813 887 3867 καὶ
921 3813 1287 3882 κινήσεις,καὶ
1309 3812 1544 3888 σχέσεις·
1579 3814 1654 3876 ὡς
1682 3812 1889 3869 τούτων
1923 3813 2021 3869 οὐκ

363 3897 488 3956 ἂνευ
514 3902 582 3956 τὰ
611 3902 900 3974 σωματικὰ
927 3900 1018 3956 καὶ
1056 3902 1125 3956 τὰ
1155 3899 1329 3964 ἆκτός.
1386 3904 1446 3958 ’O
1499 3902 1601 3978 γὰρ
1640 3904 2017 3978 Ξενοκράτους

359 3990 642 4066 γνώριμος
676 3987 944 4063 Πολέμων
1004 3988 1249 4068 φαίνεται
1277 3990 1377 4059 τὴν
1422 3987 1765 4064 εὐδαιμονίαν
1821 3990 2014 4067 αὐτάρ-

358 4098 510 4133 κειαν
534 4079 668 4133 εἶναι
700 4076 1043 4155 βουλόμενος
1097 4080 1313 4155 ἀγαθῶν
1373 4082 1613 4151 πάντων,
1644 4080 1680 4150 ἢ
1711 4084 1820 4136 τῶν
1849 4078 2015 4136 πλεί-

360 4188 499 4221 στων
554 4168 647 4221 καὶ
709 4167 996 4243 μεγίστων.
1086 4168 1413 4241 Δογματίξει
1465 4173 1602 4243 ,γοῦν
1685 4170 1863 4245 χωρῖς
1922 4168 2017 4241 μὶν

359 4255 556 4329 ἀρετῆς
588 4251 867 4327 μηδέποτε
922 4252 982 4309 ἃν
1045 4252 1392 4329 εὐδαιμονίαν
1438 4256 1723 4331 ὑπάρχειν,
1773 4257 1906 4314 δίχα
1959 4256 2017 4316 δὲ

355 4342 447 4397 καὶ
504 4348 615 4396 τῶν
696 4346 1025 4415 σωματικῶν
1090 4343 1180 4398 καὶ
1237 4349 1344 4399 τῶν
1426 4344 1578 4407 ἐκτὸς
1660 4348 1760 4416 τὴν
1817 4348 2011 4423 ἀρετήν

355 4430 594 4507 αὐτάρκη
631 4432 767 4505 πρὸς
825 4429 1174 4505 εὐδαιμονίαν
1261 4435 1418 4491 εἶναι.
1472 4434 1576 4491 Καὶ
1636 4437 1702 4490 τὰ
1757 4436 1851 4508 μὲν
1907 4436 2014 4492 ὦδε

2158 521 2554 589 terpretatur:
2586 517 2772 573 Omnis
2802 516 2902 587 qui
2951 519 3186 586 seipsum
3218 516 3497 584 humiliat,
3539 518 3806 573 exaltabi-

2158 612 2252 660 tur
2279 606 2378 676 (a).
2408 605 2561 659 Dicit
2589 604 2788 675 itaque
2813 605 2875 659 in
2905 606 3137 675 Legibus
3166 621 3185 658 :
3216 606 3355 659 Deus
3395 606 3615 675 quidem
3646 614 3809 673 certe,

2154 701 2218 749 ut
2247 700 2395 749 vetus
2425 700 2502 749 est
2533 697 2735 757 oratio,
2790 696 3070 750 continens
3110 696 3457 765 principium
3488 701 3540 750 et
3574 696 3811 751 medium

2157 789 2206 839 et
2224 786 2386 853 ﬁnem
2425 785 2823 852 universorum,
2882 790 3034 838 recta
3072 785 3263 854 pergit
3319 784 3614 838 secundum
3642 792 3812 839 natu-

2154 888 2276 927 ram
2328 874 2671 927 circumiens.
2732 873 2870 927 Eum
2939 878 3120 926 autem
3197 888 3407 942 semper
3463 876 3812 942 consequitur

2145 960 2398 1031 justitia,
2429 961 2607 1016 ultria:
2627 977 2832 1028 eorum,
2867 962 2965 1031 qui
2993 979 3027 1016 a
3057 961 3173 1030 lege
3219 962 3411 1015 divina
3457 961 3805 1017 desciverint.

2154 1050 2354 1118 Vides,
2379 1048 2677 1122 quomodo
2710 1050 2837 1122 ipse
2864 1067 3103 1122 quoque
3131 1049 3248 1121 legi
3290 1050 3503 1105 divinae
3536 1050 3629 1122 adj
3643 1052 3808 1124 ungit

2154 1140 2513 1207 cautionem,
2566 1156 2671 1194 seu
2727 1140 3025 1194 timorem.
3087 1137 3403 1211 Subjungit
3425 1139 3626 1210 itaque
3660 1156 3673 1193 :
3708 1140 3809 1197 Cui

2153 1231 2253 1300 qui
2282 1230 2468 1284 beatus
2512 1228 2730 1300 quidem
2784 1234 2861 1285 est
2904 1231 3148 1298 futurus,
3209 1228 3510 1295 adhaerens,
3559 1227 3810 1299 sequitur

2154 1321 2379 1377 humilis
2435 1328 2486 1376 et
2533 1324 2879 1393 compositus.
2940 1320 3165 1376 Deinde
3222 1337 3357 1376 cum
3389 1321 3481 1375 his
3526 1337 3615 1389 ea,
3676 1339 3805 1392 quae

2154 1417 2295 1467 sunt
2323 1412 3271 1484 consequentia,conjunxisset,et
3301 1412 3512 1466 timore
3543 1411 3806 1467 adhibito

2153 1500 2584 1570 admonuisset,
2627 1501 2933 1574 subjungit
2967 1518 2979 1555 :
3023 1502 3282 1566 Quanam
3337 1505 3415 1556 est
3469 1516 3600 1570 ergo
3633 1504 3803 1571 actio,

2153 1607 2330 1662 quam
2361 1593 2466 1647 Deo
2491 1597 2699 1659 amata,
2752 1597 2805 1645 et
2861 1607 2981 1646 eum
3021 1592 3373 1660 consequitur
3401 1593 3429 1644 ?
3471 1591 3592 1645 Una
3640 1598 3803 1655 certe,

2149 1679 2423 1736 rationem
2460 1697 2629 1735 unam
2654 1682 2944 1750 antiquam
2967 1681 3166 1735 habens
3195 1686 3248 1733 et
3270 1681 3635 1749 praecipuam,
3657 1681 3806 1751 quod

2074 1804 2118 1869 Β
2146 1770 2337 1839 simili,
2396 1770 2543 1839 quod
2598 1769 2819 1839 quidem
2883 1775 2962 1823 est
3015 1769 3375 1835 moderatum,
3400 1769 3578 1822 simile
3630 1771 3805 1837 fuerit

2148 1861 2429 1922 amicum;
2455 1875 2575 1929 quae
2631 1863 2759 1913 sunt
2815 1864 2995 1911 autem
3044 1858 3420 1924 immoderata,
3479 1873 3655 1926 neque
3699 1858 3805 1912 sibi

2144 1951 2398 2014 invicem,
2431 1964 2608 2019 neque
2627 1948 2925 2003 moderatis
2952 1946 3015 2011 ›ι‹
3068 1949 3247 2002 amica
3298 1954 3443 2001 sunt.
3492 1948 3598 2011 Qui
3626 1949 3806 2016 igitur

2142 2040 2253 2094 Deo
2283 2041 2413 2094 talis
2437 2040 2644 2093 amicus
2670 2041 2793 2107 fore
2842 2038 3045 2103 studet,
3103 2052 3313 2092 necesse
3368 2042 3467 2102 est,
3518 2042 3582 2089 ut
3636 2053 3801 2107 quam

2142 2130 2381 2183 maxime
2407 2144 2511 2199 pro
2541 2128 2751 2183 viribus
2807 2128 3086 2197 efﬁciatur
3129 2125 3274 2180 talis.
3338 2127 3454 2180 Hac
3487 2125 3676 2196 itaque
3704 2142 3801 2180 ra-

2144 2219 2292 2272 tione
2309 2217 2559 2288 quisquis
2587 2222 2665 2272 est
2716 2222 3043 2286 temperans,
3102 2221 3179 2270 est
3232 2216 3339 2269 Deo
3396 2216 3602 2269 amicus
3640 2234 3662 2279 ;
3720 2203 3799 2269 est

2141 2307 2287 2361 enim
2326 2305 2522 2360 similis
2553 2321 2567 2372 ;
2599 2308 2993 2375 intemperatus
3043 2309 3247 2364 autem,
3288 2301 3570 2357 dissimilis
3627 2310 3679 2357 et
3710 2303 3799 2357 di—

2141 2411 2341 2451 versus.
2387 2395 2506 2449 Hoc
2548 2398 2748 2448 autem
2802 2398 2967 2447 vetus
3026 2391 3330 2445 decretum
3375 2406 3506 2445 esse
3565 2390 3791 2457 dicens,

2141 2499 2453 2554 eam,quae
2483 2481 2674 2554 alege
2724 2480 2799 2535 ad
2855 2481 3053 2552 ipsum
3112 2479 3401 2550 pervenit,
3456 2477 3790 2535 doctrinam

2140 2571 2316 2626 tacite
2348 2569 2718 2642 significavit.
2744 2570 2815 2623 Et
2846 2568 2905 2622 in
2937 2568 3201 2623 Theaeteto
3231 2586 3253 2632 ;
3284 2583 3416 2622 cum
3449 2567 3608 2622 mala
3639 2567 3795 2623 circa

2138 2659 2452 2715 mortalem
2484 2662 2758 2713 naturam
2782 2658 3009 2712 ethunc
3038 2656 3235 2712 locum
3251 2656 3588 2712 necessario
3601 2658 3793 2730 vagari

2140 2748 2554 2815 concessisset,
2580 2746 2888 2820 subjungit
2922 2763 2934 2800 :
2968 2749 3148 2813 Quare
3177 2751 3392 2817 oportet
3424 2752 3634 2800 tentare
3664 2746 3792 2802 hinc

2137 2835 2271 2891 illuc
2298 2840 2490 2906 fugere
2541 2853 2708 2907 quam
2737 2836 3035 2892 celerrime.
3086 2837 3243 2906 Fuga
3293 2841 3475 2890 autem
3506 2841 3601 2903 est,
3661 2837 3793 2903 Deo,

2136 2927 2324 2997 quoad
2363 2928 2487 2997 ﬁeri
2536 2932 2735 2997 potest,
2788 2927 3166 2989 assimilatio;
3218 2924 3544 2981 assimilatio
3584 2930 3791 2993 autem,

2127 3016 2343 3087 justum
2364 3022 2415 3071 et
2437 3022 2687 3072 sanctum
2714 3018 2837 3085 ﬁeri
2866 3033 2987 3072 cum
3021 3015 3348 3087 prudentia.
3392 3016 3462 3070 Et
3515 3013 3792 3087 Speusip-

2138 3121 2272 3176 pus,
2306 3105 2570 3161 Platonis
2601 3121 2670 3160 ex
2702 3122 2902 3160 sorore
2935 3105 3113 3169 ﬁlius,
3175 3104 3318 3159 dicit
3363 3103 3796 3160 beatitudinem

2140 3211 2269 3251 esse
2300 3195 2627 3268 perfectum
2659 3194 2927 3252 habitum
2952 3195 3012 3249 in
3054 3195 3147 3261 iis,
3192 3194 3293 3265 qui
3328 3210 3390 3249 se
3445 3193 3670 3249 habent
3700 3210 3792 3249 se-

2136 3283 2398 3340 cundum
2430 3290 2744 3340 naturam:
2777 3288 2879 3339 aut
2920 3281 3187 3338 habitum
3234 3283 3527 3337 bonorum
3563 3299 3575 3336 :
3609 3299 3787 3353 quam

2132 3373 2618 3429 constitutionem
2651 3389 2860 3428 omnes
2885 3371 3128 3443 quidem
3159 3371 3437 3427 homines
3468 3377 3782 3442 appetere;

2135 3463 2293 3519 solos
2324 3468 2521 3519 autem
2551 3462 2739 3518 bonos
2761 3461 3047 3533 consequi
3079 3458 3370 3515 molestiae
3400 3460 3785 3515 vacuitatem:

2135 3557 2194 3607 et
2220 3552 2379 3624 quod
2407 3552 2653 3606 virtutes
2682 3551 3029 3606 felicitatem
3084 3548 3367 3604 efficiant.
3422 3549 3786 3603 Xenocrates

2131 3657 2267 3696 vero
2298 3640 2801 3697 Chalcedonensis
2832 3639 3043 3694 definit
3072 3636 3525 3701 beatitudinem,
3560 3653 3783 3692 conve-

2131 3730 2355 3786 nientis
2386 3730 2618 3785 virtutis
2634 3728 3166 3801 possessionem,et
3186 3727 3336 3799 ejus,
3369 3743 3501 3798 quas
3524 3726 3577 3781 ei
3601 3726 3787 3781 inser-

2127 3818 2575 3887 vit,facultatis;
2607 3816 2843 3885 deinde,
2872 3821 2938 3871 ut
2967 3816 3026 3871 in
3059 3834 3175 3889 quo
3208 3814 3450 3886 quidem
3483 3815 3578 3881 sit,
3603 3831 3787 3887 appa-

2128 3912 2222 3963 ret
2252 3906 2448 3962 dicere
2479 3907 2740 3962 animam
2767 3923 2782 3971 ;
2813 3911 2880 3960 ut
2913 3911 3112 3961 autem
3161 3922 3194 3961 a
3225 3904 3461 3977 quibus,
3494 3905 3739 3959 virtutes
3769 3920 3783 3969 ;

2126 4002 2195 4052 ut
2224 4013 2295 4052 ex
2319 3996 2534 4068 quibus
2567 4003 2850 4067 tanquam
2881 3993 3171 4067 partibus,
3202 3993 3390 4049 bonas
3420 3993 3707 4053 actiones,
3726 3997 3785 4047 et

2128 4085 2411 4142 honestos
2442 4085 2705 4149 habitus,
2734 4090 2794 4139 et
2822 4084 3190 4148 aﬂ‘ectiones,
3219 4087 3278 4138 et
3307 4086 3591 4149 motus,et
3613 4080 3786 4136 habi-

2126 4174 2362 4230 tudines
2381 4179 2616 4247 ;utpote
2647 4173 2803 4246 quod
2825 4190 2944 4228 non
2975 4173 3107 4228 sine
3128 4172 3221 4227 his
3252 4171 3373 4226 sint
3403 4186 3629 4243 ea,quaa
3646 4174 3787 4225 sunt

2125 4264 2393 4335 corporis
2426 4270 2486 4319 et
2515 4269 2779 4319 externa.
2832 4261 3187 4317 Xenocratis
3244 4260 3405 4315 enim
3456 4258 3785 4330 discipulus

2123 4352 2387 4420 Polemo,
2418 4353 2650 4407 videtur
2677 4351 2827 4406 velle
2859 4350 3297 4406 beatitudinem
3323 4365 3451 4403 esse
3483 4348 3785 4404 sufﬁcien'

2126 4441 2270 4496 tiam
2301 4443 2568 4497 omnium
2598 4441 2914 4507 bonorum,
2938 4441 3027 4496 vel
3063 4439 3463 4512 plurimorum
3496 4443 3556 4491 et
3584 4436 3782 4492 maxi-

359 4519 555 4595 έχέτω·
617 4521 671 4575 αἱ
733 4518 791 4576 δὲ
844 4520 1188 4597 ἀντιρῥήσεις
1245 4524 1301 4578 αἱ
1374 4526 1510 4598 πρὸς
1565 4525 1662 4586 τὰς
1721 4524 2015 4601 εἰρημένας

2142 4547 2379 4586 norum.
2412 4530 2688 4586 Decernit
2716 4532 2940 4601 itaque.
2972 4530 3100 4585 siue
3131 4529 3345 4583 virtute
3376 4527 3617 4599 quidem
3661 4543 3783 4582 non

359 4607 518 4679 δύξας
568 4610 705 4664 κατά
744 4610 931 4685 καιρὸν
988 4611 1331 4681 τεθήσονται·
1392 4615 1528 4686 ἡμῖν
1586 4611 1643 4668 δὲ
1699 4613 1882 4676 αὐτοῖς
1934 4615 2009 4678 εἷς

354 4696 519 4761 τελος
545 4695 903 4769 ἀτελεύτητον
964 4700 1245 4769 άφικεσθαι
1302 4700 1610 4774 πρόκειται,
1663 4705 2012 4777 πειθομενοις

353 4790 476 4850 ταῖς
530 4784 804 4859 ἐντολαῖς,
863 4806 1108 4842 τουτεστι
1177 4793 1258 4861 τῷ
1324 4793 1459 4863 Θεῷ,
1518 4812 1609 4846 και
1666 4792 1783 4846 κατ’
1844 4792 2009 4855 αὐτὰς

2121 4617 2383 4674 futuram
2400 4635 2664 4690 unquam
2678 4618 3140 4684 beatitudinem;
3158 4617 3383 4687 absque
3401 4616 3573 4671 bonis
3585 4619 3782 4671 autem

2122 4707 2388 4779 corporis
2412 4712 2470 4762 et
2492 4707 2776 4775 externis,
2792 4710 3070 4762 virtutem
3104 4723 3233 4761 esse
3265 4705 3664 4761 sufﬁcientem
3707 4704 3780 4760 ad

2121 4794 2573 4852 beatitudinem.
2598 4799 2668 4852 Et
2695 4797 2822 4852 haec
2853 4795 3098 4867 quidem
3120 4794 3204 4850 sic
3236 4793 3512 4850 habeant.
3546 4795 3685 4859 Quas
3711 4808 3787 4849 au

418 4970 483 5035 ›ι‹
510 4963 574 5017 Ρ.
606 4963 712 5016 500
742 4961 853 5016 ΕΙ).
886 4961 1181 5032 POTTER,
1211 4965 1453 5020 418-419
1485 4966 1601 5021 ED.
1623 4966 1853 5023 PARIS.
1887 4966 1966 5039 (a)
1989 4968 2028 5023 L

2164 4984 2277 5037 xxv,
2312 4970 2397 5023 11.

421 5132 531 5199 (66)
551 5132 642 5203 Τῷ
672 5126 886 5203 δὶ-αίεί.
930 5131 1234 5203 Ριᾶῐο,Ἱ“ᾣ
1262 5130 1309 5186 δ’
1338 5134 1468 5190 αῗεί.

420 5206 533 5273 (67)
566 5200 665 5261 Τίς
697 5200 812 5256 οὖν.
849 5203 983 5257 Haac
1014 5200 1251 5259 exstant
1296 5206 1358 5261 in
1390 5207 1542 5264 libro
1573 5208 1839 5265 Platonis
1880 5209 2009 5281 jam

350 5276 527 5331 dicto.
562 5291 621 5331 ι).
655 5275 778 5329 832.

391 5292 527 5341 leto,
562 5292 621 5341 p.
655 5292 778 5329 6oz.

416 5291 919 5422 ῗξίὲὂΡέιῗιῗέὲρρις.
948 5344 1167 5415 Adjicit
1216 5349 1430 5422 Plato:
1504 5349 1567 5422 ῗο
1598 5346 1657 5404 δὲ
1709 5349 1839 5413 Θεὸς
1867 5352 2003 5422 ἡμῖν

350 5415 598 5491 ἀπᾴντων
627 5415 957 5491 χρημάτων.
982 5436 1181 5488 μετρον
1214 5416 1272 5491 ἂν
1324 5416 1405 5490 εἶή
1445 5418 1705 5491 μάλιστα,
1737 5422 1823 5476 καὶ
1859 5415 2004 5476 πολὺ

359 5485 572 5567 μᾶλλον
605 5484 762 5557 ἦπου
788 5484 895 5567 τῖς,
919 5484 995 5548 ὥς
1018 5484 1199 5567 φασιν,
1224 5484 1528 5565 ἄνθρωπος.
1563 5484 1704 5550 Deus
1759 5498 2006 5567 profecto

349 5559 504 5637 nobis
531 5577 716 5615 rerum
746 5561 986 5637 omnium
1030 5559 1274 5637 maxime
1319 5559 1391 5620 sit
1422 5582 1691 5633 mensura,
1725 5559 2006 5637 multoque

352 5633 543 5697 magis,
612 5649 738 5687 uam
770 5633 971 5700 quivis,
995 5638 1055 5687 ut
1082 5636 1290 5701 ferunt,
1323 5637 1503 5693 homo.

422 5700 534 5758 (69)
563 5648 661 5758 '36»
690 5705 829 5758 Θεῶ.
862 5702 1050 5758 Plato.
1088 5707 1167 5758 τῶ
1196 5707 1455 5758 τοιούτω.

422 5700 534 5772 (69)
563 5700 661 5774 Τῷ
690 5705 829 5773 Θεῷ.
862 5702 1050 5774 Plato,
1084 5700 1167 5775 τῷ
1196 5707 1455 5776 τοιούτῳ.

2191 5138 2508 5265 (Ἳὲἐιὲῗςτε.
2542 5139 2730 5211 Plato,
2792 5139 2821 5193 6
2873 5134 2952 5194 δέ.
2983 5138 3211 5195 Ibidem
3240 5155 3398 5206 mox,
3433 5133 3692 5213 διάφορός
3715 5154 3777 5192 τε

2117 5228 2209 5262 και
2240 5228 2303 5265 αο
2314 5229 2449 5270 ικος.

2191 5283 2300 5353 (71)
2335 5280 2446 5337 Διό.
2485 5283 2619 5338 Haec
2643 5287 2878 5338 exstant
2907 5282 3165 5338 Theaeteti
3194 5300 3249 5353 p.
3314 5284 3434 5353 l29.
3478 5276 3776 5353 §uperius

2119 5348 2597 5426 ea'recitavimus
2627 5353 2699 5409 ad
2732 5354 3053 5426 Clementis
3074 5371 3147 5426 (ρ.
3176 5348 3278 5408 £03
3304 5351 3441 5426 edit.
3478 5348 3663 5426 Paris:

2188 5425 2303 5501 (72)
2329 5420 2714 5501 Ἀδελφιδωδς.
2749 5427 2967 5498 Nempe
3008 5414 3123 5501 υξὸῖς
3148 5429 3250 5501 τῇς
3312 5417 3553 5501 ἀδελφῆς
3607 5414 3771 5501 αὐτού

2116 5488 2400 5568 ῌοέώνης,
2432 5488 2579 5568 ﬁlius
2611 5498 2842 5553 Potones
2886 5488 3092 5568 sororis
3148 5493 3428 5568 Platonis,
3459 5488 3554 5543 ἰιι
3581 5488 3768 5542 refert

2115 5565 2343 5626 Suidas.
2370 5565 2440 5644 et;
2459 5569 2722 5644 Laertius
2749 5569 2809 5644 in
2843 5567 3135 5644 principio
3158 5565 3258 5620 lib.
3284 5579 3357 5644 ιν..

2187 5644 2299 5712 (73)
2332 5638 2736 5709 Χαλκηδόνιος.
2771 5630 3096 5712 Co'nf._que_a
3157 5634 3430 5712 superius
3486 5630 3773 5687 adnotata

2116 5706 2257 5767 sunt
2279 5706 2352 5769 ad
2388 5706 2660 5783 Protrept.
2695 5729 2752 5782 p.
2784 5712 2853 5764 44
2885 5706 3026 5764 edit.
3059 5706 3246 5762 Paris.
