4034 6148
268 298 410 361 1083

1500 317 1912 372 CLEMENTIB
1945 311 2447 372 ALBXANDBINI

3537 309 3678 367 1084

265 437 386 490 tem
416 439 556 490 sunt
583 434 660 491 ad
686 434 1044 491 refellendas
1067 452 1186 506 eas,
1211 455 1342 509 quas
1365 439 1493 511 jam
1549 438 1723 495 dictae
1750 457 1861 495 sun
1873 444 1905 510 ι,

2036 434 2294 513 βιώσασιν
2324 433 2711 505 ἀνεπιλήπτως
2732 434 2823 490 καὶ
2858 432 3273 506 ἐπιστημόνως,
3307 429 3398 488 διὰ
3453 438 3553 501 τῆς
3583 429 3685 488 τοῦ

267 525 594 580 sententias
624 524 1263 592 necessaria,dicentur
1284 544 1389 582 suo
1422 531 1706 599 tempore.
1739 528 1915 583 Nobis

266 616 464 671 autem
490 621 577 670 est
598 608 967 687 propositum
1002 613 1309 689 pervenire
1351 618 1423 673 ad
1458 618 1639 673 ﬁnem
1672 619 1916 674 minime

265 702 616 765 ﬁniendum,
648 705 950 772 mandata,
978 706 1089 760 hoc
1119 711 1210 761 est
1266 707 1471 775 Deum,
1506 703 1913 779 sequentibus,

263 795 324 846 et
352 790 679 847 secundum
711 808 800 861 ea,
861 794 988 849 sine
1041 796 1507 868 reprehensione
1548 802 1607 852 et
1635 799 1912 865 scienter,

260 896 370 950 per
425 878 640 936 divina
695 881 1015 939 voluntatis
1084 885 1483 958 cognitionem
1563 887 1910 943 viventibus.

262 969 455 1024 Recta
487 975 686 1025 autem
717 972 933 1027 rationi
966 990 1071 1028 seu
1102 975 1273 1047 Logo,
1303 975 1496 1046 quoad
1519 976 1648 1031 ﬁeri
1697 982 1909 1048 potest,

259 1057 636 1127 assimilatio,
668 1066 728 1115 et
752 1061 911 1128 finis,
953 1068 1012 1118 et
1040 1062 1100 1117 in
1151 1064 1391 1120 ﬁnalem
1450 1082 1554 1121 seu
1586 1066 1908 1137 perfectam

258 1146 639 1219 adoptionem
670 1164 777 1222 per
806 1150 1022 1206 Filium
1062 1169 1171 1208 nos
1216 1155 1495 1221 restituit,
1553 1157 1911 1226 Patremque

261 1252 499 1307 semper
519 1237 812 1309 glorificat
831 1256 938 1312 per
967 1257 1246 1314 magnum
1278 1244 1643 1314 pontificem,
1676 1244 1777 1314 qui
1799 1261 1908 1299 nos

258 1321 472 1379 fratres
527 1331 585 1380 et
624 1320 962 1383 cohaeredes
1011 1324 1286 1403 dignatus
1343 1336 1433 1387 est
1489 1332 1808 1404 appellare.
1840 1334 1910 1387 Et

256 1412 578 1485 Apostolus
608 1416 850 1487 quidem
898 1417 1155 1475 breviter
1206 1420 1389 1476 tinem
1445 1420 1789 1477 describens
1844 1421 1906 1477 in

258 1500 525 1572 Epistola
553 1502 628 1557 ad
658 1505 978 1572 Romanos,
1031 1506 1176 1562 dicit
1209 1524 1221 1561 :
1280 1510 1434 1563 Nunc
1472 1525 1599 1564 vero
1632 1509 1851 1565 liberati
1870 1527 1905 1566 a

248 1591 511 1659 peccatis,
573 1592 683 1646 Deo
758 1599 940 1650 autem
1003 1598 1313 1663 servientes,
1395 1597 1607 1653 habetis
1660 1601 1903 1666 fructum

252 1684 492 1733 vestrum
539 1682 600 1734 in
654 1685 1194 1751 sanctiﬁcationem;
1247 1689 1409 1756 ﬁnem
1478 1693 1680 1755 autem,
1730 1690 1900 1742 vitam

2029 525 2176 591 θείου
2256 523 2570 596 θελήματος
2640 524 2907 600 γνώσεως·
2966 523 3001 592 ἦ
3060 542 3120 578 τε
3176 523 3314 598 πρὸς
3368 523 3460 578 τὸν
3520 521 3681 597 ὀρθὸν

2030 613 2194 689 λόγον
2228 615 2303 676 ὡς
2334 613 2450 669 οἷόν
2476 634 2535 668 τε
2557 612 2884 686 ἐξομοίωσις
2910 611 3073 674 τέλος
3102 610 3236 683 ἐστὶ,
3296 611 3390 666 καὶ
3447 610 3526 674 εἰς
3578 612 3682 679 τὴν

2023 703 2235 759 τελείαν
2266 701 2534 766 υἱοθεσίαν
2587 699 2675 756 διὰ
2729 706 2827 756 τοῦ
2885 701 3014 756 Υἱοῦ
3070 700 3529 762 ἀποκατάστασις,
3590 696 3682 754 δο-

2024 792 2254 863 ξάζουσα
2283 790 2366 847 ἀεὶ
2386 793 2479 846 τὸν
2511 793 2724 863 Πατέρα
2772 788 2863 846 διὰ
2912 795 3010 845 τοῦ
3062 788 3307 865 μεγάλου
3350 787 3682 865 ἀρχιερέως,

2020 885 2116 935 τοῦ
2144 879 2414 959 ἀδελφοὺς
2470 881 2558 936 καὶ
2620 877 3112 955 συγκληρονόμους
3173 882 3286 952 (74)
3313 877 3681 949 καταξιώσαν-

2018 991 2112 1033 τος
2141 972 2291 1044 ἡμᾶς
2314 968 2506 1027 εἰπεῖν.
2539 970 2643 1026 Καὶ
2673 971 2701 1024 ὁ
2736 969 2830 1043 μὶν
2889 965 3249 1034 Ἀπόστολος,
3300 965 3585 1039 συντόμως
3614 965 3682 1020 τὸ

2018 1058 2179 1122 τέλος
2211 1058 2263 1114 ἐν
2303 1063 2372 1132 τῇ
2430 1059 2568 1131 πρὸς
2619 1058 2929 1131 Ῥωμαίους
2981 1054 3284 1129 Ἐπιστολῇ
3344 1053 3681 1133 διαγράφων,

2019 1147 2187 1226 λέγει’
2246 1150 2376 1204 Νυνῖ
2426 1147 2507 1216 δὲ,
2565 1146 3022 1221 ἐλευθερωθέντες
3077 1148 3185 1202 ἀπὸ
3242 1154 3342 1216 τῆς
3391 1145 3679 1219 ἁμαρτίας,

2018 1237 2380 1301 δουλωθέντες
2433 1236 2491 1294 δὲ
2547 1242 2627 1309 τῷ
2700 1236 2839 1310 Θεῷ,
2899 1232 3054 1312 ἔχετε
3104 1236 3197 1292 τὸν
3256 1236 3464 1311 καρπὸν
3524 1236 3678 1308 ὑμῶν

2017 1326 2095 1393 εἷς
2149 1328 2434 1404 ἁγιασμόψ
2493 1328 2558 1382 τὸ
2618 1325 2676 1382 δὲ
2754 1325 2915 1388 τέλος
2974 1326 3120 1395 ζωήν
3179 1323 3426 1383 αἲώνιον.
3486 1326 3683 1391 Διττὴν

2017 1413 2074 1472 δὲ
2106 1413 2265 1479 εῗδὼς
2295 1417 2393 1485 τήν
2426 1413 2641 1482 ἐλπίδα,
2671 1417 2772 1484 τήν
2812 1414 2906 1488 μὲν
2940 1412 3432 1490 προσδοκωμένην,
3472 1414 3574 1482 τήν
3620 1409 3680 1467 δὲ

2014 1503 2439 1579 ἀπειλημμένην
2498 1509 2635 1580 (75),
2695 1501 2804 1575 ἤδη
2865 1501 3023 1565 τέλος
3112 1500 3354 1558 διδάσκει
3401 1502 3502 1571 τὴν
3577 1508 3677 1570 τῆς

2011 1592 2237 1656 ἐλπίδος
2321 1593 2773 1651 ἀποκατάστασιν.
2829 1594 2892 1649 Ἠ
2993 1594 3096 1669 γὰρ
3183 1592 3460 1665 ὑπομονὴ,
3511 1590 3670 1669 φησὶ,

2011 1681 2271 1758 δοκιμήν
2356 1686 2391 1753 ἡ
2446 1681 2503 1739 δὲ
2580 1680 2811 1757 δοκιμὴ,
2871 1679 3091 1738 ἐλπίδα·
3146 1684 3182 1752 ἡ
3260 1679 3319 1736 δὶ
3390 1678 3549 1743 ἐλπὶς
3605 1679 3668 1736 ού

251 1772 513 1822 aeternam
534 1769 631 1839 (α).
656 1770 802 1825 Cum
824 1777 1023 1826 autem
1047 1789 1211 1843 spem
1227 1774 1559 1838 novissetvxs
1575 1776 1896 1847 duplicem,

2017 1773 2379 1848 καταισχύνει·
2469 1774 2552 1827 δτι
2628 1774 2663 1841 ἡ
2725 1771 2909 1848 ἀγάπη
2987 1775 3085 1826 τοῦ
3167 1775 3301 1827 Θεοῦ
3378 1770 3674 1846 ἐκκέχυται

249 1866 433 1910 unam
459 1856 859 1928 quidemquae
892 1864 1285 1931 exspectatur,
1309 1861 1556 1919 alteram
1588 1881 1743 1931 vero,
1769 1882 1900 1936 quas

250 1942 431 1998 minis
472 1943 822 2013 intenditur,
885 1947 1065 2001 ﬁnem
1113 1948 1308 2004 adhuc
1361 1966 1490 2005 esse
1548 1951 1721 2007 docet
1776 1955 1900 2024 spei

251 2030 710 2089 restitutionem.
739 2037 1022 2090 Patientia
1043 2037 1223 2101 enim,
1255 2038 1470 2109 inquit,
1491 2041 1901 2109 probationem;

243 2119 505 2191 probatio
542 2137 667 2177 vero
686 2138 835 2194 spem
856 2141 874 2178 :
901 2140 1021 2195 spes
1050 2132 1231 2181 autem
1258 2143 1370 2181 non
1418 2131 1731 2197 confundit,
1762 2146 1901 2200 quo-

251 2210 402 2264 niam
430 2210 668 2266 charitas
698 2214 798 2267 Dei
827 2213 1034 2283 cii/fusa
1071 2221 1147 2270 est
1188 2217 1245 2270 in
1294 2216 1547 2272 cordibus
1575 2221 1775 2274 nostris
1795 2237 1901 2290 per

246 2298 518 2368 Spiritum
553 2307 822 2370 sanctum,
856 2306 955 2373 qui
1000 2304 1162 2360 datus
1216 2311 1295 2360 est
1340 2306 1495 2361 nobis
1523 2306 1620 2378 (b).
1654 2309 1903 2380 Propter

249 2404 429 2458 quam
449 2389 801 2447 charitatem
829 2397 918 2447 est
947 2393 1200 2448 etiamin
1216 2410 1382 2466 spem
1411 2396 1900 2468 restitutio,quam

248 2476 496 2548 requiem
525 2477 669 2535 dicit
698 2480 840 2535 alibi
885 2481 1059 2537 nobis
1112 2499 1241 2538 esse
1299 2484 1639 2555 repositam.
1673 2484 1902 2542 Similia

250 2569 429 2624 etiam
459 2567 724 2626 invenias
753 2571 911 2643 apud
940 2572 1325 2634 Ezechielem,
1359 2590 1490 2644 quas
1521 2573 1605 2629 sic
1634 2573 1859 2631 habent
1885 2591 1899 2629 :

249 2659 456 2713 Anima
494 2676 728 2730 peccans
800 2662 922 2733 ipsa
977 2663 1259 2717 morietur.
1307 2660 1374 2717 Et
1430 2664 1537 2731 vir,
1578 2666 1677 2733 qui
1730 2667 1903 2734 fuerit

240 2747 444 2818 justus,
478 2755 530 2802 et
565 2751 761 2818 fecerit
782 2748 1091 2820 judicium,
1142 2758 1195 2805 et
1215 2751 1525 2822 justitiam,
1554 2769 1725 2824 supra
1744 2769 1904 2808 mon-

250 2843 327 2892 tes
345 2853 457 2892 non
487 2837 742 2905 comedit,
774 2845 825 2892 et
853 2854 978 2894 suos
1022 2839 1205 2895 oculos
1234 2856 1345 2896 non
1396 2842 1617 2896 sustulit
1650 2843 1724 2897 ad
1752 2842 1904 2897 idola

247 2925 438 2979 domus
466 2926 657 2991 Israel,
690 2933 744 2980 et
770 2942 997 2981 uxorem
1021 2931 1273 2997 proximi
1299 2931 1387 2983 sui
1427 2946 1538 2984 non
1563 2930 1788 3001 polluit,
1852 2938 1904 2986 et

246 3014 320 3069 ad
346 3029 576 3069 uxorem
603 3016 663 3069 in
694 3020 932 3085 tempore
960 3016 1337 3073 immunditiei
1362 3034 1471 3074 sum
1516 3036 1628 3075 non
1683 3023 1905 3076 accessit

247 3105 389 3174 (non
416 3102 540 3157 vult
567 3102 727 3158 enim
759 3120 964 3159 semen
986 3105 1248 3162 hominis
1271 3107 1488 3178 probro
1521 3125 1588 3164 ac
1608 3109 1899 3180 vituperio

2011 1860 2062 1916 ἐν
2109 1867 2228 1923 ταῖς
2284 1858 2535 1937 καρδίαις
2595 1864 2756 1935 ἡμῶν
2812 1858 2903 1916 διὰ
2968 1858 3282 1932 Πνεύματος
3359 1859 3516 1935 ἁγίου
3570 1863 3670 1914 τοῦ

2010 1947 2265 2013 δοθέντος
2299 1952 2471 2022 ﬂuiv.‘
2497 1951 2576 2005 Δι’
2634 1951 2702 2019 ἢν
2747 1950 2966 2025 ἀγάπην
3023 1947 3116 2005 καί
3180 1949 3257 2011 εἰς
3310 1949 3410 2018 τήν
3471 1946 3671 2003 ἐλπίδα

2009 2040 2461 2109 ἀποκατάστασις,
2521 2039 2589 2111 ἤν
2637 2041 2937 2096 ἀνάπαυσιν
3024 2044 3135 2115 (76)
3208 2040 3465 2117 ἀλλαχοῦ
3523 2039 3670 2114 λέγει

2007 2128 2324 2183 ἀποκεῖσθαι
2356 2132 2516 2202 ἡμῖν.
2569 2130 2646 2184 ra
2702 2129 2872 2202 ὅμοια
2928 2129 3019 2184 καὶ
3076 2130 3222 2205 παρά
3267 2134 3348 2201 τῷ
3402 2126 3667 2198 Ἰεζεκιὴλ

2008 2216 2185 2291 εὕροις
2244 2215 2327 2285 ἄν,
2389 2216 2561 2279 οὕτως
2614 2216 2836 2292 ἔχοντα’
2890 2218 2955 2275 Ἣ
3028 2219 3183 2293 ψυχὴ
3252 2221 3363 2291 (77)
3421 2217 3667 2291 ἁμαρτά-

2007 2326 2189 2373 νουσα,
2244 2305 2381 2374 αύτή
2441 2306 2811 2369 ἀποθανεῖται·
2874 2307 2965 2360 καί
3024 2307 3186 2382 ἀνὴρ,
3238 2305 3297 2367 ὅς
3385 2302 3446 2361 ἄν
3507 2303 3667 2381 γένη-

2005 2416 2091 2450 ται
2142 2391 2373 2463 δίκαιος,
2427 2395 2517 2450 καὶ
2568 2397 2775 2468 ποιήσῃ
2857 2400 3032 2468 κρῖμα
3114 2394 3206 2449 καὶ
3292 2391 3669 2464 δικαιοσύνην,

2007 2481 2096 2537 ἐπὶ
2176 2481 2244 2537 τὰ
2298 2476 2398 2555 ὅρη
2487 2479 2586 2536 οὐκ
2660 2480 2874 2558 ἔφαγεν,
2949 2481 3040 2536 καὶ
3126 2479 3262 2543 τοὺς
3345 2478 3672 2558 ὀφθαλμοὺς

2009 2571 2182 2626 αὐτοῦ
2214 2570 2314 2626 οὐκ
2341 2571 2470 2639 ¹ἦρεν
2520 2569 2608 2626 ἐπὶ
2662 2569 2730 2625 τὰ
2785 2567 2991 2625 εἴδωλα
3048 2566 3207 2624 οἷ’κου
3268 2566 3515 2643 Ἰσραὴλ,
3572 2569 3670 2623 καὶ

2006 2660 2108 2729 τήν
2165 2664 2393 2736 γυναῖκα
2471 2663 2567 2714 τοῦ
2622 2656 2860 2730 πλησίον
2935 2658 3035 2713 οὐκ
3092 2656 3337 2732 ἐμίανεν,
3389 2659 3481 2713 καὶ
3530 2658 3673 2733 πρὸς

2008 2752 2239 2824 γυναῖκα
2295 2745 2347 2802 ἐν
2418 2751 2596 2819 καιρῷ
2680 2745 3009 2821 ἀκαθαρσίας
3107 2744 3275 2816 αὐτῆς
3357 2745 3421 2801 ού
3502 2765 3679 2819 προσ-

2011 2835 2182 2904 ῆλθεν
2241 2835 2328 2910 (οὐ
2379 2837 2484 2911 γὰρ
2545 2830 2871 2913 ἐφύϐριστον
2929 2835 3030 2904 τήν
3117 2835 3410 2911 ἀνθρώπου
3467 2836 3674 2912 σπορὰν

2012 2925 2143 2980 εἶναι
2216 2924 2517 3000 βούλεται).
2595 2925 2685 2979 καὶ
2780 2921 2969 2999 ἂνδρα,
3051 2924 3208 3002 φησὶ,
3271 2926 3348 2998 μὴ
3422 2924 3669 2999 κακώσῃ·

2012 3012 2362 3090 ἐνεχύρασμα
2460 3012 2781 3091 ὀφείλοντος
2863 3010 3137 3069 ἀποδώσει
3171 3033 3185 3047 ⁸
3280 3015 3539 3090 ἅρπαγμα
3610 3015 3675 3069 οὐ

2016 3104 2094 3177 μή
2128 3103 2367 3179 ἂρπάσῃ’
2426 3103 2519 3158 τὸν
2569 3100 2729 3176 ἄρτον
2790 3103 2958 3158 αὐτοῦ
3005 3107 3261 3158 πεινῶντι
3317 3100 3481 3159 δώσει
3538 3106 3671 3177 (78)·

248 3173 448 3264 affici),
481 3198 533 3246 et
563 3194 762 3256 virum,
798 3193 1017 3264 inquit,
1048 3211 1157 3250 non
1214 3173 1355 3274 male
1408 3200 1638 3268 afﬁciet,
1691 3173 1899 3269 pignus

2017 3173 2101 3247 καὶ
2165 3173 2522 3265 ’πλεονασμὸν
2606 3173 2680 3247 ὀὐ
2759 3188 3019 3266 λήψεται·
3109 3192 3161 3263 ἐξ
3245 3189 3462 3254 ἀδικίας
3536 3173 3677 3247 ἀπο-

247 3280 507 3336 debitoris
553 3282 762 3351 reddet,
811 3290 1036 3353 raptum
1089 3300 1200 3338 non
1247 3287 1450 3355 rapiet,
1491 3302 1697 3355 panem
1742 3303 1899 3341 suum

246 3368 402 3423 dabit
430 3372 711 3440 esurienti,
761 3378 814 3426 et
852 3362 1089 3443 amplius
1135 3389 1244 3427 non
1300 3375 1553 3443 accipiet,
1586 3375 1654 3429 ab
1684 3374 1902 3445 iniqui-

246 3463 355 3513 tate
402 3464 608 3514 avertet
652 3476 876 3516 manum
932 3476 1108 3529 suam,
1158 3477 1346 3516 verum
1398 3461 1572 3531 faciet
1617 3462 1903 3532 judicium

243 3549 392 3602 inter
413 3550 594 3603 virum
652 3555 705 3604 et
726 3552 1068 3620 prem-imum,
1122 3551 1183 3605 in
1226 3549 1725 3621 justiﬁcationibus
1770 3554 1902 3607 meis

244 3638 568 3705 ambulabit,
612 3643 664 3692 et
683 3638 1114 3709 justiﬁcationes
1150 3656 1296 3695 meas
1353 3641 1639 3703 custodiet,
1709 3641 1784 3696 ad
1806 3644 1895 3710 fa-

249 3727 503 3782 ciendam
524 3725 816 3782 veritatem
848 3745 867 3783 :
898 3734 975 3784 est
994 3731 1199 3800 justus,
1233 3728 1353 3785 vita
1380 3729 1546 3796 vivet,
1581 3729 1722 3785 dicit
1753 3731 1897 3785 Ado-

247 3813 349 3871 nai
386 3815 654 3871 Dominus
685 3817 778 3888 (ο).
810 3818 881 3871 Ει
906 3817 1110 3886 Isaias,
1135 3834 1270 3873 eum
1304 3818 1677 3890 quidem,qui
1710 3819 1903 3874 credi-

251 3904 358 3967 dit,
385 3903 459 3959 ad
485 3905 616 3960 vitae
643 3904 1015 3962 honestatem
1051 3924 1064 3974 ;
1100 3923 1236 3961 eum
1268 3909 1610 3978 autem,qui
1642 3913 1732 3963 est
1761 3924 1902 3981 gno-

251 3993 457 4061 sticus,
491 3993 565 4049 ad
611 3994 1151 4051 considerationem
1205 3995 1549 4063 adhortans,
1583 3996 1904 4052 ostendens

249 4098 372 4137 non
405 4097 533 4137 esse
566 4082 837 4138 eamdem
869 4084 1131 4139 hominis
1168 4089 1227 4138 et
1255 4085 1359 4139 Dei
1389 4084 1781 4151 virtutem,sic
1810 4085 1906 4139 in-

250 4171 381 4243 quit
411 4188 424 4226 :
467 4171 709 4238 Quaerite
738 4173 1060 4238 Dominum,
1092 4179 1143 4228 et
1164 4173 1223 4228 in
1250 4172 1582 4229 inveniendo
1612 4172 1793 4245 ipsum
1822 4173 1906 4229 in-

247 4267 455 4317 vocate.
490 4262 720 4330 Quando
749 4269 933 4318 autem
969 4261 1120 4318 vobis
1148 4262 1703 4335 appropinquaverit,
1735 4263 1907 4318 relin-

2006 3283 2192 3360 τρέψει
2248 3283 2350 3351 τήν
2405 3282 2568 3355 χεῖρα
2620 3282 2807 3337 αὐτοῦ·
2898 3286 3071 3358 κρῖμα
3127 3281 3392 3352 ἀληθινὸν
3445 3283 3668 3352 ποιήσει

2010 3371 2111 3427 ἀνά
2196 3372 2359 3444 μέσον
2444 3367 2641 3446 ἀνδρὸς
2724 3371 2813 3425 καὶ
2901 3374 2999 3425 τοῦ
3082 3370 3344 3442 πλησίον’
3432 3369 3483 3426 ἐν
3555 3375 3676 3432 τοῖς

2009 3459 2348 3533 δικαιώμασί
2436 3480 2542 3532 μου
2624 3457 2974 3533 πορεύσεται,
3032 3459 3122 3515 καὶ
3207 3459 3276 3515 τὰ
3333 3457 3677 3534 δικαιώματά

2014 3570 2119 3622 μου
2219 3547 2470 3626 ἐφύλαξε,
2577 3552 2675 3602 τοῦ
2757 3554 2988 3618 ποιῆσαι
3089 3549 3373 3620 ἀλήθειαν·
3462 3544 3674 3610 δίκαιός

2011 3638 2147 3705 ἐστι,
2200 3640 2314 3711 ζωῇ
2376 3639 2619 3707 ζήσεται,
2680 3636 2832 3712 λέγει
2914 3634 3151 3695 Ἀδωναΐ
3206 3637 3428 3712 Κύριος.
3489 3639 3558 3695 "0
3614 3659 3675 3693 τε

2009 3725 2233 3788 Ἠσαίας
2288 3726 2380 3780 τὸν
2446 3726 2539 3799 μὲν
2595 3725 2956 3781 πιστεύσαντα
3004 3726 3081 3789 είς
3158 3728 3468 3799 σεμνότητα
3526 3726 3673 3803 βίου,

2009 3815 2102 3871 τὸν
2132 3813 2431 3892 γνωπικὸν
2465 3811 2523 3869 δὲ
2570 3814 2646 3878 είς
2677 3811 2962 3870 ἐπίστασιν
3012 3817 3123 3887 (79)
3181 3813 3534 3889 παρακαλῶν,
3597 3816 3678 3886 μὴ

2011 3907 2111 3975 τὴν
2146 3903 2314 3973 αὐτὴν
2346 3906 2480 3959 εἶναι
2513 3904 2709 3979 ἀρετὴν
2737 3907 2853 3978 (80)
2910 3904 3197 3980 ἀνθρώπου
3254 3901 3343 3957 καὶ
3374 3906 3508 3958 Θεοῦ
3538 3923 3675 3978 παρ-

2018 3993 2185 4064 ιστάς,
2239 3990 2346 4048 ὦδέ
2424 4009 2577 4072 φησι·
2638 3995 2919 4065 Ζητήσατε
2973 3992 3068 4047 τὸν
3148 3991 3370 4066 Κύριον,
3446 3991 3540 4046 καὶ
3614 3988 3672 4047 ἐν

2012 4087 2094 4156 τῷ
2153 4081 2415 4157 εύρίσκειν
2501 4081 2660 4138 αὐτὸν
2736 4080 3141 4137 ἐπικαλέσασθε.
3202 4078 3390 4135 Ἦνίκα
3474 4078 3521 4135 δ’
3607 4082 3672 4136 ἂν

2015 4170 2213 4247 ἐγγίζῃ
2284 4171 2437 4243 ὑμῖν,
2522 4168 2871 4226 ἀπολειπέτω
2953 4169 2982 4225 ὁ
3067 4164 3267 4237 ἀσεϐὴς
3340 4169 3438 4231 τὰς
3511 4165 3680 4229 ὀδοὺς

2019 4261 2208 4315 αὐτοῦ’
2315 4259 2408 4314 καὶ
2516 4259 2651 4333 ἀνὴρ
2732 4258 2939 4333 ἃνομος
3049 4258 3143 4320 τὶς
3251 4254 3413 4322 ὁδοὺς
3505 4256 3673 4313 αὐτοῦ

320 4414 385 4479 ιιι
422 4415 486 4469 Ρ.
520 4416 616 4468 5m
654 4415 768 4471 ED.
810 4415 1106 4484 roman,
1139 4414 1398 4482 449—420,
1424 4416 1538 4470 ED.
1572 4415 1802 4472 PARIS.
1835 4414 1905 4487 (ας

2017 4431 2110 4470 ιω.
2145 4430 2218 4482 v1,
2251 4416 2337 4468 22.
2374 4413 2449 4483 (b)
2480 4416 2647 4469 Rom.
2688 4430 2742 4477 v,
2797 4416 2851 4483 4,
2905 4417 2956 4469 5.
2988 4413 3057 4485 (c)
3110 4412 3314 4470 Ezech.
3346 4416 3504 4469 xvin.
3533 4416 3586 4478 4,
3619 4417 3673 4479 5,

252 4486 304 4551 8,
337 4487 392 4552 7,
425 4487 479 4552 8,
505 4489 557 4542 9.

334 4628 446 4710 (74)
476 4625 781 4710 ’Δδελφορς
833 4628 925 4710 καὶ
976 4625 1250 4710 συγκληρ.
1274 4700 1289 4710 “
1304 4630 1655 4710 Despiceret
1680 4630 1905 4710 videtur

2022 4619 2526 4710 0516§a1tcn§c§ta
2574 4622 2716 4710 λαῷ“
2745 4627 2843 4678 τοῦ
2899 4629 3055 4710 Θεοῦ.
3113 4622 3521 4699 Σπουδάσωμεν
3580 4626 3675 4680 οὗν

254 4699 429 4775 Hebr.
459 4703 617 4775 n,_il
656 4697 669 4756 Ξ
704 4700 820 4757 Οὐκ
849 4697 1541 4775 ἐπαισχύνεται-ἀδελφοὺς,
1588 4698 1782 4762 αὐτοὺς
1809 4720 1910 4754 κα-

253 4770 391 4846 λεῖν
427 4764 681 4846 et_Ron_i_.
716 4790 836 4840 vm,
872 4777 960 4842 i7,
988 4764 1087 4829 ubi
1120 4773 1329 4829 fideles
1358 4764 1545 4829 vocati
1605 4779 1745 4839 sunt
1784 4792 1911 4846 συγ-

251 4840 599 4916 κληρονόμοι
625 4843 887 4916 Χριστρῢο

326 4910 435 4984 (75)
466 4910 1295 4987 ’Anezlﬁnnévnv.interpres,
1345 4932 1468 4987 qua:
1499 4915 1670 4971 minis
1726 4914 1911 4987 inten-

253 4983 448 5042 ditur:
470 4983 716 5058 perinde
747 4983 831 5058 ac,
846 4987 895 5041 si
925 4985 998 5041 ab
1025 4983 1285 5039 ἀπεῐλεῖν
1304 4983 1571 5058 profecta
1600 4992 1757 5042 esset
1786 4986 1911 5042 haec

252 5075 382 5138 vos.
419 5056 1024 5145 Vertendum‘fuerat,
1056 5074 1179 5145 qua:
1227 5056 1355 5145 jam
1411 5064 1633 5145 recepta
1662 5065 1789 5145 γεεί,
1820 5057 1913 5112 vel

256 5130 413 5199 cujus
434 5127 561 5196 jam
587 5135 862 5197 compotes
908 5124 1093 5183 sumus
1142 5124 1322 5196 facti:
1354 5145 1491 5184 nam
1527 5124 1620 5185 —ab
1652 5124 1905 5202 ἀπολαμ-

255 5195 405 5254 ϐάνω
435 5198 612 5253 ducta
642 5205 749 5253 est.
774 5198 1174 5273 _Vult_auctor,
1209 5200 1559 5273 Apostolum
1609 5200 1908 5273 duplicem

258 5278 525 5328 nostram
558 5285 722 5341 spem
755 5268 1177 5339 descripsisse:
1211 5268 1493 5340 priorem,
1525 5268 1779 5341 cujus-in
1800 5273 1911 5327 hac

255 5346 374 5400 vita
448 5340 758 5413 participes
813 5356 1017 5405 sumus,
1078 5355 1292 5410 nempe
1371 5340 1862 5411 sanctiﬁcationem
1892 5360 1910 5397 :

257 5416 529 5478 alteram,
585 5428 763 5484 quam
812 5417 1206 5481 exspectamus,
1261 5426 1474 5481 nempe
1523 5415 1692 5466 vitam
1746 5420 1911 5469 ἅδιον.

256 5505 817 5629 "uiderittamen
872 5551 1133 5629 Respicit
1202 5550 1352 5629 forte
1405 5552 1549 5606 Heb.
1583 5568 1695 5629 .Iv,
1744 5556 1797 5621 8,
1856 5557 1911 5629 9,

410 5619 489 5700 Ei
503 5626 613 5700 γὰρ
647 5624 843 5700 αὖτοὺς
874 5619 1105 5700 Ἰησοῦς-
1132 5621 1483 5700 κατέπαυσεν,
1543 5619 1641 5700 οῦκ
1669 5621 1753 5700 ᾂν.
1784 5619 1910 5699 περὶ

262 5695 442 5766 ἄλλης
474 5691 662 5756 ἐλάλει
695 5698 832 5772 μετά
857 5698 1027 5752 ταῦτα
1080 5691 1316 5769 ἡμέρας.
1367 5693 1504 5769 Ἀρα
1557 5691 1913 5751 ἀπολείπεται

2020 4694 2391 4760 εἰσελθεῖνείς
2419 4694 2627 4765 ἐκείνην
2657 4694 2757 4765 τήν
2783 4695 3139 4751 κατάπαυσιν.

2092 4772 2207 4841 (77)
2236 4769 2301 4842 Ἡ
2336 4770 2510 4842 ψυχή.
2546 4770 2680 4825 Haec
2738 4769 3012 4842 superius
3070 4775 3392 4826 occurrunt
3445 4770 3669 4842 Pwdag.

2019 4839 2127 4896 lib.
2160 4839 2196 4907 ι,
2216 4839 2544 4897 ειιὺςῆὶὶοιῐι
2577 4858 2624 4896 c.
2662 4839 2954 4911 {Ohe—quo
2985 4840 3116 4896 loco
3147 4858 3283 4896 cum
3314 4841 3425 4897 hoc
3457 4839 3674 4896 collato

2020 4912 2267 4992 patebit.
2327 4912 2694 4968 Clementem
2737 4906 2873 4964 ’διὰ“
2902 4912 3129 4984 μνήμης
3176 4913 3284 4968 has
3340 4911 3675 4984 Scripturas

2018 4989 2415 5143 “agmen.
2452 5053 2728 5143 §equitur
2743 5052 2899 5143 apud
2922 5053 3318 5143 Ezeghielem,‘
3339 5051 3431 5108 καὶ
3450 5052 3672 5143 ’γυμνὸγ

2020 5118 2329 5200 περιϐαλεῖ,
2387 5124 2477 5178 καὶ
2536 5118 2599 5179 τὸ
2650 5118 2907 5199 ἀργύριον
2982 5124 3161 5208 ⁹αὐτοῦ
3235 5118 3320 5179 ἐπὶ
3402 5118 3576 5250 165:3},
3609 5122 3673 5179 οὗ

2022 5192 2204 5250 δώσει·
2240 5197 2399 5268 quod
2430 5196 2808 5269 librariorum
2839 5196 3201 5269 negligentia
3238 5202 3480 5269 propter
3541 5215 3673 5250 ωσει

2022 5213 2204 5250 οωσει·
2240 5213 2399 5268 quoa
2431 5213 2808 5253 librariorum
2839 5213 3179 5270 negngenm

2020 5268 2338 5350 repetitum
2367 5268 2656 5350 excidisse
2684 5268 2934 5350 videtur.
3169 5339 3179 5350 _

2233 5339 2560 5422 Ἐπιστασιν.
2598 5339 2783 5422 §crihi
2817 5339 3213 5422 etiarn‘p‘ossit
3240 5335 3498 5422 ἐπίτασιν.
3531 5411 3541 5422 .

2092 5412 2205 5493 (80)
2236 5410 2351 5494 Τὴν
2380 5409 2549 5479 αύτήν
2591 5410 2677 5494 ἀρ.
2708 5412 2864 5494 'Hoc‘
2911 5409 3076 5493 addit
3129 5418 3377 5494 propter
3426 5411 3677 5494 Stoicos,

2022 5482 2121 5552 qui
2155 5483 2426 5538 eamdem
2457 5500 2587 5539 esse
2617 5484 2722 5539 Dei
2752 5499 2819 5538 ac
2850 5482 3161 5538 hominum
3207 5482 3483 5538 virtutem
3513 5482 3675 5539 dice-

2020 5552 2213 5678 bar};
2272 5571 2422 5626 quos
2477 5555 2756 5610 Clemens
2796 5554 2959 5610 infra
3014 5552 3253 5624 refellit,
3314 5555 3515 5611 Strom.
3577 5571 3674 5623 vn,

2021 5641 2078 5678 ι).
2147 5642 2178 5678 ο
2221 5665 2235 5678 .

2021 5641 2078 5694 p.
2123 5641 2235 5679 [οδ.
