4034 6148
380 292 520 348 1085

373 415 464 469 καὶ
550 413 937 495 ἐπιστραφήτω
1020 422 1158 498 πρὸς
1240 424 1439 500 Κύριον
1482 468 1497 495 ,

380 524 528 559 σεται
561 549 577 575 ,
649 503 754 570 iw;
788 553 801 578 ,

886 511 981 566 Καὶ
1039 512 1105 567 τὰ
1161 509 1507 588 διανοήματα
1567 516 1719 588 ὑμῶν
1774 514 1879 569 ἀπὸ
1931 516 2030 583 τῆς

382 590 627 657 διανοίας
709 619 815 670 μου
848 643 862 656 .

940 601 1134 675 Ἡμεῖς
1203 603 1383 658 τοίνυν
1453 604 1591 659 κατὰ
1637 604 1728 659 τὸν
1787 607 2030 678 γενναῖον

383 682 746 756 Ἀπόστολον,
808 686 868 743 ἐκ
922 689 1155 754 πίστεως
1208 690 1401 748 ἐλπίδα
1457 690 1808 763 δικαιοσύνης
1863 692 2026 747 ἀπεκ-

384 770 698 849 δεχόμεθαο
761 777 813 832 ἐν
867 778 969 855 γὰρ
1026 780 1242 855 Χριστῷ
1298 784 1411 854 (81)
1469 778 1592 837 οὔτε
1647 783 1917 858 περιτομή
1975 800 2028 835 τι

384 861 588 939 ἰσχύει,
650 862 775 921 οὔτε
829 864 1159 945 ἀκροϐυστία
1191 915 1204 941 ,
1263 870 1410 926 ἀλλὰ
1453 870 1632 933 πίστις
1689 868 1761 927 δι’
1811 870 2026 946 ἀγάπης

382 951 743 1027 ἐνεργουμένη
781 998 794 1012 .
897 956 1310 1031 Ἐπιθυμοῦμεν
1414 957 1471 1014 δὲ
1569 955 1793 1014 ’ἑκαστον
1879 958 2030 1032 ὑμῶν

379 1041 479 1109 τήν
582 1041 750 1112 αύτήν
856 1043 1222 1112 ἐνδείκνυσθαι
1335 1045 1577 1117 σπουδὴν
1688 1049 1828 1124 πρὸς
1927 1049 2025 1117 τὴν

378 1130 765 1209 πληροφορίαν
822 1140 924 1204 τῆς
983 1134 1248 1210 ἐλπίδος,
1306 1135 1409 1200 ἕως
1447 1182 1459 1196 .
1520 1137 1671 1195 Κατὰ
1723 1138 1825 1206 τὴν
1881 1136 2027 1208 τάξιν

381 1218 730 1295 Μελχισεδὲκ
801 1222 1089 1300 ἀρχιερεὺς
1159 1225 1450 1303 γενόμενος
1522 1227 1598 1290 εἰς
1660 1227 1753 1282 τὸν
1808 1225 1980 1281 αἶ’ὧνα
2013 1269 2026 1283 .

378 1309 460 1366 Τὰ
515 1308 681 1382 ὅμοια
708 1316 788 1384 τῷ
819 1313 1019 1388 Παύλῳ
1064 1317 1098 1385 ἡ
1131 1314 1429 1390 πανάρετος
1481 1320 1654 1394 Σοφία
1711 1318 1824 1391 (82)
1859 1314 2025 1393 λέγει.

375 1400 437 1455 Ὀ
494 1396 551 1455 δὲ
607 1399 744 1473 ἐμοῦ
801 1406 914 1476 (83)
953 1404 1189 1475 ἀκούων,
1248 1407 1653 1476 κατασκηνώσει
1709 1404 1791 1460 ἐπ’
1848 1403 2029 1461 ἐλπίδι

380 1491 661 1554 πεποιθώς
720 1494 849 1565 (84)’
904 1496 939 1563 ἡ
995 1496 1097 1572 γὰρ
1152 1503 1254 1566 τῆς
1315 1493 1539 1558 ἐλπίδος
1597 1495 2031 1556 ἀποκατάστασις

381 1578 699 1651 ὁμωνύμως
773 1580 933 1644 ἐλπὶς
990 1581 1204 1655 εἶ’ρηται
1240 1604 1253 1618 °
1318 1582 1409 1640 διὰ
1470 1589 1572 1640 τοῦ
1624 1585 2028 1656 κατασκηνώσει

378 1671 449 1742 τῇ
504 1667 643 1739 λέξει
697 1673 808 1745 (85)
864 1672 1162 1750 παγγάλως
1221 1677 1529 1752 προσέθηκε
1580 1676 1644 1731 τὸ
1701 1675 1980 1739 πεποιθώς
2013 1718 2028 1743 ,

1719 300 2163 362 ΒΤΒΟΗΔΤΠΜ
2201 305 2336 360 LIB.
2379 301 2456 360 Il.

3644 297 3782 355 1086

1590 424 1682 481 καὶ
1785 423 2023 495 ἐλεηθή-

2142 431 2265 497 quat
2308 425 2513 497 impius
2558 427 2675 482 vias
2722 440 2867 493 suas,
2899 431 2951 479 et
2980 429 3332 481 convertatur
3361 424 3437 479 ad
3464 423 3783 491 Dominum,

2136 521 2188 570 et
2214 514 2651 571 misericordiam
2689 518 3068 584 consequetur,
3116 528 3306 583 usque
3354 512 3469 568 ad:
3530 514 3785 582 Cogitata

2134 611 2313 661 vestra
2340 622 2376 660 a
2404 603 2740 674 cogitatione
2768 620 2888 658 mea
2913 604 3007 673 (a).
3040 604 3147 658 Nos
3193 618 3353 674 ergo,
3400 618 3470 657 ex
3512 600 3782 674 praeclari

2135 694 2400 766 Apostoli
2433 693 2750 761 sententia,
2782 709 2850 747 ea:
2879 693 2985 761 ﬁde
3029 707 3179 762 spem
3216 692 3456 761 justitim
3502 696 3785 761 nspecta-

2135 800 2294 839 mus:
2328 786 2386 839 in
2418 783 2634 838 Christo
2673 785 2817 837 enim
2863 797 3039 852 neque
3087 781 3228 836 181
3289 783 3628 836 circumcisio
3677 781 3784 836 ali-

2135 875 2272 945 quid
2299 873 2464 941 valet,
2494 888 2670 944 neque
2692 874 3049 943 praeputium,
3075 871 3170 926 sed
3207 871 3358 940 ﬁdes,
3390 886 3512 940 quas
3534 886 3639 940 per
3684 871 3780 924 di-

2139 966 2421 1020 lectionem
2450 962 2821 1034 operaturgb).
2856 963 3115 1032 Cupimus
3137 966 3319 1016 autem
3347 976 3784 1031 unumquemque

2135 1058 2374 1109 vestrum
2401 1051 2641 1107 eamdem
2683 1051 2963 1106 ostendere
3007 1049 3439 1106 sollicitudinem
3485 1049 3560 1103 ad
3587 1049 3784 1120 exple-

2139 1145 2337 1199 tionem
2386 1144 2521 1213 spei,
2582 1157 2769 1212 usque
2826 1138 2901 1195 ad
2958 1139 3146 1195 illud:
3179 1139 3491 1195 Secundum
3535 1139 3785 1194 ordinem

2135 1230 2524 1288 Melchisedech
2552 1233 2733 1299 factus
2756 1232 3017 1300 pontifex
3045 1230 3104 1283 in
3141 1235 3410 1285 .z’ternum
3456 1228 3550 1298 (c).
3601 1227 3783 1283 Paulo

2138 1338 2372 1395 quoque
2397 1320 2618 1377 similia
2639 1320 2785 1375 dicit
2814 1318 3113 1391 Sapientia
3141 1317 3302 1374 omni
3335 1316 3547 1373 virtute
3568 1314 3780 1390 plena:

2137 1413 2244 1478 Qui
2289 1417 2471 1465 autem
2498 1426 2582 1465 me
2626 1407 2806 1475 audit,
2854 1406 3128 1464 habitabit
3176 1407 3236 1462 in
3265 1422 3358 1477 spe
3387 1406 3780 1478 conﬂdens(d).

2137 1500 2272 1572 Spei
2302 1499 2464 1556 enim
2498 1499 2816 1569 restitutio,
2846 1513 2967 1568 spes
2996 1497 3155 1553 dicta
3185 1502 3275 1551 est
3291 1495 3586 1567 eequivoce
3613 1511 3626 1549 :
3649 1511 3783 1567 pro-

2136 1595 2342 1663 pterea
2397 1588 2535 1644 huic
2601 1587 2869 1655 dictioni,
2925 1586 2991 1650 is
3045 1586 3341 1641 habitabit.
3384 1584 3784 1657 pulcherrime

2136 1679 2373 1751 adjecit,
2408 1678 2714 1749 conﬁdens:
2767 1675 3091 1732 ostendens
3140 1691 3298 1742 eum,
3332 1673 3432 1745 qui
3466 1677 3555 1728 est
3583 1673 3789 1745 hujus~

381 1755 593 1820 δεικνὺς
638 1760 730 1813 τὸν
787 1765 1032 1817 τοιοῦτον
1092 1764 1510 1833 ἀναπεπαῦσθαι,
1560 1759 1912 1819 ἀπολαϐόντα
1964 1764 2025 1833 ἣν

385 1843 442 1864 1"
529 1850 555 1864 υ
673 1845 717 1864 ’ἱ
785 1846 829 1864 th
974 1848 998 1864 ﬂ
1033 1853 1045 1864 ι
1186 1852 1200 1864 ι
1264 1852 1278 1864 ς
1409 1847 1419 1864 Ι
1613 1859 1650 1864 ,ρ
1694 1852 1707 1864 ι
1773 1853 1787 1864 ι
1928 1853 1938 1864 l

2142 1768 2319 1833 modi,
2351 1766 2734 1839 requievisse,
2757 1770 2996 1837 recepta
3025 1781 3093 1820 ea
3122 1779 3248 1835 spe,
3281 1778 3459 1834 quam
3489 1760 3784 1834 sperabat.

377 1843 610 1930 ἤλπιζεν
670 1845 911 1904 ἐλπίδα*
971 1848 1055 1906 διὸ
1112 1852 1201 1906 καὶ
1260 1847 1503 1930 ἐπιφέρει
1541 1900 1553 1920 ,
1612 1852 1710 1908 Καὶ
1759 1853 2026 1927 ἠσυχάσει

381 1928 601 2011 ἀφόϐως
657 1935 766 1992 ἀπὸ
821 1939 1024 2002 παντὸς
1078 1945 1269 1998 κακοῦ.
1329 1928 1609 2017 ἸΑντικρυς
1670 1939 1726 1995 δὲ
1784 1943 1812 1996 ὁ
1857 1941 2029 1999 Ἀπό-

377 2025 580 2093 στολος
616 2028 668 2083 ἐν
696 2032 764 2105 τῇ
795 2031 1033 2108 προτέρᾳ
1060 2037 1166 2088 τῶν
1207 2034 1345 2111 πρὸς
1374 2034 1694 2110 Κορινθίους
1724 2031 2023 2110 διαῤῥήδην

378 2118 529 2196 φησί·
589 2121 845 2194 Μιμηταί
905 2144 1010 2196 μου
1041 2123 1269 2199 γίνεσθε,
1326 2126 1505 2187 καθὼς
1560 2124 1708 2201 κάγὼ
1765 2127 2021 2199 Χριστοῦ·

372 2205 465 2263 ’ίνα
515 2209 736 2285 γένηται
790 2209 964 2267 ἐκεῖνο
998 2231 1010 2243 ·
1072 2212 1136 2267 Εἰ
1196 2214 1354 2287 ὑμεῖς
1411 2216 1522 2287 (86)
1579 2213 1754 2287 ἐμοῦ,
1804 2212 1910 2290 ἐγὼ
1968 2208 2027 2267 δὶ

376 2298 632 2372 Χριστοῦ³
692 2299 849 2372 ὑμεῖς
899 2301 990 2356 οὖν
1051 2302 1287 2376 μιμηταὶ
1318 2301 1552 2378 Χριστοῦ
1609 2303 1841 2378 γίνεσθε,
1892 2307 2024 2373 Χρι-

376 2387 502 2451 στὸς
557 2384 615 2443 δὶ
670 2392 826 2445 Θεοῦ.
883 2392 997 2459 Τήν
1051 2390 1372 2464 ἐξομοίωσιν
1408 2395 1520 2466 (87)
1574 2392 1751 2447 τοίνυν
1782 2395 1862 2464 τῷ
1887 2394 2023 2462 Θεῷ,

380 2473 456 2538 εἷς
514 2478 638 2532 ὅσον
693 2479 898 2536 οἷόντε
948 2480 1016 2550 ἦν
1073 2478 1282 2536 δίκαιον
1342 2481 1432 2538 καὶ
1491 2481 1642 2537 ὅσιον
1709 2480 1843 2555 μετᾶ
1897 2500 2029 2556 cpe-

378 2564 588 2634 νήσεως
660 2567 925 2642 γενέσθαι,
1010 2569 1210 2624 σκοπὸν
1276 2576 1378 2639 τῆς
1451 2571 1686 2632 πίστεως
1777 2569 2026 2624 ὑποτίθε-

2135 1860 2325 1924 Quare
2351 1857 2529 1913 etiam
2560 1855 2866 1927 subjungit
2893 1871 2906 1908 :
2947 1856 3016 1909 Et
3045 1855 3283 1923 quiescet
3329 1868 3512 1907 secure
3537 1852 3606 1906 ab
3637 1855 3788 1907 omni

2134 1947 2299 2003 malo.
2351 1948 2568 2017 Aperte
2620 1949 2819 1999 autem
2862 1942 3007 1998 dicit
3054 1940 3374 2013 Apostolus
3405 1940 3465 1995 in
3496 1938 3679 2011 priori
3710 1938 3786 1994 ad

2135 2035 2509 2092 Corinthios:
2582 2034 2890 2088 Imitatores
2962 2033 3071 2087 mei
3117 2036 3278 2086 estote
3311 2072 3324 2097 ,
3382 2031 3522 2084 sicut
3578 2034 3629 2084 et
3690 2044 3787 2101 ego

2137 2125 2343 2181 Christi
2373 2124 2442 2196 (ε)
2468 2140 2481 2178 :
2512 2128 2579 2178 ut
2616 2122 2767 2177 illud
2798 2121 3092 2177 efﬁciatur
3117 2136 3129 2174 :
3164 2119 3221 2173 Si
3242 2135 3343 2174 vos
3374 2118 3513 2185 mei,
3544 2133 3649 2191 ego
3679 2132 3783 2173 au-

2138 2219 2254 2271 tem
2312 2213 2567 2280 Christi;
2623 2229 2724 2266 vos
2779 2227 2915 2282 ergo
2968 2210 3111 2265 estis
3166 2208 3381 2263 Christi
3430 2208 3783 2275 imitatores,

2134 2304 2402 2360 Christus
2449 2317 2587 2356 vero
2636 2300 2760 2355 Dei.
2811 2301 2919 2353 Deo
2959 2313 3095 2371 ergo
3139 2295 3457 2364 assimilari,
3489 2302 3572 2365 ut,
3603 2296 3788 2366 quoad

2132 2395 2254 2463 ﬁeri
2282 2397 2474 2462 potest,
2497 2393 2598 2458 ﬁat
2628 2390 2751 2458 quis
2772 2388 2960 2457 justus
2985 2393 3039 2441 et
3066 2392 3286 2440 sanctus
3311 2401 3433 2439 cum
3457 2384 3781 2454 prudentia,

2137 2481 2346 2537 statuit
2369 2494 2497 2534 esse
2528 2492 2775 2548 scopum
2802 2475 2940 2530 fidei
2966 2492 2980 2541 ;
3015 2474 3199 2528 ﬂnem
3229 2478 3447 2539 autem,
3478 2488 3627 2540 eam,
3654 2487 3786 2542 qua)

2138 2570 2206 2624 ﬁt
2233 2584 2339 2640 per
2368 2566 2567 2633 ﬁdem,
2600 2563 2880 2637 promissi
2928 2562 3387 2618 restitutionem.
3420 2561 3503 2615 Ex
3529 2559 3623 2615 his
3649 2575 3786 2634 ergo

377 2671 495 2708 ται·
553 2652 712 2715 τέλος
769 2653 828 2710 δὶ
882 2658 981 2725 τήν
1039 2657 1134 2714 ἐπὶ
1186 2662 1255 2733 τῇ
1313 2660 1493 2715 πίστει
1548 2665 1651 2728 τῆς
1701 2657 2026 2735 ἐπαγγελίας

2142 2657 2332 2712 fontes
2363 2671 2593 2723 eorum,
2626 2653 2727 2724 qui
2759 2652 2830 2709 de
2853 2652 2971 2707 ﬁne
3002 2650 3410 2717 decreverunt,
3441 2664 3591 2720 quos
3620 2648 3787 2720 prius

379 2740 835 2799 ἀποκατάστασιν.
887 2747 986 2800 Ἐκ
1028 2745 1237 2801 τούτων
1288 2747 1383 2800 οῦν
1437 2748 1492 2801 αἱ
1549 2746 1720 2820 πηγαὶ
1761 2750 1869 2801 τῶν
1902 2747 2027 2821 περῖ

2142 2745 2420 2813 diximus,
2452 2743 2803 2799 scaturiunt.
2837 2740 2947 2797 Sed
2980 2740 3052 2796 de
3080 2739 3174 2796 his
3207 2738 3446 2812 quidem
3479 2737 3623 2794 satis
3676 2740 3784 2792 est.

378 2828 570 2893 τέλους
600 2828 1063 2905 δογματισάντων,
1096 2831 1156 2897 ἃς
1182 2836 1611 2910 προειρήκαμεν,
1648 2833 1961 2909 βλύζουσιν.
1992 2831 2175 2891 Ἀλλὰ
2201 2832 2407 2888 τούτων
2443 2831 2537 2907 μὲν
2564 2830 2709 2894 ἅλις.

1850 2980 2080 3035 CAPUT
2119 2978 2315 3035 XXIII.

558 3076 634 3131 De
660 3077 1006 3132 matrimonii
1034 3076 1327 3131 commodis
1354 3082 1406 3132 et
1426 3079 1718 3147 praeceptis
1746 3079 1807 3132 in
1835 3078 1955 3147 ejus
1982 3094 2086 3133 usu
2126 3075 2510 3141 observandis;
2542 3091 2664 3146 qua
2685 3076 2909 3146 plenius
2941 3079 3145 3130 tractat
3176 3074 3315 3129 libro
3344 3071 3607 3144 sequenti.

452 3197 601 3255 Ἐπεὶ
670 3195 728 3254 δὶ
797 3196 971 3269 ἠδονή
1026 3198 1114 3254 καὶ
1172 3198 1432 3273 ἐπιθυμία
1485 3198 1808 3256 ὑποπίπτειν
1865 3200 2028 3276 γάμῳ

2210 3200 2499 3267 Quoniam
2539 3205 2739 3255 autem
2765 3199 3037 3271 voluptas
3080 3203 3139 3254 et
3177 3197 3472 3270 cupiditas
3518 3195 3793 3251 videntur

380 3283 551 3359 δοκεῖ,
597 3286 687 3342 καὶ
734 3288 859 3364 περὶ
908 3286 1104 3343 τούτου
1164 3285 1511 3359 διαληπτέον.
1563 3291 1746 3363 Γάμος
1797 3290 1891 3362 μὲν
1937 3289 2027 3344 οὗν

2142 3290 2350 3347 cadere
2366 3290 2425 3345 in
2451 3289 2921 3357 matrimonium,
2938 3288 3008 3344 de
3032 3289 3145 3344 hoc
3165 3304 3401 3360 quoque
3420 3284 3792 3343 tractandum

383 3376 493 3433 ἐστὶ
522 3374 749 3442 σύνοδος
797 3374 985 3450 ἀνδρὸς
1033 3377 1123 3434 καὶ
1154 3378 1409 3456 γυναικὸς
1438 3381 1472 3449 ἡ
1504 3379 1698 3454 πρώτη
1731 3381 1844 3452 (88)
1894 3378 2030 3435 κατά

2142 3386 2250 3438 est.
2283 3383 2385 3437 Est
2415 3397 2550 3459 ergo
2589 3380 3038 3437 matrimonium
3081 3380 3276 3452 prima
3299 3378 3565 3452 legitima
3594 3376 3701 3431 viri
3733 3378 3793 3429 et

381 3466 552 3539 νόμον
586 3466 671 3523 ἐπὶ
723 3467 964 3543 γνησίων
1006 3469 1207 3524 τέκνων
1262 3473 1460 3544 σπορᾷ.
1510 3469 1573 3527 Ὀ
1600 3473 1728 3543 γοῦν
1782 3467 2030 3542 κωμικὸς

2142 3472 2411 3530 mulieris
2434 3473 2778 3545 conjunctio
2799 3471 2874 3528 ad
2895 3471 3293 3544 legitimorum
3314 3470 3640 3526 liberorum
3656 3482 3795 3539 pro-

383 3553 709 3628 Μένανδρος⁹

2142 3562 2529 3618 creationem.
2563 3560 2886 3617 Menander
2915 3560 3114 3632 itaque
3141 3559 3405 3615 comicus
3434 3557 3519 3614 ait
3547 3572 3559 3611 :

530 3706 616 3742 ..τε
649 3661 889 3742 Ηαίδων,
922 3663 1076 3742 φησὶ,
1098 3665 1433 3742 ’σπόρῳίτῷν
1466 3664 1707 3742 γνησίων

2282 3669 2377 3725 Ad
2397 3670 2743 3725 seminandos
2773 3670 3043 3739 legitimos
3074 3668 3269 3724 liberos

527 3733 735 3809 Δίδωμί
766 3733 944 3810 σοίγε
965 3733 1067 3805 τήν
1095 3733 1333 3810 ἐμαυτοῦ
1363 3733 1629 3814 θυγατέρα

2290 3741 2411 3796 Tibi
2438 3757 2614 3796 meam
2645 3740 2804 3796 trado
2832 3741 3027 3811 ﬁliam.

383 3844 664 3915 Ζητοῦμεν
725 3840 783 3897 δὲ
813 3887 826 3914 ,
886 3842 933 3898 εί
982 3842 1258 3918 γαμητέον
1286 3863 1299 3876 ·
1359 3842 1491 3918 ὅπερ
1548 3849 1655 3899 τῶν
1712 3847 1849 3901 κατὰ
1894 3846 2030 3921 πρὸς

2142 3847 2474 3914 Quaarimus
2505 3851 2727 3915 autem,
2756 3863 2833 3903 an
2861 3847 2939 3901 sit
2965 3862 3115 3901 uxor
3145 3844 3453 3901 ducenda:
3483 3842 3642 3916 quod
3660 3840 3792 3913 qui-

381 3930 433 3986 τί
513 3934 627 4006 (89)
678 3937 796 3996 πῶς
857 3929 1002 4009 ἔχειν
1055 3933 1463 4007 ὠνομασμένων
1516 3932 1657 3989 ἐστίν
1694 3976 1707 3990 .
1763 3935 1879 3989 Τινί
1929 3935 2030 4011 γὰρ

2142 3937 2277 3993 dem
2309 3942 2399 3992 est
2427 3953 2499 3993 ex
2527 3936 2621 4004 iis,
2647 3953 2779 4009 quas
2802 3936 3131 3993 secundum
3152 3936 3227 3992 ad
3251 3933 3477 4008 aliquid
3499 3933 3794 4007 quodam-

451 4076 601 4153 »XfP.
633 4079 740 4134 502
916 4079 1211 4153 PO'PTER,
1243 4080 1478 4133 420-421
1513 4079 1627 4134 ED.
1660 4079 1892 4136 PABIS.
1967 4080 2043 4153 (a)
2077 4082 2190 4137 Isa.
2223 4098 2315 4148 Lv,
2346 4083 2400 4150 6,
2433 4084 2486 4149 7,
2520 4083 2571 4135 9.
2649 4080 2729 4151 (b)
2760 4079 2882 4136 Gal.
2915 4096 2967 4147 v,
2998 4082 3051 4148 5,
3084 4081 3133 4134 6.
3213 4079 3281 4151 (c)
3311 4078 3455 4135 Heh.
3484 4095 3558 4150 v1,
3592 4081 3678 4147 il,
3703 4080 3792 4135 20.

379 4148 463 4219 (ά)
494 4151 659 4204 Prov.
692 4166 734 4220 ι,
767 4151 854 4205 33.
933 4153 1004 4223 (e)
1034 4152 1059 4204 Ι
1087 4151 1218 4206 Cor.
1247 4168 1323 4219 x1,
1359 4154 1409 4205 1.

455 4291 567 4361 (81)
597 4294 830 4361 Χριστῳ.
856 4290 1074 4362 Χριστῷ
1105 4291 1311 4362 Ἰησοῦ,
1347 4291 1531 4348 Galat.

455 4362 661 4438 (82)_'H
693 4361 989 4438 πανάρετος
1022 4361 1216 4438 Eppia.
1249 4362 1352 4438 _Sic
1404 4364 1676 4438 Clemens
1701 4433 1711 4438 _
1734 4365 2034 4438 Romanus

385 4430 518 4510 sub
549 4435 731 4490 finem
782 4434 999 4510 prioris
1042 4430 1379 4510 Epistolas
1413 4430 1601 4510 Οὕτως
1636 4433 1781 4510 (γὰρ-)
1817 4432 1964 4509 λέγει
1996 4437 2031 4504 ἡ

382 4505 706 4581 πανάρετος-
760 4504 952 4581 Σοφία.
1031 4504 1141 4581 Ita
1192 4506 1461 4581 siquidem
1532 4504 1681 4562 dicit
1730 4504 2036 4581 Sapientia

385 4593 614 4649 omnem;
650 4578 909 4649 virtutem
965 4579 1336 4648 complectens.
1369 4578 1509 4649 Post
1559 4594 1758 4649 quem,
1814 4579 2033 4634 librum

2143 4289 2324 4379 ράντα
2384 4293 2536 4366 ὑμῶν
2596 4290 2740 4348 ἐστιν
2801 4293 2959 4365 ὑμεῖς
3013 4289 3071 4347 δέ
3127 4294 3388 4365 Χριστοῦσ
3450 4289 3680 4367 Χριστὸς
3737 4286 3796 4345 δὲ

2144 4370 2327 4508 Θεῗὲἧ)
2356 4433 2736 4562 Ἐἱομοίωσιν.
2780 4436 2924 4491 Cum
2956 4402 3208 4507 apostoli
3240 4434 3511 4491 doctrina
3539 4434 3792 4500 confert,

2145 4524 2276 4562 quae
2302 4524 2419 4562 nau
2447 4524 2480 4562 ο
2512 4508 2784 4562 superius
2816 4524 2847 4561 e
2876 4508 3121 4562 Platone
3153 4507 3434 4562 recitavit.

2145 4524 2276 4578 quae
2302 4508 2480 4579 paulo
2512 4508 2784 4579 superius
2816 4524 2849 4579 e
2876 4508 3121 4563 Platone
3153 4508 3434 4579 recitavit.

2217 4572 2326 4649 (88)
2356 4577 2419 4633 ἸΙ
2472 4572 2690 4651 πρώτη.
2755 4578 2994 4633 Videtur
3044 4579 3317 4651 Clemens
3372 4572 3595 4651 σύνοδον
3638 4575 3790 4649 πρώ-

385 4647 858 4737 Prpverbi'orum,
918 4630 1231 4737 πανάβετονι
1251 4647 1455 4725 Σοφίαν
1484 4630 1887 4737 appellarunt“

2142 4630 2280 4737 την,
2292 4630 2535 4720 primani
2564 4630 3025 4737 conjunc‘tionem,
3057 4650 3303 4737 nuptias
3326 4648 3660 4737 appellans,
3679 4630 3792 4737 leas

387 4718 583 4794 solum
608 4719 883 4776 Clemens
914 4718 1376 4794 Alexandrinus,
1411 4718 1732 4794 sede—tiam
1760 4721 2037 4794 Hegesip-

384 4807 518 4866 pus,
551 4792 840 4866 Irenaaus,
865 4791 955 4844 καὶ
986 4790 1014 4844 ὁ
1045 4791 1151 4851 πὰς
1180 4789 1564 4866 τῶνῖάρχαίων
1594 4790 1784 4866 χορός,
1818 4789 1871 4848 εἷ
1898 4789 2040 4866 totus

386 4863 746 4935 antiquorum
789 4863 1006 4930 chorus,
1056 4864 1220 4935 apud
1276 4862 1790 4935 Eusebium—Hist.
1852 4865 2034 4919 eccles.

386 4932 488 4987 lib.
525 4950 763 5017 1v,_cap.
800 4932 1248 5017 l_8.I_Con_f.—quaa
1275 4934 1347 4988 ad
1395 4934 1760 4990 Clementem
1814 4937 2036 4991 Roma-

387 5020 531 5059 num
562 5004 864 5060 adnotavit
892 5004 1238 5062 Cotelerius.

458 5072 739 5150 (831‘08’
771 5072 861 5150 ἐμ.
898 5075 1063 5136 Vide.
1119 5094 1250 5148 quas
1300 5077 1579 5150 superius
1633 5077 1693 5132 in
1753 5094 1883 5150 pag.
1935 5079 2038 5132 342

388 5147 528 5203 edit.
562 5148 748 5203 Paris.
779 5147 1060 5203 adnotata
1092 5147 1250 5204 sunt.
1284 5147 1549 5204 CoiLucr.

461 5220 577 5289 (84)
635 5217 939 5279 Πεποιθώς.
1000 5219 1181 5274 Abest
1229 5237 1264 5274 a
1309 5221 1475 5275 Prov.
1514 5236 1553 5283 ι,
1583 5221 1670 5285 33,
1703 5219 1803 5274 ubi
1836 5224 2037 5275 tamen

389 5289 636 5346 adnotat
693 5291 1018 5362 Flaminius
1076 5291 1360 5362 Nobilius,
1422 5291 1484 5346 in
1521 5291 1747 5362 scholio
1779 5292 2035 5362 quodam

388 5362 513 5416 haec
544 5367 769 5435 evstare
802 5360 1163 5435 ἀναπαύσεται
1194 5361 1246 5416 ἐν
1279 5360 1466 5435 εἰρήνῃ
1496 5360 1794 5424 πεποιθώς.

458 5435 569 5506 (85)
603 5433 699 5488 Διά
726 5437 822 5487 τοῦ
851 5434 1257 5504 κατασκηνώσει
1285 5431 1354 5502 τῇ
1389 5431 1550 5504 λέξει.
1570 5435 1798 5506 Clarius
1830 5433 2035 5503 divise,

389 5498 473 5578 ξιξ
494 5498 958 5577 ἃ,ἰ]ιιαρνορεεν;
990 5498 1188 5578 inquit
1209 5498 1485 5578 Sylburg'.
1520 5507 1757 5562 Rectius
1788 5498 2036 5578 legetur,

391 5570 478 5626 ἐπὶ
507 5578 573 5645 τῇ
586 5570 706 5633 ’τοτ
729 5570 1134 5647 κατασκηνώσει
1164 5570 1324 5646 λέξέι.
1360 5570 1571 5633 [ΟῬΤΗ.

466 5647 573 5717 (86)
604 5647 803 5719 Ὑμεῖς.
838 5652 945 5705 Ιιῐει
977 5651 1155 5704 etiam
1182 5649 1349 5705 Pauli
1398 5649 1575 5704 verba
1620 5648 1915 5719 respicere
1961 5648 2039 5702 vi-

394 5714 567 5770 detur
616 5714 909 5792 Clemens,
942 5737 1075 5792 quae
1106 5726 1429 5777 occurrunt
1457 5725 1479 5774 ι
1509 5720 1638 5775 Cor.
1671 5714 1755 5789 ιιῐ,
1787 5721 1878 5787 22,
1926 5721 1993 5773 23
2019 5734 2033 5775 :

2146 4717 2509 4794 distinguere
2540 4738 2574 4794 a
2604 4717 3021 4794 concubinam,
3053 4717 3252 4793 γάεὶοις
3285 4717 3651 4794 ἒπξιῐτάκτοις.
3679 4722 3794 4776 Nec

2147 4792 2308 4865 enim
2341 4792 2632 4847 secundas
2654 4792 2890 4865 nuptias
2913 4792 3311 4865 post‘mortem
3335 4792 3578 4848 alterius
3602 4809 3632 4847 e
3653 4808 3793 4865 con-

2138 4863 3080 4936 jugibusAcontractasidyamnavi't
3130 4869 3254 4936 ute
3285 4866 3486 4919 Strom.
3537 4880 3600 4919 ιιι
3652 4863 3795 4919 satis

2143 4934 2325 5062 patet...
2360 4934 2451 4989 Sic
2483 4935 2728 5019 Hermas
2759 4935 3113 5019 lib..u,.sub'
3148 4935 3326 4990 linem
3358 4936 3636 5016 .mandat.
3696 4951 3792 5019 ιν]

2185 5023 2205 5060 ι
2257 5022 2365 5062 vir.
2423 5007 2508 5060 vel
2554 5006 2754 5060 mulier
2809 5007 3050 5062 alicujus
3108 5008 3412 5062 decesserit.
3469 5013 3519 5062 et
3548 5012 3792 5062 nupserit

2185 5007 2205 5060 i
2257 5008 2365 5072 vir,
2423 5007 2508 5060 vel
2554 5006 2754 5060 mulier
2809 5005 3050 5077 alicujus
3108 5006 3412 5071 decesserit,
3469 5013 3519 5062 et
3548 5008 3795 5077 nupserit

2146 5077 2350 5147 aliquis
2398 5078 2642 5144 illorum,
2702 5077 2977 5146 numquid
3024 5081 3263 5147 peccat?
3310 5080 3432 5143 Qui.
3464 5078 3625 5134 nubit
3679 5094 3794 5131 non

2136 5154 2351 5220 peccat,
2385 5151 2605 5221 inquit:
2638 5148 2733 5203 sed
2758 5149 2806 5202 si
2828 5164 2928 5221 per
2955 5163 3009 5201 se
3054 5151 3334 5209 manserit.
3369 5166 3631 5221 magnum
3684 5147 3795 5202 sibi

2145 5221 2430 5292 conquerit
2459 5219 2715 5292 honorem
2743 5219 3237 5292 apudﬁDominum.
3274 5220 3376 5276 Ubi
3412 5219 3554 5292 quid
3586 5219 3657 5273 de
3695 5235 3795 5292 pse-

2145 5289 2360 5347 cun’dis
2415 5291 2639 5362 nuptiis
2696 5291 2994 5346 senserint
3048 5292 3280 5362 antiqui
3329 5289 3552 5356 Patres,
3586 5289 3793 5362 multis

2146 5359 2768 5418 testimoniis—edocuit
2796 5361 3140 5419 Cotelerius.
3173 5359 3281 5428 Qui
3334 5369 3533 5417 tamen
3589 5359 3793 5414 existi-

2145 5451 2341 5490 masse
2371 5434 2991 5490 videtur.Clementern
3024 5451 3093 5489 ea
3118 5450 3296 5490 causa
3313 5429 3535 5502 σύνοδον
3568 5429 3792 5502 πρώτην

2144 5522 2385 5632 ζοοᾶῗεθ
2431 5505 2523 5560 τὸν
2579 5503 2776 5580 γάμον,
2837 5505 2995 5577 quod
3059 5501 3393 5577 μονογαμίαν
3447 5501 3634 5558 solam
3664 5516 3799 5573 pro-

2185 5593 2284 5632 are
2319 5619 2330 5631 .

2185 5582 2330 5633 aret.

2216 5652 2326 5724 (89)
2383 5648 2527 5704 Κατὰ
2574 5648 2708 5724 πρός
2762 5668 2815 5700 τι
2846 5689 2857 5700 .

2141 5717 2270 5792 τρός
2295 5737 2370 5774 τι.

2935 5647 3227 5702 Lowthius
3282 5645 3505 5701 mavult
3558 5640 3696 5697 κατᾶ
3752 5638 3789 5709 ἢ
