4034 6148
336 327 477 384 1089

1655 327 2100 383 ΒΤΒΟΜΔἸὌΜ
2135 328 2272 382 LIB.
2313 326 2385 381 ΙΙ.

3604 330 3748 407 ιοοο

333 454 499 523 κήπῳ
561 449 695 525 μετὰ
747 453 847 517 τῆς
905 450 1119 527 ἑταίρας
1177 452 1288 524 (97)
1331 448 1513 525 ἔργοις
1565 448 1840 506 ἒκύδαινον
1875 452 1977 520 τὴν

2117 452 2418 507 iberorum
2473 453 2809 525 susceptio;
2870 469 2940 508 ex
2998 453 3520 525 peripateticorum
3578 473 3741 526 vero,

334 542 566 614 ἡδονήν.
614 543 730 600 Οὐκ
774 539 841 597 ἂν
890 543 982 598 οὖν
1033 542 1320 620 ἐκφςιγοιεν
1347 544 1447 610 τήν
1480 542 1768 618 βουζύγιον
1830 543 1986 616 ἀρὰν,

336 633 450 688 ἐσοι
503 633 581 706 μή
632 628 1021 705 δοκιμάζοντες
1066 631 1214 709 σφίσι
1261 629 1551 708 συμφέρειν
1582 631 1725 701 τινὰ,
1781 629 1986 704 ἑτέροις

334 725 506 776 ταῦτα
570 720 1032 794 παρακελεύονται
1103 724 1303 774 ποιεῖν·
1380 720 1416 788 ἢ
1494 719 1560 773 αὖ
1630 715 1987 791 τοῦμπαλιν.

337 813 516 867 Τοῦτο
579 809 832 884 βραχέως
887 810 924 878 ἡ
979 810 1164 885 ι’ραφή
1225 805 1559 878 δεδήλωκεν,
1598 807 1871 883 είρηκυῖα.
1921 807 1990 863 Ὅ

341 903 520 973 μισεῖς
552 901 690 972 (98),
740 894 899 967 ἄλλῳ
956 896 1017 952 οὐ
1049 897 1321 966 ποιήσεις.
1366 894 1521 964 Πλήν
1551 896 1605 950 οἱ
1628 896 1808 971 γάμον
1841 892 1989 949 δοκι-

342 989 624 1063 μάζοντες.
673 986 732 1042 Ἠ
760 984 917 1061 φύσις
955 989 1106 1058 ἡμᾶς
1162 984 1438 1054 ἐποίησεν,
1498 984 1682 1060 φασὶν,
1741 983 1990 1047 εὐθέτους

338 1076 474 1151 πρὸς
506 1075 712 1150 γάμον,
761 1074 837 1136 ὡς
888 1071 1061 1143 δῆλον
1110 1072 1170 1128 ἐκ
1206 1076 1305 1138 τῆς
1338 1075 1608 1145 σωμάτων
1636 1077 1991 1140 κατασκευῆς,

336 1169 444 1220 τῶν
473 1185 532 1219 τε
559 1162 797 1240 ἆρῥένων
823 1162 915 1216 καὶ
966 1166 1071 1216 τῶν
1118 1161 1379 1232 θηλειῶν·
1429 1162 1520 1216 καὶ
1575 1162 1640 1216 τὸ
1697 1160 1996 1231 Αύξάνεσθε

337 1255 429 1309 καὶ
503 1250 842 1322 πληθύνεσθε
917 1256 1163 1326 συνεχῶς
1231 1246 1560 1306 ἐπιϐοῶνται
1597 1294 1609 1307 .
1670 1249 1733 1304 Ei
1793 1247 1851 1304 δί
1902 1248 1995 1303 καὶ

338 1344 489 1398 ταῦθ’
517 1341 690 1403 οὕτως
721 1339 862 1416 ἔχει,
893 1339 1019 1395 ἀλλ’
1049 1340 1277 1416 αἴσχρόν
1310 1361 1375 1415 γε
1410 1340 1601 1401 αὐτοῖς
1635 1337 1788 1394 δοκεῖ
1812 1339 1876 1394 τὸ
1904 1339 1995 1392 καὶ

338 1437 447 1488 τῶν
481 1429 703 1506 ἀλόγων
738 1435 891 1500 ζώων
922 1430 1017 1485 τὸν
1073 1431 1177 1484 ὑπὸ
1228 1435 1363 1485 Θεοῦ
1394 1428 1871 1506 δημιουργηθέντα
1901 1425 1996 1482 ἄν·

342 1533 560 1597 θρωπον
635 1519 1025 1596 ἀκρατέστερον
1101 1520 1258 1587 εἶναι,
1336 1516 1370 1573 ἃ
1437 1521 1536 1587 τὴν
1599 1518 1873 1591 ἐπιμιξίαν
1934 1515 1996 1571 οὐ

341 1614 580 1666 ποιεῖται
611 1608 749 1682 πρὸς
796 1606 983 1664 πολλὰ
1034 1607 1123 1662 καὶ
1181 1604 1408 1677 ἆναίδην
1467 1608 1601 1680 (99),
1655 1605 1805 1662 ἀλλά
1859 1605 1997 1680 πρὸς

340 1695 397 1754 ἓν
445 1701 537 1753 καὶ
597 1691 903 1774 ὁμόφυλον
939 1698 1049 1751 οἷαι
1080 1696 1136 1750 αἱ
1166 1692 1472 1766 πελειάδες,
1522 1696 1611 1750 καὶ
1673 1696 1728 1750 al
1777 1696 1998 1772 φάσσαι,

2092 542 2336 597 bonum.
2371 543 2443 597 Ut
2470 542 2656 598 semel
2687 546 2886 597 autem
2918 541 3135 609 dicam,
3185 542 3273 597 illi
3322 543 3525 617 lingua
3567 550 3743 601 tenus

2093 648 2200 687 sua
2224 631 2587 687 deducentes
2619 629 2915 703 dogmata,
2953 630 3354 701 voluptatibus
3394 633 3746 702 servierunt,

2093 720 2194 775 alii
2229 720 2471 793 quidem
2499 720 2839 791 pellicibus,
2872 719 2973 773 alii
3003 736 3139 773 vero
3168 720 3754 791 meretricibus,plu-

2091 809 2230 863 rimi
2261 815 2459 864 autem
2491 814 2728 864 utentes
2759 807 3244 864 adolescentulis.
3278 807 3524 879 Sapiens
3550 813 3751 864 autem

2094 897 2199 951 illa
2228 897 2563 968 quaternio,
2594 897 2656 952 in
2684 897 2856 951 horto
2889 912 3024 951 cum
3068 896 3407 959 meretrice,
3447 896 3620 952 factis
3649 913 3752 950 vo-

2095 986 2384 1058 luptatem
2407 985 2654 1043 colebat.
2689 988 2816 1041 Non
2847 1002 2985 1058 ergo
3011 1002 3140 1041 eam
3161 986 3572 1058 gravissimam
3604 987 3754 1041 effu-

2095 1076 2289 1149 gerint
2320 1075 2920 1146 exsecrationem,qui
2951 1091 3085 1129 cum
3119 1074 3231 1129 sibi
3254 1073 3455 1146 aliqua
3474 1091 3596 1130 non
3609 1090 3754 1129 con-

2095 1166 2251 1220 ferre
2260 1165 2555 1236 judicent,
2588 1165 2736 1220 alios
2761 1180 2830 1218 ea
2852 1164 3164 1218 hortentur
3184 1163 3507 1229 facere,vel
3524 1170 3751 1219 contra.

2100 1255 2219 1309 Hoc
2246 1254 2502 1309 breviter
2530 1253 2833 1325 Scriptura
2886 1252 3258 1325 signiﬁcavit,
3310 1252 3554 1308 dicens:
3602 1254 3759 1317 Quod

2101 1345 2224 1399 odio
2246 1343 2540 1409 habes,alii
2558 1359 2642 1397 me
2668 1344 2865 1411 feceris
2887 1342 2982 1414 (a).
3009 1342 3299 1397 Ceterum
3323 1341 3756 1412 quimatrimo-

2101 1431 2269 1486 nium
2291 1432 2643 1504 approbant.
2672 1433 2808 1496 Nos,
2840 1431 3144 1501 inquiunt,
3176 1430 3318 1486 fecit
3340 1436 3554 1486 natura
3585 1435 3757 1502 aptos

2103 1520 2177 1575 ad
2208 1521 2751 1589 matrimonium,ut
2780 1519 2970 1591 liquet
2993 1536 3064 1574 ex
3086 1519 3519 1591 compositione
3546 1535 3757 1591 corpo-

2104 1626 2238 1665 rum
2293 1611 2697 1666 masculorum
2756 1615 2815 1664 et
2869 1610 3266 1664 feminarum:
3325 1614 3385 1664 et
3408 1609 3758 1681 frequenter

2105 1698 2254 1754 illud
2285 1699 2654 1755 acclamant:
2689 1701 2924 1754 Crescite
2954 1705 3006 1753 et
3033 1698 3603 1769 multiplicamini(b).
3634 1698 3757 1754 Etsi

343 1787 525 1843 καὶτὸ
571 1784 845 1862 τρυγόνων
892 1784 1070 1860 γένος,
1097 1784 1185 1838 καὶ
1220 1782 1320 1838 ὅσα
1346 1783 1563 1846 τούτοις
1613 1785 1995 1858 παραπλήσια.

2115 1793 2304 1843 autem
2337 1788 2463 1843 haec
2513 1804 2748 1859 quoque
2798 1788 2881 1842 ita
2929 1803 2991 1842 se
3038 1786 3317 1853 habeant,
3364 1787 3508 1858 ipsis
3557 1792 3757 1842 tamen

345 1882 465 1933 Ἔτι
497 1874 678 1953 φασὶν,
712 1898 739 1925 ‹‹
770 1874 832 1930 Ὁ
863 1870 1082 1934 ἄτεκνος
1109 1878 1209 1941 τῆς
1259 1874 1395 1927 κατά
1441 1873 1596 1946 φύσιν
1644 1872 1994 1943 τελειότητος

345 1962 723 2031 ἀπολείπεται,
769 1959 862 2017 ἇίτε
913 1961 989 2034 μὴ
1043 1960 1502 2030 ἀντικαταστήσας
1559 1964 1628 2034 τῇ
1687 1960 1847 2036 χώρᾳ
1900 1960 1992 2015 τὸν

347 2054 547 2108 οἰκεῖον
581 2048 862 2126 διάδοχον*
894 2049 1104 2111 τέλειος
1155 2051 1259 2124 γὰρ
1291 2051 1320 2104 ὁ
1368 2048 1686 2120 πεποιηκὼς
1732 2047 1783 2122 ἐξ
1831 2048 1996 2105 αὐτοῦ

344 2142 439 2197 τὸν
495 2140 713 2213 ὅμοιον·
776 2137 987 2212 μᾶλλον
1043 2135 1121 2211 δὲ,
1178 2134 1392 2192 ἐπειδὰν
1451 2139 1699 2193 κάκεῖνον
1757 2139 1819 2193 τὸ
1866 2137 1996 2192 αὐτὸ

346 2228 689 2301 πεποιηκότα
718 2225 904 2301 ἐπίδῃ,
934 2226 1368 2296 τουτέστινβταν
1398 2225 1474 2289 είς
1502 2228 1604 2295 τὴν
1637 2226 1806 2297 αὐτὴν
1833 2248 1996 2283 κατα-

348 2321 522 2394 στήσῃ
556 2317 713 2396 φύσιν
742 2317 805 2372 τὸ
832 2316 1093 2371 τεκνωθὲν
1146 2320 1225 2387 τῷ
1269 2319 1619 2373 τεκνώσαντι.
1654 2338 1682 2368 »
1716 2318 1997 2389 Γαμητὲον

347 2409 439 2463 οὖν
462 2411 680 2468 πάντως
708 2406 799 2461 καὶ
828 2408 932 2470 τῆς
982 2402 1246 2481 πατρίδος
1276 2401 1451 2474 ἓνεκα,
1484 2405 1574 2460 καὶ
1604 2411 1704 2473 τῆς
1732 2409 1840 2460 τῶν
1872 2403 2000 2460 παίε-

349 2494 455 2552 δων
490 2493 782 2571 διαδοχῆς.
807 2495 898 2549 καὶ
929 2498 1029 2560 τῆς
1060 2499 1157 2549 τοῦ
1185 2494 1420 2567 κόσμου,
1457 2494 1520 2549 τὸ
1551 2493 1676 2549 ὅσον
1710 2493 1791 2572 ἐφ’
1839 2497 2000 2567 ἡμῖν,

348 2584 804 2646 συντελειώσεως·
861 2584 977 2639 ἐπεὶ
1008 2583 1097 2638 καὶ
1146 2582 1319 2655 γάμον
1377 2582 1499 2636 τινὰ
1536 2582 1896 2658 οἱκτείρουσιν
1949 2583 2002 2636 οἱ

347 2673 575 2745 ποιηταί
606 2672 847 2746 ἡμιτελῆ
881 2674 955 2741 (1)
1002 2671 1089 2725 καὶ
1125 2668 1347 2725 ἄπαιδα·
1402 2669 1762 2742 μακαρίζουσι
1805 2666 1864 2723 δὲ
1908 2675 2000 2723 τὸν

349 2762 657 2839 ἀμφιθαλῆ.
691 2760 759 2817 Ai
790 2756 852 2813 δὶ
883 2759 1187 2826 σωματικαὶ
1234 2759 1383 2812 νόσοι
1421 2755 1659 2829 μάλιστα
1685 2756 1778 2811 τὸν
1826 2758 2000 2832 γάμον

351 2852 635 2924 ἀναγκαῖον
715 2845 1062 2901 δεικνύουσι·
1123 2847 1159 2913 ἡ
1216 2846 1317 2920 γὰρ
1372 2852 1471 2913 τῆς
1528 2845 1781 2919 γυναικὸς
1841 2843 2003 2915 κηδε.

357 2937 536 3011 μονία,
587 2935 677 2990 καὶ
731 2936 831 3002 τῆς
878 2933 1207 3008 πᾶραμονῆς
1251 2935 1286 3001 ἡ
1320 2931 1575 3003 ἑκτένειᾳ,
1631 2934 1728 2995 τὰς
1781 2932 1841 2988 ἐκ
1893 2938 2004 2990 τῶν

357 3023 544 3081 ἄλλων
578 3023 790 3079 οἰκείων
821 3022 911 3077 καὶ
961 3021 1139 3097 φίΛων
1178 3014 1351 3075 ἔοικεν
1413 3020 1786 3096 ὑπερτίθεσθαι
1834 3044 2004 3097 προσ-

350 3114 690 3189 καρτερέσεις
741 3111 853 3183 ὅσῳ
899 3114 967 3183 τῇ
1020 3109 1326 3182 συμπαθείᾳ
1375 3106 1647 3186 διαφέρειν
1693 3111 1783 3165 καὶ
1832 3132 2002 3186 προσ-

354 3200 587 3279 εδρεύειν
648 3197 886 3273 μάλιστα
931 3198 1142 3252 πάντων
1196 3202 1560 3272 προαιρεῖταυ
1610 3199 1697 3253 καὶ
1754 3204 1836 3272 τῷ
1887 3196 2003 3255 ὅντι

2105 1884 2276 1948 turpe
2304 1876 2557 1944 videtur,
2591 1875 2750 1947 quod
2798 1876 2999 1939 homo,
3034 1891 3213 1946 quem
3244 1876 3399 1930 Deus
3429 1880 3520 1930 est
3565 1876 3760 1930 archi-

2106 1970 2378 2035 tectatus,
2438 1966 2514 2019 sit
2559 1964 2964 2019 animantibus
3011 1963 3201 2019 brutis
3242 1963 3757 2035 intemperantior,

2104 2070 2237 2124 quas
2268 2069 2402 2109 cum
2433 2053 2637 2108 multis
2660 2058 2719 2107 et
2749 2058 2968 2107 temere
2998 2068 3121 2107 non
3152 2051 3636 2125 congrediuntur,
3654 2051 3759 2107 sed

2106 2160 2240 2198 cum
2271 2160 2413 2210 uno,
2448 2147 2506 2198 et
2535 2141 2695 2213 quod
2726 2142 2804 2196 sit
2821 2140 3091 2214 ejusdem
3111 2141 3347 2213 generis
3373 2157 3386 2195 :
3419 2140 3760 2213 cujusmodi

2108 2239 2248 2289 sunt
2276 2232 2592 2300 columbas,
2625 2237 2684 2287 et
2711 2230 3046 2302 palumbes,
3080 2236 3140 2285 et
3163 2247 3351 2303 genus
3374 2234 3762 2297 turturum,et

2109 2340 2240 2394 qum
2271 2326 2412 2376 sunt
2454 2321 2548 2375 his
2599 2319 2838 2377 similia.
2900 2341 2928 2369 «
2962 2321 3276 2384 Praeterea,
3311 2318 3611 2388 inquiunt,
3657 2319 3760 2389 qui

2109 2416 2270 2467 caret
2301 2409 2527 2475 liberis,
2555 2413 2647 2463 est
2674 2424 2744 2463 ea
2773 2406 3139 2479 perfectione
3186 2406 3476 2472 defectus,
3510 2424 3641 2477 qum
3673 2410 3765 2461 est

2112 2497 2442 2554 secundum
2472 2501 2768 2563 naturam,
2801 2500 2868 2549 ut
2895 2494 2997 2565 qui
3030 2509 3203 2548 suum
3248 2508 3653 2549 successorem
3698 2494 3764 2549 in

2112 2602 2285 2641 suum
2315 2585 2513 2639 locum
2538 2599 2659 2637 non
2714 2581 3104 2638 substituerit.
3146 2590 3210 2654 ,β
3252 2580 3554 2636 Perfectus
3601 2582 3763 2637 enim

2111 2679 2221 2736 est.
2254 2674 2355 2743 qui
2377 2688 2449 2726 ex
2470 2672 2666 2743 seipso
2687 2671 2828 2726 fecit
2849 2670 3108 2726 similem
3134 2686 3146 2723 :
3179 2669 3272 2725 vel
3295 2670 3492 2741 potius
3521 2670 3759 2741 quando

2112 2762 2283 2816 illum
2305 2761 2462 2815 idem
2488 2760 2699 2815 fecisse
2720 2760 2951 2830 viderit,
2976 2759 3087 2814 hoc
3110 2764 3219 2826 est,
3252 2758 3493 2830 quando
3515 2760 3578 2813 in
3601 2775 3766 2816 eam-

2113 2850 2251 2905 dem
2280 2849 2616 2920 pervenerit
2636 2853 2910 2904 naturam
2945 2848 3123 2918 illius,
3157 2848 3329 2919 cujus
3360 2854 3470 2915 est,
3493 2848 3595 2919 qui
3627 2865 3765 2904 eum

2112 2939 2335 3011 genuit.
2362 2960 2390 2988 ››
2410 2940 2512 2993 Est
2531 2955 2668 3011 ergo
2689 2939 2935 2993 omnino
2966 2954 3116 2993 uxor
3143 2937 3435 3003 ducenda,
3468 2942 3528 2992 et
3556 2938 3763 3009 patriai

2114 3044 2314 3091 causa,
2352 3034 2411 3082 et
2438 3028 2763 3083 liberorum
2786 3026 3201 3092 successionis,
3235 3032 3295 3081 et
3323 3026 3554 3094 mundi,
3574 3044 3768 3098 quan-

2116 3122 2243 3171 tum
2277 3122 2367 3171 est
2395 3117 2457 3170 in
2507 3117 2701 3183 nobis,
2752 3116 3153 3186 perfectionis.
3204 3117 3349 3170 Nam
3381 3115 3554 3171 istius
3585 3117 3765 3171 etiam

2117 3205 2483 3260 matrimonii
2508 3205 2867 3259 miserentur
2892 3209 3101 3275 poetas,
3135 3202 3293 3274 quod
3311 3209 3401 3258 est
3418 3205 3768 3274 semiperfec-

354 3289 492 3344 κατὰ
536 3288 636 3355 τήν
668 3286 885 3363 Γραφὴν
919 3284 1174 3360 ἀναγκαία
1213 3284 1414 3359 βοηθός
1445 3289 1541 3357 (2)·
1573 3290 1634 3342 '0
1665 3284 1796 3361 γοῦν
1824 3308 2006 3360 κωμι-

2117 3301 2232 3349 tum
2262 3299 2321 3348 et
2349 3300 2511 3348 caret
2540 3293 2780 3360 liberis;
2811 3293 3051 3348 beatum
3095 3298 3296 3346 autem
3328 3293 3654 3362 praedicant
3682 3293 3765 3361 id,

353 3379 452 3440 κὸς
483 3373 813 3451 Μένανδρος,
843 3371 1204 3448 καταδραμὼν
1236 3378 1333 3429 τοῦ
1363 3373 1562 3449 γάμου,
1612 3374 1758 3432 ἀλλὰ
1804 3378 1891 3431 καὶ
1939 3378 2006 3432 τὰ

2116 3382 2275 3453 quod
2304 3381 2479 3438 ﬂoret
2499 3387 2560 3437 et
2584 3385 2859 3453 germinat
2901 3382 3287 3450 undequaque.
3336 3380 3523 3436 Morbi
3568 3387 3769 3437 autem

356 3468 611 3542 χρήσιμα
639 3463 946 3535 ἀντιτιθεὶς,
983 3465 1333 3538 ἀποκρίνεται
1358 3469 1437 3536 τῷ
1471 3464 1696 3525 εἰπόντι,

2115 3471 2380 3543 corporis
2412 3472 2666 3527 maxime
2686 3470 2956 3526 indicant
2976 3469 3380 3525 necessarium
3403 3484 3533 3524 esse
3558 3469 3767 3524 matri-

357 3565 642 3621 monium.
681 3563 888 3618 Uxoris
918 3562 1077 3616 enim
1107 3579 1249 3617 cura
1280 3567 1339 3618 et
1366 3563 1605 3618 assidua
1633 3564 1764 3636 ejus
1793 3567 2239 3635 perseverantia
2274 3567 2507 3623 videtur
2530 3568 2786 3623 aliorum
2825 3566 3297 3622 necessariorum
3352 3570 3411 3621 et
3439 3565 3767 3622 amicorum

358 3658 591 3708 tantum
622 3666 902 3722 superare
935 3651 1329 3718 tolerantiam,
1364 3659 1584 3722 quanto
1613 3670 1681 3708 ea
1712 3658 1917 3709 mutua
1946 3653 2169 3710 doloris
2200 3657 2595 3712 consensione
2643 3661 2703 3711 et
2742 3654 3151 3710 misericordia
3191 3653 3515 3720 antecellit,
3548 3659 3607 3709 et
3648 3654 3773 3709 vult

363 3741 632 3796 omnium
665 3739 920 3795 maxime
950 3738 1228 3795 lubenter
1255 3740 1462 3796 adesse
1497 3747 1554 3796 et
1577 3743 1895 3814 praesentia
1923 3760 2030 3799 sua
2059 3761 2421 3799 succurrere.
2456 3746 2528 3799 Et
2573 3760 2779 3800 revera
2833 3760 2905 3799 ex
2958 3744 3275 3814 Scriptura
3332 3743 3628 3798 sententia
3681 3747 3775 3798 est

361 3828 701 3885 necessaria
729 3827 987 3898 adjutria:
1017 3832 1104 3896 (c).
1139 3828 1458 3884 Menander
1486 3830 1687 3902 itaque
1717 3832 2000 3903 comicus,
2032 3849 2167 3889 cum
2198 3834 2646 3889 matrimonium
2670 3838 2828 3890 esset
2865 3832 3211 3902 insectatus,
3243 3830 3362 3886 alia
3392 3830 3571 3887 etiam
3602 3831 3776 3887 utilia

363 3933 690 3990 opponens,
722 3915 1045 3987 respondet
1064 3915 1139 3983 ei,
1173 3917 1273 3987 qui
1302 3917 1569 3973 dixerat:

556 4020 693 4094 πρὸς
724 4017 786 4073 τὸ
816 4015 1174 4094 πρᾶγμ’,ἕχιιξ
1196 4023 1396 4094 κακέῖξς·

433 4085 837 4166 Ἐπαρίστερῶς
861 4085 982 4166 ’γὰρ’
1002 4085 1129 4145 αὖτό
1161 4085 1526 4163 λαμϐάνεις...
1541 4135 1553 4147 .

2199 4030 2448 4099 Affectus
2476 4032 2536 4084 in
2567 4046 2680 4084 rem
2704 4044 2823 4085 sum
2851 4027 2992 4083 male
3018 4042 3038 4081 :

2196 4095 2332 4155 Nam
2363 4108 2421 4155 tu
2439 4103 2682 4169 sinistre,
2712 4117 2810 4156 nec
2839 4100 2990 4170 bene,
3037 4098 3182 4153 hanc
3207 4095 3429 4167 quidem
3458 4096 3628 4166 capis.

432 4234 497 4298 ᾖ(
524 4236 587 4290 P.
620 4236 725 4289 504
755 4236 865 4288 ED.
900 4234 1192 4289 POTTER.
1270 4235 1347 4307 (a)
1376 4235 1514 4290 Tob.
1551 4252 1624 4303 Iv,
1658 4238 1742 4291 l6.
1820 4237 1896 4309 (b)
1931 4240 2006 4295 Ge

2115 4260 2140 4295 ι.
2174 4259 2211 4311 ι,
2244 4245 2332 4299 28.
2411 4243 2480 4316 (c)
2513 4245 2720 4299 Genes.
2756 4261 2815 4311 ιι,
2853 4245 2938 4298 18.

437 4359 551 4432 (97)
599 4361 716 4426 Τῆς
766 4358 1005 4432 ἑταίρας.
1058 4360 1362 4432 Praecipue
1411 4361 1720 4417 Leontium
1771 4363 2021 4419 innuere

364 4431 615 4503 videtur,
666 4448 798 4501 quas
830 4431 1103 4503 Epicuro
1153 4439 1211 4485 et
1248 4431 1553 4503 Epicureis
1582 4434 1641 4487 in
1674 4434 1836 4488 horto
1892 4452 2021 4491 sese

733 4502 1068 4595 atl‘iepmus
1128 4503 1229 4595 ξι).
1282 4502 1400 4595 itm,
1451 4522 1578 4595 cap.
1622 4507 1690 4595 ϐξ
1725 4504 1899 4595 θ’ὗτρς
1928 4505 2020 4560 οὗν

2132 4387 2264 4430 σεις.
2326 4371 2432 4425 Ubi
2492 4371 2649 4427 conf.
2706 4387 2837 4441 quas
2886 4368 3189 4425 adnotavit
3235 4363 3582 4441 Gotelerius.
3612 4362 3779 4441 Conf.

2131 4441 2311 4521 etiam
2328 4443 2510 4521 Opust.
2542 4435 2853 4521 apostilib.
2889 4456 3127 4521 nihcap‘.
3165 4441 3229 4492 15
3256 4454 3269 4504 ;
3302 4435 3405 4490 lib.
3440 4437 3778 4521 vuzncap.2;

2132 4509 2666 4582 Recognitionum—S.
2703 4512 3025 4582 Clementis
3050 4509 3156 4582 lib.
3204 4509 3601 4582 vm,_cap.‘56.

385 4572 696 4653 Επίξουρος
728 4571 791 4625 οὐ
824 4571 1078 4653 Λεόντιον
1111 4572 1254 4653 εἶχεν
1296 4571 1599 4653 ξρωμρνὴν,
1629 4576 1729 4645 τήν
1763 4575 1850 4653 ἐπὶ
1883 4577 2006 4631 Erat

2204 4571 2317 4653 (99)
2375 4579 2633 4651 uncam
2718 4579 2939 4648 Ἀνέδην
2999 4581 3095 4653 hic
3152 4586 3212 4635 et
3263 4571 3578 4649 aliquoties
3628 4575 3784 4632 infra

367 4643 485 4718 ρείᾳ
513 4639 807 4711 διαϐόητον
834 4642 1132 4769 γινομένην
1302 4639 1359 4701 δὲ
1405 4639 1512 4719 οὐχ
1534 4639 1649 4700 ’ὅτε
1687 4639 2020 4725 φιλοσοφεῖν

367 4716 593 4769 ἤρξατο.
644 4714 913 4769 ἐπαύσατο
990 4718 1274 4769 ταιοοῦσα-
1323 4716 1452 4769 πᾶσί
1502 4737 1561 4769 τε
1606 4723 1725 4769 τοῖς
1777 4720 2020 4769 Ἐπικου-

367 4714 593 4789 ἦρλξατο,
644 4714 913 4789 ἐπαύσατο
964 4714 1274 4789 ἑταιροῦσα,
1323 4714 1567 4789 naut};
1606 4714 1725 4789 τοῖέ
1777 4714 2027 4774 Ἐπάου-

369 4785 538 4862 pete};
590 4785 855 4862 deviavit;
904 4791 1021 4847 τοῖς
1071 4785 1291 4862 κήποιςς
1347 4787 1656 4862 Ἐπικούρῳ
1690 4786 1748 4843 δὲ
1776 4791 1865 4862 καὶ
1898 4791 2023 4845 ἀνα-

368 4853 591 4934 ἱρανδὸν,
652 4856 780 4934 ᾤστ⁹
810 4855 1062 4934 ἐκεῖνον,
1111 4853 1330 4934 πολλὴν
1379 4853 1648 4934 φροντίδα
1693 4861 2023 4934 ποιούμενον

368 4926 558 5007 αὐτῆς,
606 4930 754 5007 τοῇτξ
807 4926 1117 5007 ἑμέρανίζε-ιν
1166 4928 1255 4984 διὰ
1283 4926 1397 4985 τῶν
1420 4926 1559 5004 πρὸς
1589 4926 1878 5007 ’Ἐρμαχον
1907 4933 2025 4988 ἐπιο

370 5006 605 5056 στολῶν.
637 5001 817 5071 Hujus
846 5001 1080 5071 Epicuri
1108 5019 1294 5057 annon
1321 5001 1533 5072 famosa
1560 5001 1823 5060 mere‘trili‘
1851 5009 2026 5062 Leon-

372 5077 511 5129 tium
566 5076 747 5127 amica
801 5075 963 5147 fuit?
1017 5072 1124 5128 Illa
1166 5081 1350 5128 autem
1394 5075 1761 5146 philosophia
1801 5094 2026 5147 operam

369 5160 578 5201 navare
619 5159 743 5199 cum
790 5145 1058 5216 cwpisset,
1106 5161 1217 5216 non
1258 5147 1380 5200 ideo
1408 5145 1643 5201 scortari
1671 5145 1904 5216 destitit,
1934 5151 2028 5205 sed

369 5216 667 5290 Epicureis
711 5215 961 5290 omnibus
1007 5218 1068 5290 in
1115 5215 1313 5290 hortis,
1335 5234 1392 5290 se
1412 5219 1726 5290 prostituit,
1760 5224 1813 5273 et
1835 5221 2025 5290 palam

409 5286 592 5343 itidem
622 5288 916 5355 Epicureo,
947 5286 1085 5340 adeo
1104 5292 1176 5359 ut
1202 5287 1269 5342 de
1298 5288 1399 5342 illa
1428 5288 1658 5344 multum
1699 5286 1872 5359 fuerit
1913 5293 2027 5347 sol-

394 5358 557 5439 icitus
593 5359 915 5439 Epicurus:
954 5358 1117 5439 quod
1155 5359 1386 5439 suis_ad
1430 5358 1795 5439 Hennachum
1824 5362 2025 5439 litteris

373 5428 696 5507 declaravit.
732 5428 899 5484 Conf.
952 5428 1242 5502 Diogenes
1282 5430 1547 5485 Laertius
1578 5430 1680 5486 lib.
1731 5450 1788 5502 ι,
1841 5450 1959 5507 seg.
1991 5437 2027 5489 4

375 5506 434 5555 et
457 5517 582 5556 sea.

445 5519 647 5647 (ὶέ)Ἇο
691 5574 902 5647 μισεῖς.
966 5570 1106 5647 _T0b.
1166 5589 1239 5641 1v,
1274 5575 1339 5626 1³7
1365 5569 1578 5647 εμΚαίρὸ
1609 5576 1806 5645 μισεῖς,
1842 5572 2029 5647 μηδενὶ

375 5642 635 5718 notata-nc.
676 5643 1159 5718 constitutionum
1193 5644 1427 5718 apostol.
1474 5642 1674 5718 libuit,
1695 5642 1826 5718 cap.
1843 5642 1882 5701 ’1
1914 5664 1927 5701 :
1958 5648 2029 5704 Ὅ

378 5713 442 5765 σὺ
488 5714 664 5785 μισεῖς
714 5712 802 5788 ὑφ’
852 5712 1038 5787 ἑτερου
1079 5712 1165 5768 σοὶ
1194 5712 1458 5789 γὶνὲσθαι,
1491 5714 1556 5769 σὺ
1584 5714 1744 5788 ἄλλῳ
1766 5712 1835 5771 οὐ
1864 5720 2032 5790 ποιή-

2137 4652 2517 4709 scribendum
2549 4654 2782 4709 monuit
2811 4652 3106 4708 Heinsius.

2208 4723 2607 4852 (ἓόέῌμιτελῆ.
2634 4726 2923 4780 Homerus
2951 4724 3026 4779 de
3056 4720 3382 4777 Protesilao
3411 4720 3514 4789 ait,
3545 4720 3710 4775 Iliad.
3740 4720 3786 4774 Β

2136 4813 2187 4852 ν.
2223 4813 2359 4852 ιυοε

2135 4907 2424 4988 ῙοῷδΞ-καὶ
2455 4907 2809 4988 ἀμφιδρυφὴς
2832 4907 3041 4988 ᾅλοᾳχοίς
3074 4904 3301 4988 Φυλάκῃ
3329 4901 3641 4988 ἐλίλειπτο,

2135 4982 2239 5037 Καὶ
2270 4979 2441 5054 δόμος
2472 4974 2774 5055 ἡμιτελής-⁷
2796 4981 2888 5036 τὸν
2922 4974 2980 5035 δῖ
2996 4977 3184 5035 ἔκτανε
3213 4974 3486 5052 Δάρδανος
3516 4976 3677 5051 ἀνήρ.

2136 5090 2317 5161 Hujus
2348 5090 2534 5145 ambas
2567 5091 2810 5146 lacerata
2837 5105 3003 5159 genas
3030 5103 3176 5143 uxor
3203 5088 3265 5142 in
3311 5086 3572 5161 Phylace_
3594 5085 3792 5140 relicta

2138 5234 2205 5287 Et
2257 5233 2448 5288 domus
2501 5231 2882 5304 semiperfecta
2904 5248 2923 5286 :
2983 5231 3125 5286 hunc
3180 5229 3380 5304 etenim
3418 5154 3789 5304 intei‘zggrat

3258 5299 3573 5372 [Dardanus
3600 5298 3709 5349 vir.

2142 5402 2250 5458 Ubi
2281 5402 2629 5460 scholiastes
2660 5408 2824 5460 vetus
2872 5403 2992 5459 ait:
3030 5394 3358 5473 Ἦμιτελής,
3388 5392 3516 5463 ἤτοι
3546 5389 3789 5518 aitagit):

2210 5584 2286 5651 (2)
2319 5581 2555 5651 Βοηθός.
2614 5583 2769 5638 Deus
2826 5595 3073 5663 uxorem
3133 5573 3395 5659 appellat
3438 5568 3640 5695 βοτγθὸν
3669 5565 3791 5650 κμτ⁹

2210 5650 2315 5695 τόνν
2355 5654 2544 5695 (ἔρημα
2597 5671 2637 5695 n
2695 5655 2760 5695 ιςι
2824 5654 2971 5695 Μητ-
3006 5645 3151 5695 ἄλλα
3179 5665 3268 5695 και
3298 5643 3366 5695 τὰ
3396 5658 3492 5695 γρ.
3548 5643 3667 5695 emt
3703 5653 3791 5692 ln-

2140 5643 2322 5779 ῗῦτόν,
2355 5643 2563 5711 Genes.
2597 5671 2659 5721 ιι,
2695 5655 2780 5708 18.
2824 5654 2973 5718 Mox,
3006 5644 3151 5703 ἄλλα
3170 5643 3268 5700 καὶ
3298 5643 3366 5698 τὰ
3396 5643 3492 5716 χρ.
3523 5643 3667 5714 legit
3703 5643 3791 5692 in-

2170 5740 2393 5796 erpres.
