4034 6148
308 305 451 365 1093

1648 306 2093 363 STROMA'I‘UM
2129 307 2265 363 LIB.
2306 306 2378 363 II.

3577 310 3717 367 1096

300 433 769 503 ποιήσουσιν,καὶ
818 430 1182 488 καταλύσουσι
1230 436 1327 494 τάς
1372 451 1433 486 τε
1477 428 1688 495 πόλεις,
1736 430 1825 485 καὶ
1856 429 1950 485 τὸν

2069 430 2234 487 beros
2282 447 2406 488 non
2453 432 2844 504 susceperint,
2900 436 3196 504 quatenus
3243 435 3305 491 in
3352 435 3426 492 iis
3470 435 3714 508 quidem

302 522 509 594 κόσμον
540 522 631 576 τὸν
683 523 743 576 ἐκ
784 519 1016 576 τούτων’
1047 521 1111 575 τὸ
1141 518 1199 575 δὲ
1245 524 1495 575 τοιοῦτον
1546 514 1752 588 ἀσεϐὲς,
1803 517 1949 582 θείαν

302 607 512 684 γένεσιν
567 606 970 663 καταλυόντων*
1041 603 1150 677 ἤδη
1211 604 1271 663 δὲ
1325 603 1586 681 ἄνανδρον
1638 605 1728 660 καὶ
1786 604 1953 659 ἀσθε-

299 698 388 761 νες
417 701 512 769 (8),
542 697 643 764 τὴν
680 697 814 770 μετὰ
848 697 1101 771 γυναικὸς
1141 697 1232 751 καὶ
1286 696 1488 751 τέκνων
1547 695 1759 772 φεύγειν
1809 715 1953 767 συμ-

304 782 500 841 ϐίωσιν
534 804 548 819 ⁵
605 782 668 840 οὗ
724 785 829 861 γὰρ
888 787 924 855 ἡ
983 779 1241 853 ἀποϐολὴ
1293 784 1458 840 κακόν
1518 782 1630 839 ἐστι
1664 829 1680 854 ,
1750 781 1952 838 τούτου

302 874 518 938 πάντως
548 877 584 945 ἡ
617 881 808 944 κτῆσις
866 873 1084 949 ἀγαθόν·
1119 867 1238 949 ἔχει
1274 870 1323 928 δ’
1354 872 1498 928 οὕτω
1553 871 1645 928 καὶ
1694 870 1783 926 ἐπὶ
1838 875 1948 925 τῶν

302 964 543 1021 λοιπῶν.
582 961 761 1020 Ἀλλὰ
794 963 902 1035 μὴν
935 964 970 1032 ἡ
1002 966 1113 1017 τῶν
1159 962 1371 1017 τάκνων
1416 956 1638 1029 ἀποϐλή
1668 964 1777 1016 τῶν
1811 962 1953 1016 ἀνω-

297 1052 445 1109 τάτω
496 1056 679 1108 κακῶν
735 1050 869 1117 ἐστι,
920 1051 1098 1127 φασίν·
1128 1053 1163 1120 ἡ
1197 1051 1289 1105 οὗν
1341 1055 1449 1106 τῶν
1500 1051 1702 1106 τὲκνων
1761 1056 1953 1120 κτῆσις

298 1142 523 1217 ἀγαθόν·
557 1140 603 1197 εἰ
636 1138 693 1196 6‘s
721 1144 907 1207 τοῦτο,
939 1140 1027 1194 καὶ
1062 1140 1090 1194 6
1120 1140 1322 1215 γάμος.

2064 521 2243 576 situm
2267 525 2377 589 est,
2399 521 2710 578 hominum
2730 523 3035 578 raritatem
3053 523 3355 590 invehent,
3377 531 3435 580 et
3450 526 3715 583 civitates

2061 608 2404 677 dissolvent,
2429 616 2508 679 et,
2539 611 2642 682 qui
2662 627 2732 666 ex
2759 612 2846 667 eis
2878 617 3134 676 constat,
3165 613 3478 669 mundum.
3504 616 3573 691 Hi
3604 632 3714 672 au—

2061 702 2181 753 tem
2208 699 2390 770 impie
2421 705 2625 771 agunt,
2656 705 2722 754 ut
2736 700 2837 771 qui
2859 700 3139 756 divinitus
3167 700 3500 758 institutam
3524 719 3712 775 gene-

2061 787 2358 841 rationem
2387 787 2718 843 destruant.
2752 788 3089 853 Quinetiam
3140 788 3333 861 ignavi
3384 796 3474 845 est
3520 790 3715 848 imbe-

2060 875 2183 929 cilli
2205 875 2417 944 animi,
2448 875 2651 947 fugere
2681 878 3173 950 conjunctionem
3203 879 3339 933 vitae
3371 883 3431 934 et
3458 895 3710 936 consue-

2063 964 2331 1021 tudinem
2374 981 2510 1020 cum
2561 982 2742 1021 uxore
2775 972 2835 1021 et
2890 967 3114 1021 liberis.
3174 967 3354 1039 Cujus
3412 968 3572 1023 enim
3624 974 3717 1024 est

2061 1053 2302 1108 amissio
2319 1053 2569 1120 malum,
2595 1056 2723 1126 ejus
2753 1055 2997 1111 omnino
3020 1056 3316 1127 possessio
3338 1056 3561 1112 bonum
3583 1064 3711 1126 est;

2061 1139 2144 1196 ita
2171 1147 2369 1199 autem
2402 1159 2464 1198 se
2495 1142 2674 1198 habet
2693 1143 2873 1199 etiam
2905 1144 2967 1198 in
2993 1144 3263 1215 reliquis.
3287 1144 3465 1217 Atqui
3489 1145 3713 1203 libero-

297 1250 433 1289 rum
463 1231 725 1299 amissio,
758 1231 1059 1302 inquiunt,
1105 1236 1195 1287 est
1224 1247 1294 1285 ex
1324 1229 1617 1303 supremis
1660 1229 1834 1286 malis
1881 1229 2206 1287 liberorum
2238 1222 2376 1303 ergo
2407 1233 2729 1304 possessio,
2760 1233 2986 1289 bonum
3018 1239 3146 1302 est;
3198 1233 3357 1305 quod
3389 1235 3438 1289 si
3480 1235 3563 1291 ita
3600 1241 3712 1305 est,

311 1323 492 1379 etiam
516 1320 996 1378 matrimonium.

295 1465 454 1540 :Avsu
574 1463 800 1540 πατρός,
833 1461 990 1540 φησὶ,
1022 1460 1213 1540 τέκνον
1240 1461 1341 1540 οὐκ
1371 1459 1453 1533 εἴη
1497 1463 1619 1517 ποτ’
1649 1459 1732 1520 ἄν.

299 1535 464 1591 Ἀνευ
495 1529 948 1609 83Ap1ﬁp64'0'66i
973 1529 1225 1609 συλλαβὴ
1260 1529 1472 1609 τέκνου.

297 1610 509 1683 Πατερα
540 1603 599 1660 δέ
629 1603 808 1681 γάμος
839 1610 919 1681 (9)
949 1611 1119 1676 ποιεῖ,
1152 1606 1229 1667 ὡς
1265 1606 1474 1680 μητερα
1502 1603 1664 1678 ἀνήρ.

299 1747 490 1817 Εὖχήν
519 1748 612 1803 οὗν
663 1747 922 1823 μεγίστην
981 1748 1073 1803 καὶ
1128 1749 1383 1823 Ὅμηρος
1437 1744 1665 1815 τίθεται,
1696 1741 1863 1819 ἄνδρα
1890 1764 1949 1799 τε

2130 1464 2376 1534 Namque
2402 1464 2604 1534 absque
2626 1471 2792 1535 patre
2819 1465 3017 1521 liberos
3046 1482 3206 1522 nemo
3236 1468 3366 1522 tulit
3390 1484 3412 1531 ,°

2128 1536 2235 1619 get;
2261 1537 2476 1619 absque
2488 1542 2664 1592 matre
2679 1536 2788 1619 ﬁlii
2818 1540 3104 1619 conceptio
3123 1556 3142 1593 .-

2129 1606 2351 1662 Patrem
2380 1613 2563 1663 autem
2599 1610 2811 1679 nuptiae
2840 1606 3112 1678 efﬁciunt,
3144 1615 3208 1664 ut
3235 1612 3323 1664 vir
3350 1616 3602 1667 matrem.

2060 1746 2377 1802 Maximum
2408 1748 2608 1820 itaque
2640 1755 2839 1805 votum
2871 1751 3078 1806 statuit
3106 1751 3414 1819 Homerus,
3447 1751 3628 1808 virum
3657 1760 3712 1808 et

296 1836 386 1892 καὶ
419 1836 591 1906 οἶκον,
631 1834 758 1891 ἀλλ’
817 1835 930 1911 οὐχ
959 1836 1172 1906 ἁπλῶς,
1212 1834 1346 1909 μετὰ
1403 1833 1789 1909 ὁμοφροσύνης
1833 1833 1947 1904 (10)

2069 1834 2354 1903 Familiam,
2389 1837 2493 1892 sed
2524 1853 2647 1892 non
2678 1837 2972 1906 absolute,
3003 1855 3209 1894 verum
3254 1855 3374 1894 cum
3409 1841 3549 1895 bona
3578 1857 3708 1896 cono

298 1922 356 1981 δὲ
382 1931 482 1995 τῆς
540 1922 757 1994 ἐσθλῆς.
817 1925 878 1982 Ὀ
914 1925 1007 1998 μὶν
1066 1924 1171 1999 γὰρ
1226 1928 1336 1979 τῶν
1396 1922 1585 1979 ἄλλων
1634 1920 1812 1997 γάμος
1867 1918 1949 1997 ἔφ’

2055 1925 2320 1979 sensione.
2354 1926 2499 1980 Nam
2554 1925 2809 1981 aliorum
2867 1926 3110 1997 quidem
3166 1927 3619 1984 matrimonium
3646 1929 3710 1985 in

298 2012 607 2087 ἡδυπαθείᾳ
655 2016 903 2087 ὁμονοεῖ,
945 2015 974 2070 ὁ
1005 2012 1063 2069 δὲ
1087 2018 1198 2070 τῶν
1230 2012 1678 2090 φιλοσοφούντων
1721 2011 1809 2068 ἐπὶ
1850 2012 1954 2080 τήν

2069 2011 2358 2084 voluptate
2381 2015 2683 2070 consentit
2712 2021 2769 2069 et
2789 2013 3186 2072 delectatione
3208 2034 3223 2083 ;
3247 2032 3455 2072 eorum
3485 2023 3707 2086 autem,

296 2104 435 2159 κατὰ
489 2103 661 2179 Λόγον
694 2102 955 2176 ὁμόνοιαν
1001 2103 1140 2177 ἄγει,
1171 2103 1200 2157 ὁ
1233 2104 1309 2175 μή
1340 2102 1403 2157 τὸ
1433 2099 1579 2165 εἶδος
1633 2102 1764 2175 (11),
1798 2099 1946 2155 ἀλλὰ

297 2192 363 2248 τὸ
414 2194 550 2262 ἧθος
603 2189 906 2265 ἐπιτρέπων
965 2196 1084 2253 ταῖς
1129 2192 1336 2266 γυναιξί
1394 2195 1756 2263 κοσμεῖσθαι,
1818 2184 1949 2262 μηδ’

299 2282 375 2344 ὡς
430 2279 730 2357 ὲρωμέναις
787 2281 1028 2356 χρῆσθαι
1083 2284 1208 2342 ταῖς
1260 2284 1526 2354 γαμεταῖς
1598 2278 1951 2355 προστάττων

296 2375 414 2432 τοῖς
453 2367 700 2445 ἂνδράσι,
759 2369 964 2425 σκοπὸν
1020 2367 1420 2442 πεποιημένοις
1468 2368 1572 2437 τήν
1622 2372 1731 2423 τῶν
1759 2365 1948 2441 σωμά-

300 2481 409 2516 των
441 2453 619 2534 ὕϐρινο
671 2457 800 2514 ἀλλ’
855 2458 934 2518 εἷς
995 2459 1250 2533 βοήθειαν
1307 2457 1507 2521 παντὸς
1550 2460 1649 2513 τοῦ
1709 2457 1833 2532 βίου
1861 2458 1950 2511 καὶ

298 2551 400 2617 τήν
458 2547 679 2623 ἀρίστην
739 2546 1093 2624 σωφροσύνην
1151 2546 1551 2621 περιποιεῖσθαι
1605 2545 1697 2600 τὸν
1752 2545 1951 2618 γάμον.

303 2638 496 2711 [Iupch
523 2637 647 2711 γὰρ,
694 2637 875 2707 οἶμαι,
910 2635 1001 2689 καὶ
1057 2637 1260 2708 κριθῶν
1313 2654 1372 2688 τε
1401 2631 1466 2687 αὖ
1498 2633 1633 2687 κατὰ
1685 2631 1815 2694 τοὺς
1871 2632 1956 2685 οἱ-

300 2726 479 2788 κείους
522 2724 744 2799 καιροὺς
789 2718 1289 2794 καταϐαλλομένων
1350 2722 1703 2794 σπερμάςων,
1754 2719 1955 2791 τιμιώ-

301 2816 458 2888 τερός
509 2812 651 2869 ἔστιν
710 2812 738 2865 6
790 2810 1151 2883 σπειρόμενος
1208 2807 1510 2881 ἄνθρωπος,
1548 2808 1594 2879 ᾦ
1624 2806 1798 2861 πάντα
1827 2805 1958 2882 φύε-

304 2918 413 2954 ται⁸
446 2900 669 2954 κάκεῖνά
694 2917 756 2973 γε
785 2897 874 2951 καὶ
928 2898 1189 2974 νήφοντες
1246 2890 1653 2950 καταϐάλλουσι
1694 2895 1763 2949 τὰ
1791 2895 1958 2970 σπὲρ-

312 3009 453 3063 ματα
483 2989 534 3043 οἱ
563 2984 822 3063 γεωργοί.
858 2991 964 3040 Πᾶν
1016 2982 1131 3055 οὖν,
1166 2982 1220 3039 εἴ
1260 3005 1314 3039 τι
1345 2983 1583 3059 ῥυπαρὸν
1636 2983 1727 3039 καὶ
1782 3004 1954 3057 μεμο-

310 3077 571 3151 λυσμένον
632 3072 992 3146 ἐπιτήδευμα,
1051 3073 1410 3146 ἀφαγνιστὲον
1467 3076 1564 3127 τοῦ
1618 3074 1822 3149 γάμου,
1880 3072 1957 3135 ὡς

312 3169 388 3241 μή
423 3163 848 3236 ὀνειδισθείημεν
880 3162 978 3232 τήν
1010 3167 1116 3217 τῶν
1142 3160 1363 3238 ἀλόγων
1394 3163 1547 3230 ζώων
1579 3158 1823 3229 σύνοδον,
1854 3164 1954 3227 τῆς

308 3253 651 3329 ἀνθρωπίνης
691 3250 942 3326 συζυγίας
997 3248 1325 3322 συνᾴδουσαν
1377 3254 1448 3323 τῇ
1501 3249 1653 3327 φύσει
1718 3248 1957 3323 μᾶλλον,

2059 2099 2160 2171 qui
2184 2101 2702 2173 philosophantur,
2725 2103 3178 2160 matrimonium
3200 2104 3441 2161 deducit
3459 2105 3535 2161 ad
3551 2122 3711 2175 eum,

2060 2190 2160 2260 qui
2180 2195 2271 2245 est
2289 2191 2619 2247 secundum
2643 2191 2842 2263 Logon
2862 2209 2966 2248 seu
2980 2193 3296 2260 rationem,
3318 2210 3710 2264 consensum;

2061 2279 2163 2351 qui
2194 2296 2316 2336 non
2346 2279 2626 2349 formam,
2659 2280 2763 2336 sed
2789 2297 2988 2337 mores
3017 2281 3310 2352 permittit
3336 2298 3549 2338 ornare
3577 2299 3711 2339 mu-

2059 2368 2309 2425 lieribus
2331 2390 2346 2436 ;
2370 2370 2759 2440 prmcipitque
2782 2369 3036 2436 maritis,
3059 2385 3135 2425 ne
3156 2375 3400 2425 utantur
3425 2371 3711 2427 uxoribus

2062 2464 2349 2527 tanquam
2373 2457 2604 2522 amicis,
2636 2473 2825 2512 unum
2858 2457 2967 2512 sibi
3011 2464 3412 2528 proponentes
3441 2475 3711 2530 sc0pum,

2061 2551 2130 2601 ut
2155 2545 2390 2615 corpori
2432 2544 2717 2615 probrum
2768 2545 3042 2614 aﬁ'erant,
3093 2545 3198 2601 sed
3247 2546 3323 2601 ad
3370 2546 3550 2603 totius
3579 2547 3711 2603 vita)

2063 2632 2373 2699 auxilium,
2389 2636 2449 2686 et
2465 2631 2752 2702 optimam
2767 2633 3244 2704 temperantiam,
3263 2633 3712 2692 matrimonium

2064 2725 2372 2790 usurpent.
2412 2721 2716 2776 Frumenti
2768 2722 2928 2777 enim
2961 2727 3020 2777 et
3060 2722 3290 2791 hordei,
3323 2728 3389 2778 ut
3435 2723 3714 2795 arbitror,

2066 2808 2415 2875 seminibus,
2432 2826 2564 2881 quas
2582 2810 3072 2866 convenientibus
3085 2812 3525 2886 temporibusyﬁ
3540 2819 3714 2869 terra)

2065 2896 2537 2965 committuntur,
2574 2899 2953 2970 praestantior
2973 2905 3063 2956 est
3081 2901 3183 2971 qui
3210 2901 3589 2957 matrimonio
3621 2919 3717 2957 se-

2065 2987 2348 3053 minatur,
2403 2988 2600 3054 homo,
2652 2988 2716 3043 in
2763 2989 2935 3061 cujus
2985 3005 3161 3045 usum
3204 2989 3407 3045 omnia
3436 3006 3470 3046 a
3498 2995 3715 3047 natura

2066 3075 2494 3146 producuntur.
2527 3079 2718 3148 Atque
2744 3076 2850 3133 illa
2887 3077 3129 3147 quidem
3177 3079 3407 3135 semina
3439 3079 3716 3153 agricolas

2068 3163 2251 3218 sobrii
2311 3164 2638 3236 deponunt.
2689 3165 2747 3220 Si
2807 3164 2964 3236 quod
3016 3166 3093 3222 sit
3135 3182 3272 3238 ergo
3325 3168 3632 3224 sordidum
3664 3173 3724 3225 et

2069 3270 2353 3323 spurcum
2385 3253 2670 3323 studium,
2705 3254 2765 3309 id
2797 3260 2943 3310 esta
2971 3255 3355 3311 matrimonio
3387 3273 3719 3331 expurgan-

306 3345 444 3400 κατὰ
490 3343 581 3398 τὸν
642 3338 1094 3416 ὁμολογούμενον
1154 3340 1500 3414 θορονθωρόν.
1558 3344 1633 3393 Τά
1659 3337 1788 3415 γοῦν
1845 3337 1954 3396 ἔνια

2069 3342 2232 3409 dum,
2264 3359 2340 3398 ne
2371 3342 2544 3398 nobis
2574 3342 2791 3414 probro
2823 3342 2951 3398 dari
2970 3343 3181 3415 possit,
3215 3345 3381 3415 quod
3407 3345 3719 3403 brutorum

308 3432 483 3488 αὐτὼν
510 3477 525 3502 ,
584 3431 630 3503 ᾧ
685 3428 964 3485 κελεύεται
1022 3432 1219 3505 καιρῷ,
1277 3427 1476 3491 εὐθέως
1530 3426 1955 3501 ἀπαλλάττεται,

305 3520 678 3576 καταλιπόντα
732 3519 834 3588 τήν
882 3515 1248 3593 δημιουργίαν
1331 3519 1400 3591 τῇ
1488 3513 1736 3587 ὃιοκήσει
1819 3518 1954 3591 (12).

304 3612 436 3672 Τοῖς
470 3607 912 3684 τραγῳδοποιοῖς
945 3608 1056 3679 (13)
1090 3602 1148 3661 δὲ
1191 3607 1227 3676 ἡ
1261 3604 1561 3676 Πολυξένη,
1592 3604 1769 3661 καίτοι
1816 3605 1955 3661 ἀπο-

304 3699 648 3776 σφαττομὲνη
736 3695 1186 3772 ἀναγέγραπται,
1271 3692 1418 3751 ἀλλὰ
1490 3693 1580 3751 καὶ
1648 3697 1955 3766 θνήσκουσα

372 3895 437 3960 »ιι
465 3897 526 3952 Ρ.
562 3897 665 3952 506
693 3895 808 3950 ED.
865 3893 1159 3963 POTTER,
1190 3893 1295 3948 424
1325 3892 1439 3947 ED.
1471 3892 1698 3948 PARIS.

306 4100 456 4154 vivat
486 4100 545 4153 in
570 4099 811 4166 civitate,
841 4102 892 4151 st
911 4098 1027 4152 sine
1057 4096 1326 4151 connubio
1352 4095 1596 4165 quinque
1640 4099 1693 4148 et
1724 4090 1959 4163 triginta

309 4172 483 4239 egerit
511 4185 702 4236 annos,
734 4170 965 4238 singulis
1014 4168 1194 4234 annis,
1226 4168 1275 4221 si
1300 4166 1641 4239 demaximo
1666 4181 1827 4219 censu
1857 4170 1956 4231 est,

309 4237 584 4296 drachmis
614 4237 835 4295 centum
879 4239 1176 4293 mulctetur
1204 4255 1225 4301 ;
1254 4239 1301 4292 si
1346 4237 1412 4291 de
1439 4237 1696 4302 secundo,
1735 4242 1957 4306 septua-

309 4314 509 4381 ginta;
537 4313 584 4367 si
614 4312 682 4365 de
714 4313 897 4371 tertio.
925 4308 1256 4378 sexaginta;
1287 4310 1334 4364 si
1363 4308 1665 4376 dequarto,
1701 4309 1955 4381 triginta.

311 4377 448 4448 Quae
475 4383 695 4451 quidem
714 4383 959 4453 pecunia
1001 4377 1113 4435 deae
1149 4381 1354 4435 lunoni
1384 4379 1752 4453 consecranda
1781 4384 1874 4453 est_.
1900 4377 1961 4432 Si

311 4457 434 4524 quis
462 4449 645 4506 autem
673 4449 906 4522 singulis
934 4453 1093 4505 annis
1148 4466 1259 4505 non
1294 4449 1642 4524 persolverit,
1670 4449 1959 4524 aecuplum

2068 3431 2465 3487 animantium
2513 3448 2865 3503 congressus
2893 3433 3081 3505 magis
3112 3438 3340 3489 natura)
3385 3435 3716 3504 conveniat,

2067 3535 2250 3590 quam
2278 3520 2543 3575 humana
2570 3520 2936 3592 conjunctio,
2967 3519 3031 3574 in
3060 3520 3189 3591 ipso
3221 3520 3416 3575 calore
3446 3521 3714 3579 Veneris.

2065 3608 2364 3666 Nonnulla
2388 3614 2548 3663 certe
2579 3625 2806 3676 eorum,
2840 3625 2956 3679 quo
2978 3614 3246 3679 tempore
3260 3608 3572 3680 jubentur,
3597 3614 3718 3665 sta-

2064 3696 2173 3753 tim
2204 3696 2529 3765 abstinent,
2558 3696 2963 3768 relinquentia
2980 3696 3284 3768 opiﬁcium
3301 3697 3715 3758 Providentia).

2068 4093 2142 4147 Ut
2171 4092 2250 4147 sit
2273 4091 2629 4164 apostrophe
2651 4091 2879 4148 comica
2898 4091 2973 4148 ad
2994 4092 3201 4160 alium,
3235 4092 3351 4149 nisi
3424 4092 3528 4148 uid
3557 4089 3715 4147 docti

2068 4168 2294 4219 contra.
2346 4163 2482 4218 Fed.
2546 4162 2825 4218 Morellus
2873 4166 2936 4219 P.
2980 4166 3046 4219 R.
3078 4165 3343 4219 (locum.
3383 4110 3559 4219 ﬁonf.
3601 4164 3714 4218 Ga-

2067 4162 2482 4219 contrafFed.
2516 4162 2825 4218 ’Morellus
2873 4166 2936 4221 P.
2980 4166 3046 4221 R.
3078 4165 3343 4221 (locum.
3391 4162 3559 4231 Conf.
3601 4164 3714 4218 Ga-

2068 4234 2258 4291 takeri
2289 4235 2521 4291 Advers.‘
2560 4251 2694 4306 cap.
2738 4238 2823 4289 10.

2139 4316 2252 4384 (10)
2307 4312 2442 4385 μετὰ
2496 4312 2761 4389 ὀμοφρος.
2793 4314 2851 4368 Si
2892 4314 3336 4371 hemistichium
3391 4314 3559 4380 velis,
3618 4312 3714 4367 le-

2141 4385 2326 4438 ndum
2353 4387 2486 4438 erit.
2533 4386 2649 4438 μεθ’
2699 4383 3084 4438 ὁμοφροσύνης
3133 4382 3192 4438 δέ
3246 4405 3304 4438 τε
3349 4381 3566 4438 ἐσθλῆς⁶
3618 4383 3715 4438 cui

2067 4382 2326 4468 gendum
2353 4387 2499 4468 erit,
2532 4382 2658 4456 μεθ’
2699 4383 3084 4511 ὁμοφὲοσύνης
3133 4382 3192 4439 δέ
3246 4405 3304 4439 τε
3349 4382 3566 4455 ἐσθλῇς⁶
3618 4383 3714 4438 cui

2069 4456 2266 4529 affinis
2289 4456 2463 4529 locus
2486 4456 2641 4511 infra
2670 4472 2741 4511 ex
2760 4474 2825 4511 eo
2875 4473 2969 4529 em
2995 4457 3178 4522 fonte,
3200 4475 3257 4529 p.
3286 4457 3409 4529 27M.
3443 4458 3714 4529 Suscita.

312 4521 525 4579 debeat.
560 4524 728 4608 Cujus
752 4524 1003 4609 pecunia;
1050 4528 1288 4609 emactor‘
1313 4523 1391 4609 sit.
1416 4521 1528 4609 dea
1573 4522 1744 4609 ipsius
1799 4535 1949 4600 quag-

2069 4527 2208 4609 Xide
2231 4544 2361 4609 quae
2394 4527 2676 4609 adnotata
2708 4534 2849 4583 sunt
2877 4528 2937 4582 in
2968 4545 3025 4599 p.
3055 4531 3178 4583 509.
3201 4521 3318 4582 Ὀυί
3350 4528 3545 4583 simile
3568 4524 3720 4582 illud

304 4603 421 4651 star
444 4613 466 4660 ;
497 4611 559 4649 ac
610 4590 719 4649 nisi
747 4590 1013 4663 exegerit,
1046 4596 1160 4663 ipse
1200 4593 1411 4663 debeat.
1445 4591 1724 4663 Ejusdem
1756 4590 1953 4662 operis

311 4666 416 4736 lib.
444 4658 528 4729 71v,
559 4683 615 4736 p.
650 4667 753 4720 835
780 4682 794 4720 :
849 4658 943 4731 Μὴ
978 4658 1307 4736 πειθόμενος
1333 4659 1381 4716 δ’
1422 4658 1509 4729 αὖ,
1559 4658 1701 4736 μηδὲ
1734 4658 1954 4736 (γαμῶν,

313 4735 405 4807 ἔτη
456 4732 748 4808 τριάκοντα
805 4736 1069 4808 γεγονὼςΔ
1102 4733 1193 4808 καὶ
1250 4735 1426 4797 πέντε,
1486 4732 1829 4808 ζημιούσθων,
1864 4732 1956 4806 μὲν

313 4757 405 4807 ετη
456 4758 484 4791 τ
529 4755 748 4790 ιακοντα
805 4755 1047 4808 γεγονως
1102 4755 1193 4788 και
1250 4755 1426 4797 πεντε,
1486 4755 1804 4805 ςημιουσοω
1864 4755 1956 4806 μεν

309 4808 426 4863 κατ’
485 4755 723 4861 ῖνιαυτὸν
782 4827 930 4878 τοσῳ
987 4805 1075 4860 καὶ
1109 4805 1275 4878 τόσῳ.
1329 4808 1434 4871 Qui
1461 4821 1573 4859 non
1599 4807 1875 4878 paruerit.
1908 4810 1962 4859 et

311 4884 557 4951 quinque
587 4896 650 4934 ac
699 4877 937 4948 triginta
982 4895 1154 4951 annos
1194 4877 1358 4951 natus
1386 4892 1617 4931 uxorem
1643 4892 1756 4951 non
1783 4877 1960 4931 dume-

311 4949 407 5020 rit,
445 4949 600 5007 tanta
630 4954 688 5004 in
718 4966 890 5005 annos
925 4949 1171 5019 singulos
1214 4949 1513 5004 mulctetur
1550 4949 1814 5018 pecunia,
1848 4953 1959 5002 etc.

304 5043 314 5053 ’
380 5043 455 5113 (8)
483 5035 778 5113 ῘΑνανδρον
811 5036 903 5091 καὶ
952 5037 1069 5092 ἀσθ.
1128 5038 1191 5091 Η.
1249 5053 1384 5103 ms.,
1423 5032 1513 5088 καὶ
1563 5030 1822 5110 ἄνανδρον
1871 5031 1962 5089 καὶ

312 5111 433 5175 alae.
479 5111 754 5179 SYLBURG,

382 5201 454 5328 (9t)
487 5196 696 5327 [ligatrépa
723 5194 781 5252 δέ
804 5217 856 5271 γ.
890 5199 1141 5254 Metrum
1173 5197 1352 5254 talem
1400 5196 1597 5268 potius
1643 5196 1962 5253 lectionem

382 5290 421 5328 »ε
454 5290 486 5327 ιι
602 5288 615 5326 :

311 5288 577 5345 postulat
602 5288 615 5326 :

515 5385 726 5459 Πατέρα
755 5379 813 5438 δὶ
855 5388 1004 5438 ποιεῖ
1028 5382 1211 5452 τὲκνα,
1249 5383 1451 5457 μητήρ’
1483 5381 1560 5444 ὡς
1589 5381 1749 5457 ἀνήρ.

311 5511 584 5593 δγιευιιο.
617 5511 723 5566 Hic
755 5508 1026 5566 senarius
1070 5507 1322 5565 mutilus
1352 5512 1461 5562 est.
1497 5505 1662 5562 Libet
1711 5508 1796 5564 sic
1843 5508 1961 5565 ful-

311 5599 434 5638 cure
459 5601 472 5639 Ζ

473 5697 686 5768 Ιιατὲρα
716 5691 773 5750 δί
801 5694 979 5771 γάμος
1010 5694 1257 5767 ἐμποιεῖ,
1288 5693 1364 5755 ὡς
1398 5691 1611 5768 μητερα
1638 5691 1798 5768 ἀνήρ.

2066 4599 2361 4670 Euripidis
2400 4599 2600 4654 Medea
2624 4616 2644 4653 :

2247 4723 2420 4798 Ῐῌπερ
2454 4721 2921 4798 μεγίπηῇγίνετὲαι
2953 4720 3224 4798 σωτηρία,

2248 4791 2411 4850 Ὅταν
2443 4791 2581 4868 γυνη
2614 4791 2752 4864 πρὸς
2783 4791 2950 4864 ἄνδρα
2982 4796 3058 4867 μὴ
3092 4791 3421 4868 διχοστατῇ.

2247 4902 2587 4984 ξθιῖοὶιαιεηι
2620 4920 2786 4984 quam
2808 4918 3134 4984 supremam_
3149 4904 3430 4984 existimo,

2250 4976 2479 5030 Concors
2514 4977 2721 5029 marito
2745 4975 2949 5029 mulier
2971 4975 3068 5029 ubi
3096 4975 3249 5044 degit
3277 4990 3395 5031 suo.

2074 5101 2344 5156 COLLECT.

2070 5185 2251 5311 P(tit)
2282 5182 2372 5308 mg;
2424 5182 2486 5236 τὸ
2540 5178 2699 5244 εἶδος.
2760 5182 3024 5255 Respicit
3063 5185 3089 5238 Ι
3136 5183 3286 5239 Tim.
3332 5199 3397 5252 ιι,
3427 5185 3482 5254 9,
3526 5180 3618 5236 vel
3674 5180 3727 5234 ΙΙ

2119 5272 2149 5311 e
2182 5298 2195 5310 .
2230 5272 2292 5311 ιι.
2369 5298 2382 5311 .

2119 5272 2394 5414 attigatis
2453 5328 2740 5414 διοικήσει.
2770 5336 2911 5414 Δὶριι
2965 5334 3083 5414 i_s_ta
3118 5334 3318 5414 apud“
3353 5332 3724 5414 Clementem

2070 5405 2378 5489 significat
2410 5410 2641 5489 natura;
2685 5409 2789 5462 aut
2816 5405 3206 5489 lfgqvidentiaa
3252 5405 3722 5489 _di5'.p9sitionem

2068 5474 2170 5534 aut
2199 5477 2802 5534 administrationem.
2831 5476 2960 5533 Vid.
2993 5493 3050 5549 p.
3088 5478 3214 5541 434,
3241 5475 3364 5529 452.
3400 5474 3620 5528 warn.

2140 5559 2251 5632 (13)
2310 5558 2460 5632 T07;
2498 5552 2740 5632 τραγ-ωδ.
2801 5555 2953 5612 Conf
2983 5596 2997 5611 .
3055 5552 3319 5626 Euripid.
3380 5551 3623 5621 Hecuba,
3664 5551 3724 5603 et

2068 5575 2251 5685 pili}?
2271 5575 2472 5701 ρ”ίὲξι
2498 5575 2892 5684 iniiinii”
