4034 6148
354 258 495 337 ιὀοδ

1579 260 1990 320 CLEMENTIS
2025 258 2529 315 ALEXANDRINI

3626 256 3759 313 1096

351 409 399 461 Α
432 403 668 478 tragicis
699 404 897 457 autem
945 393 1231 466 scriptum
1290 394 1399 462 est,
1448 388 1830 478 Polyxenam.
1861 388 1919 478 et
1949 381 1995 437 si

2110 374 2266 450 ὅμως
2311 376 2528 449 πελλὴν
2583 377 2843 454 πρόνοιαν
2910 378 3244 448 πεποιῆσθαι
3322 380 3421 433 τοῦ
3475 377 3757 453 εὐσχημό-

352 472 811 555 interficeretur,
830 483 1141 542 moriendo
1158 488 1359 537 tamen
1376 493 1632 548 magnam
1656 472 2001 531 adhibuisse

356 583 723 653 diligentiam.
765 583 827 632 ut
856 576 1077 630 honeste
1102 571 1340 628 caderet.

493 688 603 743 Illa
632 691 836 755 tegens,
867 697 1044 737 mares
1075 695 1196 751 quae
1241 675 1392 731 haud
1435 674 1593 728 licuit
1618 685 1854 726 cernere.

349 868 712 923 Fuitautem
753 862 843 917 illi
875 877 1111 933 quoque
1167 856 1476 914 calamitas
1529 850 1996 908 matrimonium.

350 955 745 1012 Succumbere
793 952 992 1022 itaque
1033 956 1091 1004 et
1127 944 1335 1005 cedere
1366 945 1520 999 vitiis
1551 947 1609 999 et
1637 941 1819 997 animi
1865 956 1998 1010 per-

352 1042 808 1109 turbationibus,
842 1045 933 1095 est
957 1045 1221 1094 extrema
1245 1035 1493 1091 servitus
1519 1050 1532 1089 :
1559 1033 1712 1088 sicut
1741 1047 1810 1086 ea
1840 1033 1997 1084 certe

349 1134 606 1200 vincere,
641 1131 767 1187 sola
797 1135 885 1185 est
919 1128 1182 1183 libertas.
1217 1125 1423 1179 Divina
1473 1122 1670 1191 itaque
1698 1119 2000 1189 Scriptura

350 1239 472 1288 eos,
498 1222 597 1293 qui
620 1223 918 1293 praecepta
938 1216 1373 1281 transilierunt,
1395 1212 1539 1267 dicit
1565 1227 1694 1266 esse
1723 1208 1999 1263 venunda-

351 1318 430 1366 tos
462 1309 810 1379 alienigenis,
829 1308 939 1361 hoc
966 1310 1074 1372 est,
1108 1302 1386 1376 peccatis,
1413 1317 1544 1372 quas
1567 1316 1602 1354 a
1626 1303 1840 1354 natura
1860 1301 2002 1351 sunt

348 1400 566 1467 aliena,
589 1398 778 1453 donec
809 1394 1079 1451 conversi
1099 1397 1278 1465 agant
1297 1388 1730 1463 paenitentiam.
1755 1388 2001 1441 Conser-

348 1488 608 1544 vandum
668 1492 757 1541 est
815 1501 951 1557 ergo
1009 1480 1482 1547 matrimonium,
1517 1483 1801 1547 tanquam
1833 1491 2001 1530 sacra

347 1577 549 1648 aliqua
579 1581 794 1642 statua,
824 1572 1116 1628 mundum
1146 1571 1218 1626 ab
1240 1570 1334 1635 iis,
1368 1584 1499 1639 quaa
1530 1566 1808 1638 polluunt
1833 1582 1847 1630 ;
1880 1568 1940 1618 et
1966 1580 2002 1618 a

347 1666 577 1723 somnis
595 1664 837 1736 quidem
855 1660 1333 1734 expergiscamur
1350 1674 1483 1713 cum
1502 1655 1775 1723 Domino,
1794 1668 1999 1709 eamus

346 1761 548 1810 autem
565 1753 889 1809 dormitum
907 1767 1041 1806 cum
1062 1748 1385 1821 gratiarum
1407 1746 1662 1811 actione,
1679 1749 1737 1798 et
1755 1758 1994 1797 oremus
2038 1753 2080 1817 Β

447 1864 580 1917 Cum
604 1876 792 1916 somno
814 1858 1085 1926 indulges,
1120 1856 1220 1911 lue:
1250 1860 1300 1910 et
1329 1871 1452 1909 cum
1478 1854 1698 1922 fulserit
1727 1853 1894 1922 alma,

345 1983 468 2032 tota
497 1980 703 2030 nostra
725 1974 843 2027 vita
862 1972 1178 2027 Dominum
1209 1974 1527 2035 testantes;
1561 1968 1842 2039 pietatem
1865 1967 1995 2038 qui-

346 2067 483 2121 dem
514 2080 582 2119 ac
610 2063 959 2134 religionem
990 2060 1187 2114 auima
1230 2057 1623 2129 possidentes,
1651 2061 1993 2127 temperan-

344 2156 491 2209 tiam
514 2157 712 2207 autem
753 2151 930 2205 etiam
989 2163 1178 2219 usque
1226 2146 1300 2202 ad
1345 2162 1561 2217 corpus
1608 2145 1990 2201 deducentes.

346 2245 464 2299 Deo
496 2242 655 2297 enim
711 2255 916 2295 revera
969 2242 1203 2310 gratum
1234 2241 1344 2305 est,
1377 2252 1411 2291 a
1438 2236 1643 2305 lingua
1697 2234 1768 2289 ad
1814 2250 1995 2306 opera

344 2330 653 2388 traducere
684 2327 1154 2384 mederationem
1207 2323 1295 2380 Ad
1329 2323 1762 2395 impudentiam
1795 2326 1994 2378 autem

342 2421 435 2475 via
465 2424 555 2475 est
585 2417 774 2489 turpis
792 2432 988 2471 sermo
1012 2431 1027 2470 :
1055 2419 1112 2469 et
1127 2414 1436 2484 utriusque
1468 2412 1604 2467 ﬁnis
1621 2416 1711 2466 est
1728 2411 1994 2483 turpium

344 2523 547 2564 rerum
579 2505 960 2579 perpetratio.
994 2502 1160 2569 Quod
1191 2507 1387 2558 autem
1415 2500 1674 2556 consulit
1694 2500 1996 2570 Scriptura

346 2612 590 2652 uxorem
623 2595 861 2660 ducere,
888 2597 945 2646 et
962 2608 1070 2647 nec
1096 2607 1130 2646 a
1150 2590 1444 2663 conjugio,
1463 2605 1726 2660 unquam
1748 2589 1998 2659 permit-

348 2686 419 2740 tit
439 2684 765 2749 discedere,
794 2683 987 2754 legem
1012 2685 1213 2751 aperte
1235 2678 1578 2735 constituit:
1608 2680 1723 2733 Non
1753 2678 1995 2733 dimittes

343 2790 590 2839 umorem,
614 2778 989 2843 praeterquam
1005 2774 1238 2839 propter
1258 2769 1679 2836 fornicationem
1702 2767 1797 2839 (a).
1819 2765 1996 2822 Adul-

344 2863 560 2917 terium
583 2866 782 2916 autem
802 2858 1102 2912 existimat
1121 2856 1400 2927 conjungi
1423 2856 1826 2922 matrimonio,
1851 2855 1993 2909 dum

344 2951 483 3005 vivit
510 2950 662 3005 alter
692 2966 760 3003 ex
784 2947 1091 3019 separatis.
1122 2946 1470 3016 Suspicione
1500 2950 1695 3001 autem
1722 2949 1780 2998 et
1799 2944 1993 2998 crimi-

347 3041 593 3095 natione
621 3038 870 3092 liberam
902 3035 1096 3090 reddit
1117 3051 1382 3090 uxorem.
1414 3039 1483 3089 ut
1509 3049 1632 3088 non
1653 3039 1902 3088 ornetur
1925 3048 1993 3087 ac

2110 486 2219 528 νως
2246 471 2451 524 πεσεῖν.

3518 665 3755 743 ἀρῥενων

3467 737 3685 814 [ιχβῆν

2108 846 2210 901 Ἦν
2244 842 2302 899 δὲ
2329 844 2548 919 κάκείνῃ
2600 846 2783 919 γάμος
2809 847 2844 914 ἡ
2877 844 3152 923 συμφορά.
3214 845 3290 901 Τὸ
3348 845 3636 900 ὑποπεσεῖν
3670 844 3756 899 οὖν

2107 933 2197 988 καὶ
2227 933 2630 1010 πάραχωρῆσαι
2659 938 2778 995 τοῖς
2807 932 3030 989 πάθεσιν
3055 932 3262 1008 ἐσχάτη
3296 930 3541 989 δουλεία’
3576 931 3757 1009 ὥσπερ

2110 1021 2300 1094 ἀμέλει
2329 1023 2393 1077 τὸ
2424 1027 2640 1097 κρατεῖν
2683 1021 2890 1076 τούτων
2951 1018 3233 1097 ἐλεύθερια
3293 1023 3456 1094 μόνη.
3510 1023 3573 1079 Ἡ
3630 1026 3755 1097 γοῦν

2110 1111 2225 1175 θεία
2256 1112 2441 1190 Γραφή
2471 1110 2600 1176 τοὺς
2635 1107 2982 1184 παραϐάντας
3034 1112 3130 1174 τὰς
3183 1110 3406 1174 ἐντολὰς
3457 1112 3759 1186 πεπρᾶσθαι

2110 1197 2254 1276 λέγει
2284 1206 2403 1264 τοῖς
2436 1199 2777 1276 ἀλλογενέσι,
2808 1199 3085 1257 τουτέστιν
3132 1199 3424 1277 ἁμαρτίαις
3471 1199 3763 1265 ἀνοικείαις

2108 1292 2177 1362 τῇ
2209 1287 2384 1366 φύσει,
2412 1287 2576 1364 ἅρχις
2623 1287 2684 1344 ἂν
2744 1287 3156 1363 ἐπιστρέψαντες
3217 1290 3613 1362 μετανοήσωσι.
3648 1291 3759 1346 Κα-

2111 1377 2273 1452 θαρὸν
2331 1376 2423 1432 οὖν
2468 1379 2559 1433 τὸν
2610 1379 2814 1454 γάμον,
2873 1377 3055 1455 ὥσπερ
3096 1398 3148 1432 τι
3178 1378 3323 1449 ἱερὸν
3374 1375 3621 1452 ἄγαλμα,
3652 1382 3756 1433 τῶν

2114 1465 2438 1539 μιαινόντων
2496 1467 2833 1539 φυλακτέον·
2892 1465 3321 1542 ἀνεγειρομένοις
3383 1466 3480 1540 μὲν
3539 1465 3600 1522 έκ
3654 1471 3760 1522 τῶν

2113 1553 2291 1609 ὕπνων
2325 1555 2460 1627 μετά
2490 1554 2715 1631 Κυρίου,
2764 1555 2985 1610 ἀπιοῦσι
3036 1552 3094 1611 δὶ
3142 1554 3218 1618 εἷς
3276 1554 3438 1611 ὕπνον
3499 1556 3615 1629 μετ’
3675 1552 3760 1610 εύ-

2112 1642 2419 1718 χαριστίας,
2451 1642 2541 1698 καὶ
2573 1642 2916 1719 εὐχομένοις,

2110 667 2410 743 Κρύπτουσ’
2511 670 2647 741 (14),
2750 667 2785 722 ἃ
2857 668 3114 743 κρύπτειν
3210 667 3416 740 ὄμματ’

2511 670 2647 741 (14),

2107 1853 2270 1925 ’Πμὶν
2303 1853 2382 1908 ὅτ’
2404 1853 2623 1927 εὐνάζῃ,
2672 1855 2763 1909 καὶ
2822 1857 2900 1911 ὅτ’
2954 1855 3036 1911 ὅτ’
3090 1855 3151 1912 ἄν
3210 1858 3341 1936 φάες
3396 1858 3539 1935 ἱερὸν
3600 1857 3760 1934 ἔλθῃ,

2109 1968 2576 2043 μαρτυρουμένοις
2632 1970 2727 2025 τὸν
2804 1971 3005 2046 Κύριον
3068 1974 3197 2049 παρ’
3254 1972 3385 2029 ὅλον
3443 1976 3606 2048 ἡμῶν
3663 1974 3757 2030 τὸν

2108 2057 2248 2133 βίον
2279 2058 2342 2112 τὸ
2379 2058 2473 2130 μὲν
2504 2054 2807 2114 θεοσεσόεἶν
2839 2064 2908 2134 τῇ
2940 2064 3095 2136 ψυχῇ
3123 2062 3503 2136 κεκτημένοις,
3535 2063 3599 2118 τὸ
3648 2067 3758 2119 σῶ-

2103 2165 2239 2221 φρον
2270 2143 2328 2200 δὲ
2362 2146 2530 2222 μέχρι
2575 2147 2666 2201 καὶ
2720 2152 2819 2203 τοῦ
2877 2148 3133 2222 σώματος
3190 2148 3432 2224 ἄγουσιν.
3494 2152 3760 2229 Θεοφιλές

2099 2238 2200 2312 γὰρ
2229 2242 2310 2310 τῷ
2366 2236 2477 2292 δντι
2531 2238 2638 2293 ἀπὸ
2688 2246 2792 2309 τῆς
2848 2239 3104 2315 γλώττης
3154 2241 3243 2296 έπὶ
3290 2243 3358 2297 τὰ
3387 2241 3517 2318 ἔργα
3543 2245 3606 2299 τὸ
3662 2243 3759 2299 κό-

2103 2345 2264 2398 σμιον
2296 2322 2780 2401 διαχειραγωγεῖν·
2810 2326 2935 2389 ὁδὸς
2964 2325 3023 2383 δὲ
3067 2328 3148 2405 ἐφ’
3196 2329 3579 2404 ἀναισχυντίαν
3609 2334 3644 2401 ἡ
3680 2330 3764 2387 αἲ-

2102 2412 2425 2489 σχρολογία·
2483 2417 2575 2469 καὶ
2625 2413 2786 2479 τέλος
2830 2415 3035 2493 ἀμφοῖν
3096 2418 3131 2486 ἡ
3189 2416 3558 2493 αΐσχρολογία
3612 2422 3761 2493 (15).

2100 2501 2311 2559 Ὀτιδὲ
2366 2505 2627 2579 γαμεῖνή
2662 2504 2849 2580 Γραφή
2908 2498 3274 2576 συμϐουλεύει
3334 2502 3464 2560 οὐδὲ
3519 2503 3760 2582 ἀφίστα-

2104 2593 2223 2655 σθαί
2250 2612 2383 2646 ποτε
2436 2597 2538 2660 τῆς
2587 2591 2839 2667 συζυγίας
2893 2591 3193 2667 ἐπιτρέπει,
3247 2589 3500 2667 ἄντικρυς
3528 2596 3767 2666 νομεθε-

2100 2685 2202 2738 τεῖ.
2236 2679 2352 2737 Οὐκ
2386 2678 2681 2741 ἀπολύσεις
2729 2685 2976 2754 γυναῖκα,
3028 2680 3176 2749 πλὴν
3228 2681 3275 2736 εἱ
3323 2683 3400 2755 μή
3459 2680 3548 2737 ἐπὶ
3604 2681 3764 2759 λόγῳ

2103 2768 2381 2839 πορνείας·
2418 2766 2669 2844 μοιχείαν
2712 2765 2770 2823 δὲ
2798 2771 3016 2843 ἡγεῖται
3071 2769 3134 2823 τὸ
3193 2769 3461 2846 ἐπιγῆμαι
3523 2774 3760 2841 ζῶντπς

2105 2856 2331 2931 θατέρου
2360 2861 2466 2911 τῶν
2496 2856 2944 2932 κεχωρισμένων.
3000 2856 3338 2914 Ἀνύποπτον
3391 2856 3450 2913 δὲ
3504 2858 3581 2921 εἰς
3638 2858 3763 2915 δια-

2103 2940 2278 3015 ϐολήν
2311 2943 2549 3000 δείκνυσι
2578 2951 2806 3020 γυναῖκα
2863 2950 2974 3016 (16)
3029 2947 3093 3001 τὸ
3152 2948 3226 3019 μή
3283 2945 3758 3020 καλλωπίζεσθαι,

2108 3033 2249 3107 μηδέ
2282 3036 2393 3106 μὴν
2420 3040 2743 3107 κοσμεῖσθαι
2773 3034 2910 3109 πέρα
2936 3039 3034 3089 τοῦ
3064 3036 3390 3109 πρέποντος,
3424 3036 3616 3112 εὐχαῖς
3645 3040 3760 3111 (17)

347 3133 616 3185 comatur
638 3127 791 3198 plus,
807 3140 985 3196 quam
1008 3125 1086 3178 sit
1101 3123 1403 3187 decorum,
1425 3121 1528 3177 sed
1550 3120 1786 3177 assidue
1808 3126 1995 3176 atten-

2108 3125 2196 3177 καὶ
2252 3120 2465 3193 δεήσεσι
2524 3130 2970 3198 προσανέχουσαν
3029 3122 3276 3188 έκτενῶς·
3337 3125 3432 3186 τὰς
3495 3125 3590 3199 μὲν
3642 3125 3761 3196 ἐξό-

346 3219 447 3273 dat
467 3216 741 3288 precibus
763 3220 822 3270 et
836 3213 1207 3269 orationibus
1224 3230 1238 3279 ;
1258 3217 1439 3282 utque
1459 3210 1679 3266 edomo
1702 3227 1859 3280 saepe
1871 3226 1994 3265 non

349 3310 539 3373 exeat,
564 3305 653 3359 sui
679 3308 876 3360 autem
900 3306 1163 3374 aspectu,
1184 3299 1376 3371 quoad
1402 3299 1531 3354 fieri
1548 3304 1760 3371 potest,
1796 3298 1995 3353 exclu-

347 3394 449 3450 dat
477 3411 599 3460 eos,
632 3393 733 3464 qui
765 3390 839 3447 ad
866 3407 997 3446 eam
1019 3406 1142 3445 non
1165 3388 1438 3448 attinent.
1463 3387 1761 3457 ducatque
1781 3386 1995 3442 domus

345 3483 675 3540 custodiam
695 3479 1128 3552 intempestivis
1145 3477 1317 3550 nugis
1334 3476 1644 3531 conducibi
1656 3476 1997 3541 liorem.Qui

343 3580 527 3628 autem
554 3573 832 3626 dimissam
861 3568 1068 3639 accipit
1117 3582 1368 3632 umorem,
1399 3566 1723 3631 maechatur,
1760 3564 1992 3635 inquit:

343 3662 408 3726 ›ι‹
429 3665 477 3718 si
501 3664 622 3732 quis
654 3660 811 3715 enim
829 3656 1357 3722 dimiseritumorem,
1377 3655 1679 3709 ma’chatur
1697 3657 1873 3723 ipsam
1894 3654 1994 3725 ὼ),

346 3751 459 3806 hoc
489 3756 598 3815 est,
630 3749 785 3820 cogit
815 3763 947 3802 eam
978 3745 1280 3801 maechari.
1304 3746 1431 3799 Non
1454 3744 1648 3798 solum
1673 3748 1870 3799 autem
1893 3744 1995 3815 qui

350 3839 597 3906 dimisit,
622 3843 713 3893 est
732 3836 861 3907 ejus
888 3851 1083 3900 causa,
1109 3833 1211 3888 sed
1238 3834 1418 3887 etiam
1439 3833 1539 3903 qui
1562 3849 1691 3888 eam
1715 3833 1995 3903 suscepit,

341 3928 616 4000 praebens
645 3925 883 3980 mulieri
909 3922 1194 3994 peccandi
1210 3921 1614 3987 occasionem;
1637 3922 1683 3975 si
1698 3921 1859 3976 enim
1875 3937 1996 3976 non

350 4017 654 4088 suscipiat,
675 4018 1004 4069 revertetur
1033 4011 1105 4066 ad
1140 4010 1351 4064 virum.
1385 4009 1534 4074 Quid
1566 4026 1703 4064 vero
1746 4009 1840 4064 lex
1871 4012 1941 4080 (ο)
1969 4009 1999 4064 ?

2105 3209 2230 3273 δους
2284 3218 2384 3281 τῆς
2434 3211 2609 3273 οἰκίας
2665 3210 3080 3288 φυλαττομένην
3136 3213 3235 3275 τὰς
3294 3212 3511 3277 πολλὰς
3542 3259 3556 3286 ,
3614 3214 3760 3269 ἀπο-

2101 3297 2390 3355 κλείουσαν
2439 3297 2486 3353 δ’
2517 3300 2592 3361 ὡς
2647 3299 2762 3354 οἷόν
2819 3301 2865 3354 θ’
2915 3301 3110 3369 ἑαυτὴν
3167 3308 3270 3371 τῆς
3323 3302 3461 3376 πρὸς
3508 3301 3641 3363 τοὺς
3691 3301 3756 3358 ού

2102 3389 2488 3464 προσήκοντας
2540 3387 2886 3461 προσόψεως,
2946 3388 3402 3464 προύργιαίτερον
3458 3392 3753 3464 τιθεμένην

2101 3484 2202 3546 τῆς
2259 3475 2485 3551 ἀκαίρου
2533 3475 2800 3553 φλυαρίας
2846 3478 2946 3546 τὴν
3006 3476 3325 3551 οἰκουρίαν.
3387 3480 3444 3532 Ὃ
3503 3476 3560 3534 δὲ
3613 3481 3760 3535 ἀπο-

2103 3565 2411 3637 λελυμένην
2491 3560 2788 3637 λαμϐάνων
2872 3571 3104 3640 γυναῖκα
3190 3574 3454 3643 μοιχᾶται
3488 3612 3503 3639 ,
3565 3569 3752 3647 φησὶν·

2105 3654 2193 3710 ἐὰν
2252 3653 2352 3731 γάρ
2408 3675 2495 3715 τις
2551 3652 2802 3728 ἀπολύσῃ
2858 3659 3085 3729 γυναῖκα
3117 3697 3131 3722 ,
3201 3660 3464 3731 μοιχᾶται
3531 3657 3700 3726 αὐτὴν
3736 3701 3754 3730 ,

2109 3744 2401 3811 τουτέστιν,
2456 3740 2738 3817 ἀναγκάζει
2802 3749 3185 3818 μοιχευθῆναι.
3246 3743 3323 3801 Οὐ
3384 3746 3547 3817 μόνον
3609 3744 3667 3801 δὲ
3727 3747 3757 3802 6

2105 3830 2384 3894 ἀπολύσας
2413 3827 2586 3895 αἴτιος
2635 3829 2835 3906 γίνεται
2893 3830 3112 3901 τούτου,
3172 3830 3317 3887 ἀλλὰ
3373 3834 3463 3889 καὶ
3513 3835 3540 3887 6
3572 3854 3756 3907 παρα-

2105 3919 2395 3993 δεξάμενος
2422 3918 2612 3987 αὐτὴν,
2658 3919 2911 3997 ἀφορμὴν
2962 3922 3221 3996 παρέχων
3283 3926 3378 3976 τοῦ
3436 3922 3753 3996 ἀμαρτῆσαι

2103 4014 2171 4084 τῇ
2199 4010 2437 4084 γυναικί’
2470 4009 2516 4064 εἷ
2544 4010 2646 4085 γὰρ
2694 4010 2771 4082 μὴ
2831 4008 3072 4085 δέχοιτο,
3105 4010 3408 4085 ἀνακάμψει
3463 4012 3598 4087 πρὸς
3653 4012 3752 4067 τὸν

343 4107 419 4163 Ut
446 4105 733 4177 reprimat
752 4102 827 4158 ad
849 4101 991 4156 vitia
1010 4098 1492 4171 propensionem,
1504 4097 1679 4169 jubet
1703 4097 1776 4152 de
1797 4097 1995 4152 medio

2108 4095 2292 4173 ἄνδρα.
2344 4096 2414 4155 Τί
2465 4097 2559 4153 οὗν
2590 4098 2618 4152 6
2651 4098 2818 4170 νόμος
2852 4117 2866 4168 ;
2915 4096 3055 4170 Πρὸς
3088 4098 3390 4167 ἀναπολήν
3418 4106 3517 4169 τῆς
3569 4099 3754 4156 εὐεπι-

342 4196 449 4251 toli
481 4211 633 4262 eam,
669 4210 801 4264 quis
835 4191 1186 4256 adulterata,
1221 4194 1280 4242 et
1308 4187 1587 4243 adulterii
1634 4186 1816 4241 fuerit
1842 4204 1993 4242 con-

2108 4187 2294 4263 φορίας
2321 4191 2431 4241 τῶν
2459 4189 2645 4241 παθῶν
2703 4185 3039 4261 ἀναιρεῖσθαι
3095 4186 3417 4262 προστάττει
3474 4192 3576 4258 τήν
3628 4211 3756 4262 μοι·

343 4286 531 4353 victa;
566 4283 659 4338 sin
691 4286 889 4337 autem
918 4278 1101 4334 fuerit
1133 4294 1163 4332 e
1194 4276 1421 4331 familia
1453 4276 1796 4342 sacerdotis,
1822 4275 1995 4347 jubet

2108 4280 2413 4350 χευθεῖσαν,
2443 4275 2532 4328 καὶ
2564 4273 2652 4329 ἐπὶ
2700 4273 2881 4347 τούτῳ
2938 4273 3310 4350 έλεγχθεῖσαψ
3362 4275 3449 4332 ἐὰν
3498 4275 3558 4333 δὲ
3587 4279 3756 4354 ἱερεια

345 4391 471 4429 eam
495 4374 613 4445 igni
637 4370 790 4426 tradi
844 4370 939 4439 (ἀ).
966 4366 1246 4424 Obruitur
1274 4372 1472 4420 autem
1503 4364 1737 4419 adulter
1757 4379 1993 4435 quoque

2108 4365 2160 4435 ᾗ,
2211 4363 2341 4437 πυρὶ
2393 4360 2788 4436 παραδίδοσθαι
2837 4363 3200 4439 προστάττει.
3263 4360 3653 4430 Αιθυϐολεῖται
3702 4363 3760 4421 δδ

340 4462 658 4534 lapidibus,
683 4461 786 4515 sed
817 4475 939 4513 non
960 4457 1021 4511 in
1052 4454 1261 4510 eodem
1291 4453 1446 4521 loco,
1470 4470 1544 4508 ne
1570 4470 1730 4508 mors
1751 4451 1992 4523 quidem

2108 4453 2191 4507 καὶ
2222 4453 2250 4506 6
2281 4453 2505 4526 μοιχόςο
2568 4449 2694 4505 ἀλλ’
2728 4451 2827 4506 οὐκ
2858 4451 2911 4506 έν
2941 4457 3022 4524 τῷ
3069 4453 3216 4526 αύτῷ
3272 4455 3449 4528 τόπῳ,
3475 4453 3570 4510 ἵνα
3617 4452 3756 4529 μηδὶ

342 4552 419 4605 sit
439 4552 523 4605 eis
548 4549 904 4604 communis.
932 4548 1315 4616 Nequaquam
1337 4543 1517 4615 igitur
1540 4541 1636 4597 lex
1658 4556 1791 4597 cum
1814 4543 1992 4597 Evan-

2108 4540 2128 4594 6
2159 4540 2384 4602 θάνατος
2416 4540 2602 4602 αὐτοῖς
2634 4537 2819 4594 κοινὸν
2953 4542 3034 4596 υύ
3090 4540 3155 4610 δή
3203 4543 3436 4618 μάχεται
3467 4548 3549 4616 τῷ
3579 4545 3756 4619 Εὐαγ-

341 4638 496 4711 gelio
548 4642 788 4709 pugnat,
822 4634 927 4690 sed
968 4634 1019 4689 ei
1052 4632 1368 4688 consentit.
1403 4630 1616 4696 Quidni
1659 4631 1815 4685 enim
1859 4646 1988 4685 cum

2108 4629 2268 4703 γελίῳ
2299 4630 2327 4683 6
2360 4630 2548 4702 νόμος
2582 4625 2795 4699 συνᾴδει
2856 4626 2915 4683 δέ
2943 4628 3112 4701 αὐτῷ.
3145 4635 3269 4693 Πῶς
3301 4632 3402 4708 γὰρ
3450 4632 3604 4708 οὐχὶ,
3639 4631 3755 4694 ἐνὸς

339 4733 658 4795 utrumque
690 4740 847 4779 unus
878 4720 1276 4794 suppeditavit
1298 4720 1582 4776 Dominus
1601 4719 1629 4773 Ἰ
1660 4720 1798 4784 Quae
1831 4719 1989 4774 enim

2108 4712 2253 4779 ἔντος
2283 4717 2486 4793 ἀμφοῖν
2547 4717 2802 4793 χορηγοῦ
2845 4722 2942 4772 τοῦ
3001 4718 3235 4791 Κυρίου;
3294 4720 3357 4776 Ἡ
3384 4721 3485 4796 γάρ
3505 4741 3592 4776 τοι
3621 4741 3755 4797 πορθ

344 4821 435 4871 est
458 4814 770 4882 fornicata,
789 4813 927 4868 vivit
950 4811 1190 4883 quidem
1214 4815 1479 4882 peccato,
1512 4809 1616 4865 sed
1647 4814 1881 4864 mortua
1901 4814 1991 4864 est

2108 4804 2328 4861 νεύσασα
2360 4809 2425 4880 ζῇ
2478 4807 2572 4880 μὶν
2629 4808 2699 4879 τῇ
2760 4805 2999 4879 ἁμαρτίᾳ
3043 4805 3272 4872 ἀπέθανε
3328 4805 3387 4863 δὲ
3430 4814 3551 4873 ταῖς
3605 4808 3751 4866 ἐντος

409 4958 569 5041 »ιτ-Ρ,
598 4958 842 5041 sorua.
871 4958 1194 5041 “roman,
1227 4956 1465 5041 524-525
1523 4954 1920 5041 EDinP'ARl‘S.
1981 4954 1995 5024 ‹

2108 4954 2288 5041 ιξιιιι.
2320 4972 2373 5023 v,
2406 4956 2494 5022 32,
2525 4970 2640 5022 xix,
2672 4957 2742 5023 9;
2775 4955 2950 5028 Marc,
2974 4972 3031 5024 χ,
3066 4956 3149 5026 11,
3186 4960 3294 5026 l2;
3346 4958 3482 5015 Luc.
3517 4976 3631 5028 xvr,
3666 4958 3756 5018 18.

337 5032 413 5103 (b)
446 5030 593 5086 Ibid.
654 5030 723 5102 (ο)
756 5029 932 5084 Levit.
970 5043 1065 5096 xx,
1097 5031 1199 5095 19;
1230 5028 1401 5082 Deut.
1432 5044 1570 5082 xm.
1609 5026 1689 5099 (ἀ)
1720 5026 1896 5081 Levit.
1946 5042 2102 5093 nix,
2132 5026 2188 5081 9.

2102 5171 2197 5227 vel
2227 5147 2532 5246 contracta
2575 5170 2959 5246 αισχρουργίαι
2995 5174 3153 5245 quod
3184 5175 3333 5231 vidit
3361 5177 3541 5233 etiam
3571 5178 3757 5234 inter-

2102 5260 2259 5315 pres.
2303 5243 2577 5298 Sanunc.

2174 5334 2285 5401 (16)
2316 5335 2569 5387 Γυναῖκα.
2615 5333 2929 5404 ReSpicere
2976 5332 3210 5390 videtur
3242 5337 3266 5390 Ι
3295 5337 3444 5392 Tim.
3480 5354 3539 5404 ιι,
3570 5340 3625 5404 9,
3669 5339 3758 5393 10.

2172 5416 2577 5493 (17),Εύχαῖς.
2621 5421 2960 5493 ‘Respicere
3011 5423 3243 5478 videtur
3294 5426 3313 5479 l
3361 5426 3508 5480 Tim.
3568 5442 3624 5491 ν,
3676 5428 3759 5480 5:

2100 5486 2572 5578 Πέοσμένειτταῖς
2617 5486 2833 5559 δεήσὲσι
2878 5491 2967 5546 καὶ
3017 5497 3139 5557 ταῖς
3167 5499 3502 5569 προσευχαῖς
3560 5486 3761 5558 νυκτὸς

2100 5562 2451 5636 γαιήμέρας.

2238 5600 2451 5630 ιιι-ἰη’-

407 5177 521 5248 (14)
555 5172 855 5247 Κρύπτουσ’
880 5171 1190 5242 Euripides
1212 5172 1414 5227 Hecub.
1449 5188 1499 5225 v.
1533 5173 1775 5227 569-578

340 5261 568 5330 Πολλὴν
595 5260 856 5331 πρόνοιαν
889 5259 1051 5331 εἶχεν.
1066 5257 1237 5331 εὖσχῄ
1247 5262 1568 5331 μωςᾼπεσεῖν
1580 5300 1595 5331 ,

338 5325 647 5405 Κρύπϊουςἱ
674 5329 707 5386 ἃ
735 5325 993 5405 κρύπτειν
1023 5325 1228 5405 ὄμματ’
1250 5325 1468 5405 ’ἀρσένω
1500 5329 1704 5402 χρέών.

395 5400 599 5479 agnam
639 5400 1073 5461 sallicitudinem
1117 5400 1333 5479 habuit,
1378 5400 1630 5479 decenter
1658 5406 1719 5454 ut
1750 5400 1990 5472 caderet,

338 5482 408 5535 Et
431 5470 782 5543 voccultaret,
826 5490 951 5546 quae
1005 5472 1281 5527 occultare
1336 5470 1518 5525 oculos
1573 5472 1817 5613 virm-Emi
1862 5470 1990 5597 cton;

1748 5559 1871 5597 veni
1906 5586 1918 5599 .

1748 5545 1918 5599 venit.

407 5640 518 5712 (15)
573 5633 972 5712 Αἷσχρολογία.
1028 5633 1251 5689 Sensus
1298 5629 1557 5703 requirit
1610 5627 1989 5708 αἱσχροεργία,
