4034 6148
319 286 464 345 1097

1653 288 2105 344 ΒΤΒΟΜΔἸἮΜ
2142 288 2279 343 LIB.
2320 287 2420 342 III.

3604 282 3750 344 1098

318 411 461 474 λαῖς⁶
496 413 532 481 ἡ
565 407 624 466 δὲ
657 412 1052 484 μετανοήσασα,
1097 412 1209 468 οἷον
1262 413 1683 489 ἀναγεννηθεῖσα
1708 411 1846 466 κατὰ
1872 411 1970 480 τήν

2092 410 2390 467 mandatis
2412 427 2426 466 :
2448 427 2580 482 quae
2605 413 2804 466 autem
2822 410 3000 466 ducta
3017 414 3106 467 est
3124 409 3496 483 pmnitentia,
3520 415 3589 469 ut
3615 430 3746 486 quae

313 500 650 578 ἐπιστροφὴν
699 505 796 555 τοῦ
848 501 994 576 βίου,
1040 501 1454 578 παλιγγενεσίαν
1506 497 1625 578 ἔχει
1675 507 1844 571 ζωῆς·
1892 521 1980 555 τε-

317 591 577 662 θνηκυίας
628 589 724 663 μὶν
773 596 877 659 τῆς
924 590 1131 662 πόρνης
1177 597 1282 660 τῆς
1332 590 1595 660 παλαιᾶς,
1630 589 1708 652 εἷς
1752 591 1876 665 βίον
1924 586 1981 643 δὲ

315 676 700 754 παρελθούσης
755 677 910 742 αὖθις
957 686 1057 747 τῆς
1105 680 1242 735 κατὰ
1289 681 1388 748 τὴν
1446 679 1736 754 μετάνοιαν
1783 699 1980 753 γεννη-

317 768 521 837 θείσης.
580 772 864 842 Μαρτυρεῖ
919 773 1035 830 τοῖς
1097 768 1414 843 εἰρημένοις
1473 766 1562 822 διὰ
1609 765 1872 836 Ἰεζεκιὴλ
1914 765 1977 821 τὰ

321 861 560 929 Πνεῦμα,
649 855 832 930 λέγον·
922 858 998 914 Οὐ
1081 857 1361 933 βούλομαι
1434 857 1525 912 τὸν
1595 858 1821 911 θάνατον
1881 860 1978 910 τοῦ

318 944 677 1020 ἁμαρτωλοῦ,
732 946 809 1006 ὡς
865 947 928 1000 τὸ
984 946 1301 1020 ἐπιστρέψαι
1363 948 1496 1019 (18).
1557 944 1764 1000 Αὐτίκα
1822 941 1977 998 λιθό-

318 1035 538 1091 λευστοι
583 1034 846 1109 γίνονται,
905 1034 980 1095 ὡς
1035 1033 1094 1088 ἂν
1149 1033 1240 1089 διὰ
1297 1030 1731 1109 σκληροκαρδίαν
1767 1034 1975 1087 ἀποθα-

314 1123 495 1185 νόντες
525 1127 606 1195 τῷ
633 1123 817 1196 νόμῳ,
850 1123 896 1194 ᾧ
933 1124 1009 1196 μή
1043 1123 1388 1194 ἐπείσθησαν
1437 1126 1506 1196 τῇ
1559 1121 1616 1178 δὶ
1657 1121 1828 1196 ἱερείᾳ
1857 1120 1977 1176 ἐπι-

316 1212 545 1267 τείνεται
573 1213 642 1267 τὰ
685 1219 787 1281 τῆς
843 1209 1146 1280 κολάσεως,
1209 1213 1292 1266 ὅτι
1345 1213 1391 1285 ᾧ
1447 1209 1639 1266 πλεῖον
1664 1208 1847 1281 ἐδόθη,
1881 1211 1974 1264 οὗ-

315 1325 409 1366 τος
466 1303 556 1357 καὶ
613 1307 807 1357 πλεῖον
887 1305 1000 1376 (19)
1087 1303 1465 1372 ἀπαιτήσεται.
1556 1301 1973 1377 Περιγεγράφθω

316 1391 406 1449 καὶ
439 1393 467 1447 ὁ
501 1389 752 1466 δεύτερος
782 1392 919 1465 ἡμῖν
952 1388 1137 1455 ἐνθάδε
1169 1390 1556 1467 Στρωματεὺς,
1582 1386 1671 1444 διὰ
1698 1390 1760 1444 τὸ
1795 1389 1975 1463 μῆκός

318 1503 379 1539 τε
407 1481 498 1537 καὶ
528 1481 743 1551 πλῆθος
771 1479 1082 1558 κεφαλαίων
1119 1483 1258 1555 (20).

385 1679 462 1752 (α)
495 1678 699 1734 Ezech.
736 1695 937 1748 χχχιιι,
961 1683 1046 1740 il.
1075 1682 1146 1752 (b)
1183 1681 1322 1736 Luc.
1353 1695 1455 1746 χιι,
1487 1680 1576 1734 48.

386 1819 500 1890 (18)
533 1819 648 1893 Τοῦ
694 1817 1052 1893 ἁμαρτωλοῦ,
1097 1819 1172 1882 ὡς
1215 1819 1278 1874 τὸ
1325 1819 1409 1874 ἐπ.
1461 1823 1567 1874 Τοῦ
1619 1813 1869 1891 ἀσεϐοῦς,
1897 1819 1970 1880 ὡς

317 1889 615 1963 sumpsi.
650 1889 852 1948 Ezecli.

393 1959 505 2036 (19)
535 1959 759 2036 Πλεῖον.
788 1964 1073 2036 _I_{espicit
1117 1965 1252 2020 Luc.
1303 1981 1409 2036 xu,
1454 1967 1562 2036 4A8:
1612 1961 1779 2016 Παντὶ
1810 1959 1887 2034 ὃὶ,
1922 1964 1968 2036 ᾧ

315 2029 493 2102 ἐδόθη
512 2032 679 2103 πολὺ,
710 2032 857 2089 πολὺ
890 2029 1254 2105 ζῆτηθήσεται
1283 2029 1412 2110 παρ’
1442 2033 1626 2091 αὐτοῦ.

2001 1782 2049 1848 Β

2091 502 2167 556 sit
2197 501 2414 557 iterum
2445 505 2725 573 generata
2755 516 2862 571 per
2892 500 3022 555 vitea
3063 501 3534 572 conversionem,
3569 502 3750 561 habet

2087 591 2218 644 vitae
2248 590 2763 662 regenerationem
2788 606 2801 655 ;
2821 593 3057 644 mortua
3080 589 3324 661 quidem
3345 595 3539 648 vetere
3562 592 3747 650 forni-

2088 679 2326 747 catrice,
2362 679 2423 734 in
2469 679 2648 734 vitam
2681 683 2879 733 autem
2933 694 3140 732 rursus
3183 679 3451 750 ingressa
3495 697 3583 748 ea,
3615 698 3747 754 quas

2085 770 2286 842 genita
2316 769 2470 824 183
2521 773 2612 824 est
2657 785 2765 840 per
2792 769 3228 840 paenitentiam.
3275 769 3374 835 Iis,
3425 786 3557 840 quae
3589 771 3747 829 dicta

2088 863 2248 925 sunt,
2281 857 2396 912 fert
2426 858 2678 928 Spiritus
2731 857 3161 925 testimonium,
3195 857 3402 912 dicens
3451 874 3559 928 per
3605 860 3748 915 Eze-

2085 947 2380 1001 chielem:
2413 947 2548 1001 Nolo
2577 954 2808 1001 mortem
2844 949 3172 1016 peccatoris,
3215 947 3308 1001 sed
3353 953 3414 1002 ut
3461 955 3743 1005 converta-

2087 1043 2176 1090 tur
2188 1037 2279 1106 (α).
2296 1037 2422 1090 Jam
2441 1052 2576 1090 vero
2600 1035 2934 1090 obruuntur
2953 1035 3275 1108 lapidibus,
3298 1041 3364 1092 ut
3376 1037 3478 1108 qui
3500 1044 3742 1110 propter

2085 1125 2366 1180 duritiem
2386 1126 2580 1180 cordis
2600 1125 2719 1180 sint
2733 1125 2847 1198 legi
2865 1127 3108 1195 mortui,
3132 1126 3227 1181 cui
3250 1143 3373 1183 non
3388 1135 3735 1198 paruerunt.

2085 1211 2418 1269 Sacerdotis
2448 1219 2648 1269 autem
2678 1214 2848 1269 uxori
2880 1219 3128 1287 augetur
3167 1214 3548 1287 supplicium,
3599 1218 3740 1288 quia

2084 1304 2174 1358 cui
2195 1303 2325 1372 plus
2355 1304 2546 1359 datum
2571 1310 2668 1374 est,
2699 1303 2823 1375 plus
2846 1304 2915 1358 ab
2936 1321 2996 1359 eo
3027 1305 3281 1373 exigetur
3302 1304 3395 1374 (b).
3427 1305 3736 1362 Termine-

2085 1396 2180 1445 tur
2209 1391 2306 1446 hic
2337 1409 2574 1464 quoque
2611 1391 2875 1448 secunda
2903 1392 3261 1461 Stromatum,
3311 1408 3416 1448 seu
3463 1395 3737 1450 Miscella-

2080 1497 2326 1549 neorum,
2358 1481 2702 1553 disputatio,
2735 1486 2978 1555 propter
3023 1480 3430 1554 prolixitatem
3473 1483 3735 1555 capitum

2083 1573 2141 1623 et
2167 1568 2639 1626 multitudinem.

2150 1826 2264 1908 (‘20)
2295 1821 2634 1908 Keealgicoy.
2690 1825 2992 1908 Capitum_
3021 1825 3264 1908 quidem
3313 1825 3538 1882 mentio
3587 1825 3726 1908 hic;

2080 1897 2195 1970 sed
2215 1913 2282 1950 ea
2311 1897 2434 1970 non
2466 1897 2908 1970 distinctasunt
2935 1901 3001 1952 ut
3029 1897 3091 1952 in
3118 1897 3459 1970 Rwdagogo,
3483 1903 3727 1970 propter

2078 1968 2268 2023 varias
2301 1967 2531 2024 scilicet
2557 1968 2822 2024 materias
2851 1967 3340 2040 interruptiones.
3380 1967 3657 2024 smnus.

316 2199 3730 2232 m

1293 2345 2746 2518 ΚΛΗΜΕΝΤΟΣ

751 2641 1261 2812 ΤΟΥ
1424 2640 3296 2811 ΑΛΕΞΑΝΔΡΕΩΣ

1419 2927 2608 3058 ΣΤΡΩΜΑΤΕΩΝ

998 3177 1254 3273 ΤΩΝ
1339 3181 1536 3274 ΕΙΣ
1621 3178 1962 3275 ΟΚΤΩ
2041 3179 2445 3276 ΛΟΓΟΣ
2530 3180 3018 3278 ΤΡΙΤΟΣ.

709 3561 1837 3730 CLEMENTIS
1954 3565 3266 3730 ALEXANDRIN
3273 3565 3347 3729 Ι

1491 3856 2542 3982 STROMATUM

1316 4077 1802 4171 LIBER
1933 4077 2665 4199 TERTIUS.

1994 4287 2064 4298 -ο

1742 4401 1974 4456 CAPUT
2010 4401 2308 4457 PRIMUM.

1174 4487 1436 4543 Basilidis
1465 4491 1790 4544 sententiam
1841 4491 1908 4545 de
1946 4492 2286 4545 continentia
2314 4495 2366 4543 et
2407 4491 2619 4560 nuptiis
2646 4492 2874 4558 refutat.

384 4603 451 4659 Οἱ
512 4603 606 4674 μὲν
666 4599 761 4656 οὖν
831 4601 970 4678 ἀμφὶ
1026 4603 1118 4656 τὸν
1201 4601 1591 4674 Οὐαλεντῖνον,
1650 4602 1852 4660 ἄνωθεν
1908 4605 1968 4660 ἐκ

311 4695 418 4746 τῶν
450 4692 608 4746 θείων
642 4685 938 4765 προϐολῶν
981 4693 1094 4763 (21)
1147 4690 1244 4754 τὰς
1301 4692 1557 4767 συζυγίας
1589 4698 1699 4763 (22)
1727 4713 1960 4768 καταγα-

312 4779 521 4856 γόντες,
577 4778 986 4854 εὐαρεστοῦνται
1040 4779 1228 4853 γάμῳ*
1307 4779 1358 4832 οἱ
1435 4777 1492 4833 δὲ
1549 4780 1655 4835 ἀπὸ
1713 4779 1964 4836 Βασιλεί-

381 4912 445 4976 ›ι‹
476 4907 538 4963 P.
575 4907 675 4959 508
707 4905 818 4960 ΕΒ.
852 4906 1145 4974 POTTER,
1178 4906 1282 4959 426
1312 4907 1422 4960 ΕΙ).
1458 4907 1686 4962 PARIS.

383 5022 871 5106 (21)ᾼΠροϐολῑίξν.
923 5022 1293 5106 ΙΙεριϐὁλων,-
1317 5030 1486 5106 νιιιε.Δ
1524 5031 1707 5106 edi_t.;
1757 5027 1967 5106 προϐάτ-

311 5096 699 5174 λων,ξνὶοέοι·,
733 5096 1012 5174 δγιὺιιςεςξ
1057 5100 1214 5171 quod
1272 5096 1529 5174 Logvtbio
1579 5096 1820 5174 placuit.
1856 5105 1966 5160 Sed

310 5190 448 5229 vera
473 5173 648 5227 lectio
682 5166 1116 5243 est'npo66AGn3,
1160 5188 1199 5244 a
1243 5166 1520 5244 προϐολή·
1557 5166 1676 5244 qua
1705 5192 1843 5230 voce
1874 5177 1964 5230 usi

312 5252 452 5300 sunt
483 5245 882 5300 Valentiniani
914 5245 988 5299 ad
1021 5243 1472 5316 signiﬁcandam
1504 5243 1754 5316 xEonum
1781 5262 1810 5299 e
1843 5247 1967 5302 suis

312 5317 508 5372 causis
538 5339 565 5366 «
601 5317 1004 5370 emissionem.
1041 5315 1092 5385 )3,
1125 5315 1397 5385 Clemens
1452 5315 1627 5383 infra,
1678 5318 1882 5372 Strom.
1913 5337 1964 5385 ν,

357 5391 507 5461 .-699
541 5387 676 5461 edit.
715 5387 941 5461 Paris._:
975 5382 1186 5461 Δὲδωκε
1209 5383 1264 5461 δε
1287 5386 1538 5461 ἀφορμὰς
1567 5391 1684 5449 τοῖς
1714 5387 1811 5451 τὰς
1838 5382 1969 5461 προζ

357 5430 369 5442 .
405 5404 507 5442 ουν
541 5404 676 5442 emt.
715 5404 900 5442 rans.
929 5404 941 5441 :
975 5404 1186 5440 Δεοωκε
1209 5404 1264 5438 οε
1287 5405 1538 5461 αφορμας
1567 5406 1684 5449 τοις
1714 5408 1811 5451 τας
1838 5408 1964 5461 προ-

311 5404 483 5521 ¹ἐολοὶς
514 5459 807 5532 εἰσάγουσι2
857 5459 1004 5532 τᾴχα
1049 5456 1154 5532 καὶΔ
1188 5455 1418 5532 σύζυγον
1457 5464 1650 5526 νοῆσαι
1681 5463 1778 5512 τοῦ
1808 5464 1964 5514 Θεοῦ.

313 5553 342 5581 α
373 5529 752 5586 Occasionem
776 5529 1156 5599 deditiis,qui
1184 5529 1534 5585 emissiones
1556 5532 1963 5598 introducunt,

315 5600 502 5672 ipsius
522 5601 669 5656 forte
693 5603 793 5656 Dei
818 5603 1133 5674 conjugem
1155 5602 1333 5656 etiam
1356 5602 1748 5657 comminisci.
1779 5627 1806 5652 ››
1826 5605 1964 5669 Epi-

594 5719 862 5780 ΡΑΤιιοι.
912 5720 1024 5780 Gn.
1071 5716 1238 5781 VIII.

2145 4605 2208 4670 »Β
2221 4608 2301 4661 Ac
2317 4605 2716 4661 Valentiniani
2734 4606 2998 4677 quidem,
3026 4605 3126 4677 qui
3149 4605 3408 4676 desuper
3428 4620 3500 4659 ex
3516 4603 3730 4661 divinis

2077 4694 2500 4750 emissionibus
2553 4695 2850 4750 deduxere
2899 4694 3368 4768 conjugationes,
3420 4698 3731 4766 acceptum

2075 4783 2298 4839 habent
2325 4784 2775 4842 matrimonium
2800 4801 2813 4841 :
2849 4783 3122 4841 Basilidis
3153 4789 3352 4841 autem
3384 4789 3726 4856 sectatores,

2076 5033 2554 5125 phaniuslibxll,
2598 5034 2855 5122 'haares.‘
2887 5036 2975 5122 32‘,
3010 5052 3083 5125 cpa.
3141 5034 3278 5125 213,,
3315 5035 3388 5092 de
3427 5035 3728 5125 his‘re‘bus

2076 5103 2276 5177 agens,
2309 5104 2641 5177 aitsMova'zc
2668 5124 2727 5177 τε
2751 5103 2858 5177 -καὶ
2901 5103 2963 5158 τὸ
3010 5103 3105 5160 Ἕν
3133 5107 3446 5177 προήκαντο
3476 5109 3571 5169 τὰς
3606 5103 3729 5161 λοι-

2073 5170 2178 5237 πᾶς
2208 5170 2493 5247 προϐολὰς
2521 5180 2628 5229 τῶν
2660 5173 2904 5232 Αἰώνων.
2956 5197 2986 5228 α
3019 5170 3223 5234 Menas
3249 5170 3309 5235 et
3347 5182 3541 5236 Unum
3574 5180 3724 5235 emi-

2076 5254 2284 5304 serunt
2310 5248 2574 5318 reliquas
2606 5248 2956 5304 emissiones
2985 5250 3257 5305 Eonum.
3291 5273 3320 5300 »

2146 5320 2258 5392 (22)
2293 5318 2578 5392 Συζυγίας.
2617 5340 2639 5368 α
2673 5320 2960 5392 Conjugia
2989 5342 3016 5368 »
3059 5321 3332 5392 quaedam
3364 5323 3427 5376 in
3459 5337 3564 5392 suo
3596 5319 3726 5392 Plef

2074 5390 2301 5446 romate
2326 5390 2646 5446 commenti
2671 5390 2811 5446 sunt
2831 5390 3250 5459 valentiniani,
3272 5410 3342 5447 ex
3363 5391 3579 5462 quibus
3602 5390 3725 5462 nati

2075 5469 2214 5517 sunt
2249 5465 2482 5518 :Eones.
2529 5464 2796 5534 Irenaaus
2828 5463 2950 5534 lib.
3000 5480 3037 5534 I_,
3089 5481 3216 5534 cap.
3272 5459 3725 5534 l2,__p._3l_edit_.

2075 5535 2258 5589 Oxon.
2284 5552 2298 5588 :
2332 5534 2424 5587 Διὸ
2455 5532 2545 5587 καὶ
2577 5533 2635 5587 ἐκ
2682 5533 2880 5596 παντὸς
2924 5532 3132 5596 τρόπου
3160 5528 3289 5585 ’δεῖν
3329 5528 3523 5591 αὐτοὺς
3554 5528 3637 5583 ἀεὶ
3663 5530 3728 5583 τὸ

2070 5611 2170 5674 τῆς
2201 5607 2454 5682 συζυγίας
2507 5604 2734 5677 μελετᾷν
2794 5599 3114 5676 μυστήριον
3166 5602 3446 5656 καὶτοῦτο
3479 5599 3725 5656 πείθουσι

3367 5719 3446 5782 35
