4034 6148
319 373 456 432 1101

1646 375 2087 431 ΒΤΒΟΜΔΤῸΜ
2129 375 2262 429 LIB.
2303 372 2402 430 III.

3593 375 3735 435 1102

319 529 349 557 ‹‹
405 503 665 579 Ἀντὲχου
722 503 833 575 (31)
888 497 1091 570 τοίνυν,
1149 519 1178 554 ι
1241 478 1378 574 φησῖ
1421 497 1558 555 κατὰ
1604 497 1752 572 λάξιν
1785 501 1813 555 ὁ
1845 499 1969 555 Ἰσί-

2103 519 2117 557 ι
2147 518 2249 574 spe
2273 508 2363 558 est
2381 502 2587 560 divisa.
2613 523 2643 552 ››
2660 534 2729 544 -
2745 523 2770 555 ε
2784 501 3181 575 Apprehende
3193 520 3352 576 ergo,
3374 525 3402 555 »
3424 504 3624 578 inquit
3637 507 3732 562 his

320 591 498 667 δωρος
531 591 586 648 ἰν
613 595 732 653 τοῖς
763 614 792 642 ‹‹
822 591 1090 660 Ἠθικοῖς,
1115 613 1144 642 »
1179 589 1440 666 μαχίμης
1465 589 1745 665 γυναικὸς,
1767 587 1859 644 ἵνα
1892 589 1968 663 μὴ

319 682 678 754 ἀποσπασθῇς
730 685 831 749 τῆς
877 679 1108 754 χάριτος
1152 682 1248 733 τοῦ
1293 678 1450 747 Θεοῦ,
1499 677 1561 732 τό
1608 699 1667 733 τε
1697 681 1802 751 πῦρ
1829 678 1967 732 ἀποο

321 767 712 845 σπερματίσας,
745 764 1136 837 εὖσυνειδήτως
1168 771 1278 838 (32)
1311 765 1592 842 προσεύχῃ
1632 770 1764 838 (33).
1812 767 1969 821 Ὅταν

323 861 381 917 δὲ
408 863 444 931 ἡ
476 857 796 932 εὐχαριστία
830 878 950 927 σου,
985 857 1174 935 φησὶν,
1206 857 1284 919 εἷς
1315 855 1529 927 αἴτησιν
1564 856 1807 930 ὑποπέσῃ
1836 859 1972 930 (34),

318 950 411 1005 καὶ
444 951 575 1022 στῇς
605 947 668 1002 τὸ
701 947 896 1001 λοιπὸν
926 946 988 1001 οὗ
1018 950 1385 1021 κατορθῶσαι,
1437 944 1584 1000 ἀλλά
1635 947 1710 1018 μὴ
1762 945 1972 1022 σφαλῆ-

321 1061 430 1110 ναι,
464 1039 742 1114 γάμησον.
777 1036 954 1092 ’Δλλᾶ
981 1033 1100 1098 νέος
1121 1036 1202 1098 τίς
1252 1035 1415 1105 ἐστιν,
1446 1035 1482 1104 ἢ
1514 1036 1703 1106 πένης,
1726 1035 1763 1105 ἢ
1794 1056 1974 1090 κατω-

324 1130 516 1207 φερὴς,
545 1127 637 1182 καὶ
671 1126 732 1182 οὐ
785 1124 930 1181 θὲλει
961 1131 1136 1200 γῆμαι
1167 1127 1304 1180 κατά
1348 1125 1440 1179 τὸν
1472 1123 1660 1199 λόγον’
1695 1123 1850 1186 οὗτος
1877 1128 1976 1179 τοῦ

324 1217 566 1294 ἀδελφοῦ
602 1217 678 1289 μὴ
707 1213 1053 1291 χωριζέσθω·
1107 1212 1333 1289 λεγέτω,
1376 1212 1459 1269 ὅτι
1490 1211 1833 1284 Εἶσελήλυθα
1865 1212 1974 1289 ἐγὼ

325 1307 402 1369 εἷς
445 1306 512 1360 τὰ
561 1305 708 1380 ἅγια·
757 1300 912 1358 οὐδὲν
949 1300 1177 1376 δύναμαι
1208 1306 1420 1366 παθεῖν.
1455 1304 1578 1358 Ἐὰν
1630 1299 1687 1357 δὲ
1720 1301 1977 1358 ὑπόνοιαν

322 1391 454 1470 ἔχῃ,
487 1393 712 1449 εἰπάτω·
747 1390 997 1470 ’Δδελφέ,
1028 1391 1209 1453 ἐπίθες
1242 1413 1336 1465 μοι
1367 1394 1466 1460 τὴν
1502 1395 1608 1464 (35)
1655 1396 1840 1466 χεῖρα,
1884 1390 1977 1446 τίνα

327 1487 403 1558 μὴ
465 1484 786 1556 ἁμαρτήσω·
840 1484 933 1536 καὶ
1001 1480 1234 1555 λήψιται
1297 1482 1572 1556 βοήθειαν,
1621 1481 1713 1535 καὶ
1770 1481 1978 1550 νοητὴν

321 1575 412 1628 καὶ
471 1571 756 1643 αἰσθητήν·
817 1569 1103 1640 Θελησάτω
1160 1572 1279 1643 (36)
1309 1569 1477 1642 μόνον
1506 1568 1816 1644 ἀπαρτῆσαι
1865 1571 1976 1642 (37)

319 1662 384 1716 τὸ
413 1661 608 1730 καλὸν,
637 1661 728 1715 καὶ
759 1659 1114 1730 ἐπιτεύξεται.
1149 1658 1355 1713 Ἑνίοτε
1385 1655 1441 1712 δὲ
1469 1658 1678 1730 τῷῗμὶν
1713 1656 1979 1733 στρόματι

324 1748 586 1825 λέγομεν,
619 1750 700 1806 Οὐ
734 1748 970 1821 θέλομεν
1027 1749 1358 1822 ἀμαρτῆσαι³
1410 1750 1445 1817 ἡ
1478 1744 1535 1803 δὲ
1565 1744 1776 1802 διάνοια
1806 1742 1979 1824 ἔγχει-

397 1847 460 1912 νκ
491 1851 554 1904 P.
588 1849 691 1902 510
721 1850 832 1906 ED.
866 1849 1161 1904 POTTER.

2080 591 2273 646 verbis
2330 591 2594 648 Isidorus
2645 593 2706 647 in
2758 591 3081 662 Moralibus,
3135 592 3200 656 ιβ
3243 593 3548 650 robustam
3601 613 3735 652 mu-

2080 680 2310 751 lierem,
2344 698 2418 737 ne
2449 698 2484 737 a
2513 683 2615 736 Dei
2646 681 2833 754 gratia
2863 681 3136 737 avellaris
3161 699 3176 749 ;
3214 687 3272 737 et
3287 699 3421 738 cum
3444 684 3640 757 ignem
3672 687 3734 743 in

2084 771 2311 825 semine
2364 771 2690 826 excreveris
2743 788 2878 825 cum
2935 770 3093 825 bona
3140 787 3273 825 ores
3329 774 3735 830 conscientia-

2083 859 2326 924 Quando
2347 865 2568 927 autem,
2593 859 2809 930 inquit,
2836 864 2938 915 tua
2957 860 3280 932 gratiarum
3311 863 3464 916 actio
3494 862 3740 934 delapsa

2082 947 2261 1003 fuerit
2282 949 2343 1003 in
2375 950 2811 1021 petitionem,et
2838 949 3121 1021 deinceps
3152 951 3409 1022 steteris,
3440 956 3506 1006 ut
3536 956 3738 1008 tamen

2083 1036 2205 1092 labi
2236 1053 2302 1092 ac
2334 1038 2589 1094 titubare
2621 1055 2743 1094 non
2783 1038 3042 1107 desinas,
3077 1039 3190 1094 duc
3214 1055 3482 1096 uxorem.
3517 1041 3618 1096 Sin
3651 1046 3741 1098 est

2085 1126 2305 1197 aliquis
2327 1128 2589 1199 juvenis,
2623 1128 2713 1183 vel
2742 1144 2987 1200 pauper,
3019 1129 3108 1184 vel
3134 1129 3507 1198 inﬁrmus,et
3532 1148 3653 1186 non
3686 1133 3740 1186 ei

2085 1215 2232 1270 libet
2271 1216 2427 1288 logo,
2480 1233 2584 1270 seu
2615 1217 2854 1284 rationi,
2903 1217 3326 1272 convenienter
3355 1233 3601 1274 uxorem
3632 1219 3743 1274 du-

2085 1321 2239 1376 cere,
2272 1305 2322 1360 is
2351 1323 2386 1361 a
2414 1305 2595 1361 fratre
2627 1323 2702 1361 ne
2727 1306 3030 1374 discedat;
3064 1306 3248 1362 dicat:
3281 1309 3590 1380 Ingressus
3613 1326 3746 1364 sum

2086 1394 2146 1448 in
2170 1399 2394 1460 sancta,
2419 1395 2572 1449 nihil
2594 1411 2838 1466 possum
2861 1395 3003 1467 pati.
3037 1397 3205 1462 Quod
3237 1396 3284 1451 si
3315 1413 3452 1452 eum
3484 1398 3744 1471 suspicio

2086 1483 2283 1553 aliqua
2304 1483 2532 1552 subeat,
2556 1484 2713 1539 dicat
2737 1501 2751 1538 :
2784 1487 3006 1552 Frater,
3039 1485 3279 1556 impone
3304 1487 3452 1541 mihi
3475 1503 3744 1559 manum,

2087 1589 2162 1628 ne
2209 1589 2493 1644 peccem;
2547 1579 2604 1627 et
2654 1574 2968 1629 confestim
3015 1578 3140 1629 tum
3181 1573 3242 1629 in
3272 1579 3493 1644 mente,
3526 1580 3652 1632 tum
3682 1577 3744 1633 in

2089 1678 2333 1733 corpore
2365 1679 2538 1732 opem
2571 1663 2928 1734 experietur.
2955 1663 3109 1718 Velit
3135 1663 3311 1718 modo
3336 1663 3494 1735 quod
3517 1664 3743 1721 bonum

2089 1754 2181 1806 est
2208 1751 2516 1822 perﬁcere,
2549 1755 2607 1807 et
2636 1756 3006 1823 assequetur.
3055 1753 3497 1824 Nonnunquam
3544 1758 3742 1811 autem

398 1949 510 2019 (31)
531 1943 856 2031 έΑντέχοξ.
881 1944 1172 2031 ,Ἂνξχουζ
1197 1966 1226 1994 ‹‹
1258 1945 1508 2031 sustine,
1542 1967 1591 2031 »ι
1615 1944 1796 2031 habet
1840 1944 1979 2031 Epi-

2110 1945 2427 2028 ntelligens
2450 1962 2562 2031 per
2589 1968 2616 1996 τ(
2647 1947 2914 2031 fratrem,
2945 1969 2976 2031 ρ
3007 1948 3126 2002 sive
3159 1963 3578 2031 quemcunque
3606 1948 3744 2031 ﬁde-

368 2015 508 2073 h'an.
531 2019 712 2072 Porro
732 2015 800 2072 in
818 2015 1231 2072 Isidori'verba
1258 2017 1384 2072 haac
1415 2015 1718 2071 adnotavit
1741 2016 1816 2071 cl.
1837 2015 1974 2072 Gra-

371 2037 508 2073 nan.
531 2037 712 2072 .I’OI'I‘O
740 2037 800 2072 III
819 2037 1030 2072 ISIQOI‘I
1051 2037 1231 2072 νει*υᾶ
1261 2037 1384 2072 [1830
1415 2037 1718 2071 aunoravu.
1741 2037 1816 2071 Cl.
1837 2037 1974 2072 ura-

326 2037 461 2146 Bius
489 2091 776 2158 Sptcilegii
807 2107 945 2146 saec.
986 2105 1048 2155 ιι,
1079 2105 1210 2160 pag.
1245 2091 1332 2155 66,
1366 2091 1472 2160 677:
1505 2111 1532 2137 «
1561 2090 1680 2143 Ista
1696 2089 1976 2160 emenda-

326 2163 488 2218 tione
519 2167 579 2216 et
607 2160 1000 2232 explicatione
1032 2159 1225 2232 egent,
1259 2177 1375 2230 qua
1395 2159 1978 2232 allata,patebithmc

324 2233 502 2302 verba
547 2233 772 2287 bonum
818 2233 1038 2287 habere
1073 2231 1336 2286 Sensum.
1370 2234 1450 2285 Ac
1481 2231 1681 2302 priora
1711 2231 1976 2302 quidem,

325 2301 587 2378 Ἀντᾷχου
610 2304 775 2376 (sive,
799 2309 864 2378 ut
884 2303 1038 2375 apud
1059 2303 1457 2378 Epiphanium
1479 2301 1977 2378 legimus’o’wéxop)

330 2372 585 2449 μαχίμης
618 2372 946 2449 ’γοναικόςί
975 2372 1230 2449 pessime
1278 2374 1471 2449 vertit,
1523 2372 1642 2449 imo
1674 2372 1976 2449 pervertit,

327 2446 629 2515 Hervetus,
662 2446 981 2502 Clementis
1004 2447 1336 2518 interpres:
1372 2467 1400 2494 ››
1426 2446 1821 2516 Apprehende
1842 2462 1979 2516 ergo

328 2520 634 2575 robustam
653 2518 990 2582 mulierem;
1017 2540 1043 2566 ››
1066 2535 1172 2589 pro
1196 2535 1312 2588 quo
1344 2533 1586 2589 repone:
1622 2538 1649 2566 ι(
1681 2519 1982 2589 Patienter

329 2592 555 2645 sustine
576 2590 1010 2645 contentiosam
1030 2587 1344 2643 mulierem
1370 2605 1382 2653 ;
1406 2609 1431 2634 ι»
1457 2587 1611 2641 sicut
1629 2593 1688 2640 et
1707 2588 1981 2641 Petavius

332 2663 486 2744 apud
510 2661 938 2742 Epiphanium:
967 2681 989 2711 α
1017 2660 1317 2744 Patienter
1337 2658 1518 2744 igitur
1539 2657 1644 2744 tibi
1671 2664 1980 2744 contum‘af

331 2727 416 2788 cis
445 2727 646 2786 uxoris
705 2748 901 2785 mores
931 2729 1266 2784 sustinendi
1301 2727 1458 2793 sunt,
1493 2744 1566 2781 ne
1598 2728 1847 2798 gratiam
1885 2727 1982 2780 Dei

333 2804 592 2858 amittas.
626 2825 654 2852 »
689 2802 854 2861 Unde
885 2801 1192 2869 sequitur:
1228 2821 1257 2848 «
1288 2799 1552 2869 Cumque
1569 2814 1691 2852 una
1719 2815 1854 2852 cum
1888 2814 1981 2852 se-

333 2874 496 2928 mine
526 2873 794 2927 libidinis
820 2868 1125 2926 flammam
1157 2869 1402 2940 ejeceris
1435 2868 1624 2940 »r(per
1652 2869 1982 2940 legitimum

333 2943 699 2999 matrimonii
713 2938 1198 3010 usum,tanquam
1210 2939 1618 3011 fornicationis
1631 2938 1984 3011 remedium)

335 3037 362 3065 ‹‹
398 3020 522 3068 tum
555 3021 632 3080 te,
683 3013 907 3084 optima
946 3010 1557 3084 fretusqconscientia,
1591 3011 1665 3065 ad
1691 3010 1984 3084 orandum

335 3091 631 3142 converte.
670 3107 698 3133 »
720 3081 897 3149 _Quid
938 3099 1072 3137 vero
1106 3082 1218 3137 sibi
1247 3081 1451 3135 volunt
1480 3083 1644 3135 haec:
1681 3102 1705 3133 α
1740 3083 1983 3146 Quando

337 3163 534 3215 autem
567 3162 668 3211 tua
688 3154 1176 3228 gratiarumactio
1191 3154 1249 3228 in
1273 3152 1615 3228 petitionem
1640 3153 1937 3228 inciderit,
1958 3176 1978 3202 ο

335 3231 453 3286 sive
486 3249 514 3278 «
542 3223 785 3298 delapsa
805 3227 1028 3282 fuerit?
1060 3248 1088 3275 ››
1111 3225 1355 3279 Videtur
1373 3223 1634 3298 Isidorus
1654 3226 1985 3298 respexisse

334 3300 634 3376 duplicem
652 3294 1124 3376 Christianorum
1147 3301 1386 3376 statum,
1402 3294 1797 3376 perfectorum
1817 3301 1876 3352 et
1894 3297 1982 3350 in-
2016 3311 2060 3376 ο

338 3366 644 3428 [irinorum
670 3387 682 3424 :
707 3387 776 3424 ex
800 3370 1016 3441 quibus
1039 3369 1146 3435 illi,
1172 3368 1233 3422 in
1256 3368 1410 3421 bono
1432 3366 1663 3441 fundati
1686 3384 1756 3441 ac
1775 3369 1987 3441 immo-

336 3445 509 3508 biles,
545 3459 666 3496 non
691 3438 1070 3512 tam—preces,
1105 3456 1284 3564 (Luam
1311 3438 1552 3564 glratias,
1582 3440 1699 3493 Deo
1733 3439 1993 3494 fundunt

337 3533 442 3564 nro
475 3529 754 3564 concesso
776 3513 1018 3564 iustitiae
1041 3512 1118 3564 ha
1163 3512 1248 3564 itu
1275 3528 1287 3564 :
1365 3511 1380 3563 i
1405 3525 1564 3564 vero.
1588 3511 1788 3564 minus
1811 3510 1991 3564 stabi-

378 3533 442 3569 ro
475 3529 754 3569 concesso
768 3510 1018 3584 justitiae
1041 3510 1248 3584 habitu
1275 3528 1287 3578 ;
1321 3510 1380 3564 hi
1405 3525 1564 3576 vero,
1588 3511 1788 3584 minus
1811 3510 1991 3565 stabi-

363 3602 488 3652 es,a
517 3582 784 3656 periculo
814 3584 1016 3654 lapsus
1047 3583 1159 3637 sibi
1193 3586 1488 3656 metuunt,
1522 3582 1840 3656 acdidcirco
1862 3599 1997 3656 pre-

342 3653 1101 3735 cibus—magis‘indigent,
1160 3653 1376 3735 quibus
1434 3653 1991 3735 anuxiliumndivinaa

343 3728 545 3801 gratia;
593 3724 923 3801 postulent._
947 3724 1132 3801 Idem
1184 3724 1362 3801 igitur
1394 3728 1521 3801 est,
1535 3740 1602 3778 ac
1634 3724 1682 3801 si
1713 3724 1942 3801 dixerat
1975 3740 1988 3778 :

347 3793 374 3849 ἔ
406 3793 648 3864 Quando
681 3803 879 3852 autem
911 3797 970 3850 in
992 3797 1167 3850 istam
1189 3793 1466 3866 delapsus
1495 3793 1680 3866 fueris
1701 3795 1992 3850 conditio-

345 3887 505 3936 nem,
565 3875 630 3924 ut
685 3885 817 3923 ores
875 3867 1093 3939 potius,
1141 3865 1342 3939 quam
1379 3865 1781 3939 gratiasagas,
1817 3889 1844 3914 »
1878 3872 1988 3920 etc.

341 3943 526 4007 Quem
541 3957 782 3995 sensum
794 3936 994 4010 aperte
1009 3936 1720 4010 conﬁrmantimmediate
1739 3953 1992 4010 sequen-

344 4013 444 4081 tia,
475 4013 634 4084 apud
663 4009 1028 4084 Clementem
1061 4013 1357 4084 corrupta,
1383 4025 1450 4062 ac
1475 4009 1826 4084 proindeex
1856 4009 1994 4084 Epi-

341 4076 562 4157 phanio
612 4083 964 4157 corrigenda
1012 4082 1123 4157 hoc
1165 4076 1338 4157 modo
1366 4096 1379 4132 :
1412 4076 1508 4157 Κᾳί
1540 4081 1669 4150 στῇς
1702 4077 1761 4132 τὸ
1779 4076 1988 4157 λοιτξδν

345 4148 408 4207 ὸύ
457 4148 804 4222 κατορθώσαξ
851 4153 912 4206 τὸ
967 4153 1042 4222 μή
1090 4148 1382 4226 σφαλῆναι,
1414 4148 1685 4226 γάμησον,
1725 4172 1750 4202 ι
1779 4153 1849 4204 Et
1877 4157 1992 4206 ste-

346 4227 510 4292 teris,
554 4221 675 4280 nOn
728 4233 927 4280 tamen
971 4221 1165 4294 quoad
1203 4221 1502 4294 reliquum
1536 4221 1664 4275 vita:
1697 4227 1929 4292 tempus
1954 4238 1996 4294 7a

345 4297 609 4368 periculo
661 4297 861 4367 lapsus
906 4293 1207 4368 immunis
1230 4295 1334 4368 sis,
1364 4293 1476 4368 duc
1505 4309 1768 4368 uxorein.
1808 4315 1836 4340 ››
1870 4293 1992 4368 Vel,

345 4365 413 4422 ut
463 4365 739 4422 Petavius
782 4367 956 4420 vertit
983 4365 1139 4436 apud
1170 4365 1604 4436 Epiphanium:
1649 4386 1683 4436 «_
1707 4365 1906 4434 Neque
1937 4365 1997 4418 id

351 4447 547 4494 tamen
574 4438 924 4502 obtinueris,
958 4434 1170 4491 utlabi
1194 4434 1435 4507 prorsus
1457 4451 1524 4489 ac
1555 4434 1809 4507 titubare
1841 4435 1997 4489 desi-

349 4527 476 4576 nas,
510 4509 583 4564 ad
615 4509 852 4580 nuptias
883 4505 1211 4580 confugitoi
1235 4529 1262 4556 »
1305 4507 1468 4580 Quod
1500 4505 1815 4580 consilium
1857 4523 1998 4561 sane

347 4582 572 4636 bonum
604 4578 718 4649 est,
775 4580 969 4634 simile
1021 4579 1109 4633 illi
1159 4578 1504 4650 apostolico,
1557 4578 1872 4650 ICor._vn,
1926 4582 1996 4632 9:

354 4675 381 4703 «
414 4652 577 4717 Quod
633 4653 680 4706 si
739 4668 859 4705 non
915 4667 974 4704 se
1003 4648 1328 4712 continent,
1365 4649 1630 4712 nubant;
1665 4648 1878 4703 melius
1911 4654 2000 4703 est

350 4725 512 4777 enim
544 4723 789 4788 nubere,
823 4737 1000 4792 quam
1030 4722 1142 4775 uri.
1177 4743 1202 4768 ιι
1239 4721 1432 4792 Pergit
1455 4736 1588 4792 vero
1611 4719 1874 4792 Isidorus
1895 4719 2001 4773 do-

351 4811 511 4859 cens,
541 4793 682 4864 quid
703 4794 781 4847 sit
800 4791 1765 4864 faciendum,ubiraliquisuxorem
1784 4791 1998 4864 ducere

350 4862 728 4936 nequeat,vel
750 4865 906 4935 quod
921 4863 1114 4918 adhuc
1129 4865 1206 4918 sit
1227 4862 1479 4936 nimium
1495 4862 1732 4936 juvenis
1744 4862 1834 4915 vel
1856 4877 1999 4936 pau-

353 4933 485 5010 per,
527 4937 618 4990 vel
653 4933 988 5010 summa
1022 4935 1141 5010 sive
1188 4933 1502 5010 καταφερής
1533 4934 2001 5010 (uti‘oquegiim

351 5004 528 5064 inodo
551 5004 850 5077 scribitur)
869 5007 928 5061 id
945 5013 1052 5068 est,
1078 5004 1323 5074 ἀσθενής,
1340 5004 1376 5054 ἀ
1397 5004 1700 5071 inﬁrmus,
1727 5026 1756 5052 υ
1778 5004 1837 5058 ui
1855 5004 2000 5129 Epi-

351 5079 611 5129 nhanius
634 5078 1045 5129 exnlicationis
1067 5079 1254 5129 nratia
1284 5075 1468 5129 addit.
1493 5091 1837 5129 auanauam
1859 5092 1893 5129 a
1921 5075 2000 5129 ibi

351 5079 611 5152 phanius
634 5075 1045 5152 explicationis
1066 5079 1263 5152 gratia
1284 5075 1468 5152 addit,
1493 5091 1846 5152 quanquam
1859 5075 2001 5152 alibi

355 5147 610 5222 pronum
633 5147 725 5205 ad'
744 5151 1031 5222 Venerem
1057 5147 1410 5222 {significet
1434 5163 1446 5201 :
1495 5147 1550 5222 si
1587 5147 1766 5222 igitur
1795 5147 1868 5222 ob
1896 5148 2003 5222 has

354 5215 834 5278 circumstantias
873 5215 1216 5292 conjuginm
1249 5219 1400 5272 inire
1433 5217 1583 5292 nolit
1605 5215 1744 5270 ian-cci
1766 5218 1861 5292 ςεὸν
1891 5215 2002 5292 ,λό-

354 5313 475 5367 γον,
510 5294 569 5348 id
601 5299 708 5367 est,
741 5313 778 5367 cf
804 5298 870 5367 ut
912 5289 1315 5367 verbuni___Dei
1347 5290 1574 5367 suadet,
1609 5312 1636 5367 ν
1680 5289 1786 5367 vel
1826 5290 2005 5344 etiam

362 5362 386 5418 ὃ
418 5371 485 5421 ut
508 5366 659 5421 ratio
693 5365 890 5436 exigit,
922 5387 947 5436 ,η
985 5379 1061 5436 ne
1090 5362 1320 5436 scilicet
1349 5363 1411 5436 in
1443 5362 1555 5436 isto
1579 5365 1734 5415 statu
1761 5378 2005 5416 uxorem

356 5439 548 5505 ducat,
584 5443 732 5501 tum,
767 5432 964 5506 inquit
989 5434 1273 5497 Isidorus,
1297 5456 1324 5483 ‹‹
1359 5433 1469 5486 iste
1491 5432 1668 5506 homo
1694 5439 2010 5506 propterea

356 5525 392 5562 a
412 5503 700 5563 conventu
733 5503 981 5562 fratrum
1013 5522 1088 5559 ne
1120 5509 1476 5577 segregetur.
1512 5503 1678 5577 Dicat
1705 5520 1838 5577 vero
1867 5504 2006 5577 :_In-

362 5595 596 5650 gressus
627 5581 688 5632 in
713 5584 936 5644 sancta,
961 5577 1045 5632 nil
1070 5575 1261 5650 patiar
1284 5575 1357 5642 ;’››
1389 5575 1452 5650 id
1477 5579 1587 5640 est,
1617 5575 1662 5627 si
1697 5575 2011 5650 ecclesiam

364 5646 464 5703 ubi
484 5649 692 5704 fratres
717 5651 790 5705 ad
823 5666 990 5704 sacra
1017 5646 1396 5712 conveniunt,
1429 5647 1902 5715 frequentavero,
1927 5646 2013 5699 nil

363 5719 556 5792 patiar
600 5721 763 5792 mali.
825 5742 852 5769 «
886 5721 943 5774 Si
993 5736 1131 5792 vero
1174 5717 1391 5772 habeat
1422 5716 1907 5792 suspicionem,_»>
1940 5717 2013 5770 de

366 5786 561 5861 seipso
619 5791 866 5859 scilicet,
925 5806 1000 5844 ne
1030 5789 1091 5844 in
1123 5794 1432 5861 peccatum
1461 5786 1720 5852 incidat;
1753 5808 1781 5837 «
1817 5786 2011 5844 dicat:

365 5864 592 5934 Frater,
641 5862 880 5933 impone
923 5861 1072 5917 mihi
1115 5876 1382 5932 manum,
1412 5864 1480 5916 ut
1508 5874 1630 5915 non
1660 5873 1902 5932 peccem
1935 5878 1952 5932 ;
1987 5879 2010 5911 ι

2087 2017 2258 2085 lium,
2292 2017 2412 2072 Sive
2442 2018 2639 2088 potius
2691 2018 3081 2086 sacerdotem,
3131 2019 3226 2074 cui
3263 2017 3503 2090 prOprié
3556 2021 3744 2075 oratio

2086 2105 2221 2144 cum
2244 2105 2458 2144 manus
2493 2090 2872 2160 impositione
2905 2091 3210 2160 competit.
3234 2091 3458 2146 Caetera
3488 2098 3630 2146 sunt
3657 2092 3742 2147 fa-

2086 2161 2314 2243 cillima
2343 2159 2654 2216 intellectu
2679 2179 2691 2216 :
2743 2161 3015 2243 un‘dehad
3041 2159 3389 2243 aliapergo,
3425 2162 3527 2243 ubi
3555 2162 3745 2243 tribus

2086 2232 2278 2286 verbis
2309 2248 2618 2297 monuero,
2648 2232 2844 2303 quoad
2869 2232 3080 2286 ultima
3109 2232 3321 2288 Isidori
3335 2233 3513 2288 verba
3533 2233 3747 2290 editio-

2086 2320 2227 2358 nem
2259 2303 3022 2392 ‘Epipbaniiyexplernente
3054 2303 3510 2392 cprrigendamg‘
3535 2310 3594 2358 et
3625 2322 3741 2392 ’pro

2087 2369 2340 2449 φυσιδιᾷν’
2365 2369 2423 2426 δὲ
2467 2373 2530 2449 τὸ
2559 2375 2664 2424 τῶν
2697 2369 3056 2449 ᾄφροδισίῳν.
3090 2369 3427 2449 Ἀναῆκαίως
3461 2371 3518 2426 δὲ
3543 2369 3741 2435 ταύὶας

2086 2443 2398 2518 παρεεξὲμην
2441 2443 2535 2518 τ-ἆς
2579 2443 2783 2518 Ἧωνᾲἐ,
2816 2451 2908 2518 etc
2938 2485 2952 2508 ,
2981 2443 3735 2518 legendum_os§e,_¢pucm6v

2091 2511 2175 2588 ait:
2196 2516 2268 2588 ft?)
2291 2511 2422 2569 ’τῶν
2457 2511 2809 2588 ἀφροδισίων,
2847 2514 2949 2588 odit
2972 2511 3264 2588 ἀνᾶγκλαῖον
3289 2511 3364 2568 δὲ.
3393 2511 3604 2576 Tatfrid:
3632 2535 3741 2570 πα-

2091 2584 2324 2660 ρεθὲμην
2355 2584 2560 2660 quvis,
2590 2591 2702 2641 etc.
2726 2589 2870 2641 Nam
2892 2585 2973 2640 ita
3001 2584 3158 2658 apud
3188 2585 3553 2643 Clementem
3574 2593 3734 2645 recte

2091 2657 2232 2712 Sunt
2262 2657 2561 2712 distincta.
2592 2678 2620 2706 »

2163 2737 2276 2811 (32)
2310 2730 2739 2811 Ερσυνειδήτως.
2769 2737 3048 2811 Nonnulli
3080 2738 3234 2793 hanc
3263 2753 3463 2793 vocem
3496 2737 3569 2794 ad
3590 2755 3742 2811 prae-

2092 2807 2310 2863 cedens
2340 2807 2582 2879 ἀποσπερ
2593 2805 2819 2879 ματίσας
2848 2809 3134 2864 referunt.

2165 2896 2276 2974 (3_3)
2309 2896 2616 2974 Προσξιξχη.
2651 2898 3040 2974 Scribendum
3078 2895 3413 2974 προσεύχου,
3466 2899 3740 2972 imperat.

2093 2969 2492 3041 modo,rquod‘
2508 2969 2686 3041 habet
2713 2971 2999 3041 Epiphan.

2166 3043 2275 3106 (34)
2299 3037 2588 3112 Ὑποπὲοῃ.
2620 3037 2935 3105 ’ὶ“ποπέσοι,
2969 3042 3260 3113 Epiphan.

2166 3122 2275 3195 (35)
2305 3121 2440 3195 Τήν,
2490 3121 2672 3195 Abest
2715 3122 2786 3176 ab
2836 3122 3151 3195 Epiphan.,
3195 3123 3292 3178 ubi
3320 3140 3478 3195 mox,
3509 3122 3742 3179 inverso

2095 3193 2325 3256 ordine,
2356 3190 2445 3245 καὶ
2478 3190 2743 3260 αἰσθητην
2775 3190 3113 3262 καί-νοητήν,

2171 3282 2286 3355 (30)-
2340 3277 2657 3355 Θελῃσοὶτω.
2719 3282 3086 3355 Epiphanius
3121 3324 3134 3350 ,
3198 3279 3364 3353 μόνον
3415 3280 3749 3355 ἆπαρτῆσαι.

2103 3374 2131 3403 ‹‹
2167 3353 2319 3407 Velit
2358 3352 2567 3424 solum
2597 3352 2914 3424 perficere
2952 3352 3206 3424 bonum,
3232 3359 3290 3407 et
3316 3352 3684 3424 assequetur.
3708 3375 3750 3424 ν»

2098 3424 2324 3479 Ibidem
2354 3419 2835 3498 Ιθεῆῐιπῄχὲγομεν
2862 3422 3225 3498 οὖ-θέλομεν,
3256 3419 3626 3498 rectiusbic,
3657 3423 3750 3498 lt-

2096 3513 2285 3569 γομεν’
2316 3495 2778 3569 corrigeitaque
2823 3496 3258 3569 in_interprete
3286 3511 3299 3548 :
3351 3517 3380 3546 ››
3413 3495 3748 3569 Aliquando

2099 3565 2199 3622 ore
2232 3565 2781 3637 quidem'dicim’us,
2821 3565 3113 3622 nolumus
3145 3582 3410 3637 peccare.
3464 3588 3503 3637 gr
3525 3565 3750 3637 Deinde

2099 3633 2351 3726 ibide;m'
2377 3637 2603 3726 corrige
2661 3655 2732 3725 ex
2769 3633 3090 3726 'Clemen‘te
3115 3633 3417 3726 3:1390‘txov
3464 3633 3522 3690 δὶ
3548 3636 3612 3726 Σο
3638 3639 3745 3690 τῶν

2097 3705 2454 3784 ἀφροδισξων,
2515 3704 2614 3784 οὒκ
2665 3707 2952 3781 ἀναγκαῖον
3004 3704 3079 3766 δέ,
3139 3707 3360 3784 Τ-αύτας
3407 3707 3748 3784 παρεβέμην,

2101 3779 2212 3837 etc.
2251 3801 2273 3829 ε
2308 3780 2584 3834 Naturale
2617 3779 2816 3835 autem
2847 3787 2937 3836 est
2961 3781 3228 3836 venereis
3277 3779 3454 3834 rebus
3485 3779 3596 3849 uti,
3636 3795 3751 3834 ne-

2100 3851 2424 3908 cessarium
2453 3867 2592 3905 vero
2623 3852 2892 3907 minime.
2928 3854 3042 3906 llas
3073 3851 3322 3923 apposui
3348 3867 3539 3918 voces,
3577 3872 3604 3900 ››
3636 3856 3748 3908 etc.

2099 3924 2282 3980 Paulo
2313 3928 2448 3992 post
2477 3923 2732 3978 emenda
2761 3923 2866 3978 illa
2895 3922 3449 3994 Epipha’niima’mwv
3477 3941 3541 3994 γε
3571 3932 3754 3988 σωθη-

2101 3995 2347 4068 σομένων
2379 3996 2646 4068 φυσικῶν,
2679 3995 2763 4049 sic
2810 4001 2878 4068 ut
2909 3992 3089 4068 habet
3117 3995 3416 4068 Clemens,
3446 3992 3673 4068 πάντως
3692 4012 3756 4067 γε

2102 4063 2504 4148 σωθησομένων
2534 4063 2784 4148 oden-et
2809 4066 2934 4148 lege
2957 4067 3019 4120 in
3039 4065 3528 4147 interpretatione
3554 4082 3566 4118 :
3592 4063 3756 4148 «‘Do-

2102 4143 2354 4193 cuerunt
2379 4136 2622 4208 propter
2649 4136 3097 4209 perfectionem,
3121 4136 3254 4192 cum
3278 4136 3522 4192 omnino
3544 4141 3758 4209 natura

2102 4211 2243 4288 salvi
2273 4207 2458 4288 futuri
2491 4207 2725 4288 sintfet
2771 4209 2819 4262 si
2851 4214 3101 4288 peccent
3127 4215 3371 4288 propter
3399 4207 3756 4288 naturaliter

2101 4282 2342 4335 insitam
2366 4280 2740 4340 electionem,
2764 4278 2898 4334 cum
2922 4278 3145 4349 alioqui
3168 4278 3361 4350 neque
3381 4278 3589 4334 eadem
3611 4278 3756 4348 ipsis

2101 4353 2294 4406 facere
2313 4351 2659 4421 permittant
2689 4351 2746 4404 h.
2781 4351 2837 4405 d.
2873 4368 2928 4420 p.
2964 4373 2992 4399 »
3017 4350 3416 4406 Valentiniani
3449 4366 3510 4405 se
3541 4355 3758 4404 natura

2106 4424 2296 4478 salvos
2330 4422 2458 4475 ﬁeri
2493 4421 2789 4475 dicebant.
2815 4421 3214 4476 Tertullianus
3247 4423 3307 4476 in
3340 4421 3442 4475 lib.
3477 4421 3763 4476 adversus

2106 4493 2368 4557 eosdem,
2393 4509 2442 4546 c.
2464 4495 2530 4545 29
2558 4509 2618 4545 :«
2643 4494 2781 4556 Quae
2804 4509 2962 4546 nunc
2985 4508 3221 4563 quoque
3245 4493 3293 4547 si
3315 4492 3555 4563 plenam
3581 4496 3760 4561 atque

2106 4565 2430 4636 perfectam
2447 4564 2720 4636 notitiam
2734 4564 3243 4636 apprehenderint
3258 4565 3509 4636 istarum
3539 4563 3766 4636 nania-

2108 4634 2264 4698 rum,
2282 4635 2674 4689 naturiﬂcataa
2698 4636 2826 4706 jam
2850 4635 3134 4706 spiritalis
3161 4634 3520 4690 conditionis
3547 4634 3763 4706 germi-

2111 4712 2264 4762 natm
2311 4706 2427 4762 (vel
2478 4706 2673 4776 potius
2707 4729 2734 4755 «
2769 4706 3158 4776 germanitate
3192 4708 3242 4777 ι)
3273 4712 3497 4762 certam
3527 4706 3764 4761 obtine-

2109 4779 2280 4842 bunt,
2315 4777 2433 4830 imo
2461 4777 2705 4831 omnino
2733 4777 3014 4832 debitam.
3051 4799 3079 4827 »
3112 4777 3369 4833 lrenaeus
3396 4778 3501 4832 lib.
3535 4794 3576 4846 1,
3609 4795 3658 4832 c.
3696 4777 3762 4831 1:

2113 4872 2139 4899 ‹‹
2155 4851 2524 4919 Quapropter
2540 4854 2599 4902 et
2628 4848 2799 4903 nobis
2823 4849 3063 4918 quidem
3085 4850 3483 4905 necessariam
3508 4865 3635 4904 esse
3659 4848 3764 4902 bo-

2108 4937 2248 4975 nam
2279 4921 2790 4974 conversationem
2820 4919 3219 4990 respondent;
3256 4921 3431 4976 aliter
3460 4921 3620 4976 enim
3652 4919 3765 4973 im-

2109 4990 2392 5063 possibile
2438 5007 2568 5045 esse
2619 4991 2850 5063 salvari.
2887 4992 3249 5063 Semetipsos
3278 4997 3477 5047 autem
3508 5009 3631 5047 non
3661 5007 3766 5063 per

2111 5009 2392 5063 possmue
2438 5009 2568 5045 esse
2619 5009 2850 5046 salvari.
2890 5009 3249 5062 semetipsos
3278 5009 3477 5047 autem
3508 5009 3631 5047 non
3702 5009 3766 5047 er

2111 5062 2732 5134 operationem,sedeo
2746 5062 2903 5132 quod
2921 5069 3060 5116 sunt
3078 5063 3433 5134 naturaliter
3445 5009 3766 5134 spiritafes,

2112 5133 2356 5188 omnino
2376 5133 2586 5187 salvari
2608 5133 3351 5198 dicunt.Quemadmodum
3374 5133 3535 5190 enim
3557 5149 3769 5190 aurum

2113 5207 2174 5259 in
2205 5221 2371 5259 οωηο
2426 5205 2684 5274 positum
2715 5221 2836 5259 non
2877 5206 3097 5260 amittit
3124 5206 3402 5262 decorem
3436 5222 3630 5271 suum,
3663 5201 3769 5258 sed

2116 5293 2283 5332 suam
2314 5281 2588 5330 naturam
2621 5276 2899 5341 custodit,
2934 5294 3069 5332 cum
3102 5295 3336 5334 caenum
3366 5277 3518 5331 nihil
3548 5288 3766 5329 nocere
3860 5313 3866 5324 .

2116 5365 2260 5403 auro
2293 5349 2481 5418 possit
2507 5365 2520 5414 ;
2556 5347 2638 5401 sic
2661 5353 2718 5402 et
2738 5349 3091 5420 semetipsos
3114 5349 3340 5413 dicunt,
3374 5347 3611 5420 licet__in_
3633 5343 3768 5413 qui-

2116 5415 2469 5488 buscunque
2517 5420 2924 5474 materialibus
2954 5415 3234 5491 operibus
3267 5421 3405 5491 sint,
3446 5415 3616 5491 _nihil
3669 5429 3770 5491 se-

2118 5485 2402 5561 metipsos
2434 5492 2658 5556 noceri,
2691 5508 2885 5562 neque
2929 5485 3202 5545 amittere
3233 5487 3564 5559 spiritalem
3597 5485 3767 5539 subs-

2121 5563 2388 5616 tantiam.
2428 5562 2565 5616 Vide
2597 5562 2699 5619 lib.
2734 5579 2794 5630 n,
2829 5565 2952 5629 390,
2982 5566 3070 5615 20.
3095 5563 3362 5615 COLLECT.

2193 5650 2305 5721 (37)
2339 5651 2697 5724 ᾊπᾳρτῆσαι.
2733 5652 3030 5724 -Ηθῐξνοὶιξεί
3065 5649 3207 5718 legit
3235 5645 3571 5724 ρπαίέῆσαι,
3605 5665 3636 5698 ι(
3666 5660 3774 5715 po—

2122 5716 2264 5775 tere.
2303 5743 2331 5769 »
2359 5716 2692 5775 Sed'verior
2733 5720 2909 5774 lectio
2943 5716 3190 5783 videtur,
3224 5716 3540 5788 ἀπαρτῖσαι,
3574 5739 3601 5767 ‹‹
3631 5731 3774 5788 per-

2125 5793 2322 5871 ficere,
2355 5791 2656 5871 absolvere
2672 5808 2694 5871 ε
2730 5811 2760 5839 ››
2788 5807 2968 5871 quam
2998 5789 3222 5861 praebet
3250 5790 3634 5863 Epiphanius.
3668 5789 3778 5844 Ea-

2127 5863 2260 5919 dem
2292 5861 2600 5934 Sylburgio
2629 5860 2875 5934 placuit.
