4034 6148
308 240 448 298 1107

1530 239 1942 298 CLEMENTIS
1977 237 2482 294 ALEXANDBINI

3571 239 3727 298 1108

307 381 437 421 rem
467 363 558 420 vel
582 362 786 438 populi
808 363 1161 435 principem,
1185 362 1539 434 insipientes
1561 365 1618 416 et
1641 360 1963 433 sapientes,
1992 416 1994 423 ,

2107 360 2431 431 ιρονοῦντας,
2489 355 2731 430 θηλείας,
2780 356 3030 434 ἄρσενας,
3084 358 3422 435 ἐλευθέρους,
3463 358 3727 423 δούλους.

309 453 564 510 feminas
601 457 658 508 et
685 451 1005 522 masculos,
1048 451 1290 522 liberos,
1342 468 1560 505 servos.
1609 449 1719 504 Sed
1771 463 1966 518 neque

311 559 483 599 secus
511 542 654 598 facit
682 541 744 595 in
767 541 977 596 brutis.
1005 541 1146 596 Cum
1177 545 1374 595 autem
1398 539 1677 595 omnibus
1697 538 1967 592 animan-

313 630 470 686 tibus
501 645 668 701 aeque
701 629 899 700 ipsum
930 645 1311 685 communem
1360 627 1655 697 effuderit,
1706 626 1880 680 bonis
1913 629 1973 678 et

312 719 487 775 malis
509 718 810 790 justitiam
844 734 1011 773 suam
1044 718 1379 788 conﬁrmat,
1411 733 1546 772 cum
1576 731 1751 770 nemo
1783 714 1974 786 possit

314 807 449 880 plus
483 806 722 877 habere,
757 824 951 878 neque
984 807 1217 862 auferre
1247 823 1282 862 a
1311 807 1602 878 proximo,
1638 809 1704 859 ut
1732 805 1860 876 ipse
1890 803 1970 856 il-

315 896 430 952 lius
459 895 656 952 lucem
686 895 904 952 habeat
934 895 1318 968 duplicatam.
1365 895 1462 950 Sol
1508 895 1651 949 facit
1696 892 1973 948 omnibus

317 984 727 1041 animantibus
758 986 1106 1040 communia
1136 984 1350 1039 exoriri
1382 983 1771 1049 nutrimenta,
1804 997 1973 1036 com-

315 1073 484 1130 muni
519 1072 758 1144 justitia
805 1090 877 1129 ex
907 1090 1077 1145 aequo
1109 1073 1247 1128 data
1293 1071 1609 1127 omnibus:
1660 1076 1719 1126 et
1757 1069 1831 1126 ad
1880 1085 1974 1140 ea,

318 1179 450 1234 quae
509 1166 649 1217 sunt
694 1162 1064 1235 hujusmodi,
1121 1160 1400 1217 similiter
1456 1177 1518 1215 se
1566 1159 1747 1215 habet
1792 1175 1977 1231 genus

319 1251 522 1324 boum,
552 1257 620 1307 ut
647 1251 862 1320 boves;
898 1257 956 1307 et
985 1267 1184 1321 suum,
1212 1257 1280 1306 ut
1323 1266 1500 1318 sues;
1536 1254 1594 1304 et
1642 1249 1858 1316 ovium,
1913 1252 1981 1302 ut

318 1358 493 1412 oves;
529 1347 588 1397 et
616 1342 854 1414 reliqua
883 1343 1108 1398 omnia.
1140 1341 1380 1397 Iustitia
1410 1341 1568 1396 enim
1599 1339 1660 1393 in
1692 1339 1765 1392 iis
1794 1353 1979 1409 appa-

320 1437 412 1488 ret
441 1448 572 1487 esse
605 1431 1028 1487 communitas.
1069 1430 1295 1486 Deinde
1333 1446 1441 1502 per
1490 1427 1980 1483 communitatem

323 1521 526 1578 omnia
555 1520 834 1576 similiter
856 1520 1185 1576 secundum
1210 1536 1317 1575 sua
1346 1534 1567 1592 genera
1586 1517 1979 1586 seminantur,

325 1615 385 1665 et
405 1625 719 1666 commune
737 1609 1170 1664 nutrimentum
1200 1607 1396 1662 editur
1413 1600 1579 1661 humi
1600 1604 1983 1677 pascentibus

2076 445 2234 501 Ἀλλ’
2265 443 2391 500 οὐδὲ
2418 450 2529 501 τῶν
2569 445 2783 520 ἀλόγων
2837 447 2984 522 παρᾶ
3033 453 3193 504 τοῦτο
3246 449 3483 505 ποιεῖταί
3510 469 3583 504 τι⁶
3613 457 3728 505 πᾶ-

2074 554 2126 587 σι
2158 531 2217 588 δὶ
2245 533 2437 604 ἐπίσης
2467 541 2587 597 τοῖς
2619 536 2781 604 ζώοις
2809 537 2990 592 κοινὸν
3032 538 3193 593 αύτὸν
3249 538 3442 614 ἐκχέας
3502 536 3729 610 ἄνωθεν,

2075 621 2296 697 ἀγαθοῖς
2323 643 2381 677 τε
2409 623 2499 677 καὶ
2528 623 2784 700 φαύλοις,
2825 624 3171 696 δικαιοσύνην
3203 625 3452 699 έμπεδοῖ,
3490 625 3734 700 μηδενὸς

2078 709 2381 784 δυναμένου
2414 712 2607 768 πλεῖον
2654 711 2828 788 ἔχειν,
2884 712 3025 788 μηδὲ
3072 715 3417 793 ἀφαιρεῖσθαι
3463 717 3555 772 τὸν
3586 716 3737 788 πλη-

2077 821 2216 869 σιον,
2253 798 2328 854 ’ἶν’
2383 801 2544 865 αὐτὸς
2594 803 2657 857 τὸ
2711 801 2960 859 κάκείνου
3017 808 3133 878 φῶς
3190 802 3550 868 διπλασιάσας
3597 803 3734 882 ἔχῃ.

2075 889 2272 952 ’Ἥλιος
2312 892 2498 953 κοινὰς
2527 892 2729 970 τροφὰς
2765 893 2928 961 ζώοις
2974 893 3165 948 ἅποσιν
3220 892 3536 951 ἀνατέλλειν
3593 902 3737 967 (55)·

2079 975 2430 1050 δικαιοσύνης
2477 1000 2536 1035 τε
2564 986 2667 1050 τῆς
2697 987 2888 1051 κοινῆς
2948 982 3142 1037 ἅπασιν
3201 982 3397 1053 ἐπίσης
3456 981 3734 1056 δοθείσης·

2077 1067 2167 1122 καὶ
2199 1068 2277 1131 εἰς
2321 1069 2389 1123 τὰ
2437 1073 2665 1124 τοιαῦτα
2697 1070 2841 1144 βοῶν
2891 1069 3049 1146 γένος
3105 1070 3316 1144 ὁμοίως
3341 1073 3542 1148 γίνεται
3575 1074 3651 1138 ὡς
3681 1075 3740 1128 αἱ

2085 1155 2227 1231 βόες,
2257 1159 2349 1211 καὶ
2379 1163 2520 1213 συῶν
2554 1159 2629 1222 ὡς
2661 1160 2714 1214 οἱ
2741 1159 2884 1230 σύες,
2914 1163 3005 1214 καὶ
3041 1157 3333 1236 προϐάτων
3379 1162 3455 1225 ὡς
3484 1165 3553 1218 τὰ
3593 1163 3746 1238 πρό-

2081 1240 2238 1314 ϐατα,
2271 1247 2362 1300 καὶ
2390 1246 2459 1300 τὰ
2506 1244 2678 1302 λοιπᾶ
2733 1247 2926 1304 πάντα⁶
2987 1245 3300 1321 δικαιοσύνη
3331 1251 3432 1326 γὰρ
3464 1248 3517 1306 έν
3546 1253 3746 1315 αὐτοῖς

2083 1335 2423 1414 ἀναφαίνεται
2477 1339 2512 1407 ἡ
2563 1338 2816 1410 κοινότης
2854 1383 2868 1396 .
2940 1342 3172 1397 Ἔπειτα
3254 1342 3391 1396 κατὰ
3472 1342 3746 1412 κοιότητα

2082 1424 2256 1480 πάντα
2287 1427 2498 1499 ὁμοίως
2527 1428 2664 1482 κατὰ
2700 1428 2857 1504 γένος
2914 1427 3208 1504 σπείρεται·
3240 1433 3420 1505 τροῳή
3477 1452 3536 1486 τε
3574 1431 3744 1500 κοινή

2085 1514 2264 1589 χαμαὶ
2320 1517 2642 1590 νεμομένοις
2703 1518 2929 1588 ἀνεῖται,
2987 1524 3118 1572 πᾶσι
3173 1524 3295 1582 τοῖς
3352 1521 3596 1592 κτήνεσι,
3645 1521 3748 1576 καὶ

2085 1609 2244 1659 πᾶσιν
2278 1604 2492 1675 ἐπίσης,
2523 1602 2698 1661 οὐδενὶ
2748 1605 2904 1680 νόμῳ
2959 1607 3330 1682 κρατουμένη,
3377 1613 3445 1683 τῇ
3504 1607 3563 1664 δὲ
3591 1610 3750 1686 παρὰ

320 1698 613 1771 jumentis
645 1697 946 1766 omnibus,
983 1702 1040 1752 et
1079 1695 1355 1752 omnibus
1388 1713 1458 1751 ex
1488 1711 1656 1766 aequo
1684 1713 1698 1762 ;
1729 1700 1795 1749 ut
1825 1692 1984 1764 quod

2107 1698 2183 1749 τοῦ
2215 1692 2461 1757 διδόντος
2492 1693 2848 1758 κελεύσαντος
2905 1695 3151 1772 χορηγίᾳ
3207 1697 3514 1774 συμφώνως
3571 1700 3746 1754 ἅπασι

326 1788 496 1844 nulla
522 1787 651 1860 lege
683 1788 1200 1858 circumscriptum
1224 1787 1321 1857 sit,
1350 1784 1455 1840 sed
1479 1785 1627 1857 ejus,
1655 1784 1755 1856 qui
1777 1783 1980 1851 donat,

320 1877 592 1950 jubentis
616 1862 1126 1948 suppeditatione,
1145 1875 1570 1932 convenienter
1583 1874 1863 1946 justeque
1881 1871 1983 1926 ad-

332 1967 412 2022 sit
445 1965 744 2021 omnibus.
779 1964 892 2020 Sed
920 1982 1116 2036 neque
1146 1964 1515 2038 generationi
1546 1963 1740 2034 posita
1761 1967 1850 2015 est
1868 1960 1983 2026 lex,

333 2059 492 2111 esset
523 2055 684 2110 enim
709 2053 942 2127 jamdiu
969 2053 1231 2109 abolita:
1266 2069 1336 2107 ex
1361 2067 1531 2122 aequo
1575 2054 1776 2105 autem
1807 2047 1984 2102 semi-

337 2148 486 2200 nant
507 2147 566 2199 et
592 2148 902 2216 generant,
921 2142 1204 2198 habentia
1227 2142 1496 2196 innatam
1523 2155 1556 2193 a
1570 2137 1807 2210 justitia
1826 2151 1984 2190 com-

336 2232 685 2289 munionem
713 2249 726 2287 :
751 2248 824 2286 ex
839 2247 1008 2302 aequo
1027 2229 1427 2286 communiter
1448 2225 1728 2282 omnibus
1745 2223 1986 2278 oculum

337 2323 411 2379 ad
439 2321 773 2390 vivendum,
820 2325 1051 2376 creator
1099 2323 1158 2373 et
1203 2323 1372 2389 pater
1414 2315 1704 2383 omnium,
1756 2329 1865 2368 sua
1887 2313 1988 2384 ju-

340 2412 499 2468 stitia
527 2411 719 2484 legem
762 2411 983 2474 ferens,
1032 2407 1306 2479 praebuit,
1355 2423 1476 2460 non
1521 2405 1871 2460 discernens
1900 2402 1988 2457 fe-

338 2502 567 2559 minam
580 2498 1041 2568 amasculo,non
1055 2496 1116 2551 id
1129 2496 1289 2568 quod
1303 2500 1395 2550 est
1409 2493 1988 2565 rationisparticeps,

345 2592 416 2648 ab
432 2595 668 2662 experte
682 2586 952 2651 rationis,
972 2591 1122 2654 et,ut
1140 2585 1326 2641 semel
1343 2583 1799 2654 dicam,nullum
1814 2581 1995 2637 anul-

343 2681 402 2737 lo
429 2697 442 2749 ;
478 2678 582 2736 sed
614 2675 954 2748 mqualitate
985 2680 1044 2732 et
1061 2676 1487 2732 communitate
1505 2674 1697 2729 visum
1720 2672 1996 2727 similiter

345 2769 637 2836 dividens,
656 2781 776 2821 uno
792 2766 968 2836 jussu
987 2765 1264 2820 omnibus
1286 2769 1377 2820 est
1400 2764 1668 2836 largitus.
1692 2763 1870 2835 Leges
1892 2776 1997 2817 au-

343 2863 486 2928 tem,
507 2856 723 2927 inquit,
749 2853 1083 2920 hominum,
1109 2870 1244 2909 cum
1259 2854 1692 2926 ignorationem
1711 2852 1998 2924 castigare

347 2963 468 3002 non
497 2950 760 3017 possent,
795 2946 1003 2998 contra
1029 2941 1092 3006 »Χι
1120 2943 1280 3014 leges
1305 2943 1499 2997 facere
1523 2941 1854 2997 docuerunt
1878 2958 1889 2995 :
1915 2941 2000 2995 le-

346 3051 484 3109 gum
503 3034 664 3090 enim
682 3031 1015 3105 proprietas
1035 3031 1323 3088 dissecuit
1343 3031 1554 3087 divina;
1568 3031 1713 3105 legis
1727 3046 1996 3087 commu-

344 3125 590 3180 nionem
610 3127 666 3177 et
685 3121 910 3178 arrodit
933 3138 946 3189 ;
975 3137 1097 3176 non
1121 3121 1466 3193 intelligens
1489 3120 1713 3176 dictum
1731 3118 1997 3192 Apostoli

349 3210 602 3267 dicentis
628 3226 685 3264 τα
703 3212 816 3266 Per
830 3209 1020 3282 legem
1039 3214 1347 3281 peccatum
1367 3210 1631 3282 cognovi.
1659 3229 1682 3260 ν
1708 3211 1778 3262 Et
1797 3223 1999 3263 meum

351 3303 410 3356 et
429 3305 595 3355 tuum
610 3299 754 3354 dicit
774 3298 1027 3355 subiisse
1045 3315 1151 3371 per
1168 3299 1346 3369 leges,
1369 3304 1434 3352 ut
1451 3314 1581 3368 qua)
1602 3314 1724 3352 non
1746 3296 2002 3368 amplius

351 3389 749 3446 communiter
800 3389 1080 3444 fruantur
1134 3388 1299 3460 (sunt
1386 3388 1545 3442 enim
1615 3387 2003 3457 communia),

354 3495 550 3550 neque
603 3483 782 3548 terra,
841 3493 1036 3549 neque
1088 3475 1586 3548 possessionibus,
1648 3474 1752 3531 sed
1810 3491 2003 3546 neque

353 3565 754 3623 matrimonio.
777 3565 938 3620 Fecit
953 3565 1113 3619 enim
1129 3563 1275 3619 vites
1292 3562 1686 3619 communiter
1701 3562 2004 3629 omnibus,

353 3671 485 3728 quas
517 3672 713 3726 neque
744 3669 1070 3726 passerem,
1098 3669 1292 3725 neque
1323 3652 1517 3709 furem
1567 3653 1901 3726 abnegant;
1949 3657 2008 3707 et

352 3743 719 3799 frumentum
756 3743 1052 3810 similiter,
1087 3747 1146 3798 et
1175 3743 1325 3798 alios
1353 3742 1598 3799 fructus.
1639 3742 1871 3798 Violata
1899 3759 2006 3797 au-

348 3839 471 3889 tem
491 3834 833 3890 communio
853 3839 911 3888 et
925 3833 1255 3904 aequalitas,
1279 3834 1484 3906 genuit
1506 3833 1697 3888 furem
1721 3849 2005 3904 pecorum

352 3925 410 3976 et
436 3921 758 3976 fructuum.
792 3921 936 3975 Cum
985 3935 1122 3991 ergo
1173 3921 1759 3989 Deus;commuiiiter
1807 3921 2008 3976 omnia

348 4009 589 4066 fecisset
617 4008 867 4079 homini,
893 4013 951 4063 et
974 4008 1259 4063 feminam
1282 4025 1416 4064 cum
1441 4010 1706 4065 masculo
1739 4026 2005 4065 commu-

351 4103 511 4160 niter
541 4099 974 4172 conjunxisset,
1003 4103 1062 4153 et
1101 4098 1302 4154 omnia
1355 4098 1633 4154 similiter
1679 4099 2009 4156 animantia

352 4189 845 4264 conglutinasset,
872 4187 1280 4261 pronuntiavit
1296 4186 1616 4258 justitiam,
1636 4189 2007 4244 communio-

419 4349 484 4413 νΧ(
511 4343 574 4400 Ρ.
604 4340 709 4395 5M-
746 4339 856 4396 ED.
892 4337 1185 4407 POTTER,
1217 4339 1480 4407 429-430,
1526 4339 1638 4394 ED.
1670 4339 1898 4397 PARIS.

353 4497 456 4550 535
481 4511 495 4562 ;
529 4492 933 4549 Theodoretus
964 4495 1165 4564 Θεραπ.

381 4637 460 4691 ib.
494 4653 532 4704 ῐ,
569 4641 681 4691 etc.

426 4702 534 4780 (53)
567 4702 933 4760 Ἀνατέλλειν.
966 4707 1207 4780 Rectius
1230 4702 1545 4780 dvqltztlaz,
1580 4706 1759 4780 indic.
1795 4707 2006 4780 modo:

357 4775 682 4850 ea'phrasi,
713 4795 830 4850 qua
859 4777 1084 4848 psalmo
1135 4794 1272 4832 cm:
1323 4775 1776 4850 'OiéEava'péllwv
1812 4778 2013 4850 χόρτον

351 4849 476 4909 τοῖς
511 4849 766 4917 κτήνεσι.
829 4850 1102 4904 Sanunc.
1161 4879 1231 4888 —
1289 4849 1506 4903 Eadem
1565 4849 1740 4904 lectio
1799 4849 2010 4905 G'rabio

356 4922 536 4978 etiam
568 4921 793 4992 placuit
821 4920 1109 4992 Spicileg._.
1143 4925 1284 4975 sect.
1323 4923 1410 4987 H,
1447 4938 1502 4992 p.
1539 4924 1626 4976 61.

426 4937 536 4976 tam
568 4937 793 4991 placuit
821 4937 857 4975 δ
902 4937 1109 4989 ιειιερ..
1143 4937 1284 4975 εθοι.
1323 4937 1410 4987 Il,
1539 4937 1626 4976 01.

426 4995 543 5061 ('06)
600 4991 800 5044 ’Ἅπασι
853 4937 1178 5060 ςικιαοσύνη
1212 4995 1520 5064 Δπαροῦσα.
1579 4994 1749 5048 Forte
1793 4993 2014 5048 rectius

359 5057 530 5117 ἅπασί
554 5066 821 5135 παροῦσα,
866 5057 1175 5135 expuncto
1209 5057 1555 5132 δικαιοσύνη,
1589 5069 1654 5117 ut
1703 5065 1813 5119 hoc
1866 5082 2016 5135 quo-

359 5152 473 5208 que
499 5134 839 5208 membrum
866 5134 1251 5208 referaturuet
1285 5136 1655 5205 superiorem
1687 5134 2012 5191 nominati-

356 5205 490 5262 vum
520 5206 723 5282 τροφή.
757 5206 1029 5282 Si'LBURG.
1065 5233 1132 5282 _—
1171 5205 1382 5282 Verum
1410 5223 1701 5282 nonopus
1731 5213 1825 5282 est
1853 5215 1918 5262 ut
1947 5223 2016 5262 ea

356 5298 466 5369 vox
520 5273 913 5369 expungatur,
947 5273 1121 5328 modo
1176 5276 1474 5369 sgribatur
1531 5273 2014 5369 iii—dativojcasu

358 5346 704 5424 δικαιοσύνῃ,
727 5346 1090 5424 'hochsen-su
1126 5361 1139 5398 :
1203 5346 1314 5399 Sed
1349 5348 1500 5424 ejus,
1535 5349 1635 5418 qui
1692 5348 1750 5400 id
1813 5348 2012 5424 donat,

348 5423 622 5508 jubentis
653 5416 1148 5508 'su‘pp‘edita‘tione
1201 5416 1628 5508 convenienter
1675 5419 1952 5507 omnibus
1981 5439 2008 5471 ι

349 5485 586 5569 justitia
621 5518 641 5545 α
680 5485 852 5551 adsit.
889 5512 918 5541 »
966 5486 1058 5542 Sic
1094 5487 1272 5559 paulo
1319 5493 1457 5558 post
1503 5485 1815 5561 δικαιοσύνῃ
1846 5508 2015 5562 νομο-

359 5571 484 5629 θετή
494 5587 588 5629 σας
604 5612 616 5623 .

427 5569 811 5716 ῗὲξῖῗίῖιπίσης
843 5629 1080 5693 Periodi
1137 5634 1365 5702 notam,
1427 5647 1557 5704 quae
1607 5631 1669 5689 in
1717 5632 2016 5704 prioribus

1239 4490 1292 4559 ';
1331 4490 1602 4547 Hermias
1651 4492 1713 4547 in
1762 4493 2024 4547 Irrisione
2052 4495 2099 4562 ο

343 4566 681 4692 ﬁliiioIs-ogthé.
702 4565 920 4635 gentil.,
949 4563 1308 4620 Plutarchus
1341 4565 1416 4618 De
1440 4563 1669 4635 placitis
1677 4564 2017 4636 philosoph.,

2090 1781 2406 1854 δικαιοσύνη
2439 1789 2687 1860 παροῦσα
2718 1787 2847 1857 (56).
2880 1784 3034 1842 Ἀλλ’
3066 1786 3193 1841 οὐδὲ
3220 1788 3288 1841 τὰ
3329 1795 3430 1857 τῆς
3487 1785 3752 1863 γενέσεως

2088 1873 2259 1936 νόμον
2318 1869 2435 1947 ἔχει
2491 1891 2894 1950 γεγραμμενον’
2956 1875 3265 1952 μετεγράφη
3295 1875 3396 1951 γὰρ
3441 1875 3522 1930 ἃνο
3582 1879 3755 1932 σπεί-

2091 1981 2246 2036 ρουσι
2303 1959 2362 2015 δὲ
2411 1962 2500 2016 καὶ
2539 1967 2796 2038 γεννῶσιν
2824 1961 3040 2036 ἐπίσης,
3070 1964 3355 2020 κοινωνίαν
3391 1966 3494 2022 ὑπὸ
3526 1963 3754 2021 δικαιο-

2091 2048 2254 2118 σύνης
2307 2046 2544 2127 ἔμφυτον
2628 2047 2884 2126 ἔχοντες*
2942 2056 3100 2127 κοινῇ
3159 2059 3320 2108 πᾶσιν
3379 2053 3570 2126 ἐπίσης
3631 2057 3756 2130 (5Ἷ)

2093 2135 2377 2212 ὀφθαλμὸν
2433 2136 2509 2198 εἲς
2565 2137 2629 2192 τὸ
2691 2137 2910 2213 βλέπειν
2971 2142 2999 2195 ὁ
3053 2143 3296 2212 ποιητής
3361 2163 3422 2197 τε
3493 2142 3585 2198 καὶ
3638 2163 3756 2198 πα-

2090 2225 2195 2296 τὴρ
2252 2225 2466 2279 πάντων
2524 2223 2840 2302 δικαιοσύνῃ
2918 2231 3290 2303 νομοθετήσας
3341 2235 3410 2305 τῇ
3467 2233 3594 2306 παρ’
3651 2231 3758 2287 αὖ·

2091 2317 2188 2368 τοῦ
2243 2311 2560 2388 παρέσχεν,
2623 2314 2684 2369 ού
2743 2313 3024 2391 διακρίνας
3081 2317 3308 2389 θήλειαν
3365 2317 3626 2396 ἄῤῥενος,
3693 2320 3761 2376 ού

2098 2401 2322 2478 λογικὸν
2356 2401 2581 2477 ἀλόγου,
2611 2404 2701 2458 καὶ
2731 2404 2974 2477 καθάπαξ
3025 2405 3238 2470 οὐδενὸς
3295 2406 3474 2463 οὐδέν’
3533 2409 3761 2481 ἰσότητι

2099 2491 2156 2549 δὲ
2207 2489 2297 2549 καὶ
2354 2493 2634 2572 κοινότητι
2716 2495 2939 2570 μερίσας
2991 2498 3053 2552 τὸ
3116 2497 3338 2572 βλέπειν
3397 2497 3609 2572 ὁμοίως
3672 2501 3763 2556 ἑνὶ

2098 2582 2392 2656 κελεύματι
2423 2585 2552 2638 πᾶσι
2582 2571 2923 2661 κεχάρισται.
2956 2587 3024 2643 Οἱ
3079 2571 3245 2661 νόμοι
3294 2583 3372 2658 δὶ,
3431 2571 3620 2664 φησὶν,
3657 2589 3764 2645 ἀν-

2102 2673 2337 2748 θρώπων
2397 2672 2627 2745 ἀμαθίαν
2703 2674 2956 2744 κολάζειν
3040 2676 3117 2748 μὴ
3199 2673 3490 2750 δυνάμενοι
3574 2698 3761 2754 παρα-

2103 2766 2291 2834 νομεῖν
2338 2758 2605 2832 ἔδίδαξαψ
2634 2764 2669 2833 ἠ
2699 2765 2803 2838 γὰρ
2835 2761 3050 2835 1ἰδιότης
3086 2769 3196 2820 τῶν
3245 2765 3455 2838 νόμων,
3486 2767 3584 2836 τήν
3635 2789 3762 2824 κοι-

2103 2849 2298 2905 νωνίαν
2330 2854 2427 2906 τοῦ
2456 2849 2607 2905 θείου
2662 2851 2837 2925 νόμου
2893 2854 3183 2926 κατέτεμεν
3241 2853 3331 2908 καὶ
3381 2858 3760 2933 παρατρώγει·

2111 2945 2187 3013 μῆ
2221 2939 2420 3002 συνιεὶς
2460 2941 2522 2995 τὸ
2557 2945 2656 2996 τοῦ
2686 2941 3030 2998 Ἀποστόλου
3089 2941 3272 3018 ῥητον,
3307 2942 3568 3019 λέγοντος
3603 2969 3634 2999 α
3667 2944 3769 3000 Διὰ

2108 3026 2306 3102 Νόμου
2334 3030 2435 3097 τὴν
2494 3029 2758 3104 ἁμαρτίαν
2813 3024 2980 3105 ἔγνων
3013 3033 3146 3102 (58)·
3183 3056 3211 3083 ››
3267 3033 3330 3086 τό
3387 3034 3434 3087 τ’
3483 3033 3616 3106 ἐμὸν
3673 3033 3763 3089 καὶ

2106 3118 2168 3172 τὸ
2200 3118 2290 3172 σὸν
2318 3118 2452 3192 φησί
2479 3115 2567 3172 διὰ
2594 3123 2704 3173 τῶν
2731 3118 2917 3192 νόμων
2949 3119 3342 3194 παρεισελθεῖν·
3397 3127 3595 3195 μηκέτι
3651 3126 3765 3198 (59)

2109 3206 2187 3269 εἷς
2216 3207 2510 3280 κοινότητα
2562 3209 2760 3281 (κοινά
2811 3229 2871 3264 τε
2920 3214 3090 3286 γάρ’)
3143 3212 3556 3286 καρπουμένων,
3621 3215 3763 3286 μήτε

2109 3302 2237 3368 γῆν,
2293 3297 2433 3369 μήτε
2479 3298 2755 3369 κτήματα,
2808 3295 2954 3353 ἀλλὰ
3007 3296 3149 3371 μηδὲ
3193 3298 3391 3375 γάμον·
3442 3304 3602 3376 κοινῇ
3654 3302 3760 3376 γὰρ

2112 3385 2304 3438 ἅπασιν
2339 3383 2560 3453 ἐποίησε
2589 3386 2684 3447 τὰς
2715 3384 3024 3458 ἀμπέλους.
3083 3385 3139 3442 αἵ
3198 3391 3274 3461 μή
3309 3388 3535 3463 πρυθὸν
3570 3433 3584 3458 ,
3623 3391 3765 3464 μήτε

2110 3471 2355 3541 κλέπτην
2387 3473 2768 3548 ἀπαρνοῢνται·
2801 3475 2891 3529 καὶ
2937 3476 3030 3531 τὸν
3085 3481 3232 3532 σῖτον
3287 3478 3482 3546 οὕτως,
3513 3479 3603 3533 καῖ
3633 3477 3764 3540 τοὺς

2113 3559 2318 3624 ἄλλους
2345 3561 2607 3638 καρπούς.
2643 3563 2707 3618 Ἡ
2739 3559 2796 3618 δὲ
2842 3565 3102 3620 κοινωνία
3147 3573 3599 3641 παρανομηθεῖσα
3648 3568 3763 3642 (60)

2111 3652 2200 3706 καὶ
2229 3652 2297 3706 τὰ
2323 3658 2421 3722 τῆς
2449 3651 2699 3722 ἰσότητος
2740 3651 2989 3727 ἐγέννησε
3021 3654 3348 3731 θρεμμάτων
3398 3655 3490 3712 καί
3539 3662 3761 3732 καρπῶν

2111 3738 2355 3811 κλέπτην
2394 3785 2408 3798 ,
2466 3745 2635 3815 Κοινῇ
2685 3743 2867 3797 τοίνυν
2929 3745 2958 3798 ὁ
3016 3743 3147 3807 Θεός
3217 3747 3424 3802 ἅπαντα
3493 3747 3763 3822 ἀνθρώπῳ

2113 3831 2370 3900 ποιήσας,
2405 3830 2495 3885 καὶ
2525 3831 2586 3885 τὸ
2608 3831 2748 3900 θῆλυ
2776 3837 2856 3904 τῷ
2885 3833 3066 3908 esse»;
3097 3839 3256 3909 κοινῇ
3305 3837 3636 3912 συναγαγὼν,
3668 3835 3761 3890 καὶ

2113 3921 2272 3983 πανθ’
2305 3919 2512 3993 ὁμοίως
2541 3919 2608 3975 τὰ
2634 3925 2746 3990 ζῶα
2773 3921 3035 3992 κολήσας,
3093 3924 3192 3992 τήν
3249 3921 3592 3994 δικαιοσύνην
3645 3923 3762 3978 ἀνέ-

2117 4029 2306 4087 φηνεν,
2328 4009 2615 4064 κοινωνίαν
2651 4011 2767 4084 μετ’
2800 4010 3070 4082 ἰσότητος.
3104 4013 3172 4070 Οἱ
3201 4010 3258 4067 δὲ
3288 4010 3568 4088 γεγονότες
3596 4011 3763 4082 οίῖτω,

2112 4099 2213 4167 τὴν
2247 4097 2578 4174 συνάγουσαν
2609 4098 2916 4170 κοινωνίαν,
2945 4101 3044 4169 τὴν
3093 4101 3298 4176 γένεσιν
3350 4101 3525 4157 αὐτῶν
3584 4101 3764 4176 ἀπηρ-

2115 4189 2381 4258 νήθησαν·
2413 4189 2504 4243 καὶ
2556 4188 2745 4266 φησὶν,
2803 4187 2848 4244 έί
2911 4191 3038 4263 μίαν
3086 4190 3360 4266 ἀγόμενος
3411 4195 3521 4267 (61)
3568 4193 3761 4268 ἐχέτω,

2133 4491 2493 4618 edtitionibus
2524 4499 2659 4566 post
2688 4494 2795 4553 has
2816 4512 2986 4553 voces
3018 4498 3296 4569 occurrit,
3323 4500 3535 4558 tollere
3581 4503 3766 4561 visum

2133 4579 2193 4618 es
2227 4609 2239 4618 .

2132 4579 2239 4620 est.

2195 4636 2773 4714 (58)_Mﬁppvtsi<...
2829 4634 3012 4714 ἔγνων.
3065 4644 3198 4698 Ηωο
3240 4645 3561 4702 Clementis
3601 4646 3768 4703 verba

2123 4714 2283 4792 sunt.
2313 4710 2573 4792 Respicit
2602 4718 2802 4792 autem
2833 4710 3006 4792 Hom;
3032 4731 3116 4780 ιιι,
3148 4719 3215 4770 20
3243 4734 3254 4770 :
3307 4716 3407 4792 Δία
3448 4717 3550 4792 γαρ
3599 4719 3765 4792 νόμου

2123 4777 2756 4863 Eni-{vmptc;&pap'r.t1;.
2801 4785 2924 4863 μοι.
2963 4777 3136 4863 ΒΟιΙὶ.
3197 4805 3292 4855 VH,
3352 4790 3426 4843 7:
3458 4777 3564 4860 Τήν
3599 4777 3769 4863 cilia;-

2121 4845 2243 4927 riajr
2265 4845 2653 4927 οὐκ-ἔγνωντῖ
2689 4854 2765 4925 μὴ
2799 4851 2888 4908 διὰ
2915 4854 3110 4927 νόμου,

2187 4923 2307 5004 ,(59)
2339 4923 2572 5004 Μηκέτι.
2607 4923 2841 5004 Priores
2870 4923 3160 5004 editiones
3187 4947 3501 5004 perperam
3533 4933 3658 4989 haec
3685 4931 3766 5004 dgi-

2125 4995 2429 5076 stingunt:
2519 4997 2713 5076 μηκέτι
2744 4995 2868 5076 -εἶς
2923 4995 3216 5076 κοινότητᾶ
3249 5019 3261 5032 ’
3296 4995 3484 5056 ⁸καινοί
3555 5024 3613 5058 τε
3669 5001 3765 5076 γὰρ

2123 5067 2539 5153 καρπουμένων,
2577 5069 2709 5140 μήτ.
2744 5071 2844 5124 Est
2889 5072 3048 5126 enim
3099 5067 3575 5144 parentheticum
3623 5067 3766 5131 illud

2124 5156 2276 5213 κοινα
2302 5157 2360 5190 τε
2387 5158 2510 5213 γαρ.

2196 5208 2311 5289 (90)
2343 5208 2819 5289 Παρανομηοεῖσα.
2863 5214 2980 5267 Hoc
3010 5220 3118 5289 est,
3156 5239 3182 5266 «
3215 5217 3441 5289 legibus
3491 5235 3709 5275 eversa.
3743 5237 3766 5266 »ι

2127 5281 2264 5334 Vult
2313 5281 2470 5364 enim
2525 5281 2744 5364 «leges
2775 5305 2833 5364 ››Δ
2863 5287 3196 5342 naturalem
3252 5281 3479 5364 rerum
3507 5292 3764 5346 omnium

2127 5355 2612 5429 communionem
2652 5355 2875 5429 injuste
2907 5373 3240 5429 magnoque
3268 5359 3415 5415 adeo
3465 5361 3764 5417 hominum

2125 5422 2342 5479 damno
2377 5422 2730 5504 sustulisse:
2745 5427 2835 5481 Sic
2875 5422 3051 5498 paulo
3098 5422 3409 5502 superius:
3442 5433 3510 5488 Oi
3539 5431 3762 5504 νόμοι...

2125 5503 2457 5568 παρανομεῖν
2490 5493 2752 5568 ἐδίδαξαν,

2197 5566 2310 5648 (61)
2342 5566 2404 5620 Εἰ
2440 5568 2564 5640 μίαν
2616 5567 2735 5648 ἀγζ-
2761 5569 2965 5648 Melius
3021 5570 3352 5648 f9rtasse_,_§
3387 5571 3513 5646 μίαν
3569 5573 3762 5648 ἀγόμιτ

2128 5653 2241 5700 νος.
2277 5639 2554 5699 SYLBURG.
2587 5639 2796 5697 —‘Vel
2846 5641 2970 5699 haec
3020 5643 3104 5698 sic
3163 5644 3338 5700 scribi
3387 5639 3450 5702 et
3494 5639 3765 5721 explicari
