4034 6148
265 256 268 259 ’
328 302 469 365 1109

1654 309 2101 368 STROMATUM
2139 315 2272 368 LIB.
2315 314 2412 368 III.

3611 316 3749 392 mo

325 426 638 502 δυναμένων
695 433 984 484 κοινωνεῖν
1047 429 1297 485 ἁπάντων
1333 474 1349 500 ,
1404 426 1586 505 ὥσπερ
1642 429 1886 504 ἀπέφηνε
1913 431 1973 484 τὰ

2093 451 2233 490 nem
2278 451 2413 490 cum
2460 437 2820 510 aequalitate.
2873 439 2981 504 Qui
3027 443 3226 496 autem
3278 441 3364 498 sic
3411 441 3538 497 nati
3585 448 3746 502 sunt.

326 515 499 572 λοιπᾶ
527 520 636 571 τῶν
660 515 838 587 ζώων.
873 541 901 569 ››
931 521 1112 573 Ταῦτα
1168 517 1337 574 εἷπὼν
1397 521 1534 574 κατὰ
1591 516 1732 588 λέξιν
1769 561 1784 587 ,
1816 518 1982 575 πάλιν

323 605 537 679 ὁμοίων
592 606 780 669 αὐταῖς
843 612 964 668 ταῖς
1021 606 1226 680 λέξεσιν
1287 607 1569 683 ἐπιφέρει·
1639 631 1667 658 ‹‹
1706 609 1812 676 Τὴν
1881 609 1982 684 γὰρ

321 693 614 770 ἆπιθυμίαν
674 692 894 751 εὔτονον
952 697 1044 752 καὶ
1099 694 1464 777 σφοδροτέραν
1528 695 1811 767 ἐνεποίησε
1867 702 1983 759 τοῖς

321 782 537 862 ὂίῤῥεσιν
572 784 650 848 εἷς
678 787 776 856 τὴν
816 790 925 840 τῶν
971 790 1140 862 γενῶν
1187 788 1534 861 παραμονήν·
1586 785 1651 855 ἢν
1704 782 1829 840 οὕτε
1886 787 1982 840 νό-

325 895 452 949 μος,
483 871 608 929 οὔτε
640 873 786 945 ἔθος,
821 872 944 930 οὔτε
971 873 1112 932 ἄλλο
1142 897 1193 930 τι
1223 881 1329 931 τῶν
1360 873 1532 930 ὄντῶν
1574 876 1828 952 ἆφανῖσαι
1878 872 1981 929 δύ-

323 984 502 1020 ναται·
544 969 678 1020 Θεοῦ
707 967 807 1042 γάρ
863 963 974 1020 ἐστι
1035 963 1288 1042 δόγμα.»
1350 967 1444 1020 Καὶ
1507 969 1626 1027 πῶς
1685 963 1762 1020 ἔτι
1823 962 1982 1028 οὗτος

325 1053 378 1109 ἒν
409 1059 489 1127 τῷ
517 1057 634 1118 καθ’
667 1056 814 1127 ἡμᾶς
866 1053 1171 1125 ἐξετασθείη
1229 1054 1401 1129 λόγῳ,
1435 1053 1685 1130 ἄντικρυς
1741 1053 1830 1108 καὶ
1883 1053 1975 1108 τὸν

319 1144 492 1217 νόμον
524 1145 612 1198 καὶ
662 1143 726 1198 τὸ
778 1142 1111 1219 Εὖαγγέλιον
1164 1140 1255 1198 διὰ
1300 1143 1510 1198 τούτων
1557 1145 1862 1219 καθαιρῶν;
1916 1143 1976 1200 Ὁ

325 1235 421 1308 μὶν
452 1231 553 1308 γάρ
584 1247 769 1310 φησιν
822 1255 851 1286 ι(
881 1231 957 1289 Οὐ
1015 1231 1350 1308 μοιχεύσεις
1401 1234 1463 1287 τὸ
1517 1230 1594 1302 δὶ,
1645 1238 1757 1296 Πᾶς
1804 1236 1915 1307 (62)
1947 1232 1975 1286 ὁ

318 1315 678 1394 προιὸλέπων
707 1322 822 1375 κατ’
859 1320 1177 1394 ἐπιθυμίαν,
1208 1318 1318 1392 ἤδη
1353 1319 1698 1396 ἐμοίχευσεν,
1722 1344 1750 1372 ››
1802 1319 1973 1396 λέγει*

317 1411 380 1464 τὸ
411 1408 514 1486 γὰρ
551 1432 575 1463 α
610 1410 724 1467 Οὐκ
770 1408 1147 1484 ἐπιθυμήσεις,
1180 1432 1208 1464 ι
1261 1410 1397 1485 πρὸς
1452 1414 1548 1464 τοῦ
1604 1409 1777 1483 νόμου
1809 1408 1974 1484 λεγό-

322 1519 508 1575 μενον,
534 1499 626 1554 τὸν
657 1494 752 1553 ἕνα
790 1495 1027 1554 δείκνυσι
1081 1499 1234 1568 Θεὸν,
1271 1496 1360 1554 διὰ
1386 1498 1559 1573 νόμου
1616 1499 1705 1553 καὶ
1756 1518 1975 1576 προφη-

315 1593 425 1644 τῶν
459 1588 549 1642 καὶ
579 1586 921 1664 Εὗαγγελίου
953 1588 1385 1664 κηρυσσόμενον·
1422 1587 1573 1664 λέγει
1620 1589 1747 1663 γὰρ,
1801 1609 1829 1639 ‹‹
1860 1585 1975 1643 Οὐκ

319 1674 681 1748 ἐπιθυμήσεις
710 1683 810 1745 τῆς
868 1680 968 1730 τοῦ
1022 1674 1278 1747 πλησίον⁶
1315 1703 1335 1731 ι
1378 1677 1406 1730 ὁ
1438 1675 1675 1746 πλησίον
1711 1673 1768 1729 δὲ
1807 1674 1914 1751 οὐχ
1944 1675 1971 1728 ὁ

315 1765 583 1828 Ἰουδαῖος
642 1770 720 1838 τῷ
779 1763 1048 1838 Ἰουδαίῳ·
1107 1764 1342 1846 ἀδελφὸς
1397 1767 1500 1842 γὰρ
1557 1766 1648 1820 καὶ
1703 1765 1970 1836 ταυτότης

313 1859 411 1910 τοῦ
442 1853 757 1928 Πνεύματος
793 1856 928 1928 (63)’
964 1853 1205 1910 λείπεται
1258 1853 1325 1923 δὴ
1379 1853 1616 1925 πλησίον
1647 1854 1737 1908 τὸν
1770 1852 1973 1908 ἀλλοε-

315 1950 414 2013 θνῆ
476 1941 680 2018 λέγειν’
737 1947 852 2005 πῶς
912 1942 1015 2019 γὰρ
1071 1943 1134 1998 οὗ
1193 1941 1456 2016 πλησίον,
1489 1944 1660 2004 ὁοῖὸς
1691 1963 1750 1996 τε
1779 1964 1974 1997 κοινω-

316 2037 480 2099 νῆσαι
538 2035 634 2086 τοῦ
696 2031 1059 2105 Πνεύματος;
1142 2031 1214 2086 Οὗ
1274 2032 1377 2108 γὰρ
1441 2032 1620 2106 μόνων
1681 2026 1974 2107 Ἑϐραίων,

318 2120 466 2177 ἀλλὰ
489 2120 579 2176 καὶ
611 2120 778 2185 έθνῶν
811 2123 991 2196 πατὴρ
1039 2116 1296 2196 Ἀϐραάμ
1323 2122 1455 2196 (64).
1490 2119 1557 2178 Ei
1589 2118 1645 2174 δὲ
1671 2122 1705 2189 ἡ
1744 2140 1970 2196 μοιχευ-

312 2215 496 2285 θεῖσα,
527 2212 617 2268 καὶ
651 2213 678 2268 ὁ
711 2211 787 2274 εἷς
841 2211 1010 2282 αὐτὴν
1057 2211 1358 2287 πορνεύσας
1415 2212 1630 2286 θανάτῳ
1660 2209 1972 2286 κολάζεται,

316 2299 486 2367 δῆλον
517 2298 697 2372 δὴπου
727 2301 825 2370 τὴν
882 2299 1112 2370 ἐντολὴν
1169 2302 1269 2371 τήν
1331 2299 1616 2378 λέγουσαν,
1650 2324 1677 2354 ι(
1709 2300 1821 2359 Οὐκ
1851 2299 1974 2355 ἐπι-

313 2393 580 2465 θυμήσεις
611 2393 712 2462 τήν
745 2395 980 2465 γυναῖκα
1015 2395 1112 2446 τοῦ
1155 2391 1419 2461 πλησίον,
1455 2415 1483 2443 ››
1514 2391 1640 2466 περὶ
1671 2395 1776 2445 τῶν
1805 2389 1970 2454 ἐθνῶν

312 2478 671 2556 διαγορεύεινο
720 2477 808 2534 τίνα
860 2499 970 2553 τις,
1028 2480 1168 2536 κατᾶ
1223 2479 1391 2553 νόμον
1449 2478 1540 2534 καὶ
1569 2485 1670 2549 τῆς
1698 2482 1796 2534 τοῦ
1825 2477 1974 2550 πλη-

310 2569 422 2624 σίον
452 2569 674 2633 καὶτῆς
713 2566 956 2642 ἀδελφῆς
1007 2568 1416 2644 ἀποσχόμενος,
1466 2565 1716 2640 ἄντικρυς
1771 2566 1974 2640 ἀκούσῃ

314 2659 463 2733 παρὰ
517 2662 616 2713 τοῦ
674 2658 894 2732 Κυρίου’
955 2683 984 2710 ‹‹
1023 2659 1167 2733 Ἐγὼ
1219 2656 1278 2712 δὶ
1327 2657 1492 2732 λέγω,
1547 2658 1662 2713 Οὐκ
1689 2656 1971 2728 ἐπιθυμή-

315 2770 450 2811 σεις.
485 2772 512 2799 ››
544 2748 607 2802 Ἠ
655 2745 713 2800 δὲ
769 2750 866 2801 τοῦ
902 2769 930 2800 ι
955 2748 1098 2819 Ἐγὼ
1130 2768 1159 2797 »
1224 2746 1421 2818 μορίου
1478 2745 1767 2820 προσθήκη
1800 2764 1972 2819 προσ-

313 2835 606 2911 ιχεστὲραν
668 2831 905 2888 δείκνυσι
959 2840 1059 2903 τῆς
1121 2833 1349 2902 ἐντολῆς
1402 2834 1502 2902 τὴν
1543 2830 1837 2908 ἐνέργειαν.
1871 2833 1970 2886 Καὶ

316 2927 399 2979 ὅτι
433 2927 703 2998 θεομαχεῖ
749 2922 779 2978 ὅ
833 2943 893 2978 τε
947 2923 1348 2998 Καρποκράτης
1404 2921 1433 2977 ὃ
1483 2923 1530 2975 τ’
1585 2921 1888 3000 Ἐπιφάνης
1919 2921 1971 2978 ἐν

309 3012 461 3085 αὐτῷ
487 3016 567 3084 τῷ
605 3009 1054 3086 πολυθρυλλήτῳ
1108 3005 1314 3087 βιϐλίῳ
1359 3014 1441 3083 τῷ
1471 3033 1500 3062 ‹‹
1532 3011 1664 3086 Περὶ
1694 3009 1969 3066 δικαιοσύ-

307 3123 408 3173 νης
451 3125 480 3153 ››
539 3099 718 3176 λέγων
771 3101 906 3174 (65),
967 3098 1075 3156 ὧδέ
1128 3121 1248 3164 πως
1305 3100 1548 3177 ἐπιφέρει
1602 3099 1740 3155 κατὰ
1796 3098 1962 3172 λέξιν·

2001 1818 2049 1883 Β

2096 525 2739 598 communionem,quaa
2756 543 2962 582 eorum
2978 529 3260 586 conciliat
3274 531 3744 602 generationem,

2095 613 2552 688 abnegaverunt.
2586 619 2657 670 Et
2697 617 2859 685 dicit,
2911 619 2958 673 si
3005 634 3188 674 unam
3238 619 3459 675 ducens
3507 621 3744 692 habeat,

2095 720 2231 759 cum
2265 706 2532 760 omnium
2554 707 2787 778 possint
2808 724 2937 762 esse
2960 709 3303 780 participes,
3335 710 3486 764 sicut
3517 711 3748 783 reliqua

2091 791 2604 850 fecitanimantia.
2647 816 2672 847 υ
2726 797 2858 850 Haec
2908 813 3043 851 cum
3092 798 3186 852 his
3236 797 3428 852 verbis
3476 797 3742 867 dixisset,

2093 882 2398 955 subjungit
2425 902 2631 939 rursus
2674 885 2766 939 his
2816 885 3048 940 verbis:
3085 909 3111 936 «
3162 888 3464 941 Intensam
3497 887 3657 941 enim
3691 893 3749 942 et

2089 972 2593 1028 vehementiorem
2627 975 2993 1047 ingeneravit
3031 975 3314 1032 masculis
3356 975 3744 1047 cupiditatem

2091 1059 2163 1115 ad
2185 1077 2468 1133 generum
2488 1063 2967 1134 perpetuitatem,
2994 1080 3170 1134 quam
3191 1081 3302 1118 nec
3325 1062 3441 1132 lex,
3457 1079 3566 1119 nec
3589 1081 3740 1134 mos,

2089 1167 2201 1204 nec
2232 1150 2457 1222 aliquid
2490 1151 2652 1206 aliud
2682 1156 2878 1224 potest
2907 1152 3142 1208 abolere
3169 1169 3182 1207 :
3217 1158 3306 1207 est
3336 1153 3494 1207 enim
3517 1154 3618 1208 Dei
3642 1153 3742 1209 de-

2088 1242 2336 1293 cretum.
2370 1261 2400 1290 »
2433 1241 2503 1293 Et
2534 1239 2830 1310 quomodo
2858 1240 3115 1311 amplius
3145 1239 3242 1296 hic
3282 1241 3345 1296 in
3377 1246 3582 1296 nostra
3608 1258 3745 1298 exa-

2087 1327 2349 1383 minetur
2395 1329 2686 1396 oratione,
2737 1345 2871 1384 cum
2903 1328 3095 1401 legem
3138 1333 3194 1383 et
3223 1329 3604 1402 Evangelium
3636 1347 3743 1402 per

2087 1416 2213 1471 haec
2243 1423 2444 1489 aperte
2476 1417 2789 1472 destruat?
2818 1418 2927 1473 Illa
2958 1418 3118 1474 enim
3150 1417 3330 1474 dicit:
3370 1441 3390 1469 ιι
3427 1421 3552 1474 Non
3592 1436 3740 1475 mce-

2086 1505 2465 1578 chaberis(a).
2485 1529 2512 1557 »
2530 1507 2648 1562 Hoc
2669 1512 2868 1562 autem
2891 1507 3062 1562 dicit:
3080 1530 3106 1557 α
3128 1509 3474 1578 Quicunque
3495 1509 3740 1580 respicit

2086 1594 2158 1649 ad
2189 1596 2756 1667 concupiscentiam,
2781 1597 2909 1668 jam
2955 1597 3282 1651 mmchatus
3310 1602 3398 1651 est
3437 1599 3541 1667 (b).
3582 1597 3738 1651 Illud

2085 1684 2244 1738 enim
2272 1701 2284 1737 :
2317 1706 2344 1732 ‹‹
2379 1686 2504 1739 Non
2528 1685 2914 1756 concupisces
2938 1686 3026 1756 (ο),
3053 1708 3080 1735 ››
3106 1685 3266 1755 quod
3291 1703 3323 1739 a
3344 1686 3470 1757 lege
3496 1685 3732 1755 dicitur,

2084 1773 2345 1828 ostendit
2373 1789 2559 1828 unum
2591 1790 2719 1829 esse
2752 1775 2957 1841 Deum,
2993 1775 3094 1844 qui
3124 1775 3480 1845 praedicatur
3511 1793 3617 1846 per
3646 1776 3734 1830 le—

2078 1877 2210 1932 gem
2229 1867 2287 1916 et
2303 1863 2622 1934 prophetas
2647 1867 2705 1917 et
2726 1863 3126 1936 Evangelium.
3152 1865 3305 1918 Dicit
3326 1863 3487 1918 enim
3512 1881 3524 1918 :
3552 1887 3579 1913 «
3607 1866 3734 1918 Non

2080 1951 2464 2022 concupisces
2481 1968 2727 2006 uxorem
2747 1951 3002 2022 proximi
3021 1953 3124 2007 tui.
3149 1975 3176 2002 »
3199 1953 3510 2007 Proximus
3533 1957 3733 2006 autem

2077 2056 2197 2093 non
2229 2045 2318 2094 est
2344 2040 2578 2094 Judaaus
2608 2040 2808 2095 Iudaeo
2840 2058 2852 2094 :
2876 2039 3058 2095 frater
3083 2041 3243 2095 enim
3268 2047 3357 2096 est
3377 2047 3434 2095 et
3456 2040 3734 2095 eumdem

2077 2127 2258 2182 habet
2285 2128 2605 2200 Spiritum;
2637 2134 2825 2184 restat
2855 2145 3014 2201 ergo,
3047 2134 3112 2183 ut
3143 2129 3547 2201 propinquum
3579 2127 3737 2185 dicat

2079 2232 2214 2270 eum
2247 2217 2347 2288 qui
2379 2222 2470 2272 est
2499 2217 2747 2272 alterius
2778 2217 2991 2290 gentis.
3025 2217 3330 2282 Quomodo
3365 2223 3565 2273 autem
3608 2234 3732 2272 non

2075 2306 2467 2377 pr0pinquus,
2499 2306 2601 2376 qui
2632 2310 2804 2375 aptus
2838 2310 2928 2360 est
2958 2322 3087 2360 esse
3111 2304 3361 2377 Spiritus
3383 2306 3680 2378 particeps
3705 2306 3734 2360 7

2074 2396 2201 2448 Non
2232 2395 2427 2448 solum
2459 2394 2622 2448 enim
2653 2393 3058 2460 Hebraeorum,
3089 2394 3193 2448 sed
3233 2394 3413 2448 etiam
3462 2394 3729 2465 gentium

2072 2486 2241 2553 pater
2272 2487 2362 2536 est
2391 2481 2711 2536 Abraham.
2746 2481 2801 2534 Si
2828 2486 3028 2536 autem
3060 2498 3190 2551 quae
3235 2486 3324 2536 est
3374 2481 3726 2550 adulterata,

2075 2576 2133 2624 et
2162 2571 2262 2641 qui
2285 2571 2346 2624 in
2364 2587 2496 2625 eam
2511 2569 2838 2625 fornicatus
2858 2574 2966 2638 est,
2988 2570 3178 2640 capite
3196 2571 3442 2640 punitur
3457 2570 3533 2640 (ἀ)
3563 2587 3574 2623 :
3605 2570 3730 2624 cla-

2072 2674 2206 2713 rum
2253 2664 2342 2713 est
2390 2658 2596 2727 utique
2650 2663 3036 2729 praeceptum,
3088 2657 3247 2728 quod
3286 2658 3468 2714 dicit:
3527 2680 3548 2708 ιι
3603 2661 3732 2714 Non

2073 2747 2461 2818 concupisces
2492 2763 2739 2802 uxorem
2771 2747 3090 2818 pr0pinqui
3114 2747 3222 2815 tui,
3252 2768 3281 2797 ι)
3305 2747 3467 2818 loqui
3492 2747 3564 2803 de
3588 2764 3730 2820 gen-

2071 2837 2233 2890 tibus
2263 2853 2274 2889 :
2303 2841 2371 2890 ut
2400 2853 2535 2890 cum
2567 2837 2700 2906 quis
2732 2835 3059 2892 secundum
3091 2835 3283 2909 legem
3315 2840 3373 2891 et
3421 2834 3493 2891 ab
3545 2853 3728 2894 uxore

2071 2925 2323 2997 proximi
2356 2930 2414 2981 et
2441 2942 2476 2980 a
2515 2943 2717 2981 sorore
2766 2925 3141 2994 abstinuerit,
3195 2930 3396 2999 aperte
3446 2925 3648 2982 audiat
3695 2943 3730 2982 α

2071 3013 2360 3069 Domino:
2394 3037 2421 3064 «
2473 3015 2588 3086 Ego
2637 3019 2837 3070 autem
2877 3015 3029 3082 dico,
3064 3032 3187 3070 non
3237 3016 3644 3087 concupisces.
3697 3036 3728 3066 »

2073 3103 2312 3159 Additio
2343 3107 2544 3158 autem
2572 3108 2636 3172 ›ι‹
2663 3104 2842 3175 hujus
2873 3103 3202 3174 particulae,
3239 3125 3260 3153 ι
3298 3121 3428 3176 ego,
3462 3125 3491 3154 »
3538 3105 3730 3176 majo-

315 3215 336 3244 ι
363 3170 581 3260 -Ἔνθεν,
614 3170 691 3251 ὧς
719 3170 934 3263 γελοῖον
981 3187 1268 3264 εἰρηκότος
1317 3170 1420 3243 τού
1457 3170 1778 3262 νομοθέτου,
1813 3170 1965 3265 ῥῆμα

2083 3209 2201 3248 rem
2233 3193 2513 3264 praecepti
2544 3170 2660 3247 vim
2691 3170 2970 3247 ostendit.
3007 3170 3571 3258 Quod'autein-cum
3608 3170 3727 3248 Ijeo

312 3284 476 3336 τοῦτο
535 3278 844 3349 ἀκουστέον,
928 3301 957 3330 ‹‹
1016 3274 1131 3335 Οὒκ
1182 3276 1564 3352 ἐπιθυμήσεις,
1619 3302 1648 3331 ››
1706 3279 1843 3353 πρὸς
1900 3278 1964 3334 τὸ

306 3367 655 3447 γελοιότερον
691 3366 886 3437 εἰπεῖν,
947 3391 975 3419 ‹‹
1006 3371 1122 3422 Τῶν
1175 3371 1274 3422 τοῦ
1315 3365 1575 3438 πλησίον·
1610 3391 1639 3421 ››
1667 3367 1826 3430 αὐτὸς
1858 3369 1962 3444 γὰρ

317 3460 346 3515 ὁ
375 3460 475 3527 τήν
533 3456 822 3530 ἐπιθυμίαν
883 3453 1028 3524 δοὺς,
1090 3457 1164 3519 ὡς
1222 3458 1562 3532 συνέχουσαν
1591 3458 1658 3512 τὰ
1684 3465 1786 3527 τῆς
1816 3457 1966 3532 γενέ-

311 3567 469 3617 σεως,
523 3545 726 3614 ταύτην
790 3543 1134 3623 ἀφαιρεῖσθαι
1209 3545 1444 3614 κελεύει,
1507 3543 1740 3618 μηδενὸς
1796 3545 1961 3614 αὐτὴν

312 3632 531 3712 ἀφελὼν
564 3635 728 3704 ζώουο
757 3635 820 3688 τὸ
852 3632 908 3689 δὶ
953 3659 981 3687 ‹‹
1012 3636 1128 3704 Τῆς
1161 3658 1189 3685 ››
1240 3639 1337 3690 τοῦ
1395 3634 1633 3704 πλησίον
1665 3638 1773 3710 (66)
1807 3660 1834 3689 ‹‹
1866 3657 1964 3710 γυ-

317 3723 560 3785 ναικὸς»
620 3722 869 3793 ίδιότητα
950 3724 1051 3792 τήν
1133 3723 1419 3779 κοινωνίαν
1475 3725 1808 3798 ἀναγκάζων,
1886 3723 1964 3780 ἔτι

313 3811 659 3889 γελοιότερον
694 3813 862 3869 εἶπεν.
897 3835 926 3864 ››
976 3812 1083 3867 Καὶ
1139 3817 1306 3868 ταῦτα
1357 3814 1451 3886 μὶν
1479 3815 1531 3868 οἳ
1559 3819 1792 3888 γενναῖοι
1822 3821 1968 3889 Καρ-

310 3901 666 3978 ποκρατιανοὶ
728 3899 1139 3976 δογματίζουσι·
1218 3901 1446 3964 τούτους
1501 3907 1613 3976 (67)
1671 3903 1821 3981 φασὶ,
1874 3903 1962 3958 καὶ

2071 3281 2298 3337 bellum
2327 3285 2492 3354 gerat
2519 3282 2924 3353 Carpocrates,
2959 3284 3016 3336 et
3062 3281 3402 3352 Epiphanes
3452 3282 3632 3337 etiam
3664 3281 3728 3338 in

2075 3388 2165 3438 eo,
2201 3371 2301 3442 qui
2333 3370 2502 3442 vulgo
2526 3371 2809 3442 jactatur,
2842 3370 2994 3425 libro
3016 3371 3090 3425 De
3101 3371 3353 3441 justitia,
3380 3375 3545 3441 patet
3563 3385 3635 3426 ex
3656 3386 3726 3426 eo

2075 3459 2231 3531 quod
2265 3460 2570 3532 subjungit
2593 3459 2686 3514 his
2735 3459 2966 3514 verbis:
3004 3481 3024 3508 ι
3065 3459 3211 3513 Hinc
3241 3464 3308 3512 ut
3358 3458 3460 3529 qui
3503 3458 3725 3514 ridicu-

2072 3549 2199 3604 lum
2232 3548 2463 3617 dixerit,
2510 3549 2863 3621 legislatoris
2910 3548 3021 3603 hoc
3062 3547 3310 3602 verbum
3359 3546 3724 3602 audiendum

2077 3641 2166 3692 est
2193 3654 2205 3691 :
2242 3660 2270 3688 ‹‹
2294 3639 2418 3691 Non
2441 3637 2824 3710 concupisces
2851 3654 2863 3692 :
2889 3660 2916 3688 »
2936 3653 3125 3709 usque
3147 3637 3221 3694 ad
3243 3637 3324 3706 id,
3357 3636 3514 3708 quod
3536 3636 3722 3708 magis

2075 3725 2326 3781 ridicule
2358 3725 2536 3781 dicit:
2574 3749 2601 3775 ‹‹
2636 3729 2748 3782 Res
2779 3727 3034 3797 proximi
3067 3727 3172 3782 tui.
3201 3747 3230 3776 »
3257 3727 3389 3797 Ipse
3422 3725 3603 3792 enim,
3628 3723 3730 3795 qui

2075 3815 2239 3871 dedit
2255 3814 2665 3886 cupiditatem,
2683 3819 2751 3870 ut
2767 3831 2898 3885 quae
2917 3815 3250 3870 contineret
3261 3815 3730 3887 generationem,

2067 3905 2243 3978 jubet
2273 3920 2404 3960 eam
2434 3903 2688 3972 auferre,
2724 3920 2859 3960 cum
2889 3921 2924 3960 a
2952 3904 3120 3960 nullo
3152 3921 3283 3960 eam
3327 3904 3556 3960 auferat
3601 3902 3732 3959 ani-

381 4056 445 4120 ›ι‹
473 4060 538 4114 Ρ.
569 4059 673 4113 514
697 4058 810 4113 ED.
845 4057 1143 4113 POTTED.
1185 4055 1261 4128 (α)
1291 4056 1470 4112 Exod.
1505 4074 1600 4126 xx,
1635 4059 1720 4112 13.
1755 4058 1830 4130 (b)
1860 4059 1973 4114 Mat

2094 4077 2146 4128 v,
2175 4061 2265 4116 28.
2299 4058 2367 4130 (ο)
2399 4057 2579 4113 Exod.
2608 4075 2703 4127 xx,
2734 4061 2820 4114 17.
2851 4059 2929 4131 (d)
2963 4059 3130 4115 Deut.
3163 4075 3304 4126 xxu,
3327 4060 3414 4112 22.

357 4211 649 4283 oterunt:
708 4205 1120 4283 ἀπηρνήθηςαν,
1178 4202 1270 4283 καὶ
1337 4204 1528 4283 φησὶν,
1576 4203 1631 4283 Δεἰ
1706 4203 1831 4278 μίαν
1886 4207 1976 4283 δἰγξ

347 4297 422 4353 χῃ
443 4274 520 4353 -δ.Δ
541 4274 1060 4353 «abnegaverunt,
1116 4274 1375 4353 etiamsi.
1404 4274 1636 4350 inquit,
1668 4274 1848 4353 unam
1881 4274 1980 4352 qui

314 4349 486 4407 ducit
508 4349 886 4422 habeat,cum
913 4365 1121 4422 omnes
1151 4350 1469 4421 participes
1493 4349 1620 4406 esse
1644 4349 1984 4422 possintfut

311 4423 558 4492 reliqua
587 4420 872 4476 animalia
906 4419 1232 4476 declarant.
1263 4441 1293 4470 »
1327 4419 1575 4492 Putavit
1601 4419 1757 4478 enim
1789 4419 1982 4478 haere-

315 4491 478 4567 ticus
493 4493 593 4546 ille
611 4493 1066 4567 matrimonium
1079 4493 1340 4567 naturali
1359 4491 1613 4565 κοινωνίᾳ
1627 4511 1980 4567 repugnare.

318 4565 425 4621 Vel
455 4565 607 4620 forte
641 4562 865 4635 aliquid
899 4563 1139 4620 excidit.

2080 4207 2660 4281 prietatem‘redigit,
2693 4207 2886 4281 adhuc
2915 4207 3102 4281 magis
3141 4205 3409 4281 ridicule
3425 4205 3592 4261 dixit.
3619 4227 3656 4281 _»

2153 4282 2266 4351 (67)
2298 4276 2584 4340 Τούτουςί
2599 4280 2952 4335 Philastrius
2997 4276 3317 4334 Brixiensis
3347 4277 3450 4351 lib.
3474 4281 3574 4351 _De
3614 4276 3732 4331 haz-

2081 4346 2326 4406 res-ibzis:
2390 4374 2416 4432 ᾳ
2451 4352 2733 4432 lfloriani,
2791 4351 2909 4405 sive
2965 4349 3423 4432 Carpocratian‘i,
3453 4346 3738 4432 dicuntur

2083 4427 2368 4494 negantes
2385 4422 2680 4493 judicium
2705 4428 2763 4477 et
2786 4419 3306 4489 resurrectionem,
3331 4420 3631 4475 Christum
3662 4419 3734 4473 de

2084 4494 2321 4565 Virgine
2352 4499 2559 4548 natum
2598 4511 2721 4549 non
2771 4494 3105 4560 credentes,
3138 4507 3733 4565 omnemqueresur-

2086 4563 2414 4620 rectionem
2445 4565 2505 4621 in
2537 4565 2798 4620 filiorum
2830 4565 3240 4636 procreatione
3270 4563 3520 4636 nefandi
3552 4567 3735 4618 cretus

389 4614 1210 4727 (δεῖξειξέζῇέιίιιῐῖζέε.
1274 4631 1551 4727 13:7ng
1607 4632 1763 4727 λέγε,
1819 4635 1970 4727 δμῖγ,

2087 4637 2494 4727 existimantes
2525 4614 2872 4727 consisteret,
2887 4641 2958 4718 .ut
3069 4635 3322 4717 ecclesia
3352 4651 3458 4690 sua
3487 4639 3734 4727 postpo-

319 4703 404 4761 δτι
435 4709 538 4782 πᾷς
667 4703 886 4782 βλέπων
938 4709 1168 4782 γυναῖκα
1215 4703 1357 4782 πρὸς
1400 4704 1462 4760 τὸ
1515 4703 1976 4781 ἐπιθυμῆσαίαῦ-

318 4775 920 4867 τῆςηῇβηωέμοίχευσεν
953 4775 1121 4863 αὐτην
1133 4823 1145 4833 .

391 4851 504 4922 (63)
538 4850 844 4922 γΤαυτότης
897 4853 992 4902 τοῦ
1051 4870 1140 4904 πν.
1203 4850 1329 4904 Vid.
1393 4868 1572 4922 supra
1611 4869 1668 4922 p'
1698 4852 1800 4906 397
1832 4852 1970 4907 edit.

321 4923 506 4977 Paris.
535 4921 758 4976 Loer.

393 4995 527 5066 (6%),
566 4992 768 5066 Ἐθνῶν
826 4991 1019 5066 πατὴρ-
1066 4989 1338 5066 ’Λϐραάμ.
1394 4993 1975 5066 Nempesecundum

321 5062 473 5140 illud
502 5062 626 5140 G_al_.
648 5081 747 5140 _ul_.
781 5066 812 5117 7
839 5082 856 5140 _:
889 5062 1188 5119 Γινώσκετε
1226 5062 1348 5140 ἄρα,
1397 5063 1480 5118 ὅτι
1528 5062 1580 5118 ὁὶ
1612 5062 1673 5118 ἐκ
1714 5064 1972 5131 πίστεως,

315 5134 470 5192 οὗτοί
504 5134 613 5188 υἱοὶ
643 5133 920 5208 ’Δϐραάμρ
956 5141 1015 5191 et
1047 5154 1170 5208 seq.

395 5208 512 5300 (65)
553 5209 643 5294 Τῷ
703 5205 832 5300 Περὶ
865 5205 998 5300 ⁷δξκι.
1061 5205 1280 5292 λέγων..
1317 5208 1525 5263 Melius
1584 5207 1854 5300 fortasse,
1896 5209 1976 5300 τῷ

319 5302 348 5330 ‹‹
385 5279 514 5350 Περὶ
550 5276 900 5347 δικαιοσύνης
932 5277 1098 5351 λέγον
1138 5276 1234 5349 ⁷ου,
1267 5281 1533 5351 inquam,
1563 5278 1663 5350 qui
1699 5281 1774 5334 De
1799 5278 1979 5350 justi-

319 5351 404 5407 tia
434 5352 757 5421 inscriptus
792 5358 900 5409 est.
933 5372 961 5400 »
991 5351 1155 5406 εγω.

394 5424 506 5492 (66)
533 5423 603 5475 Τὸ
635 5423 715 5492 δὲ,
745 5429 854 5492 Τῆς
901 5425 999 5475 τοῦ
1059 5443 1117 5478 π.
1176 5425 1308 5480 Haac
1370 5422 1665 5492 sententia
1717 5422 1801 5477 sic
1832 5422 1977 5478 scri-

325 5489 520 5569 benda
549 5501 605 5550 et
636 5489 1248 5569 explicandajidetur
1273 5513 1285 5550 :
1308 5491 1410 5569 _Tb
1440 5489 1516 5559 δὲ,
1550 5494 1662 5569 Τῆς
1702 5496 1797 5569 τοῦ
1828 5491 1975 5569 πλη-

327 5561 431 5638 ᾳίο,
492 5561 767 5638 γυναικὸς,
823 5564 902 5626 εἷς
963 5561 1212 5638 ἰδιότητα
1262 5566 1362 5635 τὴν
1422 5563 1707 5620 κοινωνίαν
1741 5563 1979 5638 ἀναγκά-

332 5636 461 5701 ζων,
507 5634 596 5690 ’ἔτι
655 5637 1004 5714 γελοιότερον
1061 5636 1227 5714 εἶπεν.
1288 5634 1485 5694 «ίΗωο
1517 5642 1741 5714 _autem
1778 5634 1976 5714 verba,

328 5720 564 5764 uxorem
583 5708 838 5780 proximi
860 5708 962 5778 tui,
993 5709 1208 5782 quibus
1230 5709 1713 5767 communionem
1744 5708 1818 5764 ad
1848 5725 1977 5781 pro-

2086 4724 2289 4763 casum
2313 4708 2455 4762 solis
2474 4708 2735 4762 lucernis
2754 4708 3060 4762 exstinctis
3080 4705 3317 4761 misceri
3341 4723 3477 4761 cum
3497 4705 3738 4760 mulier-

2086 4779 2236 4833 culis
2269 4795 2389 4833 non
2420 4779 2840 4845 dubitaverint,
2883 4779 3027 4849 legis
3076 4783 3436 4849 praeceptum
3486 4777 3735 4849 implere

2085 4855 2397 4921 putantes:
2455 4852 2760 4921 Nascimini
2815 4857 2866 4903 et
2924 4847 3392 4921 Multiplicajiini,
3433 4847 3735 4921 Judaismo

2086 4919 2284 4993 potius
2316 4927 2374 4975 et
2401 4920 2743 4993 paganitati
2771 4937 2980 4991 parere
3027 4919 3321 4988 nefanda,
3357 4936 3536 4993 quam
3568 4919 3737 4993 Chri-

2088 4991 2294 5064 stiana)
2325 4991 2552 5064 veritati
2577 4992 2954 5064 acquiescere
2980 4997 3437 5064 properantes.»
3467 4991 3737 5064 Theodo-

2086 5069 2249 5118 retus
2280 5063 2432 5135 lib.q1
2464 5066 2540 5117 De
2567 5061 2744 5133 fabul.
2781 5061 3198 5135 hmretié.,_non
3230 5063 3341 5135 ipsi
3373 5061 3734 5135 Carpocrati,

2089 5135 2190 5190 sed
2219 5135 2347 5204 ejus
2364 5129 2661 5208 discipulo
2685 5135 2980 5188 attribuit:
3007 5133 3175 5208 Οὗτος
3198 5129 3736 5208 προφανῶς-λαγνεύ-

2088 5225 2160 5279 ειν
2193 5200 2312 5279 τοῖς
2363 5200 2791 5279 Καρπόκράτους
2843 5205 3180 5279 προστέθηκε
3236 5200 3737 5279 δόγμασιζιΚόινᾶς

2085 5278 2183 5350 Υᾷρ
2219 5272 2378 5350 ,δῖναι
2435 5271 2531 5337 ’έάς
2587 5271 2846 5350 γυναῖκας
2887 5271 3433 5350 ’ἐνομοθέτησεν-ξ’οὗ
3468 5271 3534 5350 δὴ
3565 5272 3729 5350 χάρμιν

2088 5344 2187 5402 οὐκ
2216 5346 2268 5419 έν
2301 5352 2418 5411 τοῖς
2446 5344 2654 5410 κοινοῖς
2697 5345 2938 5409 δείπνοις
2973 5344 3136 5419 μόνον
3181 5344 3245 5402 τὸ
3293 5344 3733 5419 λυχνιαῖον’φῶς

2087 5417 2332 5494 ἐκποδὼν
2366 5419 2710 5492 ποιούμενοι,
2743 5421 2882 5494 ᾗπερ
2937 5404 2994 5474 ἃ.)
3056 5417 3280 5477 ἕκαστος
3320 5404 3734 5494 ’ἐπέτμχεμσιξνε-

2092 5491 2340 5564 μίγνυτα
2372 5514 2401 5542 ‹‹
2433 5495 2487 5548 Is
2518 5485 2717 5565 aperte
2747 5485 2809 5546 'ét
2839 5485 3033 5564 palam
3089 5489 3335 5565 scortari
3374 5485 3594 5558 adjeCit
3621 5485 3733 5539 de-

2087 5564 2692 5640 cretis_Carpocratis._
2713 5565 2987 5619 Mulieres
3020 5564 3176 5640 enim
3209 5575 3338 5640 esse
3384 5572 3732 5638 communes

2089 5635 2419 5710 constituit;
2450 5635 2844 5710 Quamobrem
2875 5635 3209 5710 non_sol_um
3233 5635 3294 5710 in
3319 5635 3597 5710 conviviis
3621 5644 3734 5710 pu-

2089 5706 2285 5776 blicis,
2320 5708 2583 5764 candelae
2614 5707 2842 5762 lumine
2872 5705 3049 5777 paulo
3097 5704 3333 5773 longius
3379 5705 3632 5770 remoto,
3667 5704 3730 5754 in
