4034 6148
298 256 438 312 1129

1621 253 2067 310 BTROMATUM
2103 257 2238 311 LIB.
2278 261 2376 313 ΙΙΙ.

3574 263 3714 320 1130

1825 396 2056 453 CAPUT
2093 399 2184 454 IV.

616 488 820 554 Quibus
842 487 1212 558 pratentibus
1239 493 1474 541 utantur
1495 486 1741 541 haeretici
1769 487 1842 540 ad
1870 487 2045 543 omnis
2074 493 2288 558 generis
2311 491 2587 548 licentiam
2618 500 2668 548 et
2694 493 2981 549 libidinem
3011 498 3386 551 exercendam.

366 590 482 640 Τῶν
516 581 574 639 δὲ
603 585 692 659 ἀφ’
721 583 980 658 άὶρέσεως
1021 583 1301 658 ἀγομένων
1352 581 1672 653 Μαρκίωνος
1705 582 1799 653 μὲν
1849 585 1946 636 τοῦ

2134 589 2215 641 Ex
2239 589 2313 643 iis
2345 591 2674 660 autem.qui
2698 591 2770 645 ab
2803 592 3015 646 haresi
3049 592 3370 657 ducuntur,
3396 596 3708 650 Marcionis

295 678 562 729 Ποντικοῦ
593 672 1040 746 ἐπεμνήσθημεν,
1102 667 1170 724 δι’
1202 669 1470 740 ἀντίταξιν
1528 670 1629 738 τὴν
1687 670 1825 743 πρὸς
1854 670 1946 723 τὸν

295 760 634 837 δημιουργὸν
686 761 784 827 τήν
840 765 1042 834 χρῆσιν
1083 763 1188 811 τῶν
1239 762 1518 830 κοσμικῶν
1578 758 1946 831 παραιτουμέ-

292 874 414 907 νου.
466 851 674 906 Γίνεται
730 848 786 904 δὲ
844 849 990 920 αὐτῷ
1044 855 1144 918 τῆς
1194 847 1502 923 ἐγκρατείας
1554 845 1751 916 αἶ’τιος,
1813 845 1866 901 εἶ’
1888 869 1948 922 γε

292 944 457 996 τοῦτο
489 938 797 1015 ἐγκράτειαν
833 937 1051 1014 ῥητέον,
1113 937 1278 998 αὐτὸς
1311 938 1339 992 ὁ
1389 937 1758 1012 Δημιουργὸς,
1808 936 1946 1012 πρὸς

296 1031 356 1085 ὃν
419 1031 447 1085 ὁ
505 1029 793 1103 Θεομάχος
849 1031 1012 1090 οὗτος
1066 1027 1227 1101 γίγας
1303 1027 1612 1091 ἀνθιστάναι
1672 1025 1946 1097 οἰόμενος,

294 1116 440 1173 ἄκων
503 1117 642 1173 ἐστὶν
703 1117 988 1192 ἐγκρατής,
1047 1116 1398 1191 κατατρέχων
1431 1116 1518 1170 καὶ
1574 1122 1675 1184 τῆς
1723 1115 1949 1178 κτίσεως

293 1207 384 1262 καὶ
441 1207 539 1262 τοῦ
587 1205 934 1278 πλάσματος.
985 1203 1090 1260 Κᾶν
1142 1208 1563 1280 συγχρήσωνται
1607 1208 1675 1276 τῇ
1706 1207 1808 1258 τοῦ
1839 1210 1946 1258 Ku-

295 1294 417 1370 ρίου
450 1299 628 1372 φωνῇ,
681 1291 938 1370 λέγοντος
964 1298 1044 1365 τῷ
1075 1292 1344 1365 Φιλίππῳ
1387 1297 1520 1366 (51),
1560 1317 1586 1344 ιι
1622 1299 1785 1369 ’Ἄφες
1813 1291 1942 1356 τοὺς

293 1383 518 1459 νεκροὺς
581 1385 742 1456 θάψαι
799 1382 924 1444 τοὺς
989 1384 1192 1438 ἑαυτῶν
1256 1383 1516 1457 νεκρούςο
1579 1381 1640 1435 σὺ
1705 1379 1762 1435 δὲ
1817 1382 1944 1435 ἀκο-

292 1471 479 1536 λούθει
536 1494 629 1544 μοι
684 1475 817 1545 (52)·
868 1470 994 1526 ἀλλ’
1049 1470 1217 1526 ἐκεῖνο
1267 1470 1657 1539 σκοπείτωσαν,
1717 1470 1791 1532 ὡς
1844 1471 1943 1538 τήν

294 1562 490 1635 ὁμοίαν
514 1569 615 1630 τῆς
666 1561 862 1638 σαρκὸς
913 1559 1112 1615 πλάσιν
1162 1562 1252 1614 καὶ
1296 1557 1580 1620 Φίλιππος
1623 1557 1794 1634 φέρει,
1852 1578 1939 1612 νε-

289 1650 419 1723 κρὸν
481 1650 579 1704 οὐκ
628 1648 776 1724 ἔχων
813 1649 1206 1722 μεμιασμένον.
1242 1653 1369 1710 Πῶς
1407 1648 1496 1702 οὖν
1528 1648 1749 1720 σαρκίον
1775 1640 1944 1720 ἔχων,

293 1739 480 1814 νεκρὸν
517 1738 617 1793 οὐκ
663 1737 806 1812 εἶχεν
835 1757 848 1807 ;
878 1740 1003 1794 ’Ὁτι
1055 1737 1302 1807 ἐξανέστη
1359 1741 1457 1790 τοῦ
1511 1739 1817 1809 μνήματος,
1848 1740 1946 1790 τοῦ

293 1828 502 1902 Κυρίου
531 1826 596 1882 τὰ
627 1827 772 1895 πάθη
805 1827 1192 1900 νεκρὼσαντος,
1245 1827 1506 1894 ζήσαντος
1539 1829 1650 1897 (53)
1701 1822 1758 1880 δὲ
1804 1827 1942 1900 Χρι-

287 1921 420 1988 στῷ.
479 1917 938 1988 Ἐπεμνήσθημεν
990 1912 1047 1969 δέ
1089 1915 1178 1970 καὶ
1227 1915 1517 2008 τῆςυιατὰ
1546 1917 1940 2008 Καρποκρὰτην
1975 1945 2022 2008 Β

290 2003 532 2077 ἀθέσμου
574 2009 841 2079 γυναικῶν
874 2004 1182 2066 κοινωνίας·
1241 2002 1360 2078 περί
1406 2025 1466 2057 τε
1512 2002 1793 2058 Νικολάου
1851 2003 1946 2078 ῥή-

292 2115 428 2155 σεως
459 2091 837 2169 διαλεχθέντες
870 2097 1005 2165 (54),
1065 2091 1241 2147 ἐκεῖνο
1273 2090 1671 2166 παρελίπομενο
1703 2092 1943 2164 Ὡραίαν,

291 2183 418 2261 φασὶ
450 2189 586 2251 (55),
633 2188 863 2257 γυναῖκα
910 2180 1053 2256 ἔχων
1089 2179 1270 2248 οὗτος,
1331 2182 1466 2253 μετὰ
1519 2183 1620 2250 τήν
1675 2180 1946 2254 ἀνάληψιν

288 2274 389 2340 τὴν
435 2275 532 2326 τοῦ
582 2278 865 2346 Σωτῆρος,
916 2271 1053 2341 πρὸς
1098 2275 1207 2325 τῶν
1253 2269 1575 2324 ἀποστόλων
1630 2266 1945 2331 ὀνειδισθεὶς

296 2361 629 2433 ζηλοτυπίαν
666 2406 679 2430 ,
733 2361 810 2423 εἷς
880 2359 1041 2434 μέσον
1090 2361 1305 2435 ἀγαγὼν
1361 2361 1461 2429 τήν
1523 2364 1751 2435 γυναῖκα
1809 2362 1942 2432 (56),

287 2458 462 2526 γῆμαι
535 2455 613 2520 τῷ
693 2446 1018 2523 βουλομένῳ
1071 2447 1356 2523 ἐπέτρεψεν
1421 2452 1572 2522 (57)·
1635 2446 1941 2502 ἀκόλουθον

291 2541 394 2615 γὰρ
455 2539 589 2594 εἶναί
638 2560 765 2616 φασι
813 2539 911 2607 τὴν
958 2539 1149 2612 πρᾶξιν
1175 2537 1374 2608 ταύτην
1409 2536 1581 2610 ἐκείνῃ
1635 2540 1703 2608 τῇ
1763 2539 1941 2612 φωνῇ,

290 2633 386 2702 τῇ,
447 2628 529 2684 ὅτι
566 2652 591 2680 ι(
623 2630 1082 2702 παραχρήσασθαι
1136 2631 1206 2699 τῇ
1265 2625 1421 2700 σαρκὶ
1481 2623 1563 2678 δεῖ
1616 2628 1745 2693 (58).
1783 2624 1942 2677 »Καὶ

291 2715 361 2786 δὴ
393 2716 964 2785 κατακολουθήσαντες
1004 2719 1083 2784 τῷ
1110 2713 1387 2789 γενομένῳ
1426 2714 1506 2784 τῷ
1561 2733 1620 2766 τε
1668 2711 1941 2785 εἰρημένω

361 2833 425 2896 ἄ(
454 2835 515 2887 P.
551 2834 651 2886 523
683 2833 795 2885 ΕΙ).
830 2831 1124 2896 POTTER,
1156 2831 1396 2882 436-437
1423 2829 1534 2882 ED.
1569 2827 1796 2882 PARIS.

294 2947 564 3002 fabarum
597 2944 1063 3012 dicit,radicibus
1095 2943 1374 2999 arborum
1405 2943 1694 3014 apposita,
1713 2942 1940 2997 fructus

297 3021 520 3074 siccare
590 3017 701 3070 Sed
750 3024 807 3070 et
844 3015 1096 3086 gallinas
1127 3015 1502 3082 domesticas,
1535 3015 1581 3068 si
1617 3014 1824 3068 crebro
1873 3031 1941 3068 ea

296 3091 493 3152 edant,
528 3088 760 3142 steriles
792 3087 942 3141 fieri.
991 3088 1150 3140 Hanc
1180 3087 1252 3140 ob
1285 3103 1546 3151 causam,
1586 3092 1644 3139 et
1672 3086 1939 3139 fortassis

2059 676 2300 744 quidem
2334 677 2560 732 Pontici
2592 678 2840 734 fecimus
2871 681 3264 746 mentionem,
3316 682 3415 751 qui
3467 690 3710 753 propter

2059 767 2546 836 certamen,quod
2571 767 2855 822 adversus
2887 770 3223 825 Creatorem
3249 771 3710 840 suscepit,mun-

2056 843 2347 908 danarum
2379 873 2581 910 rerum
2613 873 2788 911 usum
2813 863 3065 912 recusat.
3089 859 3151 912 Ei
3175 865 3374 913 autem
3398 859 3711 914 continen-

2059 942 2153 996 tiae
2183 959 2364 998 causa
2394 945 2559 1012 est,si
2591 945 2764 1000 modo
2816 950 2906 1000 est
2934 962 3002 1001 ea
3032 947 3283 1001 dicenda
3321 947 3711 1016 continentia,

2057 1030 2183 1101 ipse
2215 1032 2474 1100 Creator,
2500 1035 2594 1088 cui
2627 1051 2688 1088 se
2712 1033 3010 1089 adversari
3032 1036 3379 1090 existimans
3403 1037 3566 1108 gigas
3597 1038 3708 1092 iste

2056 1134 2193 1172 cum
2225 1121 2342 1173 Deo
2387 1136 2679 1191 pugnans,
2713 1126 2772 1174 et
2826 1121 3047 1176 invitus
3091 1124 3425 1193 continens,
3475 1124 3615 1179 dum
3647 1126 3708 1180 in

2055 1207 2419 1262 creationem
2451 1215 2510 1262 et
2537 1209 2640 1263 Dei
2660 1227 2807 1279 opus
2825 1211 3312 1274 invehitur.Quod
3344 1213 3393 1266 si
3418 1221 3712 1284 usurpent

2054 1311 2256 1350 vocem
2288 1297 2652 1368 Domini,qui
2686 1297 2828 1352 dicit
2860 1299 3133 1370 Philippo
3168 1317 3181 1353 :
3215 1323 3242 1349 ‹‹
3275 1301 3412 1356 Sine
3443 1307 3709 1358 mortuos

2057 1385 2309 1455 sepelire
2322 1392 2589 1441 mortuos
2605 1404 2763 1455 suos,
2788 1392 2850 1441 tu
2863 1394 3060 1441 autem
3077 1405 3324 1458 sequere
3338 1406 3433 1444 me
3459 1392 3532 1460 (ιι)
3562 1409 3575 1456 ;
3597 1412 3626 1440 ››
3649 1396 3710 1444 at

2055 1473 2204 1526 illud
2218 1474 2617 1539 considerent,
2636 1475 2794 1546 quod
2809 1476 3064 1530 similem
3080 1478 3276 1531 carnis
3290 1477 3706 1534 formationem

2054 1560 2169 1614 fert
2198 1579 2437 1632 quoque
2467 1563 2798 1634 Philippus,
2823 1581 2941 1618 non
2973 1565 3200 1619 habens
3233 1566 3478 1621 cadaver
3508 1567 3705 1637 pollu-

2056 1651 2516 1714 tum.Quomodo
2549 1668 2686 1723 ergo
2718 1669 2853 1706 cum
2885 1669 3126 1707 carnem
3159 1654 3424 1718 haberet,
3457 1672 3577 1710 non
3610 1656 3708 1710 ha-

2057 1737 2185 1792 buit
2215 1737 2510 1794 cadaver?
2547 1741 2840 1804 Quoniam
2890 1742 3147 1795 surrexit
3193 1758 3263 1795 ex
3293 1749 3703 1810 monumento,

2056 1827 2307 1882 Domino
2325 1829 2454 1899 ejus
2475 1829 2615 1883 vitia
2637 1835 2826 1883 morte
2844 1829 3308 1895 afficiente,vixit
3326 1837 3523 1885 autem
3547 1831 3708 1885 Chri-

2056 1920 2164 1970 sto.
2203 1917 2580 1972 Meminimus
2612 1923 2810 1971 autem
2846 1918 3089 1973 nefariae
3122 1935 3357 1989 quoque
3391 1936 3460 1973 ex
3490 1921 3709 1990 Carpo-

2052 2005 2230 2060 cratis
2262 2005 2559 2060 sententia
2588 2006 2909 2061 mulierum
2942 2007 3568 2064 communionis.Cum
3599 2025 3708 2063 au-

2051 2101 2171 2150 tem
2203 2095 2274 2150 de
2306 2095 2462 2150 dicto
2496 2096 2717 2152 Nicolai
2749 2097 3153 2168 loqueremur,
3188 2097 3338 2152 illud
3382 2098 3710 2168 praetermi-

2053 2184 2273 2238 simus:
2308 2184 2452 2238 Cum
2484 2183 2828 2246 formosam.
2862 2187 3048 2252 aiunt,
3080 2185 3328 2240 haberet
3358 2203 3622 2255 uxorem,
3655 2194 3714 2243 et

2054 2278 2191 2345 post
2222 2274 2546 2328 Servatoris
2576 2274 3049 2343 assumptionem
3091 2275 3142 2327 ei
3176 2275 3388 2328 fuisset
3435 2275 3506 2329 ab
3537 2293 3710 2346 apos-

2050 2362 2192 2416 tolis
2252 2361 2607 2432 exprobrata
2662 2362 2971 2431 zelotypia,
3018 2362 3079 2414 in
3141 2361 3406 2415 medium
3455 2363 3710 2419 adducta

2052 2451 2323 2513 muliere,
2360 2449 2633 2520 permisit
2674 2450 2769 2503 cui
2821 2449 2997 2502 vellet
3047 2466 3177 2502 eam
3229 2449 3474 2503 nubere.
3527 2451 3710 2505 Aiunt

2052 2539 2213 2592 enim
2244 2539 2398 2591 hanc
2416 2537 2714 2590 actionem
2745 2537 2832 2589 illi
2851 2536 2975 2590 voci
3006 2543 3560 2610 consentaneamds
3577 2557 3708 2610 quas

2052 2626 2216 2690 dicit,
2279 2625 2438 2694 quod
2487 2639 2724 2678 «carne
2786 2624 2947 2678 abuti
3008 2631 3296 2694 oporteat.
3361 2650 3382 2676 ιι
3452 2628 3708 2683 Proinde

2054 2715 2183 2784 ejus
2212 2713 2434 2767 factum
2474 2718 2532 2766 et
2573 2712 2798 2767 dictum
2839 2712 3111 2767 absolute
3157 2718 3215 2768 et
3264 2713 3710 2771 inconsiderate

1878 2828 1951 2898 (a)
1985 2828 2184 2882 Matth.
2218 2844 2333 2894 vni,
2361 2827 2467 2892 22;
2503 2828 2638 2882 Luc.
2671 2844 2746 2895 ix,
2776 2829 2862 2883 60.

2124 2943 2232 3011 (56)
2263 2940 2374 3006 Τήν
2403 2945 2654 3014 γυναῖκα.
2690 2942 2870 3014 Abest
2900 2944 2971 3000 ab
3004 2945 3215 3000 Euseb.

2121 3017 2233 3089 (57)
2295 3011 2474 3089 Γῆμαι
2535 3016 2610 3089 τῷ
2681 3011 3007 3089 βουλομένῳ
3059 3015 3344 3089 ἐπέτρεψεν
3381 3058 3394 3071 .
3455 3017 3707 3075 Ruﬁnus

2051 3086 2242 3159 vertit,
2299 3106 2348 3159 «_
2385 3085 2434 3138 si
2469 3086 2600 3155 quis
2632 3086 2812 3159 vellet
2869 3085 2997 3141 eam
3058 3085 3296 3151 habere,
3349 3090 3640 3159 permisit.
3679 3115 3700 3140 1

301 3163 480 3216 etiam
530 3159 696 3232 alias,
731 3158 1079 3232 Pythagorei
1128 3157 1276 3211 fabas
1317 3175 1435 3232 usu
1467 3157 1939 3232 interdixerunt.
1983 3165 2024 3230 ρ
2054 3156 2654 3232 Christopliorsonus,
2681 3157 2936 3232 «cuique
2955 3156 3702 3232 cupientiducendamper-

299 3234 498 3288 Flatus
531 3231 689 3285 enim
723 3229 939 3302 gignit,
979 3235 1265 3284 concoctu
1297 3229 1561 3283 difﬁcilis
1593 3233 1700 3293 est,
1736 3235 1794 3281 et
1824 3234 1948 3281 tur-

299 3305 543 3386 bulenta
591 3302 890 3356 insomnia
928 3306 1106 3386 creat.
1141 3323 1170 3386 ii
1202 3302 1347 3386 It‘eni
1381 3302 1811 3386 Geoponi‘corum
1842 3315 1941 3353 au-

299 3383 427 3432 ctor
483 3374 585 3444 lib.
647 3390 703 3440 ll,
764 3390 891 3444 cap.
953 3375 1062 3426 35:
1108 3370 1264 3444 fingi
1319 3369 1376 3425 δέ
1416 3369 1511 3444 ’καὶ
1545 3370 1672 3444 τοὺς
1701 3389 1947 3444 κατοικι-

298 3444 455 3505 δίους
515 3440 714 3517 ὄρνεις.
765 3439 1006 3517 συνεχῶς
1064 3441 1258 3504 αὐτοὺς
1306 3441 1602 3517 (κυάμους)
1640 3439 1944 3517 ἐσθιούσας,

297 3518 524 3575 ἀτόκους
550 3513 813 3587 γίνεσθαι.
851 3513 1090 3568 α’Ᾱὶιιιιῐ
1119 3523 1178 3570 et
1209 3513 1563 3570 domesticas
1595 3515 1846 3586 gallinas
1878 3530 1948 3568 ex

301 3589 538 3646 assiduo
571 3587 842 3642 fabarum
867 3603 978 3641 usu
1010 3588 1243 3642 steriles
1275 3588 1462 3642 fieri.»
1493 3589 1637 3642 Tum
1661 3591 1952 3639 memorat

300 3661 458 3732 quod
502 3659 831 3739 xuipouche
858 3657 1175 3739 Πυθαγόρα-ς
1216 3669 1346 3739 φησι
1385 3659 1698 3739 μήὶχρῆναι
1728 3654 1944 3709 ἐσθίεινο

307 3729 337 3782 (ἶ
369 3732 728 3802 Pythagoras
757 3729 935 3802 fabas
953 3729 1263 3784 comedere
1294 3729 1684 3784 interdikerit.
1716 3751 1743 3777 »

376 3799 489 3872 (51)
520 3799 804 3872 ψὶλίππῳ.
822 3800 1016 3872 Hujus
1039 3818 1257 3855 nomen
1277 3803 1531 3855 reticent
1555 3799 1945 3872 evangelista).

377 3869 489 3943 (ευρ.)
524 3872 598 3926 Σὺ
630 3869 687 3926 δὲ
717 3869 1009 3932 ἀκολούθει
1063 3891 1179 3941 μοι.
1224 3873 1358 3927 Heio
1388 3873 1683 3926 sententia
1711 3869 1951 3941 penitus

307 3962 341 4000 a
366 3946 636 4028 Matthaio
656 3945 871 4031 “abest;
908 3944 1315 4031 apudhlpcain
1346 3960 1482 4028 verp
1514 3944 1641 4031 ejus
1684 3943 1818 4031 ξορο
1853 3957 1948 4024 ex:

305 4024 463 4072 stat:
521 4017 594 4069 Σὺ
653 4013 709 4069 δὲ
761 4009 1012 4068 ἀπελθὼν
1071 4009 1360 4086 διάγγελλε
1402 4015 1501 4079 τὴν
1543 4009 1827 4086 ⁷βασιλείαν
1855 4014 1953 4064 τοῦ

307 4091 460 4141 Θεοῦ.
512 4089 622 4144 Sed
673 4094 964 4142 commate
1012 4085 1383 4156 precedente
1411 4085 1640 4140 dixerat
1689 4085 1955 4156 Christus

307 4159 596 4220 ἀκολούθει
623 4178 735 4228 μοι,
763 4159 920 4228 quod
942 4155 1089 4212 forte
1112 4158 1404 4226 Clemens,
1425 4174 1454 4212 e
1485 4156 1772 4211 memoria
1801 4155 1957 4210 Scri-

308 4238 513 4306 pturas
543 4231 822 4306 recitans,
855 4231 972 4306 h_uc
1003 4230 1324 4306 transtulit.
1520 4297 1530 4306 _
1915 4297 1924 4306 .

380 4305 489 4367 (53)
523 4303 806 4369 Ζήσαντοςι
875 4301 985 4354 Seu
1040 4300 1236 4368 potius
1288 4297 1748 4369 ζωοποιήσαντος,
1796 4319 1822 4346 ‹‹
1875 4297 1953 4350 vi-

307 4367 603 4428 viﬁcante.
625 4398 643 4420 -
673 4371 905 4442 Alioqui
932 4367 1308 4425 scribendum
1332 4376 1488 4426 esset
1507 4367 1685 4438 ἔζησε,
1707 4393 1733 4419 ‹‹
1760 4369 1957 4442 vixit._»

308 4445 626 4515 Respicere
655 4439 852 4515 autem
883 4443 1116 4515 videtur
1164 4445 1331 4515 Rom.
1389 4459 1471 4515 γι,
1514 4446 1568 4497 il
1606 4459 1617 4495 :
1673 4439 1960 4515 Aoyigeaﬂe

2058 3227 2238 3300 misit.
2279 3250 2305 3274 ››
2338 3227 2738 3300 Theodoretus
2774 3227 3201 3300 lib._ni_eret.
3234 3231 3436 3300 fabul.,
3465 3235 3553 3285 καὶ
3578 3227 3706 3287 ’ἐπι-

2055 3299 2248 3373 τρέψαι
2263 3303 2497 3373 κο-ιςιωνῆ
2507 3318 2592 3350 σαι
2605 3296 2744 3373 αὐτῇ
2758 3297 2849 3373 τὸν
2870 3296 3272 3371 βουλόμενονμ(
3296 3309 3352 3356 et
3365 3296 3705 3373 permisisse

2058 3370 2238 3440 utqui
2259 3370 2579 3424 velleteum
2596 3387 2663 3424 ea
2681 3370 2926 3426 haberet
2945 3370 3456 3428 consuetudinem.
3475 3397 3501 3423 ››
3518 3377 3706 3431 D.Au-

2059 3442 2596 3517 gustinus.ha§ir.6,«
2612 3448 2688 3517 ut
2709 3443 2808 3517 qui
2826 3443 3024 3517 vellet,
3049 3460 3118 3498 ea
3131 3449 3447 3517 uteretur.»
3459 3447 3710 3517 Epipha-

2062 3514 2412 3586 niusautem
2438 3513 2579 3566 hear.
2605 3515 2672 3566 25
2702 3514 2786 3586 ait
2805 3530 2938 3586 eum
2971 3514 3102 3568 ideo
3133 3514 3316 3569 fuisse
3348 3513 3704 3586 traductum,

2062 3584 2219 3654 quod
2273 3583 2387 3659 ἐπῆ
2421 3586 2524 3659 ’τοῦ
2569 3581 2792 3656 γυναίου
2836 3582 3324 3659 ἐγκρατευσάμενος
3356 3586 3428 3646 ὡς
3457 3587 3590 3659 κατά
3625 3581 3708 3659 μίξ

2066 3651 2138 3726 μη
2151 3675 2230 3706 σιν
2264 3651 2336 3734 ᾦν
2370 3651 2513 3734 ἐώρα
2538 3651 2652 3734 Θεῷ
2673 3651 3351 3734 προσανεχόντωνςμέχρι
3379 3657 3522 3734 τινος
3548 3651 3708 3734 έκὰρο

2059 3723 2292 3797 -ἰεὲρειρύ
2327 3723 2542 3805 μῆνἐίς
2562 3723 2727 3786 τέλος
2750 3723 3313 3800 ἤνεγκε-κρατεῖντῆξ
3344 3727 3507 3783 αὐτοῦ
3537 3723 3703 3805 ἀκρά-

2063 3797 2196 3858 σίας.
2227 3820 2254 3846 ‹‹
2289 3798 2434 3851 Cum
2465 3797 2536 3851 ab
2585 3815 2766 3853 uxore
2797 3797 2869 3852 se'
2890 3800 3282 3855 continuisset
3317 3803 3390 3855 ad
3423 3797 3706 3858 imitatio-

2063 3886 2201 3943 nem
2233 3886 2439 3943 eorum
2469 3885 2618 3938 quos
2650 3869 3054 3943 Deoiaddictos
3074 3871 3706 3943 videbat,aliquotenus

2064 3941 2357 4016 tolerabat
2385 3956 2502 3993 non
2536 3941 2825 4016 tamenin
2860 3941 3038 4016 finem
3070 3959 3191 4016 suae
3232 3941 3707 4016 intemperantia:

2068 4012 2359 4066 dominari
2395 4011 2605 4082 potuit,
2653 4011 2754 4065 sed
2798 4013 3000 4066 volens
3042 4013 3202 4066 velut
3232 4016 3396 4069 canis
3421 4011 3500 4070 ad
3533 4017 3710 4071 vomi-

2066 4091 2191 4137 tum
2224 4083 2457 4138 reverti.
2492 4088 2811 4152 praitextus
2834 4084 3118 4154 quosdam
3144 4101 3262 4140 non
3286 4087 3368 4140 ita
3398 4087 3584 4142 bonos
3613 4105 3710 4142 ve-

2067 4155 2320 4210 nabatur
2345 4155 2418 4208 ad
2446 4155 2789 4222 petulantiae
2822 4156 3253 4211 defensionem.
3289 4160 3554 4215 COLLEC‘I‘.

2298 4223 2629 4302 ξΑκόλουΘον
2686 4224 2788 4298 γὰρ
2849 4224 2983 4302 εἶναί
3040 4247 3164 4302 φασι
3217 4227 3317 4302 τὴν
3363 4232 3557 4302 πρᾶξιν
3583 4226 3712 4282 ταύ-

2067 4294 2178 4374 την³
2201 4294 2374 4368 ἐκείνῃ
2407 4298 2474 4367 τῇ
2509 4294 2711 4374 ’φωνῇξ
2741 4294 2834 4368 τῇ,
2874 4295 2967 4374 -ὅτί
2998 4294 3463 4374 παραχρῄσασθαι
3585 4320 3710 4374 σαρς

2069 4367 2122 4442 id
2154 4364 2254 4442 δεῖ.
2291 4364 2478 4437 Atque
2507 4364 2586 4442 it'a
2615 4364 2850 4442 quoque
2874 4370 3052 4424 habet
3077 4364 3385 4438 Eusebius,
3409 4364 3714 4442 nisi'quod

2071 4440 2213 4510 legit
2239 4439 2640 4510 παραχρᾶσθαι.
2666 4440 2914 4494 Ruﬁnus
2943 4458 2956 4494 :
2988 4463 3014 4492 (ί
3039 4444 3119 4496 Ex
3150 4459 3267 4512 qua
3287 4439 3596 4498 occasione
3619 4446 3712 4499 isti

311 4507 535 4575 ἑαυτοὺς
585 4511 813 4586 νεκροὺς
868 4513 963 4584 μέν
1006 4511 1139 4565 εἶναι
1169 4516 1252 4594 τῇ.
1272 4512 1530 4584 ἁμαρτίᾳ,
1561 4507 1776 4594 ἐῶντας
1797 4507 1853 4564 δέ

2071 4507 2847 4594 coiisequen'suputaverunt,
2882 4517 2947 4593 ut
2994 4507 3320 4568 secundum
3350 4515 3711 4594 lioc_factum_

310 4590 428 4656 Θεῷ
458 4585 510 4660 ἐν
546 4584 762 4660 Χριστῷ
794 4587 976 4660 Ἰησοῦ
1004 4587 1084 4660 τῷ
1116 4584 1304 4660 Κυρίῳ
1336 4586 1517 4660 ἡμων,
1554 4585 1777 4660 Colo~ss.
1814 4585 1955 4650 111,5:

312 4652 632 4729 Νεκρώσατε
689 4656 781 4711 οὗν
837 4656 903 4709 τὰ
965 4652 1108 4726 μέλη
1174 4652 1327 4726 ὑμῶν
1380 4652 1446 4710 τὰ
1500 4654 1586 4709 ἐπὶ
1634 4652 1758 4729 γῆς,
1821 4672 1959 4729 πορ-

313 4725 481 4795 νείαν,
516 4736 652 4798 etc.,
685 4730 774 4786 vel
803 4725 987 4784 alium
1029 4729 1120 4783 his
1153 4725 1410 4783 similem
1441 4730 1494 4783 S.
1525 4725 1840 4797 Scripturae
1871 4725 1960 4780 lo-

312 4819 470 4857 cum.

386 4874 500 4940 (54)
531 4872 938 4945 Διαλεχθέντες.
991 4873 1208 4945 Nempe
1257 4872 1455 4945 strain.
1499 4887 1557 4932 ιι,

314 4933 500 5000 Paris.
535 4933 836 5008 P01°rovea,
869 4959 999 5012 quae
1022 4943 1117 4996 hic
1137 4933 1220 4996 ‘de
1253 4941 1489 4996 Νίοοίαο
1512 4933 1805 5012 memorat
1835 4939 1961 4992 Cle-

307 5033 499 5082 mens,
551 5015 687 5068 κατὰ
735 5011 1135 5082 λέξινίτθοίῐίιῐ
1181 5013 1476 5082 Eusebius
1517 5013 1715 5082 Eccles.
1768 5011 1961 5082 histor.

305 5088 389 5142 lib
465 5078 546 5149 lii,
580 5104 707 5157 cap.
742 5078 850 5140 29—:
899 5085 966 5138 ⁸³0
994 5105 1054 5156 γε
1101 5085 1191 5156 μὲν
1222 5079 1614 5157 ξΑλ-εξανδρεὺς
1641 5079 1879 5157 βλῆμῃς
1910 5078 1962 5133 ἐν

302 5158 477 5231 τρίτῳ
529 5151 853 5229 Στρωματεῖ
903 5151 1072 5208 ταῦτα
1101 5151 1237 5225 ’περὶ
1281 5154 1444 5207 αὐτοῦ
1475 5154 1611 5231 κατὰ
1641 5151 1784 5231 λέξιν
1813 5151 1962 5204 ἐστο-

309 5225 393 5300 ρεῖ
450 5225 474 5280 ξι
511 5225 733 5285 ΒεἸιοο
781 5235 1003 5300 autem,
1051 5228 1264 5298 inquit,
1303 5250 1328 5274 η
1361 5227 1596 5282 Nicolao
1629 5250 1668 5300 ‹‹⁸
1692 5225 1966 5300 Clemens

312 5297 750 5358 Alexandrinus
773 5301 831 5355 in
857 5299 1029 5354 tertio
1055 5297 1344 5354 Stromate
1377 5304 1580 5354 narrat
1601 5297 1673 5353 ad
1695 5297 1966 5360 verbum,

309 5380 421 5428 etc.
441 5398 468 5422 ››
492 5373 848 5428 Eorumdem
876 5388 1116 5426 sensum
1140 5371 1543 5425 Theodoretus
1566 5371 1626 5424 in
1647 5385 1819 5424 suum
1837 5370 1964 5422 H2-

308 5452 412 5498 ret.
445 5447 620 5513 fabul.
658 5444 739 5499 lib
799 5460 877 5505 ιιι,
911 5460 960 5496 c.
990 5446 1040 5504 1,
1074 5459 1131 5512 p.
1166 5445 1291 5509 2'26,
1324 5446 1448 5510 227,
1482 5441 1803 5496 transtulit.

380 5510 490 5638 (6‘5)
519 5517 680 5571 Φασί.
715 5517 835 5571 Hoc
868 5531 940 5570 ex
988 5510 1240 5569 Eusebio
1283 5513 1565 5569 substitui
1596 5530 1701 5584 pro
1731 5510 1966 5582 vulgato

380 5603 424 5638 ίσ
451 5627 463 5638 .

311 5603 463 5662 φησμ

1591 4887 1648 4940 p.
1683 4871 1780 4922 411
1818 4867 1959 4940 edit.

597 5705 856 5764 ΡΑτιιοι..
902 5705 1014 5764 Gn.
1059 5703 1221 5763 VIII.

2067 4582 2161 4657 v_el_
2189 4581 2412 4636 dictum
2440 4580 2661 4657 Nicolai
2683 4583 3094 4657 unusquisque
3125 4602 3302 4657 carne
3333 4587 3526 4642 sua.in
3559 4587 3718 4657 quod

2071 4653 2822 4728 delectaret,abuteretur.-_
2849 4654 3264 4728 Christophors
3319 4673 3331 4710 :
3365 4680 3392 4706 «
3419 4653 3608 4728 Atque
3631 4658 3719 4713 illi

2071 4725 2248 4788 dicto,
2285 4741 2461 4778 carne
2509 4740 2724 4794 nempe
2771 4724 2933 4779 abuti
2964 4724 3258 4795 Oportere.
3289 4724 3549 4784 haeretici
3607 4731 3720 4784 hoc

2074 4797 2337 4872 ipsorum
2365 4795 2585 4872 factum
2618 4811 2941 4872 congruere
2964 4805 3328 4872 asseverant.
3364 4823 3382 4848 ι
3419 4803 3610 4872 Atque
3641 4802 3723 4857 ita

2071 4867 2424 4936 relinquunt
2443 4867 2688 4920 dubium
2703 4867 3397 4938 interpretes,cujusnam
3411 4867 3722 4927 sitdictum

2075 4938 2222 4992 illud
2251 4956 2262 4991 :
2299 4961 2324 4985 «
2361 4939 2546 4992 Carne
2577 4937 2737 4992 abuti
2762 4937 3054 5009 oportere.
3085 4962 3112 4990 »
3148 4942 3390 5009 Nicolai,
3425 4960 3502 4998 an
3534 4945 3724 4999 haere-

2077 5011 2322 5064 ticorum
2351 5027 2364 5075 ;
2399 5016 2474 5085 et-
2501 5009 2807 5085 quodnam
2857 5011 3084 5085 factum
3116 5012 3469 5085 intelligant,
3502 5016 3724 5071 Nicolai

2075 5096 2354 5157 uxorem_
2378 5079 2759 5157 pnbiicantis.
2794 5097 2867 5135 an
2927 5079 3369 5157 Nicolaitarum,
3404 5079 3502 5157 qui
3562 5105 3720 5142 com-

2074 5168 2289 5228 munes
2341 5151 2658 5228 babeban_t_
2694 5169 2929 5228 uxores.
2985 5155 3150 5209 Illius
3183 5161 3380 5211 tamen
3407 5151 3725 5228 utrumque

2076 5223 2410 5292 intelligere
2464 5239 2524 5277 se
2572 5222 2800 5278 videtur
2832 5225 3102 5292 innuere,
3137 5245 3271 5282 cum
3304 5229 3386 5283 ait
3416 5222 3726 5284 haereticos

2077 5295 2204 5364 ejus
2235 5295 2452 5348 factum
2488 5300 2546 5347 et
2575 5294 2799 5348 dictum
2832 5303 3053 5352 temere
3087 5304 3144 5353 et
3173 5300 3604 5354 inconsiderate
3635 5316 3727 5352 se-

2077 5367 2199 5436 qui.
2228 5368 2298 5419 Et
2328 5365 2486 5441 quod
2517 5369 2607 5419 est
2636 5366 2793 5435 apud
2817 5369 3152 5441 iNicephori
3202 5373 3587 5441 interpretem
3620 5369 3724 5425 lib.

2078 5455 2159 5510 ιιι,
2191 5455 2239 5492 c.
2279 5437 2712 5510 15,quicunque
2745 5439 2921 5493 vellet
2945 5437 3160 5495 ducere
3191 5457 3319 5495 eam
3345 5437 3728 5510 j’ussit.eique

2076 5509 2232 5564 faeto
2267 5525 2599 5580 congruens
2629 5509 2848 5580 adjecit
2872 5511 3116 5580 dictum,
3146 5534 3174 5561 ‹‹
3207 5510 3571 5566 abutendum
3602 5509 3730 5567 esse

2078 5597 2278 5648 carne,
2315 5602 2344 5630 ››
2367 5580 2665 5651 inquiens.
2705 5603 2732 5630 »
2764 5582 3028 5638 COLLECT.

3370 5698 3450 5757 36
