4034 6148
324 274 466 333 1133

1647 276 2098 333 ΒΤΒΟΜΔΊὋΜ
2134 278 2268 331 LIB.
2310 279 2408 335 Ill.

3595 284 3737 340 1134

321 399 486 456 θόντα
514 400 698 477 φάναι·
730 396 1056 474 Γέγραπται,
1085 422 1113 452 ιι
1145 399 1314 455 Παντὶ
1359 402 1440 473 τῷ
1469 397 1712 456 αἰτοῦντί
1770 420 1829 455 σε
1892 396 1974 454 δί-

2089 405 2576 477 conjunctionem
2596 407 2779 480 impie
2801 411 3731 467 vocaveruntacommunionema

322 487 439 544 δου·
473 514 494 543 ι
538 489 636 557 τὴν
670 484 730 543 δὲ
786 491 999 558 σεμνῶς
1057 487 1198 542 πάνυ
1255 488 1668 557 ἀποκρίνασθαι,
1717 490 1792 560 μὴ
1852 508 1974 542 συν-

324 575 492 633 ιεῖσαν
524 577 624 646 τήν
654 576 981 652 τάνθρώπου
1038 574 1343 653 ἀσέλγειαν·
1377 577 1558 633 ’Δλλὰ
1610 577 1735 654 περὶ
1790 575 1976 652 γάμου

317 672 388 743 τῇ
423 669 589 742 μητρὶ
625 665 904 743 διαλέγου.
933 670 1002 721 Ὦ
1046 674 1148 735 τῆς
1204 665 1500 739 ἀθεότητος
1536 668 1663 725 ικαὶ
1713 671 1822 723 τῶν
1879 670 1977 723 τοῦ

321 759 527 831 Κυρίου
569 760 762 834 φωνῶν
823 752 1204 829 διαψεύδονται
1260 756 1311 810 οἱ
1364 762 1466 826 τῆς
1526 755 1806 832 ἀσελγείας
1853 776 1976 811 κοι-

319 844 513 917 νωνοὶ,
545 846 598 901 οἱ
627 852 727 915 τῆς
771 843 1023 920 λαγνείας
1075 842 1329 922 ἀδελφοὶ,
1387 841 1595 907 ὄνειδος
1652 844 1716 900 οὐ
1747 842 1978 922 φιλοσο-

321 936 445 1012 φίας
478 933 668 1009 μόνον,
726 932 872 990 ἀλλὰ
918 934 1007 989 καὶ
1067 940 1265 996 παντὸς
1291 937 1390 989 τοῦ
1425 933 1568 1010 βίου·
1618 935 1672 989 οἱ
1721 952 1975 1009 παραχα-

321 1026 609 1103 ράσσοντες
662 1025 761 1093 τήν
829 1022 1110 1095 ἀλήθειαν,
1170 1020 1382 1096 μᾶλλον
1460 1020 1519 1079 δέ
1573 1022 1977 1079 κατασκάπτον-

318 1137 429 1183 τες,
458 1115 535 1176 ὡς
567 1114 682 1169 οἷόν
712 1134 773 1168 τε
801 1111 1006 1174 αὐτοῖς·
1041 1110 1095 1167 el
1147 1132 1209 1189 γι
1261 1110 1570 1188 τρισάθλιοι
1621 1118 1730 1183 (72)
1787 1114 1888 1184 τήν
1917 1132 1979 1168 τε

320 1203 578 1280 σαρκίνην
637 1201 772 1257 κατὰ
852 1202 953 1270 τήν
1005 1203 1450 1272 συνουσιαπικήν
1518 1200 1802 1257 κοινωνίαν
1865 1203 1974 1274 (73)

319 1294 726 1370 ἱεροφαντοῦσι,
784 1289 875 1346 καὶ
921 1288 1124 1360 ταύτην
1171 1287 1375 1344 οίόνται
1433 1288 1508 1353 είς
1557 1290 1659 1359 τήν
1694 1288 1977 1364 βασιλείαν

316 1381 522 1445 αὐτοὺς
583 1381 798 1455 ἀνάγειν
856 1384 954 1435 τοῦ
1003 1383 1138 1435 Θεοῦ
1196 1381 1338 1451 (74).
1399 1378 1493 1443 Εἷς
1571 1380 1641 1435 τὰ
1702 1397 1980 1454 χαμαιτυ-

314 1474 445 1526 πεῖα
478 1470 573 1544 μὲν
606 1467 698 1524 οὖν
733 1470 768 1539 ἡ
799 1465 984 1523 τοιάδε
1007 1467 1212 1543 εἰσάγει
1236 1466 1514 1523 κοινωνία·
1572 1467 1664 1523 καὶ
1706 1465 1775 1537 δὴ
1837 1488 1978 1540 συμ-

325 1558 553 1633 μέτοχοι
604 1559 704 1614 εἶεν
753 1557 939 1620 αὐτοῖς
995 1558 1048 1611 οἱ
1079 1557 1200 1619 σύες
1248 1557 1335 1612 καὶ
1370 1558 1423 1612 οἱ
1452 1558 1668 1632 τράγοι·
1703 1558 1805 1612 εἷεν
1840 1554 1886 1611 δ’
1914 1553 1974 1611 ἃν

323 1647 375 1704 ἐν
406 1653 528 1710 ταῖς
564 1648 773 1721 μείζοσι
821 1647 947 1722 παρ’
1004 1645 1190 1709 αὐτοῖς
1250 1643 1463 1701 ἐλπίσιν
1522 1645 1578 1700 αἱ
1634 1649 1976 1723 προεστῶσαι

2088 493 2304 549 Dicunt
2324 495 2526 567 itaque
2540 513 2607 551 ex
2622 496 2695 551 iis
2709 496 3049 568 quemdam,
3071 514 3205 553 cum
3237 499 3312 553 ad
3342 505 3607 556 nostram
3629 500 3739 555 vir-

2087 584 2286 652 ginem
2317 585 2483 640 vultu
2510 585 2813 641 formosan
2836 586 3208 654 accessisset,
3240 587 3459 643 dixisse
3494 605 3507 643 :
3542 589 3740 661 Scrip-

2088 677 2215 728 tum
2245 679 2335 728 est
2366 690 2381 728 :
2413 696 2441 723 «
2476 676 2560 730 Da
2588 674 2749 730 omni
2784 680 2838 729 te
2867 674 3092 745 petenti
3121 674 3199 746 (a)
3234 691 3247 728 :
3286 697 3307 723 ι
3343 675 3508 731 illam
3539 683 3740 734 autem

2087 761 2338 817 honeste
2368 762 2688 819 admodum
2719 763 3122 834 respondisse,
3152 768 3220 818 ut
3249 780 3381 835 quas
3412 781 3534 820 non
3558 765 3737 820 intel-

2087 850 2296 923 ligeret
2322 851 2585 907 hominis
2606 851 2997 924 petulantiam
3022 868 3035 906 :
3060 854 3136 907 At
3149 857 3214 907 tu
3230 858 3483 908 matrem
3510 861 3575 926 ›ι‹
3595 870 3740 909 con-

2085 940 2219 995 veni
2252 940 2324 995 de
2373 941 2780 997 matrimonio.
2814 942 2857 997 Ο
2896 941 3301 1013 impietatem!
3358 942 3537 997 etiam
3568 959 3738 998 voces

2087 1030 2325 1085 Domini
2357 1030 2877 1086 ementiunturisti
2908 1030 3385 1103 intemperantia:
3407 1032 3738 1087 communi-

2087 1124 2338 1188 catores,
2369 1119 2699 1191 fratresque
2732 1119 3020 1187 libidinis,
3051 1136 3173 1174 non
3214 1120 3407 1175 solum
3456 1120 3739 1191 probrum

2087 1208 2616 1280 philosophiae.sed
2644 1209 2823 1265 etiam
2853 1208 3035 1265 totius
3066 1209 3196 1264 vitm
3220 1226 3233 1277 ;
3268 1209 3370 1280 qui
3400 1208 3734 1278 veritatem,

2088 1305 2376 1368 quantum
2408 1299 2470 1353 in
2498 1299 2585 1355 eis
2616 1300 2798 1354 situm
2830 1304 2937 1365 est,
2971 1298 3312 1354 adulterant
3348 1315 3416 1354 ac
3463 1316 3739 1354 corrum-

2087 1396 2260 1459 punt,
2285 1388 2376 1442 vel
2406 1388 2603 1460 potius
2652 1387 3001 1455 defodiunt;
3036 1387 3312 1442 homines
3341 1386 3743 1443 infelicissimi

2087 1476 2390 1534 carnalem
2421 1476 2773 1533 concubitus
2790 1476 3276 1531 communionem
3306 1481 3746 1544 consecrant,et

2088 1565 2242 1621 hanc
2288 1566 2450 1638 ipsos
2501 1570 2716 1637 putant
2742 1565 2817 1621 ad
2866 1581 3113 1637 regnum
3146 1564 3248 1620 Dei
3280 1563 3626 1636 perducere.
3654 1564 3742 1620 Ad

2086 1652 2400 1725 lupanaria
2428 1670 2567 1727 ergo
2584 1652 2828 1709 deducit
2851 1653 2976 1709 haec
3007 1652 3369 1721 communio,
3403 1657 3462 1708 et
3489 1669 3624 1708 cum
3656 1653 3743 1709 eis

322 1741 420 1792 τοῦ
448 1737 636 1811 τέγους
684 1735 902 1811 πόρναι,
957 1731 1182 1805 ἀναίδην
1243 1731 1622 1810 εἰσδεχόμεναι
1674 1737 1786 1809 (75)
1842 1732 1974 1797 τοὺς

2090 1743 2662 1801 communicaverint
2704 1759 2840 1797 sues
2871 1748 2930 1798 et
2958 1742 3132 1806 hirci,
3161 1742 3537 1812 maximaque
3584 1741 3742 1813 apud

330 1824 702 1904 βουλομένους
732 1823 990 1887 ἅπαντας.
1029 1847 1050 1873 ι
1081 1826 1260 1896 Ὑμεῖς
1291 1819 1349 1876 δὲ
1387 1821 1495 1897 οὐχ
1551 1821 1727 1885 οὕτως
1756 1821 1980 1896 ἐμάθετε

325 1914 419 1970 τὸν
479 1913 729 1990 Χριστὸν,
783 1908 837 1967 εἷ’
884 1932 946 1988 γε
1001 1910 1160 1966 αὐτὸν
1230 1910 1520 1981 ἠκούσατε,
1576 1911 1665 1967 καὶ
1722 1910 1773 1966 ἐν
1832 1910 1980 1984 αὐτῷ

326 2000 688 2078 ἐδιδάχθητε,
749 2001 930 2066 καθώς
997 2000 1138 2055 ἐστιν
1194 1997 1430 2071 ἀλήθεια
1485 1999 1536 2055 ἐν
1597 2005 1821 2073 Χριστῷ
1877 2002 1980 2071 Ἰη-

325 2095 421 2146 σοῦ
450 2095 586 2162 (76),
614 2085 907 2152 ἀποθέσθαι
944 2088 1085 2161 ὑμᾶς
1138 2087 1206 2143 τὰ
1265 2090 1379 2162 (77)
1407 2089 1544 2143 κατά
1571 2088 1670 2158 τὴν
1709 2087 1977 2163 προτέραν

320 2179 683 2255 ἀναστροφήν,
742 2178 832 2232 τὸν
874 2174 1107 2232 παλαιὸν
1168 2174 1473 2253 ἄνθρωπον,
1530 2177 1623 2232 τὸν
1681 2175 1976 2255 φθειρόμε-

319 2292 411 2326 νον
442 2271 579 2326 κατὰ
604 2269 701 2332 τὰς
747 2267 1036 2342 ἐπιθυμίας
1092 2270 1191 2336 τῆς
1232 2267 1465 2339 ἀπάτης·
1517 2269 1864 2324 ἀνανεοῦσθαι
1921 2266 1979 2324 8t

319 2365 399 2432 τῷ
458 2360 724 2434 πνεύματι
779 2361 877 2413 τοῦ
931 2358 1056 2421 νοὸς
1104 2358 1256 2430 ὑμῶν
1288 2400 1302 2426 ,
1359 2357 1449 2412 καὶ
1509 2355 1828 2421 ἐνδύσασθαι
1882 2357 1976 2413 τὸν

318 2450 504 2506 καινὸν
565 2448 872 2523 ἄνθρωπον,
920 2449 1013 2503 τὸν
1070 2447 1208 2503 κατᾶ
1258 2446 1388 2502 Θεὸν
1445 2447 1726 2503 κτισθέντα
1783 2445 1835 2501 ἐν
1894 2443 1974 2500 δι-

317 2538 582 2612 καιοσύνῃ
611 2537 700 2592 καὶ
729 2536 973 2608 ὁσιότητι
1021 2543 1121 2607 τῆς
1170 2535 1452 2606 ἀληθείας,
1489 2561 1510 2587 ι
1559 2536 1697 2590 κατᾶ
1723 2536 1824 2602 τήν
1855 2532 1973 2606 ἐξο-

325 2628 557 2704 μοίωσιν
581 2631 678 2681 τοῦ
710 2625 867 2682 Θείου
899 2627 1030 2699 (78).
1094 2649 1121 2677 ‹‹
1178 2625 1391 2679 Γίνεσθε
1447 2623 1539 2678 οὖν
1588 2622 1826 2696 μιμηταὶ
1878 2627 1976 2676 τοῦ

323 2722 477 2784 Θεοῦ,
537 2717 612 2778 ὡς
661 2716 822 2769 τὲκνα
878 2713 1153 2788 ἀγαπητὰ,
1211 2712 1300 2767 καὶ
1351 2717 1697 2787 περιπατεῖτε
1740 2711 1792 2766 ἐν
1844 2710 1974 2786 ἀγά,

321 2827 422 2881 πῃ,
454 2806 634 2868 καθὼς
663 2803 752 2858 καὶ
785 2804 813 2857 ὁ
863 2801 1095 2876 Χριστὸς
1150 2800 1431 2873 ἠγάπησεν
1493 2801 1634 2872 ὑμᾶς
1695 2803 1826 2871 (79),
1884 2799 1975 2853 καὶ

319 2891 630 2968 παρέδωκεν
671 2891 857 2946 ἑαυτὸν
893 2890 1026 2963 ὑπὲρ
1055 2891 1215 2960 ἡμῶν
1268 2888 1585 2963 προσφοράν
1643 2887 1730 2942 καὶ
1790 2886 1971 2943 θυσίαν

317 2987 397 3054 τῷ
426 2987 541 3053 Θεῷ
590 2981 666 3045 εἷς
708 2979 883 3052 ὀσμήν
941 2975 1197 3039 εὐωδίας.
1265 2976 1496 3047 Πορνεία
1551 2973 1632 3042 δὲ,
1685 2976 1775 3031 καὶ
1830 2982 1974 3032 πᾶσα

318 3070 701 3146 ἀκαθαρσία,ἢ
734 3067 1038 3139 πλεονεξία,
1096 3063 1238 3140 μηδέ
1291 3065 1645 3138 ὀνομαζέσθω
1703 3065 1755 3121 ἐν
1820 3067 1970 3139 ὑμῖν,

318 3160 495 3222 καθὼς
523 3162 715 3236 πρέπει
776 3156 973 3233 ἁγίοις,
1032 3156 1122 3211 καὶ
1170 3150 1497 3231 αἰσχρότης,
1556 3154 1646 3210 καὶ
1716 3155 1970 3230 μωρολο-

319 3249 433 3325 γία·
488 3272 518 3302 ››
574 3247 664 3303 καὶ
719 3247 822 3322 γὰρ
872 3246 978 3301 ἀπὸ
1028 3251 1129 3315 τῆς
1198 3251 1386 3323 φωνῆς
1444 3244 1679 3320 ἁγνεύειν
1741 3245 1969 3319 μελετᾷν

320 3337 587 3396 διδάσκων
622 3339 650 3393 ὁ
682 3333 1040 3405 Ἀπόστολος,
1071 3336 1287 3412 γράφει·
1345 3336 1519 3391 Τοῦτο
1568 3333 1669 3411 γὰρ
1708 3332 1827 3390 ’ίστε
1885 3355 1976 3410 γι-

317 3432 620 3489 νώσκοντες
651 3430 785 3500 (80),
813 3424 897 3481 ὅτι
952 3430 1055 3487 πᾶς
1111 3424 1334 3500 πόρνος,
1369 3447 1397 3475 »
1428 3423 1517 3479 καὶ
1567 3424 1637 3479 τὰ
1675 3424 1820 3495 ἐξῆς,
1846 3420 1971 3492 ἓως,

321 3545 349 3571 ι(
384 3515 614 3576 Μᾶλλον
648 3513 705 3571 δὶ
733 3514 821 3570 καὶ
883 3513 1159 3589 ἐλέγχετε.
1212 3537 1241 3565 ››
1302 3510 1500 3590 Ἐῥρόη
1555 3510 1613 3568 δὲ
1672 3512 1855 3575 αὐτοῖς
1910 3512 1972 3568 τὸ

318 3605 501 3681 δόγμα
524 3599 585 3660 ἕκ
611 3625 759 3666 τινος
791 3601 1131 3680 ἀποκρύφου·
1168 3601 1262 3657 καὶ
1312 3599 1379 3670 δὴ
1428 3604 1817 3676 παραθήσομαι
1869 3602 1969 3671 τήν

320 3695 464 3767 λέξιν
513 3695 613 3765 τὴν
671 3700 773 3763 τῆς
831 3691 1040 3747 τούτων
1098 3690 1388 3767 ἀσελγείας
1422 3692 1655 3766 μητέρα·
1715 3692 1805 3746 καὶ
1865 3687 1972 3745 ε’ίτε

317 3784 473 3839 αὐτοὶ
503 3786 602 3849 τῆς
663 3776 858 3859 βίϐλου
916 3784 1264 3858 συγγραφεῖς,
1296 3778 1395 3853 δρα
1448 3781 1548 3847 τήν
1576 3779 1861 3848 ἀπόνοιαν,
1921 3778 1971 3833 εἲ

317 3872 406 3929 καὶ
431 3878 565 3929 Θεοῦ
596 3868 975 3945 διαψεῦδονται
1036 3867 1104 3924 δι’
1152 3867 1434 3943 ἀκρασίαν·
1469 3866 1573 3923 ε’ίτε
1629 3866 1825 3930 ἄλλοις
1855 3871 1969 3941 (81)

316 3962 726 4039 περιτυχόντες,
786 3959 848 4016 τὸ
895 3958 1064 4015 καλὸν
1119 3961 1282 4014 τοῦτο
1339 3955 1594 4026 ἐνόσησαν
1629 3954 1805 4034 δόγμα
1834 3962 1967 4032 (82),

322 4049 761 4128 διεστραμμένως
816 4048 1137 4119 ἀκηκοότες.
1198 4048 1358 4103 "Eth
1416 4043 1474 4101 δὲ
1540 4049 1653 4116 (83)
1705 4045 1848 4103 οὕτω
1903 4048 1971 4103 τὰ

316 4145 417 4207 τῆς
449 4139 666 4212 λέξεως·
702 4164 731 4191 ι(
760 4140 855 4196 Ἑν
896 4137 963 4207 ἦν
1012 4137 1080 4191 τὰ
1132 4137 1327 4191 πάντα·
1375 4134 1491 4191 ἐπεὶ
1552 4132 1610 4190 δὲ
1638 4133 1813 4209 ἔδοξεν
1871 4138 1966 4194 αὖ·

315 4233 511 4304 τοῦτῇ
560 4228 775 4297 ἐνότητι
832 4229 906 4300 μή
966 4227 1099 4282 εἶναι
1161 4223 1319 4299 μόνῃ,
1376 4222 1599 4294 ἐξῆλθεν
1654 4223 1747 4279 ἀπ’
1803 4224 1969 4282 αὐτοῦ

390 4355 454 4419 ἰα
482 4357 546 4409 Ρ.
578 4354 682 4407 524-
710 4354 822 4406 ΕΙ).
855 4352 1150 4413 POTTER,
1180 4350 1420 4403 437-438
1447 4349 1559 4405 ΕΙ).
1592 4351 1821 4406 PARIS.

322 4430 395 4499 (ο)
427 4427 645 4497 Ephes.
678 4441 734 4494 γ,
767 4425 879 4480 1-4.
958 4424 1035 4493 (d)
1069 4420 1219 4476 lbid.
1252 4424 1406 4475 5-11.

1986 4351 2066 4426 (a)
2094 4355 2294 4410 Matth.
2327 4372 2383 4425 ν,
2415 4357 2524 4422 42;
2558 4356 2695 4410 Luc.
2724 4373 2798 4425 v1,
2831 4356 2919 4410 30.

2090 1830 2226 1887 illos
2255 1831 2318 1886 in
2349 1848 2452 1903 spe
2478 1830 2702 1886 fuerint
2750 1831 3116 1899 meretrices,
3142 1847 3272 1901 qua)
3303 1830 3366 1885 in
3397 1828 3740 1901 prostibulis

2090 1926 2304 1991 praasto
2345 1926 2506 1982 sunt,
2535 1926 2594 1975 et
2622 1919 2890 1975 volentes
2939 1935 3148 1974 omnes
3187 1919 3531 1975 admittunt.
3570 1939 3597 1973 ι
3632 1920 3741 1974 Vos

2087 2014 2286 2065 autem
2316 2025 2437 2064 non
2462 2008 2547 2063 sic
2577 2008 2875 2064 Christum
2907 2006 3521 2079 didicistis,siquidem
3543 1994 3741 2078 ipsum

2087 2097 2363 2167 audistis,
2389 2102 2448 2152 et
2499 2097 2561 2152 in
2593 2115 2662 2152 eo
2696 2098 2853 2154 docti
2901 2099 3067 2162 estis,
3116 2096 3619 2168 quemadmodum
3651 2101 3745 2152 est

2085 2188 2300 2243 veritas
2353 2186 2505 2242 188
2550 2187 2614 2242 in
2660 2187 2891 2241 Christo
2934 2187 3091 2252 Jesu,
3139 2191 3205 2240 ut
3250 2186 3560 2257 deponatis
3609 2201 3740 2256 quas

2087 2282 2229 2334 sunt
2253 2275 2583 2332 secundum
2627 2281 2887 2331 veterem
2918 2274 3451 2339 conversationem,
3484 2278 3742 2329 veterem

2085 2365 2415 2430 hominem,
2457 2364 2559 2434 qui
2607 2363 3011 2434 corrumpitur
3057 2362 3385 2418 secundum
3442 2360 3745 2416 desideria

2086 2455 2476 2527 deceptionis.
2508 2452 2895 2509 Renovamini
2925 2457 3124 2507 autem
3152 2451 3363 2522 spiritu
3393 2450 3613 2505 mentis
3642 2466 3740 2504 ve-

2086 2550 2243 2611 stras,
2272 2549 2332 2597 et
2360 2541 2623 2597 induatis
2646 2557 2864 2596 novum
2892 2540 3220 2606 hominem,
3255 2540 3356 2610 qui
3387 2544 3621 2593 creatus
3648 2543 3740 2593 est

2084 2631 2604 2687 secundumDeum
2620 2629 2926 2700 injustitia
2939 2634 2996 2684 et
3010 2628 3323 2684 sanctitate
3335 2626 3740 2699 veritatis(b),»

2083 2718 2159 2774 ad
2180 2719 2281 2773 Dei
2304 2717 2814 2773 similitudinemJ
2837 2717 3154 2772 Efﬁcimini
3174 2732 3308 2789 ergo
3342 2717 3443 2772 Dei
3476 2715 3739 2771 imitato-

2081 2824 2199 2873 res,
2230 2812 2297 2862 ut
2328 2807 2436 2861 ﬁlii
2468 2807 2758 2874 dilecti,et
2786 2807 3086 2862 ambulate
3117 2807 3178 2861 in
3210 2806 3549 2874 dilectione,
3583 2805 3738 2860 sicut

2081 2897 2350 2951 Christus
2374 2913 2610 2968 quoque
2634 2896 2841 2951 dilexit
2862 2901 3060 2961 nos,et
3080 2894 3325 2951 tradidit
3347 2895 3607 2966 seipsum
3629 2910 3734 2966 pro

2082 2985 2255 3041 nobis
2268 2985 2631 3041 oblationem
2654 2992 2713 3041 et
2728 2987 2977 3041 hostiam
2992 2987 3111 3040 Deo
3134 2986 3195 3038 in
3217 2985 3460 3040 odorem
3484 2984 3738 3039 suavita-

2003 3116 2046 3181 Ο
2085 3074 2182 3129 tis.
2232 3074 2566 3130 Fornicatio
2616 3081 2837 3137 autem,
2871 3081 2929 3129 et
2968 3074 3163 3129 omnis
3212 3073 3615 3139 immunditia,
3646 3071 3741 3127 vel

2084 3162 2431 3228 avaritia,ne
2453 3163 2799 3218 nominetur
2828 3162 3069 3233 quidem
3101 3163 3163 3217 in
3191 3162 3541 3225 vobis,sicut
3569 3161 3743 3217 decet

2087 3256 2413 3320 sanctos,et
2443 3252 2770 3324 turpitudo.
2803 3257 2863 3307 et
2892 3250 3331 3322 stultiloquium
3362 3252 3484 3322 (ο).-
3504 3250 3740 3305 Etenim

2083 3341 2306 3396 docens
2327 3341 2646 3413 Apostolus
2675 3340 2954 3396 meditari
2966 3339 3057 3395 vel
3072 3340 3348 3411 ipsavoce
3369 3355 3497 3395 esse
3519 3344 3737 3402 castos,

2086 3430 2345 3484 scribit:«
2381 3430 2500 3485 Hoc
2522 3430 2681 3485 enim
2711 3428 3107 3500 scitote,quod
3133 3427 3328 3485 omnis
3355 3426 3736 3494 fornicator,»

2085 3523 2143 3573 et
2163 3524 2592 3590 caetera,usque
2610 3519 2684 3574 ad
2705 3518 2854 3574 illud
2879 3535 2928 3572 :«
2952 3517 3131 3590 Magis
3152 3521 3351 3573 autem
3365 3514 3735 3587 arguite(d).»

2084 3607 2325 3662 Efﬂuxit
2370 3613 2570 3663 autem
2621 3608 2706 3662 eis
2755 3608 2972 3680 dogma
3002 3623 3073 3662 ex
3102 3604 3359 3677 quodam
3393 3603 3731 3675 apocrypha

2084 3696 2255 3751 libro.
2290 3698 2481 3767 Atque
2512 3696 2658 3751 adeo
2707 3697 2951 3751 afferam
3001 3695 3348 3762 dictionem,
3380 3709 3512 3764 qua)
3540 3697 3732 3747 mater

2083 3802 2289 3840 eorum
2337 3784 2814 3857 intemperantia:
2863 3792 2923 3841 et
2969 3785 3130 3857 origo
3176 3789 3307 3839 est:
3342 3788 3400 3837 et
3452 3783 3571 3837 sive
3616 3780 3730 3853 ipsi

2081 3874 2261 3946 hujus
2291 3873 2429 3928 libri
2453 3875 2770 3947 scriptores
2788 3890 2850 3929 se
2871 3874 3270 3935 fateantur,en
3301 3888 3506 3927 eorum
3536 3886 3736 3926 vecor-

2081 3962 2410 4019 diam.licet
2452 3964 2569 4017 Deo
2619 3979 2755 4018 eum
2797 3962 2947 4018 falso
2994 3960 3294 4017 ascribant
3338 3957 3605 4013 libidinis
3634 3956 3733 4011 iu-

2079 4052 2475 4124 temperantia
2503 4052 2664 4107 ducti
2697 4069 2709 4106 :
2740 4035 2859 4108 sive
2890 4051 2961 4107 ab
2993 4051 3148 4120 aliis,
3189 4066 3291 4105 eos
3320 4063 3594 4120 perverse
3626 4062 3732 4100 au—

2079 4140 2331 4207 dientes,
2388 4140 2501 4196 hoc
2558 4142 2914 4213 praeclarum
2970 4140 3183 4213 dogma
3240 4135 3599 4209 acceperint,
3649 4134 3736 4189 sic

2080 4247 2254 4302 porro
2288 4247 2350 4286 se
2383 4231 2608 4287 habent
2632 4233 2762 4304 ejus
2792 4230 2971 4286 verba
3004 4247 3053 4284 :«
3073 4230 3268 4285 Unum
3299 4231 3470 4283 erant
3498 4225 3733 4280 omnia:

3086 4354 3161 4426 (b)
3192 4352 3405 4424 Ephes.
3435 4366 3511 4419 ιν,
3543 4349 3735 4404 20·24.

396 4543 507 4613 (72)
538 4536 606 4596 O'l
631 4557 691 4611 γε
743 4535 954 4611 τρισάθ.
1014 4537 1176 4592 Hanc
1229 4537 1590 4609 pericopem.
1651 4554 1841 4663 uscgie
1900 4538 1974 4595 ad

396 4630 451 4663 ac
481 4611 660 4663 verba
687 4609 786 4663 Βου
829 4606 1058 4663 οιιένους
1088 4609 1343 4663 ἅπαντας.
1403 4609 1671 4663 recitavit
1706 4611 1746 4663 T
1794 4609 1974 4663 eodo-

2088 4541 2261 4596 verba
2291 4540 2766 4597 accommodaret
2793 4541 2867 4597 ad
2887 4557 2959 4597 ea
2977 4557 3109 4611 quas
3133 4538 3205 4596 de
3231 4537 3430 4594 divina
3450 4533 3737 4591 similitu-

2088 4612 2226 4663 dine
2258 4612 2437 4663 naulo
2470 4613 2743 4663 sunerius
2782 4613 3030 4663 dixerat.

324 4606 451 4670 huic
481 4606 660 4666 verba
687 4606 787 4683 βου
829 4606 1058 4683 ομένους
1088 4606 1343 4674 ἅπαντας,
1403 4606 1682 4683 recitavit
1706 4606 1975 4683 Theodo-

321 4680 921 4756 retusﬂizret’.__fabul.
957 4681 1058 4736 lib.
1092 4698 1131 4748 ι,
1159 4696 1289 4752 cap.
1321 4682 1375 4736 6.
1408 4682 1590 4735 Porro
1638 4680 1689 4734 oi
1741 4680 1843 4756 γάρ
1870 4699 1975 4753 pro

324 4754 378 4811 ο’ί
406 4774 467 4826 γε
494 4754 678 4826 habet
702 4754 825 4808 ille.

398 4819 510 4899 (⁵73)
550 4823 707 4899 ῨΤήν-
767 4843 826 4899 τε
887 4819 1160 4899 σαρκίνην-
1200 4821 1373 4899 κατὰ-
1407 4822 1509 4890 τὴν
1599 4842 1973 4899 συνουσιαστιτ

324 4892 428 4967 κήν
460 4892 514 4951 κ’.
548 4892 712 4951 Haud
744 4894 864 4969 scio
914 4892 990 4950 ait
1028 4895 1261 4969 verius,
1307 4894 1524 4969 'nﬁv‘ts
1574 4892 1829 4969 σαρκίνην
1884 4894 1976 4969 καὶ

323 4966 425 5040 τήν
458 4967 904 5040 συνουσιαπικήν
935 4986 988 5020 κ.
1008 4966 1295 5040 βηθιξιιο.
1327 4997 1396 5005 -
1421 4967 1599 5040 Recte
1620 4966 1651 5020 τ’
1684 4966 1769 5022 sic
1804 4967 1977 5040 enim

326 5036 486 5100 hunc
519 5041 717 5095 locum
740 5038 980 5094 exhibet
1006 5037 1433 5104 Theodoretus,
1461 5037 1561 5105 τήν
1594 5038 1857 5111 σαρκικὴν
1887 5036 1979 5093 καὶ

324 5116 425 5170 τήν
457 5130 672 5167 συνουσ.
697 5130 749 5165 κ.

383 5150 833 5253 ⁸(
876 5181 983 5232 Τοῦ
1007 5181 1249 5253 ,Χριστοῦ
1270 5180 1618 5236 Theodoret.

543 5250 974 5340 ξιξῗιιδεχὸὁιςιιεναι.ἱ
1006 5246 1435 5340 ’ἐκδεχόμεναιὲ
1467 5251 1816 5340 Theodoret.

401 5323 509 5395 (76)
543 5323 764 5397 Χριστῷ
798 5324 998 5390 Ἰησοτλ
1159 5323 1358 5397 tritanii,
1395 5323 1608 5396 Ephes.

402 5394 515 5469 (77)
546 5394 648 5456 Τά.
680 5398 863 5469 Abest
891 5394 1130 5469 a_vulg._,
1159 5396 1372 5465 Ephes.

403 5462 517 5539 (78l
574 5469 719 5524 Κατᾶ
772 5467 874 5534 τήν
932 5462 1257 5539 ἐξομοίωσὶν
1313 5468 1415 5539 τοῖό
1471 5462 1651 5539 Θείου.
1711 5466 1980 5539 Comma.

334 5537 459 5595 tion
490 5541 638 5598 illud
667 5539 837 5597 abest
865 5555 900 5595 a
928 5538 1080 5610 vulg.
1117 5538 1264 5593 Bibl.
1314 5538 1554 5665 Eghes”
1613 5537 1808 5608 inquit
1850 5538 1980 5610 Syl-

334 5612 498 5665 burg.
522 5612 624 5665 Est
646 5618 846 5665 autem
870 5627 906 5665 a
930 5609 1232 5665 Clemente
1276 5609 1351 5665 ad
1394 5609 1564 5665 itum.
1622 5614 1690 5663 ut
1714 5609 1980 5665 Anostoli

328 5612 498 5685 burg.
522 5612 624 5668 Est
646 5618 846 5669 autem
870 5627 906 5667 a
930 5609 1232 5666 Clemente
1276 5609 1564 5678 additum,
1622 5614 1690 5663 ut
1714 5609 1983 5683 Apostoli

2088 4612 2226 4668 dine
2258 4612 2437 4684 paulo
2470 4613 2743 4684 superius
2782 4613 3030 4669 dixerat.

2160 4685 2275 4823 (79)
2304 4683 2491 4753 Ὑμᾶς·
2525 4683 2584 4738 Ἰ]
2598 4687 2723 4755 μᾶς,
2749 4684 2962 4755 Ephes.

2183 4757 2273 4823 80)
2304 4755 2445 4808 Ἵστε
2471 4754 2884 4823 γινώσκ.“Ἐστέ
2909 4775 2962 4823 γι

2183 4752 2273 4829 80)
2297 4752 2445 4829 flare
2471 4752 2884 4829 ytvcbcx."’E&tE
2909 4752 3378 4829 γινῴσκηΕρΙξθξ.

2086 4897 2120 4952 S
2159 4818 2267 4896 (81)
2297 4818 2549 4889 Ἀλλοίς.
2584 4829 2754 4883 Forte
2786 4818 3233 4883 convenientius
3262 4820 3471 4892 ἄλλως,
3499 4818 3741 4878 adverb.

2127 4913 2359 4952 YLBURG.

2127 4913 2359 4953 YLBURG.

2159 4970 2269 5039 (82)
2298 4971 2472 5023 Τοῦτο
2522 4965 2782 5035 ἐνόσησαν
2844 4964 3042 5041 δόγμα.
3103 4967 3284 5041 Sribit
3339 4966 3528 5041 possit
3582 4961 3741 5041 ἐνόητ

2087 5035 2206 5101 σαν.
2242 5035 2270 5090 ἁ
2301 5041 2732 5112 excogitarunt.
2805 5063 2826 5089 ιι
2888 5035 3161 5106 Quamvis
3205 5035 3383 5091 νοσεῖν
3437 5038 3615 5092 etiam
3665 5035 3742 5112 ad

2089 5112 2357 5166 animum
2393 5106 2711 5182 transferri,
2758 5112 2927 5168 solet.
2988 5112 3134 5167 Hinc
3165 5112 3622 5182 Chrysostomus
3680 5106 3745 5160 in

2089 5185 2273 5238 ICor.
2306 5200 2413 5237 xv:
2447 5183 2630 5253 Ἀξιον
2694 5179 2751 5236 δὲ
2803 5185 3046 5248 ἀκοῦσαι,
3094 5182 3147 5236 τί
3209 5178 3438 5243 ἐνταῦθα
3493 5178 3740 5253 λέγουσιν

2090 5253 2143 5307 οἱ
2166 5253 2234 5309 τὰ
2261 5246 2576 5326 Μανιχαίων
2607 5258 2916 5317 νοσοῦντες.
2948 5277 2973 5307 ι
3027 5246 3230 5326 Operm
3278 5253 3535 5326 pretium
3566 5246 3746 5326 fuerit

2090 5327 2318 5453 indiret,
2345 5314 2487 5398 quid
2516 5328 2737 5399 dicant,
2763 5314 2889 5399 qui
2910 5314 3369 5383 Manichaeorum
3407 5319 3619 5377 haeresi
3654 5317 3743 5371 la-

2132 5416 2274 5453 oran
2310 5440 2322 5453 .
2358 5420 2386 5448 »

2132 5405 2322 5454 orant.
2358 5420 2386 5448 »

2161 5472 2268 5541 (83)
2301 5467 2385 5526 Aé-
2422 5471 2525 5527 Vel
2580 5466 2673 5541 δή,
2724 5477 2792 5527 ut
2818 5470 2995 5544 paulo
3024 5468 3320 5541 superius,
3348 5461 3436 5516 καὶ
3472 5457 3538 5529 δὴ
3570 5474 3745 5530 παρα-

2091 5540 2354 5614 θήσομαι.
