4034 6148
312 292 452 348 1135

1545 281 1960 341 CLEMENTIS
1995 281 2501 341 ALEXANDRINI

3586 290 3723 346 1136

306 424 625 491 postquam
669 423 868 471 autem
913 414 1053 485 ejus.
1072 412 1285 467 unitati
1333 413 1525 467 visum
1555 414 1645 465 est
1675 424 1796 463 non
1828 422 1955 462 esse

2075 402 2347 475 ἐπίπνοια,
2409 407 2501 462 καὶ
2560 407 2918 480 ἐκοινώνησεν
2962 410 3144 487 αὐτῇ,
3215 411 3306 467 καὶ
3363 411 3588 483 ἐποίησε
3636 415 3723 470 τὸν

308 508 519 575 solam,
545 505 686 561 exiit
714 505 786 558 ab
818 520 885 557 eo
917 502 1252 572 inspiratio,
1278 507 1338 556 et
1366 518 1503 556 cum
1536 516 1605 555 ea
1630 498 1763 554 iniit
1791 512 1951 551 com-

308 596 739 658 munionem,et
762 591 905 646 fecit
927 590 1319 645 dilectum.Ex
1342 590 1481 643 hinc
1499 594 1697 644 autem
1721 599 1958 657 egressa

308 691 398 738 est
425 684 498 738 ab
520 684 648 753 ipso
671 680 1146 751 inspiratio,cum
1170 695 1289 749 qua
1318 694 1450 734 cum
1471 675 1955 733 communionem

304 770 558 834 iniisset,
593 768 735 823 fecit
763 773 1103 839 potestates,
1141 784 1272 838 quze
1319 783 1431 821 nec
1476 769 1727 837 possunt
1774 759 1958 815 videri

304 874 415 913 nec
446 858 664 924 audiri,
697 876 722 907 ο
760 873 950 928 usque
1001 858 1075 912 ad
1115 856 1288 922 illud,
1323 878 1350 906 ‹‹
1379 867 1865 925 unamquamque
1896 850 1957 903 in

305 947 549 1002 nomine
596 946 857 1018 pr0prio.
893 968 922 996 »
954 947 1011 1000 Si
1061 947 1223 1001 enim
1259 946 1320 1000 hi
1370 961 1629 1016 quoque,
1662 942 1817 997 sicut
1849 941 1954 994 Va-

305 1035 646 1100 lentiniani,
682 1033 980 1106 spiritales
1022 1034 1364 1105 posuissent
1390 1045 1453 1106 ›χ‹
1483 1032 1955 1095 communiones,

307 1124 669 1195 suscepisset
686 1122 838 1178 forte
868 1123 1086 1194 aliquis
1117 1139 1323 1177 eorum
1354 1122 1727 1193 opinionem:
1748 1133 1961 1174 carna-

305 1213 383 1268 lis
414 1218 612 1269 autem
639 1212 908 1267 libidinis
942 1212 1428 1267 communionem
1462 1210 1536 1266 ad
1568 1215 1834 1265 sanctam
1864 1207 1961 1260 in—

307 1303 525 1359 ducere
556 1303 1047 1374 prophetiam,est
1078 1302 1207 1373 ejus
1240 1303 1341 1373 qui
1375 1301 1653 1373 desperat
1682 1298 1956 1354 salutem.

306 1392 470 1447 Talia
499 1391 677 1446 etiam
711 1395 980 1445 statuunt
1025 1390 1259 1445 Prodici
1293 1406 1530 1461 quoque
1560 1387 1823 1452 asseclai,
1857 1384 1959 1456 qui

309 1484 539 1555 seipsos
567 1482 718 1537 falso
767 1483 1012 1538 nomine
1062 1488 1272 1537 vocant
1319 1482 1675 1537 Gnosticos:
1733 1479 1962 1549 seipsos

309 1571 552 1643 quidem
585 1571 851 1626 dicentes
883 1587 1013 1625 esse
1045 1576 1259 1625 natura
1307 1570 1461 1625 ﬁlios
1510 1569 1686 1642 primi
1719 1568 1819 1622 Dei
1847 1584 1860 1634 ;
1893 1583 1963 1622 ea

307 1680 443 1719 vero
475 1663 785 1718 nobilitate
810 1669 869 1718 et
900 1663 1172 1719 libertate
1203 1662 1742 1721 abutentes.vivunt
1771 1665 1836 1715 ut
1863 1676 1960 1714 vo-

2073 492 2374 567 ἀγαπητόν.
2417 498 2512 554 Ἐκ
2543 495 2600 553 δὲ
2618 499 2816 554 τούτου
2844 499 3064 570 ἐξῆλθεν
3092 500 3184 556 ἀπ’
3233 501 3398 557 αὐτοῦ
3453 502 3723 574 ἐπίπνοια,

2072 583 2111 654 ᾖ
2137 588 2479 655 κοινωνήσας
2511 585 2736 658 ἐποίησε
2766 587 3043 662 δυνάμεις.
3080 593 3219 662 μήτε
3276 591 3558 665 ὁραθῆναι,
3591 594 3726 665 μήτε

2073 672 2406 743 ἀκουσθῆναι
2429 674 2752 750 δυναμένας,
2784 701 2810 733 ιι
2835 676 2962 749 ἓως,
2998 704 3022 731 ιι
3039 678 3121 734 ἐπ’
3152 680 3422 753 ὀνόματος
3448 677 3590 736 ἰδίου
3611 681 3726 736 ἐκά-

2073 782 2226 831 στην.
2262 787 2290 815 ››
2319 763 2506 841 Εῗγάρ
2538 767 2628 821 καὶ
2660 767 2832 835 οὗτοι,
2864 768 3107 844 καθάπερ
3127 769 3175 823 o':
3200 769 3305 824 ἀπὸ
3336 766 3722 838 Οὐαλεντίνου,

2071 854 2439 923 πνευματικὰς
2468 853 2704 919 ἐτίθεντο
2733 856 3040 926 κοινωνίας,
3083 854 3216 919 ἴσως
3268 879 3351 920 τις
3395 858 3572 914 αὐτῶν
3627 859 3721 928 τήν

2074 939 2350 1014 ὑπόληψιν
2389 940 2695 1014 ἐπεδέξατο·
2757 948 3022 1020 σαρκικῆς
3064 942 3122 1001 δὲ
3177 941 3385 1013 ὕϐρεως
3440 947 3723 1003 κοινωνίαν

2072 1026 2149 1089 εἷς
2187 1032 2530 1107 προφητείαν
2563 1033 2714 1109 ἁγίαν
2744 1033 2962 1108 ἀνάγειν
3022 1034 3402 1110 ἀπεγνωκότος
3460 1035 3572 1090 ἐστὶ
3626 1037 3722 1105 τήν

2071 1118 2366 1193 σωτηρίαν.
2403 1122 2644 1178 Τοιαῦτα
2677 1124 2786 1195 (84)
2819 1123 2910 1177 καὶ
2970 1123 3022 1178 οἱ
3078 1124 3183 1179 ἀπὸ
3243 1120 3541 1200 Προδίκου,
3598 1128 3727 1199 ψευ-

2072 1202 2340 1278 δωνύμως
2380 1209 2720 1273 Γνωστικοὺς
2761 1214 2872 1284 (85)
2930 1217 3064 1289 σφᾶς
3121 1211 3320 1277 αὐτοὺς
3373 1213 3726 1289 ἀναγορεύον-

2068 1314 2178 1365 τες,
2231 1293 2668 1370 δογματίζουσιν·
2754 1297 2904 1361 υἱοὺς
2993 1300 3086 1373 μὶν
3147 1299 3300 1378 φύσει
3352 1304 3450 1355 τοῦ
3505 1302 3726 1377 πρώτου

2072 1387 2207 1439 Θεοῦ
2237 1382 2485 1461 λέγοντες
2518 1386 2742 1454 αὐτοὺς,
2801 1389 3227 1464 καταχρώμενοι
3286 1386 3344 1445 δὲ
3371 1393 3439 1464 τῇ
3491 1390 3728 1467 εὐγενείᾳ

2070 1470 2162 1526 καὶ
2190 1476 2258 1546 τῇ
2290 1472 2590 1551 ἐλευθερίᾳ,
2654 1481 2816 1546 ζῶσιν
2876 1477 2950 1538 ὡς
2998 1477 3312 1553 βούλονται·
3350 1478 3641 1554 βούλονται
3672 1477 3728 1535 δὶ

2072 1560 2409 1638 φιληδόνωςο
2442 1567 2783 1641 κρατηθῆναι
2817 1567 2906 1621 ὑπ’
2952 1565 3169 1629 οὐδενὸς
3217 1570 3593 1643 νενομικότες,
3653 1571 3726 1634 ὡς

2072 1654 2132 1705 ἄν
2162 1675 2190 1702 ‹‹
2223 1652 2405 1727 κύριοι
2452 1658 2549 1709 τοῦ
2599 1649 2873 1710 σαϐϐάτου
2914 1659 3046 1729 (86),
3105 1657 3195 1712 καὶ
3253 1658 3502 1734 ὑπεράνω
3531 1660 3730 1724 παντὸς

307 1754 476 1821 lunt;
511 1753 714 1808 volunt
764 1759 962 1808 autem
994 1753 1349 1819 libidinose;
1384 1768 1446 1807 se
1478 1751 1646 1807 nulla
1675 1767 1739 1805 re
1767 1749 1955 1805 teneri

2072 1741 2259 1815 γένους
2317 1743 2641 1822 πεφυκότες,
2706 1744 2974 1821 βασίλειοι
3041 1744 3234 1809 παῖδες
3267 1765 3282 1781 ⁶
3348 1746 3564 1822 βασιλεῖ
3649 1747 3728 1816 δὶ,

309 1843 601 1909 arbitrati,
634 1848 700 1897 ut
729 1865 755 1892 «
790 1843 1017 1897 domini
1050 1842 1301 1910 sabbati,
1331 1863 1359 1892 ››
1389 1848 1447 1897 et
1473 1841 1574 1913 qui
1605 1842 1727 1896 sint
1755 1839 1960 1910 quovis

308 1947 525 2004 genere
576 1931 933 2002 superiores,
971 1931 1078 1985 filii
1130 1930 1377 2003 regales.
1426 1930 1565 2001 Regi
1615 1934 1835 1994 autem,
1870 1928 1959 1981 in-

315 2019 548 2091 quiunt,
575 2019 669 2074 lex
701 2019 919 2090 scripta
949 2036 1069 2074 non
1101 2019 1480 2074 est.Primum
1507 2018 1771 2088 quidem,
1800 2015 1959 2087 quod

314 2126 436 2164 non
468 2108 690 2163 faciant
738 2108 941 2163 omnia
986 2126 1115 2179 quas
1146 2108 1355 2163 volunt
1383 2125 1395 2162 :
1446 2107 1636 2163 multa
1666 2106 1826 2160 enim
1860 2121 1961 2159 eos

312 2195 733 2268 prohibebunt,
770 2197 878 2251 etsi
910 2198 1154 2268 cupiant
1184 2203 1242 2252 et
1279 2202 1588 2251 conentur.
1622 2194 1959 2260 Quinetiam

313 2302 443 2356 quas
474 2285 717 2353 faciunt,
754 2302 876 2340 non
924 2285 1154 2340 faciunt
1200 2291 1261 2339 ut
1311 2302 1499 2357 reges,
1535 2283 1638 2339 sed
1664 2289 1729 2337 ut
1752 2281 1956 2337 masti-

312 2375 420 2447 gia)
449 2391 462 2428 :
491 2374 829 2429 clanculum
853 2374 1014 2429 enim
1032 2375 1411 2429 committunt
1426 2371 1960 2439 adulteria,limen-

314 2469 402 2519 tes
434 2480 508 2518 ne
538 2463 1149 2535 deprehendantur,et
1176 2464 1425 2518 vitantes
1456 2480 1530 2518 ne
1563 2460 1960 2517 condemnen-

310 2557 427 2619 tur,
461 2557 520 2606 et
565 2558 900 2607 metuentes
949 2569 1023 2606 ne
1076 2551 1366 2624 supplicio
1416 2551 1773 2606 afficiantur.
1807 2550 1962 2614 Quo-

308 2639 486 2696 modo
518 2641 695 2695 etiam
727 2658 821 2696 res
855 2648 943 2695 ost
967 2640 1653 2712 libera,intemperantia
1683 2645 1748 2700 et.
1769 2636 1960 2708 turpis

308 2729 548 2785 sermo?
578 2752 605 2779 ‹‹
638 2731 845 2785 Omnis
877 2729 1165 2799 enim,qui
1198 2736 1421 2801 peccat,
1458 2735 1548 2785 est
1577 2745 1835 2791 servus,»
1867 2727 1959 2781 in-

308 2818 439 2889 quit
468 2817 782 2888 Apostolus
812 2817 911 2888 (a).
948 2817 1059 2872 Sed
1088 2817 1381 2887 quomodo
1413 2819 1590 2873 vitam
1622 2834 1693 2873 ex
1724 2820 1841 2872 Deo
1870 2816 1961 2870 in-

307 2906 520 2969 stituit,
546 2906 648 2974 qui
681 2906 942 2975 seipsum
967 2905 1219 2975 praebuit
1239 2907 1578 2962 dedititium
1602 2908 1786 2963 cuivis
1811 2923 1957 2963 con-

308 2993 692 3063 eupiscentiaa
714 2992 742 3046 ‘I
770 3009 905 3047 cum
932 2993 1149 3048 dixerit
1178 2995 1465 3050 Dominus
1500 3012 1513 3049 :
1549 3018 1576 3045 «
1610 2998 1726 3068 Ego
1758 3002 1957 3051 autem

306 3079 472 3135 dico:
500 3083 578 3135 Ne
601 3082 988 3152 concupiscas
1020 3084 1374 3153 (b).»Vultne
1396 3091 1593 3140 autem
1615 3086 1834 3156 aliquis
1852 3101 1959 3141 sua

2070 1831 2220 1907 φασὶ,
2284 1833 2455 1906 νόμος
2515 1832 2791 1910 ἄγραφος.
2852 1838 3079 1912 Πρῶτον
3141 1840 3254 1909 (87)
3313 1838 3409 1912 μὶν
3445 1884 3459 1906 ,
3520 1840 3604 1896 ὅτι
3663 1841 3727 1897 οὐ

2067 1926 2320 1978 ποιοῦσιν
2353 1921 2386 1978 ἃ
2419 1925 2713 1999 βούλονται
2745 1927 2939 1982 πάντα’
2990 1925 3177 1983 πολλά
3234 1930 3338 2004 γὰρ
3388 1929 3587 1993 αὐτοὺς
3618 1952 3728 1986 κω-

2070 2007 2225 2067 λύσει
2281 2013 2371 2067 καὶ
2428 2012 2835 2088 ἐπιθυμοῦντας
2885 2015 2978 2071 καὶ
3060 2017 3465 2093 πειρωμένουςο
3540 2020 3633 2075 καὶ
3696 2017 3729 2074 ἅ

2069 2105 2290 2155 ποιοῦσι
2342 2099 2420 2172 δὲ,
2481 2102 2589 2178 οὐχ
2645 2105 2721 2165 ὡς
2783 2104 3065 2179 βασιλεῖς,
3125 2105 3254 2161 ἀλλ’
3310 2106 3386 2169 ὡς
3446 2108 3725 2183 μαστιγίαι

2068 2193 2306 2243 ποιοῦσι·
2340 2187 2516 2265 λάθρα
2545 2190 2647 2266 γάρ
2680 2200 3060 2267 μοιχεύουσιν,
3099 2193 3163 2249 τὸ
3221 2192 3432 2250 ἁλῶναι
3461 2192 3725 2263 δεδιότες,

2067 2276 2157 2331 καὶ
2205 2278 2267 2332 τὸ
2322 2281 2771 2353 καταγνωσθῆναι
2831 2279 3187 2351 ἐκκλίνοντες,
3236 2285 3325 2338 καὶ
3386 2279 3729 2361 φοϐούμενοι

2068 2364 2399 2434 κολασθῆναι
2432 2371 2567 2442 (88).
2604 2373 2727 2431 Πῶς
2759 2366 2817 2424 δὲ
2847 2368 3123 2445 ἐλεύθερον
3184 2372 3218 2440 ἡ
3262 2371 3495 2444 ἀκρασία
3539 2374 3634 2428 καὶ
3690 2376 3726 2444 ἡ

2071 2454 2491 2532 αἰσχρολογίας
2554 2480 2583 2509 ι(
2636 2463 2749 2520 Πᾶς
2802 2462 2913 2531 (89)
2968 2459 3092 2535 γὰρ,
3128 2484 3157 2512 ‹‹
3192 2460 3355 2535 φησὶν
3417 2465 3549 2534 (90),
3619 2485 3649 2518 ο
3702 2465 3730 2519 ὁ

2070 2545 2389 2622 ἁμαρτάνων
2424 2543 2622 2609 δοῦλός
2656 2546 2822 2617 ἐστιν,
2857 2571 2885 2599 ››
2919 2549 2946 2603 ὁ
2976 2546 3312 2611 Ἀπόστολος
3345 2546 3517 2624 λέγει,
3549 2551 3731 2608 Ἀλλᾶ

2070 2638 2187 2698 πῶς
2215 2635 2352 2690 κατά
2397 2635 2526 2691 Θεὸν
2584 2635 2929 2691 πολιτεύεται
2962 2636 2991 2690 ὁ
3035 2638 3181 2712 πάσῃ
3214 2637 3476 2711 ἐπιθυμίᾳ
3505 2636 3730 2696 ἔνδοτον

2071 2722 2258 2778 ἑαυτὸν
2288 2723 2611 2799 παρασχὼν,
2668 2727 2766 2778 τοῦ
2824 2723 3023 2799 Κυρίου
3067 2726 3364 2803 φήσαντος,
3398 2751 3428 2778 ιι
3468 2727 3620 2802 Ἐγὼ
3674 2726 3729 2785 δὲ

2072 2808 2242 2886 λέγω,
2276 2813 2363 2881 Μή
2405 2811 2788 2886 ἐπιθυμήσῃς;
2840 2837 2868 2866 ››
2922 2810 3094 2869 Ἑκὼν
3155 2811 3213 2868 δέ
3262 2835 3347 2877 τις
3396 2816 3722 2891 ἁμαρτάνειν

2074 2899 2352 2976 βούλεται,
2383 2900 2471 2954 καὶ
2512 2896 2691 2975 δόγμα
2718 2901 2900 2971 τίθησι
2955 2901 3016 2956 τὸ
3072 2902 3378 2977 μοιχεύειν,
3409 2904 3496 2959 καὶ
3548 2918 3724 2977 καθη-

2071 2987 2330 3044 δυπαθεῖν
2367 3033 2380 3056 ,
2458 2988 2548 3044 καὶ
2608 2988 2959 3063 λυμαίνεσθαι
3042 2989 3170 3053 τοὺς
3242 2988 3427 3047 ἂλλων
3486 2992 3722 3068 γάμους,

2071 3081 2209 3133 ὅπου
2237 3098 2298 3151 γε
2325 3077 2414 3132 καὶ
2443 3078 2571 3139 τοὺς
2600 3075 2808 3142 ἃλλους
2837 3079 3063 3143 ἄκοντας
3091 3080 3502 3152 ἁμαρτάνοντας
3534 3081 3723 3139 ἐλεοῦ-

307 3174 517 3241 sponte
550 3185 817 3240 peccare,
851 3177 909 3226 et
956 3172 1278 3227 decernere
1311 3173 1605 3228 adulteria
1635 3190 1764 3229 esse
1795 3190 1954 3229 com-

2075 3189 2169 3242 μεν
2202 3188 2216 3236 ;
2250 3137 2380 3222 ,Κᾶν
2441 3166 2519 3231 εἷς
2559 3137 2706 3237 ξένον
2775 3137 2867 3223 τὸν
2938 3137 3145 3240 κόσμον
3208 3137 3514 3245 ’ἀφιγμένοι
3567 3137 3719 3241 ήῶσι,

306 3258 622 3325 mittenda,
656 3260 1174 3332 voluptatibusque
1224 3268 1283 3316 et
1323 3262 1555 3317 deliciis
1604 3278 1667 3316 se
1715 3263 1960 3334 explen-

304 3349 471 3415 dum,
508 3353 566 3402 et
595 3349 848 3404 aliorum
902 3350 1176 3405 violanda
1209 3350 1607 3417 matrimonia,
1641 3367 1777 3405 cum
1809 3351 1958 3405 alio-

304 3453 436 3491 rum
469 3437 669 3501 etiam,
702 3439 801 3508 qui
836 3437 1001 3491 inviti
1035 3444 1307 3508 peccant,
1328 3438 1766 3494 misereamur?
1794 3439 1961 3504 Quod

304 3527 351 3580 si
385 3525 446 3580 in
496 3532 807 3581 externum
855 3527 1146 3582 mundum
1194 3527 1485 3595 venerint,
1516 3528 1618 3598 qui
1669 3528 1731 3582 in
1763 3529 1958 3584 alieno

303 3631 426 3669 non
458 3614 681 3670 fuerint
730 3615 959 3684 ﬁdeles,
990 3633 1193 3671 verum
1232 3633 1351 3670 non
1398 3616 1724 3672 habebunt.
1760 3618 1960 3675 Afﬁcit

301 3710 499 3759 autem
532 3704 748 3775 hospes
774 3705 992 3775 aliquis
1022 3705 1177 3759 cives
1204 3706 1654 3771 contumelia,et
1683 3708 1768 3762 eis
1799 3708 1957 3779 inju-

302 3794 455 3850 riam
486 3792 667 3860 facit;
702 3797 759 3848 et
789 3810 909 3848 non
942 3794 1138 3865 potius
1166 3800 1234 3848 ut
1263 3795 1821 3866 peregrinus,utens
1852 3813 1958 3853 ne-

302 3879 765 3949 cessariis,vivit,
783 3879 941 3934 cives
973 3896 1093 3934 non
1125 3881 1434 3935 offendens
1458 3881 1486 3936 ?
1514 3883 1833 3947 Quomodo
1851 3901 1959 3940 au-

300 3973 443 4035 tem,
478 3984 613 4023 cum
664 3967 871 4023 eadem
918 3968 1160 4035 faciant,
1193 3985 1261 4023 ac
1306 3970 1368 4037 ii,
1403 3988 1553 4040 quos
1583 3979 1788 4044 gentes
1820 3973 1953 4028 odio

300 4057 540 4124 habent,
575 4056 734 4127 quod
765 4056 995 4127 legibus
1046 4058 1459 4129 obtemperare
1490 4061 1705 4127 nolint,
1737 4079 1955 4133 nempe

297 4146 514 4218 iniqui,
548 4151 607 4201 et
652 4145 1116 4212 incontinentes,
1152 4152 1211 4200 et
1252 4148 1431 4216 avari,
1467 4153 1526 4202 et
1556 4149 1834 4217 adulteri,
1870 4151 1956 4206 di.

298 4241 441 4289 cunt
472 4252 534 4290 se
567 4234 726 4289 solos
775 4234 961 4288 Deum
1012 4251 1187 4288 nosse
1209 4233 1238 4289 ‘I
1277 4236 1587 4306 Oporteret
1634 4239 1794 4293 enim
1828 4256 1949 4309 eos,

2068 3254 2251 3311 πιστοὶ
2284 3259 2397 3326 (91)
2428 3252 2482 3309 ἐν
2511 3258 2590 3324 τῷ
2628 3253 2911 3329 ἀλλοτρίῳ
2974 3257 3048 3328 μὴ
3104 3255 3413 3330 γενόμενοι,
3460 3258 3521 3312 τὸ
3584 3258 3721 3330 ἀλη-

2070 3346 2157 3406 θὲς
2191 3340 2546 3419 οὗχὲξουσιν.
2579 3337 2814 3417 ’Υϐρίζει
2861 3342 2918 3398 δέ
2972 3366 3057 3408 τις
3112 3345 3263 3416 ξένος
3319 3346 3577 3416 πολίτας,
3632 3348 3722 3404 καὶ

2067 3432 2295 3494 τούτους
2324 3429 2522 3486 ἀδικεῖ·
2554 3429 2682 3506 οὐχὶ
2742 3428 2801 3486 δὲ
2857 3431 2930 3494 ὡς
2993 3431 3381 3508 παρεπίδημος
3428 3439 3565 3510 (92),
3608 3442 3723 3498 τοῖς

2068 3519 2384 3596 ἀναγκαίοις
2415 3520 2726 3596 χρώμενος,
2758 3518 3111 3594 ἀπρόσκοπος
3161 3529 3279 3587 τοῖς
3312 3524 3566 3589 πολίταις
3603 3525 3721 3582 δια-

2071 3605 2186 3664 ϐιοῖ
2217 3630 2230 3679 ;
2270 3613 2393 3671 Πῶς
2426 3606 2483 3664 δὲ
2506 3608 2598 3664 καὶ
2626 3614 2744 3672 τοῖς
2795 3609 2899 3665 ὑπὸ
2928 3614 3036 3665 τῶν
3097 3609 3265 3677 ἐθνῶν
3298 3615 3718 3687 μεμισημένοις,

2070 3696 2160 3754 διὰ
2185 3700 2247 3754 τὸ
2282 3701 2355 3772 μὴ
2390 3699 2647 3773 πράσσειν
2674 3699 2742 3753 τὰ
2774 3699 2880 3754 ὑπὸ
2920 3704 3029 3755 τῶν
3074 3701 3260 3775 νόμων
3294 3700 3718 3779 διηγορευμένα,

2066 3790 2310 3844 τουτέστι
2337 3793 2456 3851 τοῖς
2486 3786 2714 3857 ἀδίκοις,
2744 3788 2835 3844 καὶ
2893 3790 3167 3865 ἀκρατέσι,
3199 3793 3289 3847 καὶ
3342 3792 3717 3865 πλεονέκταις,

2063 3879 2153 3934 καὶ
2223 3883 2450 3953 μοιχοῖς
2506 3878 2574 3932 τὰ
2632 3877 2765 3933 αὐτὰ
2822 3878 3150 3953 πράσσοντες
3177 3926 3191 3951 ,
3237 3882 3367 3937 Θεὸν
3419 3882 3715 3957 ἐγνωκέναι

2068 3968 2226 4041 μόνοι
2257 3966 2546 4043 λέγουσιν;
2579 3968 2784 4043 Ἐχρῆν
2818 3968 2922 4043 γὰρ
2949 3968 3167 4035 αὖτοὺς,
3214 3971 3303 4025 καὶ
3362 3969 3414 4025 έν
3445 3977 3567 4037 τοῖς
3609 3974 3714 4029 ἀλ-

2064 4056 2305 4131 λοτρίοις
2335 4055 2628 4131 παρόντας,
2658 4055 2844 4118 καλῶς
2881 4058 3055 4131 βιοῦν,
3080 4055 3172 4112 ’ίνα
3232 4055 3298 4129 δὴ
3358 4064 3436 4132 τῷ
3467 4056 3590 4117 ὄντι
3651 4062 3711 4117 τὸ

2067 4145 2350 4223 βασιλικὸν
2406 4143 2762 4219 ἐυδείεωνται.
2820 4142 2964 4213 Ἤδη
3019 4143 3077 4201 δὲ
3127 4147 3219 4201 καὶ
3269 4154 3390 4211 τοῖς
3437 4150 3711 4227 ἀνθρωπί-

2061 4257 2171 4298 νοις
2228 4234 2555 4308 νομοθέταις
2603 4235 2691 4289 καὶ
2748 4238 2826 4306 τῷ
2884 4234 3015 4306 θείῳ
3073 4235 3231 4308 νόμῳ
3286 4236 3709 4313 ἀπεχθάνονται,

296 4341 432 4380 cum
448 4324 510 4379 in
535 4323 750 4379 alienis
771 4323 1171 4391 adsunt,recte
1194 4324 1478 4391 vivere,ut
1494 4343 1695 4382 revera
1720 4329 1941 4400 regiam

2072 4323 2383 4401 ταρανόμως
2434 4323 2586 4398 βιοῦν
2641 4321 3073 4398 ἐπανῃρημένοι.
3120 4324 3182 4381 Ὁ
3228 4330 3361 4399 γοῦν
3394 4350 3423 4379 ‹‹
3455 4326 3709 4398 ἆκκεντή-

363 4538 427 4602 ›ι‹
459 4542 562 4594 525
595 4541 888 4609 POTTER,
920 4542 1153 4596 438-439
1184 4542 1297 4597 ED.
1329 4543 1559 4599 PARIS.
1640 4546 1713 4614 (a)
1742 4547 1914 4602 Rom.
1946 4562 2019 4614 Vl,
2054 4546 2140 4600 ιθ.
2219 4541 2297 4613 (b)
2329 4539 2531 4596 Matth.
2563 4555 2620 4610 ν,
2652 4540 2741 4594 28.

367 4753 485 4829 (84)-
509 4754 767 4829 Τοιαῦτα.
805 4796 818 4810 .
854 4796 868 4810 .
914 4750 1355 4829 δογματίζουσιν.
1414 4760 1532 4814 Hoc
1576 4760 1939 4817 commation

292 4824 694 4905 Theodoretus
725 4824 1232 4905 inlsuum‘Has'ret.
1288 4829 1481 4886 Fabul.
1515 4830 1619 4886 lib.
1653 4850 1692 4901 ι,
1718 4850 1850 4905 cap.
1888 4837 1941 4900 1,

292 4911 349 4966 p.
388 4898 486 4949 197
512 4897 834 4966 transtulit.

361 4966 475 5035 (85)
524 4963 911 5037 Ψευδωνόμως
940 4969 1313 5037 -Γνωστικοός
1349 5014 1361 5026 .

1421 4974 1513 5028 Sic
1584 4976 1785 5030 Strom.
1846 4992 1939 5043 vu,

332 5053 420 5118 ag.
457 5040 559 5118 ’(22
591 5053 603 5090 ε
650 5039 774 5118 Τῶν

830 5035 1201 5111 ψευδωνύμων
1230 5042 1686 5119 τοῦτωνᾲάνόσιος
1716 5035 1942 5119 γνῶσιςξ

344 5108 728 5191 inc‘lrenaeus
762 5108 943 5191 liﬂbro's
965 5108 1103 5166 suos
1128 5116 1351 5191 vocavit
1376 5114 1647 5191 Ἔλεγχον
1696 5108 1789 5171 καὶ
1822 5117 1945 5171 ἀνα-

287 5180 499 5253 τροπὴν
541 5182 642 5267 τ’ἦς
684 5176 1043 5269 ψευδων-Ξμιου
1070 5183 1341 5255 γνώσεως.

362 5247 1142 5330 (sexéewisoﬁﬂama?-
1205 5257 1328 5330 Hic.
1388 5263 1447 5330 et
1501 5259 1657 5330 ίιιιω
1713 5277 1769 5330 ρ.
1815 5262 1940 5330 442.

290 5321 534 5401 εεερίέῇι
564 5323 1005 5401 Μ-ειιιιιζχμζειι
1041 5321 1234 5395 Κύριος
1263 5328 1365 5401 γάρ
1398 5328 1507 5381 ἐστι
1562 5328 1651 5381 καὶ
1680 5321 1778 5382 τδῡ
1811 5321 1942 5384 ne.

291 5388 458 5450 ϐάτου
482 5397 509 5450 ὁ
541 5396 661 5457 Υἱὸς
690 5396 785 5448 τοῦ
818 5388 1129 5465 ἀνΟρώπουξ

361 5472 471 5540 (87)
506 5469 749 5539 Πρῶτον.
785 5466 1099 5542 Anteiumc
1123 5484 1320 5542 vocem
1350 5469 1577 5542 aliquid
1600 5469 1941 5542 hujusmodi

290 5533 496 5597 deesse
525 5533 753 5598 videtur
787 5557 800 5595 :
836 5533 1139 5592 Ψεύδονται
1189 5534 1246 5591 δὲ
1304 5539 1356 5594 ἐν
1413 5533 1653 5600 τούτοις.
1675 5533 1721 5593 va
1752 5543 1815 5597 In
1850 5543 1946 5599 his

290 5620 488 5670 autem
520 5614 825 5670 falluntur.
864 5634 894 5663 »

2124 4758 2233 4827 188)
2266 4753 2630 4831 Κολασθῆναι.
2654 4756 2924 4831 Fortasse
2974 4760 3194 4831 rectius
3231 4758 3293 4814 τὸ
3347 4760 3700 4831 κολασθῆναι,

2053 4847 2185 4886 cum
2202 4827 2625 4896 articulo,utin
2649 4828 3125 4899 praacedentibus
3151 4831 3381 4889 duobus
3403 4827 3701 4891 membris.

2052 4903 2327 4957 SYLBURG.

2123 4971 2746 5049 (8.9)[1ἆςᾉ1ἵοᾳ-ιοηι
2802 4970 2981 5027 verba
3036 4974 3324 5045 Apostoli,
3383 4981 3450 5031 ut
3506 4992 3696 5049 neque

2051 5045 2229 5117 paulo
2262 5047 2402 5118 post
2417 5041 2657 5118 Christi.
2684 5058 2861 5112 quam
2887 5041 3357 5118 eorum—sensum
3389 5041 3630 5118 profert.

2124 5111 2458 5240 (90)lfbr,aiv.
2493 5111 2869 5184 Supervacua
2898 5121 2988 5170 est
3017 5116 3143 5171 haec
3177 5133 3305 5186 vox,
3337 5111 3406 5173 ut
3435 5120 3699 5190 quando-

2124 5205 2168 5240 le
2200 5204 2233 5240 a
2262 5202 2368 5240 ias.

2095 5205 2168 5243 118
2200 5202 2368 5242 anas.

2053 5206 2168 5259 que
2200 5206 2368 5242 anas.

2124 5262 2231 5327 (91)
2269 5252 2477 5327 ῌιστοί.
2514 5254 2776 5326 Respicit
2832 5256 2965 5312 Luc.
3012 5274 3135 5327 ngr.
3198 5260 3284 5323 11,
3349 5263 3414 5314 12
3449 5277 3462 5313 :
3497 5259 3559 5313 Et
3612 5257 3700 5312 οὖν

2053 5328 2107 5403 ἐν
2132 5324 2230 5403 τῷΔ
2246 5324 2418 5403 ἀδίκῳ
2449 5324 2687 5403 μαμωνᾷ
2736 5326 2917 5403 πιστοὶ
2968 5326 3068 5403 οὐκ
3118 5329 3376 5403 ἐγένεσθε,
3418 5331 3482 5384 τὸ
3504 5328 3701 5403 ἀληθι-

2051 5394 2260 5477 νὸν-τίς
2285 5394 2413 5477 ὑμῖν
2437 5394 2757 5477 πιστεύσεις
2793 5397 2895 5477 ῌαὶ
2939 5397 2985 5452 εἷ
3042 5398 3095 5477 ἐν
3126 5394 3230 5477 -τῷ
3282 5394 3560 5477 ἀλλοτρίῳ
3603 5394 3700 5455 ~m-

2055 5471 2171 5529 στοί
2199 5469 2297 5524 οὐκ
2325 5467 2680 5545 ἐγένεσθελτὸ
2713 5467 2977 5545 ὑμέτερον
3007 5469 3089 5545 τίς
3120 5467 3247 5543 ὑμῖν
3280 5469 3440 5545 δώσει
3460 5467 3491 5543 ’ς

2124 5546 2237 5616 (92)
2263 5536 2376 5603 Ὡς’
2409 5536 2816 5614 παρεπίδημος.
2866 5536 3179 5613 Respicere
3237 5536 3519 5601 videtur'l
3545 5544 3699 5600 Petr.

2056 5631 2118 5688 ιι,
2151 5618 2238 5683 il,
2266 5616 2353 5668 l2.

3948 1376 3951 1459 Α

3948 1528 3952 1633 l
