4034 6148
367 182 504 245 1141

1692 183 2143 243 ΒΤΒΟΜΔἸὋΜ
2180 184 2310 239 LIB.
2354 186 2452 239 ΙΙΙ.

3642 193 3788 248 1142

365 304 659 384 ἐργᾶζεσθε
690 351 706 376 ,
756 307 998 381 καθάπερ
1084 306 1136 362 οἱ
1190 306 1287 368 τὰς
1367 305 1613 374 ἱστορίας
1692 303 2003 380 συνταξάμει

2138 323 2314 379 prum
2342 325 2529 382 puero
2561 327 2682 365 non
2715 309 2958 371 inferes.
2984 332 3013 361 »
3041 316 3487 389 etquzecunque
3509 317 3582 373 ad
3597 321 3787 374 contio

361 417 448 453 νοι
510 400 646 469 (16),
701 396 795 451 τὸν
859 389 1131 472 βάρϐαρον
1191 393 1444 465 ἐθελῆσαι
1498 395 1708 470 Ξέρξην
1763 415 1779 466 ;
1837 395 1902 451 Τί
1977 392 2024 450 δ’

364 486 499 562 ούχὶ
557 484 757 547 πάσαις
837 489 957 547 ταῖς
1013 482 1263 546 ἐντολαῖς
1330 482 1704 539 ἀντιτάσσεσθε
1762 503 1776 554 ;
1825 482 2025 541 Eii-triv-

362 596 458 638 τος
516 574 617 651 γὰρ
655 618 670 641 ,
730 596 759 626 α
827 573 1130 644 Αύξάνεσθε
1211 572 1304 629 καὶ
1359 572 1724 644 πληθύνεσθε,
1784 596 1812 626 ››
1886 573 2026 646 ὑμᾶς

360 665 490 727 τοὺς
536 661 958 738 ἀντιταγμὲνους
1015 661 1186 737 ἐχρῆν
1251 658 1517 734 μηδόλως
1575 662 1831 734 συνουσίᾳ
1888 665 2024 737 χρῆ-

364 755 509 812 σθαι.
541 753 642 808 Καὶ
674 752 952 823 εἰπόντος,
987 774 1016 805 ι(
1048 747 1267 806 Ἢδωκα
1297 751 1426 824 ὑμῖν
1459 752 1634 805 πάντα
1666 750 1743 812 εἷς
1781 750 2023 827 τροφὰς»

361 842 455 899 καὶ
531 840 886 912 ἀπολαύσεις,
945 841 1084 915 ὑμᾶς
1146 839 1320 915 ἐχρῆν
1406 837 1643 913 μηδενός
1700 838 2021 898 ἀπολαύειν.

361 930 543 988 Ἀλλά
569 930 683 1000 καὶ,
719 953 746 983 α
776 928 1097 1004 Ὀφθαλμὸν
1132 927 1253 983 ἀντὶ
1311 926 1623 1006 ὀφθαλμοῦ,
1665 951 1695 983 ››
1743 926 2020 1002 λεγοντος,

366 1020 509 1093 ὑμᾶς
546 1019 718 1095 ἐχρῆν
763 1019 838 1092 μή
890 1015 1208 1074 ἀποδιδόναι
1265 1017 1532 1090 ἀντίταξιν
1589 1016 1872 1089 ἀντιτάξει·
1929 1017 2019 1072 καὶ

357 1108 452 1165 τὸν
480 1108 723 1179 κλέπτην
754 1105 1114 1169 κελεύσαντος
1145 1132 1171 1160 ((
1206 1105 1541 1183 τετραπλοῦν
1602 1131 1625 1161 ι
1676 1103 2019 1175 ἀποδιδόναι,

359 1197 500 1272 ὑμᾶς
531 1197 702 1274 ἐχρῆν
761 1196 852 1253 καὶ
898 1193 1229 1271 προσδοῦναι
1287 1201 1367 1269 τῷ
1418 1194 1650 1271 κλέπτῃ’
1697 1196 1907 1268 ὁμοίως
1961 1217 2021 1251 τε

356 1284 423 1343 αῦ
448 1286 537 1342 καὶ
565 1289 658 1361 τῇ,
695 1307 723 1341 ι
754 1287 1078 1363 Ἀγαπήσεις
1131 1286 1225 1342 τὸν
1284 1284 1509 1362 Κύριον,
1569 1310 1595 1336 υ
1640 1281 1837 1358 ἐντολῇ
1867 1283 2019 1339 ἀντι-

352 1377 750 1451 τασσομένους,
836 1371 944 1431 ἔδει
998 1371 1122 1431 οὕτε
1174 1376 1268 1432 τὸν
1323 1373 1469 1430 ὅλων
1524 1375 1654 1431 Θεὸν
1713 1375 2014 1447 ἀγαπῆσαι.

357 1463 687 1535 Καὶπᾶλιν,
727 1463 1003 1531 εἰπόντος,
1042 1486 1064 1515 ι
1127 1465 1208 1523 Οὐ
1257 1466 1511 1534 ποιήσεις
1559 1461 1829 1538 γλυπτὸν,
1890 1459 2018 1518 ούδὶ

358 1555 654 1631 χωνευτὸν,
687 1555 827 1629 ὑμᾶς
858 1552 1159 1617 ἀκόλουθον
1214 1553 1283 1623 ἣν
1337 1553 1428 1609 καὶ
1483 1551 1551 1607 τὰ
1600 1550 1817 1626 γλυπτά
1845 1571 2018 1626 προσ-

348 1648 551 1702 κυνεῖν.
583 1648 707 1707 Πῶς
761 1641 852 1699 οῦν
910 1642 1013 1698 οὐκ
1062 1637 1327 1712 ἀσεϐεῖτε,
1382 1641 1827 1714 ἀντιτασσόμενοι
1888 1640 2008 1714 μὲν,

349 1733 425 1798 ὥς
446 1753 598 1808 φατε,
628 1736 709 1805 τῷ
740 1737 1096 1809 Δημιουργῷ,
1151 1731 1219 1788 τὰ
1271 1728 1331 1787 δὲ
1384 1730 1554 1805 ὅμοια
1602 1735 1722 1793 ταῖς
1778 1729 2003 1806 πόρναις

344 1824 436 1879 καὶ
466 1828 583 1886 τοῖς
617 1823 842 1896 μοιχοῖς
875 1821 1216 1892 ἐζηλωκότες
1248 1841 1262 1890 ;
1290 1825 1413 1882 Πῶς
1445 1818 1503 1876 δὲ
1551 1821 1660 1876 οὐκ
1695 1821 2007 1885 αἰσθάνεσθε

349 1912 573 1987 μείζονα
596 1915 901 1982 ποιοῦντες,
961 1910 1019 1966 ὃν
1080 1910 1155 1972 ὡς
1210 1909 1405 1978 ἀσθενῆ
1465 1909 1766 1983 νομίζετε;
1815 1907 2003 1984 Εἴπερ,

347 1999 379 2053 δ
438 1997 717 2074 βούλεται,
775 1995 938 2053 τοῦτο
995 1995 1219 2069 γίνεται,
1265 1995 1392 2052 ἀλλ’
1449 1996 1579 2072 οὐχὶ
1634 1994 1829 2065 ἐκεῖνο,
1871 1995 2003 2072 ὅπερ

344 2086 614 2160 ἠθέλησεν
645 2088 673 2144 6
704 2087 925 2163 ἀγαθός.
976 2082 1261 2159 Ἔμπαλιν
1315 2084 1416 2162 γὰρ
1478 2084 1706 2155 ἅσθενής
1734 2084 2006 2141 δείκνυταί

344 2196 465 2239 πως
500 2177 652 2250 ὑμῶν
675 2177 850 2231 αὐτῶν
884 2181 999 2246 (17)
1029 2174 1058 2229 6
1117 2175 1400 2250 ὑμέτερος,
1460 2174 1534 2236 ὥς
1586 2195 1739 2251 φατε,
1796 2176 2002 2249 πατήρ.

345 2265 727 2341 ’Λναλὲγονται
757 2262 816 2320 δὲ
861 2263 950 2320 καὶ
982 2265 1130 2319 οὗτοι
1191 2257 1252 2319 ἔκ
1305 2284 1465 2318 τινων
1519 2266 1874 2342 προφητικῶν
1905 2284 2002 2318 πε-

350 2359 592 2432 ρικοπῶν
650 2353 823 2426 λέξεις
881 2355 1331 2428 ἀπανθισάμενοι,
1389 2353 1479 2409 καὶ
1554 2352 2004 2429 συγκαττύσαντες

349 2449 553 2512 κακῶς,
604 2447 722 2501 κατ’
779 2443 1123 2521 ἀΛληγορίαν
1183 2443 1501 2519 εἰρημένας,
1556 2441 1609 2513 ἐξ
1641 2441 1848 2504 εὐθείας
1902 2440 1999 2497 λα-

344 2527 553 2596 ϐόντες.
614 2534 918 2611 Γεγράφθαι
969 2533 1074 2607 γάρ
1129 2549 1312 2611 φησιν’
1376 2554 1404 2586 α
1463 2531 1816 2600 Ἀντέστησαν
1862 2534 1999 2601 Θεῷ,

341 2622 432 2678 καὶ
459 2622 763 2694 ἐσώθησαν.
796 2646 825 2673 ι)
857 2623 926 2679 Οἱ
953 2620 1012 2676 δὶ
1040 2623 1131 2676 καὶ
1174 2645 1203 2673 ‹‹
1263 2623 1359 2692 Τῷ
1391 2617 1603 2674 ἀναιδεῖ
1622 2623 1739 2690 Θεῷ
1772 2642 1801 2669 ››
1831 2638 1998 2692 προσ-

338 2712 567 2776 τιθέασι·
605 2706 862 2784 δέχονται
893 2706 951 2764 δὲ
969 2710 1042 2771 ὡς
1076 2707 1283 2783 βουλὴν
1318 2705 1781 2780 παρηγγελμένην
1807 2705 1871 2760 τὸ
1903 2704 2002 2761 λό-

340 2821 462 2875 γιον
492 2803 678 2867 τοῦτο,
709 2798 799 2853 καὶ
849 2798 1125 2866 σωτηρίαν
1180 2796 1332 2872 σφίσι
1388 2792 1719 2868 λογίζονται,
1761 2795 1824 2849 τὸ
1854 2793 1999 2849 ἀνθί-

342 2898 566 2951 στασθαι
616 2891 696 2959 τῷ
741 2889 1093 2959 Δημιουργῷ.
1128 2908 1157 2936 ‹‹
1213 2886 1310 2955 Τῷ
1365 2906 1394 2935 ››
1456 2884 1549 2956 μὲν
1602 2882 1693 2938 οὖν
1727 2907 1751 2937 α
1792 2881 2002 2940 ἀναιδεῖ

341 2980 459 3050 Θεῷ
492 3000 521 3028 ››
554 2974 616 3032 ού
644 2975 963 3051 γέγραπται·
999 2973 1067 3032 Εἰ
1128 2969 1186 3028 δὶ
1228 2971 1318 3027 καὶ
1376 2970 1549 3035 οὕτως
1602 2970 1748 3049 ἔχοι,
1790 2972 1882 3028 τὸν
1913 2994 1998 3029 κε-

338 3036 620 3140 κλημένον
656 3036 941 3133 διάῦολον,
1000 3064 1046 3118 ὦ
1097 3062 1346 3133 ἀνόητοι,
1405 3036 1745 3136 ἐξακούσατε.
1777 3060 1996 3135 ἀναιδῆ,
2029 3036 2072 3103 C

335 3155 373 3228 ἢ
396 3156 473 3220 ὡς
502 3150 876 3212 δικόαἱλλοντα
905 3156 1021 3228 (18)
1050 3152 1141 3208 τὸν
1188 3149 1504 3227 ἄνθρωπον,
1556 3149 1594 3220 ἤ
1652 3152 1729 3215 ὼς
1760 3154 2000 3227 κατήγου

338 3267 431 3323 ρον
488 3248 597 3300 τῶν
660 3243 1101 3318 ἁμαρτανόντων,
1159 3240 1198 3312 ἤ
1259 3243 1334 3302 ὡς
1388 3242 1719 3311 ἀποστάτην.
1770 3243 1831 3300 Ὀ
1872 3246 1999 3318 γοῦν

337 3333 601 3413 λαὸς.ἐιρ’
665 3332 727 3389 οὗ
788 3332 1001 3407 εἶ’ρηται
1051 3334 1087 3403 ἡ
1144 3331 1441 3407 περικοπή,
1480 3327 1868 3402 παιδευόμενοι
1920 3330 2000 3409 ἐφ’

341 3427 425 3488 οἷς
482 3423 731 3498 ἥμαρτον
788 3420 998 3497 βαρέως
1056 3421 1328 3500 φέροντες,
1384 3420 1474 3475 καὶ
1525 3420 1824 3485 στένοντες,
1891 3417 1998 3476 διεδ

340 3509 609 3590 γόγγυζον
664 3512 764 3581 τὴν
819 3510 1118 3585 εἰρημένην
1178 3509 1345 3581 Αέξιν·
1406 3508 1490 3564 ὅτι
1572 3510 1641 3564 τὰ
1699 3509 1794 3583 μὲν
1854 3507 2001 3566 ἄλλα

325 3590 466 3673 ’ἔθνη
540 3604 965 3676 παρανομοῦντα
1018 3599 1082 3654 ού
1136 3598 1447 3672 κολάξεται,
1507 3598 1662 3653 αὐτοὶ
1721 3595 1780 3654 δὲ
1841 3599 2000 3673 μόνοι

337 3690 465 3765 παρ’
512 3685 708 3745 ἕκαστα
764 3686 1117 3744 κολούονταιο
1179 3687 1254 3749 ὡς
1314 3687 1405 3742 καὶ
1461 3687 1729 3760 Ἱερεμίαν
1784 3688 1995 3762 εἰρηκὲ-

339 3798 449 3834 ναι’
485 3802 513 3831 ι(
547 3778 644 3834 Διᾶ
673 3782 726 3834 τί
765 3779 876 3852 (19)
920 3774 1047 3838 ὁδὸς
1105 3769 1312 3831 ἀσεϐῶν
1363 3772 1684 3844 εὐοδοῦται;
1721 3800 1749 3828 ››
1806 3778 2000 3850 ὅμοιον

338 3866 522 3941 τούτῳ
546 3869 612 3924 τὸ
649 3868 798 3941 παρὰ
820 3871 900 3937 τῷ
930 3865 1198 3941 Μαλαχίᾳ
1226 3865 1287 3920 τὸ
1341 3866 1764 3938 προειρημένον.
1812 3891 1841 3918 ‹‹
1873 3868 1997 3922 ’Λν-

339 3956 600 4027 τέστησαν
635 3961 772 4028 Θεῷ,
799 3955 889 4011 καὶ
928 3954 1229 4023 ἐσώθησαν*
1288 3952 1754 4029 χρηματιζόμενοι
1784 3954 1886 4030 γὰρ
1945 3958 1999 4012 οἱ

340 4049 642 4124 προφῆται,
675 4044 737 4101 ού
763 4045 928 4114 μόνον
982 4043 1104 4098 τινὰ
1158 4042 1372 4098 ἀκούειν
1426 4040 1645 4117 λέγουσι
1703 4045 1848 4118 παρὰ
1901 4050 1999 4100 τοῦ

341 4139 498 4203 Θεοῦ,
523 4132 669 4190 ἀλλά
698 4134 787 4189 καὶ
834 4132 987 4188 αὐτοὶ
1039 4129 1453 4208 διαγγέλλοντες
1519 4127 1815 4187 δείκνυνται
1863 4135 1999 4188 κατὰ

337 4222 720 4301 ἀνθυποφοράν
752 4222 820 4277 τὰ
847 4222 983 4295 πρὸς
1019 4224 1116 4276 τοῦ
1165 4218 1302 4275 λαοῦ
1347 4217 1748 4294 θρυλλούμενα,
1782 4221 1855 4284 ὡς
1885 4220 1999 4277 ἐπι-

338 4309 631 4385 ζητιζματά
681 4330 804 4365 τινα
862 4310 966 4364 ὑπὸ
1032 4312 1141 4363 τῶν
1234 4308 1535 4382 ἀνθρώπων
1613 4308 1994 4387 ἀναφέροντες·

2136 398 2404 453 nentiam
2437 399 2777 468 conferunt,
2827 400 3149 456 dissolvere
3189 406 3511 475 conamini,
3546 414 3791 480 prOpter

2136 491 2391 543 vestram
2425 488 2947 559 intemperantiam
2980 506 2993 543 :
3026 506 3146 545 non
3197 492 3517 550 dissolvitis
3564 504 3785 569 autem,

2138 592 2270 646 quae
2304 576 2375 631 ab
2409 576 2536 648 ipso
2571 577 2656 646 ﬁt,
2688 578 2970 641 hiemem,
3002 584 3068 632 ut
3107 580 3305 635 media
3350 583 3544 638 adhuc
3588 586 3785 642 hieme

2136 670 2405 720 aastatem
2432 666 2664 721 faciatis
2689 684 2702 733 ;
2728 683 2921 738 neque
2943 673 3161 723 terram
3185 670 3598 743 navigabilem,
3622 691 3786 731 mare

2135 760 2331 810 autem
2366 755 2620 826 pedibus
2650 756 2941 827 pervium,
2970 756 3186 827 facitis,
3240 764 3306 813 ut
3356 760 3458 830 qui
3508 762 3787 820 historias

2132 850 2620 916 composuerunt,
2652 844 2972 901 barbarum
3003 848 3256 902 Xerxem
3296 848 3503 904 dicunt
3530 851 3785 909 voluisse

2130 932 2326 989 facere
2346 933 2374 988 ‘?
2403 934 2519 989 Cur
2547 951 2684 989 vero
2709 952 2828 989 non
2850 936 3127 991 omnibus
3156 941 3470 1009 przeceptis
3498 957 3787 1014 repugna-

2133 1024 2208 1077 tis
2229 1023 2257 1077 ‘2
2287 1025 2430 1078 Nam
2463 1041 2597 1079 cum
2631 1024 2732 1078 ille
2756 1024 2911 1079 dicat
2936 1042 2949 1092 ;
2984 1047 3011 1074 «
3045 1026 3302 1082 Crescite
3333 1034 3391 1082 et
3420 1030 3781 1101 multiplica-

2129 1112 2278 1168 mini
2301 1112 2398 1183 (a),
2424 1133 2451 1161 »
2472 1118 2771 1183 oporteret
2795 1112 2860 1176 ›ι‹
2889 1130 3010 1179 vos,
3035 1114 3135 1185 qui
3167 1115 3583 1185 adversamini,
3614 1120 3781 1176 nullo

2128 1201 2306 1255 modo
2340 1201 2425 1255 uti
2457 1202 2635 1256 coitu.
2670 1203 2739 1256 Et
2768 1219 2901 1256 cum
2934 1203 3120 1257 dixit:
3157 1226 3184 1253 «
3210 1205 3352 1259 Dedi
3384 1206 3549 1262 vobis
3578 1210 3783 1266 omnia

2128 1289 2201 1346 ad
2216 1290 2572 1346 vescendum
2594 1292 2675 1362 (ιθ)
2700 1312 2725 1340 ››
2749 1290 3581 1360 etfruendum,vosnullofrui
3599 1315 3780 1369 opor-

2127 1379 2256 1435 tuit.
2275 1379 2612 1445 Quinetiam
2632 1396 2699 1435 eo
2719 1379 2952 1436 dicente
2976 1398 2988 1435 :
3010 1403 3039 1432 «
3059 1382 3307 1438 Oculum
3332 1402 3437 1455 pro
3449 1385 3621 1441 oculo
3639 1388 3731 1457 (c),
3747 1410 3776 1438 »

2125 1468 2388 1541 oportuit
2416 1485 2518 1523 vos
2550 1469 3017 1525 decertationem
3050 1473 3350 1528 contraria
3390 1491 3510 1529 non
3560 1492 3775 1547 repen-

2122 1558 2263 1613 dere
2295 1557 2716 1614 decertatione.
2750 1560 2820 1614 Et
2845 1576 2980 1614 cum
3019 1560 3210 1616 furem
3235 1561 3486 1633 jusserit
3526 1564 3773 1621 reddere

2123 1669 2148 1700 ι
2186 1648 2587 1720 quadruplum
2619 1648 2720 1717 (dt,
2753 1649 3016 1720 oportuit
3056 1667 3157 1705 vos
3187 1650 3302 1705 furi
3333 1651 3559 1723 aliquid
3590 1655 3769 1712 etiam

2120 1735 2361 1793 addere.
2414 1736 2637 1790 Rursus
2697 1752 2832 1790 vero
2888 1736 3185 1803 similiter,
3244 1755 3379 1793 cum
3432 1748 3769 1812 praecepto:

2123 1846 2149 1876 σι
2169 1824 2389 1897 Diliges
2410 1824 2595 1878 Deum
2619 1830 2783 1878 tuum
2811 1841 2882 1878 ex
2905 1830 3026 1879 toto
3056 1826 3232 1882 corde
3264 1833 3363 1882 tuo
3387 1828 3478 1895 (θ),
3526 1850 3547 1879 ι
3583 1847 3764 1901 repu-

2114 1913 2327 1985 gnetis,
2361 1912 2625 1984 oportuit
2667 1930 2778 1968 nec
2819 1913 3231 1970 universorum
3283 1915 3524 1986 quidem
3573 1918 3758 1973 Deum

2115 2002 2383 2075 diligere.
2436 2002 2507 2055 Et
2554 2019 2781 2070 rursus,
2835 2019 2973 2057 cum
3020 2003 3272 2058 dixerit:
3329 2026 3359 2055 «
3407 2008 3531 2061 Non
3578 2006 3760 2063 facies

2115 2091 2391 2164 sculptile
2405 2106 2599 2162 neque
2612 2090 2787 2146 fusile
2803 2094 2890 2162 (fy,
2918 2116 2938 2144 ι
2959 2108 3332 2164 consequens
3351 2099 3478 2149 erat
3496 2100 3561 2149 ut
3582 2096 3761 2151 etiam

2113 2180 2416 2253 sculptilia
2445 2180 2789 2236 adoraretis.
2822 2180 3127 2245 Quomodo
3155 2198 3289 2254 ergo
3312 2200 3433 2237 non
3466 2183 3646 2255 impie
3673 2184 3764 2240 fa-

2113 2272 2267 2335 citis,
2301 2271 2402 2342 qui
2444 2271 2706 2325 Creatori
2754 2271 3017 2341 quidem,
3068 2276 3135 2325 ut
3177 2271 3395 2337 dicitis,
3444 2273 3763 2340 resistitis;

2114 2378 2245 2434 quae
2279 2364 2419 2416 sunt
2448 2365 2647 2414 autem
2680 2358 3092 2414 meretricibus
3126 2365 3183 2413 et
3211 2359 3497 2415 adulteris
3519 2362 3758 2430 similia,

2113 2447 2470 2505 sectamini?
2498 2446 2802 2512 Quomodo
2833 2453 3031 2502 autem
3063 2464 3183 2502 non
3215 2449 3449 2504 sentitis
3476 2466 3574 2505 vos
3623 2467 3760 2506 eum

2110 2534 2401 2607 majorem
2432 2535 2648 2601 facere,
2682 2550 2861 2604 quem
2898 2551 3005 2606 pro
3050 2535 3351 2590 imbecillo
3387 2537 3656 2603 habetis;
3708 2539 3758 2593 si

2113 2624 2354 2697 quidem
2385 2623 2447 2677 id
2492 2623 2576 2690 ﬁt,
2624 2622 2784 2694 quod
2830 2623 2927 2677 hic
2973 2623 3133 2690 vult;
3178 2641 3299 2679 non
3342 2631 3539 2680 autem
3584 2626 3755 2695 illud,

2112 2712 2270 2786 quod
2288 2711 2473 2767 voluit
2486 2711 2680 2766 bonus
2700 2711 2728 2766 ‘I
2744 2717 2950 2767 contra
2968 2713 3129 2768 enim
3147 2714 3483 2769 ostenditur
3496 2715 3755 2786 quodam

2110 2800 2286 2858 modo
2309 2818 2344 2856 a
2364 2800 2525 2856 vobis
2543 2801 2709 2872 ipsis,
2734 2801 3099 2859 imbecillum
3121 2819 3270 2871 esse,
3296 2820 3473 2875 quem
3496 2809 3756 2862 vestrum

2108 2897 2341 2964 patrem
2372 2889 2588 2946 dicitis.
2623 2892 2955 2946 Recensent
2983 2892 3162 2948 etiam
3198 2910 3267 2948 ex
3297 2893 3756 2963 quibusdamlo-

2109 2982 2195 3038 cis
2213 2980 2576 3053 propheticis
2601 2978 2908 3051 decerptas
2925 2980 3237 3050 dictiones,
3262 2988 3320 3038 et
3335 2982 3491 3037 male
3509 2999 3755 3040 consar-

2111 3073 2359 3139 cinatas,
2394 3088 2525 3143 quae
2553 3071 2869 3143 allegorice
2902 3071 3059 3126 dicta
3091 3078 3230 3127 sunt
3260 3078 3542 3145 tanquam
3592 3080 3751 3131 recto

2107 3161 2287 3216 ductu
2306 3165 2365 3215 et
2381 3160 2531 3215 citra
2554 3160 2806 3231 ﬁguram
2825 3159 2981 3214 dicta
2999 3166 3323 3219 sumentes.
3358 3163 3574 3218 Dicunt
3592 3164 3754 3221 enim

2107 3250 2393 3320 scriptum
2444 3264 2609 3303 esse:
2658 3269 2686 3297 ‹‹
2737 3249 2853 3303 Deo
2902 3249 3270 3317 restiterunt,
3317 3257 3377 3305 et
3421 3251 3565 3306 salvi
3614 3253 3753 3308 facti

2107 3338 2335 3409 sunt(a)
2355 3354 2373 3391 :
2400 3359 2429 3385 »
2455 3336 2757 3391 illiautem
2783 3359 2811 3386 ‹‹
2836 3338 2953 3392 Deo
2986 3336 3317 3406 impudenti
3350 3360 3378 3387 »
3396 3339 3660 3409 addunt;
3696 3347 3755 3397 et

2105 3427 2217 3482 hoc
2241 3426 2543 3497 eloquium
2564 3432 2846 3496 tanquam
2868 3426 3189 3481 consilium
3212 3434 3572 3500 prazceptum
3594 3431 3749 3485 acci-

2104 3516 2275 3588 piunt
2300 3533 2312 3570 :
2334 3528 2388 3571 et
2413 3517 2525 3571 hoc
2540 3515 2614 3570 ad
2636 3515 2890 3570 salutem
2913 3516 3181 3570 conferre
3205 3516 3567 3584 existimant,
3590 3519 3751 3588 quod

2106 3605 2366 3660 Creatori
2385 3604 2690 3659 resistant.
2716 3606 2791 3658 At
2812 3628 2835 3652 α
2857 3604 3187 3674 impudenti
3207 3629 3231 3653 ››
3249 3605 3490 3677 quidem
3509 3631 3533 3655 κ
3563 3608 3700 3666 Deo,
3721 3630 3748 3657 ››

2104 3710 2223 3748 non
2256 3700 2345 3748 est
2378 3694 2687 3763 scriptum.
2738 3692 2795 3747 Si
2844 3700 3045 3748 autem
3096 3694 3180 3749 sic
3228 3711 3464 3766 quoque
3512 3695 3745 3763 habeat,

2105 3798 2262 3839 eum.
2296 3781 2397 3853 qui
2414 3787 2653 3836 vocatus
2679 3786 2770 3836 est
2789 3780 3081 3850 diabolus,
3106 3782 3421 3856 intelligite
3442 3784 3748 3856 impuden-

2103 3877 2258 3928 tem:
2290 3872 2381 3927 vel
2412 3872 2572 3943 quod
2620 3872 2926 3927 hominem
2978 3872 3295 3928 calumniis
3343 3873 3610 3946 impetat,
3657 3876 3749 3932 vel

2103 3962 2262 4034 quod
2292 3967 2533 4018 accuset
2580 3967 2940 4033 peccatores.
2992 3962 3083 4017 vel
3133 3963 3289 4034 quod
3341 3964 3418 4017 sit
3457 3972 3745 4035 apostata.

2103 4052 2365 4124 Populus
2400 4068 2558 4122 ergo,
2587 4052 2658 4107 de
2702 4068 2819 4122 quo
2846 4052 2957 4107 hoc
2988 4052 3212 4108 dictum
3244 4058 3351 4117 est,
3386 4070 3520 4109 cum
3572 4056 3752 4111 casti-

2102 4147 2340 4215 garetur
2368 4146 2612 4212 propter
2636 4157 2743 4195 sua
2774 4146 3035 4211 peccata,
3070 4158 3222 4213 aegre
3249 4142 3507 4197 ferentes
3556 4148 3614 4198 et
3648 4160 3751 4216 ge-

2103 4237 2354 4298 mentes,
2386 4231 2477 4286 his
2497 4230 2710 4289 verbis.
2736 4248 2865 4301 quaa
2899 4229 3056 4286 dicta
3083 4237 3241 4298 sunt,
3270 4232 3745 4300 murmurabant,

2102 4319 2262 4391 quod
2276 4317 2408 4373 alias
2433 4318 2674 4389 quidem
2697 4323 2903 4390 gentes
2927 4335 3062 4373 cum
3084 4318 3289 4391 inique
3315 4336 3378 4375 se
3399 4326 3606 4393 gerant
3623 4338 3744 4378 non

332 4397 386 4470 ἐξ
418 4400 492 4454 ὧν
519 4399 607 4454 καὶ
635 4398 698 4452 τὸ
729 4395 1089 4472 προκείμενον
1119 4397 1381 4471 τυγχάνει
1408 4395 1587 4470 ῥητόν.
1642 4398 1747 4453 Καὶ
1799 4401 1876 4471 μή
1933 4422 1985 4456 τι

2113 4409 2442 4471 Juniantur.
2467 4409 2580 4480 ipsi
2602 4414 2800 4464 autem
2819 4409 2881 4462 in
2906 4408 3154 4482 singulis
3171 4416 3455 4466 vexentur
3479 4429 3492 4478 ;
3514 4411 3660 4466 adeo
3678 4422 3743 4471 ut

331 4486 471 4565 πρός
527 4487 755 4548 τούτους
813 4486 841 4540 6
900 4484 1239 4548 ’Δπόστολος
1296 4483 1349 4540 ἐν
1405 4488 1474 4559 τῇ
1509 4485 1643 4561 πρὸς
1682 4489 1988 4563 Ῥωμαίους

2113 4497 2381 4553 Ieremias
2425 4513 2661 4569 quoque
2719 4497 2965 4552 dixerit:
3023 4518 3051 4546 «

3110 4498 3226 4552 Cur
3270 4498 3362 4553 via
3418 4499 3738 4572 impiorum

405 4605 560 4687 ,ιι-ξ.
595 4607 700 4687 52a
727 4605 1163 4687 DD._POTTE_R,
1188 4603 1430 4687 iii-542
1449 4604 1570 4687 ‘ED.
1604 4606 1833 4687 mnis.
1855 4682 1885 4687 _
1907 4610 1981 4683 (α)

2113 4631 2157 4670 1.
2185 4630 2227 4679 ι,
2256 4613 2363 4687 28;
2390 4630 2468 4679 1x,
2501 4614 2576 4687 Lg
2620 4612 2947 4687 _(b)AGeues.
2979 4629 3017 4679 ι,
3039 4616 3109 4668 29
3137 4630 3151 4677 ;
3182 4617 3378 4682 1x,2,3.
3457 4615 3528 4687 (ο)
3554 4616 3736 4671 Exod.

636 4678 712 4749 (ἀι
743 4676 890 4732 Ibid.
923 4691 1057 4737 χιιι.
1089 4679 1138 4730 1.
1216 4675 1284 4746 (e)
1318 4676 1484 4731 Deut.
1519 4693 1591 4740 νε,
1623 4680 1674 4732 5.

822 4793 925 4848 Cui
949 4808 1102 4848 mare
1130 4792 1351 4862 quidem
1376 4794 1630 4862 pervium

547 4865 726 4921 Pediti
754 4867 883 4932 erit,
918 4870 1068 4919 terra
1088 4870 1273 4919 autem
1300 4865 1674 4934 nqvigabitur.

330 4936 442 5009 Ubi
463 4936 812 5009 scholiasteﬁs
835 4935 961 4990 hinc
992 4934 1258 5009 adpotat_
1293 4950 1306 4988 :
1349 4932 1415 5009 _'O
1438 4932 1450 4934 θ
1470 4934 1686 5009 Ξέρξης
1733 4937 1825 4991 τὸν
1883 4939 1980 5009 μὲν

296 5010 297 5013 “
324 5005 737 5079 Ἑλλήσποντον
772 5003 1003 5078 ἔχωσεν,
1028 5001 1180 5079 Δἤτοι
1234 5004 1402 5079 βατῂν
1430 5011 1532 5079 γῆν
1554 5001 1835 5076 ἐποίησεν,
1883 5001 1976 5064 ὶὸν

320 4695 437 4748 nl,
470 4679 559 4733 21.

1752 4682 1821 4752 (Γ)
1854 4682 2018 4738 Deut.
2051 4702 2223 4755 xxvn,
2258 4686 2340 4738 15.

2093 4799 2237 4873 Πρὸς
2270 4806 2468 4857 autem
2497 4802 2561 4856 in
2593 4801 2701 4873 hac
2742 4800 3176 4873 signiﬁcatione
3231 4802 3452 4872 passim
3509 4802 3582 4859 ab
3624 4803 3737 4861 hoc

2090 4871 2294 4945 nostro
2318 4873 2621 4945 usurpari,
2633 4871 2819 4945 docet
2846 4874 3018 4927 Inderc
3040 4871 3304 4945 Sylburg.

2088 5014 2348 5086 Grzc._p.
2386 5018 2484 5086 108
2539 5015 2679 5086 edit.
2720 5017 2903 5086 ,Oxon

2419 4692 2493 4754 ’g)
2528 4685 2773 4740 Malach.
2803 4702 2881 4752 ιιι,
2912 4688 2996 4742 15.

2507 4936 2859 5000 ιαόπὶλΛοντα.
2925 4936 3190 5000 Justinus
3248 4936 3313 4999 ΠΙ.
3375 4946 3593 5001 Cohort.
3663 4947 3738 5002 ad

2960 5015 3103 5069 :"Ov
3159 5012 3420 5081 διάὴολον
3482 5016 3535 5069 αἱ
3595 5016 3731 5071 θεῖαι

2160 4944 2272 5014 (18)
2330 4943 2416 5004 Ὠς

327 5076 386 5171 ξὶ
415 5080 592 5171 Ἀθρυν
623 5073 750 5165 ὅρος
773 5073 976 5171 κόψας,
1024 5073 1248 5171 ἐποίησε
1296 5073 1590 5171 θάλασσαγ.
1625 5073 1734 5163 ὡς’.
1758 5080 1786 5134 6
1816 5081 1979 5157 ’Πρό-
2084 5073 2603 5171 ξραφαὶικαλοῦξιν,
2637 5084 2741 5139 ἀπὸ
2766 5088 2896 5171 ,τῆς
2954 5085 3181 5155 πρώτης
3238 5073 3402 5171 αύτοῦ
3445 5087 3605 5171 πρὸς,
3640 5087 3730 5141 τὸν

324 5147 485 5212 δοτος
511 5147 738 5223 ἱστορεῖ.
771 5147 940 5223 Conf.
967 5167 1100 5223 qua:
1139 5148 1221 5205 ibi
1245 5148 1498 5223 adnotat
1520 5152 1831 5223 Meursius.

394 5223 598 5295 (16)οἱ
638 5218 742 5283 ’τὰς
799 5218 1040 5297 ἱστορίας
1076 5218 1286 5297 συνταξ.
1333 5221 1677 5297 _I_l_erodotus
1737 5226 1972 5297 Polyhy-

321 5291 562 5368 mnia'p.
591 5298 716 5363 249,
747 5298 844 5350 251
884 5312 899 5354 ;
926 5291 1305 5368 Thucydides
1333 5291 1435 5368 li_b.
1486 5311 1560 5355 ιν.
1591 5312 1647 5367 p.
1678 5299 1778 5352 156
1811 5291 1968 5366 ;Ἀξ--

321 5363 526 5424 rianus
556 5368 660 5438 lib.
692 5384 744 5435 v,
776 5384 836 5438 p,
868 5368 991 5432 103,
1024 5363 1228 5438 et‘alii.
1259 5363 1327 5438 ΗῙ
1362 5363 1637 5423 SvLBURé.

391 5434 845 5510 (17)λΔείκνυταίᾲ
886 5456 1004 5499 πως
1068 5436 1221 5508 ὑμῶν
1268 5435 1468 5510 αὐτῶν.
1529 5438 1699 5495 Forte
1733 5434 1965 5510 62mm-

315 5507 405 5562 ται
432 5507 570 5584 πρὸς
605 5509 758 5582 ὑμῶν
790 5508 992 5583 αὐτῶν,
1027 5530 1055 5561 ι(
1085 5507 1420 5567 Ostenditur
1447 5526 1483 5567 a
1509 5510 1675 5567 vobis
1728 5508 1899 5585 ipsis.
1930 5534 1962 5564 κ

2084 5152 2656 5235 ἄνθρωπον-διαϐολῆς
2684 5152 2887 5235 ταύτης
2913 5152 3033 5235 τῆς-
3056 5152 3428 5235 προσηγορίας
3468 5152 3726 5235 τυχόντα.

2081 5250 2109 5278 (ι
2144 5231 2328 5295 Quem
2360 5230 2662 5303 diabolum
2684 5230 2898 5286 divina:
2916 5230 3230 5303 Scriptura?
3253 5230 3523 5297 vocant,a
3536 5230 3727 5303 prima

2081 5317 2188 5357 sua
2207 5303 2492 5359 adversus
2548 5302 2854 5358 hominem
2891 5301 3191 5360 calumnia
3221 5311 3278 5360 et
3306 5301 3722 5360 criminatione

2076 5373 2318 5430 nomine
2349 5379 2623 5446 sumpto.»
2640 5396 2669 5424 n

2145 5447 2254 5518 (19)
2286 5446 2382 5501 Διά
2401 5443 2568 5503 τίῘΤί
2593 5444 2699 5518 ὅτι,
2721 5447 2936 5503 Jerem.
