4034 6148
261 249 402 305 1143

1474 251 1886 310 CLEMENTIS
1923 246 2431 301 ALEXANDBINI

3532 245 3685 303 1144

253 382 639 450 prosperatur
659 376 735 448 (α)
753 378 782 434 ?
798 400 823 428 ν)
850 377 1005 449 quod
1025 378 1220 433 simile
1243 383 1333 433 est
1354 378 1430 446 ei,
1457 375 1612 448 quod
1633 374 1798 447 prius
1822 372 1906 429 al-

2032 364 2286 441 ἐπιστολῇ
2338 367 2762 441 ἀποτεινόμενος
2814 369 3034 449 γράφειν
3086 394 3115 427 α
3175 369 3275 427 Καὶ
3359 372 3436 445 μὴ
3491 372 3680 437 καθὼς

254 467 443 523 latum
472 474 560 523 est
585 484 655 523 ex
684 467 1004 522 Malachia:
1047 489 1073 520 α
1116 468 1233 522 Deo
1265 469 1635 530 restiterunt,
1670 470 1729 519 et
1761 462 1903 519 salvi

256 556 396 613 facti
429 561 585 612 sunt.
613 576 640 605 »
669 557 814 611 Nam
834 555 1139 627 prophetze
1165 554 1446 610 divinitus
1466 553 1757 625 inspirati,
1784 569 1903 607 non

259 646 453 702 solum
485 662 615 716 quae
645 660 680 698 a
710 646 826 700 Deo
857 645 1177 710 audierint,
1208 662 1269 699 se
1299 644 1462 716 loqui
1512 644 1905 715 proﬁtentur;

2021 455 2518 532 βλασφημούμεθα,
2548 456 2639 511 καὶ
2685 459 2863 520 καθώς
2892 460 3019 537 φασί
3079 480 3220 523 τινες
3262 462 3411 535 ἡμᾶς
3468 458 3678 538 λέγειν⁹

2016 544 2124 615 ὅτι,
2158 546 2484 616 Ποιήσωμεν
2542 547 2613 602 τὰ
2666 551 2825 614 κατὰ,
2854 548 2947 602 ἳνα
3002 546 3133 615 ἔλθη
3182 549 3249 604 τὰ
3306 551 3500 625 ἀγαθὰ,
3536 574 3565 601 ››
3596 552 3677 606 ὧν

2012 634 2075 688 τὸ
2109 634 2276 707 κρίμα
2303 631 2509 689 ἔνδικόν
2544 634 2686 690 ἐστιν
2722 655 2736 705 ;
2771 636 2937 693 Οὗτοί
2972 637 3106 691 εἰσιν
3159 639 3210 693 οἱ
3242 641 3379 694 κατὰ
3416 640 3516 708 τὴν
3551 637 3681 694 ἁνᾶ-

259 735 363 790 sed
395 739 453 788 et
481 734 593 805 ipsi
621 734 802 789 etiam
835 734 1031 790 solent
1070 751 1158 803 ea,
1186 752 1317 806 quas
1344 736 1513 806 vulgo
1537 734 1846 805 jactantur
1876 747 1910 786 a

2032 744 2209 800 {vwow
2241 730 2427 798 φωνῆς
2455 724 2600 797 τόνῳ
2661 722 3075 802 διαστρέφοντες
3131 726 3227 789 τὰς
3281 728 3496 804 Γραφᾶς
3538 730 3680 805 πρὸς

256 823 500 895 populo,
549 824 914 896 exceptionis
974 824 1171 892 modo,
1220 824 1473 891 edicere,
1523 828 1582 878 et
1625 829 1907 893 tanquam

2032 815 2108 877 τὰς
2142 812 2282 876 ἰδίας
2314 812 2537 885 ἠδονὲις,
2569 815 2658 870 καί
2697 837 2859 870 τινων
2913 815 3240 893 προσῳδιῶν
3299 820 3390 874 καὶ
3423 824 3674 895 στιγμῶν

260 910 620 983 quaastiones
637 912 710 967 ab
725 911 1069 967 hominibus
1088 920 1275 968 motas
1294 913 1513 968 referre
1540 929 1553 966 :
1574 910 1908 983 cujusmodi

259 1003 351 1054 est
380 998 530 1054 illud
562 999 810 1069 dictum,
844 1001 1014 1071 cujus
1038 1000 1260 1055 mentio
1285 1000 1413 1072 jam
1444 998 1598 1055 facta
1620 1004 1727 1054 est.
1749 1000 1908 1053 Nun-

260 1087 402 1159 quid
434 1093 631 1142 autem
662 1088 736 1143 ad
754 1088 862 1143 hos
891 1089 1069 1143 verba
1099 1104 1207 1143 sua
1226 1088 1508 1161 dirigens,
1533 1087 1911 1157 scribitApo—

2020 904 2296 978 μεταθέσει
2326 904 2393 959 τὰ
2422 904 2862 981 παραγγελθέντα
2919 906 3216 984 σωφρόνως
3273 928 3331 962 τε
3385 909 3474 963 καὶ
3534 930 3679 982 συμ-

2017 995 2291 1070 φερόντως
2343 993 2657 1068 βιαζόμενοι
2715 996 2853 1069 πρὸς
2891 993 3225 1065 ἡδυπαθείας
3295 997 3390 1058 τὰς
3445 998 3674 1052 ἑαυτῶν·

2021 1107 2046 1138 ι
2080 1085 2148 1141 Οἱ
2178 1083 2569 1158 παροξύνοντες
2598 1087 2710 1157 (20)
2767 1084 2862 1139 τόν
2918 1086 3047 1141 Θεὸν
3103 1091 3222 1149 τοῖς
3273 1085 3462 1163 λόγοις
3493 1088 3675 1161 ὑμῶν,

262 1176 453 1232 stolus
480 1177 543 1232 in
591 1178 853 1249 Epistola
891 1178 964 1233 ad
1011 1180 1348 1233 Romanos:
1404 1202 1431 1227 (ι
1479 1180 1548 1232 Ει
1586 1193 1708 1232 non
1759 1176 1912 1231 sicut

2032 1174 2049 1229 5
2083 1170 2376 1249 Μαλαχίας
2409 1174 2565 1251 φησὶ,
2596 1172 2686 1228 καὶ
2718 1172 2922 1230 εἷ’πατε·
2980 1176 3069 1233 Ἐν
3124 1176 3233 1230 τίνι
3286 1177 3681 1254 παρωξύναμεν

261 1264 770 1337 blasphemamur,
804 1271 863 1321 et
891 1267 1043 1321 sicut
1072 1266 1279 1322 dicunt
1308 1267 1492 1337 aliqui
1525 1282 1636 1321 nos
1665 1272 1727 1333 py
1749 1265 1908 1320 dice-

258 1371 322 1410 re
350 1372 362 1408 :
387 1355 696 1410 Faciamus
726 1355 904 1424 mala,
935 1362 1001 1409 ut
1030 1356 1303 1411 eveniant
1332 1354 1489 1410 bona
1530 1371 1784 1426 quorum
1810 1353 1911 1425 ju-

261 1450 353 1500 sta
368 1450 458 1499 est
474 1444 777 1500 damnatio
800 1445 919 1515 (b)?
949 1468 974 1492 »ι
1004 1445 1049 1499 Ii
1082 1450 1240 1508 sunt,
1275 1445 1374 1515 qui
1407 1444 1564 1499 inter
1590 1443 1907 1515 legendum

2019 1261 2222 1329 αὐτόν;
2258 1265 2454 1335 Ἐντῷ
2501 1262 2675 1339 λέγειν
2739 1264 2898 1337 ὑμᾶς’
2954 1269 3066 1328 Πᾶς
3122 1265 3150 1318 ὁ
3206 1270 3379 1320 ποιῶν
3435 1267 3680 1339 πονηρὸν

2020 1351 2222 1426 ἀγαθὸς
2270 1349 2502 1406 ἐνώπιον
2552 1351 2776 1425 Κυρίου,
2832 1354 2924 1407 καὶ
2994 1353 3045 1408 ἐν
3108 1354 3293 1417 αὐτοῖς
3342 1352 3675 1425 ηὐδόκησεν·

2017 1440 2107 1494 καὶ
2129 1443 2235 1493 ποῦ
2263 1438 2403 1495 ἔστιν
2434 1441 2462 1495 6
2486 1441 2616 1504 Θεὸς
2638 1444 2738 1504 τῆς
2762 1440 3115 1513 δικαιοσύνης
3149 1463 3163 1512 ;
3199 1466 3227 1494 ››

264 1537 405 1588 tono
438 1533 595 1588 vocis
625 1538 969 1604 pervertunt
998 1534 1330 1605 Scripturas
1376 1533 1451 1588 ad
1499 1533 1767 1605 proprias
1814 1531 2164 1603 voluptates,
2201 1535 2259 1585 et
2303 1532 2696 1601 quorumdam
2729 1534 2884 1589 190
2913 1540 3268 1589 accentuum
3317 1538 3376 1589 et
3422 1538 3681 1606 puncto-

264 1638 398 1677 rum
431 1622 917 1693 transpositione,
951 1639 1082 1692 quaa
1113 1621 1439 1693 prudenter
1469 1628 1527 1676 et
1556 1621 1785 1676 utiliter
1830 1625 2127 1692 praecepta
2170 1625 2328 1688 sunt,
2362 1620 2436 1675 ad
2467 1637 2606 1676 suas
2634 1622 2880 1677 trahunt
2922 1622 3166 1678 delicias
3221 1645 3250 1674 α
3282 1623 3393 1688 Qui
3431 1623 3683 1678 irritatis

268 1712 456 1766 Deum
489 1711 864 1766 sermonibus
894 1712 1122 1780 vestris,
1154 1733 1180 1761 ››
1214 1711 1408 1782 inquit
1436 1711 1772 1777 Malachias,
1805 1733 1831 1759 «
1860 1716 1918 1765 et
1948 1708 2165 1776 dicitis,
2200 1709 2260 1763 in
2293 1726 2553 1780 quonam
2586 1726 2721 1765 eum
2753 1712 3162 1767 irritavimus?
3207 1713 3356 1767 Dum
3399 1730 3496 1767 vos
3525 1712 3684 1767 dici-

264 1800 341 1855 tis
377 1815 390 1854 :
420 1800 767 1871 Quicunque
796 1800 938 1856 facit
967 1799 1213 1867 malum,
1246 1800 1437 1855 bonus
1468 1806 1560 1855 est
1586 1816 1784 1855 coram
1818 1798 2090 1867 Domino,
2123 1802 2182 1852 et
2210 1797 2338 1869 ipse
2369 1797 2431 1852 in
2459 1798 2545 1853 eis
2574 1799 2974 1871 complacuit;
3007 1805 3066 1855 et
3093 1800 3194 1855 ubi
3245 1806 3336 1856 est
3358 1802 3510 1857 Deus
3532 1801 3683 1873 jus-

264 1889 410 1944 titiaa
441 1889 511 1960 (c)
531 1888 561 1944 γ
586 1910 614 1939 )›

1794 1977 2026 2032 CAPUT
2072 1976 2138 2033 V.

423 2067 535 2121 Duo
563 2083 763 2136 genera
794 2067 1175 2124 haereticorum
1203 2073 1398 2133 notat;
1426 2069 1586 2139 prius
1615 2066 1840 2121 illorum
1868 2068 1967 2135 qui
1996 2066 2182 2119 omnia
2206 2066 2451 2120 omnibus
2483 2064 2643 2121 licere
2666 2068 3066 2136 pronuntiant,
3099 2083 3231 2139 quos
3263 2070 3532 2137 refutant.

338 2165 418 2219 Ne
441 2180 576 2237 ergo
608 2165 766 2220 hunc
809 2165 1004 2221 locum
1047 2183 1242 2240 ungue
1273 2165 1530 2239 amplius
1560 2164 1909 2228 fodicantes,
1944 2175 1989 2240 Β

272 2252 534 2325 plurium
557 2254 948 2310 absurdarum
968 2255 1286 2310 hmresium
1312 2254 1760 2310 meminerimus
1781 2268 1921 2321 ;nec

268 2359 475 2399 rursus
496 2342 637 2398 dum
660 2344 721 2398 in
748 2344 996 2417 singulis
1018 2344 1298 2399 adversus
1321 2359 1806 2415 unamquamque
1828 2342 1914 2397 di-

268 2448 401 2488 cere
434 2448 676 2487 necesse
708 2433 1018 2501 habemus,
1068 2438 1381 2506 propterea
1428 2433 1651 2505 pudore
1695 2431 1921 2487 afficia-

268 2537 422 2588 mur,
458 2526 516 2575 et
544 2522 724 2577 nimis
757 2522 1016 2594 prolixos
1061 2523 1170 2577 hos
1215 2522 1504 2577 faciamus
1553 2527 1924 2577 commenta—

269 2609 413 2675 rios,
445 2626 549 2683 age
582 2610 643 2664 in
676 2610 790 2665 duo
819 2610 1148 2666 dividentes
1171 2628 1379 2666 omnes
1407 2610 1686 2677 haereses,
1721 2610 1807 2665 eis
1824 2625 1918 2664 re-

274 2698 694 2770 spondeamus.
728 2702 841 2755 Aut
870 2700 1027 2754 enim
1069 2700 1287 2755 docent
1333 2699 1652 2755 indiscrete
1696 2699 1919 2753 vivere:

273 2792 377 2844 aut
404 2788 648 2843 modum
675 2789 1047 2854 excedentes,
1084 2806 1189 2861 per
1220 2789 1585 2859 impietatem
1632 2793 1689 2843 et
1719 2787 1922 2842 odium

275 2876 633 2949 profitentur
653 2876 1103 2931 continentiam.
1130 2876 1298 2931 Prius
1317 2882 1515 2931 autem
1549 2876 1923 2931 tractandum

277 2971 367 3020 est
397 2963 468 3018 de
502 2965 693 3035 prima
718 2969 904 3036 parte.
940 2964 1105 3029 Quod
1137 2966 1184 3019 si
1217 2965 1375 3037 quod
1405 2965 1551 3020 libet
1580 2965 1707 3019 vitaz
1738 2980 1923 3038 genus

275 3053 418 3107 licet
446 3053 685 3125 eligere,
722 3058 844 3108 tum
877 3070 1005 3109 eam
1039 3054 1264 3110 scilicet
1296 3054 1474 3110 etiam
1497 3054 1656 3121 licet,
1681 3070 1812 3124 quae
1836 3058 1927 3108 est

276 3141 592 3197 continens
619 3158 631 3195 :
664 3147 722 3197 et
751 3143 799 3197 si
831 3142 1055 3198 electus
1073 3148 1195 3198 tute
1218 3144 1436 3215 poterit
1464 3142 1772 3214 quodlibet
1793 3142 1923 3196 vitae

277 3247 462 3304 genus
489 3231 722 3298 sectari,
745 3232 1128 3288 manifestum
1152 3238 1240 3288 est
1257 3249 1408 3300 eam,
1430 3249 1560 3304 qua:
1584 3237 1922 3302 temperan-

282 3325 370 3374 ter
391 3324 448 3374 et
469 3320 795 3375 secundum
820 3322 1093 3376 virtutem
1116 3321 1328 3389 agitur,
1361 3321 1536 3393 longe
1564 3320 1923 3375 tutissimam

283 3424 433 3463 esse.
455 3410 599 3463 Nam
627 3426 759 3464 cum
797 3430 818 3461 ι
848 3408 1090 3464 domino
1115 3408 1366 3476 sabbati,
1392 3432 1416 3458 ››
1444 3408 1677 3464 etiamsi
1710 3407 1922 3461 intem-

280 3503 558 3569 peranter
588 3498 756 3564 vivat,
789 3498 955 3553 nulla
972 3497 1121 3553 ratio
1146 3498 1449 3552 reddenda
1470 3497 1564 3562 sit,
1589 3496 1776 3551 multo
1798 3512 1922 3551 ma-

277 3586 364 3658 gis
388 3587 487 3657 qui
520 3586 695 3643 vitam
720 3586 1024 3642 moderate
1047 3592 1105 3641 et
1127 3592 1450 3657 temperate
1474 3585 1750 3652 instituit,
1772 3585 1920 3639 nulli

278 3674 391 3729 erit
421 3675 635 3730 rationi
677 3675 996 3731 reddenda)
1041 3675 1353 3731 obnoxius.
1404 3674 1617 3730 Omnia
1647 3673 1806 3729 enim
1850 3672 1925 3727 li-

277 3770 431 3827 cent,
466 3764 569 3819 sed
592 3780 710 3819 non
735 3764 940 3820 omnia
961 3764 1284 3836 expediunt
1304 3764 1406 3836 (ά),
1434 3787 1459 3812 ι»
1485 3764 1565 3819 ait
1586 3762 1922 3835 Apostolus.

278 3853 442 3918 Quod
475 3854 520 3909 si
545 3854 749 3909 omnia
775 3853 978 3915 licent.
1003 3853 1274 3908 videlicet
1293 3852 1663 3908 moderatum
1689 3868 1925 3923 quoque

278 3948 436 3997 esset
464 3948 523 3996 et
552 3948 1000 4014 temperantem.
1031 3941 1541 4007 Quemadmodum
1585 3958 1720 4013 ergo
1757 3943 1807 3995 is
1838 3946 1929 3996 est

277 4030 634 4094 laudandus,
667 4032 766 4102 qui
797 4030 1069 4085 libertate
1094 4046 1199 4085 sua
1222 4047 1364 4085 usus
1396 4036 1488 4085 est
1512 4030 1582 4085 ad
1614 4029 1923 4086 vivendum

280 4138 349 4176 ex
378 4121 629 4176 virtute:
664 4121 745 4175 ita
776 4119 963 4174 multo
1011 4119 1195 4189 magis
1245 4119 1345 4189 qui
1377 4118 1540 4173 dedit
1570 4119 1742 4174 nobis
1773 4119 1921 4172 libe-

276 4227 403 4266 ram
436 4209 623 4265 nostri
652 4214 1023 4280 potestatem,
1047 4214 1103 4263 et
1128 4209 1423 4263 concessit
1449 4209 1638 4263 vivere
1661 4213 1727 4262 ut
1750 4208 1923 4263 velle-

275 4317 430 4363 mus,
467 4305 557 4354 est
584 4297 956 4353 venerandus
989 4303 1046 4351 et
1065 4297 1422 4361 adorandus,
1456 4297 1615 4368 quod
1636 4313 1755 4351 non
1792 4314 1927 4368 per-

276 4389 526 4452 miserit,
561 4393 627 4442 ut
646 4394 851 4443 nostra
873 4386 1082 4442 electio
1116 4393 1174 4441 et
1192 4386 1392 4441 vitatio
1414 4386 1691 4457 cuiquam
1714 4401 1925 4440 neces-

277 4478 432 4532 sario
465 4476 730 4533 serviret.
763 4477 821 4531 Si
857 4482 946 4531 est
966 4482 1164 4532 autem
1196 4481 1444 4547 uterque
1467 4491 1634 4545 aeque
1658 4490 1923 4542 securus,

275 4571 335 4619 et
351 4567 449 4635 qui
475 4565 997 4629 incontinentiam,
1020 4571 1077 4621 et
1095 4565 1193 4635 qui
1213 4565 1643 4620 continentiam
1662 4563 1924 4635 elegerit,

277 4670 398 4708 non
430 4661 520 4709 est
550 4660 748 4710 tamen
780 4672 851 4709 ex
874 4670 1040 4725 aequo
1064 4654 1380 4708 honestum
1405 4658 1464 4708 et
1491 4653 1793 4707 decorum.
1817 4651 1927 4717 Qui

280 4742 445 4797 enim
474 4744 719 4813 impegit
749 4744 809 4798 in
838 4743 1196 4814 voluptates,
1236 4742 1604 4813 gratiﬁcatur
1650 4741 1882 4812 corpori
1910 4757 1922 4795 :

280 4834 621 4900 temperans
651 4836 847 4885 autem
866 4831 1127 4885 animam
1158 4830 1422 4899 corporis
1448 4829 1750 4884 dominam
1778 4828 1926 4882 libe-

282 4926 374 4973 rat
402 4936 437 4974 a
468 4918 1032 4990 perturbationibus.
1068 4921 1137 4973 Et
1166 4920 1213 4973 si
1248 4919 1449 4974 dicant
1476 4935 1585 4973 nos
1613 4941 1639 4967 α
1694 4923 1925 4972 vocatos

279 5008 463 5063 fuisse
496 5008 554 5061 in
577 5007 936 5075 libertatem,
960 5007 1333 5063 solummodo
1354 5023 1430 5062 ne
1460 5007 1831 5079 praebeamus
1853 5006 1928 5061 li-

350 5114 414 5179 ιιε
445 5117 509 5169 Ρ.
544 5117 645 5168 529
678 5115 787 5167 ED.
822 5115 1113 5179 POTTEB,
1147 5116 1247 5169 443
1279 5115 1391 5170 ΕΙ).
1425 5116 1652 5171 PARIS.

283 5188 415 5244 Cor.
453 5203 527 5253 v1,
565 5188 669 5250 l3;
702 5201 758 5249 χ,
790 5186 878 5240 23.

357 5288 467 5357 (20)
507 5278 950 5357 Διῐαοοξιένοντεςε
1000 5278 1422 5357 ,Παροξρνανρτες
1501 5283 1772 5357 Μδ]βοὶι.,
1830 5283 1929 5357 ubi

288 5349 457 5425 mox,
505 5352 556 5409 ἓν
591 5349 707 5427 τοῖς
740 5351 864 5427 λογΣ
889 5351 1078 5427 _dein,
1110 5349 1288 5405 anldv
1321 5350 1551 5405 ἐνώπιον
1584 5353 1810 5427 Κυρίου,
1840 5353 1929 5407 καὶ

286 5428 338 5484 ἐν
371 5420 558 5489 αὐτοῖς
588 5424 750 5489 αὐτὸς
779 5420 1058 5490 εὖδόκησε.

360 5504 468 5573 (21)
495 5501 593 5558 ⁶¹Ιν⁹
622 5489 1239 5573 οὖν..ῌέπιμεμνήμεθα.
1284 5494 1586 5563 Usitatius,
1639 5489 1714 5546 τίν³
1771 5493 1930 5553 οὖν...

287 5570 737 5647 ἐπιμεμνώμεθα.
771 5571 1045 5626 SYLBURG.

1729 5117 1806 5186 (α)
1835 5115 2049 5170 Jerem.
2082 5132 2180 5187 xu,
2217 5120 2266 5170 1.
2343 5116 2423 5185 (b)
2453 5117 2621 5172 Rom.
2656 5132 2743 5189 ιιι,
2775 5119 2826 5172 8.
2905 5118 2978 5190 (c)
3012 5116 3257 5173 Malach.
3292 5134 3350 5187 ιι,
3383 5117 3472 5174 47.

2091 2161 2184 2217 "lv’
2219 2158 2312 2215 οὖν
2344 2164 2453 2232 (21)
2507 2162 2608 2234 μὴ,
2667 2159 2952 2218 ἐπιπλεῖον
3019 2163 3373 2239 όνυχίζοντες
3423 2166 3537 2238 (22)
3590 2166 3689 2220 τὸν

2025 2249 2193 2304 τόπον
2229 2293 2244 2320 ,
2294 2248 2560 2305 πλειόνων
2620 2251 2834 2306 ἀτόπων
2900 2252 3156 2326 αἱρέσεων
3240 2248 3690 2326 ἕπιμεμνήμεθα,

2032 2336 2163 2411 μηδ’
2221 2336 2286 2392 αὖ
2344 2340 2457 2393 καθ’
2515 2339 2743 2408 ἑκάστην
2802 2339 2981 2396 αὐτῶν
3038 2338 3214 2418 λέγειν
3270 2341 3407 2416 πρὸς
3457 2341 3692 2413 ἑκάστην

2027 2426 2486 2502 ἀναγκαζόμενοι,
2539 2426 2932 2501 αἴσχυνώμεθά
2986 2451 3045 2485 τε
3074 2429 3158 2483 ἐπ’
3190 2429 3399 2499 αὐτοῖς,
3456 2430 3549 2486 καὶ
3598 2431 3692 2487 ἐπὶ

2032 2518 2299 2589 μήγιστον
2354 2517 2422 2570 τὰ
2506 2516 2880 2589 ὑπομνήματα
2962 2519 3313 2593 προάγωμεν
3396 2518 3548 2596 φέρε,
3615 2518 3693 2582 εἷς

2030 2601 2130 2659 δύο
2163 2600 2434 2666 διελόντες
2465 2605 2763 2681 πράγματα
2820 2605 3026 2668 ἁπάσας
3083 2607 3181 2670 τὰς
3245 2604 3504 2681 αῗρέσεις,
3552 2607 3692 2662 ἀπο-

2029 2695 2345 2769 κρινώμεθα
2384 2695 2589 2757 αὐτοῖς’
2647 2693 2682 2765 ἤ
2739 2696 2841 2772 γάρ
2885 2717 2972 2751 τοι
3031 2693 3342 2775 ἀδιαφόρως
3391 2701 3487 2771 ζῇν
3545 2695 3696 2753 διδά-

2031 2804 2272 2850 σκουσιν,
2305 2782 2363 2856 ἢ,
2418 2783 2478 2838 τὸ
2537 2783 2829 2860 ὑπέρτονον
2887 2781 3142 2860 ἄγουσαι,
3202 2783 3516 2861 ἐγκράτειαν
3606 2783 3698 2841 διὰ

2033 2867 2346 2934 δυσσεϐείας
2425 2871 2515 2927 καὶ
2602 2874 3175 2949 φιλαπεχσημοσύνης
3231 2872 3693 2949 καταγγέλλοιπσι.

2033 2960 2303 3037 Πρότερον
2333 2959 2391 3016 δὲ
2435 2963 2698 3037 περὶτοῦ
2756 2964 3022 3038 προτέρου
3083 2961 3414 3033 διαληπτέον
3472 2965 3699 3037 τμῆμα-

2028 3071 2141 3111 τος·
2177 3049 2221 3104 εἰ
2254 3051 2427 3105 πάντα
2457 3046 2655 3121 ἔξεστιν
2700 3050 2913 3107 ἑλέσθαι
2977 3052 3117 3127 βίον,
3174 3048 3344 3122 δῆλον
3404 3053 3489 3107 ’ὁτι
3575 3055 3694 3126 (23)

2028 3139 2241 3195 καὶτὸν
2279 3142 2396 3213 μετ’
2446 3139 2783 3217 ἐγκρατείας·
2845 3140 2937 3197 καὶ
2977 3140 3022 3197 εἷ
3070 3148 3175 3204 πᾶς
3238 3141 3353 3216 βίος
3412 3139 3696 3203 ἀκίνδυνος

2031 3226 2291 3300 ἐκλεκτῷ,
2352 3225 2522 3298 δῆλον
2583 3228 2665 3285 ὅτι
2730 3231 2863 3303 μετὰ
2912 3231 3109 3305 ἂρετῆς
3187 3231 3277 3285 καὶ
3335 3228 3697 3307 σωφροσύνης

2030 3314 2176 3371 πολὺ
2212 3314 2426 3389 μᾶλλον
2457 3313 2763 3380 ἀκίνδυνος³
2826 3314 3078 3388 δοθείσης
3106 3319 3207 3393 γὰρ
3257 3317 3497 3390 ἐξουσίας
3551 3343 3579 3369 ‹‹
3610 3321 3695 3390 τῷ

2031 3404 2205 3481 κυρίῳ
2260 3409 2357 3460 τοῦ
2410 3400 2704 3477 σαϐϐάτου,
2772 3429 2796 3459 ι
2863 3406 3014 3482 εἷ’περ
3101 3405 3416 3470 ἀκολάστως
3473 3409 3697 3482 βιῶσαι,

2034 3491 2323 3557 ἀνεύθυνον
2357 3493 2514 3563 εἶναι,
2545 3492 2747 3567 πολλῷ
2781 3493 2994 3568 μᾶλλον
3044 3497 3072 3550 6
3093 3496 3340 3569 κοσμίως
3372 3495 3700 3552 πολιτευσά-

2037 3601 2196 3654 μενος
2232 3580 2340 3657 οὐχ
2371 3582 2670 3647 ὑπεύθυνος
2697 3579 2864 3640 ἔσται.
2898 3608 2926 3636 ‹‹
2989 3585 3168 3640 Πάντα
3209 3584 3305 3657 μὶν
3332 3584 3432 3659 γὰρ
3465 3582 3693 3657 ἔξεστιν,

2030 3669 2158 3728 ἀλλ’
2189 3671 2250 3727 οὐ
2281 3671 2458 3728 πάντα
2488 3674 2769 3751 συμφέρει,
2805 3698 2833 3727 ››
2865 3674 3029 3752 φησὶν
3062 3675 3089 3730 6
3121 3674 3485 3737 Ἀπόστολος.
3519 3675 3579 3730 El
3629 3672 3696 3731 δὲ

2029 3760 2119 3814 καὶ
2151 3762 2325 3817 πάντα
2355 3757 2546 3833 ἔξεστι,
2582 3760 2757 3832 δῆλον
2790 3762 2871 3818 ὅτι
2902 3765 2993 3819 καὶ
3023 3764 3085 3819 τὸ
3120 3769 3445 3841 σωφρονεῖν.
3476 3765 3689 3840 Ὠσπερ

2031 3848 2123 3903 οὖν
2153 3851 2180 3905 6
2210 3853 2278 3924 τῇ
2311 3849 2528 3922 ἐξουσίᾳ
2556 3850 2632 3913 εἷς
2662 3852 2724 3907 τὸ
2782 3853 2898 3907 κατ’
2930 3852 3128 3927 ἀρετῆν
3185 3853 3380 3928 βιῶσαι
3431 3872 3691 3927 συγχρη-

2032 3940 2263 4011 σάμενος
2297 3939 2598 4008 ἐπαινετὸς,
2632 3940 2774 3995 οὕτω
2804 3940 2949 3996 πολῦ
2986 3940 3199 4015 μᾶλλον
3228 3943 3256 3996 ὁ
3313 3942 3413 4008 τήν
3442 3939 3692 4011 ἐξουσίαν

2030 4030 2167 4101 ἡμῖν
2199 4025 2452 4091 δεδωκὼς
2510 4027 2793 4105 ἐλευθέραν
2852 4030 2940 4084 καὶ
3001 4030 3216 4104 κυρίαν,
3277 4029 3692 4105 καὶσυγχωρή-

2031 4138 2125 4178 σας
2156 4119 2292 4189 ἡμῖν
2326 4118 2477 4191 βιοῦν
2511 4119 2583 4180 ὡς
2618 4118 2954 4195 βουλόμεθα,
2982 4118 3178 4191 σεμνὸς
3234 4119 3322 4172 καὶ
3383 4138 3693 4194 προσκυνη-

2030 4207 2147 4276 τὸς,
2193 4210 2266 4280 μὴ
2303 4208 2460 4268 ἐάσας
2496 4205 2771 4263 δουλεῦειν
2805 4211 2966 4281 ἡμῶν
3015 4209 3151 4263 κατὰ
3208 4207 3443 4285 ἀνάγκην
3474 4207 3569 4270 τὰς
3604 4208 3691 4262 αἰ-

2034 4296 2206 4372 ρέσιιις
2236 4297 2320 4351 καί
2355 4298 2453 4357 τὰς
2485 4297 2676 4371 φυγάς.
2713 4296 2773 4352 Εἰ
2833 4294 2891 4352 δὲ
2945 4298 3008 4352 τὸ
3058 4295 3206 4359 ἀδεὲς
3237 4296 3487 4372 ἑκάτερος
3546 4292 3692 4371 ἔχει,

2032 4384 2148 4441 ὅτε
2204 4385 2460 4460 ἀκρασίαν
2518 4385 2548 4440 6'
2611 4407 2670 4441 τε
2726 4386 3036 4461 ἐγκράτειαν
3091 4385 3376 4460 ἐλόμενος,
3429 4386 3572 4443 ἀλλὰ
3626 4387 3695 4439 τὸ

2033 4474 2252 4545 σεμνὸν,
2279 4475 2389 4549 οὐχ
2418 4475 2633 4546 ὅμοιον.
2666 4476 2727 4532 Ὁ
2765 4475 2861 4547 μὶν
2891 4476 2996 4550 γὰρ
3056 4476 3133 4540 εἰς
3163 4474 3366 4545 ἡδονὰς
3418 4474 3699 4546 ἐξοκείλας

2032 4561 2246 4634 σώματι
2276 4562 2583 4638 χαρίζεται,
2616 4564 2645 4618 6
2677 4560 2735 4618 δὲ
2765 4564 2999 4639 σώφρων
3055 4567 3155 4634 τήν
3215 4563 3406 4639 κυρίαν
3463 4561 3563 4619 τοῦ
3594 4562 3701 4617 σώ-

2036 4672 2203 4725 ματος
2235 4652 2421 4726 ψυχὴν
2474 4649 2757 4726 ἐλευθεροῖ
2819 4657 2928 4708 τῶν
2963 4658 3169 4717 παθῶν.
3205 4655 3309 4708 Κᾶν
3337 4653 3421 4708 ἐπ’
3477 4651 3695 4708 ἐλευθε-

2033 4739 2123 4814 ρίᾳ
2148 4740 2443 4809 κεκλῆσθαι
2475 4738 2706 4815 λέγωσιν
2750 4744 2919 4815 ἡμᾶς,
2985 4741 3149 4814 μόνον
3207 4746 3284 4815 μή
3341 4742 3441 4810 τὴν
3474 4740 3695 4797 ἐλευθε-

2038 4828 2151 4903 ρίαν
2202 4829 2278 4891 εἷς
2336 4830 2591 4907 ἀφορμὴν
2650 4834 2718 4904 τῇ
2770 4831 2927 4905 σαρκὶ
2985 4833 3338 4905 παρέχωμεν,
3397 4831 3534 4887 κατὰ
3597 4830 3694 4885 τὸν

2037 4917 2398 4972 Ἀπὸστολον·
2446 4917 2496 4972 εἴ
2539 4916 2596 4972 δὶ
2627 4917 2889 4993 ἐπιθυμίᾳ
2938 4920 3250 4993 χαριστέον,
3282 4920 3375 4974 καὶ
3425 4919 3517 4974 τὸν
3560 4917 3700 4972 ἐπο-

2032 5004 2290 5061 νείδιστον
2327 5007 2444 5080 βίον
2472 5004 2766 5085 ἀδιάφορον
2795 5008 3059 5086 ἡγητέον,
3091 5009 3167 5070 ὡς
3200 5008 3355 5064 αὐτοὶ
3408 5007 3699 5082 λέγουσιν,

3559 5112 3701 5188 (σοι

2108 5284 2219 5358 (22)
2278 5282 2678 5358 Ὀνυχίζοντεςᾲ.
2737 5286 2829 5358 Id_
2861 5279 3518 5358 est_&xpz6oloyoBv-tec.
3580 5288 3698 5343 He-

2043 5354 2301 5436 syChius.
2352 5354 2621 5430 Ὀνυχιεῖ,
2651 5354 2930 5429 ἐπιμελῶς
2973 5354 3224 5429 ἐξετάσει.
3258 5354 3405 5413 Hinc
3442 5375 3697 5430 prover-

2042 5426 2205 5482 bium
2234 5427 2320 5495 Ἐξ
2351 5422 2574 5495 ὄνυχος,
2598 5431 2801 5485 Latine
2852 5450 2876 5480 α
2913 5430 3000 5485 Ad
3028 5445 3309 5495 unguem.
3345 5451 3372 5481 ››

2043 5444 2205 5482 mum
2236 5444 2320 5495 ne;
2351 5444 2574 5554 ονυξος,
2600 5444 2801 5485 Latine
2852 5450 2876 5480 α
2913 5444 3000 5485 Ad
3028 5445 3309 5502 unguem.
3345 5451 3372 5481 ››

2043 5496 2434 5623 εῐὲξξᾙέηλον
2498 5520 2574 5557 τι.
2616 5501 2769 5557 Flor.
2825 5501 2969 5558 edit.
3029 5501 3346 5573 conjuncte
3403 5495 3695 5569 δηλονότι.

2083 5586 2313 5627 YLBURG.
