4034 6148
378 229 517 284 1145

1700 233 2151 290 ΒΤΒΟΜᾹἹῊΜ
2190 237 2323 289 LIB.
2367 238 2462 290 lli.

3648 229 3787 285 1146

373 351 499 420 ἢτοι
530 352 704 406 πάντα
731 357 851 415 ταῖς
879 351 1189 426 ἐπιθυμίαις
1222 353 1468 409 πειστέον
1514 354 1604 410 καὶ
1655 354 1709 409 οἷ’
1739 359 1924 422 τοῦτο,
1957 353 2024 408 τὰ

2139 356 2444 424 bertatem,
2474 358 2535 411 in
2579 357 2950 411 occasionem
3000 357 3164 409 carni
3197 355 3295 424 (a),
3332 375 3360 404 ››
3389 369 3458 408 ex
3489 357 3786 408 sententia

375 439 736 516 ἀσελγέστατα
788 440 879 495 καὶ
939 441 1275 496 ἀνοσιώτατα
1327 444 1594 517 πρακτέον
1629 440 1857 507 ἅπαντα,
1891 444 2022 498 ἐπο-

377 530 573 602 μένους
625 536 746 590 τοῖς
806 530 1181 585 ἀναπείθουσιν
1239 533 1406 602 ἡμᾶς·
1470 533 1504 602 ἢ
1563 537 1668 586 τῶν
1724 532 2026 605 ἐπιθυμιῶν

372 639 521 680 τινας
553 616 933 692 ἐκκλινοῦμεν,
993 620 1082 674 καὶ
1134 618 1232 674 οὐκ
1285 618 1362 675 ἔτι
1419 618 1730 698 ἀδιαφόρως
1776 621 2026 696 βιωτέον,

374 705 498 762 οὐδὲ
551 705 772 778 ἀναίδην
823 708 1148 764 δουλευτέον
1205 715 1326 772 τοῖς
1398 712 1751 783 ἀτιμοτάτοις
1811 711 2026 786 μέρεσιν

375 798 558 868 ἡμῶν,
619 797 810 871 γαστρὶ
877 799 966 851 καὶ
1042 795 1298 864 αἰδοίοις,
1375 796 1443 852 δι’
1503 799 1791 871 ἐπιθυμίαν
1848 797 2026 852 κολα-

374 886 640 939 κευόντων
694 886 788 940 τὸν
842 889 1116 962 ἡμέτερον
1175 886 1360 962 νεκρόν
1420 892 1550 958 ι24).
1612 888 1877 964 Τρέφεται
1925 889 2026 962 γὰρ

375 977 468 1029 καί
502 979 849 1042 ζωοποιεῖται
891 973 1284 1047 διακονουμένη
1346 976 1423 1037 εἷς
1480 974 1781 1030 ἀπόλαυσιν
1844 977 2027 1030 ἐπιθυ-

381 1063 500 1136 μία,
529 1062 762 1137 καθάπερ
822 1060 1059 1136 ἔμπαλιν
1118 1065 1466 1137 κολουομένη
1531 1067 1868 1140 μαραίνεται.
1904 1070 2028 1127 Πῶς

378 1149 436 1206 δὲ
466 1151 575 1205 ἐστι
609 1149 856 1221 δυνατὸν,
887 1155 1186 1222 ἡττηθέντα
1212 1159 1322 1207 τῶν
1352 1158 1450 1208 τοῦ
1500 1160 1755 1226 σώματος
1789 1153 2028 1224 ἡδονῶν,

379 1239 760 1313 ἐξομοιοῦσθαι
811 1245 890 1312 τῷ
944 1241 1146 1316 Κυρίῳ,
1197 1241 1232 1311 ἢ
1281 1247 1479 1318 γνῶσιν
1531 1240 1676 1318 ἔχειν
1719 1243 2030 1312 Θεοῦ;1ἶά-

378 1349 480 1399 σης
507 1330 608 1405 γὰρ
639 1326 852 1398 ἡδονῆς
903 1328 1166 1402 ἐπιθυμία
1211 1332 1497 1406 κατάρχει·
1550 1331 1808 1404 ἐπιθυμία
1834 1329 1890 1386 δὲ
1922 1332 2028 1387 λό-

377 1439 452 1488 πη
508 1439 590 1480 τις
649 1417 737 1472 καὶ
795 1419 1035 1495 φροντὶς,
1096 1417 1169 1473 δι’
1235 1413 1440 1474 ἔνδειαν
1501 1419 1802 1496 ὀρεγομένη
1861 1422 2027 1484 τινός.

376 1506 528 1560 Ὠστ’
559 1504 661 1560 οὐκ
691 1503 832 1561 ἄλλο
871 1508 923 1561 τί
985 1528 1079 1580 μοι
1138 1505 1394 1562 δοκοῦσιν
1425 1509 1476 1564 οἱ
1505 1513 1697 1563 τοῦτον
1753 1508 2027 1584 ἐπανῃρη-

2136 446 2422 517 Apostoli.
2459 447 2514 500 Si
2545 452 2745 500 autem
2773 443 3080 516 cupiditati
3110 449 3202 498 est
3230 442 3701 513 obsequendum,
3728 446 3786 497 et

2133 551 2265 604 quae
2297 535 2582 606 probrosa
2613 541 2703 588 est
2731 540 2790 588 et
2821 533 3009 604 turpis
3043 533 3160 586 vita
3211 537 3492 601 tanquam
3537 531 3782 586 indilTe-

2134 641 2272 678 rens
2294 631 2378 679 est
2407 623 2698 696 eligenda,
2723 630 2788 677 ut
2817 623 2927 693 ipsi
2961 621 3204 675 dicunt:
3230 626 3332 674 aut
3361 620 3783 690 cupiditatibus

2134 719 2223 768 est
2251 713 2495 767 omnino
2529 712 2878 784 parendum.
2910 718 2968 766 et
2993 711 3040 764 si
3074 711 3183 764 hoc
3230 711 3311 764 ita
3356 715 3466 774 est,
3515 708 3787 763 facienda

2135 808 2272 856 sunt
2302 802 2522 872 quasvis
2545 801 2608 864 ›ι‹
2638 801 3108 872 impudicissima
3137 805 3196 854 et
3239 798 3498 853 maxime
3535 797 3783 863 nefaria,

2134 905 2234 944 eos
2261 891 2588 960 sequendo,
2622 891 2721 960 qui
2755 889 2928 944 nobis
2958 887 3321 959 persuadent
3348 904 3359 940 :
3393 893 3493 941 aut
3515 891 3651 939 sunt
3672 885 3784 939 ali-

2135 993 2265 1048 quaa
2290 978 2659 1033 declinanda;
2683 978 3059 1048 cupiditates,
3085 982 3136 1030 et
3166 993 3287 1030 non
3313 981 3403 1029 est
3421 974 3678 1045 amplius
3698 973 3782 1026 vi-

2137 1067 2388 1122 vendum
2423 1068 2849 1134 indifferenter,
2883 1083 3077 1136 neque
3112 1071 3201 1119 est
3230 1063 3608 1135 impudenter
3657 1079 3784 1116 ser—

2136 1156 2412 1210 viendum
2447 1156 2746 1211 vilissimis
2780 1161 2838 1210 et
2866 1153 3282 1226 abjectissimis
3335 1152 3555 1206 nostris
3603 1151 3782 1221 parti-

2137 1246 2268 1309 bus,
2300 1245 2487 1300 ventri
2520 1251 2579 1300 et
2608 1244 2922 1316 pudendis,
2957 1244 3098 1298 dum
3131 1242 3454 1313 cupiditate
3487 1240 3646 1296 ducti
3679 1256 3783 1293 no-

2137 1341 2258 1390 stro
2289 1334 2634 1390 blandimur
2658 1334 2951 1389 cadaveri.
2977 1334 3243 1388 Nutritur
3266 1332 3425 1386 enim
3451 1337 3510 1386 et
3529 1331 3785 1384 viviﬁca-

2136 1431 2233 1479 tur
2289 1424 2604 1495 cupiditas,
2665 1423 2908 1482 dumei
2953 1423 3280 1493 voluptates
3329 1421 3782 1474 ministrentur:

2137 1513 2640 1585 quemadmodum
2663 1529 2869 1568 rursus
2892 1513 2937 1566 si
2963 1511 3324 1582 impediatur
3347 1517 3404 1564 et
3425 1508 3787 1564 interturbe-

385 1595 539 1668 μένοι
597 1597 688 1650 τὸν
748 1595 974 1668 τρόπον,
1036 1595 1162 1651 ἀλλ’
1219 1597 1253 1667 ἢ
1307 1598 1369 1651 τὸ
1424 1599 1716 1672 λεγόμενον
1749 1596 1814 1666 δὴ
1845 1605 2025 1667 τοῦτο,

2145 1611 2238 1658 tur
2269 1603 2579 1657 tlaccescit.
2618 1601 2922 1666 Quomodo
2955 1607 3152 1655 autem
3185 1600 3312 1654 fieri
3343 1603 3556 1669 potest.
3591 1603 3656 1651 ut
3684 1596 3786 1666 qui

381 1686 572 1741 victus
606 1691 696 1741 est
725 1702 758 1741 a
785 1687 1184 1758 voluptatibus
1215 1689 1500 1758 corporis,
1529 1689 1778 1744 Domino
1809 1691 2192 1757 assimiletur,
2227 1697 2329 1747 aut
2358 1691 2458 1746 Dei
2510 1691 2724 1745 habeat
2771 1689 3168 1761 cognitionem
3190 1687 3218 1742 ?
3264 1687 3468 1742 Omnis
3499 1687 3658 1741 enim
3689 1703 3791 1740 vo-

376 1774 627 1846 luptatis
659 1776 1017 1848 principium
1052 1783 1141 1830 est
1170 1778 1464 1847 cupiditas
1497 1794 1510 1831 :
1543 1779 1839 1849 cupiditas
1870 1787 2068 1836 autem
2119 1786 2210 1836 est
2252 1780 2526 1835 molestia
2555 1786 2614 1834 et
2643 1778 2999 1840 sollicitudo,
3035 1794 3165 1848 quae
3205 1783 3446 1848 propter
3469 1780 3790 1846 egestatem

375 1863 608 1935 aliquid
648 1865 894 1936 appetit.
930 1865 1119 1930 Quare
1153 1865 1304 1919 nihil
1334 1865 1498 1921 aliud
1527 1867 1671 1922 mihi
1705 1867 1997 1940 videntur,
2030 1869 2131 1941 qui
2163 1869 2316 1924 hanc
2347 1869 2476 1923 vita)
2508 1868 2799 1923 rationem
2833 1866 3186 1938 suscipiunt,
3232 1881 3410 1936 quam
3453 1863 3612 1934 quod
3644 1862 3792 1917 dici-

372 1956 490 2022 tur,

445 2110 456 2122 .
505 2109 518 2122 .
563 2111 578 2124 .
621 2107 635 2123 .
682 2109 696 2122 .
738 2067 883 2142 Πρός
928 2067 978 2120 τ’
1036 2065 1283 2143 αἴσχεσιν
1343 2065 1511 2143 ἄλγεα
1568 2069 1823 2143 πάσχειν·

369 2179 697 2238 ἐπίσπαστον
750 2181 964 2245 ἑαυτοῖς
1017 2182 1336 2258 αἱρούμενοι
1387 2183 1552 2238 κακὸν
1607 2186 1743 2257 (25),
1793 2188 1884 2240 νῦν
1937 2187 2027 2242 καὶ

371 2268 424 2332 ἐς
455 2269 697 2345 ὕστερον.
760 2270 826 2327 Εἰ
893 2273 986 2344 μὲν
1043 2269 1134 2325 οῦν
1194 2271 1367 2326 πάντα
1425 2271 1570 2343 ἐξῆν,
1631 2272 1720 2326 καί
1760 2271 1931 2346 μηδὲν
1962 2276 2030 2344 ἦν

375 2356 496 2421 δέος
542 2359 842 2435 ἀποτυχεῖν
899 2359 999 2428 τῆς
1059 2358 1281 2424 ἐλπίδος
1338 2358 1426 2415 διὰ
1485 2361 1703 2435 πράξεις
1761 2365 2028 2439 πονηρὰς,

374 2457 503 2520 ἴσως
529 2459 595 2528 ἦν
626 2456 684 2514 ἄν
717 2480 800 2521 τις
849 2459 1034 2522 αὐτοῖς
1078 2459 1351 2538 πρόφασις
1397 2464 1495 2514 τοῦ
1553 2460 1704 2535 βιοῦν
1753 2465 1936 2523 κακῶς
1970 2482 2031 2516 τε

371 2548 460 2604 καὶ
494 2547 762 2608 ἐλεεινῶς.
801 2548 916 2603 ἐπεὶ
949 2547 1007 2603 δὲ
1044 2550 1164 2623 βίος
1211 2571 1296 2610 τις
1344 2551 1480 2622 ἡμῖν
1535 2548 1801 2624 μακάριος
1831 2547 1901 2602 δι’
1933 2549 2026 2603 ἐν-

371 2637 551 2693 τολῶν
599 2634 982 2705 ἐπιδέδεικται,
1040 2639 1086 2709 ᾧ
1145 2640 1257 2712 χρὴ
1315 2639 1516 2697 πάντας
1573 2637 1896 2708 ἑπομένους,
1951 2638 2028 2708 μὴ

372 2736 783 2811 παρακούοντας
809 2740 916 2790 τῶν
952 2735 1265 2810 εἰρημένων
1321 2732 1487 2801 τινός,
1524 2731 1664 2805 μηδὲ
1695 2733 2031 2810 ὀλιγωροῦν-

372 2845 467 2885 τας
498 2829 609 2879 τῶν
641 2824 1054 2896 προσηκόντων,
1112 2821 1207 2877 κᾶν
1267 2821 1561 2895 ἐλάχιστον
1620 2821 1680 2894 ᾖ,
1737 2819 2026 2895 ἕπεσθαιῇ

2213 2074 2367 2130 Ultra
2396 2075 2758 2143 ignominiam
2787 2074 2987 2128 sentire
3011 2072 3226 2127 dolores
3249 2089 3261 2138 ;

2136 2195 2203 2244 ut
2231 2189 2330 2261 qui
2364 2189 2586 2245 malum
2618 2205 2652 2244 a
2683 2204 2744 2243 se
2775 2189 3148 2253 accersitum,
3183 2203 3342 2242 nunc
3372 2190 3430 2240 et
3467 2185 3526 2238 in
3578 2188 3778 2256 poste-

2138 2296 2266 2332 rum
2303 2279 2544 2350 eligant.
2578 2277 2633 2331 Si
2677 2293 2812 2348 ergo
2845 2300 2873 2326 «
2921 2277 3121 2330 omnia
3163 2275 3433 2335 licerent,
3477 2294 3504 2320 ››
3552 2288 3663 2326 nec
3706 2271 3781 2324 ti-

2137 2367 2421 2421 mendum
2457 2370 2612 2420 esset
2641 2382 2714 2418 ne
2746 2381 2780 2418 a
2812 2382 2911 2435 spe
2945 2363 3352 2419 excideremus
3377 2364 3617 2432 propter
3655 2375 3778 2413 ma-

2137 2457 2225 2512 las
2257 2456 2544 2520 actiones,
2578 2457 2734 2507 esset
2763 2453 3010 2506 fortasse
3044 2453 3127 2505 eis
3175 2450 3390 2521 aliquis
3439 2453 3779 2519 praetextus,

2141 2560 2247 2597 cur
2268 2543 2423 2597 male
2446 2543 2710 2595 viverent
2732 2547 2788 2594 et
2809 2539 3244 2595 miserabiliter.
3271 2537 3558 2603 Quoniam
3581 2541 3780 2590 autem

2136 2631 2253 2684 vita
2282 2631 2455 2684 beata
2487 2629 2659 2684 nobis
2691 2635 2931 2684 ostensa
2963 2635 3050 2683 est
3094 2645 3198 2699 per
3242 2632 3552 2698 praecepta,
3601 2641 3779 2695 quam

2137 2726 2370 2792 oportet
2399 2737 2605 2774 omnes
2637 2725 2975 2790 sequentes.
3009 2735 3117 2774 nec
3141 2717 3363 2789 aliquid
3397 2732 3622 2783 eorum,
3648 2731 3780 2785 quas

2136 2809 2295 2864 dicta
2313 2815 2469 2874 sunt,
2496 2825 2806 2880 perperam
2829 2808 3251 2880 intelligentes,
3277 2822 3386 2861 nec
3402 2822 3628 2870 eorum,
3648 2821 3779 2874 quae

374 2909 487 2966 ἄνὸ
521 2891 691 2986 λόγος
736 2891 964 2986 ἡγῆται·
1027 2911 1075 2964 εἴ
1132 2891 1471 2984 σφαλείημεν
1535 2891 1722 2981 αὐτοῦ,
1773 2891 2022 2984 ἀθανάτω

2139 2897 2429 2965 convenit,
2463 2897 2714 2966 aliquid,
2746 2897 2856 2951 etsi
2888 2897 2962 2951 sit
3002 2896 3095 2950 vel
3141 2896 3480 2960 minimum,
3515 2899 3783 2947 contem-

374 3009 527 3081 κακῷ
583 3011 698 3081 (26)
753 3013 1061 3083 περιπεσεῖν
1121 3007 1354 3080 ἀνάγκη·
1413 3005 1922 3077 κατακολουθήσασι
1968 3006 2027 3063 δὲ

371 3103 439 3173 τῇ
497 3099 612 3170 θείᾳ
664 3102 874 3173 Γραφῇ,
935 3096 1004 3151 δι’
1062 3100 1128 3165 ἧς
1183 3093 1460 3151 ὁδεύουσιν
1503 3097 1556 3150 οἱ
1587 3097 2022 3166 πεπιστευκότες,

373 3186 754 3261 ἐξομοιοῦσθαι
785 3187 922 3242 κατά
953 3183 1180 3258 δύναμιν
1214 3189 1292 3257 τῷ
1335 3184 1533 3258 Κυρίῳ,
1587 3185 1686 3239 οὐκ
1713 3181 2024 3262 ἀδιαφόρως

377 3278 626 3353 βιωτέον,
660 3275 805 3331 ἀλλᾶ
859 3276 1212 3350 καθαρευτέον
1275 3273 1349 3335 εἷς
1410 3272 1638 3346 δύναμιν
1676 3279 1785 3329 τῶν
1819 3271 2024 3343 ἡδονῶν

374 3376 462 3429 καὶ
507 3379 612 3429 τῶν
673 3373 999 3448 ἐπιθυμιῶν,
1059 3371 1422 3446 ἐπιμελητέον
1481 3393 1540 3427 τε
1594 3378 1696 3442 τῆς
1753 3373 2028 3446 ψυχῆς,ᾔ

375 3464 513 3536 πρὸς
545 3463 696 3536 μόνῳ
749 3468 829 3536 τῷ
885 3462 1024 3535 Θείῳ
1076 3460 1472 3518 διατελεστέον.
1536 3461 1784 3536 Καθαρὸς
1818 3461 1918 3536 γὰρ
1952 3457 2025 3514 ὣν

374 3553 464 3608 καὶ
522 3555 697 3623 πάσης
753 3552 941 3614 κακίας
1002 3549 1428 3626 ἀπηλλαγμένος
1488 3552 1515 3606 ὁ
1568 3554 1719 3618 νοῦς,
1781 3547 2026 3610 δεκτικός

373 3670 491 3711 πως
521 3649 758 3725 ὑπάρχει
813 3657 912 3719 τῆς
968 3653 1065 3703 τοῦ
1124 3653 1257 3703 Θεοῦ
1317 3647 1623 3720 δυνάμεως,
1663 3648 2028 3720 ἀνισταμένης

374 3737 428 3792 ἐν
487 3738 634 3810 αὐτῷ
692 3743 791 3803 τῆς
852 3737 994 3802 θείας
1056 3738 1266 3800 εἰκόνος
1376 3763 1402 3788 ‹‹
1467 3737 1569 3793 Καὶ
1629 3743 1733 3798 πᾶς
1792 3738 1820 3790 ὁ
1879 3732 2025 3812 ἔχων

370 3838 470 3904 τήν
527 3834 726 3893 ἐλπίδα
776 3836 976 3907 ταύτην
1064 3835 1149 3890 ἐπὶ
1208 3840 1287 3907 τῷ
1357 3835 1546 3909 Κυρίῳ
1602 3837 1736 3907 (2‘7),
1795 3835 2026 3908 ἀγνίζει,

372 3926 554 4003 φησὶν,
616 3927 801 3982 ἑαυτὸν
863 3929 996 3998 (28),
1070 3924 1249 3988 καθὼς
1317 3923 1523 3987 ἐκεῖνος
1581 3924 1739 3998 ἁγνός
1799 3923 1959 3979 ἐστιν.
1998 3947 2026 3975 ››

372 4029 507 4080 Θεοῦ
538 4023 595 4080 δὲ
624 4030 821 4100 γνῶσιν
852 4019 1039 4078 λαϐεῖν
1068 4028 1188 4086 τοῖς
1244 4016 1320 4076 ἔτι
1377 4022 1481 4075 ὑπὸ
1527 4025 1638 4074 τῶν
1677 4027 1862 4085 παθῶν
1896 4023 2030 4098 ἀγο-

376 4112 558 4185 μένοις
589 4112 871 4167 ἀδΰνατον·
934 4111 1130 4166 οὐκοῦν
1193 4107 1318 4164 οὐδὲ
1375 4116 1477 4178 τῆς
1536 4106 1764 4170 ἐλπίδος
1812 4115 2025 4184 τυχεῖν,

375 4207 652 4283 μηδεμίαν
713 4214 808 4264 τοῦ
866 4213 998 4263 Θεοῦ
1055 4211 1254 4282 γνῶσιν
1309 4207 1725 4278 πεποιημένοις·
1785 4206 1877 4259 καὶ
1931 4211 2027 4260 τοῦ

375 4301 471 4372 μὲν
530 4299 1007 4373 ἀποτυγχάνοντος
1063 4294 1222 4350 τοῦδε
1275 4299 1372 4350 τοῦ
1425 4295 1618 4357 τέλους
1667 4297 1701 4364 ἡ
1753 4299 1850 4348 τοῦ
1883 4300 2024 4350 Θεοῦ

371 4395 557 4472 ἄγνοια
585 4401 907 4471 κατηγορεῖν
937 4390 1099 4449 ἔοικε·
1134 4395 1193 4449 τὸ
1239 4392 1297 4448 δὲ
1327 4394 1540 4469 ἀγνοεῖν
1573 4393 1664 4447 τὸν
1698 4394 1827 4448 Θεὸν
1860 4396 1894 4463 ἡ
1930 4399 2022 4448 τοῦ

375 4486 495 4562 βίου
527 4484 780 4540 πολιτεία
832 4484 1180 4558 παρίστησιν.
1238 4482 1551 4538 Παντάπασι
1607 4482 1707 4558 γὰρ
1757 4481 2019 4537 ἀδύνατον

372 4585 484 4657 ἅμα
511 4603 570 4638 τε
625 4583 711 4637 καὶ
774 4581 1112 4654 ἰπιστῆμονα
1169 4581 1325 4649 εἶναι,
1386 4580 1474 4635 καὶ
1503 4581 1603 4648 τήν
1633 4585 1728 4634 τοῦ
1760 4580 2018 4652 σώματος

441 4701 503 4764 ’κ
533 4705 594 4756 Ρ.
628 4704 731 4756 530
760 4703 871 4756 ED.
906 4702 1197 4768 POTTER,
1231 4702 1336 4754 444
1365 4701 1477 4755 ΕΙ).
1512 4699 1740 4755 PABIS.

440 4841 550 4910 (24)
580 4835 805 4908 Νεκρόν.
840 4837 1310 4910 Sicuhumanum
1366 4852 1580 4907 corpus
1637 4835 1920 4906 appellat,
1953 4841 2018 4890 ut

371 4907 644 4983 superius
673 4907 859 4983 p._436
893 4907 1030 4962 edit.
1061 4909 1246 4962 Paris.

439 4977 547 5053 (25)
625 4977 1030 5035 Ἑπίσπαστον..
1067 5021 1078 5032 .
1166 4977 1348 5034 κακόν,

371 5057 659 5110 Homerus
692 5053 882 5121 Odyss.
919 5056 982 5121 Σ,
1015 5068 1167 5116 vers,
1200 5053 1266 5105 ‘72
1296 5067 1308 5106 :

438 5153 509 5208 Ἦ
542 5151 686 5224 τάχα
715 5153 856 5223 Ἱρος
889 5145 1041 5220 ἄϊρος
1074 5145 1400 5201 ἐπίσπαστον
1448 5145 1613 5201 κακόν
1640 5143 1766 5214 ἔξει.

442 5244 596 5297 Certe
654 5243 762 5294 cito
817 5241 938 5293 Irus
995 5238 1194 5306 infelix
1252 5241 1569 5292 accersitum
1623 5253 1657 5290 α
1712 5254 1767 5292 se
1816 5235 2021 5292 malum

1615 5309 1880 5380 [Ιιαίιοιιὶι.

372 5413 694 5483 He-ychius
738 5428 748 5464 :
806 5407 1185 5483 Ἐπίσπαστον,
1245 5405 1608 5483 αιξθςιίρετον,Δ
1647 5404 1814 5483 ὅπερ·
1849 5405 2020 5475 ἑαυτῷ

369 5501 450 5542 τις
490 5477 793 5536 ’ἐπισπᾶται
851 5480 1036 5550 κακόν,
1101 5479 1502 5550 Metaphoram
1559 5477 2018 5550 aiunt'ductam

371 5552 494 5629 ἀπὸΔ
529 5558 634 5608 τῶν
703 5552 930 5629 ὀροίθων
1017 5547 1448 5622 δελεαζομένων,
1510 5551 1596 5603 καὶ
1661 5548 1872 5612 έαυτοῖς
1928 5547 2016 5602 τὸν

372 5621 597 5698 ὗλεθρον
629 5621 1017 5698 ἐπισπωμένπν
1035 5666 1048 5682 .

1441 4978 1676 5033 Phrasis
1761 4979 2014 5050 poetica.

1817 4699 1897 4771 (a)
1930 4699 2115 4756 Galat.
2149 4719 2200 4768 v,
2236 4702 2321 4756 13.

2136 2993 2367 3049 nentes,
2398 2986 2564 3058 sequi
2598 3003 2713 3056 quo
2736 2985 2898 3058 logos
2931 2985 3130 3050 ducit;
3155 2986 3314 3056 quia,
3339 2984 3386 3038 si
3417 2983 3488 3038 ab
3511 2999 3578 3037 eo
3611 2981 3783 3037 aber-

2133 3077 2484 3142 raverimus,
2504 3077 2561 3130 in
2587 3076 2809 3131 malum
2831 3076 3165 3130 immortale
3183 3076 3518 3130 incidamus
3539 3089 3782 3128 necesse

2135 3173 2228 3223 est
2253 3185 2266 3233 ;
2300 3166 2348 3220 si
2380 3165 2638 3220 divinam
2657 3172 2856 3220 autem
2875 3166 3240 3236 Scripturam
3263 3165 3448 3220 secuti
3469 3163 3782 3230 fuerimus,

2138 3271 2243 3328 per
2273 3271 2450 3326 quam
2483 3255 2918 3326 ingrediuntur,
2947 3255 3047 3325 qui
3067 3255 3470 3319 crediderunt,
3496 3260 3560 3308 ut
3582 3253 3784 3330 Domi-

2137 3361 2235 3411 no,
2269 3344 2464 3414 quoad
2498 3343 2623 3398 fieri
2648 3349 2862 3415 potest,
2887 3343 3314 3408 assimilentur,
3338 3359 3457 3397 non
3487 3348 3576 3396 est
3595 3342 3783 3395 viven-

2137 3434 2278 3489 dum
2312 3433 2742 3499 indifferenter,
2781 3432 2884 3487 sed
2930 3449 3034 3504 pro
3084 3433 3303 3486 viribus
3349 3429 3604 3485 mundos
3653 3447 3782 3484 esse

2137 3527 2371 3594 oportet
2395 3538 2430 3576 a
2452 3521 2850 3592 voluptatibus
2867 3527 2927 3576 et
2947 3520 3389 3593 cupiditatibus.
3417 3535 3674 3589 curaque
3696 3523 3787 3573 est

2135 3609 2396 3684 gerenda
2427 3611 2664 3676 animae,
2696 3628 2813 3681 qua
2851 3611 3008 3682 apud
3055 3610 3246 3665 solum
3296 3611 3480 3664 Deum
3514 3625 3787 3679 perseve-

2136 3699 2389 3754 randum
2436 3703 2544 3753 est.
2597 3701 2757 3753 Mens
2810 3699 2989 3761 enim,
3042 3716 3172 3769 quae
3224 3704 3313 3753 est
3360 3697 3582 3752 munda
3626 3695 3785 3750 etab

2136 3788 2298 3842 omni
2324 3787 2464 3841 vitio
2480 3787 2686 3848 libera,
2708 3792 2798 3841 est
2815 3786 3252 3856 quodammodo
3271 3791 3406 3857 apta
3427 3785 3498 3840 ad
3523 3790 3784 3856 potesta-

2137 3880 2255 3929 tem
2287 3875 2391 3929 Dei
2421 3873 2884 3945 suscnpiendam.
2921 3891 3053 3929 cum
3089 3875 3286 3929 divina
3317 3875 3376 3928 in
3417 3890 3486 3928 ea
3516 3876 3786 3943 assurgat

2135 3962 2366 4033 imago:
2405 3984 2432 4010 «
2467 3963 2536 4014 Et
2592 3962 2934 4032 quicunque
2986 3962 3164 4016 habet
3193 3963 3343 4016 hanc
3376 3977 3538 4032 spem
3574 3959 3633 4013 in
3667 3960 3781 4013 Do-

2136 4051 2320 4118 mino,
2356 4051 2640 4121 seipsum,
2691 4074 2718 4100 ‹‹
2766 4051 2981 4122 inquit,
3020 4073 3047 4101 ‹‹
3100 4051 3389 4106 mundum
3433 4056 3781 4118 castumque

2134 4141 2294 4209 facit,
2329 4148 2624 4211 quatenus
2651 4141 2750 4194 ille
2785 4146 2874 4194 est
2895 4147 3090 4195 castus
3114 4142 3210 4211 (ὁ).
3239 4142 3308 4196 Ut
3330 4141 3368 4194 ii
3392 4145 3588 4194 autem
3620 4137 3783 4192 acci-

2135 4231 2303 4301 piant
2327 4231 2426 4284 Dei
2449 4231 2870 4302 cognitionem,
2900 4231 2998 4301 qui
3019 4230 3216 4285 adhuc
3235 4229 3532 4284 ducuntur
3552 4226 3624 4282 ah
3643 4228 3788 4281 aﬂ‘e-

2137 4318 2350 4379 ctibus,
2376 4319 2622 4373 minime
2646 4325 2839 4390 potest
2857 4320 2983 4374 ﬁeri
3007 4337 3020 4373 :
3045 4336 3180 4388 ergo
3202 4336 3312 4373 nec
3337 4324 3402 4372 ut
3423 4318 3602 4371 finem
3625 4332 3784 4370 asse-

2137 4413 2416 4479 quantur,
2451 4425 2585 4462 cum
2618 4409 2843 4463 nullam
2868 4409 3128 4464 habeant
3148 4409 3249 4462 Dei
3276 4407 3696 4476 cognitionem.
3716 4406 3787 4459 Et

2135 4513 2270 4551 eum
2288 4495 2525 4565 quidem
2538 4497 2659 4566 ,qui
2676 4497 2831 4552 hunc
2846 4497 3026 4552 finem
3041 4514 3159 4552 non
3173 4497 3782 4567 assequitur,accusa-

2132 4601 2194 4639 re
2209 4584 2438 4639 videtur
2451 4586 2550 4640 Dei
2566 4585 2950 4657 ignoratio;ut
2963 4587 3115 4641 Deus
3128 4591 3326 4640 autem
3343 4585 3645 4657 ignoretur
3657 4583 3780 4637 elfi-

2401 4702 2473 4772 (b)
2505 4703 2527 4755 Ι
2555 4703 2720 4758 Joan.
2757 4720 2834 4770 ιιι,
2869 4704 2920 4758 3.

2203 4839 2312 4906 (26)
2370 4835 2651 4907 ‘Aozwiup
2731 4841 2899 4908 κακῷ.
2988 4839 3225 4894 Phrasis
3309 4841 3637 4904 Homerica,
3711 4857 3781 4894 ex

2375 4910 2443 4976 Μ,
2503 4926 2651 4963 vers.
2716 4912 2800 4977 18,
2862 4910 2962 4964 ubi
3019 4909 3089 4965 de
3150 4911 3444 4982 Charybdi
3477 4911 3603 4967 hinc
3637 4911 3784 4967 dicit

2129 5077 2187 5130 Ἣ
2244 5071 2300 5128 δὶ
2354 5095 2440 5129 τοι
2502 5076 2566 5130 οὗ
2623 5077 2814 5146 θνητὴ,
2873 5075 2998 5132 ἀλλ’
3079 5077 3340 5132 ἀθάνατον
3421 5079 3584 5133 κακόν
3641 5077 3777 5136 ἐστι.

2202 5166 2306 5220 Illa
2331 5181 2460 5220 sane
2488 5183 2597 5220 non
2636 5169 2906 5236 mortalis,
2955 5169 3049 5225 sed
3097 5171 3405 5225 immortale
3445 5170 3649 5226 malum
3680 5175 3776 5224 est.

2205 5266 2316 5335 (27)
2349 5263 2580 5339 Ἐπὶ,τῷ
2613 5266 2817 5339 Κυρίῳ.
2852 5268 2970 5339 Ἐπ’
3001 5267 3168 5339 αὐτῷ,
3200 5273 3406 5325 Joann.

2202 5340 2315 5413 £28)
2346 5335 2674 5408 Ἀγνίζει....
2699 5335 2704 5337 ’
2731 5335 2938 5394 ἑαυτόν.
2997 5335 3279 5413 Didymus
3304 5341 3369 5413 in
3389 5339 3731 5413 pomment.
3761 5353 3776 5392 :

2131 5431 2158 5483 ς
2198 5411 2346 5463 Dum
2380 5407 2747 5483 ergousperet
2802 5407 3212 5483 unusquisque
3268 5409 3523 5483 similem
3558 5424 3618 5461 se
3651 5407 3775 5462 fore

2130 5481 2270 5556 Deo,
2298 5502 2322 5531 ιι
2358 5481 2651 5556 castilicet
2703 5481 3173 5556 semetipsum,‘«
3206 5481 3376 5538 sicuti
3433 5485 3522 5534 est
3577 5484 3774 5533 castus

2130 5551 2254 5607 ille.
2292 5573 2313 5603 ι
2351 5554 2616 5610 Cocum.
