4034 6148
311 228 452 286 MU

1555 230 1966 284 CLEMENTIS
2003 227 2500 284 ALEXANDRINI

3582 229 3732 286 1148

309 355 388 411 cit
414 356 479 420 ›ι‹
500 355 632 409 vitm
663 352 978 408 institutio.
1019 352 1274 406 Omnino
1306 351 1466 406 enim
1501 351 1626 406 fleri
1678 367 1796 406 non
1849 367 1948 422 po-

2070 346 2359 406 κολακείαν
2421 351 2845 426 ἐπαισχύνεσθαι
2922 353 3056 423 (29)·
3133 348 3258 406 ούδὶ
3308 353 3413 426 γὰρ
3473 351 3719 416 συνᾴδειν

310 448 446 503 test.
481 449 546 499 ut
576 441 709 514 quis
728 440 903 495 simul
933 440 1008 494 sit
1031 447 1088 494 et
1118 440 1368 496 scientia
1390 439 1694 510 prmditus,
1720 447 1778 493 et
1799 440 1960 495 blan-

310 533 422 588 diri
457 532 687 602 corpori
712 547 833 584 non
858 528 1185 584 erubescat.
1213 530 1410 598 Neque
1444 529 1603 582 enim
1637 535 1830 599 potest
1852 546 1959 583 un-

312 639 490 694 quam
511 619 844 676 convenire.
873 618 1029 687 quod
1052 619 1322 688 voluptas
1346 617 1421 670 sit
1440 617 1685 682 bonum,
1711 635 1843 672 cum
1869 635 1958 684 eo,

313 711 470 781 quod
501 710 721 763 bonum
743 709 819 762 sit
843 707 1034 762 solum
1060 708 1378 778 pulchrum
1407 713 1466 761 et
1491 709 1803 762 honestum
1833 724 1846 760 :
1872 707 1961 761 vel

313 799 489 852 etiam
526 813 660 852 cum
694 813 782 863 eo,
815 796 969 866 quod
1003 797 1163 850 solus
1195 797 1270 849 sit
1293 796 1540 867 pulcher
1571 798 1876 864 Dominus,
1903 803 1961 851 et

310 889 474 945 solus
500 890 691 944 bonus
722 890 896 954 Deus,
931 894 990 942 et
1029 888 1190 942 solus
1229 888 1524 943 amabilis.
1576 912 1601 940 α
1632 890 1697 943 In
1728 889 1958 944 Christo

312 985 510 1035 autem
542 978 875 1033 circumcisi
909 978 1072 1038 estis.
1105 978 1557 1032 circumcisione
1608 995 1728 1032 non
1779 995 1959 1032 manu

308 1069 484 1134 facta,
516 1069 576 1122 in
597 1066 1023 1138 exspoliatione
1041 1067 1305 1136 corporis
1326 1066 1540 1133 carnis,
1568 1067 1626 1120 in
1649 1067 1953 1122 circumci-

311 1159 478 1214 sione
499 1156 712 1211 Christi
737 1157 835 1223 tu).
855 1155 910 1209 Si
925 1172 1060 1226 ergo
1079 1171 1213 1209 cum
1231 1156 1463 1210 Christo
1481 1156 1956 1218 consurrexistis,

312 1264 444 1319 quae
465 1261 699 1302 sursum
725 1250 864 1299 sunt
881 1245 1146 1314 quaerite.
1174 1261 1304 1314 qua:
1328 1261 1563 1298 sursum
1589 1250 1726 1298 sunt
1747 1245 1955 1316 sapite,

312 1352 433 1391 non
466 1351 597 1404 quas
630 1338 769 1388 sunt
800 1349 978 1404 super
1009 1337 1249 1387 terram.
1287 1332 1494 1386 Mortui
1528 1333 1684 1387 enim
1706 1333 1868 1396 estis,
1902 1338 1961 1387 et

309 1425 428 1480 vita
455 1429 647 1478 vestra
676 1422 965 1476 absconsa
991 1427 1080 1476 est
1110 1438 1242 1476 cum
1266 1422 1496 1475 Christo
1519 1422 1578 1476 in
1601 1423 1718 1476 Deo
1746 1439 1758 1486 ;
1787 1442 1810 1470 ι)
1837 1438 1956 1476 non

312 1519 507 1569 autem
536 1529 628 1574 ea,
661 1528 840 1582 quam
870 1517 1169 1578 exercent,
1191 1510 1526 1566 fornicatio.
1564 1536 1584 1558 ι
1612 1511 1956 1566 Mortiﬁcate

309 1619 448 1675 ergo
481 1601 768 1664 membra,
802 1617 933 1670 qum
965 1605 1105 1654 sunt
1133 1616 1312 1670 super
1342 1606 1580 1663 terram,
1615 1599 1959 1654 fornicatio-

309 1708 472 1757 nem,
507 1689 970 1753 immunditiam,
1005 1689 1364 1760 passionem.
1398 1687 1782 1754 desiderium,
1821 1705 1957 1759 pro-

309 1785 444 1852 pter
471 1795 603 1849 qua;
633 1779 792 1832 venit
822 1777 910 1831 ira
935 1776 1058 1831 Dei.
1093 1778 1401 1846 Deponant
1422 1793 1558 1847 ergo
1584 1776 1694 1846 ipsi
1719 1793 1956 1846 quoque

313 1869 484 1930 iram,
517 1867 1006 1939 indignationem,
1029 1865 1256 1931 vitium,
1287 1865 1690 1928 maledictum,
1722 1872 1955 1937 turpem

311 1973 648 2012 sermonem
677 1973 746 2009 ex
777 1971 875 2010 ore
907 1972 1036 2021 suo,
1060 1960 1340 2010 exuentes
1363 1961 1618 2009 veterem
1651 1955 1953 2010 homin=~m

312 2061 446 2101 cum
480 2044 1003 2116 concupiscentiis,
1037 2049 1095 2097 et
1124 2042 1441 2097 induentes
1471 2059 1707 2105 novum,
1742 2043 1841 2114 qui
1869 2060 1957 2097 re-

310 2142 565 2193 novatur
622 2136 682 2190 in
733 2134 1116 2208 agnitionem,
1164 2133 1238 2189 ad
1287 2134 1605 2205 imaginem
1657 2135 1805 2205 ejus,
1853 2135 1952 2205 qui

308 2227 453 2282 I91
487 2225 912 2296 creavitipsum
933 2225 1024 2293 (b).
1053 2247 1072 2271 ι
1101 2225 1244 2278 Vitas
1264 2223 1421 2278 enim
1442 2225 1735 2278 institutio
1752 2231 1954 2295 aperte

311 2332 412 2370 eos
444 2314 656 2387 arguit,
690 2331 789 2385 qui
821 2313 1101 2369 mandata
1129 2329 1381 2368 novere:
1417 2313 1609 2383 qualis
1640 2313 1797 2367 enim
1824 2330 1950 2368 ser-

307 2421 426 2470 mo,
459 2403 595 2458 talis
622 2409 710 2458 est
728 2404 862 2458 vita.
891 2403 1080 2457 Arbor
1109 2408 1305 2456 autem
1340 2401 1715 2473 cognoscitur
1746 2418 1815 2456 ex
1838 2402 1954 2456 fru-

308 2494 520 2563 ctibus,
555 2510 672 2548 non
706 2510 772 2548 ex
802 2492 1047 2547 ﬂoribus
1080 2497 1138 2545 et
1166 2491 1324 2546 foliis
1354 2508 1421 2545 ac
1452 2491 1653 2545 ramis.
1687 2491 1952 2563 Cognitio

308 2601 444 2644 ergo
477 2588 567 2637 est
595 2600 666 2638 ex
695 2582 888 2636 fructu
921 2587 978 2636 et
1006 2581 1136 2635 vita;
1168 2580 1562 2643 institutione,
1594 2597 1712 2635 non
1739 2597 1806 2634 ex
1829 2597 1950 2636 ser-

307 2689 482 2727 mone
507 2677 565 2727 et
585 2672 750 2726 ﬂore.
777 2673 900 2726 Non
924 2671 1080 2724 enim
1102 2669 1324 2724 nudum
1346 2686 1681 2724 sermonem
1699 2669 1952 2724 dicimus

308 2778 437 2816 esse
451 2761 870 2832 cognitionem,
887 2759 989 2813 sed
1007 2757 1326 2829 quamdam
1343 2757 1601 2813 divinam
1619 2758 1950 2826 scientiam,

308 2856 366 2904 et
386 2850 579 2903 lucem
602 2849 786 2914 illam,
813 2865 942 2917 quae
963 2848 1166 2902 innata
1187 2848 1402 2901 animze
1426 2865 1494 2901 ex
1518 2855 1950 2918 praeceptorum

302 2937 660 2998 obedientia,
687 2935 906 3002 omnia,
929 2952 1058 3006 qua:
1080 2953 1183 3006 per
1199 2935 1640 3007 generationem
1657 2936 1946 3004 oriunttr,

294 3025 612 3083 manifesta
643 3025 802 3090 facit,
835 3030 893 3079 et
938 3025 1244 3079 hominem
1289 3025 1520 3092 intruit,
1571 3030 1636 3080 ut
1684 3027 1945 3097 seipsum

2067 440 2198 493 ποτὲ
2225 436 2442 493 δύναται
2474 440 2536 494 τὸ
2566 440 2762 514 ἀγαθὸν
2815 440 2948 495 εἶναι
2999 443 3067 512 τῇ
3120 437 3318 513 ἡδονῇ,
3367 443 3401 511 ἢ
3438 441 3600 514 μόνον
3633 441 3707 496 εἶ-

2064 548 2149 580 ναι
2182 529 2244 582 τὸ
2276 529 2443 582 καλὸν
2477 528 2676 602 ἀγαθὸν
2718 532 2831 601 (30)
2862 527 2896 597 ἢ
2926 529 3015 584 καὶ
3073 529 3241 600 μόνον
3291 528 3463 585 καλὸν
3492 532 3582 585 τὸν
3611 530 3716 584 Κύ-

2067 636 2204 690 ριον,
2236 616 2324 670 καὶ
2363 619 2529 689 μόνον
2561 617 2759 690 ἀγαθὸν
2812 618 2906 671 τὸν
2957 619 3107 687 Θεὸν,
3138 618 3227 672 καὶ
3263 619 3430 691 μόνον
3460 618 3711 693 ἐραστύν·

2067 731 2093 757 ιι
2159 708 2246 762 Ἐν
2307 711 2530 778 Χριστῷ
2589 704 2648 760 δὲ
2699 710 3107 782 περιετμήθητε
3159 712 3432 780 περιτομῇ
3491 709 3719 782 ἀχειρο-

2064 798 2304 868 ποιήτῳ,
2364 796 2417 849 ἐν
2472 799 2541 867 τῇ
2599 793 2887 850 ἀπεκδύσει
2952 801 3050 850 τοῦ
3127 798 3380 868 σώματος
3426 801 3526 868 τῇς
3584 819 3722 873 σαρ-

2063 887 2158 947 κὸς
2191 889 2320 952 (311,
2356 884 2406 940 ἐν
2457 889 2526 958 τῇ
2586 889 2860 959 περιτομῇ
2917 889 3014 940 τοῦ
3072 890 3338 959 Χριστοῦ.
3370 886 3445 944 Εἴ·
3473 886 3563 942 οῦν
3593 909 3727 942 συν-

2063 975 2334 1049 ηγέρθητε
2377 979 2456 1044 τῷ
2514 977 2757 1048 Χριστῷ,
2814 977 2880 1028 τὰ
2937 973 3048 1028 ἄνω
3109 980 3317 1043 ζητεῖτε
3348 980 3480 1045 (32),
3510 979 3576 1030 τὰ
3604 975 3722 1032 ἅνω

2065 1069 2334 1140 φρονεῖτε,
2372 1065 2447 1134 μὴ
2481 1064 2547 1117 τά
2601 1063 2687 1116 ἐπί
2741 1070 2844 1132 τῆς
2899 1070 3025 1138 γῆς’
3091 1063 3379 1128 ἀπεθάνετε
3406 1065 3531 1140 γάρ,
3557 1065 3646 1119 καὶ
3678 1069 3716 1134 ἡ

2067 1153 2180 1221 ζωὴ
2215 1153 2368 1223 ὑμῶν
2423 1153 2719 1223 κέκρυπται
2780 1151 2872 1205 σὺν
2927 1151 3006 1223 τῷ
3056 1154 3276 1224 Χριστῷ
3308 1152 3357 1206 ἐν
3407 1158 3487 1224 τῷ
3518 1159 3652 1224 Θεῷ.
3690 1178 3723 1205 ››

2065 1242 2196 1316 οὐχὶ
2247 1240 2303 1294 δὲ
2359 1241 2601 1313 πορνεία,
2659 1242 2726 1309 ἢν
2782 1241 3057 1298 ἀσκοῦσιν.
3119 1265 3145 1291 α
3182 1242 3499 1315 Νεκρώσατε
3529 1242 3620 1297 οὖν
3651 1243 3725 1298 τὰ

2069 1328 2212 1402 μέλη
2265 1334 2376 1398 (33)
2427 1329 2494 1383 τὰ
2551 1327 2639 1382 ἐπὶ
2695 1336 2794 1397 τῆς
2853 1332 2973 1402 γῆς,
3035 1330 3305 1404 πορνείαν,
3365 1330 3724 1404 ἀκαθαρσίαν,

2063 1418 2258 1485 πάθος,
2315 1417 2631 1489 ἐπιθυμίαν,
2693 1416 2762 1473 δι’
2820 1417 2852 1472 ἃ
2908 1416 3128 1492 ἔρχεται
3179 1421 3214 1488 ἡ
3269 1419 3406 1493 ὀργῆ
3435 1424 3532 1474 τοῦ
3562 1425 3722 1475 Θεοῦ.

2068 1509 2478 1571 Ἀποθέσθωσαν
2533 1507 2626 1563 οὖν
2686 1509 2774 1563 καὶ
2835 1509 2987 1564 αὐτοὶ
3020 1512 3132 1581 (34)
3166 1509 3363 1584 ὀργὴν,
3396 1510 3592 1582 θυμὸν,
3621 1531 3727 1564 γα-

2063 1597 2209 1661 κίαν,
2249 1594 2605 1669 βλασφημίαν
2638 1594 3039 1669 αἰσχρολογίαν
3093 1596 3152 1651 ἐκ
3192 1601 3289 1650 τοῦ
3316 1597 3589 1669 στόματος
3621 1597 3726 1651 αὖ·

2065 1689 2194 1750 τῶν,
2229 1682 2665 1757 ἀπεκδυσάμενοι
2712 1685 2803 1739 τὸν
2856 1683 3088 1740 παλαιὸν
3142 1687 3430 1760 ἄνθρωπον
3480 1683 3570 1739 σὺν
3602 1690 3725 1746 ταῖς

2064 1773 2405 1846 ἐπιθυμίαις,
2438 1773 2527 1828 καί
2579 1771 2928 1845 ἐνδυσάμενοι
2975 1774 3068 1829 τὸν
3112 1773 3233 1829 νέον
3274 1775 3368 1830 τὸν
3399 1773 3726 1828 ἀνακαινού-

2067 1883 2226 1926 μενον
2275 1863 2351 1918 εἷς
2402 1863 2688 1937 ἐπίγνωσιν
2745 1865 2865 1918 κατ’
2924 1863 3106 1918 εἰκόνα
3155 1867 3254 1917 τοῦ
3312 1863 3594 1922 κτίσαντος
3627 1861 3725 1916 αῦ-

2060 1952 2170 2007 τόν.
2207 1977 2234 2003 »
2286 1952 2360 2006 Τὰ
2417 1952 2522 2028 γάρ
2579 1959 2680 2020 τῆς
2737 1951 3021 2014 πολιτείας
3081 1949 3296 2028 ἐλέγχει
3355 1956 3539 2028 σαφῶς
3590 1949 3723 2011 τοὺς

2061 2043 2370 2118 ἐγνωκότας
2399 2045 2494 2104 τάς
2551 2040 2796 2104 ἐντολάς
2849 2043 2962 2097 ἐπεὶ
3024 2046 3144 2104 οἶος
3201 2045 3229 2098 6
3285 2041 3476 2117 λόγος,
3505 2047 3658 2101 τοῖος
3692 2042 3721 2094 ὁ

2066 2133 2186 2208 βίος
2218 2137 2348 2204 (35)·
2383 2133 2488 2186 ἀπὸ
2521 2129 2577 2187 δὲ
2631 2137 2740 2186 τῶν
2799 2137 3020 2208 καρπῶν
3075 2134 3137 2188 τὸ
3199 2129 3418 2206 δένδρον
3448 2133 3582 2204 (36),
3619 2129 3722 2186 οὐκ

2061 2223 2166 2277 ἀπὸ
2196 2226 2304 2276 τῶν
2333 2224 2506 2276 ἀνθῶν
2553 2223 2641 2275 καὶ
2694 2220 2969 2289 πεταλων,
3027 2223 3367 2296 γνωρίζεται.
3419 2222 3481 2278 ’Π
3513 2225 3721 2294 γνῶσις

2062 2311 2154 2368 οὖν
2214 2311 2272 2366 ἐκ
2325 2315 2422 2366 τοῦ
2481 2315 2691 2384 καρποῦ
2747 2310 2837 2366 καί
2892 2314 2993 2379 τῆς
3051 2311 3358 2379 πολιτείας,
3402 2311 3503 2366 οὐκ
3534 2309 3593 2366 ἐκ
3618 2314 3718 2366 τοῦ

2063 2401 2229 2474 λόγου
2260 2400 2350 2455 καὶ
2379 2405 2476 2455 τοῦ
2508 2400 2720 2461 ἄνθους·
2775 2401 2838 2454 οὐ
2893 2400 2996 2475 γὰρ
3059 2399 3221 2476 λόγον
3255 2399 3419 2475 ψιλὸν
3449 2401 3582 2455 εἶναι
3612 2401 3714 2467 τήν

2059 2492 2257 2566 γνῶσίν
2290 2513 2486 2564 φαμεν,
2545 2490 2688 2546 ἀλλά
2743 2512 2866 2546 τινα
2922 2489 3231 2564 ἐπιστήμην
3277 2489 3445 2544 θείανο
3479 2489 3567 2545 καὶ
3593 2495 3710 2568 φῶς

2061 2581 2238 2636 ἐκεῖνο
2281 2582 2343 2635 τὸ
2399 2579 2451 2635 ἐν
2501 2583 2569 2653 τῇ
2618 2582 2772 2654 ψυχῇ
2822 2579 3170 2654 ἐγγενόμενον
3218 2578 3276 2634 ἐκ
3318 2585 3420 2648 τῆς
3449 2580 3586 2634 κατά
3613 2580 3710 2640 τὰς

2053 2669 2285 2731 ἐντολὰς
2336 2671 2602 2738 ὑπακοῆς,
2647 2671 2710 2723 τὸ
2758 2671 2931 2723 πάντα
2977 2666 3264 2738 κατάδηλα
3313 2669 3622 2736 ποιοῦν,τά
3649 2688 3710 2722 τε

2060 2759 2112 2814 ἐν
2144 2761 2370 2835 γενέσει,
2403 2759 2563 2814 αὐτόν
2616 2779 2675 2814 τε
2731 2760 2820 2813 τὸν
2879 2756 3182 2833 ἄνθρωπον,
3233 2758 3419 2812 ἔαυτόν
3457 2779 3518 2812 τε
3543 2757 3710 2832 γινώ·

2059 2869 2204 2903 σκειν
2263 2847 2690 2922 παρασκευάζον,
2749 2848 2837 2901 καὶ
2888 2851 2983 2900 τοῦ
3030 2846 3164 2902 Θεοῦ
3220 2841 3498 2916 ἐπήϐολον
3555 2846 3711 2900 καθίο

2061 2948 2283 3000 στασθαι
2345 2934 2618 2992 διδάσκον.
2677 2935 2751 2997 ὡς
2808 2935 2908 3010 γάρ
2963 2939 3076 3007 (37)
3131 2934 3415 3011 ὀφθαλμὸς
3444 2934 3493 2988 ἐν
3524 2935 3714 3006 σώμα-

2057 3047 2132 3095 τι,
2162 3031 2327 3081 τοῦτο
2355 3025 2408 3080 ἐν
2434 3025 2514 3098 τῷ
2545 3031 2622 3098 νῷ
2653 3028 2688 3095 ἠ
2719 3030 2942 3100 γνῶσις.
2994 3023 3146 3094 Μηδὶ
3197 3023 3464 3097 λεγόντων
3499 3022 3712 3086 ἐλευθε-

298 3118 636 3186 cognoscat.
669 3119 726 3168 et
755 3129 869 3184 qua
899 3113 1129 3168 ratione
1162 3130 1403 3185 compos
1431 3113 1556 3168 ﬁeri
1582 3115 1788 3186 possit.
1815 3114 1947 3168 edo-

2065 3118 2178 3193 ρίαν
2206 3117 2305 3185 τὴν
2344 3117 2447 3171 ὑπὸ
2479 3113 2686 3185 ἡδονῆς
2738 3113 3010 3182 δουλείαν,
3044 3115 3282 3184 καθάπερ
3317 3114 3369 3168 οἱ
3399 3114 3498 3182 τὴν
3534 3111 3714 3187 χολῆν

295 3208 406 3260 cet.
443 3201 607 3266 Quod
635 3202 792 3257 enim
826 3202 1032 3258 oculus
1063 3210 1152 3258 est
1181 3203 1241 3257 in
1282 3219 1548 3274 corpore,
1601 3204 1711 3259 hoc
1751 3208 1840 3258 est
1884 3204 1944 3258 in

296 3297 497 3348 mente
527 3293 806 3364 cognitio.
840 3293 1038 3362 Neque
1065 3292 1266 3346 dicant
1288 3292 1643 3359 libertatem,
1672 3309 1788 3363 qua
1811 3293 1946 3361 quis

295 3381 581 3452 voluptati
617 3381 812 3447 servit,
847 3382 996 3436 sicut
1026 3382 1088 3444 ii,
1123 3381 1222 3451 qui
1254 3380 1434 3435 bilem
1461 3380 1666 3436 dicunt
1685 3380 1942 3436 dulcem.

296 3473 413 3527 Nos
439 3471 596 3525 enim
630 3471 948 3526 didicimus
984 3470 1340 3536 libertatem,
1381 3485 1498 3538 qua
1532 3469 1814 3523 Dominus
1840 3486 1932 3524 no-

299 3565 420 3614 ster
451 3577 560 3615 nos
591 3559 803 3614 liberat
833 3577 865 3614 a
894 3558 1314 3630 voluptatibus,
1347 3564 1404 3612 et
1425 3574 1458 3612 a
1495 3557 1941 3628 cupiditatibus,

296 3654 354 3704 et
379 3649 512 3703 aliis
544 3649 1092 3720 perturbationibus
1115 3648 1367 3703 solvens.
1404 3669 1429 3696 ‹‹
1465 3648 1569 3712 Qui
1603 3647 1747 3703 dicit
1771 3665 1782 3701 :
1805 3650 1941 3704 Novi

293 3739 630 3806 Dominum,
651 3744 710 3793 et
731 3738 1010 3792 mandata
1031 3739 1161 3808 ejus
1183 3755 1301 3793 non
1322 3743 1531 3794 servat.
1554 3738 1810 3793 mendax
1831 3745 1940 3804 est,

298 3832 358 3882 et
381 3827 440 3881 in
473 3844 540 3882 eo
573 3827 786 3883 veritas
818 3844 937 3882 non
972 3833 1061 3882 est
1083 3829 1175 3896 (c),
1208 3849 1236 3878 ››
1271 3827 1353 3882 ait
1376 3829 1654 3882 Joannes.

2056 3206 2338 3282 γλυκεῖαν·
2398 3209 2564 3277 ἡμεῖς
2619 3206 2721 3281 γὰρ
2799 3204 3106 3280 ἐλευθερίαν
3171 3206 3587 3276 μεμαθήκαμεν,
3645 3199 3713 3270 ἤν

2056 3297 2085 3350 6
2121 3295 2317 3367 Κύριος
2362 3297 2510 3365 ἡμᾶς
2561 3293 2843 3369 ἐλευθεροῖ
2893 3293 3080 3366 μόνος.
3132 3292 3391 3348 ἀπολύων
3435 3297 3545 3347 τῶν
3576 3289 3712 3360 ἡδο-

2054 3389 2160 3439 νῶν
2189 3404 2249 3438 τε
2276 3384 2360 3438 καὶ
2399 3388 2505 3438 τῶν
2556 3382 2886 3454 ἐπιθυμιῶν,
2944 3382 3034 3437 καὶ
3090 3380 3198 3436 τῶν
3257 3380 3446 3437 ἄλλων
3499 3381 3708 3436 παθῶν.

2055 3474 2177 3528 ‹‹⁰()
2205 3473 2406 3546 λέγων·
2464 3473 2708 3546 Ἔγνωκα
2763 3472 2854 3526 τὸν
2914 3471 3114 3543 Κύριον
3175 3475 3308 3543 (38),
3365 3470 3455 3525 καὶ
3497 3471 3594 3530 τὰς
3624 3467 3709 3523 ἐν·

2052 3560 2220 3623 τολᾶς
2269 3562 2433 3616 αὐτοῦ
2496 3561 2572 3633 μή
2629 3565 2837 3632 τηρῶν,
2903 3561 3140 3632 ψεύστης
3199 3559 3360 3629 ἐστὶν,
3417 3558 3470 3615 ἐν
3526 3557 3711 3631 τούτῳ

2054 3653 2089 3720 ἡ
2123 3651 2355 3720 ἀλήθεια
2387 3647 2484 3704 οὐκ
2514 3647 2682 3714 ἔστιν,
2717 3672 2746 3700 η
2780 3649 3038 3720 Ἰωάννης
3065 3647 3235 3724 λέγει.

1747 3927 1979 3982 CAPUT
2021 3928 2110 3982 VI.

295 4017 600 4072 Secundum
632 4033 801 4086 genus
832 4015 1211 4071 haereticorum
1243 4014 1588 4084 aggreditur.
1634 4014 1857 4068 illorum
1889 4017 2095 4072 scilicet
2141 4019 2240 4087 qui
2292 4034 2361 4070 ea:
2392 4019 2564 4086 impia
2607 4017 2674 4072 de
2704 4017 2808 4071 Deo
2837 4017 3077 4072 omnium
3108 4016 3390 4071 conditore
3418 4015 3709 4080 sententia,

1649 4089 2039 4142 continentiam
2083 4095 2354 4143 exercent.

367 4205 660 4260 Adversus
678 4208 876 4259 autem
895 4201 1150 4257 alterum
1176 4218 1361 4273 genus
1379 4199 1817 4257 haareticorum.
1847 4203 1946 4272 qui

2127 4204 2258 4264 Τοῖς
2293 4200 2351 4256 δὲ
2380 4201 2645 4280 εὐφήμως
2696 4205 2806 4267 ι39)
2857 4198 2929 4256 δι’
2972 4200 3288 4275 ἐγκρατείας
3321 4193 3601 4254 ἀσεϐοῦσιν
3635 4195 3714 4261 εἷς

297 4295 562 4368 speciose
594 4311 700 4366 per
729 4291 1158 4347 continentiam
1186 4291 1366 4362 impie
1387 4307 1448 4344 se
1479 4295 1710 4364 gerunt,
1735 4296 1857 4344 tum
1884 4291 1944 4345 in

363 4393 426 4456 ’14
458 4395 520 4448 Ρ.
549 4393 646 4447 531
686 4393 796 4447 ED.
831 4391 1124 4446 POTTER.
1229 4390 1304 4461 (a)
1335 4389 1456 4444 Col.
1490 4405 1548 4453 ll,
1585 4388 1669 4444 11.

366 4509 479 4579 (29)
532 4503 1012 4588 Ἐπαισχιύγεσθαι..
1074 4503 1464 4588 Scribendum
1525 4499 1940 4588 οὐκ.ἐπαισχύ-

294 4576 474 4640 νισθαι
501 4596 514 4634 :
549 4578 709 4646 quod
734 4576 1009 4633 viderunt
1034 4577 1530 4646 etiamiinterpres
1553 4581 1611 4630 et
1633 4576 1942 4632 Lowthi‘us.

369 4596 474 4640 τθαι
501 4596 514 4634 :
593 4596 709 4634 uoa
734 4596 1009 4633 Viderunt.
1034 4596 1212 4632 etiam
1235 4596 1530 4646 interpres
1553 4596 1611 4630 ei.
1635 4596 1940 4632 Lowmlus.

369 4651 480 4721 (30)
513 4596 585 4704 Ἱῗί
633 4648 797 4720 μόνον
849 4648 983 4702 εἶναι
1031 4648 1093 4700 τὸ
1140 4645 1306 4721 καλὸν
1358 4644 1766 4721 ἀγαθόνᾷξῚοικ
1803 4648 1940 4721 edit.

295 4721 330 4788 ἢ
367 4715 573 4792 μόνον,
594 4715 783 4792 {quas
816 4721 1009 4775 solum
1039 4739 1065 4771 ι
1098 4718 1343 4792 relative
1364 4735 1383 4792 ξ
1406 4715 1528 4772 sed
1559 4715 1594 4786 ἢ
1628 4717 1944 4790 legendum

297 4790 854 4863 esse,probatetiam
880 4791 1334 4863 Herveti‘versio.
1356 4790 1628 4863 Susum.
1646 4821 1711 4829 —-
1733 4792 1946 4862 Legen-

295 4864 436 4919 dum
457 4859 552 4915 ειαέ
587 4861 750 4932 μόνον
786 4862 916 4934 εἶναι
947 4863 1010 4916 τὸ
1040 4859 1207 4916 καλὸν
1239 4861 1461 4934 ἀγαθόν.
1493 4862 1713 4916 LOWTH.

351 4935 481 5060 ,(31)
512 4935 626 5000 Τῆς
657 4933 875 5007 σαρκός.
926 4937 1043 4990 Τῶν
1095 4932 1375 5008 ἁμαρτιῶν
1407 4933 1506 5000 τῆς
1533 4935 1753 5006 σαρκός,
1785 4932 1938 5005 vulg.

299 5008 362 5060 Βι
411 5007 449 5060 l.
482 5005 704 5060 Coloss.

347 5022 449 5061 lDl.
482 5022 704 5060 UOIOSS.

369 5080 478 5140 (32)
508 5077 746 5143 Ζητεῖτε.
781 5075 857 5131 Οὗ
889 5076 917 5130 ὁ
947 5074 1176 5138 Χριστός
1226 5073 1367 5129 ἐστιν
1399 5073 1453 5130 ἐν
1495 5071 1639 5148 δεξιᾷ
1683 5079 1781 5130 τοῦ
1810 5077 1942 5130 Θεοῦ

295 5151 610 5218 καθήμενος
637 5148 866 5218 addunt
887 5149 1042 5218 vulg.
1081 5148 1224 5202 Bibl.

366 5216 478 5293 (33)
511 5216 692 5293 Μέλη.
728 5217 884 5293 Μῇἑλῃ
920 5216 1071 5293 ὑμῶν
1106 5219 1328 5293 Coloss.
1366 5219 1473 5293 ΡΜ
1513 5236 1673 5293 mon,
1700 5219 1942 5293 _’E1t_lﬁu-

293 5285 424 5420 μίαν
464 5285 666 5358 κακὴν,
702 5287 792 5341 καὶ
822 5287 920 5355 τὴν
959 5285 1302 5358 πλεονεξίαν,
1356 5285 1478 5355 ἥτις
1522 5285 1664 5342 ἐστὶν
1696 5287 1746 5342 ἐν
1779 5287 1938 5342 εἰδω-

335 5362 612 5420 ολατοεία.

335 5362 612 5420 ολατοεία.

367 5384 943 5508 ΐ3α4)ρε’3ῗποθέσθωσαν
998 5427 1088 5508 οῦν
1148 5427 1249 5508 καὶ
1295 5427 1472 5508 αὐτοί.
1534 5427 1676 5508 ﬂevi
1739 5424 1796 5481 δὶ
1849 5430 1940 5508 καὶ

296 5500 559 5571 ἀπόθεσθε
583 5506 672 5560 καὶ
705 5506 859 5575 ὑμεῖς
889 5501 962 5575 τά
986 5501 1460 5575 πάνταηϐμοίρδε,
1491 5500 1590 5575 ubi
1624 5517 1780 5575 mox,
1814 5501 1934 5554 01:6-

297 5567 464 5651 ματος
482 5567 694 5652 αὐτῶν,
731 5567 807 5652 μή
839 5573 1124 5652 ψεύδεσθαι
1170 5567 1468 5652 ἀλλήλοις,
1499 5568 1782 5652 ἀπεκδχθς.
1809 5590 1938 5652 rur-

291 5640 427 5711 ium
453 5640 756 5727 ’ἄνθρωπον
797 5640 899 5704 ⁷σίἇν
949 5653 1066 5710 ταῖς
1111 5642 1363 5722 πράξεσιν
1404 5641 1590 5712 αὐτοῦ,
1637 5643 1724 5699 καὶ
1757 5640 1937 5702 ἐνδυσ.

1749 4389 1820 4461 (b)
1848 4389 1996 4445 Ibid.
2031 4407 2108 4458 ιιι,
2142 4391 2195 4460 4,
2232 4393 2312 4444 t0.

2053 4311 2112 4344 τε
2138 4292 2237 4358 τήν
2283 4290 2458 4344 κτίσιν
2507 4291 2596 4345 καὶ
2640 4291 2730 4344 τὸν
2782 4290 2939 4364 ἅγιον
2993 4289 3475 4366 Δημιουργὸν,τὸν
3506 4307 3708 4342 παντοο

2389 4392 2454 4459 (ο)
2487 4391 2508 4443 Ι
2538 4391 2704 4445 Joan.
2739 4406 2796 4455 ιι,
2829 4392 2883 4442 Ir.

2124 4507 2236 4573 (35)
2265 4505 2398 4564 Οἷος
2431 4503 2458 4556 6
2494 4502 2678 4575 λόγος.
2725 4507 2900 4577 τοῖος,
2949 4502 2976 4555 6
3029 4501 3167 4577 βίος.
3225 4504 3447 4577 Seneca
3488 4505 3563 4560 ad
3591 4505 3699 4560 Lu-

2057 4576 2264 4656 cilium
2281 4577 2461 4656 Epist.
2476 4579 2493 4629 1
2511 4579 2528 4628 l
2543 4577 2603 4656 ~i_:
2628 4575 3163 4656 {ApudnG'rzecosin
3181 4575 3708 4656 proverbiumces-

2058 4648 2170 4702 sit:
2225 4646 2378 4701 Talis
2433 4647 2774 4700 hominibus
2825 4647 2937 4700 fuit
2984 4647 3192 4708 oratio,
3255 4646 3451 4717 qualis
3500 4648 3637 4701 vita.
3675 4671 3704 4695 η

2056 4721 2335 4772 Erasmus
2403 4719 2542 4770 (Yhil.
2601 4724 2802 4782 I,cent.
2859 4721 2911 4781 6,
2953 4735 3114 4786 prov.
3175 4721 3262 4783 50,
3323 4735 3394 4772 ex
3444 4719 3706 4774 Aristide

2057 4791 2320 4861 Grajcnm
2374 4791 2581 4861 aﬂ'ert.:
2633 4787 2762 4847 Οἶος
2809 4789 2838 4841 ὁ
2884 4789 3105 4861 τρόπος.
3154 4789 3578 4861 τοιοῦτονεῖναι
3614 4792 3704 4842 καὶ

2051 4861 2142 4913 τὸν
2173 4857 2351 4934 λόγον,
2383 4859 2486 4915 sed
2509 4861 2726 4934 melius
2749 4857 3091 4934 expressum
3118 4861 3300 4916 babes
3323 4879 3352 4916 e
3375 4860 3701 4934 Clemente.

2054 4932 2320 4988 COLLECT.
2338 4964 2401 4972 —
2417 4932 2579 4987 Cont.
2592 4950 2723 5002 qua:
2742 4932 2852 4986 sub
2870 4933 3051 4987 ﬁnem
3070 4935 3402 5003 Protreptici
3424 4933 3709 4990 adnotata

2054 5011 2211 5059 sunt.

2125 5077 2236 5143 (36)
2271 5069 2518 5145 Aév§oov.
2573 5075 2836 5145 Respicit
2881 5075 3096 5129 Christi
3152 5076 3432 5130 effatum:
3484 5074 3578 5130 Ἐκ
3607 5079 3708 5128 τοῦ

2049 5141 2355 5219 καρποῦᾼτὸ
2388 5141 2608 5219 δένδρον
2641 5141 2984 5217 γινώσκεται.
3021 5148 3221 5219 Matth.
3256 5149 3479 5219 111.7373.

2124 5215 2355 5293 (37)_’Q¢
2383 5215 2715 5293 γᾶρίῈρῐίιθ
2765 5219 2986 5273 rectius
3037 5215 3066 5270 6'
3112 5217 3235 5292 γὰρ,
3289 5218 3381 5274 vel
3413 5218 3544 5292 ὅπερ
3575 5216 3704 5293 γὰρ,

2057 5310 2079 5339 α
2117 5289 2274 5361 quod
2307 5289 2484 5361 enim.
2526 5312 2552 5337 ››
2586 5290 2858 5361 SvLsuac.

2122 5358 2236 5431 (‘38)
2266 5359 2365 5412 Τὸν
2403 5359 2617 5431 Κύριον.
2656 5358 2850 5419 Αὐτόν,
2882 5361 3092 5415 Joann.

2122 5430 2564 5508 (ξω-Εὐφήμοιο
2620 5433 2711 5487 Sic
2763 5432 3094 5508 infra_pag.
3133 5433 3249 5508 :iEiZ
3296 5430 3703 5508 edit..Paris._:

2047 5498 2203 5557 Οίδέ
2235 5498 2686 5574 ἀντιτασσόμενοι
2737 5506 2805 5575 τῇ
2853 5498 3021 5557 κτίσει
3044 5498 3162 5557 ’τοῦ
3201 5505 3335 5556 Θεοῦ
3366 5499 3453 5555 διὰ
3481 5508 3580 5570 τῆς
3611 5501 3703 5557 εὖ·

2048 5575 2121 5647 φή
2133 5595 2239 5647 μου
2269 5575 2601 5651 ἐγκρατείας.
