4034 6148
321 264 463 322 1149

1647 268 2086 328 BTROMATUM
2123 275 2261 328 LIB.
2302 268 2401 328 Ill.

3587 265 3729 326 1150

316 389 562 463 κράτορα
593 387 759 461 μόνον
786 389 940 457 Θεὸν,
966 388 1057 444 καὶ
1106 386 1421 446 διδάσκουσι
1472 391 1549 463 μὴ
1593 387 1702 446 δεῖν
1734 386 1958 464 παραδε-

2084 400 2437 461 creaturam,
2474 399 2599 450 tum
2629 395 2691 450 in
2712 400 2983 450 sanctum
3002 394 3309 466 Opificem,
3335 394 3436 466 qui
3455 399 3543 452 est
3565 395 3729 451 solus

321 489 515 554 χεσθαι
544 477 724 552 γάμον
776 479 866 533 καὶ
922 476 1271 534 παιδοποιίαν
1333 477 1475 553 μηδὶ
1529 477 1859 555 ἀντεισάγειν
1891 485 1972 553 τῷ

317 567 513 639 κόσμῳ
570 563 944 641 δυσχήσοντας
996 566 1235 643 ἐτέρους,
1290 566 1432 641 μηδέ
1489 568 1848 644 ἐπιχορηγεῖν
1894 572 1974 640 τῷ

321 658 536 728 θανάτῳ
562 657 795 732 τροφὴν,
827 655 1006 710 ἐκεῖνα
1064 655 1309 712 λεκτέοι·
1366 661 1583 729 πρῶτον
1645 657 1740 730 μὲν
1784 659 1846 712 τὸ
1874 662 1973 712 τοῦ

320 743 633 800 ἀποστόλου
667 745 936 802 ’[ωάδνουι
999 768 1027 797 α
1064 746 1164 801 Καὶ
1224 749 1316 800 νῦν
1372 745 1717 820 ἀντίχριστοι
1768 743 1972 802 πολλοὶ

318 834 625 910 γεγόνασινο
687 831 807 888 ὅθεν
864 833 1169 908 ἐγνώκαμεν
1230 838 1371 909 (40),
1427 835 1510 889 ’ὁτι
1587 835 1792 910 ἐσχάτη
1855 834 1973 908 ὥρα

316 921 483 979 ἐστίν.
518 923 606 993 Ἐξ
829 921 1079 995 ἐξῆλθον,
1125 922 1251 979 ἀλλ’
1304 924 1407 979 οὐκ
1452 925 1587 994 ἦσαν
1622 925 1673 995 ἐξ
1705 926 1887 997 ἡμῷν⁸
1926 922 1975 978 εἷ’

314 1011 418 1087 γὰρ
465 1012 602 1081 ἦσαν
660 1011 711 1082 ἐξ
768 1014 949 1085 ἡμῶν,
1011 1014 1404 1085 μεμενήκεισαν
1458 1012 1518 1068 ἃν
1572 1015 1900 1087 μεθ’ἡμῶν.
1942 1038 1970 1065 υ

317 1106 545 1156 Ἔπειτα
571 1101 658 1155 καὶ
694 1100 1076 1177 διαστρεπτέον
1127 1102 1343 1172 αὐτοὺς,
1400 1107 1468 1158 τά
1528 1104 1617 1157 ὑπ’
1665 1102 1843 1157 αὐτῶν
1877 1123 1974 1180 φε-

319 1189 522 1263 ρόμενα
579 1186 923 1260 διαλύοντας,
980 1187 1089 1245 ὧδέ
1145 1208 1288 1253 πως’
1351 1215 1379 1244 ιι
1408 1193 1495 1266 Τῇ
1525 1189 1772 1265 Σαλώμῃ
1803 1190 1830 1245 6
1862 1188 1968 1247 K6-

322 1298 442 1355 ριος
470 1280 876 1352 πυνθανομένῇ,
915 1278 1081 1355 μέχρι
1111 1280 1244 1334 πότε
1286 1281 1510 1345 θάνατος
1541 1279 1777 1348 ἰσχύσει,
1808 1302 1836 1331 »
1867 1278 1976 1354 οὐχ

320 1366 397 1429 ὡς
426 1368 536 1441 (4-1)
566 1370 736 1421 κακοῦ
784 1370 882 1422 τοῦ
938 1366 1059 1442 βίου
1117 1363 1273 1430 ὄντος
1331 1368 1419 1424 καὶ
1460 1374 1560 1439 τῆς
1610 1366 1840 1430 κτίσεως
1871 1387 1970 1421 που

313 1461 505 1531 νηρᾶς,
548 1479 574 1510 ιι
606 1456 823 1531 Μέχρις
880 1455 965 1524 ἂν,
1024 1457 1191 1525 εἶπεν,
1228 1457 1384 1531 ὑμεῖς
1439 1459 1494 1513 αἱ
1549 1462 1798 1533 γυναῖκες
1848 1455 1972 1511 τίκ-

311 1563 450 1601 τετεο
484 1568 512 1597 ››
554 1543 683 1601 ἀλλ’
729 1545 803 1608 ὡς
856 1546 957 1616 τήν
1011 1544 1341 1602 ἀκολουθίαν
1393 1548 1492 1617 τήν
1549 1547 1781 1625 φυσικὴν
1811 1542 1970 1601 διδά-

317 1651 480 1688 σκων*
511 1635 713 1710 γενέσει
769 1633 869 1709 γὰρ
928 1635 1145 1696 πάντως
1200 1631 1386 1691 ἕπεται
1442 1635 1532 1690 καὶ
1592 1632 1783 1713 φθοραί.
1817 1637 1970 1709 Τρυ-

317 1729 427 1802 φῆς
461 1731 557 1797 μὲν
605 1722 697 1779 οῦν
746 1724 839 1778 καὶ
889 1723 1066 1794 πάσης
1108 1724 1375 1798 ἀκοσμίας
1415 1727 1563 1797 ἡμᾶς
1595 1726 1623 1779 6
1653 1724 1824 1798 νόμος
1852 1722 1971 1797 ἐξά-

315 1832 434 1887 γειν
467 1811 802 1887 προῄρηται.
862 1814 965 1869 Καὶ
1002 1812 1164 1868 τοῦτό
1195 1812 1335 1869 ἐστιν
1371 1813 1537 1869 αὐτοῦ
1565 1812 1749 1882 τέλος,
1783 1813 1842 1868 ἐκ
1867 1819 1968 1883 τῆς

313 1898 526 1965 ἀδικίας
580 1904 729 1974 ἡμᾶς
787 1901 865 1963 είς
924 1899 1270 1973 δικαιοσύνην
1333 1903 1580 1979 ὑπάγειν,
1646 1904 1859 1978 γάμους
1911 1923 1970 1958 τε

316 1989 680 2065 αἱρουμὲνους
734 1990 1043 2070 σώφρονας,
1100 1993 1190 2047 καὶ
1248 1989 1630 2064 παιδοποιίας,
1685 1993 1776 2048 καὶ
1806 1990 1965 2047 πολι»

290 2078 479 2144 ’τείας.
539 2080 601 2137 Ὁ
659 2077 718 2135 δὲ
775 2080 974 2155 Κύριος
1025 2080 1087 2135 ού
1145 2080 1433 2137 καταλύειν
1490 2084 1603 2156 (42)
1658 2082 1750 2137 τὸν
1795 2080 1965 2155 νόμον

314 2168 640 2247 ἀφικνείται,
702 2168 851 2225 ἀλλά
907 2170 1220 2246 πληρῶσαι⁶
1281 2169 1575 2247 πληρῶσαι
1636 2168 1693 2226 δὲ
1745 2171 1853 2246 οὐχ
1890 2171 1966 2232 ὡς

314 2255 480 2313 ἐνδεεῖ
538 2262 669 2328 (43),
729 2257 878 2315 άλλά
934 2264 1014 2332 τῷ
1067 2261 1162 2322 τάς
1216 2261 1355 2316 κατὰ
1405 2259 1576 2334 νόμον
1634 2259 1969 2337 προφητείας

314 2346 584 2410 ἐπιτελεῖς
632 2348 874 2423 γενέσθαι
931 2351 1067 2404 κατὰ
1121 2351 1218 2419 τήν
1274 2350 1442 2405 αὐτοῦ
1497 2350 1814 2428 παρουσίαν·
1849 2348 1965 2404 ἐπεὶ

312 2435 381 2490 τά
407 2441 508 2504 τῆς
541 2436 707 2512 ὀρθῆς
736 2435 1022 2502 πολιτείας
1071 2437 1161 2493 καὶ
1219 2443 1339 2501 τοῖς
1397 2436 1621 2503 δικαίως
1673 2433 1965 2515 βεϐιωκόσι

315 2525 424 2599 πρὸ
451 2528 548 2580 τοῦ
577 2525 754 2599 νόμου
785 2523 876 2581 διὰ
928 2530 1026 2582 τοῦ
1085 2525 1253 2603 λόγου
1310 2527 1659 2603 ἐκηρύσσετο.
1693 2527 1762 2585 Οἱ
1784 2526 1965 2582 τοίνυν

316 2610 546 2684 πολλοὶ,
578 2616 679 2684 τήν
739 2614 1049 2691 ἐγκράτειαν
1107 2616 1206 2672 οὐκ
1264 2615 1491 2687 εἰδότες,
1547 2615 1761 2689 σώματι
1810 2615 1969 2670 πολι-

313 2702 583 2774 τεύονται,
613 2701 743 2758 ἀλλ’
773 2703 836 2757 ού
866 2705 1156 2777 πνεύματι.
1191 2711 1264 2774 Γῆ
1317 2701 1374 2758 δὶ
1410 2705 1502 2759 καὶ
1534 2700 1734 2764 σποδὸς
1765 2703 1827 2756 τὸ
1859 2704 1969 2756 σώ-

321 2812 395 2866 μα
452 2793 577 2847 ἄνευ
633 2790 965 2863 πνεύματος,
1020 2791 1211 2846 αὐτίκα
1268 2793 1523 2865 μοιχείαν
1567 2790 1756 2866 (44)ἐξ
1813 2789 1966 2854 ἐνθυ-

323 2882 541 2953 μήσεως
573 2880 748 2954 κρίνει
777 2879 805 2932 ὁ
843 2879 1060 2952 Κύριος.
1116 2879 1183 2935 Τί
1238 2882 1339 2954 γὰρ
1368 2899 1383 2948 ;
1443 2879 1545 2933 οὐκ
1601 2877 1714 2933 ἔστι
1743 2878 1833 2934 καὶ
1865 2877 1963 2952 γά-

323 2989 412 3042 μῳ
444 2968 721 3043 ἐγκρατῶς
750 2968 1009 3043 χρῆσθαι,
1059 2967 1148 3022 καί
1211 2968 1286 3041 μή
1344 2972 1632 3044 πειρᾶσθαι
1665 2965 1906 3022 διαλύειν
1938 2968 1967 3023 ὃ

316 3079 346 3110 ι(
377 3054 678 3127 συνέζευξεν
732 3061 845 3129 (45)
900 3059 928 3111 ὁ
986 3055 1156 3125 Θεός;
1193 3080 1221 3107 ››
1279 3058 1519 3114 Τοιαῦτα
1546 3056 1647 3133 γάρ
1676 3054 1961 3111 διδάσκου-

312 3167 394 3202 σιν
438 3147 491 3201 οἱ
533 3152 634 3215 τῆς
683 3144 933 3221 συζυγίας
998 3146 1267 3219 μερισταί,
1327 3143 1400 3200 δι’
1455 3144 1547 3207 οῦς
1575 3145 1664 3201 καὶ
1693 3147 1757 3200 τὸ
1786 3141 1963 3218 ὄνομα

315 3235 723 3314 βλασφημεῖται
783 3238 918 3307 (46).
978 3236 1192 3311 Μιαράν
1254 3232 1312 3291 δί
1369 3235 1500 3291 εἶναι
1545 3236 1644 3305 τὴν
1680 3234 1963 3290 συνουσίαν

311 3325 560 3402 λέγοντες
620 3325 793 3393 οὗτοι,
853 3324 906 3379 οἱ
957 3325 1056 3393 τήν
1117 3323 1368 3380 σύστασιν
1414 3325 1507 3380 καί
1555 3324 1711 3380 αὑτοὶ
1761 3325 1878 3399 (47)
1909 3322 1970 3379 ἐκ

312 3414 592 3477 συνουσίας
640 3412 953 3490 εἰληφότες,
1001 3417 1120 3476 πῶς
1162 3414 1263 3469 οὐκ
1309 3412 1369 3469 ἂν
1419 3414 1519 3468 εἷεν
1572 3415 1760 3490 μιαροί
1793 3439 1807 3481 ;
1840 3416 1966 3471 Τῶν

316 3504 375 3561 δὲ
404 3504 760 3580 άγιασθέντων
790 3504 968 3580 ἅγιον,
1003 3503 1179 3578 οἶμαι,
1237 3504 1327 3559 καὶ
1382 3504 1445 3559 τὸ
1504 3505 1740 3579 σπέρμα.
1780 3503 1965 3580 ὐγιά-

317 3596 438 3650 σθαι
475 3595 568 3667 μὶν
604 3591 696 3647 οῦν
727 3595 864 3665 ἡμῖν
893 3592 1098 3667 ὀφείλει
1149 3593 1211 3648 ού
1262 3594 1427 3667 μόνον
1468 3595 1528 3648 τὸ
1558 3597 1790 3668 πνεῦμα,
1821 3590 1968 3648 ἀλλᾶ

313 3682 404 3739 καὶ
454 3683 482 3738 6
537 3682 758 3751 τρόπος,
809 3680 900 3736 καὶ
933 3683 960 3737 6
996 3682 1133 3753 βίος,
1193 3681 1281 3738 καὶ
1336 3683 1400 3738 τὸ
1458 3687 1635 3756 σῶμα.
1682 3682 1830 3738 Ἐπεὶ
1858 3681 1963 3737 τίνι

317 3771 470 3847 λόγω
528 3772 557 3825 6
616 3768 928 3832 ἀπόστολος
990 3772 1202 3832 Παῦλος
1258 3772 1517 3847 ἡγιάσθαι
1577 3772 1721 3848 λέγει
1787 3793 1809 3821 ι
1862 3771 1960 3840 τήν

307 3867 534 3940 γυναῖκα
565 3859 667 3915 ὑπὸ
695 3863 793 3915 τοῦ
853 3856 1071 3934 ἀνδρὸς,
1131 3860 1165 3931 ἢ
1225 3863 1314 3916 τὸν
1378 3858 1544 3936 ἂνδρα
1601 3859 1835 3930 ὑπὸτῆς
1865 3881 1962 3936 γυ-

304 3952 525 4020 ναικός;
563 3974 589 4002 ››
620 3949 680 4004 Τί
712 3947 769 4004 δὲ
799 3948 940 4004 ἐστιν
1003 3949 1134 4022 ὅπερ
1196 3951 1224 4004 6
1278 3950 1478 4025 Κύριος
1526 3952 1643 4005 εἷπε
1672 3951 1807 4025 πρὸς
1838 3949 1977 4019 τοὺς,

309 4040 433 4115 περὶ
462 4043 558 4095 τοῦ
591 4038 924 4094 ἀποστασίου
954 4035 1416 4111 πυνθανομένους,
1453 4063 1480 4088 ››
1517 4040 1575 4094 Ei
1620 4034 1817 4111 ἔξεστιν
1850 4041 1962 4112 (48)

309 4127 580 4184 ἀπολῦσαι
611 4133 865 4202 γυναῖκα,
899 4129 1169 4190 Μωϋσέως
1224 4127 1611 4204 ἐπιτρέψαντος
1639 4146 1653 4196 ;
1690 4152 1717 4178 ››
1760 4152 1787 4179 ‹‹
1821 4130 1963 4202 Πρός

305 4222 405 4286 τήν
428 4214 865 4290 σκληροκαρδίαν
893 4217 1066 4289 ὑμῶν,
1091 4218 1280 4295 φησὶν,
1298 4219 1325 4270 ὁ
1351 4219 1594 4285 Μωϋσῆς
1617 4218 1784 4271 ταῦτά
1806 4214 1963 4293 ἔγρα-

306 4309 425 4382 ψενι
454 4306 607 4380 ὑμεῖς
633 4302 691 4359 δὲ
713 4303 812 4360 οὐκ
831 4303 1122 4381 ἂνέγνωτε,
1147 4307 1231 4360 ὅτι
1249 4310 1327 4378 τῷ
1350 4305 1771 4381 πρωτοπλάστῳ
1791 4305 1961 4369 ὁΘεὸς

375 4466 440 4532 ιιι
469 4469 533 4522 Ρ.
563 4468 671 4521 532
699 4465 811 4521 ED.
844 4467 1140 4535 POTTER,
1172 4470 1277 4523 445
1310 4470 1421 4524 ED.
1455 4468 1686 4524 PARIS.

307 4541 481 4595 Marc.
513 4555 572 4607 x,
601 4541 654 4593 9.
733 4538 811 4608 (ἀ)
836 4539 861 4592 Ι
885 4539 1014 4596 Cor.
1046 4556 1140 4608 vn,
1175 4542 1259 4595 14.

371 4682 484 4750 (40)
513 4676 877 4753 Ἐγνώκαμεν.
912 4678 1279 4753 Γινώσκομεν,
1313 4685 1520 4740 Joaun.

371 4755 483 4824 (41)
514 4751 639 4824 Οὐχ
666 4751 763 4812 ὡς.
798 4752 1137 4824 Simplicior
1161 4751 1312 4810 ordo
1366 4761 1477 4823 est,
1535 4753 1701 4808 εἶπεν⁸
1735 4752 1950 4865 Μέχρις

394 4823 549 4865 fuit?!
577 4825 629 4865 αἱ
662 4827 910 4865 νιινιιῖνςί·
957 4825 1188 4865 σφίγγεις-ς·
1241 4826 1350 4865 [νἰν
1386 4826 1462 4865 lfu-
1494 4828 1666 4865 νηνηῆ
1692 4830 1788 4865 ιι·ηῆ
1825 4828 1856 4865 Η.
1886 4846 1950 4865 nn

298 4820 360 4899 ἓν
379 4820 639 4899 ’ὑμεῖς-αῖ
662 4827 910 4899 γυναῖκες
927 4820 939 4824 ’
957 4825 1188 4879 τίκτετε*
1241 4826 1358 4899 οὐχ
1386 4820 1472 4899 ᾡς
1494 4828 1666 4899 κακοῦ
1692 4830 1788 4879 τοῦ
1825 4820 1950 4899 βίου

297 4890 453 4956 ὄντος
481 4890 700 4963 καὶτῆς
729 4893 956 4958 κτίσεως
997 4902 1262 4968 πονηρᾶς,
1315 4890 1442 4952 ἀλλ’
1493 4896 1638 4957 ὡς...
1672 4890 1944 4953 SYLBimG.

297 4998 366 5009 -—-
388 4969 568 5023 Porro
594 4969 704 5022 hoc
725 4968 941 5022 Christi
964 4969 1037 5023 ad
1062 4971 1337 5025 Salomon
1364 4971 1587 5026 dictum
1611 4970 1827 5023 iterum
1849 4986 1950 5024 oc-

297 5040 485 5125 currit
513 5040 574 5093 in
604 5042 845 5125 Εαςοθγρέ
899 5041 1217 5125 e‘fheodqt.
1280 5059 1391 5125 pag
1466 5043 1587 5125 ηε),
1637 5040 1780 5125 item
1810 5040 1945 5094 libri

299 5111 549 5191 hujusce
580 5128 710 5191 pag.
743 5112 847 5191 4ᾕὲ
879 5111 1017 5167 edit.
1055 5113 1257 5180 Paris,
1280 5111 1385 5169 ubi
1409 5130 1477 5170 ex
1510 5111 1820 5191 Evangelia
1854 5129 1944 5167 se-

293 5182 560 5238 cundum
582 5182 888 5254 )Egyptios
919 5191 1240 5254 sumptum,
1276 5191 1569 5242 memorat
1597 5182 1822 5239 auctor.

366 5200 560 5237 .naum
591 5200 888 5308 mgypuos
919 5200 1240 5254 sumptum,
1276 5200 1569 5242 memorat
1597 5200 1822 5239 aucwr.

366 5256 478 5319 (4-2)
510 5259 655 5325 liam,
698 5255 827 5306 ύειν.
888 5255 1090 5310 Matth.
1153 5274 1203 5324 ν,
1267 5260 1365 5311 Πε
1430 5258 1519 5322 Μὴ
1561 5254 1829 5325 νομίσητε
1860 5251 1944 5325 ὃτι

288 5322 462 5402 ﬁtter
507 5324 840 5402 mmihi)“:
867 5322 1253 5402 τὸνινόμονῆ
1305 5327 1432 5389 τοὺς
1480 5322 1790 5402 προφήτας·
1845 5322 1944 5377 οὐκ

289 5392 465 5472 ἦλθον
496 5395 822 5472 καταλῦσαι,
855 5395 1002 5449 ἀλλά
1033 5392 1350 5472 πληρῶσαι,
1525 5392 1546 5472 ’ί
1658 5392 1683 5472 '_
1744 5471 1747 5472 ν
1812 5414 1820 5472 ς

362 5470 475 5536 (43)
505 5466 725 5525 Ἐνδεεῖ.
761 5466 1192 5540 ϐοηει-υθῐιῐίιιέ
1241 5469 1420 5539 ἐνδεῆ,
1464 5471 1556 5525 vel
1602 5466 1774 5522 ἐνδεᾶ.
1808 5469 1943 5523 8η-

297 5554 460 5593 BURG.

366 5609 474 5680 (44)
500 5611 790 5684 Μοιχείαν,
823 5611 1087 5684 Respicit
1138 5613 1339 5670 Matth.
1389 5632 1441 5684 γ,
1487 5614 1720 5684 mulli};
1750 5605 1945 5684 6_p_).é-

292 5697 408 5754 φων
439 5678 666 5755 γυναῖκᾶ
692 5682 832 5757 πρὸς
864 5678 1314 5761 τὸΊπιθυμῆσαι
1344 5678 1514 5749 αὐτῆς
1542 5680 1654 5753 ἤδη
1685 5678 1943 5754 ἐμοίχευ-

1808 4468 1885 4541 (a)
1912 4470 1938 4524 Ι
1964 4470 2132 4525 Joan.
2167 4483 2227 4538 ιι,
2253 4469 2341 4534 18,
2376 4470 2463 4522 19.

2079 484 2234 540 Deus
2252 482 2635 557 omnipotens
2658 503 2673 551 ;
2699 488 2755 538 et
2777 484 2982 540 dicunt
3003 500 3124 538 non
3148 500 3274 539 esse
3294 485 3728 541 admittendum

2075 574 2526 630 matrimonium
2547 572 2942 629 etliberorum
2962 573 3455 644 procreationem,
3472 574 3729 637 necidn

2077 664 2369 720 mundum
2403 680 2534 719 esse
2561 662 2930 718 inducendos
2963 662 3115 716 alios
3157 661 3427 717 infelices
3472 662 3728 731 futuros,

2077 769 2189 809 nec
2222 753 2722 825 suppeditandum
2760 751 2935 806 morti
2967 750 3420 816 nutrimentum,
3445 751 3571 807 haec
3595 757 3735 807 sunt

2077 842 2472 914 opponenda:
2509 841 2765 913 primum
2802 840 3045 912 quidem
3075 840 3224 894 illud
3273 840 3559 895 Joannis:
3594 863 3620 891 ‹‹
3668 843 3738 895 Et

2082 949 2244 988 nunc
2263 930 2598 987 antichristi
2615 929 2789 987 multi
2812 927 2950 985 facti
2972 934 3129 997 sunt,
3155 929 3315 984 unde
3337 928 3557 984 scimus
3576 929 3734 1000 quod

2078 1021 2399 1076 novissima
2429 1021 2574 1075 hora
2614 1025 2721 1074 est.
2768 1020 2850 1073 Ex
2899 1018 3073 1073 nobis
3125 1018 3418 1080 exierunt,
3469 1017 3571 1072 sed
3613 1034 3734 1072 non

2079 1116 2249 1165 erant
2277 1127 2347 1165 ex
2376 1109 2566 1164 nobis.
2604 1109 2747 1163 Nam
2780 1107 2824 1163 si
2854 1107 3109 1162 fuissent
3136 1123 3203 1161 ex
3236 1105 3428 1175 nobis,
3454 1123 3731 1178 perman-

2080 1198 2298 1254 sisseut
2310 1199 2513 1269 utique
2528 1197 2942 1266 nobiscum(a).
2954 1196 3212 1251 iiDeinde
3227 1201 3367 1251 sunt
3380 1196 3559 1251 etiam
3577 1212 3733 1251 ever-

2078 1289 2263 1349 tendi,
2298 1293 2356 1342 et
2386 1285 2785 1352 dissolvenda,
2819 1302 2953 1356 quas
2980 1284 3052 1339 ab
3085 1285 3169 1339 eis
3219 1286 3569 1352 alTeruntur,
3621 1285 3732 1340 hoc

2078 1377 2253 1432 modo
2284 1394 2296 1432 :
2333 1398 2360 1428 «
2393 1376 2643 1431 Salomaa
2696 1374 3109 1446 interroganti,
3161 1390 3471 1445 quousque
3520 1374 3737 1447 vigebit

2078 1482 2264 1533 mors,
2298 1487 2325 1514 »
2359 1481 2480 1520 non
2506 1464 2675 1536 quasi
2706 1464 2822 1519 vita
2852 1468 3010 1519 esset
3047 1462 3225 1529 mala,
3273 1468 3333 1517 et
3382 1462 3538 1518 mala
3575 1479 3734 1518 crea-

2080 1560 2236 1624 tura,
2270 1572 2290 1601 ι
2312 1554 2618 1621 Dominus,
2644 1551 3063 1623 Quoadusque,
3088 1551 3304 1623 inquit,
3329 1568 3430 1606 vos
3454 1551 3737 1607 mulieres

2081 1643 2313 1717 paritis,
2347 1665 2374 1692 »
2409 1643 2513 1698 sed
2544 1643 2714 1715 quasi
2746 1641 3081 1696 naturalem
3111 1641 3332 1696 docens
3360 1657 3734 1711 consequen-

2082 1732 2225 1788 tiam
2251 1750 2264 1786 :
2299 1736 2493 1787 ortum
2525 1731 2686 1786 enim
2713 1730 2959 1785 omnino
2979 1730 3249 1800 sequitur
3278 1728 3575 1783 interitus.
3598 1728 3735 1783 Vult

2076 1838 2212 1894 ergo
2243 1821 2336 1875 lex
2368 1819 2610 1892 quidem
2645 1836 2754 1874 nos
2798 1835 2833 1874 a
2862 1817 3096 1873 deliciis
3129 1818 3413 1888 omnique
3437 1817 3652 1890 probro
3682 1821 3740 1871 et

2074 1909 2363 1966 dedecore
2390 1909 2664 1964 educere.
2709 1909 2780 1961 Et
2808 1906 2905 1961 hic
2937 1911 3027 1961 est
3059 1907 3191 1977 ejus
3224 1905 3383 1973 finis,
3412 1910 3478 1960 ut
3507 1921 3616 1960 nos
3662 1906 3734 1960 ab

2073 1998 2367 2071 injustitia
2384 1998 2457 2053 ad
2466 1998 2768 2069 justitiam
2785 1996 3170 2063 deducamur,
3188 1995 3442 2050 honesta
3457 1994 3732 2067 eligendo

2074 2086 2877 2145 matrimonia.etliberorum
2892 2083 3432 2156 procreationem,b
3445 2099 3741 2154 unamque

2071 2177 2203 2233 vitae
2235 2176 2695 2233 institutionem.
2718 2174 3005 2230 Dominus
3043 2180 3249 2229 autem
3283 2198 3309 2224 ιι
3344 2190 3466 2229 non
3487 2172 3742 2228 venitad

2073 2267 2416 2323 solvendam
2447 2265 2661 2337 legem,
2694 2264 2798 2319 sed
2824 2263 2897 2318 ad
2922 2262 3397 2334 implendam(b)
3424 2278 3436 2315 :
3462 2284 3490 2310 »
3522 2262 3595 2317 ad
3625 2261 3737 2316 im-

2073 2356 2352 2427 plendam
2380 2359 2600 2420 autem,
2634 2368 2756 2406 non
2787 2358 2855 2405 ut
2901 2350 2995 2406 cui
3040 2349 3270 2420 aliquid
3321 2349 3577 2415 deesset,
3627 2349 3731 2404 sed

2072 2444 2231 2516 quod
2261 2442 2408 2513 legis
2441 2439 2764 2512 prophetia:
2795 2456 2902 2509 per
2923 2439 3052 2510 ejus
3075 2438 3392 2493 adventum
3415 2437 3727 2509 completas

2070 2532 2311 2587 fuerint.
2346 2531 2489 2585 Nam
2522 2533 2684 2583 recta
2712 2527 2841 2582 vitm
2874 2527 3195 2596 institutio,
3248 2526 3319 2581 iis
3370 2525 3570 2591 etiam,
3624 2526 3725 2597 qui

2063 2620 2225 2692 juste
2242 2619 2516 2673 vixerunt
2531 2621 2666 2672 ante
2688 2615 2900 2687 legem,
2925 2632 3032 2686 per
3049 2615 3244 2687 Logon
3265 2613 3721 2685 praedicabatur.

2072 2705 2291 2778 Vulgus
2321 2720 2457 2776 ergo
2488 2702 2815 2769 hominum,
2849 2701 3006 2772 quod
3036 2717 3158 2756 non
3202 2701 3366 2757 novit
3402 2704 3718 2756 continen-

2071 2794 2239 2856 tiam.
2272 2809 2520 2865 corpore
2550 2793 2729 2847 vitam
2769 2791 2948 2865 degit,
2983 2791 3087 2846 sed
3115 2808 3236 2847 non
3286 2790 3536 2863 spiritu:
3590 2790 3721 2846 sine

2069 2882 2280 2954 spiritu
2308 2887 2507 2937 autem
2534 2897 2749 2953 corpus
2781 2880 2934 2935 nihil
2964 2880 3127 2937 aliud
3158 2886 3249 2936 est
3279 2896 3459 2951 quam
3480 2886 3634 2935 terra
3666 2886 3725 2935 et

2069 2973 2241 3028 cinis.
2273 2972 2399 3027 Jam
2430 2970 2791 3026 adulterium
2813 2969 3045 3043 judicat
3085 2970 3374 3026 Dominus
3407 2986 3477 3025 ex
3502 2969 3721 3043 cogita-

2074 3062 2256 3117 tione.
2275 3060 2425 3126 Quid
2443 3061 2602 3116 enim
2620 3058 2647 3114 ?
2663 3075 2863 3114 annon
2882 3060 3023 3114 licet
3043 3059 3222 3114 etiam
3240 3059 3623 3115 continenter
3639 3060 3725 3114 uti

2074 3151 2545 3217 matrimonio,et
2557 3164 2678 3203 non
2695 3148 2898 3203 conari
2916 3147 3423 3220 dissolvere,quod
3441 3149 3726 3221 «conjun-

2076 3240 2163 3296 xit
2179 3241 2331 3296 Deus
2351 3238 2422 3311 (ο)
2438 3238 2466 3293 ‘I
2481 3260 2510 3289 ››
2533 3237 2697 3293 Talia
2721 3236 2879 3292 enim
2902 3235 3119 3291 docent
3139 3237 3395 3309 conjugii
3421 3236 3729 3303 divisores,

2076 3334 2321 3401 propter
2337 3325 2494 3399 quod
2510 3341 2727 3380 nomen
2749 3324 2981 3396 probris
2998 3340 3065 3379 ac
3084 3325 3415 3380 maledictis
3432 3325 3734 3397 appetitur

2077 3418 2234 3473 inter
2261 3422 2486 3490 gentes.
2522 3414 2886 3470 Sceleratum
2930 3418 3132 3469 autem
3165 3413 3430 3468 dicentes
3468 3413 3567 3468 isti
3599 3428 3729 3470 esse

2077 3506 2321 3571 coitum,
2354 3503 2454 3576 qui
2488 3503 2598 3575 ipsi
2631 3519 2865 3575 quoque
2898 3517 3067 3557 suam
3105 3502 3426 3557 essentiam
3472 3518 3542 3556 ex
3567 3501 3726 3556 coitu

2075 3610 2377 3666 accepere,
2411 3592 2709 3664 quomodo
2742 3608 2861 3646 non
2894 3590 3115 3646 fuerint
3140 3588 3459 3646 scelerati?
3504 3590 3723 3646 Eorum

2075 3691 2296 3750 autem,
2328 3683 2429 3754 qui
2463 3686 2600 3736 sunt
2631 3680 3006 3745 sanctiﬁcati,
3048 3684 3320 3734 sanctum
3351 3693 3607 3751 quoque,
3657 3684 3726 3733 ut

2073 3780 2237 3846 puto,
2271 3787 2474 3827 semen
2507 3776 2611 3825 est.
2648 3772 2730 3825 Ac
2760 3768 2933 3824 nobis
2955 3768 3194 3840 quidem
3225 3766 3401 3823 debet
3431 3782 3559 3823 esse
3583 3783 3717 3822 san-

2072 3863 2386 3930 ctiﬁcatus,
2420 3876 2541 3915 non
2574 3858 2766 3915 solum
2792 3857 3057 3930 spiritus.
3083 3857 3185 3913 sed
3204 3863 3263 3912 et
3284 3873 3501 3925 mores,
3528 3861 3586 3912 et
3606 3857 3724 3912 vita

2074 3956 2377 4022 etcorpus.
2400 3950 2544 4004 Nam
2565 3963 2822 4018 quanam
2842 3947 3074 4002 ratione
3086 3945 3459 4002 dicitPaulus
3481 3950 3719 4016 aposto-

2072 4040 2166 4095 lus
2179 4056 2308 4096 esse
2326 4060 2349 4090 α
2368 4038 2795 4093 sanctificatam
2815 4037 3127 4091 mulierem
3141 4036 3475 4102 aviro,»aut
3490 4056 3515 4083 ››
3529 4034 3719 4089 virum

2072 4126 2669 4199 amuliere(d)?»Quid
2683 4131 2773 4181 est
2785 4125 3169 4197 autemquod
3184 4125 3469 4180 Dominus
3482 4139 3719 4194 quoque

2071 4219 2220 4274 dixit
2248 4218 2343 4286 iis,
2368 4216 2467 4288 qui
2491 4215 2935 4288 interrogabant
2954 4212 3026 4269 de
3054 4213 3306 4268 divortio
3332 4229 3344 4267 :
3382 4234 3409 4263 ‹‹
3433 4213 3522 4267 An
3543 4211 3723 4267 liceat

2071 4324 2317 4365 uxorem
2332 4306 2654 4372 dimittere,
2673 4320 2809 4360 cum
2827 4305 3054 4375 Moyses
3067 4302 3128 4358 id
3141 4300 3521 4375 permiserit?
3542 4321 3572 4351 ››
3587 4322 3614 4350 «
3630 4299 3720 4355 Ad

2589 4466 2664 4534 (b)
2695 4463 2897 4520 Matth.
2927 4479 2983 4532 v,
3019 4466 3105 4518 17.
3235 4463 3306 4533 (c)
3334 4461 3482 4519 Ibid.
3515 4477 3632 4531 xix,
3663 4463 3717 4516 ϐ.

2063 4702 2149 4736 σεν
2184 4679 2350 4747 αὐτὴν
2381 4676 2451 4752 τῇ
2471 4673 2676 4752 καρδίᾳ
2707 4675 2901 4752 αὑτοῦ.

2133 4756 2245 4824 (45)
2264 4752 2332 4824 Ὃ
2356 4746 2675 4824 συνέζευξεν.
2701 4751 2901 4824 Matth.
2926 4766 3041 4806 xix.
3067 4762 3148 4814 v1;
3174 4746 3711 4824 Marc..Marc.,x.9:

2060 4816 2254 4881 ⁸Ὀὀῦν
2289 4823 2317 4876 ὁ
2348 4816 2830 4891 Θεὸςήσυνέζευξεν,
2862 4816 3148 4890 ἄνθρωπος
3183 4820 3257 4887 μή
3293 4820 3600 4891 χωριζέτω.

2132 4898 2245 4967 (46)
2300 4895 2378 4974 (re
2436 4888 2611 4974 ὄνομα
2667 4888 3714 4974 βλασφημεῖται-..ΔΝἰρωζὲῐὶῆβὶὶςξειίᾶτ

2060 4960 2204 5024 ηιιήι
2230 4960 2368 5027 vult.
2396 4973 2462 5020 ut
2482 4960 2758 5036 superius
2786 4960 2841 5035 p'.
2862 4960 2988 5036 428,
3015 4961 3156 5036 edit.
3182 4962 3369 5036 Paris.
3391 4960 3595 5036 Simile
3623 4964 3715 5036 est

2061 5038 2211 5108 illud
2242 5028 2640 5108 apostoliglac.
2675 5051 2733 5108 ῃ,
2872 5035 2989 5108 Οὐκ
3029 5032 3192 5108 αὐτοὶ
3227 5031 3621 5108 βλασφημοῦσι
3643 5028 3710 5108 τὸ

2057 5106 2225 5182 καλὸν
2261 5102 2436 5182 ὄνομα
2458 5106 2521 5160 τὸ
2552 5102 2868 5182 ἐπικληλιὶξν-
2898 5105 2999 5182 ἐφ’(
3021 5105 3183 5182 ὑμᾷς·
3216 5102 3276 5160 et
3304 5102 3472 5182 Ro'm.
3508 5120 3565 5182 ῃ,
3596 5103 3708 5182 24)

2059 5182 2138 5256 Τὸ
2169 5180 2271 5256 γάρ
2299 5171 2478 5250 ὄνομα
2504 5181 2602 5232 τοῦ
2634 5171 2767 5232 Θεοῦ
2801 5174 2869 5230 δι’
2898 5171 3038 5250 ὑμᾶς
3059 5171 3477 5251 ’βλασφημεῖται
3508 5171 3559 5227 ἐν
3591 5175 3709 5232 τοῖς

2058 5252 2285 5317 ἔθνεσιν.

2130 5328 2244 5397 (47)
2277 5318 2587 5397 Καὶᾼαύτοί.
2649 5319 2870 5397 Eodem
2928 5324 3275 5397 argumento
3311 5313 3708 5397 _Marcionitas

2059 5386 2504 5453 matrimonium
2559 5391 2942 5465 prohibentes
2981 5386 3709 5465 oppugna_t_'l‘ertulli_anus

2059 5468 2169 5523 sub
2201 5470 2383 5524 finem
2413 5465 2516 5519 lib.
2550 5458 2577 5517 ι’
2597 5464 2803 5520 Contra
2831 5458 3101 5518 Marcion.
3129 5458 3197 5515 ;”‹‹
3227 5459 3438 5529 Utique
3467 5458 3627 5511 enim
3650 5458 3709 5507 et

2059 5541 2315 5595 Marcion
2341 5555 2417 5607 ex
2441 5535 2666 5607 nuptiis
2692 5540 2871 5607 natus
2905 5540 3078 5607 est._»
3261 5600 3276 5607 _
3551 5600 3561 5607 _
3613 5595 3649 5607 ﬂ

2132 5614 2242 5682 (48)
2276 5607 2339 5665 Εἰ
2392 5600 2611 5682 ἔξεστιν.
2670 5606 2827 5682 Haec,
2885 5600 3386 5682 verbis_paulum
3442 5600 3706 5682 mutatis,

2061 5671 2295 5741 exstant
2320 5671 2525 5738 Matth.
2555 5693 2675 5747 xix,
2705 5678 2741 5733 3
2771 5682 2831 5734 et
2860 5691 2985 5748 seq.
3011 5692 3027 5744 ;
3060 5671 3235 5731 κεῖτο.
3265 5687 3322 5738 x,
3353 5671 3390 5726 2
3418 5674 3480 5725 et
3507 5683 3635 5742 seq.
