4034 6148
312 211 447 270 1151
1538 213 1948 269 CLEMENTIB

2078 215 2487 270 mNDRINI
3583 215 3609 271 1
3622 215 3734 269 152

310 341 595 398 duritiam
617 340 814 398 cordis
833 341 1031 405 vestri,
1055 339 1270 411 inquit,
1295 340 1522 410 Moyses
1542 339 1669 393 haec
1691 338 1950 410 scripsit.

2078 335 2234 392 εἶπεν·
2271 360 2300 390 ι(
2330 338 2555 402 Ἕσεσθε
2583 340 2635 394 οἱ
2668 336 2764 394 δύο
2796 337 2875 403 είς
2922 340 3097 415 σάρκα
3143 337 3302 411 μίαν;
3334 340 3494 394 Ὠστε
3522 340 3552 396 δ
3579 338 3727 396 ἀπο-

319 432 429 486 Vos
475 438 674 487 autem
726 447 846 485 non
896 428 1144 502 legistis,
1196 426 1355 499 quod
1398 427 1764 499 protoplasto
1814 429 1964 483 Deus

2078 424 2221 483 λύων
2251 430 2352 498 τὴν
2382 436 2609 503 γυναῖκα
2651 430 2828 505 χωρὶς
2880 428 3049 506 λόγου
3093 429 3350 505 πορνείας
3380 436 3530 486 ποιεῖ
3559 430 3731 499 αὐτὴν

313 523 378 588 ἦ(
410 520 595 575 dixit:
628 543 654 569 α
690 520 867 573 Eritis
894 517 1008 573 duo
1042 518 1103 572 in
1134 534 1310 573 carne
1337 516 1505 572 una?
1532 518 1722 581 Quare
1754 516 1855 588 qui
1878 516 1964 571 di-

315 609 501 664 mittit
520 623 784 672 uxorem,
812 613 1205 678 prmterquam
1226 605 1640 661 fornicationis
1658 623 1854 667 causa,
1880 605 1968 661 fa-

314 698 397 752 cit
428 714 556 752 eam
590 696 874 752 mazchari
898 698 992 765 (a).
1027 696 1139 750 Sed
1165 701 1299 767 post
1330 696 1851 763 resurrectionem,
1874 695 1967 750 in-

314 786 465 857 quit,
499 802 608 840 nec
638 802 883 841 uxorem
917 786 1160 851 ducunt,
1193 802 1302 840 nec
1334 786 1585 840 nubunt.
1613 785 1706 854 (b).
1732 785 1964 838 Etenim

317 873 389 929 de
420 881 627 929 ventre
659 879 718 929 et
747 874 894 929 cibis
919 873 1144 929 dictum
1187 879 1312 928 est:
1363 896 1391 923 «
1447 875 1603 928 Escae
1646 873 1855 936 ventri,
1910 879 1967 928 et

314 969 522 1017 venter
541 963 723 1028 escis;
741 964 893 1018 Deus
906 968 1102 1018 autem
1119 962 1356 1017 etillum
1374 961 1549 1017 ethas
1562 962 1961 1032 destruet(c);»

318 1051 427 1106 hos
458 1052 773 1124 impetens,
808 1052 923 1123 qui‘
960 1052 1151 1107 instar
1197 1068 1510 1123 caprorum
1561 1058 1619 1106 et
1662 1051 1962 1106 hircorum

319 1139 432 1195 sibi
466 1139 776 1195 vivendum
809 1156 938 1195 esse
971 1147 1241 1207 censent,
1265 1157 1340 1195 ne
1373 1156 1577 1195 secure
1609 1158 1677 1195 ac
1698 1140 1828 1195 sine
1849 1146 1961 1195 ter-

317 1246 452 1284 rore
475 1235 812 1285 comessent
831 1235 889 1284 et
913 1229 1143 1284 coirent
1177 1229 1232 1284 Si
1246 1230 1741 1285 resurrectionem
1764 1229 1964 1300 itaque

316 1318 675 1390 receperint,
709 1323 775 1373 ut
795 1318 905 1389 ipsi
927 1318 1153 1385 dicunt,
1178 1323 1237 1373 et
1257 1317 1389 1373 ideo
1410 1318 1857 1373 matrimonium
1880 1322 1967 1373 in-

321 1408 565 1462 ﬁrmant
595 1412 655 1462 et
682 1406 1004 1479 abrogant;
1034 1423 1145 1461 nec
1175 1407 1510 1471 comedant,
1564 1424 1673 1462 nec
1720 1407 1963 1461 bibant:

318 1516 346 1544 ‹‹
382 1495 607 1552 destrui
640 1518 668 1546 »
694 1496 853 1551 enim
879 1519 905 1545 ‹‹
929 1501 1193 1552 ventrem
1219 1501 1276 1550 et
1297 1495 1480 1562 cibos,
1508 1518 1529 1544 ο
1557 1495 1699 1550 dicit
1717 1497 1964 1568 Aposto-

317 1586 411 1642 lus
444 1585 503 1639 in
538 1586 989 1640 resurrectione.
1011 1585 1313 1650 Quomodo
1336 1601 1472 1657 ergo
1496 1584 1784 1649 esuriunt,
1810 1589 1869 1638 et
1889 1584 1970 1638 si-

2074 520 2458 592 μοιχευοῆναι.
2494 516 2676 575 Ἀλλά
2727 524 2838 593 (49)
2891 521 3027 592 μετά
3070 520 3171 587 τὴν
3217 520 3525 588 ἀνάστασιν,
3559 522 3728 598 φησὶν

2071 609 2198 679 (50),
2257 604 2382 661 οὕτε
2439 612 2732 682 γαμοῦσιν,
2808 606 2934 663 οὔτε
2983 608 3323 684 γαμίζονται.
3387 634 3408 659 ι
3462 608 3563 667 Καὶ
3621 610 3732 685 γάρ

2070 695 2193 770 περὶ
2240 702 2338 764 τῆς
2382 695 2597 759 κοιλίας
2648 698 2736 752 καὶ
2790 702 2899 752 τῶν
2961 698 3268 772 βρωμάτων
3315 696 3550 772 εἴρηται·
3579 724 3607 751 u
3641 700 3733 757 Τὰ

2074 784 2338 857 βρώματα
2366 787 2437 856 τῆ
2464 785 2672 857 κοιλίᾳ,
2719 786 2811 840 καὶ
2868 788 2903 854 ἡ
2962 783 3148 840 κοιλία
3194 791 3312 848 τοῖς
3350 786 3658 861 βρώμασιν·
3694 790 3726 843 ὁ

2070 868 2127 925 δὲ
2158 873 2285 933 Θεὸς
2316 872 2405 927 καὶ
2452 872 2654 944 ταύτην
2703 873 2793 928 καὶ
2834 877 3004 928 ταῦτα
3051 875 3401 950 καταργήσει.
3436 901 3458 928 ι
3493 874 3728 939 τούτους

2069 957 2438 1036 έπιῤῥαπίζων
2490 960 2616 1023 τοὺς
2677 959 2835 1032 δίκην
2911 962 3133 1031 κάπρων
3201 964 3290 1018 καὶ
3347 963 3559 1039 τράγων
3623 968 3723 1038 ζῇν

2070 1047 2378 1122 οἰομένους,
2429 1048 2515 1105 ἵνα
2574 1051 2652 1123 μή
2711 1048 2882 1112 ἀδεῶς
2940 1050 3191 1124 ἐσθίοιεν,
3229 1053 3316 1106 καί
3351 1050 3623 1127 ὀχεύοιεν.
3658 1053 3731 1110 Εἴ

2066 1142 2195 1213 γοῦν
2241 1138 2342 1206 τήν
2392 1138 2677 1194 ἀνάστασιν
2730 1138 3098 1218 ἀπειλήφασιν
3150 1143 3284 1213 (51),
3332 1140 3410 1202 ὡς
3440 1142 3597 1196 αὐτοὶ
3633 1139 3727 1197 λέ-

2068 1248 2248 1301 γουσι,
2281 1226 2369 1281 καὶ
2402 1225 2492 1282 διὰ
2519 1232 2683 1283 τοῦτο
2715 1230 2964 1284 ἀθετοῦσι
2992 1229 3082 1283 τὸν
3132 1230 3333 1302 γάμονο
3370 1227 3514 1302 μηδέ
3541 1228 3727 1294 ἐσθιέ-

2066 1335 2266 1387 τωσαν,
2319 1314 2462 1389 μηδὲ
2506 1319 2832 1373 πινέτωσαν·
2894 1342 2925 1369 ‹‹
2956 1320 3339 1393 καταργεῖσθαι
3373 1342 3401 1370 »
3449 1319 3553 1393 γάρ
3618 1315 3725 1398 ἔφη

2072 1402 2111 1458 ιι
2132 1408 2231 1477 τήν
2258 1406 2474 1462 κοιλίαν
2500 1408 2589 1461 καὶ
2618 1408 2687 1462 τά
2739 1407 3004 1482 βρώματα
3039 1435 3060 1459 ι
3114 1410 3143 1464 ὁ
3193 1408 3537 1470 Ἀπόστολος
3567 1407 3621 1464 ἰν
3649 1413 3722 1483 τῇ

2069 1494 2374 1553 ἀναστάσει.
2409 1500 2531 1557 Πῶς
2556 1494 2647 1551 οὖν
2699 1496 2789 1552 καὶ
2834 1502 3081 1565 πεινῶσι,
3122 1497 3213 1553 καὶ
3246 1494 3469 1572 διψῶσι,
3498 1499 3590 1554 καὶ
3619 1500 3722 1567 τήν

2073 1588 2248 1659 σάρκα
2277 1585 2577 1661 πάσχουσι,
2606 1586 2697 1640 καί
2725 1588 2793 1641 τά
2823 1585 2990 1652 ἄλλα,
3023 1588 3122 1642 ὅσα
3165 1591 3194 1640 ὸ
3244 1584 3335 1642 διά
3368 1588 3605 1660 Χριστοῦ
3634 1608 3725 1642 τε·

320 1675 501 1739 tiunt,
534 1678 588 1728 et
620 1673 816 1728 carnis
847 1673 1152 1744 patiuntur
1177 1673 1538 1736 affectiones,
1574 1679 1633 1727 et
1656 1673 1791 1736 alia,
1837 1689 1964 1743 quaa

2078 1672 2221 1728 λείαν
2250 1679 2350 1743 τήν
2384 1672 2851 1749 προσδοκωμένην
2898 1675 3185 1730 ἀνάστασιν
3228 1671 3413 1732 λαϐὼν
3444 1677 3509 1731 ού
3540 1676 3726 1732 πείσει-

319 1780 441 1820 non
468 1763 742 1835 patietur,
770 1762 872 1832 qui
903 1780 1008 1833 per
1035 1763 1332 1818 Christum
1364 1762 1592 1834 accepit
1621 1761 1963 1833 perfectam,

322 1870 456 1926 qum
491 1858 783 1925 speratur,
816 1853 1310 1907 resurrectionem
1332 1852 1359 1908 ?
1388 1853 1538 1917 Quin
1561 1853 1739 1907 etiam
1770 1852 1833 1917 ii,
1866 1852 1967 1923 qui

317 1942 528 1997 colunt
543 1941 725 1999 idola.
746 1957 781 1997 a
803 1941 951 1997 cibis
973 1947 1031 1996 et
1050 1958 1261 1997 venere
1273 1941 1595 1997 abstinent.
1621 1964 1647 1990 ‹‹
1674 1943 1798 1995 Non
1826 1946 1916 1996 est
1940 1962 1966 1989 ι)

316 2036 541 2090 autem.
560 2029 773 2100 inquit,
793 2046 1072 2103 «regnum
1086 2030 1188 2086 Dei
1202 2030 1367 2086 cibus
1381 2035 1623 2101 etpotus
1637 2030 1732 2099 (ἁ).
1754 2053 1775 2081 ι
1799 2030 1967 2085 Certe

322 2118 508 2192 magis
540 2135 776 2190 quoque
807 2136 963 2174 cura:
996 2124 1105 2187 est,
1140 2119 1240 2192 qui
1271 2120 1513 2192 angelos
1544 2119 1824 2175 coluntet
1842 2118 1969 2173 dte-

322 2224 553 2273 mones,
587 2207 765 2263 simul
796 2224 830 2263 a
848 2208 983 2262 vino
1013 2213 1073 2264 et
1101 2207 1380 2264 animatis
1398 2214 1455 2263 et
1474 2208 1652 2264 rebus
1669 2207 1969 2264 abstinere

321 2298 611 2353 venereis.
671 2297 1182 2363 Quemadmodum
1260 2304 1459 2354 autem
1516 2298 1822 2353 humilitas
1881 2302 1971 2352 est

322 2386 744 2454 mansuetudo,
794 2403 916 2442 non
977 2393 1175 2442 autem
1232 2386 1475 2442 afﬂictio
1533 2387 1838 2459 corporis:
1889 2385 1971 2442 ita

323 2476 503 2531 etiam
533 2476 906 2531 continentia
927 2482 1018 2531 est
1038 2476 1251 2532 anima:
1273 2476 1477 2544 virtus,
1502 2493 1633 2547 quae
1656 2492 1774 2530 non
1798 2482 1889 2530 est
1909 2476 1968 2529 in

321 2564 665 2632 manifesto,
697 2564 801 2620 sed
831 2566 893 2619 in
923 2565 1177 2621 occulto.
1213 2565 1360 2620 Sunt
1388 2571 1587 2620 autem
1618 2564 1815 2630 etiam,
1868 2562 1970 2634 qui

320 2654 770 2709 matrimonium
806 2660 1009 2726 aperte
1040 2654 1245 2709 dicunt
1273 2654 1750 2721 fornicationem,
1783 2658 1841 2707 et
1869 2652 1969 2707 de-

321 2749 578 2799 cernunt
607 2743 667 2798 id
700 2743 982 2799 traditum
1015 2760 1142 2798 esse
1174 2760 1209 2798 a
1237 2743 1493 2799 diabolo.
1529 2742 1743 2798 Dicunt
1770 2747 1969 2797 autem

325 2832 569 2906 gloriosi
600 2832 697 2887 isti
741 2833 1066 2903 jactatores
1110 2849 1172 2887 se
1211 2832 1430 2887 imitari
1482 2832 1821 2898 Dominum,
1869 2831 1970 2902 qui

323 2936 519 2991 neque
544 2935 791 2975 uxorem
825 2919 1011 2983 duxit,
1036 2937 1231 2991 neque
1253 2921 1313 2976 in
1336 2920 1558 2976 mundo
1581 2919 1806 2991 aliquid
1832 2936 1971 2991 pos-

321 3008 510 3075 sedit;
544 3025 607 3064 se
639 3009 824 3081 magis
856 3025 1033 3081 quam
1066 3010 1164 3065 alii
1200 3009 1579 3083 Evangelium
1599 3008 1964 3065 intellexisse

318 3097 662 3171 gloriantes.
698 3098 793 3152 Eis
824 3104 1022 3153 autem
1063 3098 1206 3154 dicit
1237 3099 1574 3171 Scriptura:
1612 3121 1638 3148 «
1672 3099 1825 3153 Deus
1856 3114 1963 3152 su-

320 3185 521 3257 perbis
548 3186 795 3249 resistit.
828 3187 1162 3243 humilibus
1190 3195 1389 3244 autem
1419 3188 1520 3244 dat
1538 3187 1786 3261 gratiam
1820 3189 1909 3257 (e).
1938 3208 1964 3233 ι»

322 3274 546 3331 Deinde
578 3277 852 3332 nesciunt
876 3294 1114 3333 causam
1146 3294 1252 3333 cur
1271 3278 1557 3333 Dominus
1577 3292 1822 3332 uxorem
1845 3292 1967 3330 non

324 3363 578 3420 duxerit.
605 3364 868 3421 Primum
892 3366 1156 3438 quidem,
1181 3366 1482 3438 propriam
1506 3366 1658 3421 192
1683 3381 1966 3437 sponsam

324 3452 534 3508 habuit
583 3453 942 3510 Ecclesiam:
989 3454 1203 3510 deinde
1253 3471 1409 3519 vero,
1456 3470 1567 3509 nec
1614 3453 1793 3508 homo
1842 3458 1970 3509 erat

323 3542 684 3611 communis,
716 3549 783 3598 ut
806 3560 954 3615 opus
984 3543 1233 3600 haberet
1258 3542 1438 3598 etiam
1460 3542 1733 3613 adjutore
1765 3542 1966 3613 aliquo

325 3630 653 3687 secundum
671 3649 912 3688 carnem
933 3650 948 3699 ;
970 3649 1164 3705 neque
1182 3637 1309 3688 erat
1323 3632 1377 3687 ei
1399 3648 1642 3687 necesse
1656 3648 1967 3704 procreare

318 3719 497 3783 filios,
528 3720 630 3791 qui
655 3728 859 3777 manet
879 3722 941 3777 in
961 3727 1272 3789 internum,
1295 3727 1354 3776 et
1372 3726 1548 3776 natus
1569 3726 1660 3776 est
1680 3721 1843 3776 solus
1863 3720 1967 3776 Dei

318 3808 523 3864 Filius.
553 3809 657 3865 Hic
679 3811 805 3882 ipse
828 3817 1027 3867 autem
1060 3811 1348 3866 Dominus
1369 3810 1547 3865 dicit:
1578 3833 1597 3858 ι
1621 3809 1785 3875 Quod
1814 3810 1967 3865 Deus

316 3898 648 3970 conjunxit,
672 3901 849 3956 homo
873 3917 949 3956 ne
973 3908 1206 3973 separet
1226 3902 1310 3969 (f).
1340 3922 1366 3948 ιι
1389 3902 1460 3955 Et
1475 3917 1680 3955 rursus
1706 3917 1719 3955 :
1746 3925 1771 3950 ι»
1809 3900 1970 3958 Sicut

315 3991 517 4042 autem
540 3996 667 4045 erat
688 3991 748 4046 in
767 3990 976 4046 diebus
994 3992 1134 4055 Noe,
1159 3994 1329 4044 erant
1347 3989 1661 4053 nubentes,
1682 3996 1741 4045 et
1756 3991 1967 4062 nuptui

317 4073 549 4143 dantes,
583 4077 970 4144 azdiﬁcantes,
1006 4083 1063 4133 et
1083 4077 1419 4150 plantantes
1443 4098 1458 4144 ;
1491 4084 1550 4133 et
1569 4079 1723 4133 sicut
1751 4085 1878 4133 erat
1906 4079 1968 4133 in

318 4162 530 4220 diebus
561 4166 685 4229 Lot,
722 4168 803 4223 ita
834 4167 946 4223 erit
974 4166 1261 4223 adventus
1283 4166 1414 4221 Filii
1446 4167 1707 4221 hominis
1728 4169 1822 4237 (g).
1850 4187 1877 4215 ιο
1901 4169 1968 4223 Et

317 4252 474 4323 quod
491 4255 603 4310 hoc
621 4273 739 4312 non
760 4256 904 4312 dicit
926 4256 997 4311 ad
1018 4261 1244 4329 gentes,
1261 4255 1541 4324 ostendit,
1565 4272 1700 4311 cum
1716 4255 1967 4327 subjun-

384 4384 448 4448 ›ι‹
478 4384 541 4437 Ρ.
574 4384 675 4437 533
708 4382 822 4435 ΕΙ).
857 4381 1149 4445 POTTER,
1183 4380 1287 4433 446
1317 4379 1429 4433 ED.
1463 4379 1691 4434 PARIS.

1798 4378 1871 4447 (α)
1904 4378 2105 4433 Matth.
2157 4396 2272 4443 xxx,
2305 4380 2335 4432 3
2367 4395 2380 4445 ;
2423 4379 2595 4434 Marc.
2628 4394 2684 4439 x,
2717 4380 2769 4432 2.

2073 1782 2195 1834 ται;
2230 1760 2395 1818 Ἀλλ’
2417 1764 2471 1817 οἱ
2501 1763 2589 1818 καὶ
2620 1765 2688 1819 τὰ
2728 1761 2934 1819 εἶ’δωλα
2984 1759 3275 1838 σεϐόμενοι
3326 1764 3633 1841 βρωμάτων
3667 1785 3728 1820 τε

2073 1850 2188 1924 ἃμα
2215 1853 2305 1906 καὶ
2337 1850 2673 1930 ἀφροδισίων
2701 1852 3022 1929 ἀπὲχονται⁸
3059 1878 3084 1906 ιι
3117 1854 3236 1912 Οὐκ
3265 1849 3377 1909 ἔστι
3409 1852 3467 1909 δὲ
3495 1856 3530 1923 ἡ
3569 1855 3727 1930 βασι·

2074 1937 2195 1995 λεία
2225 1945 2359 1996 Θεοῦ
2420 1942 2626 2017 βρῶσις
2679 1942 2768 1998 καὶ
2827 1942 3008 2012 πόσις,
3044 1966 3074 1994 ››
3130 1942 3317 2017 φησίν.
3374 1941 3603 2016 Ἀμέλει
3634 1940 3729 1999 διὰ

2074 2027 2361 2105 φροντίδος
2392 2030 2505 2085 ἐστὶ
2535 2030 2626 2085 καὶ
2656 2037 2776 2095 τοῖς
2809 2031 3028 2106 μάγοις,
3061 2030 3213 2086 οἷ’νου
3240 2051 3300 2086 τε
3336 2033 3479 2104 ὁμοῦ
3506 2031 3597 2086 καὶ
3632 2030 3743 2104 έμ-

2071 2117 2266 2194 ψύχων
2299 2119 2388 2173 καὶ
2442 2116 2779 2197 ἀφροδισίων
2825 2120 3147 2196 ἀπέχεσθαι,
3179 2119 3538 2194 λατρεύουσιν
3571 2119 3739 2195 ἀγγέ-

2075 2206 2199 2269 λοις
2259 2207 2349 2261 καὶ
2413 2204 2690 2278 δαίμοσιν.
2751 2209 2841 2269 Ὡς
2899 2206 2956 2263 δὲ
3006 2211 3041 2276 ἠ
3100 2208 3571 2285 ταπεινοφροσύνη
3625 2210 3742 2280 (52)

2072 2296 2320 2370 πραότης
2345 2294 2511 2368 ἐστὶν,
2545 2296 2681 2372 ούχῖ
2730 2295 2787 2352 δὲ
2836 2297 3109 2374 κακουχία
3160 2298 3438 2370 σώματος·
3470 2296 3613 2352 οὕτω
3643 2296 3737 2352 καὶ

2072 2388 2108 2456 ἡ
2138 2385 2423 2461 ἐγκράτεια
2451 2390 2639 2462 ψυχῆς
2671 2388 2860 2463 ἀρετὴ,
2913 2389 2947 2457 ἡ
3004 2386 3105 2442 οὐκ
3153 2386 3207 2442 ὲν
3254 2392 3493 2465 φανερῷ,
3525 2384 3655 2443 ἀλλ’
3683 2385 3736 2441 έν

2075 2473 2394 2553 ἀποκρύφῳ.
2429 2475 2583 2532 Εἷσίν
2637 2477 2685 2528 θ’
2743 2474 2795 2530 οἵ
2844 2475 3096 2546 πορνείαν
3155 2472 3406 2551 ἄντικρυς
3431 2477 3525 2531 τὸν
3552 2476 3730 2551 γάμον

2076 2563 2293 2638 λέγουσι
2323 2565 2414 2620 καὶ
2476 2565 2580 2619 ὑπὸ
2634 2568 2731 2620 τοῦ
2790 2560 3054 2620 διαϐόλου
3101 2564 3303 2636 ταύτην
3337 2562 3737 2638 παραδίδοσθαι

2076 2650 2485 2729 δογματίζουσι·
2521 2660 2807 2727 μιμεῖσθαι
2841 2651 2889 2708 δ’
2918 2652 3117 2717 αὐτοὺς
3142 2655 3194 2709 οἱ
3222 2652 3575 2729 μεγαλοῦχοί
3603 2675 3735 2730 φασι

2073 2742 2165 2797 τὸν
2226 2742 2446 2818 Κύριον,
2509 2745 2650 2816 μήτε
2704 2745 2978 2818 γήμαντα,
3041 2745 3185 2816 μήτε
3239 2763 3291 2797 τι
3322 2741 3375 2796 ἐν
3427 2747 3506 2815 τῷ
3535 2741 3732 2816 κόσμῳ

2073 2831 2431 2904 κτησάμενον·
2466 2833 2681 2905 μᾶλλον
2713 2834 2861 2908 παρά
2907 2833 3035 2894 τοὺς
3087 2828 3294 2893 ἄλλους
3324 2830 3634 2901 νενοηκέναι
3664 2833 3732 2888 τὸ

2077 2919 2409 2997 Εὖαγγέλιον
2458 2922 2836 2996 καυχώμενοι.
2900 2922 3053 2997 Λέγει
3115 2919 3171 2976 δὶ
3228 2919 3413 2983 αὐτοῖς
3447 2923 3483 2991 ἡ
3516 2923 3729 2998 Γραφή·

2080 3009 2536 3085 «Ὑπερηφάνοις
2597 3010 2625 3065 ὁ
2685 3011 2816 3072 Θεὸς
2891 3010 3284 3078 ἀντιτάσσεται,
3337 3015 3614 3072 ταπεινοῖς
3672 3007 3733 3065 δὶ

2079 3094 2272 3152 δίδωσι
2300 3098 2487 3172 χάριν.
2521 3122 2549 3149 ››
2582 3100 2696 3155 Εἶτ’
2725 3099 2829 3153 οὐκ
2859 3096 3000 3153 ἴσασι
3029 3100 3129 3166 τήν
3181 3098 3356 3153 αἰτίαν
3386 3102 3485 3152 τοῦ
3513 3099 3589 3172 μὴ
3621 3105 3734 3173 γῆ-

2078 3207 2175 3259 μαι
2206 3187 2298 3242 τὸν
2332 3185 2548 3260 Κύριον·
2577 3190 2800 3260 πρῶτον
2850 3186 2945 3260 μὶν
2999 3186 3125 3262 γάρ,
3173 3187 3271 3255 την
3324 3184 3463 3242 ἰδίαν
3508 3186 3733 3260 νύμφην

2077 3275 2245 3351 εἶχεν,
2278 3276 2378 3343 τὴν
2413 3272 2764 3344 Ἐκκλησίαν
2816 3272 3002 3331 ἔπειτα
3059 3271 3118 3329 δὲ
3170 3273 3296 3331 οὐδὲ
3344 3274 3629 3350 ἄνθρωπος
3659 3276 3731 3343 ἦν

2075 3365 2277 3431 κοινὸς,
2304 3362 2397 3419 *ίνα
2426 3363 2515 3419 καὶ
2551 3363 2759 3439 βοηθοῦ
2806 3384 2956 3428 τινος
3001 3365 3139 3420 κατά
3176 3363 3347 3440 σάρκα
3377 3362 3569 3437 δεηθῇ·
3603 3361 3734 3420 ούδὶ

2075 3453 2565 3523 τεκνοποιήσασθαι
2616 3452 2682 3521 ἦν
2728 3452 2876 3523 αὐτῷ
2922 3453 3220 3526 ἀναγκαῖον
3260 3451 3454 3508 ἀϊδίων
3490 3453 3731 3524 μένοντι,

2083 3542 2173 3595 καὶ
2206 3541 2356 3614 μόνῳ
2390 3541 2498 3613 Υἱῷ
2519 3545 2653 3596 Θεοῦ
2678 3537 2952 3616 γεγονότι.
2979 3540 3159 3604 Αύτὸς
3186 3539 3245 3597 δὲ
3275 3541 3435 3604 οὗτος
3464 3543 3492 3597 ὁ
3523 3540 3734 3617 Κύριος

2075 3630 2247 3703 λέγει·
2281 3653 2308 3681 ‹‹
2340 3629 2402 3685 Ὀ
2430 3628 2559 3691 Θεὸς
2592 3628 2916 3704 συνέζευξεν,
2949 3629 3235 3705 ἄνθρωπος
3270 3630 3347 3702 μὴ
3382 3630 3670 3706 χωριζέτω
3700 3653 3732 3682 ιο

2078 3719 2177 3773 Καὶ
2234 3718 2423 3772 πάΛιν·
2485 3742 2513 3769 ι(
2544 3719 2748 3793 ’Ὠσπερ
2809 3720 2921 3794 (53)
2977 3717 3035 3774 δὲ
3091 3719 3158 3789 ἦν
3211 3718 3263 3775 ἰν
3324 3725 3447 3784 ταῖς
3492 3721 3735 3795 ἡμέραις

2077 3811 2221 3873 Νῶε,
2304 3807 2440 3876 ἦσαν
2489 3811 2814 3883 γαμοῦντες,
2872 3808 3219 3883 γαμίζοντες,
3286 3806 3735 3883 οἰκοδομοῦντες,

2077 3897 2415 3974 φυτεύοντες,
2438 3898 2528 3952 καὶ
2551 3899 2625 3960 ὡς
2649 3898 2718 3967 ἦν
2742 3896 2794 3953 ἐν
2815 3903 2935 3962 ταῖς
2954 3898 3186 3971 ἡμέραις
3210 3898 3356 3969 Λὼτ,
3388 3898 3562 3960 οὕτως
3582 3895 3732 3954 ἔσται

2077 3989 2113 4056 ἠ
2145 3986 2415 4061 παρουσία
2463 3990 2565 4042 τοῦ
2629 3987 2759 4041 Υἱοῦ
2814 3991 2911 4041 τοῦ
2969 3987 3281 4063 ἀνθρώπου.
3315 4011 3342 4037 ››
3400 3988 3503 4044 Καὶ
3553 3986 3638 4042 ὅτι
3668 3987 3733 4042 οὒ

2076 4075 2215 4151 πρὸς
2258 4076 2327 4130 τά
2377 4073 2504 4146 ἔθνη
2564 4074 2734 4152 λέγει,
2792 4073 3052 4152 ἐπιφέρει’
3110 4100 3137 4127 ιι
3170 4080 3310 4151 Ἀρα
3341 4073 3515 4139 ἐλθὼν
3548 4076 3576 4130 ὁ
3606 4076 3734 4138 Υἱὸς

2077 4168 2173 4219 τοῦ
2200 4164 2491 4239 ἀνθρώπου
2521 4167 2657 4237 (54),
2691 4164 2909 4235 εὑρήσει
2939 4164 3039 4232 τήν
3070 4164 3250 4218 πίστιν
3284 4163 3372 4218 ἐπὶ
3406 4171 3502 4233 τῆς
3532 4167 3636 4239 γῆς
3661 4183 3676 4233 ;
3704 4187 3734 4216 ιε

2080 4252 2179 4308 Καὶ
2210 4253 2397 4308 πάλινο
2434 4278 2462 4305 ‹‹
2500 4252 2639 4310 Οὐαὶ
2700 4250 2757 4308 δὶ
2800 4258 2919 4314 ταῖς
2975 4252 3026 4307 ἐν
3083 4253 3275 4327 γαστρὶ
3330 4249 3588 4328 ἐχούσαις
3639 4252 3732 4308 καὶ

2875 4378 2946 4445 (b)
2977 4377 3178 4433 Matth.
3208 4393 3348 4443 χχιι,
3398 4378 3506 4443 30;
3552 4378 3729 4433 Marc.

315 4473 416 4514 xu.
451 4457 562 4517 23;
592 4455 707 4510 Luc
756 4469 852 4512 xx.
886 4454 971 4506 35.
1052 4452 1123 4521 (ο)
1156 4451 1175 4503 l
1206 4450 1337 4505 Cor.
1369 4466 1442 4515 vi,
1475 4452 1539 4504 13
1637 4450 1719 4518 (d)
1748 4451 1915 4507 Rom.
1947 4468 1964 4505 ι

2100 4453 2184 4505 17.
2262 4449 2332 4521 (θ)
2359 4450 2478 4504 Jac.
2510 4465 2582 4515 ιν,
2615 4451 2686 4516 6;
2718 4449 2743 4502 l
2773 4451 2927 4503 Petr.
2961 4466 3014 4515 v,
3041 4451 3094 4503 5.
3172 4451 3239 4518 (Γ.
3271 4448 3472 4503 Matth.
3506 4465 3623 4515 xix,
3652 4450 3727 4514 6;

318 4530 494 4582 Marc.
526 4542 583 4590 x,
615 4529 666 4580 9.
746 4527 823 4595 (g)
857 4524 1057 4579 Matth.
1090 4538 1244 4587 xxw,
1276 4524 1342 4575 37
1369 4538 1381 4587 ;
1417 4522 1551 4576 Luc.
1585 4537 1717 4584 xm,
1749 4523 1839 4576 28.

393 4653 508 4720 (49)
540 4647 732 4707 Ἀλλά.
766 4655 919 4718 Haec,
951 4649 1146 4705 verbis
1192 4664 1399 4703 rursus
1429 4647 1674 4718 paulum
1704 4648 1964 4712 variatis,
1995 4654 2042 4718 Ι)
2073 4648 2277 4720 carnis,
2310 4662 2439 4716 cap.
2493 4647 2577 4707 19,
2608 4645 2760 4720 alios
2815 4645 2998 4701 fuisse
3029 4644 3390 4720 haereticos,
3421 4645 3524 4714 qui
3554 4643 3724 4720 dice-

324 4729 644 4779 occurrunt
671 4723 873 4779 Matth.
905 4739 1049 4789 xxu,
1081 4723 1149 4775 3O
1175 4736 1188 4787 ;
1222 4722 1395 4774 Marc.
1427 4736 1527 4787 xu,
1559 4721 1668 4785 23;
1703 4720 1837 4775 Luc.
1869 4737 1965 4780 xx.

390 4865 499 4934 (50)
522 4861 729 4936 onctv.
763 4863 821 4919 Si
851 4864 985 4935 quis
1012 4861 1327 4935 pluraliter
1354 4859 1524 4915 malit
1551 4859 1700 4936 φασί,
1738 4878 1841 4933 per
1870 4876 1964 4917 me

318 4935 478 4992 licet.
511 4935 783 4992 Sanunc.

392 5008 505 5078 (51)
536 5006 647 5078 ΤᾹὴν
676 5003 955 5058 ἀνάστασιν
983 5003 1107 5078 ᾐάπ.
1171 5004 1237 5078 lli
1294 5003 1559 5078 haeretici
1589 5002 1968 5078 afﬁrmabant

318 5074 407 5145 id,
435 5076 593 5148 quod
632 5084 769 5132 ante
800 5092 923 5148 eos,
974 5076 1030 5131 S.
1081 5075 1264 5148 Paulo
1309 5076 1371 5130 in
1418 5076 1561 5148 vivis
1599 5082 1829 5148 agente,
1863 5074 1963 5130 alii

320 5141 613 5206 dixerant.
660 5148 765 5219 τὴν
811 5146 1096 5219 ἀνάστασιν
1135 5141 1591 5219 ἤδηγγεγονέναι,
1637 5141 1666 5197 «vt
1700 5141 1964 5202 resurre-

319 5224 577 5279 ctionem
603 5218 872 5289 essejam
895 5218 1147 5273 factam:
1181 5242 1200 5262 -
1234 5218 1282 5269 ll
1301 5218 1449 5289 'l‘im.
1474 5235 1535 5283 ιι,
1562 5219 1646 5273 18.
1673 5219 1764 5273 Sic
1787 5219 1966 5273 etiam

318 5292 640 5351 Menander
695 5287 899 5346 docuit
954 5310 981 5337 ιι
1013 5287 1512 5360 resurrectionem
1544 5289 1776 5360 perid.
1808 5289 1965 5360 quod

317 5373 408 5424 est
437 5368 497 5422 in
528 5381 687 5430 eum,
723 5360 1016 5433 baptisma
1045 5358 1314 5429 accipere
1363 5358 1492 5428 ejus
1532 5358 1873 5428 discipulos.
1909 5366 1969 5415 et

314 5439 474 5496 ultra
503 5454 622 5494 non
656 5430 827 5509 posse
862 5430 1034 5509 mori,
1082 5445 1185 5499 seq
1223 5445 1610 5509 perseverare
1642 5445 1762 5484 non
1795 5446 1968 5509 sene-

316 5518 551 5567 scentes
578 5499 1075 5565 et'immortales:
1113 5526 1134 5553 ι
1176 5506 1240 5555 ut
1270 5499 1534 5553 referunt
1572 5502 1831 5555 lrenaaus
1862 5501 1964 5558 lib.

315 5599 354 5643 ι.
379 5599 506 5655 cap.
540 5585 630 5651 21,
665 5586 725 5655 et
751 5575 1152 5655 Tertullianus
1203 5570 1443 5655 lib.mDe
1465 5572 1688 5655 gnima,
1715 5575 1964 5655 cap._50.

313 5640 600 5715 Memorat
618 5640 807 5711 etiam
850 5646 1252 5709 Tertullianus
1298 5640 1403 5699 lib.
1453 5644 1531 5700 De
1572 5640 1968 5702 resurrectione

2076 4717 2219 4771 bant
2254 4738 2277 4767 ε
2309 4717 2807 4772 resurrectionem
2830 4734 2961 4772 eam
2990 4716 3427 4772 vindicandam.
3452 4731 3572 4784 qua
3591 4718 3729 4785 quis

2078 4789 2239 4845 adita
2296 4788 2540 4842 veritate
2596 4789 3003 4844 redanimatus
3053 4795 3111 4843 et
3159 4787 3550 4843 reviviﬁcatus
3582 4789 3724 4855 Deo,

2079 4860 2429 4942 ignorantiae
2461 4870 2650 4915 morte
2681 4860 2971 4942 discussa,
2990 4858 3149 4942 velut
3172 4860 3244 4914 de
3278 4858 3551 4942 sepulcro
3574 4866 3727 4915 vete-

2077 4930 2160 5004 ris
2189 4930 2452 4987 hominis
2480 4931 2780 5004 eruperit:
2816 4972 2831 4986 .
2867 4976 2880 4987 .
2918 4975 2931 4989 .
2965 4930 3178 5004 exinde
3226 4931 3727 5004 resurrectionem

2079 5002 2194 5058 ﬁde
2224 5002 2604 5058 consecutos
2633 5019 2767 5058 cum
2828 5003 3076 5057 Domino
3133 5018 3284 5067 esse,
3323 5016 3459 5056 cum
3491 5019 3629 5058 eum
3659 5002 3723 5058 in

2076 5073 2434 5144 baptismate
2462 5071 2787 5129 induerint.
2825 5097 2852 5123 ››

2148 5142 2253 5215 (ΰ2)
2287 5144 2793 5218 Ταπεινοφροσύνρη.
2847 5144 3158 5218 Respicere
3208 5142 3440 5218 videtur
3494 5144 3722 5218 (201988.

2076 5200 2277 5290 11:23.:
2310 5216 2503 5290 Ἃτινά
2532 5200 2641 5290 icti
2675 5200 2842 5290 λόγον
2907 5200 3022 5290 μένΔ
3055 5208 3263 5290 ἔχοντα
3309 5211 3506 5290 σοφίας
3521 5212 3573 5290 ᾖν
3605 5200 3723 5269 ἐθεέ

2080 5287 2431 5363 Λαθρησκείᾳ,
2486 5288 2576 5341 καὶ
2632 5282 3125 5363 ταπεινοφροσύνης
3181 5284 3269 5339 καὶ
3354 5282 3570 5359 ἀφειδίᾳ
3625 5290 3726 5341 τοῦ

2077 5359 2357 5429 σώματος.

2153 5433 2265 5499 (53)
2293 5432 2516 5502 Ὥσπερ.
2556 5434 2775 5487 ﬂorum
2835 5446 3045 5486 sensus
3104 5429 3364 5485 occurrit
3419 5429 3557 5485 Luc.
3590 5447 3732 5497 xvu,

2077 5505 2185 5569 28;
2220 5503 2419 5558 Matth.
2454 5520 2605 5562 XXIV.
2640 5504 2728 5558 37.

2146 5568 2261 5645 (54)
2290 5574 2431 5645 Ἄρα
2472 5573 2644 5645 ἐλθὼν
2691 5574 2720 5627 ὁ
2769 5571 2892 5634 Υἱὸς
2945 5574 3045 5626 τοῦ
3094 5570 3211 5634 ἀνθ.
3255 5569 3318 5626 Ὀ
3344 5568 3466 5630 Υἱὸς
3492 5571 3592 5624 τοῦ
3621 5568 3728 5626 ἀν-

2169 5644 2180 5665 1

2146 5579 2261 5645 (54)
2290 5579 2356 5629 *Α
2396 5593 2431 5627 α
2472 5579 2644 5628 ἐλθὼν
2691 5579 2720 5627 ὁ
2769 5579 2825 5627 ιί

2078 5644 2303 5717 θρώπου
2332 5592 2505 5709 ἐλθὼν
2537 5643 2660 5722 ἆρα,
2688 5646 2825 5702 Luc.
