  <div class='ocr_page' id='page_1' title='image "/cluster/home/n/w/nwhite01/storage/ocr_20150623/8/mdp.39015008686480/584.png"; bbox 0 0 4034 6148; ppageno 0'>
   <div class='ocr_carea' id='block_1_1' title="bbox 338 289 477 345">
    <p class='ocr_par' dir='ltr' id='par_1_1' title="bbox 338 289 477 345">
     <span class='ocr_line' id='line_1_1' title="bbox 338 289 477 345; baseline -0.007 0"><span class='ocrx_word' id='word_1_1' title='bbox 338 289 477 345; x_wconf 88' lang='grc'>1153</span> 
     </span>
    </p>
   </div>
   <div class='ocr_carea' id='block_1_2' title="bbox 1659 289 2420 346">
    <p class='ocr_par' dir='ltr' id='par_1_2' title="bbox 1659 289 2420 346">
     <span class='ocr_line' id='line_1_2' title="bbox 1659 289 2420 346; baseline -0.005 0"><span class='ocrx_word' id='word_1_2' title='bbox 1659 289 2108 346; x_wconf 72' lang='grc' dir='ltr'>ΒΤΒΟΜΔἸὍΜ</span> <span class='ocrx_word' id='word_1_3' title='bbox 2145 289 2278 342; x_wconf 83' lang='lat' dir='ltr'>LIB.</span> <span class='ocrx_word' id='word_1_4' title='bbox 2322 291 2420 344; x_wconf 85' lang='lat' dir='ltr'>Ill.</span> 
     </span>
    </p>
   </div>
   <div class='ocr_carea' id='block_1_3' title="bbox 3613 293 3751 350">
    <p class='ocr_par' dir='ltr' id='par_1_3' title="bbox 3613 293 3751 350">
     <span class='ocr_line' id='line_1_3' title="bbox 3613 293 3751 350; baseline 0.007 -1"><span class='ocrx_word' id='word_1_5' title='bbox 3613 293 3751 350; x_wconf 70' lang='grc'>1154</span> 
     </span>
    </p>
   </div>
   <div class='ocr_carea' id='block_1_4' title="bbox 332 410 1987 502">
    <p class='ocr_par' dir='ltr' id='par_1_4' title="bbox 332 410 1981 502">
     <span class='ocr_line' id='line_1_4' title="bbox 332 410 1981 502; baseline -0.001 -36"><span class='ocrx_word' id='word_1_6' title='bbox 332 417 454 477; x_wconf 88' lang='grc' dir='ltr'>ταῖς</span> <span class='ocrx_word' id='word_1_7' title='bbox 476 410 844 483; x_wconf 65' lang='grc' dir='ltr'>θηλαζούσαις</span> <span class='ocrx_word' id='word_1_8' title='bbox 883 415 933 468; x_wconf 79' lang='grc' dir='ltr'>έν</span> <span class='ocrx_word' id='word_1_9' title='bbox 991 413 1373 502; x_wconf 46' lang='grc' dir='ltr'>ὲκείναιςίταῖς</span> <span class='ocrx_word' id='word_1_10' title='bbox 1427 414 1685 490; x_wconf 78' lang='grc' dir='ltr'>ἡμέραις,</span> <span class='ocrx_word' id='word_1_11' title='bbox 1721 437 1748 464; x_wconf 90' lang='grc'><strong>››</strong></span> <span class='ocrx_word' id='word_1_12' title='bbox 1790 411 1981 469; x_wconf 84' lang='grc' dir='ltr'>Καίτοι</span> 
     </span>
    </p>
   </div>
   <div class='ocr_carea' id='block_1_5' title="bbox 2105 410 3752 502">
    <p class='ocr_par' dir='ltr' id='par_1_5' title="bbox 2105 413 3752 484">
     <span class='ocr_line' id='line_1_5' title="bbox 2105 413 3752 484; baseline 0.005 -18"><span class='ocrx_word' id='word_1_13' title='bbox 2105 413 2214 484; x_wconf 91' lang='lat' dir='ltr'>git:</span> <span class='ocrx_word' id='word_1_14' title='bbox 2251 434 2277 461; x_wconf 90' lang='grc'>‹‹</span> <span class='ocrx_word' id='word_1_15' title='bbox 2302 415 2452 468; x_wconf 86' lang='lat' dir='ltr'>Num</span> <span class='ocrx_word' id='word_1_16' title='bbox 2483 429 2616 468; x_wconf 89' lang='lat' dir='ltr'>cum</span> <span class='ocrx_word' id='word_1_17' title='bbox 2639 415 2864 469; x_wconf 77' lang='lat' dir='ltr'>venerit</span> <span class='ocrx_word' id='word_1_18' title='bbox 2890 414 3074 470; x_wconf 91' lang='lat' dir='ltr'>Filius</span> <span class='ocrx_word' id='word_1_19' title='bbox 3103 415 3656 484; x_wconf 86' lang='lat' dir='ltr'>hominis,inveniet</span> <span class='ocrx_word' id='word_1_20' title='bbox 3677 420 3752 475; x_wconf 83' lang='lat' dir='ltr'>fl-</span> 
     </span>
    </p>
   </div>
   <div class='ocr_carea' id='block_1_6' title="bbox 333 499 1990 578">
    <p class='ocr_par' dir='ltr' id='par_1_6' title="bbox 333 499 1990 578">
     <span class='ocr_line' id='line_1_6' title="bbox 333 499 1990 578; baseline -0.001 -23"><span class='ocrx_word' id='word_1_21' title='bbox 333 502 423 556; x_wconf 81' lang='grc' dir='ltr'>καὶ</span> <span class='ocrx_word' id='word_1_22' title='bbox 462 506 620 556; x_wconf 77' lang='grc' dir='ltr'>ιαῦτα</span> <span class='ocrx_word' id='word_1_23' title='bbox 648 500 1063 578; x_wconf 86' lang='grc' dir='ltr'>ἀλληγορεῖται.</span> <span class='ocrx_word' id='word_1_24' title='bbox 1089 505 1188 558; x_wconf 84' lang='grc' dir='ltr'>Διά</span> <span class='ocrx_word' id='word_1_25' title='bbox 1206 499 1368 558; x_wconf 79' lang='grc' dir='ltr'>τοῦτο</span> <span class='ocrx_word' id='word_1_26' title='bbox 1421 501 1545 558; x_wconf 75' lang='grc' dir='ltr'>οὐδὲ</span> <span class='ocrx_word' id='word_1_27' title='bbox 1590 502 1720 564; x_wconf 84' lang='grc' dir='ltr'>τοὺς</span> <span class='ocrx_word' id='word_1_28' title='bbox 1765 499 1990 576; x_wconf 79' lang='grc' dir='ltr'>καιροὺς</span> 
     </span>
    </p>
   </div>
   <div class='ocr_carea' id='block_1_7' title="bbox 335 588 1984 667">
    <p class='ocr_par' dir='ltr' id='par_1_7' title="bbox 335 588 1984 667">
     <span class='ocr_line' id='line_1_7' title="bbox 335 588 1984 667; baseline -0.001 -23"><span class='ocrx_word' id='word_1_29' title='bbox 335 588 528 666; x_wconf 85' lang='grc' dir='ltr'>ὣρισεν</span> <span class='ocrx_word' id='word_1_30' title='bbox 559 595 694 663; x_wconf 80' lang='lat'>(55),</span> <span class='ocrx_word' id='word_1_31' title='bbox 719 615 746 643; x_wconf 88' lang='grc'>‹‹</span> <span class='ocrx_word' id='word_1_32' title='bbox 781 591 875 653; x_wconf 66' lang='grc' dir='ltr'>οὓς</span> <span class='ocrx_word' id='word_1_33' title='bbox 907 593 935 647; x_wconf 99' lang='lat'>6</span> <span class='ocrx_word' id='word_1_34' title='bbox 969 593 1153 667; x_wconf 71' lang='grc' dir='ltr'>Πατήρ</span> <span class='ocrx_word' id='word_1_35' title='bbox 1186 589 1335 656; x_wconf 84' lang='grc' dir='ltr'>ἔθετο</span> <span class='ocrx_word' id='word_1_36' title='bbox 1369 591 1420 647; x_wconf 83' lang='grc' dir='ltr'>έν</span> <span class='ocrx_word' id='word_1_37' title='bbox 1450 597 1518 666; x_wconf 80' lang='grc' dir='ltr'>τῇ</span> <span class='ocrx_word' id='word_1_38' title='bbox 1552 590 1667 662; x_wconf 78' lang='grc' dir='ltr'>ἰδίᾳ</span> <span class='ocrx_word' id='word_1_39' title='bbox 1697 590 1924 661; x_wconf 76' lang='grc' dir='ltr'>ἐξουσίᾳ,</span> <span class='ocrx_word' id='word_1_40' title='bbox 1963 613 1984 642; x_wconf 76' lang='grc' dir='ltr'>ι</span> 
     </span>
    </p>
   </div>
   <div class='ocr_carea' id='block_1_8' title="bbox 329 676 1987 757">
    <p class='ocr_par' dir='ltr' id='par_1_8' title="bbox 329 676 1987 757">
     <span class='ocr_line' id='line_1_8' title="bbox 329 676 1987 757; baseline 0.002 -24"><span class='ocrx_word' id='word_1_41' title='bbox 329 676 418 734; x_wconf 71' lang='grc' dir='ltr'>’ἱνα</span> <span class='ocrx_word' id='word_1_42' title='bbox 448 676 678 754; x_wconf 84' lang='grc' dir='ltr'>διαμένῃ</span> <span class='ocrx_word' id='word_1_43' title='bbox 727 682 864 736; x_wconf 72' lang='grc' dir='ltr'>κατὰ</span> <span class='ocrx_word' id='word_1_44' title='bbox 911 683 1005 742; x_wconf 75' lang='grc' dir='ltr'>τὰς</span> <span class='ocrx_word' id='word_1_45' title='bbox 1063 683 1247 757; x_wconf 76' lang='grc' dir='ltr'>γενεὰς</span> <span class='ocrx_word' id='word_1_46' title='bbox 1307 683 1335 734; x_wconf 90' lang='lat'>6</span> <span class='ocrx_word' id='word_1_47' title='bbox 1378 681 1604 754; x_wconf 79' lang='grc' dir='ltr'>κόσμος.</span> <span class='ocrx_word' id='word_1_48' title='bbox 1635 682 1712 737; x_wconf 88' lang='grc' dir='ltr'>Τὸ</span> <span class='ocrx_word' id='word_1_49' title='bbox 1739 678 1816 748; x_wconf 76' lang='grc' dir='ltr'>δὲ,</span> <span class='ocrx_word' id='word_1_50' title='bbox 1851 703 1879 730; x_wconf 87' lang='grc'>‹‹</span> <span class='ocrx_word' id='word_1_51' title='bbox 1909 676 1987 736; x_wconf 75' lang='grc' dir='ltr'>υῦ</span> 
     </span>
    </p>
   </div>
   <div class='ocr_carea' id='block_1_9' title="bbox 333 765 1990 845">
    <p class='ocr_par' dir='ltr' id='par_1_9' title="bbox 333 765 1990 845">
     <span class='ocr_line' id='line_1_9' title="bbox 333 765 1990 845; baseline -0.002 -22"><span class='ocrx_word' id='word_1_52' title='bbox 333 770 528 831; x_wconf 87' lang='grc' dir='ltr'>πάντες</span> <span class='ocrx_word' id='word_1_53' title='bbox 561 773 807 844; x_wconf 72' lang='grc' dir='ltr'>χωροῦσι</span> <span class='ocrx_word' id='word_1_54' title='bbox 837 770 931 824; x_wconf 85' lang='grc' dir='ltr'>τὸν</span> <span class='ocrx_word' id='word_1_55' title='bbox 965 769 1130 845; x_wconf 78' lang='grc' dir='ltr'>λόγον</span> <span class='ocrx_word' id='word_1_56' title='bbox 1182 774 1373 825; x_wconf 76' lang='grc' dir='ltr'>τοῦτον</span> <span class='ocrx_word' id='word_1_57' title='bbox 1427 775 1563 844; x_wconf 77' lang='grc'>(56)·</span> <span class='ocrx_word' id='word_1_58' title='bbox 1590 769 1692 824; x_wconf 82' lang='grc' dir='ltr'>εἶσὶ</span> <span class='ocrx_word' id='word_1_59' title='bbox 1742 769 1845 843; x_wconf 73' lang='grc' dir='ltr'>γάρ</span> <span class='ocrx_word' id='word_1_60' title='bbox 1906 765 1990 820; x_wconf 77' lang='grc' dir='ltr'>εὐ·-</span> 
     </span>
    </p>
   </div>
   <div class='ocr_carea' id='block_1_10' title="bbox 333 856 1988 932">
    <p class='ocr_par' dir='ltr' id='par_1_10' title="bbox 333 856 1988 932">
     <span class='ocr_line' id='line_1_10' title="bbox 333 856 1988 932; baseline -0.001 -22"><span class='ocrx_word' id='word_1_61' title='bbox 333 861 551 932; x_wconf 82' lang='grc' dir='ltr'>νοῦχοι,</span> <span class='ocrx_word' id='word_1_62' title='bbox 578 856 772 919; x_wconf 72' lang='grc' dir='ltr'>οἵτινες</span> <span class='ocrx_word' id='word_1_63' title='bbox 805 857 1168 931; x_wconf 75' lang='grc' dir='ltr'>ἐγεννήθησαν</span> <span class='ocrx_word' id='word_1_64' title='bbox 1233 858 1426 921; x_wconf 67' lang='grc' dir='ltr'>οὕτως·</span> <span class='ocrx_word' id='word_1_65' title='bbox 1484 858 1573 912; x_wconf 89' lang='grc' dir='ltr'>καί</span> <span class='ocrx_word' id='word_1_66' title='bbox 1630 857 1761 913; x_wconf 81' lang='grc' dir='ltr'>εἰσιν</span> <span class='ocrx_word' id='word_1_67' title='bbox 1811 856 1988 911; x_wconf 77' lang='grc' dir='ltr'>εὐνοῦ-</span> 
     </span>
    </p>
   </div>
   <div class='ocr_carea' id='block_1_11' title="bbox 334 941 1990 1020">
    <p class='ocr_par' dir='ltr' id='par_1_11' title="bbox 334 941 1990 1020">
     <span class='ocr_line' id='line_1_11' title="bbox 334 941 1990 1020; baseline -0.001 -21"><span class='ocrx_word' id='word_1_68' title='bbox 334 963 455 1020; x_wconf 85' lang='grc' dir='ltr'>χοι,</span> <span class='ocrx_word' id='word_1_69' title='bbox 496 943 687 1006; x_wconf 65' lang='grc' dir='ltr'>οἵτινες</span> <span class='ocrx_word' id='word_1_70' title='bbox 717 945 1140 1020; x_wconf 74' lang='grc' dir='ltr'>εὐνουχίσθησαν</span> <span class='ocrx_word' id='word_1_71' title='bbox 1192 946 1295 1000; x_wconf 82' lang='grc' dir='ltr'>ὑπὸ</span> <span class='ocrx_word' id='word_1_72' title='bbox 1345 951 1456 1000; x_wconf 88' lang='grc' dir='ltr'>τῶν</span> <span class='ocrx_word' id='word_1_73' title='bbox 1515 946 1840 1020; x_wconf 61' lang='grc' dir='ltr'>ἀνθρώπων</span> <span class='ocrx_word' id='word_1_74' title='bbox 1899 941 1990 998; x_wconf 84' lang='grc' dir='ltr'>καί</span> 
     </span>
    </p>
   </div>
   <div class='ocr_carea' id='block_1_12' title="bbox 335 1031 1988 1109">
    <p class='ocr_par' dir='ltr' id='par_1_12' title="bbox 335 1031 1988 1109">
     <span class='ocr_line' id='line_1_12' title="bbox 335 1031 1988 1109; baseline -0.002 -20"><span class='ocrx_word' id='word_1_75' title='bbox 335 1033 468 1089; x_wconf 78' lang='grc' dir='ltr'>εἰσιν</span> <span class='ocrx_word' id='word_1_76' title='bbox 519 1033 797 1109; x_wconf 82' lang='grc' dir='ltr'>εὐνοῦχοι,</span> <span class='ocrx_word' id='word_1_77' title='bbox 856 1035 1054 1097; x_wconf 84' lang='grc' dir='ltr'>οἳτινες</span> <span class='ocrx_word' id='word_1_78' title='bbox 1117 1033 1441 1090; x_wconf 76' lang='grc' dir='ltr'>εὐνούχισαν</span> <span class='ocrx_word' id='word_1_79' title='bbox 1494 1033 1720 1097; x_wconf 71' lang='grc' dir='ltr'>ἑαυτοὺς</span> <span class='ocrx_word' id='word_1_80' title='bbox 1772 1031 1862 1088; x_wconf 81' lang='grc' dir='ltr'>διὰ</span> <span class='ocrx_word' id='word_1_81' title='bbox 1889 1034 1988 1102; x_wconf 79' lang='grc' dir='ltr'>τήν</span> 
     </span>
    </p>
   </div>
   <div class='ocr_carea' id='block_1_13' title="bbox 339 1121 1989 1198">
    <p class='ocr_par' dir='ltr' id='par_1_13' title="bbox 339 1121 1989 1198">
     <span class='ocr_line' id='line_1_13' title="bbox 339 1121 1989 1198; baseline -0.001 -21"><span class='ocrx_word' id='word_1_82' title='bbox 339 1122 619 1198; x_wconf 84' lang='grc' dir='ltr'>βασιλείαν</span> <span class='ocrx_word' id='word_1_83' title='bbox 670 1128 778 1177; x_wconf 88' lang='grc' dir='ltr'>τῶν</span> <span class='ocrx_word' id='word_1_84' title='bbox 809 1123 1076 1198; x_wconf 81' lang='grc' dir='ltr'>οὐρανῶν.</span> <span class='ocrx_word' id='word_1_85' title='bbox 1135 1125 1198 1180; x_wconf 88' lang='grc' dir='ltr'>Ὁ</span> <span class='ocrx_word' id='word_1_86' title='bbox 1250 1121 1550 1196; x_wconf 89' lang='grc' dir='ltr'>δυνάμενος</span> <span class='ocrx_word' id='word_1_87' title='bbox 1611 1128 1814 1198; x_wconf 82' lang='grc' dir='ltr'>χωρεῖν</span> <span class='ocrx_word' id='word_1_88' title='bbox 1874 1141 1989 1197; x_wconf 83' lang='grc' dir='ltr'>χω-</span> 
     </span>
    </p>
   </div>
   <div class='ocr_carea' id='block_1_14' title="bbox 334 1211 1990 1287">
    <p class='ocr_par' dir='ltr' id='par_1_14' title="bbox 334 1211 1990 1287">
     <span class='ocr_line' id='line_1_14' title="bbox 334 1211 1990 1287; baseline 0 -20"><span class='ocrx_word' id='word_1_89' title='bbox 334 1212 522 1287; x_wconf 88' lang='grc' dir='ltr'>ρυίτω·</span> <span class='ocrx_word' id='word_1_90' title='bbox 559 1236 587 1264; x_wconf 91' lang='grc'><strong>››</strong></span> <span class='ocrx_word' id='word_1_91' title='bbox 635 1213 735 1268; x_wconf 79' lang='grc' dir='ltr'>οὐκ</span> <span class='ocrx_word' id='word_1_92' title='bbox 780 1211 980 1282; x_wconf 60' lang='grc' dir='ltr'>ἴσασιν,</span> <span class='ocrx_word' id='word_1_93' title='bbox 1041 1213 1124 1268; x_wconf 85' lang='grc' dir='ltr'>’ὁτι</span> <span class='ocrx_word' id='word_1_94' title='bbox 1187 1215 1322 1286; x_wconf 88' lang='grc' dir='ltr'>μετά</span> <span class='ocrx_word' id='word_1_95' title='bbox 1362 1215 1460 1283; x_wconf 84' lang='grc' dir='ltr'>τήν</span> <span class='ocrx_word' id='word_1_96' title='bbox 1520 1219 1618 1268; x_wconf 82' lang='grc' dir='ltr'>τοῦ</span> <span class='ocrx_word' id='word_1_97' title='bbox 1662 1213 1990 1269; x_wconf 78' lang='grc' dir='ltr'>ἀποστασίου</span> 
     </span>
    </p>
   </div>
   <div class='ocr_carea' id='block_1_15' title="bbox 335 1300 1988 1377">
    <p class='ocr_par' dir='ltr' id='par_1_15' title="bbox 335 1300 1988 1377">
     <span class='ocr_line' id='line_1_15' title="bbox 335 1300 1988 1377; baseline 0.001 -21"><span class='ocrx_word' id='word_1_98' title='bbox 335 1300 510 1377; x_wconf 78' lang='grc' dir='ltr'>ῥῆσιν,</span> <span class='ocrx_word' id='word_1_99' title='bbox 544 1302 862 1375; x_wconf 74' lang='grc' dir='ltr'>πυθομένων</span> <span class='ocrx_word' id='word_1_100' title='bbox 898 1307 1084 1371; x_wconf 81' lang='grc' dir='ltr'>τινῶν,</span> <span class='ocrx_word' id='word_1_101' title='bbox 1137 1303 1242 1368; x_wconf 81' lang='grc' dir='ltr'>ὃτι,</span> <span class='ocrx_word' id='word_1_102' title='bbox 1275 1327 1302 1354; x_wconf 92' lang='grc'>‹‹</span> <span class='ocrx_word' id='word_1_103' title='bbox 1339 1302 1426 1357; x_wconf 69' lang='grc' dir='ltr'>ἐὰν</span> <span class='ocrx_word' id='word_1_104' title='bbox 1489 1302 1661 1366; x_wconf 77' lang='grc' dir='ltr'>οὕτως</span> <span class='ocrx_word' id='word_1_105' title='bbox 1810 1305 1924 1376; x_wconf 80' lang='lat'>(57)</span> <span class='ocrx_word' id='word_1_106' title='bbox 1953 1304 1988 1372; x_wconf 76' lang='grc' dir='ltr'><strong>ἡ</strong></span> 
     </span>
    </p>
   </div>
   <div class='ocr_carea' id='block_1_16' title="bbox 333 1389 1988 1468">
    <p class='ocr_par' dir='ltr' id='par_1_16' title="bbox 333 1389 1988 1468">
     <span class='ocr_line' id='line_1_16' title="bbox 333 1389 1988 1468; baseline 0.001 -24"><span class='ocrx_word' id='word_1_107' title='bbox 333 1389 478 1445; x_wconf 79' lang='grc' dir='ltr'>αἰτία</span> <span class='ocrx_word' id='word_1_108' title='bbox 507 1397 606 1460; x_wconf 83' lang='grc' dir='ltr'>τῆς</span> <span class='ocrx_word' id='word_1_109' title='bbox 631 1391 906 1467; x_wconf 84' lang='grc' dir='ltr'>γυναικὸς,</span> <span class='ocrx_word' id='word_1_110' title='bbox 951 1389 1012 1445; x_wconf 82' lang='grc' dir='ltr'>οὐ</span> <span class='ocrx_word' id='word_1_111' title='bbox 1077 1393 1340 1467; x_wconf 80' lang='grc' dir='ltr'>συμφέρει</span> <span class='ocrx_word' id='word_1_112' title='bbox 1371 1396 1451 1464; x_wconf 78' lang='grc' dir='ltr'>τῷ</span> <span class='ocrx_word' id='word_1_113' title='bbox 1499 1393 1770 1468; x_wconf 84' lang='grc' dir='ltr'>ἀνθρώπῳ</span> <span class='ocrx_word' id='word_1_114' title='bbox 1807 1398 1988 1466; x_wconf 84' lang='grc' dir='ltr'>γαμῆ-</span> 
     </span>
    </p>
   </div>
   <div class='ocr_carea' id='block_1_17' title="bbox 335 1478 1988 1557">
    <p class='ocr_par' dir='ltr' id='par_1_17' title="bbox 335 1478 1988 1557">
     <span class='ocr_line' id='line_1_17' title="bbox 335 1478 1988 1557; baseline 0.001 -25"><span class='ocrx_word' id='word_1_115' title='bbox 335 1496 444 1533; x_wconf 75' lang='grc' dir='ltr'>σαιο</span> <span class='ocrx_word' id='word_1_116' title='bbox 479 1503 507 1530; x_wconf 87' lang='grc'><strong>››</strong></span> <span class='ocrx_word' id='word_1_117' title='bbox 538 1479 661 1534; x_wconf 87' lang='grc' dir='ltr'>τότε</span> <span class='ocrx_word' id='word_1_118' title='bbox 691 1481 719 1534; x_wconf 87' lang='lat'>6</span> <span class='ocrx_word' id='word_1_119' title='bbox 755 1479 957 1554; x_wconf 69' lang='grc' dir='ltr'>Κύριος</span> <span class='ocrx_word' id='word_1_120' title='bbox 988 1478 1112 1557; x_wconf 79' lang='grc' dir='ltr'>ἔφη’</span> <span class='ocrx_word' id='word_1_121' title='bbox 1149 1505 1176 1532; x_wconf 92' lang='grc'>‹‹</span> <span class='ocrx_word' id='word_1_122' title='bbox 1211 1479 1289 1538; x_wconf 87' lang='grc' dir='ltr'>Οὐ</span> <span class='ocrx_word' id='word_1_123' title='bbox 1354 1483 1546 1543; x_wconf 83' lang='grc' dir='ltr'>πάντες</span> <span class='ocrx_word' id='word_1_124' title='bbox 1605 1485 1852 1556; x_wconf 80' lang='grc' dir='ltr'>χωροῦσι</span> <span class='ocrx_word' id='word_1_125' title='bbox 1897 1481 1988 1534; x_wconf 88' lang='grc' dir='ltr'>τὸν</span> 
     </span>
    </p>
   </div>
   <div class='ocr_carea' id='block_1_18' title="bbox 334 1565 1992 1646">
    <p class='ocr_par' dir='ltr' id='par_1_18' title="bbox 334 1565 1992 1646">
     <span class='ocr_line' id='line_1_18' title="bbox 334 1565 1992 1646; baseline 0.001 -25"><span class='ocrx_word' id='word_1_126' title='bbox 334 1565 496 1643; x_wconf 89' lang='grc' dir='ltr'>λόγον</span> <span class='ocrx_word' id='word_1_127' title='bbox 522 1573 736 1631; x_wconf 78' lang='grc' dir='ltr'>τοῦτον,</span> <span class='ocrx_word' id='word_1_128' title='bbox 773 1567 898 1623; x_wconf 88' lang='grc' dir='ltr'>ἀλλ’</span> <span class='ocrx_word' id='word_1_129' title='bbox 951 1570 1037 1630; x_wconf 87' lang='grc' dir='ltr'>οἷς</span> <span class='ocrx_word' id='word_1_130' title='bbox 1072 1566 1312 1624; x_wconf 86' lang='grc' dir='ltr'>δέδοται.</span> <span class='ocrx_word' id='word_1_131' title='bbox 1349 1592 1378 1621; x_wconf 87' lang='grc'>››</span> <span class='ocrx_word' id='word_1_132' title='bbox 1409 1574 1578 1624; x_wconf 79' lang='grc' dir='ltr'>Τοῦτο</span> <span class='ocrx_word' id='word_1_133' title='bbox 1608 1571 1713 1646; x_wconf 82' lang='grc' dir='ltr'>γὰρ</span> <span class='ocrx_word' id='word_1_134' title='bbox 1771 1570 1826 1624; x_wconf 77' lang='grc' dir='ltr'>οἱ</span> <span class='ocrx_word' id='word_1_135' title='bbox 1855 1591 1992 1623; x_wconf 90' lang='grc' dir='ltr'>πυν-</span> 
     </span>
    </p>
   </div>
   <div class='ocr_carea' id='block_1_19' title="bbox 334 1652 1992 1734">
    <p class='ocr_par' dir='ltr' id='par_1_19' title="bbox 334 1652 1992 1734">
     <span class='ocr_line' id='line_1_19' title="bbox 334 1652 1992 1734; baseline 0.001 -23"><span class='ocrx_word' id='word_1_136' title='bbox 334 1656 625 1729; x_wconf 88' lang='grc' dir='ltr'>θανόμενοι</span> <span class='ocrx_word' id='word_1_137' title='bbox 659 1657 844 1730; x_wconf 76' lang='grc' dir='ltr'>μαθεῖν</span> <span class='ocrx_word' id='word_1_138' title='bbox 901 1652 1304 1727; x_wconf 78' lang='grc' dir='ltr'>ἐϐουλήθησαν,</span> <span class='ocrx_word' id='word_1_139' title='bbox 1367 1658 1416 1712; x_wconf 74' lang='grc' dir='ltr'>εἴ</span> <span class='ocrx_word' id='word_1_140' title='bbox 1467 1663 1764 1734; x_wconf 86' lang='grc' dir='ltr'>συγχωρεῖ,</span> <span class='ocrx_word' id='word_1_141' title='bbox 1824 1679 1992 1712; x_wconf 87' lang='grc' dir='ltr'>κατα-</span> 
     </span>
    </p>
   </div>
   <div class='ocr_carea' id='block_1_20' title="bbox 329 1743 2066 1836">
    <p class='ocr_par' dir='ltr' id='par_1_20' title="bbox 329 1743 2066 1836">
     <span class='ocr_line' id='line_1_20' title="bbox 329 1743 2066 1836; baseline 0.005 -37"><span class='ocrx_word' id='word_1_142' title='bbox 329 1746 660 1820; x_wconf 82' lang='grc' dir='ltr'>γνωσθείσης</span> <span class='ocrx_word' id='word_1_143' title='bbox 719 1746 806 1801; x_wconf 77' lang='grc' dir='ltr'>έπὶ</span> <span class='ocrx_word' id='word_1_144' title='bbox 865 1745 1088 1819; x_wconf 75' lang='grc' dir='ltr'>πορνείᾳ</span> <span class='ocrx_word' id='word_1_145' title='bbox 1135 1748 1391 1820; x_wconf 79' lang='grc' dir='ltr'>γυναικὸς</span> <span class='ocrx_word' id='word_1_146' title='bbox 1461 1748 1552 1802; x_wconf 85' lang='grc' dir='ltr'>καὶ</span> <span class='ocrx_word' id='word_1_147' title='bbox 1607 1743 2066 1836; x_wconf 66' lang='grc' dir='ltr'>ἑκϐληθείσης,Β</span> 
     </span>
    </p>
   </div>
   <div class='ocr_carea' id='block_1_21' title="bbox 333 1833 1986 1911">
    <p class='ocr_par' dir='ltr' id='par_1_21' title="bbox 333 1833 1986 1911">
     <span class='ocr_line' id='line_1_21' title="bbox 333 1833 1986 1911; baseline 0 -22"><span class='ocrx_word' id='word_1_148' title='bbox 333 1833 514 1911; x_wconf 71' lang='grc' dir='ltr'>ἑτέραν</span> <span class='ocrx_word' id='word_1_149' title='bbox 547 1842 748 1910; x_wconf 84' lang='grc' dir='ltr'>γῆμαι.</span> <span class='ocrx_word' id='word_1_150' title='bbox 784 1837 924 1890; x_wconf 87' lang='grc' dir='ltr'>Φασί</span> <span class='ocrx_word' id='word_1_151' title='bbox 959 1833 1129 1890; x_wconf 76' lang='grc' dir='ltr'>δὲκαὶ</span> <span class='ocrx_word' id='word_1_152' title='bbox 1161 1834 1408 1906; x_wconf 80' lang='grc' dir='ltr'>ἀθλητὰς</span> <span class='ocrx_word' id='word_1_153' title='bbox 1467 1839 1577 1909; x_wconf 86' lang='grc'>(58)</span> <span class='ocrx_word' id='word_1_154' title='bbox 1635 1835 1733 1890; x_wconf 85' lang='grc' dir='ltr'>οὐκ</span> <span class='ocrx_word' id='word_1_155' title='bbox 1763 1833 1986 1909; x_wconf 78' lang='grc' dir='ltr'>ὀλίγους</span> 
     </span>
    </p>
   </div>
   <div class='ocr_carea' id='block_1_22' title="bbox 334 1920 1987 2001">
    <p class='ocr_par' dir='ltr' id='par_1_22' title="bbox 334 1920 1987 2001">
     <span class='ocr_line' id='line_1_22' title="bbox 334 1920 1987 2001; baseline -0.001 -23"><span class='ocrx_word' id='word_1_156' title='bbox 334 1922 661 2001; x_wconf 79' lang='grc' dir='ltr'>ἀφροδισίων</span> <span class='ocrx_word' id='word_1_157' title='bbox 686 1922 1006 1998; x_wconf 81' lang='grc' dir='ltr'>ἀπέχεσθαι,</span> <span class='ocrx_word' id='word_1_158' title='bbox 1042 1920 1110 1978; x_wconf 87' lang='grc' dir='ltr'>δι’</span> <span class='ocrx_word' id='word_1_159' title='bbox 1139 1927 1366 1993; x_wconf 78' lang='grc' dir='ltr'>ἄσκησιν</span> <span class='ocrx_word' id='word_1_160' title='bbox 1425 1925 1742 1996; x_wconf 77' lang='grc' dir='ltr'>σωματικὴν</span> <span class='ocrx_word' id='word_1_161' title='bbox 1793 1923 1987 1999; x_wconf 76' lang='grc' dir='ltr'>ἐγκρα-</span> 
     </span>
    </p>
   </div>
   <div class='ocr_carea' id='block_1_23' title="bbox 330 2012 1986 2087">
    <p class='ocr_par' dir='ltr' id='par_1_23' title="bbox 330 2012 1986 2087">
     <span class='ocr_line' id='line_1_23' title="bbox 330 2012 1986 2087; baseline -0.002 -19"><span class='ocrx_word' id='word_1_162' title='bbox 330 2014 680 2086; x_wconf 86' lang='grc' dir='ltr'>τευομένους·</span> <span class='ocrx_word' id='word_1_163' title='bbox 739 2015 977 2087; x_wconf 86' lang='grc' dir='ltr'>καθάπερ</span> <span class='ocrx_word' id='word_1_164' title='bbox 1057 2014 1150 2067; x_wconf 88' lang='grc' dir='ltr'>τὸν</span> <span class='ocrx_word' id='word_1_165' title='bbox 1231 2013 1606 2087; x_wconf 80' lang='grc' dir='ltr'>Κροτωνιάτην</span> <span class='ocrx_word' id='word_1_166' title='bbox 1693 2012 1986 2084; x_wconf 85' lang='grc' dir='ltr'>Ἀστυλον,</span> 
     </span>
    </p>
   </div>
   <div class='ocr_carea' id='block_1_24' title="bbox 331 2097 1986 2177">
    <p class='ocr_par' dir='ltr' id='par_1_24' title="bbox 331 2097 1986 2177">
     <span class='ocr_line' id='line_1_24' title="bbox 331 2097 1986 2177; baseline 0 -19"><span class='ocrx_word' id='word_1_167' title='bbox 331 2103 422 2158; x_wconf 82' lang='grc' dir='ltr'>καὶ</span> <span class='ocrx_word' id='word_1_168' title='bbox 445 2103 692 2176; x_wconf 83' lang='grc' dir='ltr'>Κρίσωνα</span> <span class='ocrx_word' id='word_1_169' title='bbox 732 2107 841 2174; x_wconf 76' lang='lat'>(59}</span> <span class='ocrx_word' id='word_1_170' title='bbox 900 2102 993 2157; x_wconf 88' lang='grc' dir='ltr'>τὸν</span> <span class='ocrx_word' id='word_1_171' title='bbox 1051 2105 1343 2177; x_wconf 78' lang='grc' dir='ltr'>Ἱμεραῖον·</span> <span class='ocrx_word' id='word_1_172' title='bbox 1404 2102 1492 2156; x_wconf 86' lang='grc' dir='ltr'>καὶ</span> <span class='ocrx_word' id='word_1_173' title='bbox 1553 2097 1843 2175; x_wconf 75' lang='grc' dir='ltr'>Ἀμοιϐεὺς</span> <span class='ocrx_word' id='word_1_174' title='bbox 1876 2105 1986 2176; x_wconf 86' lang='grc'>(60)</span> 
     </span>
    </p>
   </div>
   <div class='ocr_carea' id='block_1_25' title="bbox 333 2188 1983 2266">
    <p class='ocr_par' dir='ltr' id='par_1_25' title="bbox 333 2188 1983 2266">
     <span class='ocr_line' id='line_1_25' title="bbox 333 2188 1983 2266; baseline -0.001 -20"><span class='ocrx_word' id='word_1_175' title='bbox 333 2188 391 2246; x_wconf 70' lang='grc' dir='ltr'>δὲ</span> <span class='ocrx_word' id='word_1_176' title='bbox 421 2192 448 2245; x_wconf 91' lang='lat'>6</span> <span class='ocrx_word' id='word_1_177' title='bbox 479 2188 806 2266; x_wconf 84' lang='grc' dir='ltr'>κιθαρῳδὸς,</span> <span class='ocrx_word' id='word_1_178' title='bbox 835 2189 1105 2266; x_wconf 89' lang='grc' dir='ltr'>νεόγαμος</span> <span class='ocrx_word' id='word_1_179' title='bbox 1138 2189 1235 2251; x_wconf 84' lang='grc' dir='ltr'>ὢν,</span> <span class='ocrx_word' id='word_1_180' title='bbox 1277 2191 1549 2266; x_wconf 81' lang='grc' dir='ltr'>ἀπέσχετο</span> <span class='ocrx_word' id='word_1_181' title='bbox 1596 2198 1696 2260; x_wconf 83' lang='grc' dir='ltr'>τῆς</span> <span class='ocrx_word' id='word_1_182' title='bbox 1745 2189 1983 2266; x_wconf 80' lang='grc' dir='ltr'>νύμφης’</span> 
     </span>
    </p>
   </div>
   <div class='ocr_carea' id='block_1_26' title="bbox 332 2278 1986 2355">
    <p class='ocr_par' dir='ltr' id='par_1_26' title="bbox 332 2278 1986 2355">
     <span class='ocr_line' id='line_1_26' title="bbox 332 2278 1986 2355; baseline -0.002 -19"><span class='ocrx_word' id='word_1_183' title='bbox 332 2280 422 2336; x_wconf 80' lang='grc' dir='ltr'>’ὸτε</span> <span class='ocrx_word' id='word_1_184' title='bbox 479 2282 786 2354; x_wconf 84' lang='grc' dir='ltr'>Κυρηναῖος</span> <span class='ocrx_word' id='word_1_185' title='bbox 846 2280 1232 2354; x_wconf 70' lang='grc' dir='ltr'>Ἀριστοτέλης</span> <span class='ocrx_word' id='word_1_186' title='bbox 1311 2283 1446 2354; x_wconf 78' lang='grc'>(61),</span> <span class='ocrx_word' id='word_1_187' title='bbox 1527 2279 1698 2335; x_wconf 62' lang='grc' dir='ltr'>Λαλιδα</span> <span class='ocrx_word' id='word_1_188' title='bbox 1782 2278 1986 2355; x_wconf 81' lang='grc' dir='ltr'>ἐρῶσαν</span> 
     </span>
    </p>
   </div>
   <div class='ocr_carea' id='block_1_27' title="bbox 335 2369 1988 2445">
    <p class='ocr_par' dir='ltr' id='par_1_27' title="bbox 335 2369 1988 2445">
     <span class='ocr_line' id='line_1_27' title="bbox 335 2369 1988 2445; baseline -0.001 -22"><span class='ocrx_word' id='word_1_189' title='bbox 335 2370 551 2444; x_wconf 83' lang='grc' dir='ltr'>ὑπεώρα</span> <span class='ocrx_word' id='word_1_190' title='bbox 583 2375 692 2439; x_wconf 69' lang='lat'>(6&#39;3)</span> <span class='ocrx_word' id='word_1_191' title='bbox 727 2369 912 2441; x_wconf 80' lang='grc' dir='ltr'>μόνος”</span> <span class='ocrx_word' id='word_1_192' title='bbox 945 2369 1261 2442; x_wconf 83' lang='grc' dir='ltr'>ὀμωμοκὼς</span> <span class='ocrx_word' id='word_1_193' title='bbox 1307 2370 1398 2424; x_wconf 82' lang='grc' dir='ltr'>οὖν</span> <span class='ocrx_word' id='word_1_194' title='bbox 1429 2369 1499 2444; x_wconf 73' lang='grc' dir='ltr'>τῇ</span> <span class='ocrx_word' id='word_1_195' title='bbox 1549 2370 1753 2445; x_wconf 70' lang='grc' dir='ltr'>ἑταίρᾳ,</span> <span class='ocrx_word' id='word_1_196' title='bbox 1783 2371 1818 2439; x_wconf 79' lang='grc' dir='ltr'><strong>ἦ</strong></span> <span class='ocrx_word' id='word_1_197' title='bbox 1881 2370 1988 2442; x_wconf 72' lang='grc' dir='ltr'>μὴν</span> 
     </span>
    </p>
   </div>
   <div class='ocr_carea' id='block_1_28' title="bbox 333 2456 1990 2534">
    <p class='ocr_par' dir='ltr' id='par_1_28' title="bbox 333 2456 1990 2534">
     <span class='ocr_line' id='line_1_28' title="bbox 333 2456 1990 2534; baseline -0.001 -21"><span class='ocrx_word' id='word_1_198' title='bbox 333 2459 550 2529; x_wconf 72' lang='grc' dir='ltr'>ἀπάξειν</span> <span class='ocrx_word' id='word_1_199' title='bbox 579 2458 744 2528; x_wconf 72' lang='grc' dir='ltr'>αὐτὴν</span> <span class='ocrx_word' id='word_1_200' title='bbox 779 2457 855 2521; x_wconf 82' lang='grc' dir='ltr'>εἷς</span> <span class='ocrx_word' id='word_1_201' title='bbox 889 2456 1146 2531; x_wconf 78' lang='grc' dir='ltr'>πατρίδα,</span> <span class='ocrx_word' id='word_1_202' title='bbox 1176 2458 1222 2514; x_wconf 78' lang='grc' dir='ltr'>εί</span> <span class='ocrx_word' id='word_1_203' title='bbox 1256 2459 1612 2534; x_wconf 75' lang='grc' dir='ltr'>συμπράξειεν</span> <span class='ocrx_word' id='word_1_204' title='bbox 1671 2460 1817 2531; x_wconf 87' lang='grc' dir='ltr'>αὐτῷ</span> <span class='ocrx_word' id='word_1_205' title='bbox 1867 2478 1990 2514; x_wconf 87' lang='grc' dir='ltr'>τινα</span> 
     </span>
    </p>
   </div>
   <div class='ocr_carea' id='block_1_29' title="bbox 331 2546 1990 2624">
    <p class='ocr_par' dir='ltr' id='par_1_29' title="bbox 331 2546 1990 2624">
     <span class='ocr_line' id='line_1_29' title="bbox 331 2546 1990 2624; baseline -0.001 -22"><span class='ocrx_word' id='word_1_206' title='bbox 331 2549 466 2623; x_wconf 85' lang='grc' dir='ltr'>πρὸς</span> <span class='ocrx_word' id='word_1_207' title='bbox 515 2547 642 2612; x_wconf 77' lang='grc' dir='ltr'>τοὺς</span> <span class='ocrx_word' id='word_1_208' title='bbox 693 2547 1121 2624; x_wconf 77' lang='grc' dir='ltr'>ἀνταγωνιστὰς,</span> <span class='ocrx_word' id='word_1_209' title='bbox 1171 2547 1386 2604; x_wconf 77' lang='grc' dir='ltr'>ἐπειδὰν</span> <span class='ocrx_word' id='word_1_210' title='bbox 1450 2546 1802 2623; x_wconf 78' lang='grc' dir='ltr'>διεπράξατο,</span> <span class='ocrx_word' id='word_1_211' title='bbox 1884 2567 1990 2622; x_wconf 84' lang='grc' dir='ltr'>χα-</span> 
     </span>
    </p>
   </div>
   <div class='ocr_carea' id='block_1_30' title="bbox 334 2634 1988 2714">
    <p class='ocr_par' dir='ltr' id='par_1_30' title="bbox 334 2634 1988 2714">
     <span class='ocr_line' id='line_1_30' title="bbox 334 2634 1988 2714; baseline -0.001 -24"><span class='ocrx_word' id='word_1_212' title='bbox 334 2639 556 2714; x_wconf 78' lang='grc' dir='ltr'>ριέντως</span> <span class='ocrx_word' id='word_1_213' title='bbox 587 2634 823 2691; x_wconf 82' lang='grc' dir='ltr'>ἐκτελῶν</span> <span class='ocrx_word' id='word_1_214' title='bbox 877 2637 970 2691; x_wconf 90' lang='grc' dir='ltr'>τὸν</span> <span class='ocrx_word' id='word_1_215' title='bbox 1004 2637 1186 2712; x_wconf 79' lang='grc' dir='ltr'>ὅρκον,</span> <span class='ocrx_word' id='word_1_216' title='bbox 1220 2637 1570 2712; x_wconf 78' lang='grc' dir='ltr'>γραψάμενος</span> <span class='ocrx_word' id='word_1_217' title='bbox 1597 2638 1764 2703; x_wconf 78' lang='grc' dir='ltr'>αὐτῆς</span> <span class='ocrx_word' id='word_1_218' title='bbox 1798 2637 1872 2696; x_wconf 87' lang='grc' dir='ltr'>ὡς</span> <span class='ocrx_word' id='word_1_219' title='bbox 1904 2635 1988 2689; x_wconf 79' lang='grc' dir='ltr'>ὅτι</span> 
     </span>
    </p>
   </div>
   <div class='ocr_carea' id='block_1_31' title="bbox 336 2723 1986 2798">
    <p class='ocr_par' dir='ltr' id='par_1_31' title="bbox 336 2723 1986 2798">
     <span class='ocr_line' id='line_1_31' title="bbox 336 2723 1986 2798; baseline -0.003 -18"><span class='ocrx_word' id='word_1_220' title='bbox 336 2724 574 2798; x_wconf 87' lang='grc' dir='ltr'>μάλιστα</span> <span class='ocrx_word' id='word_1_221' title='bbox 606 2725 942 2797; x_wconf 71' lang='grc' dir='ltr'>ὁμοιοτάτην</span> <span class='ocrx_word' id='word_1_222' title='bbox 976 2724 1477 2794; x_wconf 77' lang='grc' dir='ltr'>εἷ’κόνα,ἀνέ.στησεν</span> <span class='ocrx_word' id='word_1_223' title='bbox 1511 2723 1587 2786; x_wconf 81' lang='grc' dir='ltr'>είς</span> <span class='ocrx_word' id='word_1_224' title='bbox 1618 2725 1889 2796; x_wconf 77' lang='grc' dir='ltr'>Κυρήνην,</span> <span class='ocrx_word' id='word_1_225' title='bbox 1912 2723 1986 2786; x_wconf 82' lang='grc' dir='ltr'>ὡς</span> 
     </span>
    </p>
   </div>
   <div class='ocr_carea' id='block_1_32' title="bbox 333 2809 1989 2887">
    <p class='ocr_par' dir='ltr' id='par_1_32' title="bbox 333 2809 1989 2887">
     <span class='ocr_line' id='line_1_32' title="bbox 333 2809 1989 2887; baseline -0.001 -20"><span class='ocrx_word' id='word_1_226' title='bbox 333 2815 539 2887; x_wconf 74' lang='grc' dir='ltr'>ἱστορεῖ</span> <span class='ocrx_word' id='word_1_227' title='bbox 565 2818 777 2885; x_wconf 76' lang='grc' dir='ltr'>Ἴστρος</span> <span class='ocrx_word' id='word_1_228' title='bbox 812 2814 863 2867; x_wconf 81' lang='grc' dir='ltr'>ἐν</span> <span class='ocrx_word' id='word_1_229' title='bbox 887 2817 968 2883; x_wconf 81' lang='grc' dir='ltr'>τῷ</span> <span class='ocrx_word' id='word_1_230' title='bbox 999 2813 1132 2887; x_wconf 86' lang='grc' dir='ltr'>Περὶ</span> <span class='ocrx_word' id='word_1_231' title='bbox 1167 2813 1445 2880; x_wconf 76' lang='grc' dir='ltr'>ἰδιότητος</span> <span class='ocrx_word' id='word_1_232' title='bbox 1479 2809 1846 2875; x_wconf 82' lang='grc' dir='ltr'>ἃθλων.”Ὠστ’</span> <span class='ocrx_word' id='word_1_233' title='bbox 1874 2809 1989 2866; x_wconf 79' lang='grc' dir='ltr'>οὐδ’</span> 
     </span>
    </p>
   </div>
   <div class='ocr_carea' id='block_1_33' title="bbox 333 2897 1986 2976">
    <p class='ocr_par' dir='ltr' id='par_1_33' title="bbox 333 2897 1986 2976">
     <span class='ocr_line' id='line_1_33' title="bbox 333 2897 1986 2976; baseline -0.001 -20"><span class='ocrx_word' id='word_1_234' title='bbox 333 2903 369 2970; x_wconf 78' lang='grc' dir='ltr'>ἠ</span> <span class='ocrx_word' id='word_1_235' title='bbox 393 2901 652 2976; x_wconf 83' lang='grc' dir='ltr'>εὐνουχία</span> <span class='ocrx_word' id='word_1_236' title='bbox 683 2899 932 2973; x_wconf 66' lang='grc' dir='ltr'>ἐνάρετον</span> <span class='ocrx_word' id='word_1_237' title='bbox 969 2904 1102 2972; x_wconf 77' lang='lat'>(63),</span> <span class='ocrx_word' id='word_1_238' title='bbox 1123 2899 1168 2954; x_wconf 77' lang='lat' dir='ltr'>el</span> <span class='ocrx_word' id='word_1_239' title='bbox 1205 2901 1280 2972; x_wconf 80' lang='grc' dir='ltr'>μή</span> <span class='ocrx_word' id='word_1_240' title='bbox 1317 2897 1386 2953; x_wconf 87' lang='grc' dir='ltr'>δι’</span> <span class='ocrx_word' id='word_1_241' title='bbox 1419 2900 1632 2974; x_wconf 81' lang='grc' dir='ltr'>ἀγάπην</span> <span class='ocrx_word' id='word_1_242' title='bbox 1662 2899 1868 2974; x_wconf 89' lang='grc' dir='ltr'>γίνοιτο</span> <span class='ocrx_word' id='word_1_243' title='bbox 1888 2901 1986 2969; x_wconf 71' lang='grc' dir='ltr'>τήν</span> 
     </span>
    </p>
   </div>
   <div class='ocr_carea' id='block_1_34' title="bbox 332 2985 1988 3064">
    <p class='ocr_par' dir='ltr' id='par_1_34' title="bbox 332 2985 1988 3064">
     <span class='ocr_line' id='line_1_34' title="bbox 332 2985 1988 3064; baseline -0.001 -20"><span class='ocrx_word' id='word_1_244' title='bbox 332 2990 471 3063; x_wconf 81' lang='grc' dir='ltr'>πρὸς</span> <span class='ocrx_word' id='word_1_245' title='bbox 492 2990 583 3044; x_wconf 86' lang='grc' dir='ltr'>τὸν</span> <span class='ocrx_word' id='word_1_246' title='bbox 617 2990 748 3044; x_wconf 85' lang='grc' dir='ltr'>Θεόν</span> <span class='ocrx_word' id='word_1_247' title='bbox 776 2988 980 3045; x_wconf 86' lang='grc' dir='ltr'>Αὐτίκα</span> <span class='ocrx_word' id='word_1_248' title='bbox 1003 2988 1126 3062; x_wconf 89' lang='grc' dir='ltr'>περὶ</span> <span class='ocrx_word' id='word_1_249' title='bbox 1156 2992 1264 3042; x_wconf 87' lang='grc' dir='ltr'>τῶν</span> <span class='ocrx_word' id='word_1_250' title='bbox 1303 2985 1758 3064; x_wconf 74' lang='grc' dir='ltr'>βδελυσσομένων</span> <span class='ocrx_word' id='word_1_251' title='bbox 1779 2989 1869 3042; x_wconf 89' lang='grc' dir='ltr'>τὸν</span> <span class='ocrx_word' id='word_1_252' title='bbox 1889 2991 1988 3064; x_wconf 86' lang='grc' dir='ltr'>γά·-</span> 
     </span>
    </p>
   </div>
   <div class='ocr_carea' id='block_1_35' title="bbox 338 3073 1988 3153">
    <p class='ocr_par' dir='ltr' id='par_1_35' title="bbox 338 3073 1988 3153">
     <span class='ocr_line' id='line_1_35' title="bbox 338 3073 1988 3153; baseline -0.001 -21"><span class='ocrx_word' id='word_1_253' title='bbox 338 3100 436 3152; x_wconf 92' lang='grc' dir='ltr'>μον</span> <span class='ocrx_word' id='word_1_254' title='bbox 471 3076 686 3139; x_wconf 71' lang='grc' dir='ltr'>Παῦλος</span> <span class='ocrx_word' id='word_1_255' title='bbox 719 3079 746 3132; x_wconf 91' lang='lat'>6</span> <span class='ocrx_word' id='word_1_256' title='bbox 780 3077 1046 3152; x_wconf 86' lang='grc' dir='ltr'>μακάριος</span> <span class='ocrx_word' id='word_1_257' title='bbox 1078 3073 1249 3150; x_wconf 82' lang='grc' dir='ltr'>λέγει⁸</span> <span class='ocrx_word' id='word_1_258' title='bbox 1289 3100 1316 3128; x_wconf 77' lang='grc' dir='ltr'>α</span> <span class='ocrx_word' id='word_1_259' title='bbox 1351 3077 1437 3132; x_wconf 89' lang='grc' dir='ltr'>Ἐν</span> <span class='ocrx_word' id='word_1_260' title='bbox 1493 3077 1735 3150; x_wconf 83' lang='grc' dir='ltr'>ὑστέροις</span> <span class='ocrx_word' id='word_1_261' title='bbox 1775 3083 1988 3153; x_wconf 84' lang='grc' dir='ltr'>καιροῖς</span> 
     </span>
    </p>
   </div>
   <div class='ocr_carea' id='block_1_36' title="bbox 2101 503 3751 580">
    <p class='ocr_par' dir='ltr' id='par_1_36' title="bbox 2101 503 3751 580">
     <span class='ocr_line' id='line_1_36' title="bbox 2101 503 3751 580; baseline 0.004 -23"><span class='ocrx_word' id='word_1_262' title='bbox 2101 503 2238 558; x_wconf 90' lang='lat' dir='ltr'>dem</span> <span class='ocrx_word' id='word_1_263' title='bbox 2266 504 2328 558; x_wconf 91' lang='lat' dir='ltr'>in</span> <span class='ocrx_word' id='word_1_264' title='bbox 2360 509 2518 559; x_wconf 91' lang='lat' dir='ltr'>terra</span> <span class='ocrx_word' id='word_1_265' title='bbox 2544 508 2622 574; x_wconf 88' lang='lat' dir='ltr'>(a)</span> <span class='ocrx_word' id='word_1_266' title='bbox 2643 504 2707 558; x_wconf 81' lang='lat'><strong>?-</strong></span> <span class='ocrx_word' id='word_1_267' title='bbox 2742 506 2812 557; x_wconf 89' lang='lat' dir='ltr'>Et</span> <span class='ocrx_word' id='word_1_268' title='bbox 2842 521 3047 558; x_wconf 85' lang='lat' dir='ltr'>rursus</span> <span class='ocrx_word' id='word_1_269' title='bbox 3080 521 3093 558; x_wconf 91' lang='lat'>:</span> <span class='ocrx_word' id='word_1_270' title='bbox 3122 526 3150 553; x_wconf 84' lang='lat'><strong><em>«</em></strong></span> <span class='ocrx_word' id='word_1_271' title='bbox 3183 507 3276 560; x_wconf 71' lang='lat' dir='ltr'>Vas</span> <span class='ocrx_word' id='word_1_272' title='bbox 3307 510 3751 580; x_wconf 68' lang='lat' dir='ltr'>praegnantibus</span> 
     </span>
    </p>
   </div>
   <div class='ocr_carea' id='block_1_37' title="bbox 2100 590 3754 666">
    <p class='ocr_par' dir='ltr' id='par_1_37' title="bbox 2100 590 3754 666">
     <span class='ocr_line' id='line_1_37' title="bbox 2100 590 3754 666; baseline 0.005 -20"><span class='ocrx_word' id='word_1_273' title='bbox 2100 598 2159 646; x_wconf 91' lang='lat' dir='ltr'>et</span> <span class='ocrx_word' id='word_1_274' title='bbox 2176 590 2239 655; x_wconf 69' lang='grc' dir='ltr'>ιι(</span> <span class='ocrx_word' id='word_1_275' title='bbox 2265 592 2624 647; x_wconf 91' lang='lat' dir='ltr'>lactantibus</span> <span class='ocrx_word' id='word_1_276' title='bbox 2647 592 2706 646; x_wconf 89' lang='lat' dir='ltr'>in</span> <span class='ocrx_word' id='word_1_277' title='bbox 2739 592 2858 646; x_wconf 83' lang='lat' dir='ltr'>illis</span> <span class='ocrx_word' id='word_1_278' title='bbox 2878 592 3086 647; x_wconf 89' lang='lat' dir='ltr'>diebus</span> <span class='ocrx_word' id='word_1_279' title='bbox 3108 593 3232 662; x_wconf 73' lang='lat' dir='ltr'>(b).-</span> <span class='ocrx_word' id='word_1_280' title='bbox 3263 595 3612 666; x_wconf 82' lang='lat' dir='ltr'>Quanquam</span> <span class='ocrx_word' id='word_1_281' title='bbox 3628 598 3754 654; x_wconf 63' lang='lat' dir='ltr'>haec</span> 
     </span>
    </p>
   </div>
   <div class='ocr_carea' id='block_1_38' title="bbox 2100 681 3752 753">
    <p class='ocr_par' dir='ltr' id='par_1_38' title="bbox 2100 681 3752 753">
     <span class='ocr_line' id='line_1_38' title="bbox 2100 681 3752 753; baseline 0.004 -19"><span class='ocrx_word' id='word_1_282' title='bbox 2100 697 2336 752; x_wconf 90' lang='lat' dir='ltr'>quoque</span> <span class='ocrx_word' id='word_1_283' title='bbox 2371 681 2656 736; x_wconf 89' lang='lat' dir='ltr'>dicuntur</span> <span class='ocrx_word' id='word_1_284' title='bbox 2684 681 3018 752; x_wconf 82' lang='lat' dir='ltr'>allegorice.</span> <span class='ocrx_word' id='word_1_285' title='bbox 3052 684 3373 753; x_wconf 75' lang='lat' dir='ltr'>Propterea</span> <span class='ocrx_word' id='word_1_286' title='bbox 3403 700 3513 739; x_wconf 90' lang='lat' dir='ltr'>nec</span> <span class='ocrx_word' id='word_1_287' title='bbox 3551 709 3570 733; x_wconf 81' lang='grc' dir='ltr'>ι</span> <span class='ocrx_word' id='word_1_288' title='bbox 3600 693 3752 740; x_wconf 85' lang='lat' dir='ltr'>tem-</span> 
     </span>
    </p>
   </div>
   <div class='ocr_carea' id='block_1_39' title="bbox 2097 770 3754 843">
    <p class='ocr_par' dir='ltr' id='par_1_39' title="bbox 2097 770 3754 843">
     <span class='ocr_line' id='line_1_39' title="bbox 2097 770 3754 843; baseline 0.003 -20"><span class='ocrx_word' id='word_1_289' title='bbox 2097 786 2243 841; x_wconf 89' lang='lat' dir='ltr'>pora</span> <span class='ocrx_word' id='word_1_290' title='bbox 2273 792 2300 818; x_wconf 74' lang='grc' dir='ltr'>»ι</span> <span class='ocrx_word' id='word_1_291' title='bbox 2338 770 2638 840; x_wconf 70' lang='lat' dir='ltr'>praaﬁniit,</span> <span class='ocrx_word' id='word_1_292' title='bbox 2675 791 2700 817; x_wconf 73' lang='grc' dir='ltr'>ιι</span> <span class='ocrx_word' id='word_1_293' title='bbox 2734 786 2864 840; x_wconf 70' lang='lat' dir='ltr'>quae</span> <span class='ocrx_word' id='word_1_294' title='bbox 2897 772 3070 824; x_wconf 91' lang='lat' dir='ltr'>Pater</span> <span class='ocrx_word' id='word_1_295' title='bbox 3107 771 3306 841; x_wconf 87' lang='lat' dir='ltr'>posuit</span> <span class='ocrx_word' id='word_1_296' title='bbox 3348 771 3411 825; x_wconf 92' lang='lat' dir='ltr'>in</span> <span class='ocrx_word' id='word_1_297' title='bbox 3459 789 3566 826; x_wconf 91' lang='lat' dir='ltr'>sua</span> <span class='ocrx_word' id='word_1_298' title='bbox 3592 781 3754 843; x_wconf 88' lang='lat' dir='ltr'>pote-</span> 
     </span>
    </p>
   </div>
   <div class='ocr_carea' id='block_1_40' title="bbox 2100 859 3748 933">
    <p class='ocr_par' dir='ltr' id='par_1_40' title="bbox 2100 859 3748 933">
     <span class='ocr_line' id='line_1_40' title="bbox 2100 859 3748 933; baseline 0.001 -19"><span class='ocrx_word' id='word_1_299' title='bbox 2100 859 2376 928; x_wconf 80' lang='lat' dir='ltr'>state(c),»</span> <span class='ocrx_word' id='word_1_300' title='bbox 2401 865 2466 914; x_wconf 90' lang='lat' dir='ltr'>ut</span> <span class='ocrx_word' id='word_1_301' title='bbox 2493 865 2870 930; x_wconf 84' lang='lat' dir='ltr'>permaneret</span> <span class='ocrx_word' id='word_1_302' title='bbox 2897 859 3157 914; x_wconf 89' lang='lat' dir='ltr'>mundus</span> <span class='ocrx_word' id='word_1_303' title='bbox 3189 877 3295 930; x_wconf 90' lang='lat' dir='ltr'>per</span> <span class='ocrx_word' id='word_1_304' title='bbox 3313 861 3748 933; x_wconf 81' lang='lat' dir='ltr'>generationes.</span> 
     </span>
    </p>
   </div>
   <div class='ocr_carea' id='block_1_41' title="bbox 2097 947 3750 1018">
    <p class='ocr_par' dir='ltr' id='par_1_41' title="bbox 2097 947 3750 1018">
     <span class='ocr_line' id='line_1_41' title="bbox 2097 947 3750 1018; baseline 0.002 -17"><span class='ocrx_word' id='word_1_305' title='bbox 2097 947 2250 1001; x_wconf 89' lang='lat' dir='ltr'>Illud</span> <span class='ocrx_word' id='word_1_306' title='bbox 2278 953 2477 1002; x_wconf 91' lang='lat' dir='ltr'>autem</span> <span class='ocrx_word' id='word_1_307' title='bbox 2513 965 2526 1001; x_wconf 89' lang='lat'><strong>:</strong></span> <span class='ocrx_word' id='word_1_308' title='bbox 2562 970 2589 997; x_wconf 86' lang='lat'>«</span> <span class='ocrx_word' id='word_1_309' title='bbox 2619 950 2743 1002; x_wconf 89' lang='lat' dir='ltr'>Non</span> <span class='ocrx_word' id='word_1_310' title='bbox 2797 965 3006 1003; x_wconf 91' lang='lat' dir='ltr'>omnes</span> <span class='ocrx_word' id='word_1_311' title='bbox 3037 949 3280 1018; x_wconf 89' lang='lat' dir='ltr'>capiunt</span> <span class='ocrx_word' id='word_1_312' title='bbox 3320 949 3561 1004; x_wconf 87' lang='lat' dir='ltr'>verbum</span> <span class='ocrx_word' id='word_1_313' title='bbox 3591 951 3702 1005; x_wconf 89' lang='lat' dir='ltr'>hoc</span> <span class='ocrx_word' id='word_1_314' title='bbox 3737 968 3750 1005; x_wconf 88' lang='lat'><strong>:</strong></span> 
     </span>
    </p>
   </div>
   <div class='ocr_carea' id='block_1_42' title="bbox 2099 1037 3755 1108">
    <p class='ocr_par' dir='ltr' id='par_1_42' title="bbox 2099 1037 3755 1108">
     <span class='ocr_line' id='line_1_42' title="bbox 2099 1037 3755 1108; baseline 0.002 -17"><span class='ocrx_word' id='word_1_315' title='bbox 2099 1042 2238 1092; x_wconf 89' lang='lat' dir='ltr'>sunt</span> <span class='ocrx_word' id='word_1_316' title='bbox 2285 1037 2445 1092; x_wconf 91' lang='lat' dir='ltr'>enim</span> <span class='ocrx_word' id='word_1_317' title='bbox 2495 1037 2773 1103; x_wconf 88' lang='lat' dir='ltr'>eunuchi,</span> <span class='ocrx_word' id='word_1_318' title='bbox 2824 1037 2924 1108; x_wconf 87' lang='lat' dir='ltr'>qui</span> <span class='ocrx_word' id='word_1_319' title='bbox 2976 1038 3060 1092; x_wconf 92' lang='lat' dir='ltr'>sic</span> <span class='ocrx_word' id='word_1_320' title='bbox 3108 1038 3231 1092; x_wconf 89' lang='lat' dir='ltr'>nati</span> <span class='ocrx_word' id='word_1_321' title='bbox 3289 1044 3464 1106; x_wconf 87' lang='lat' dir='ltr'>sunt;</span> <span class='ocrx_word' id='word_1_322' title='bbox 3514 1045 3573 1094; x_wconf 90' lang='lat' dir='ltr'>et</span> <span class='ocrx_word' id='word_1_323' title='bbox 3615 1047 3755 1094; x_wconf 92' lang='lat' dir='ltr'>sunt</span> 
     </span>
    </p>
   </div>
   <div class='ocr_carea' id='block_1_43' title="bbox 2100 1126 3754 1196">
    <p class='ocr_par' dir='ltr' id='par_1_43' title="bbox 2100 1126 3754 1196">
     <span class='ocr_line' id='line_1_43' title="bbox 2100 1126 3754 1196; baseline 0.002 -17"><span class='ocrx_word' id='word_1_324' title='bbox 2100 1126 2378 1189; x_wconf 90' lang='lat' dir='ltr'>eunuchi,</span> <span class='ocrx_word' id='word_1_325' title='bbox 2413 1127 2512 1196; x_wconf 90' lang='lat' dir='ltr'>qui</span> <span class='ocrx_word' id='word_1_326' title='bbox 2537 1127 2774 1180; x_wconf 83' lang='lat' dir='ltr'>castrati</span> <span class='ocrx_word' id='word_1_327' title='bbox 2805 1133 2944 1181; x_wconf 91' lang='lat' dir='ltr'>sunt</span> <span class='ocrx_word' id='word_1_328' title='bbox 2981 1126 3053 1180; x_wconf 92' lang='lat' dir='ltr'>ab</span> <span class='ocrx_word' id='word_1_329' title='bbox 3103 1126 3487 1193; x_wconf 88' lang='lat' dir='ltr'>hominibus;</span> <span class='ocrx_word' id='word_1_330' title='bbox 3522 1134 3580 1182; x_wconf 91' lang='lat' dir='ltr'>et</span> <span class='ocrx_word' id='word_1_331' title='bbox 3614 1135 3754 1184; x_wconf 90' lang='lat' dir='ltr'>sunt</span> 
     </span>
    </p>
   </div>
   <div class='ocr_carea' id='block_1_44' title="bbox 2099 1215 3752 1290">
    <p class='ocr_par' dir='ltr' id='par_1_44' title="bbox 2099 1215 3752 1290">
     <span class='ocr_line' id='line_1_44' title="bbox 2099 1215 3752 1290; baseline 0.003 -22"><span class='ocrx_word' id='word_1_332' title='bbox 2099 1215 2379 1282; x_wconf 90' lang='lat' dir='ltr'>eunuchi,</span> <span class='ocrx_word' id='word_1_333' title='bbox 2420 1215 2520 1286; x_wconf 93' lang='lat' dir='ltr'>qui</span> <span class='ocrx_word' id='word_1_334' title='bbox 2561 1215 2788 1286; x_wconf 90' lang='lat' dir='ltr'>seipsos</span> <span class='ocrx_word' id='word_1_335' title='bbox 2836 1220 3174 1270; x_wconf 88' lang='lat' dir='ltr'>castrarunt</span> <span class='ocrx_word' id='word_1_336' title='bbox 3220 1223 3463 1286; x_wconf 88' lang='lat' dir='ltr'>propter</span> <span class='ocrx_word' id='word_1_337' title='bbox 3503 1233 3752 1290; x_wconf 79' lang='lat' dir='ltr'>regnum</span> 
     </span>
    </p>
   </div>
   <div class='ocr_carea' id='block_1_45' title="bbox 2099 1303 3752 1375">
    <p class='ocr_par' dir='ltr' id='par_1_45' title="bbox 2099 1303 3752 1375">
     <span class='ocr_line' id='line_1_45' title="bbox 2099 1303 3752 1375; baseline 0.004 -21"><span class='ocrx_word' id='word_1_338' title='bbox 2099 1304 2402 1359; x_wconf 65' lang='lat' dir='ltr'>malorum.</span> <span class='ocrx_word' id='word_1_339' title='bbox 2435 1303 2542 1368; x_wconf 88' lang='lat' dir='ltr'>Qui</span> <span class='ocrx_word' id='word_1_340' title='bbox 2576 1309 2769 1374; x_wconf 84' lang='lat' dir='ltr'>potest</span> <span class='ocrx_word' id='word_1_341' title='bbox 2795 1320 3028 1374; x_wconf 86' lang='lat' dir='ltr'>capere,</span> <span class='ocrx_word' id='word_1_342' title='bbox 3063 1305 3258 1375; x_wconf 89' lang='lat' dir='ltr'>capiat</span> <span class='ocrx_word' id='word_1_343' title='bbox 3277 1305 3356 1374; x_wconf 76' lang='grc' dir='ltr'>(ιι)</span> <span class='ocrx_word' id='word_1_344' title='bbox 3383 1321 3397 1370; x_wconf 85' lang='lat'><strong>;</strong></span> <span class='ocrx_word' id='word_1_345' title='bbox 3424 1327 3450 1353; x_wconf 91' lang='grc'><strong>››</strong></span> <span class='ocrx_word' id='word_1_346' title='bbox 3476 1306 3752 1361; x_wconf 89' lang='lat' dir='ltr'>nesciunt</span> 
     </span>
    </p>
   </div>
   <div class='ocr_carea' id='block_1_46' title="bbox 2099 1391 3752 1465">
    <p class='ocr_par' dir='ltr' id='par_1_46' title="bbox 2099 1391 3752 1465">
     <span class='ocr_line' id='line_1_46' title="bbox 2099 1391 3752 1465; baseline 0.002 -19"><span class='ocrx_word' id='word_1_347' title='bbox 2099 1393 2278 1464; x_wconf 92' lang='lat' dir='ltr'>quod,</span> <span class='ocrx_word' id='word_1_348' title='bbox 2305 1399 2618 1464; x_wconf 87' lang='lat' dir='ltr'>postquam</span> <span class='ocrx_word' id='word_1_349' title='bbox 2635 1391 2706 1447; x_wconf 92' lang='lat' dir='ltr'>de</span> <span class='ocrx_word' id='word_1_350' title='bbox 2730 1392 2978 1447; x_wconf 86' lang='lat' dir='ltr'>divortio</span> <span class='ocrx_word' id='word_1_351' title='bbox 3002 1399 3160 1447; x_wconf 89' lang='lat' dir='ltr'>esset</span> <span class='ocrx_word' id='word_1_352' title='bbox 3178 1393 3431 1459; x_wconf 89' lang='lat' dir='ltr'>locutus,</span> <span class='ocrx_word' id='word_1_353' title='bbox 3458 1411 3592 1448; x_wconf 91' lang='lat' dir='ltr'>cum</span> <span class='ocrx_word' id='word_1_354' title='bbox 3617 1396 3752 1465; x_wconf 91' lang='lat' dir='ltr'>qui-</span> 
     </span>
    </p>
   </div>
   <div class='ocr_carea' id='block_1_47' title="bbox 2098 1481 3752 1550">
    <p class='ocr_par' dir='ltr' id='par_1_47' title="bbox 2098 1481 3752 1550">
     <span class='ocr_line' id='line_1_47' title="bbox 2098 1481 3752 1550; baseline 0.002 -14"><span class='ocrx_word' id='word_1_355' title='bbox 2098 1482 2231 1537; x_wconf 89' lang='lat' dir='ltr'>dam</span> <span class='ocrx_word' id='word_1_356' title='bbox 2264 1486 2615 1550; x_wconf 73' lang='lat' dir='ltr'>rogassent:</span> <span class='ocrx_word' id='word_1_357' title='bbox 2651 1505 2677 1531; x_wconf 78' lang='grc' dir='ltr'>ιι</span> <span class='ocrx_word' id='word_1_358' title='bbox 2711 1481 2768 1535; x_wconf 94' lang='lat' dir='ltr'>Si</span> <span class='ocrx_word' id='word_1_359' title='bbox 2801 1482 2885 1536; x_wconf 90' lang='lat' dir='ltr'>sic</span> <span class='ocrx_word' id='word_1_360' title='bbox 2919 1481 2993 1536; x_wconf 90' lang='lat' dir='ltr'>sit</span> <span class='ocrx_word' id='word_1_361' title='bbox 3023 1498 3202 1537; x_wconf 90' lang='lat' dir='ltr'>causa</span> <span class='ocrx_word' id='word_1_362' title='bbox 3244 1482 3468 1545; x_wconf 82' lang='lat' dir='ltr'>uxoris,</span> <span class='ocrx_word' id='word_1_363' title='bbox 3505 1499 3624 1538; x_wconf 93' lang='lat' dir='ltr'>non</span> <span class='ocrx_word' id='word_1_364' title='bbox 3655 1501 3752 1539; x_wconf 80' lang='lat' dir='ltr'>ex-</span> 
     </span>
    </p>
   </div>
   <div class='ocr_carea' id='block_1_48' title="bbox 2097 1570 3746 1641">
    <p class='ocr_par' dir='ltr' id='par_1_48' title="bbox 2097 1570 3746 1641">
     <span class='ocr_line' id='line_1_48' title="bbox 2097 1570 3746 1641; baseline 0.002 -17"><span class='ocrx_word' id='word_1_365' title='bbox 2097 1570 2263 1641; x_wconf 89' lang='lat' dir='ltr'>pedit</span> <span class='ocrx_word' id='word_1_366' title='bbox 2279 1570 2502 1624; x_wconf 88' lang='lat' dir='ltr'>homini</span> <span class='ocrx_word' id='word_1_367' title='bbox 2517 1586 2761 1624; x_wconf 82' lang='lat' dir='ltr'>uxorem</span> <span class='ocrx_word' id='word_1_368' title='bbox 2794 1570 3009 1625; x_wconf 90' lang='lat' dir='ltr'>ducere</span> <span class='ocrx_word' id='word_1_369' title='bbox 3035 1588 3048 1636; x_wconf 86' lang='lat'><strong>;</strong></span> <span class='ocrx_word' id='word_1_370' title='bbox 3074 1592 3103 1619; x_wconf 91' lang='grc'><strong>››</strong></span> <span class='ocrx_word' id='word_1_371' title='bbox 3128 1576 3266 1625; x_wconf 90' lang='lat' dir='ltr'>tunc</span> <span class='ocrx_word' id='word_1_372' title='bbox 3278 1570 3746 1627; x_wconf 84' lang='lat' dir='ltr'>dixitDominus:</span> 
     </span>
    </p>
   </div>
   <div class='ocr_carea' id='block_1_49' title="bbox 2098 1658 3747 1730">
    <p class='ocr_par' dir='ltr' id='par_1_49' title="bbox 2098 1658 3747 1730">
     <span class='ocr_line' id='line_1_49' title="bbox 2098 1658 3747 1730; baseline 0.005 -22"><span class='ocrx_word' id='word_1_373' title='bbox 2098 1681 2125 1708; x_wconf 83' lang='lat'>«</span> <span class='ocrx_word' id='word_1_374' title='bbox 2150 1661 2274 1714; x_wconf 88' lang='lat' dir='ltr'>Non</span> <span class='ocrx_word' id='word_1_375' title='bbox 2293 1675 2500 1713; x_wconf 85' lang='lat' dir='ltr'>omnes</span> <span class='ocrx_word' id='word_1_376' title='bbox 2514 1659 2759 1729; x_wconf 90' lang='lat' dir='ltr'>capiunt</span> <span class='ocrx_word' id='word_1_377' title='bbox 2778 1658 3022 1713; x_wconf 84' lang='lat' dir='ltr'>verbum</span> <span class='ocrx_word' id='word_1_378' title='bbox 3041 1659 3281 1724; x_wconf 89' lang='lat' dir='ltr'>hoc,sed</span> <span class='ocrx_word' id='word_1_379' title='bbox 3307 1660 3522 1730; x_wconf 90' lang='lat' dir='ltr'>quibus</span> <span class='ocrx_word' id='word_1_380' title='bbox 3545 1661 3747 1718; x_wconf 88' lang='lat' dir='ltr'>datum</span> 
     </span>
    </p>
   </div>
   <div class='ocr_carea' id='block_1_50' title="bbox 2099 1747 3748 1820">
    <p class='ocr_par' dir='ltr' id='par_1_50' title="bbox 2099 1747 3748 1820">
     <span class='ocr_line' id='line_1_50' title="bbox 2099 1747 3748 1820; baseline 0.002 -18"><span class='ocrx_word' id='word_1_381' title='bbox 2099 1749 2291 1817; x_wconf 91' lang='lat' dir='ltr'>est(e).</span> <span class='ocrx_word' id='word_1_382' title='bbox 2328 1767 2352 1797; x_wconf 77' lang='grc' dir='ltr'>ν</span> <span class='ocrx_word' id='word_1_383' title='bbox 2388 1749 2507 1802; x_wconf 83' lang='grc' dir='ltr'>Ηοο</span> <span class='ocrx_word' id='word_1_384' title='bbox 2537 1748 2695 1802; x_wconf 89' lang='lat' dir='ltr'>enim</span> <span class='ocrx_word' id='word_1_385' title='bbox 2725 1748 2824 1818; x_wconf 88' lang='lat' dir='ltr'>qui</span> <span class='ocrx_word' id='word_1_386' title='bbox 2859 1747 3169 1820; x_wconf 79' lang='lat' dir='ltr'>rogabant,</span> <span class='ocrx_word' id='word_1_387' title='bbox 3229 1749 3503 1804; x_wconf 88' lang='lat' dir='ltr'>volebant</span> <span class='ocrx_word' id='word_1_388' title='bbox 3551 1767 3621 1805; x_wconf 86' lang='lat' dir='ltr'>ex</span> <span class='ocrx_word' id='word_1_389' title='bbox 3680 1767 3748 1806; x_wconf 87' lang='lat' dir='ltr'>eo</span> 
     </span>
    </p>
   </div>
   <div class='ocr_carea' id='block_1_51' title="bbox 2098 1836 3753 1908">
    <p class='ocr_par' dir='ltr' id='par_1_51' title="bbox 2098 1836 3753 1908">
     <span class='ocr_line' id='line_1_51' title="bbox 2098 1836 3753 1908; baseline 0.002 -18"><span class='ocrx_word' id='word_1_390' title='bbox 2098 1837 2271 1898; x_wconf 88' lang='lat' dir='ltr'>scire.</span> <span class='ocrx_word' id='word_1_391' title='bbox 2305 1852 2381 1890; x_wconf 88' lang='lat' dir='ltr'>an</span> <span class='ocrx_word' id='word_1_392' title='bbox 2415 1852 2595 1890; x_wconf 87' lang='lat' dir='ltr'>uxore</span> <span class='ocrx_word' id='word_1_393' title='bbox 2628 1836 2911 1890; x_wconf 88' lang='lat' dir='ltr'>damnata</span> <span class='ocrx_word' id='word_1_394' title='bbox 2935 1843 2993 1890; x_wconf 89' lang='lat' dir='ltr'>et</span> <span class='ocrx_word' id='word_1_395' title='bbox 3022 1839 3211 1907; x_wconf 91' lang='lat' dir='ltr'>ejecta</span> <span class='ocrx_word' id='word_1_396' title='bbox 3240 1837 3753 1908; x_wconf 85' lang='lat' dir='ltr'>propterfornica-</span> 
     </span>
    </p>
   </div>
   <div class='ocr_carea' id='block_1_52' title="bbox 2096 1923 3748 1991">
    <p class='ocr_par' dir='ltr' id='par_1_52' title="bbox 2096 1923 3748 1991">
     <span class='ocr_line' id='line_1_52' title="bbox 2096 1923 3748 1991; baseline 0.003 -13"><span class='ocrx_word' id='word_1_397' title='bbox 2096 1925 2341 1991; x_wconf 86' lang='lat' dir='ltr'>tionem,</span> <span class='ocrx_word' id='word_1_398' title='bbox 2366 1923 2652 1980; x_wconf 89' lang='lat' dir='ltr'>concedat</span> <span class='ocrx_word' id='word_1_399' title='bbox 2679 1925 2858 1980; x_wconf 88' lang='lat' dir='ltr'>aliam</span> <span class='ocrx_word' id='word_1_400' title='bbox 2890 1925 3316 1980; x_wconf 85' lang='lat' dir='ltr'>ducere.Aiunt</span> <span class='ocrx_word' id='word_1_401' title='bbox 3343 1933 3540 1982; x_wconf 89' lang='lat' dir='ltr'>autem</span> <span class='ocrx_word' id='word_1_402' title='bbox 3554 1929 3748 1984; x_wconf 87' lang='lat' dir='ltr'>athle-</span> 
     </span>
    </p>
   </div>
   <div class='ocr_carea' id='block_1_53' title="bbox 2099 2013 3749 2088">
    <p class='ocr_par' dir='ltr' id='par_1_53' title="bbox 2099 2013 3749 2088">
     <span class='ocr_line' id='line_1_53' title="bbox 2099 2013 3749 2088; baseline 0.001 -19"><span class='ocrx_word' id='word_1_403' title='bbox 2099 2018 2184 2069; x_wconf 85' lang='lat' dir='ltr'>tas</span> <span class='ocrx_word' id='word_1_404' title='bbox 2216 2029 2452 2084; x_wconf 91' lang='lat' dir='ltr'>quoque</span> <span class='ocrx_word' id='word_1_405' title='bbox 2475 2029 2593 2067; x_wconf 94' lang='lat' dir='ltr'>non</span> <span class='ocrx_word' id='word_1_406' title='bbox 2624 2029 2844 2084; x_wconf 89' lang='lat' dir='ltr'>paucos</span> <span class='ocrx_word' id='word_1_407' title='bbox 2872 2013 3172 2068; x_wconf 89' lang='lat' dir='ltr'>abstinere</span> <span class='ocrx_word' id='word_1_408' title='bbox 3202 2031 3237 2068; x_wconf 90' lang='lat' dir='ltr'>a</span> <span class='ocrx_word' id='word_1_409' title='bbox 3265 2023 3749 2088; x_wconf 87' lang='lat' dir='ltr'>venere,propter</span> 
     </span>
    </p>
   </div>
   <div class='ocr_carea' id='block_1_54' title="bbox 2097 2101 3745 2175">
    <p class='ocr_par' dir='ltr' id='par_1_54' title="bbox 2097 2101 3745 2175">
     <span class='ocr_line' id='line_1_54' title="bbox 2097 2101 3745 2175; baseline 0.002 -19"><span class='ocrx_word' id='word_1_410' title='bbox 2097 2102 2579 2157; x_wconf 84' lang='lat' dir='ltr'>exercitationem</span> <span class='ocrx_word' id='word_1_411' title='bbox 2609 2101 2875 2173; x_wconf 84' lang='lat' dir='ltr'>corporis</span> <span class='ocrx_word' id='word_1_412' title='bbox 2906 2103 3317 2158; x_wconf 89' lang='lat' dir='ltr'>continentes:</span> <span class='ocrx_word' id='word_1_413' title='bbox 3353 2104 3745 2175; x_wconf 89' lang='lat' dir='ltr'>quemadmo-</span> 
     </span>
    </p>
   </div>
   <div class='ocr_carea' id='block_1_55' title="bbox 2094 2191 3744 2262">
    <p class='ocr_par' dir='ltr' id='par_1_55' title="bbox 2094 2191 3744 2262">
     <span class='ocr_line' id='line_1_55' title="bbox 2094 2191 3744 2262; baseline 0.003 -18"><span class='ocrx_word' id='word_1_414' title='bbox 2094 2191 2235 2246; x_wconf 90' lang='lat' dir='ltr'>dum</span> <span class='ocrx_word' id='word_1_415' title='bbox 2256 2192 2654 2246; x_wconf 89' lang='lat' dir='ltr'>Crotoniatem</span> <span class='ocrx_word' id='word_1_416' title='bbox 2669 2191 3026 2262; x_wconf 83' lang='lat' dir='ltr'>Astylum,et</span> <span class='ocrx_word' id='word_1_417' title='bbox 3038 2193 3346 2246; x_wconf 89' lang='lat' dir='ltr'>Crisonem</span> <span class='ocrx_word' id='word_1_418' title='bbox 3361 2194 3717 2248; x_wconf 72' lang='lat' dir='ltr'>Himeraaum</span> <span class='ocrx_word' id='word_1_419' title='bbox 3729 2235 3744 2248; x_wconf 95' lang='lat'>.</span> 
     </span>
    </p>
   </div>
   <div class='ocr_carea' id='block_1_56' title="bbox 2094 2279 3747 2346">
    <p class='ocr_par' dir='ltr' id='par_1_56' title="bbox 2094 2279 3747 2346">
     <span class='ocr_line' id='line_1_56' title="bbox 2094 2279 3747 2346; baseline 0.001 -11"><span class='ocrx_word' id='word_1_420' title='bbox 2094 2280 2428 2345; x_wconf 88' lang='lat' dir='ltr'>Quinetiam</span> <span class='ocrx_word' id='word_1_421' title='bbox 2456 2279 2770 2334; x_wconf 71' lang='lat' dir='ltr'>Ammbeus</span> <span class='ocrx_word' id='word_1_422' title='bbox 2791 2279 3169 2346; x_wconf 73' lang='lat' dir='ltr'>citharmdus,</span> <span class='ocrx_word' id='word_1_423' title='bbox 3185 2297 3320 2334; x_wconf 90' lang='lat' dir='ltr'>cum</span> <span class='ocrx_word' id='word_1_424' title='bbox 3337 2287 3610 2336; x_wconf 90' lang='lat' dir='ltr'>recenter</span> <span class='ocrx_word' id='word_1_425' title='bbox 3624 2299 3747 2337; x_wconf 86' lang='lat' dir='ltr'>ma-</span> 
     </span>
    </p>
   </div>
   <div class='ocr_carea' id='block_1_57' title="bbox 2095 2368 3750 2441">
    <p class='ocr_par' dir='ltr' id='par_1_57' title="bbox 2095 2368 3750 2441">
     <span class='ocr_line' id='line_1_57' title="bbox 2095 2368 3750 2441; baseline 0.001 -19"><span class='ocrx_word' id='word_1_426' title='bbox 2095 2370 2374 2424; x_wconf 90' lang='lat' dir='ltr'>trimonio</span> <span class='ocrx_word' id='word_1_427' title='bbox 2393 2370 2639 2440; x_wconf 86' lang='lat' dir='ltr'>junctus</span> <span class='ocrx_word' id='word_1_428' title='bbox 2654 2373 2869 2432; x_wconf 86' lang='lat' dir='ltr'>esset,a</span> <span class='ocrx_word' id='word_1_429' title='bbox 2900 2384 3119 2437; x_wconf 91' lang='lat' dir='ltr'>sponsa</span> <span class='ocrx_word' id='word_1_430' title='bbox 3139 2368 3422 2422; x_wconf 75' lang='lat' dir='ltr'>abstinuit</span> <span class='ocrx_word' id='word_1_431' title='bbox 3446 2386 3458 2422; x_wconf 90' lang='lat'>:</span> <span class='ocrx_word' id='word_1_432' title='bbox 3485 2377 3544 2424; x_wconf 90' lang='lat' dir='ltr'>et</span> <span class='ocrx_word' id='word_1_433' title='bbox 3571 2371 3750 2441; x_wconf 87' lang='lat' dir='ltr'>Cyre-</span> 
     </span>
    </p>
   </div>
   <div class='ocr_carea' id='block_1_58' title="bbox 2093 2455 3745 2530">
    <p class='ocr_par' dir='ltr' id='par_1_58' title="bbox 2093 2455 3745 2530">
     <span class='ocr_line' id='line_1_58' title="bbox 2093 2455 3745 2530; baseline 0 -17"><span class='ocrx_word' id='word_1_434' title='bbox 2093 2475 2260 2513; x_wconf 81' lang='lat' dir='ltr'>naeus</span> <span class='ocrx_word' id='word_1_435' title='bbox 2289 2457 2634 2511; x_wconf 86' lang='lat' dir='ltr'>Aristoteles</span> <span class='ocrx_word' id='word_1_436' title='bbox 2661 2462 2960 2510; x_wconf 88' lang='lat' dir='ltr'>amantem</span> <span class='ocrx_word' id='word_1_437' title='bbox 2986 2455 3221 2510; x_wconf 88' lang='lat' dir='ltr'>Laidem</span> <span class='ocrx_word' id='word_1_438' title='bbox 3255 2456 3418 2511; x_wconf 91' lang='lat' dir='ltr'>solus</span> <span class='ocrx_word' id='word_1_439' title='bbox 3455 2458 3745 2530; x_wconf 83' lang='lat' dir='ltr'>despexit.</span> 
     </span>
    </p>
   </div>
   <div class='ocr_carea' id='block_1_59' title="bbox 2095 2544 3743 2618">
    <p class='ocr_par' dir='ltr' id='par_1_59' title="bbox 2095 2544 3743 2618">
     <span class='ocr_line' id='line_1_59' title="bbox 2095 2544 3743 2618; baseline 0.001 -18"><span class='ocrx_word' id='word_1_440' title='bbox 2095 2547 2239 2601; x_wconf 88' lang='lat' dir='ltr'>Cum</span> <span class='ocrx_word' id='word_1_441' title='bbox 2270 2545 2567 2599; x_wconf 89' lang='lat' dir='ltr'>meretrici</span> <span class='ocrx_word' id='word_1_442' title='bbox 2599 2545 2796 2614; x_wconf 87' lang='lat' dir='ltr'>itaque</span> <span class='ocrx_word' id='word_1_443' title='bbox 2829 2544 3111 2614; x_wconf 82' lang='lat' dir='ltr'>jurasset,</span> <span class='ocrx_word' id='word_1_444' title='bbox 3147 2562 3208 2599; x_wconf 91' lang='lat' dir='ltr'>se</span> <span class='ocrx_word' id='word_1_445' title='bbox 3240 2561 3370 2600; x_wconf 91' lang='lat' dir='ltr'>eam</span> <span class='ocrx_word' id='word_1_446' title='bbox 3393 2561 3523 2600; x_wconf 90' lang='lat' dir='ltr'>esse</span> <span class='ocrx_word' id='word_1_447' title='bbox 3547 2547 3608 2601; x_wconf 90' lang='lat' dir='ltr'>in</span> <span class='ocrx_word' id='word_1_448' title='bbox 3633 2564 3743 2618; x_wconf 90' lang='lat' dir='ltr'>pa-</span> 
     </span>
    </p>
   </div>
   <div class='ocr_carea' id='block_1_60' title="bbox 2095 2632 3746 2692">
    <p class='ocr_par' dir='ltr' id='par_1_60' title="bbox 2095 2632 3746 2692">
     <span class='ocr_line' id='line_1_60' title="bbox 2095 2632 3746 2692; baseline 0.002 -4"><span class='ocrx_word' id='word_1_449' title='bbox 2095 2635 2268 2689; x_wconf 88' lang='lat' dir='ltr'>triam</span> <span class='ocrx_word' id='word_1_450' title='bbox 2301 2633 2715 2688; x_wconf 83' lang='lat' dir='ltr'>abducturum.</span> <span class='ocrx_word' id='word_1_451' title='bbox 2750 2633 2795 2686; x_wconf 92' lang='lat' dir='ltr'>si</span> <span class='ocrx_word' id='word_1_452' title='bbox 2823 2633 2874 2686; x_wconf 94' lang='lat' dir='ltr'>ei</span> <span class='ocrx_word' id='word_1_453' title='bbox 2932 2632 3210 2688; x_wconf 90' lang='lat' dir='ltr'>adversus</span> <span class='ocrx_word' id='word_1_454' title='bbox 3237 2634 3606 2689; x_wconf 88' lang='lat' dir='ltr'>decertantes</span> <span class='ocrx_word' id='word_1_455' title='bbox 3641 2637 3746 2692; x_wconf 87' lang='lat' dir='ltr'>ad-</span> 
     </span>
    </p>
   </div>
   <div class='ocr_carea' id='block_1_61' title="bbox 2094 2721 3744 2795">
    <p class='ocr_par' dir='ltr' id='par_1_61' title="bbox 2094 2721 3744 2795">
     <span class='ocr_line' id='line_1_61' title="bbox 2094 2721 3744 2795; baseline 0.005 -21"><span class='ocrx_word' id='word_1_456' title='bbox 2094 2723 2384 2776; x_wconf 85' lang='lat' dir='ltr'>versarios</span> <span class='ocrx_word' id='word_1_457' title='bbox 2427 2721 2488 2775; x_wconf 91' lang='lat' dir='ltr'>in</span> <span class='ocrx_word' id='word_1_458' title='bbox 2519 2721 2816 2792; x_wconf 90' lang='lat' dir='ltr'>aliquibus</span> <span class='ocrx_word' id='word_1_459' title='bbox 2847 2737 3020 2792; x_wconf 90' lang='lat' dir='ltr'>opem</span> <span class='ocrx_word' id='word_1_460' title='bbox 3047 2721 3301 2790; x_wconf 86' lang='lat' dir='ltr'>tulisset,</span> <span class='ocrx_word' id='word_1_461' title='bbox 3335 2729 3650 2795; x_wconf 88' lang='lat' dir='ltr'>postquam</span> <span class='ocrx_word' id='word_1_462' title='bbox 3683 2727 3744 2782; x_wconf 92' lang='lat' dir='ltr'>id</span> 
     </span>
    </p>
   </div>
   <div class='ocr_carea' id='block_1_62' title="bbox 2094 2809 3744 2886">
    <p class='ocr_par' dir='ltr' id='par_1_62' title="bbox 2094 2809 3744 2886">
     <span class='ocr_line' id='line_1_62' title="bbox 2094 2809 3744 2886; baseline 0.004 -22"><span class='ocrx_word' id='word_1_463' title='bbox 2094 2809 2661 2882; x_wconf 79' lang='lat' dir='ltr'>perfecisset,lepide</span> <span class='ocrx_word' id='word_1_464' title='bbox 2683 2825 2791 2865; x_wconf 92' lang='lat' dir='ltr'>ase</span> <span class='ocrx_word' id='word_1_465' title='bbox 2808 2809 3033 2865; x_wconf 90' lang='lat' dir='ltr'>dictum</span> <span class='ocrx_word' id='word_1_466' title='bbox 3048 2811 3475 2882; x_wconf 84' lang='lat' dir='ltr'>jusjurandum</span> <span class='ocrx_word' id='word_1_467' title='bbox 3494 2830 3744 2886; x_wconf 83' lang='lat' dir='ltr'>exsequ-</span> 
     </span>
    </p>
   </div>
   <div class='ocr_carea' id='block_1_63' title="bbox 2096 2899 3746 2972">
    <p class='ocr_par' dir='ltr' id='par_1_63' title="bbox 2096 2899 3746 2972">
     <span class='ocr_line' id='line_1_63' title="bbox 2096 2899 3746 2972; baseline 0.002 -17"><span class='ocrx_word' id='word_1_468' title='bbox 2096 2917 2223 2967; x_wconf 90' lang='lat' dir='ltr'>ens,</span> <span class='ocrx_word' id='word_1_469' title='bbox 2245 2916 2378 2954; x_wconf 89' lang='lat' dir='ltr'>cum</span> <span class='ocrx_word' id='word_1_470' title='bbox 2410 2905 2676 2954; x_wconf 88' lang='lat' dir='ltr'>curasset</span> <span class='ocrx_word' id='word_1_471' title='bbox 2693 2899 3014 2972; x_wconf 83' lang='lat' dir='ltr'>imaginem</span> <span class='ocrx_word' id='word_1_472' title='bbox 3033 2902 3163 2972; x_wconf 79' lang='lat' dir='ltr'>ejus</span> <span class='ocrx_word' id='word_1_473' title='bbox 3179 2918 3357 2972; x_wconf 91' lang='lat' dir='ltr'>quam</span> <span class='ocrx_word' id='word_1_474' title='bbox 3374 2903 3746 2960; x_wconf 88' lang='lat' dir='ltr'>simillimam</span> 
     </span>
    </p>
   </div>
   <div class='ocr_carea' id='block_1_64' title="bbox 2095 2987 3746 3060">
    <p class='ocr_par' dir='ltr' id='par_1_64' title="bbox 2095 2987 3746 3060">
     <span class='ocr_line' id='line_1_64' title="bbox 2095 2987 3746 3060; baseline 0.003 -17"><span class='ocrx_word' id='word_1_475' title='bbox 2095 2987 2357 3060; x_wconf 89' lang='lat' dir='ltr'>depingi,</span> <span class='ocrx_word' id='word_1_476' title='bbox 2393 3005 2523 3044; x_wconf 91' lang='lat' dir='ltr'>eam</span> <span class='ocrx_word' id='word_1_477' title='bbox 2554 2990 2793 3060; x_wconf 65' lang='lat' dir='ltr'>Cyrenas</span> <span class='ocrx_word' id='word_1_478' title='bbox 2845 2990 3069 3056; x_wconf 86' lang='lat' dir='ltr'>statuit,</span> <span class='ocrx_word' id='word_1_479' title='bbox 3131 2997 3196 3044; x_wconf 91' lang='lat' dir='ltr'>ut</span> <span class='ocrx_word' id='word_1_480' title='bbox 3251 2991 3430 3046; x_wconf 88' lang='lat' dir='ltr'>scribi</span> <span class='ocrx_word' id='word_1_481' title='bbox 3477 2994 3628 3047; x_wconf 87' lang='lat' dir='ltr'>Ister</span> <span class='ocrx_word' id='word_1_482' title='bbox 3684 2994 3746 3048; x_wconf 90' lang='lat' dir='ltr'>in</span> 
     </span>
    </p>
   </div>
   <div class='ocr_carea' id='block_1_65' title="bbox 2095 3081 3747 3158">
    <p class='ocr_par' dir='ltr' id='par_1_65' title="bbox 2095 3081 3747 3158">
     <span class='ocr_line' id='line_1_65' title="bbox 2095 3081 3747 3158; baseline 0.004 -24"><span class='ocrx_word' id='word_1_483' title='bbox 2095 3081 2248 3135; x_wconf 88' lang='lat' dir='ltr'>libro</span> <span class='ocrx_word' id='word_1_484' title='bbox 2280 3081 2353 3133; x_wconf 88' lang='lat' dir='ltr'>De</span> <span class='ocrx_word' id='word_1_485' title='bbox 2374 3081 2723 3150; x_wconf 82' lang='lat' dir='ltr'>proprietate</span> <span class='ocrx_word' id='word_1_486' title='bbox 2755 3082 3130 3134; x_wconf 77' lang='lat' dir='ltr'>certaminum.</span> <span class='ocrx_word' id='word_1_487' title='bbox 3165 3083 3352 3146; x_wconf 89' lang='lat' dir='ltr'>Quare</span> <span class='ocrx_word' id='word_1_488' title='bbox 3376 3085 3747 3158; x_wconf 84' lang='lat' dir='ltr'>neccastitas</span> 
     </span>
    </p>
   </div>
   <div class='ocr_carea' id='block_1_66' title="bbox 333 3153 1987 3240">
    <p class='ocr_par' dir='ltr' id='par_1_66' title="bbox 333 3165 1987 3240">
     <span class='ocr_line' id='line_1_66' title="bbox 333 3165 1987 3240; baseline -0.001 -17"><span class='ocrx_word' id='word_1_489' title='bbox 333 3166 886 3238; x_wconf 80' lang='grc' dir='ltr'>ἀποστήσονταίτινες</span> <span class='ocrx_word' id='word_1_490' title='bbox 904 3173 1005 3234; x_wconf 81' lang='grc' dir='ltr'>τῆς</span> <span class='ocrx_word' id='word_1_491' title='bbox 1034 3165 1293 3234; x_wconf 86' lang='grc' dir='ltr'>πίστεως,</span> <span class='ocrx_word' id='word_1_492' title='bbox 1325 3168 1695 3240; x_wconf 72' lang='grc' dir='ltr'>προσέχοντες</span> <span class='ocrx_word' id='word_1_493' title='bbox 1723 3165 1987 3240; x_wconf 78' lang='grc' dir='ltr'>πνεύμασι</span> 
     </span>
    </p>
   </div>
   <div class='ocr_carea' id='block_1_67' title="bbox 2105 3153 3745 3240">
    <p class='ocr_par' dir='ltr' id='par_1_67' title="bbox 2105 3154 3745 3239">
     <span class='ocr_line' id='line_1_67' title="bbox 2105 3154 3745 3239; baseline 0.004 -16"><span class='ocrx_word' id='word_1_494' title='bbox 2105 3175 2191 3224; x_wconf 89' lang='lat' dir='ltr'>est</span> <span class='ocrx_word' id='word_1_495' title='bbox 2218 3169 2462 3234; x_wconf 89' lang='lat' dir='ltr'>bonum,</span> <span class='ocrx_word' id='word_1_496' title='bbox 2487 3169 2602 3222; x_wconf 89' lang='lat' dir='ltr'>nisi</span> <span class='ocrx_word' id='word_1_497' title='bbox 2635 3169 2738 3223; x_wconf 81' lang='lat' dir='ltr'>ﬁat</span> <span class='ocrx_word' id='word_1_498' title='bbox 2766 3175 3008 3239; x_wconf 91' lang='lat' dir='ltr'>propter</span> <span class='ocrx_word' id='word_1_499' title='bbox 3027 3169 3408 3226; x_wconf 90' lang='lat' dir='ltr'>dilectionem</span> <span class='ocrx_word' id='word_1_500' title='bbox 3439 3154 3542 3227; x_wconf 85' lang='lat' dir='ltr'>Dei</span> <span class='ocrx_word' id='word_1_501' title='bbox 3618 3175 3745 3230; x_wconf 83' lang='lat' dir='ltr'>Jam</span> 
     </span>
    </p>
   </div>
   <div class='ocr_carea' id='block_1_68' title="bbox 334 3251 1986 3328">
    <p class='ocr_par' dir='ltr' id='par_1_68' title="bbox 334 3251 1986 3328">
     <span class='ocr_line' id='line_1_68' title="bbox 334 3251 1986 3328; baseline -0.002 -16"><span class='ocrx_word' id='word_1_502' title='bbox 334 3257 566 3317; x_wconf 86' lang='grc' dir='ltr'>πλάνοις</span> <span class='ocrx_word' id='word_1_503' title='bbox 597 3258 706 3328; x_wconf 77' lang='grc'>(64)</span> <span class='ocrx_word' id='word_1_504' title='bbox 735 3255 826 3309; x_wconf 82' lang='grc' dir='ltr'>καὶ</span> <span class='ocrx_word' id='word_1_505' title='bbox 859 3251 1236 3314; x_wconf 82' lang='grc' dir='ltr'>διδασκαλίαις</span> <span class='ocrx_word' id='word_1_506' title='bbox 1277 3253 1598 3328; x_wconf 86' lang='grc' dir='ltr'>δαιμονίων,</span> <span class='ocrx_word' id='word_1_507' title='bbox 1658 3254 1986 3310; x_wconf 79' lang='grc' dir='ltr'>κωλυόντων</span> 
     </span>
    </p>
   </div>
   <div class='ocr_carea' id='block_1_69' title="bbox 332 3343 1987 3423">
    <p class='ocr_par' dir='ltr' id='par_1_69' title="bbox 332 3343 1987 3423">
     <span class='ocr_line' id='line_1_69' title="bbox 332 3343 1987 3423; baseline 0 -23"><span class='ocrx_word' id='word_1_508' title='bbox 332 3352 550 3423; x_wconf 87' lang='grc' dir='ltr'>γαμεῖν,</span> <span class='ocrx_word' id='word_1_509' title='bbox 583 3345 876 3418; x_wconf 83' lang='grc' dir='ltr'>ἀπέχεσθαι</span> <span class='ocrx_word' id='word_1_510' title='bbox 914 3343 1242 3418; x_wconf 81' lang='grc' dir='ltr'>βρωμάτων.</span> <span class='ocrx_word' id='word_1_511' title='bbox 1264 3368 1291 3396; x_wconf 89' lang='grc'>››</span> <span class='ocrx_word' id='word_1_512' title='bbox 1311 3351 1408 3398; x_wconf 76' lang='grc' dir='ltr'>Καὶ</span> <span class='ocrx_word' id='word_1_513' title='bbox 1439 3343 1596 3399; x_wconf 78' lang='grc' dir='ltr'>κάλιν</span> <span class='ocrx_word' id='word_1_514' title='bbox 1633 3343 1840 3418; x_wconf 69' lang='grc' dir='ltr'>λέγειια</span> <span class='ocrx_word' id='word_1_515' title='bbox 1867 3349 1987 3414; x_wconf 83' lang='grc' dir='ltr'>Μη-</span> 
     </span>
    </p>
   </div>
   <div class='ocr_carea' id='block_1_70' title="bbox 337 3429 1988 3510">
    <p class='ocr_par' dir='ltr' id='par_1_70' title="bbox 337 3429 1988 3510">
     <span class='ocr_line' id='line_1_70' title="bbox 337 3429 1988 3510; baseline -0.002 -18"><span class='ocrx_word' id='word_1_516' title='bbox 337 3435 446 3498; x_wconf 77' lang='grc' dir='ltr'>δεῖς</span> <span class='ocrx_word' id='word_1_517' title='bbox 469 3440 581 3508; x_wconf 78' lang='grc'>(65)</span> <span class='ocrx_word' id='word_1_518' title='bbox 614 3436 750 3506; x_wconf 82' lang='grc' dir='ltr'>ὑμᾶς</span> <span class='ocrx_word' id='word_1_519' title='bbox 773 3429 1220 3507; x_wconf 71' lang='grc' dir='ltr'>καταϐραϐευέτω</span> <span class='ocrx_word' id='word_1_520' title='bbox 1269 3433 1320 3489; x_wconf 82' lang='grc' dir='ltr'>ἐν</span> <span class='ocrx_word' id='word_1_521' title='bbox 1380 3433 1759 3510; x_wconf 73' lang='grc' dir='ltr'>ἐθελορθσκείᾳ</span> <span class='ocrx_word' id='word_1_522' title='bbox 1798 3456 1988 3489; x_wconf 77' lang='grc' dir='ltr'>ταπειι-</span> 
     </span>
    </p>
   </div>
   <div class='ocr_carea' id='block_1_71' title="bbox 334 3521 1988 3602">
    <p class='ocr_par' dir='ltr' id='par_1_71' title="bbox 334 3521 1988 3602">
     <span class='ocr_line' id='line_1_71' title="bbox 334 3521 1988 3602; baseline -0.002 -21"><span class='ocrx_word' id='word_1_523' title='bbox 334 3523 789 3602; x_wconf 75' lang='grc' dir='ltr'>νοφροσ·3νης,καὶ</span> <span class='ocrx_word' id='word_1_524' title='bbox 821 3521 1038 3601; x_wconf 78' lang='grc' dir='ltr'>ἀφειδίᾳ</span> <span class='ocrx_word' id='word_1_525' title='bbox 1070 3524 1382 3595; x_wconf 81' lang='grc' dir='ltr'>σώματος.»</span> <span class='ocrx_word' id='word_1_526' title='bbox 1413 3525 1473 3581; x_wconf 91' lang='grc' dir='ltr'>Ὁ</span> <span class='ocrx_word' id='word_1_527' title='bbox 1493 3522 1550 3578; x_wconf 81' lang='grc' dir='ltr'>δὲ</span> <span class='ocrx_word' id='word_1_528' title='bbox 1579 3524 1739 3585; x_wconf 86' lang='grc' dir='ltr'>αὐτὸς</span> <span class='ocrx_word' id='word_1_529' title='bbox 1769 3524 1988 3578; x_wconf 85' lang='grc' dir='ltr'>κάκεῖνα</span> 
     </span>
    </p>
   </div>
   <div class='ocr_carea' id='block_1_72' title="bbox 335 3610 1986 3691">
    <p class='ocr_par' dir='ltr' id='par_1_72' title="bbox 335 3610 1986 3691">
     <span class='ocr_line' id='line_1_72' title="bbox 335 3610 1986 3691; baseline 0 -23"><span class='ocrx_word' id='word_1_530' title='bbox 335 3615 550 3691; x_wconf 73' lang='grc' dir='ltr'>γράφειο</span> <span class='ocrx_word' id='word_1_531' title='bbox 583 3636 611 3664; x_wconf 89' lang='grc'>‹‹</span> <span class='ocrx_word' id='word_1_532' title='bbox 644 3610 860 3667; x_wconf 88' lang='grc' dir='ltr'>Δέδεσαι</span> <span class='ocrx_word' id='word_1_533' title='bbox 889 3613 1098 3686; x_wconf 83' lang='grc' dir='ltr'>γυναικί</span> <span class='ocrx_word' id='word_1_534' title='bbox 1126 3633 1140 3681; x_wconf 87' lang='grc'>;</span> <span class='ocrx_word' id='word_1_535' title='bbox 1178 3614 1252 3684; x_wconf 84' lang='grc' dir='ltr'><strong>μή</strong></span> <span class='ocrx_word' id='word_1_536' title='bbox 1286 3615 1434 3682; x_wconf 83' lang='grc' dir='ltr'>ζήτει</span> <span class='ocrx_word' id='word_1_537' title='bbox 1468 3611 1986 3669; x_wconf 73' lang='grc' dir='ltr'>λόσιν.Λέλυσαάπὸ</span> 
     </span>
    </p>
   </div>
   <div class='ocr_carea' id='block_1_73' title="bbox 337 3701 1988 3778">
    <p class='ocr_par' dir='ltr' id='par_1_73' title="bbox 337 3701 1988 3778">
     <span class='ocr_line' id='line_1_73' title="bbox 337 3701 1988 3778; baseline 0 -22"><span class='ocrx_word' id='word_1_538' title='bbox 337 3701 592 3778; x_wconf 82' lang='grc' dir='ltr'>γυναικός</span> <span class='ocrx_word' id='word_1_539' title='bbox 626 3722 640 3773; x_wconf 88' lang='grc'><strong>;</strong></span> <span class='ocrx_word' id='word_1_540' title='bbox 677 3702 753 3774; x_wconf 75' lang='grc' dir='ltr'>μὴ</span> <span class='ocrx_word' id='word_1_541' title='bbox 789 3702 937 3771; x_wconf 76' lang='grc' dir='ltr'>ζήτει</span> <span class='ocrx_word' id='word_1_542' title='bbox 969 3705 1218 3775; x_wconf 86' lang='grc' dir='ltr'>γυναῖκα.</span> <span class='ocrx_word' id='word_1_543' title='bbox 1257 3724 1281 3752; x_wconf 74' lang='grc' dir='ltr'>ιι</span> <span class='ocrx_word' id='word_1_544' title='bbox 1317 3701 1416 3758; x_wconf 83' lang='grc' dir='ltr'>Καὶ</span> <span class='ocrx_word' id='word_1_545' title='bbox 1443 3701 1626 3756; x_wconf 66' lang='grc' dir='ltr'>παλινε</span> <span class='ocrx_word' id='word_1_546' title='bbox 1668 3725 1693 3756; x_wconf 71' lang='grc' dir='ltr'>ι</span> <span class='ocrx_word' id='word_1_547' title='bbox 1721 3705 1988 3766; x_wconf 68' lang='lat' dir='ltr'>&quot;Exacto;</span> 
     </span>
    </p>
   </div>
   <div class='ocr_carea' id='block_1_74' title="bbox 404 3847 1697 3911">
    <p class='ocr_par' dir='ltr' id='par_1_74' title="bbox 404 3847 1697 3911">
     <span class='ocr_line' id='line_1_74' title="bbox 404 3847 1697 3911; baseline 0.001 -10"><span class='ocrx_word' id='word_1_548' title='bbox 404 3847 467 3911; x_wconf 54' lang='lat' dir='ltr'>is</span> <span class='ocrx_word' id='word_1_549' title='bbox 497 3849 558 3901; x_wconf 90' lang='grc' dir='ltr'>Ρ.</span> <span class='ocrx_word' id='word_1_550' title='bbox 591 3849 694 3901; x_wconf 75' lang='grc'>534</span> <span class='ocrx_word' id='word_1_551' title='bbox 723 3847 834 3900; x_wconf 91' lang='lat' dir='ltr'>ED.</span> <span class='ocrx_word' id='word_1_552' title='bbox 867 3847 1161 3909; x_wconf 83' lang='lat' dir='ltr'>POTTER,</span> <span class='ocrx_word' id='word_1_553' title='bbox 1190 3848 1292 3900; x_wconf 77' lang='grc'>44⁸7</span> <span class='ocrx_word' id='word_1_554' title='bbox 1323 3847 1434 3901; x_wconf 88' lang='lat' dir='ltr'>ED.</span> <span class='ocrx_word' id='word_1_555' title='bbox 1471 3848 1697 3902; x_wconf 77' lang='lat' dir='ltr'>PARIS.</span> 
     </span>
    </p>
   </div>
   <div class='ocr_carea' id='block_1_75' title="bbox 335 3917 1827 3989">
    <p class='ocr_par' dir='ltr' id='par_1_75' title="bbox 335 3917 1827 3989">
     <span class='ocr_line' id='line_1_75' title="bbox 335 3917 1827 3989; baseline 0 -16"><span class='ocrx_word' id='word_1_556' title='bbox 335 3937 448 3986; x_wconf 79' lang='lat' dir='ltr'>ni,</span> <span class='ocrx_word' id='word_1_557' title='bbox 473 3921 562 3975; x_wconf 88' lang='lat'>23.</span> <span class='ocrx_word' id='word_1_558' title='bbox 639 3917 704 3989; x_wconf 60' lang='lat' dir='ltr'>te)</span> <span class='ocrx_word' id='word_1_559' title='bbox 739 3921 862 3972; x_wconf 88' lang='lat' dir='ltr'>Act.</span> <span class='ocrx_word' id='word_1_560' title='bbox 897 3935 935 3986; x_wconf 88' lang='grc' dir='ltr'>ι,</span> <span class='ocrx_word' id='word_1_561' title='bbox 969 3922 1020 3972; x_wconf 88' lang='grc'>’7.</span> <span class='ocrx_word' id='word_1_562' title='bbox 1124 3919 1204 3985; x_wconf 91' lang='lat' dir='ltr'>(d)</span> <span class='ocrx_word' id='word_1_563' title='bbox 1235 3919 1436 3972; x_wconf 79' lang='lat' dir='ltr'>Matth.</span> <span class='ocrx_word' id='word_1_564' title='bbox 1471 3936 1586 3983; x_wconf 72' lang='lat' dir='ltr'>xu,</span> <span class='ocrx_word' id='word_1_565' title='bbox 1622 3923 1708 3986; x_wconf 81' lang='grc'>11,</span> <span class='ocrx_word' id='word_1_566' title='bbox 1745 3917 1827 3974; x_wconf 68' lang='lat' dir='ltr'>I2.</span> 
     </span>
    </p>
   </div>
   <div class='ocr_carea' id='block_1_76' title="bbox 405 4052 1987 4126">
    <p class='ocr_par' dir='ltr' id='par_1_76' title="bbox 405 4052 1987 4126">
     <span class='ocr_line' id='line_1_76' title="bbox 405 4052 1987 4126; baseline 0 -19"><span class='ocrx_word' id='word_1_567' title='bbox 405 4053 518 4124; x_wconf 82' lang='lat'>(55)</span> <span class='ocrx_word' id='word_1_568' title='bbox 543 4052 773 4126; x_wconf 87' lang='grc' dir='ltr'>Ὠρισεν.</span> <span class='ocrx_word' id='word_1_569' title='bbox 815 4053 1032 4123; x_wconf 86' lang='lat' dir='ltr'>Nempe</span> <span class='ocrx_word' id='word_1_570' title='bbox 1064 4052 1352 4118; x_wconf 88' lang='lat' dir='ltr'>Christus,</span> <span class='ocrx_word' id='word_1_571' title='bbox 1403 4052 1504 4122; x_wconf 92' lang='lat' dir='ltr'>qui</span> <span class='ocrx_word' id='word_1_572' title='bbox 1564 4053 1689 4108; x_wconf 61' lang='lat' dir='ltr'>haec</span> <span class='ocrx_word' id='word_1_573' title='bbox 1721 4053 1987 4125; x_wconf 89' lang='lat' dir='ltr'>loquitur</span> 
     </span>
    </p>
   </div>
   <div class='ocr_carea' id='block_1_77' title="bbox 334 4127 1984 4267">
    <p class='ocr_par' dir='ltr' id='par_1_77' title="bbox 334 4127 1984 4267">
     <span class='ocr_line' id='line_1_77' title="bbox 334 4127 1984 4267; baseline -0.001 -19"><span class='ocrx_word' id='word_1_574' title='bbox 571 4127 670 4246; x_wconf 47' lang='grc' dir='ltr'>ξ’δν</span> <span class='ocrx_word' id='word_1_575' title='bbox 719 4191 898 4267; x_wconf 70' lang='grc' dir='ltr'>λόγον</span> <span class='ocrx_word' id='word_1_576' title='bbox 942 4196 1157 4267; x_wconf 51' lang='grc' dir='ltr'>τοῦτον.</span> <span class='ocrx_word' id='word_1_577' title='bbox 1205 4195 1404 4267; x_wconf 69' lang='grc' dir='ltr'>Τοῦτον</span> <span class='ocrx_word' id='word_1_578' title='bbox 1456 4192 1547 4267; x_wconf 81' lang='grc' dir='ltr'>τὸν</span> <span class='ocrx_word' id='word_1_579' title='bbox 1601 4190 1796 4267; x_wconf 82' lang='grc' dir='ltr'>λόγον,</span> <span class='ocrx_word' id='word_1_580' title='bbox 1857 4190 1984 4246; x_wconf 86' lang='grc' dir='ltr'>ἀλλ’</span> 
     </span>
    </p>
   </div>
   <div class='ocr_carea' id='block_1_78' title="bbox 336 4261 1981 4336">
    <p class='ocr_par' dir='ltr' id='par_1_78' title="bbox 336 4261 1981 4336">
     <span class='ocr_line' id='line_1_78' title="bbox 336 4261 1981 4336; baseline -0.001 -17"><span class='ocrx_word' id='word_1_581' title='bbox 336 4261 421 4329; x_wconf 77' lang='grc' dir='ltr'>οἷς</span> <span class='ocrx_word' id='word_1_582' title='bbox 448 4261 682 4336; x_wconf 80' lang='grc' dir='ltr'>δέδοται,</span> <span class='ocrx_word' id='word_1_583' title='bbox 716 4261 894 4320; x_wconf 80' lang='lat' dir='ltr'>Matth</span> <span class='ocrx_word' id='word_1_584' title='bbox 922 4309 944 4336; x_wconf 77' lang='lat'>,_</span> <span class='ocrx_word' id='word_1_585' title='bbox 971 4265 1074 4318; x_wconf 88' lang='lat' dir='ltr'>ubi</span> <span class='ocrx_word' id='word_1_586' title='bbox 1101 4282 1260 4334; x_wconf 82' lang='lat' dir='ltr'>mox,</span> <span class='ocrx_word' id='word_1_587' title='bbox 1292 4261 1488 4326; x_wconf 76' lang='grc' dir='ltr'>ο⁶ίτινες</span> <span class='ocrx_word' id='word_1_588' title='bbox 1522 4262 1582 4318; x_wconf 82' lang='grc' dir='ltr'>ἐκ</span> <span class='ocrx_word' id='word_1_589' title='bbox 1607 4261 1843 4335; x_wconf 76' lang='grc' dir='ltr'>κοιλίας,</span> <span class='ocrx_word' id='word_1_590' title='bbox 1873 4286 1981 4336; x_wconf 90' lang='grc' dir='ltr'>μη-</span> 
     </span>
    </p>
   </div>
   <div class='ocr_carea' id='block_1_79' title="bbox 332 4333 1078 4412">
    <p class='ocr_par' dir='ltr' id='par_1_79' title="bbox 332 4333 1078 4412">
     <span class='ocr_line' id='line_1_79' title="bbox 332 4333 1078 4412; baseline -0.003 -21"><span class='ocrx_word' id='word_1_591' title='bbox 332 4337 459 4412; x_wconf 85' lang='grc' dir='ltr'>τρὸς</span> <span class='ocrx_word' id='word_1_592' title='bbox 494 4335 849 4412; x_wconf 73' lang='grc' dir='ltr'>ἐγεννήθησαν</span> <span class='ocrx_word' id='word_1_593' title='bbox 885 4333 1078 4412; x_wconf 55' lang='grc' dir='ltr'>οὲτως.</span> 
     </span>
    </p>
   </div>
   <div class='ocr_carea' id='block_1_80' title="bbox 406 4403 1686 4481">
    <p class='ocr_par' dir='ltr' id='par_1_80' title="bbox 406 4403 1686 4481">
     <span class='ocr_line' id='line_1_80' title="bbox 406 4403 1686 4481; baseline -0.014 -1"><span class='ocrx_word' id='word_1_594' title='bbox 406 4403 671 4481; x_wconf 21' lang='lat' dir='ltr'>(ml-TE?</span> <span class='ocrx_word' id='word_1_595' title='bbox 705 4405 964 4481; x_wconf 23' lang='grc' dir='ltr'>οῧῖωςη</span> <span class='ocrx_word' id='word_1_596' title='bbox 1001 4403 1457 4481; x_wconf 35' lang='grc' dir='ltr'>Εῗ-οξίτως-ἐστίν,</span> <span class='ocrx_word' id='word_1_597' title='bbox 1487 4408 1686 4462; x_wconf 82' lang='lat' dir='ltr'>Matth.</span> 
     </span>
    </p>
   </div>
   <div class='ocr_carea' id='block_1_81' title="bbox 1806 3848 2314 3921">
    <p class='ocr_par' dir='ltr' id='par_1_81' title="bbox 1806 3848 2314 3921">
     <span class='ocr_line' id='line_1_81' title="bbox 1806 3848 2314 3921; baseline -0.006 -18"><span class='ocrx_word' id='word_1_598' title='bbox 1806 3848 1884 3921; x_wconf 91' lang='lat' dir='ltr'>(a)</span> <span class='ocrx_word' id='word_1_599' title='bbox 1912 3849 2042 3921; x_wconf 48' lang='lat' dir='ltr'>Luc:</span> <span class='ocrx_word' id='word_1_600' title='bbox 2075 3864 2230 3921; x_wconf 83' lang='lat' dir='ltr'>_x_vm,</span> <span class='ocrx_word' id='word_1_601' title='bbox 2263 3849 2314 3900; x_wconf 91' lang='lat'>8.</span> 
     </span>
    </p>
   </div>
   <div class='ocr_carea' id='block_1_82' title="bbox 1906 3918 3051 3990">
    <p class='ocr_par' dir='ltr' id='par_1_82' title="bbox 1906 3918 3051 3990">
     <span class='ocr_line' id='line_1_82' title="bbox 1906 3918 3051 3990; baseline -0.002 -16"><span class='ocrx_word' id='word_1_602' title='bbox 1906 3921 1972 3990; x_wconf 91' lang='lat' dir='ltr'>(e)</span> <span class='ocrx_word' id='word_1_603' title='bbox 2002 3919 2150 3973; x_wconf 90' lang='lat' dir='ltr'>Ibid.</span> <span class='ocrx_word' id='word_1_604' title='bbox 2187 3921 2272 3982; x_wconf 88' lang='grc'>10,</span> <span class='ocrx_word' id='word_1_605' title='bbox 2310 3918 2390 3972; x_wconf 88' lang='grc'>11.</span> <span class='ocrx_word' id='word_1_606' title='bbox 2470 3920 2540 3988; x_wconf 85' lang='lat' dir='ltr'>(f)</span> <span class='ocrx_word' id='word_1_607' title='bbox 2572 3919 2597 3971; x_wconf 93' lang='lat' dir='ltr'>l</span> <span class='ocrx_word' id='word_1_608' title='bbox 2626 3918 2772 3971; x_wconf 88' lang='lat' dir='ltr'>Tim.</span> <span class='ocrx_word' id='word_1_609' title='bbox 2807 3934 2879 3984; x_wconf 82' lang='grc' dir='ltr'>ιν,</span> <span class='ocrx_word' id='word_1_610' title='bbox 2913 3921 2964 3985; x_wconf 85' lang='grc'>1,</span> <span class='ocrx_word' id='word_1_611' title='bbox 2997 3919 3051 3972; x_wconf 89' lang='grc'>3.</span> 
     </span>
    </p>
   </div>
   <div class='ocr_carea' id='block_1_83' title="bbox 2100 3258 3744 3330">
    <p class='ocr_par' dir='ltr' id='par_1_83' title="bbox 2100 3258 3744 3330">
     <span class='ocr_line' id='line_1_83' title="bbox 2100 3258 3744 3330; baseline 0.004 -16"><span class='ocrx_word' id='word_1_612' title='bbox 2100 3259 2171 3314; x_wconf 91' lang='lat' dir='ltr'>de</span> <span class='ocrx_word' id='word_1_613' title='bbox 2198 3260 2291 3326; x_wconf 91' lang='lat' dir='ltr'>iis,</span> <span class='ocrx_word' id='word_1_614' title='bbox 2317 3260 2417 3330; x_wconf 89' lang='lat' dir='ltr'>qui</span> <span class='ocrx_word' id='word_1_615' title='bbox 2450 3258 2890 3314; x_wconf 80' lang='lat' dir='ltr'>matrimonium</span> <span class='ocrx_word' id='word_1_616' title='bbox 2940 3259 3286 3325; x_wconf 87' lang='lat' dir='ltr'>abhorrent,</span> <span class='ocrx_word' id='word_1_617' title='bbox 3346 3261 3488 3317; x_wconf 91' lang='lat' dir='ltr'>dicit</span> <span class='ocrx_word' id='word_1_618' title='bbox 3537 3264 3744 3320; x_wconf 88' lang='lat' dir='ltr'>beatus</span> 
     </span>
    </p>
   </div>
   <div class='ocr_carea' id='block_1_84' title="bbox 2099 3347 3749 3422">
    <p class='ocr_par' dir='ltr' id='par_1_84' title="bbox 2099 3347 3749 3422">
     <span class='ocr_line' id='line_1_84' title="bbox 2099 3347 3749 3422; baseline 0.003 -19"><span class='ocrx_word' id='word_1_619' title='bbox 2099 3349 2315 3403; x_wconf 90' lang='lat' dir='ltr'>Paulus</span> <span class='ocrx_word' id='word_1_620' title='bbox 2351 3365 2364 3403; x_wconf 87' lang='lat'><strong>:</strong></span> <span class='ocrx_word' id='word_1_621' title='bbox 2394 3371 2418 3400; x_wconf 73' lang='grc' dir='ltr'>ιι</span> <span class='ocrx_word' id='word_1_622' title='bbox 2450 3349 2516 3402; x_wconf 93' lang='lat' dir='ltr'>In</span> <span class='ocrx_word' id='word_1_623' title='bbox 2549 3347 2887 3402; x_wconf 85' lang='lat' dir='ltr'>novissimis</span> <span class='ocrx_word' id='word_1_624' title='bbox 2910 3348 3118 3403; x_wconf 91' lang='lat' dir='ltr'>diebus</span> <span class='ocrx_word' id='word_1_625' title='bbox 3141 3349 3420 3405; x_wconf 83' lang='lat' dir='ltr'>deﬁcient</span> <span class='ocrx_word' id='word_1_626' title='bbox 3441 3353 3682 3422; x_wconf 89' lang='lat' dir='ltr'>quidam</span> <span class='ocrx_word' id='word_1_627' title='bbox 3714 3370 3749 3408; x_wconf 88' lang='lat' dir='ltr'>a</span> 
     </span>
    </p>
   </div>
   <div class='ocr_carea' id='block_1_85' title="bbox 2099 3436 3749 3508">
    <p class='ocr_par' dir='ltr' id='par_1_85' title="bbox 2099 3436 3749 3508">
     <span class='ocr_line' id='line_1_85' title="bbox 2099 3436 3749 3508; baseline 0.002 -16"><span class='ocrx_word' id='word_1_628' title='bbox 2099 3437 2236 3505; x_wconf 87' lang='lat' dir='ltr'>ﬁde,</span> <span class='ocrx_word' id='word_1_629' title='bbox 2270 3436 2644 3492; x_wconf 88' lang='lat' dir='ltr'>attendentes</span> <span class='ocrx_word' id='word_1_630' title='bbox 2688 3437 2994 3508; x_wconf 86' lang='lat' dir='ltr'>spiritibus</span> <span class='ocrx_word' id='word_1_631' title='bbox 3050 3439 3288 3507; x_wconf 90' lang='lat' dir='ltr'>erroris,</span> <span class='ocrx_word' id='word_1_632' title='bbox 3349 3445 3408 3494; x_wconf 88' lang='lat' dir='ltr'>et</span> <span class='ocrx_word' id='word_1_633' title='bbox 3463 3440 3749 3497; x_wconf 88' lang='lat' dir='ltr'>doctrinis</span> 
     </span>
    </p>
   </div>
   <div class='ocr_carea' id='block_1_86' title="bbox 2097 3525 3752 3597">
    <p class='ocr_par' dir='ltr' id='par_1_86' title="bbox 2097 3525 3752 3597">
     <span class='ocr_line' id='line_1_86' title="bbox 2097 3525 3752 3597; baseline 0.002 -18"><span class='ocrx_word' id='word_1_634' title='bbox 2097 3525 2996 3597; x_wconf 56' lang='lat' dir='ltr'>dmmoniorumprohibentium</span> <span class='ocrx_word' id='word_1_635' title='bbox 3028 3526 3580 3588; x_wconf 84' lang='lat' dir='ltr'>nubere.abstinere</span> <span class='ocrx_word' id='word_1_636' title='bbox 3607 3546 3641 3584; x_wconf 91' lang='lat' dir='ltr'>a</span> <span class='ocrx_word' id='word_1_637' title='bbox 3666 3530 3752 3583; x_wconf 93' lang='lat' dir='ltr'>ci-</span> 
     </span>
    </p>
   </div>
   <div class='ocr_carea' id='block_1_87' title="bbox 2095 3614 3746 3685">
    <p class='ocr_par' dir='ltr' id='par_1_87' title="bbox 2095 3614 3746 3685">
     <span class='ocr_line' id='line_1_87' title="bbox 2095 3614 3746 3685; baseline 0.001 -17"><span class='ocrx_word' id='word_1_638' title='bbox 2095 3615 2187 3668; x_wconf 90' lang='lat' dir='ltr'>bis</span> <span class='ocrx_word' id='word_1_639' title='bbox 2207 3617 2294 3685; x_wconf 67' lang='lat' dir='ltr'>;f).</span> <span class='ocrx_word' id='word_1_640' title='bbox 2331 3637 2358 3663; x_wconf 85' lang='lat'><strong><em>»</em></strong></span> <span class='ocrx_word' id='word_1_641' title='bbox 2390 3617 2459 3667; x_wconf 92' lang='lat' dir='ltr'>Et</span> <span class='ocrx_word' id='word_1_642' title='bbox 2487 3631 2692 3668; x_wconf 87' lang='lat' dir='ltr'>rursus</span> <span class='ocrx_word' id='word_1_643' title='bbox 2714 3614 2856 3668; x_wconf 91' lang='lat' dir='ltr'>dicit</span> <span class='ocrx_word' id='word_1_644' title='bbox 2879 3630 2892 3667; x_wconf 88' lang='lat'><strong>:</strong></span> <span class='ocrx_word' id='word_1_645' title='bbox 2913 3635 2939 3661; x_wconf 91' lang='grc'>‹‹</span> <span class='ocrx_word' id='word_1_646' title='bbox 2963 3615 3144 3668; x_wconf 88' lang='lat' dir='ltr'>Nemo</span> <span class='ocrx_word' id='word_1_647' title='bbox 3167 3631 3267 3668; x_wconf 91' lang='lat' dir='ltr'>vos</span> <span class='ocrx_word' id='word_1_648' title='bbox 3289 3615 3535 3670; x_wconf 90' lang='lat' dir='ltr'>seducat</span> <span class='ocrx_word' id='word_1_649' title='bbox 3566 3616 3625 3670; x_wconf 91' lang='lat' dir='ltr'>in</span> <span class='ocrx_word' id='word_1_650' title='bbox 3656 3634 3746 3671; x_wconf 91' lang='lat' dir='ltr'>vo.</span> 
     </span>
    </p>
   </div>
   <div class='ocr_carea' id='block_1_88' title="bbox 2095 3701 3744 3773">
    <p class='ocr_par' dir='ltr' id='par_1_88' title="bbox 2095 3701 3744 3773">
     <span class='ocr_line' id='line_1_88' title="bbox 2095 3701 3744 3773; baseline 0.002 -16"><span class='ocrx_word' id='word_1_651' title='bbox 2095 3703 2354 3758; x_wconf 90' lang='lat' dir='ltr'>luntaria</span> <span class='ocrx_word' id='word_1_652' title='bbox 2383 3703 2739 3756; x_wconf 89' lang='lat' dir='ltr'>humilitatis</span> <span class='ocrx_word' id='word_1_653' title='bbox 2777 3701 3088 3773; x_wconf 82' lang='lat' dir='ltr'>religione,</span> <span class='ocrx_word' id='word_1_654' title='bbox 3123 3707 3181 3757; x_wconf 91' lang='lat' dir='ltr'>et</span> <span class='ocrx_word' id='word_1_655' title='bbox 3209 3703 3580 3773; x_wconf 88' lang='lat' dir='ltr'>parcimonia</span> <span class='ocrx_word' id='word_1_656' title='bbox 3610 3722 3744 3760; x_wconf 89' lang='lat' dir='ltr'>cor-</span> 
     </span>
    </p>
   </div>
   <div class='ocr_carea' id='block_1_89' title="bbox 2419 3847 3739 3917">
    <p class='ocr_par' dir='ltr' id='par_1_89' title="bbox 2419 3847 3739 3917">
     <span class='ocr_line' id='line_1_89' title="bbox 2419 3847 3739 3917; baseline 0.004 -16"><span class='ocrx_word' id='word_1_657' title='bbox 2419 3847 2497 3917; x_wconf 89' lang='lat' dir='ltr'>(b)</span> <span class='ocrx_word' id='word_1_658' title='bbox 2530 3847 2727 3901; x_wconf 87' lang='lat' dir='ltr'>Matth.</span> <span class='ocrx_word' id='word_1_659' title='bbox 2762 3863 2911 3913; x_wconf 70' lang='lat' dir='ltr'>xxxv,</span> <span class='ocrx_word' id='word_1_660' title='bbox 2947 3848 3046 3912; x_wconf 71' lang='lat'>49;</span> <span class='ocrx_word' id='word_1_661' title='bbox 3103 3848 3276 3902; x_wconf 89' lang='lat' dir='ltr'>Marc.</span> <span class='ocrx_word' id='word_1_662' title='bbox 3311 3864 3426 3914; x_wconf 84' lang='lat' dir='ltr'>xm,</span> <span class='ocrx_word' id='word_1_663' title='bbox 3463 3851 3568 3916; x_wconf 81' lang='lat'>18;</span> <span class='ocrx_word' id='word_1_664' title='bbox 3603 3850 3739 3906; x_wconf 89' lang='lat' dir='ltr'>Luc.</span> 
     </span>
    </p>
   </div>
   <div class='ocr_carea' id='block_1_90' title="bbox 2091 4045 3749 4121">
    <p class='ocr_par' dir='ltr' id='par_1_90' title="bbox 2091 4045 3749 4121">
     <span class='ocr_line' id='line_1_90' title="bbox 2091 4045 3749 4121; baseline 0.003 -17"><span class='ocrx_word' id='word_1_665' title='bbox 2091 4047 2467 4121; x_wconf 85' lang='grc' dir='ltr'>Ὀλυμπιάδος</span> <span class='ocrx_word' id='word_1_666' title='bbox 2497 4047 2716 4104; x_wconf 84' lang='grc' dir='ltr'>σταδίου</span> <span class='ocrx_word' id='word_1_667' title='bbox 2755 4049 2842 4103; x_wconf 79' lang='grc' dir='ltr'>καὶ</span> <span class='ocrx_word' id='word_1_668' title='bbox 2907 4045 3136 4103; x_wconf 82' lang='grc' dir='ltr'>διαύλου</span> <span class='ocrx_word' id='word_1_669' title='bbox 3191 4050 3345 4111; x_wconf 89' lang='grc' dir='ltr'>νίκας</span> <span class='ocrx_word' id='word_1_670' title='bbox 3376 4048 3512 4106; x_wconf 66' lang='grc' dir='ltr'>ἔχει.</span> <span class='ocrx_word' id='word_1_671' title='bbox 3575 4055 3749 4109; x_wconf 81' lang='lat' dir='ltr'>Athe-</span> 
     </span>
    </p>
   </div>
   <div class='ocr_carea' id='block_1_91' title="bbox 2093 4122 3742 4193">
    <p class='ocr_par' dir='ltr' id='par_1_91' title="bbox 2093 4122 3742 4193">
     <span class='ocr_line' id='line_1_91' title="bbox 2093 4122 3742 4193; baseline 0.001 -15"><span class='ocrx_word' id='word_1_672' title='bbox 2093 4141 2259 4178; x_wconf 75' lang='lat' dir='ltr'>nzeus</span> <span class='ocrx_word' id='word_1_673' title='bbox 2291 4122 2393 4176; x_wconf 89' lang='lat' dir='ltr'>lib.</span> <span class='ocrx_word' id='word_1_674' title='bbox 2454 4139 2548 4176; x_wconf 75' lang='lat' dir='ltr'>xxv</span> <span class='ocrx_word' id='word_1_675' title='bbox 2605 4122 2866 4177; x_wconf 73' lang='lat' dir='ltr'>Ammbei</span> <span class='ocrx_word' id='word_1_676' title='bbox 2913 4123 3219 4177; x_wconf 77' lang='lat' dir='ltr'>citharcedi</span> <span class='ocrx_word' id='word_1_677' title='bbox 3273 4125 3564 4186; x_wconf 79' lang='lat' dir='ltr'>meminit.</span> <span class='ocrx_word' id='word_1_678' title='bbox 3617 4127 3742 4193; x_wconf 90' lang='lat' dir='ltr'>qui,</span> 
     </span>
    </p>
   </div>
   <div class='ocr_carea' id='block_1_92' title="bbox 2095 4194 3744 4268">
    <p class='ocr_par' dir='ltr' id='par_1_92' title="bbox 2095 4194 3744 4268">
     <span class='ocr_line' id='line_1_92' title="bbox 2095 4194 3744 4268; baseline 0.001 -19"><span class='ocrx_word' id='word_1_679' title='bbox 2095 4196 2334 4268; x_wconf 83' lang='lat' dir='ltr'>quoties</span> <span class='ocrx_word' id='word_1_680' title='bbox 2347 4201 2692 4268; x_wconf 79' lang='lat' dir='ltr'>cantaturus</span> <span class='ocrx_word' id='word_1_681' title='bbox 2706 4194 3209 4268; x_wconf 77' lang='lat' dir='ltr'>exire_t,talentum</span> <span class='ocrx_word' id='word_1_682' title='bbox 3241 4195 3300 4248; x_wconf 91' lang='lat' dir='ltr'>in</span> <span class='ocrx_word' id='word_1_683' title='bbox 3333 4196 3603 4268; x_wconf 86' lang='lat' dir='ltr'>singulos</span> <span class='ocrx_word' id='word_1_684' title='bbox 3616 4194 3744 4252; x_wconf 88' lang='lat' dir='ltr'>dies</span> 
     </span>
    </p>
   </div>
   <div class='ocr_carea' id='block_1_93' title="bbox 2093 4264 3742 4337">
    <p class='ocr_par' dir='ltr' id='par_1_93' title="bbox 2093 4264 3742 4337">
     <span class='ocr_line' id='line_1_93' title="bbox 2093 4264 3742 4337; baseline 0.001 -16"><span class='ocrx_word' id='word_1_685' title='bbox 2093 4264 2738 4337; x_wconf 62' lang='lat' dir='ltr'>accipiebatﬂwterum</span> <span class='ocrx_word' id='word_1_686' title='bbox 2763 4264 2833 4318; x_wconf 89' lang='lat' dir='ltr'>de</span> <span class='ocrx_word' id='word_1_687' title='bbox 2853 4265 2980 4319; x_wconf 93' lang='lat' dir='ltr'>loco</span> <span class='ocrx_word' id='word_1_688' title='bbox 3007 4265 3108 4319; x_wconf 92' lang='lat' dir='ltr'>illo</span> <span class='ocrx_word' id='word_1_689' title='bbox 3134 4264 3454 4336; x_wconf 73' lang='lat' dir='ltr'>caprorum</span> <span class='ocrx_word' id='word_1_690' title='bbox 3469 4275 3527 4321; x_wconf 88' lang='lat' dir='ltr'>et</span> <span class='ocrx_word' id='word_1_691' title='bbox 3548 4267 3742 4323; x_wconf 85' lang='lat' dir='ltr'>hirco-</span> 
     </span>
    </p>
   </div>
   <div class='ocr_carea' id='block_1_94' title="bbox 2093 4337 3740 4406">
    <p class='ocr_par' dir='ltr' id='par_1_94' title="bbox 2093 4337 3740 4406">
     <span class='ocr_line' id='line_1_94' title="bbox 2093 4337 3740 4406; baseline 0.001 -13"><span class='ocrx_word' id='word_1_692' title='bbox 2093 4355 2247 4396; x_wconf 84' lang='lat' dir='ltr'>rum.</span> <span class='ocrx_word' id='word_1_693' title='bbox 2280 4337 2408 4391; x_wconf 85' lang='lat' dir='ltr'>vide</span> <span class='ocrx_word' id='word_1_694' title='bbox 2441 4353 2572 4406; x_wconf 64' lang='lat' dir='ltr'>quae</span> <span class='ocrx_word' id='word_1_695' title='bbox 2605 4337 2666 4390; x_wconf 91' lang='lat' dir='ltr'>in</span> <span class='ocrx_word' id='word_1_696' title='bbox 2695 4338 3004 4405; x_wconf 68' lang='lat' dir='ltr'>Paadagogo</span> <span class='ocrx_word' id='word_1_697' title='bbox 3037 4344 3238 4391; x_wconf 88' lang='lat' dir='ltr'>notata</span> <span class='ocrx_word' id='word_1_698' title='bbox 3279 4344 3439 4393; x_wconf 90' lang='lat' dir='ltr'>sunt.</span> <span class='ocrx_word' id='word_1_699' title='bbox 3474 4340 3740 4394; x_wconf 82' lang='lat' dir='ltr'>COLLECT.</span> 
     </span>
    </p>
   </div>
   <div class='ocr_carea' id='block_1_95' title="bbox 2163 4400 3740 4482">
    <p class='ocr_par' dir='ltr' id='par_1_95' title="bbox 2163 4400 3740 4482">
     <span class='ocr_line' id='line_1_95' title="bbox 2163 4400 3740 4482; baseline 0.002 -20"><span class='ocrx_word' id='word_1_700' title='bbox 2163 4410 2269 4482; x_wconf 85' lang='lat'>(60)</span> <span class='ocrx_word' id='word_1_701' title='bbox 2301 4400 2615 4482; x_wconf 65' lang='grc' dir='ltr'>Ἀμρι’ϐεὐς.</span> <span class='ocrx_word' id='word_1_702' title='bbox 2677 4400 2959 4482; x_wconf 62' lang='grc' dir='ltr'>Αξιίίιιιξιέ</span> <span class='ocrx_word' id='word_1_703' title='bbox 2979 4409 3110 4464; x_wconf 88' lang='lat' dir='ltr'>Var.</span> <span class='ocrx_word' id='word_1_704' title='bbox 3165 4409 3292 4482; x_wconf 81' lang='lat' dir='ltr'>hist.</span> <span class='ocrx_word' id='word_1_705' title='bbox 3330 4409 3432 4462; x_wconf 90' lang='lat' dir='ltr'>lib.</span> <span class='ocrx_word' id='word_1_706' title='bbox 3467 4427 3550 4482; x_wconf 68' lang='grc' dir='ltr'>ιιι,</span> <span class='ocrx_word' id='word_1_707' title='bbox 3582 4427 3740 4482; x_wconf 89' lang='lat' dir='ltr'>_cap.</span> 
     </span>
    </p>
   </div>
   <div class='ocr_carea' id='block_1_96' title="bbox 405 4462 1987 4563">
    <p class='ocr_par' dir='ltr' id='par_1_96' title="bbox 405 4462 1984 4563">
     <span class='ocr_line' id='line_1_96' title="bbox 405 4462 1984 4563; baseline 0 -29"><span class='ocrx_word' id='word_1_708' title='bbox 405 4462 835 4563; x_wconf 70' lang='grc' dir='ltr'>Ἀθλητάς.</span> <span class='ocrx_word' id='word_1_709' title='bbox 865 4462 1208 4563; x_wconf 44' lang='lat' dir='ltr'>Eustathius</span> <span class='ocrx_word' id='word_1_710' title='bbox 1243 4462 1327 4563; x_wconf 21' lang='lat' dir='ltr'>&#39;iin</span> <span class='ocrx_word' id='word_1_711' title='bbox 1383 4462 1549 4563; x_wconf 57' lang='lat' dir='ltr'>Iliad:</span> <span class='ocrx_word' id='word_1_712' title='bbox 1610 4484 1678 4563; x_wconf 58' lang='grc' dir='ltr'>Ω,</span> <span class='ocrx_word' id='word_1_713' title='bbox 1707 4481 1938 4563; x_wconf 24' lang='lat' dir='ltr'>put/€72</span> <span class='ocrx_word' id='word_1_714' title='bbox 1972 4497 1984 4534; x_wconf 93' lang='lat'>:</span> 
     </span>
    </p>
   </div>
   <div class='ocr_carea' id='block_1_97' title="bbox 2105 4462 3744 4563">
    <p class='ocr_par' dir='ltr' id='par_1_97' title="bbox 2105 4462 3744 4563">
     <span class='ocr_line' id='line_1_97' title="bbox 2105 4462 3744 4563; baseline 0.002 -31"><span class='ocrx_word' id='word_1_715' title='bbox 2105 4462 2211 4563; x_wconf 41' lang='grc' dir='ltr'>θυῖε</span> <span class='ocrx_word' id='word_1_716' title='bbox 2240 4462 2531 4563; x_wconf 40' lang='grc' dir='ltr'>’Ἁμοὶιϐέας</span> <span class='ocrx_word' id='word_1_717' title='bbox 2651 4474 2956 4563; x_wconf 57' lang='grc' dir='ltr'>κιθαρῳδὸε</span> <span class='ocrx_word' id='word_1_718' title='bbox 3018 4462 3744 4563; x_wconf 29' lang='grc' dir='ltr'>σωφρονέστατὶοςηέλὲᾖετὲ,</span> 
     </span>
    </p>
   </div>
   <div class='ocr_carea' id='block_1_98' title="bbox 335 4546 1987 4625">
    <p class='ocr_par' dir='ltr' id='par_1_98' title="bbox 335 4546 1987 4625">
     <span class='ocr_line' id='line_1_98' title="bbox 335 4546 1987 4625; baseline -0.002 -18"><span class='ocrx_word' id='word_1_719' title='bbox 335 4546 669 4625; x_wconf 52' lang='grc' dir='ltr'>Οίιάθληταὶ</span> <span class='ocrx_word' id='word_1_720' title='bbox 701 4546 794 4603; x_wconf 82' lang='grc' dir='ltr'>τὸν</span> <span class='ocrx_word' id='word_1_721' title='bbox 824 4553 921 4625; x_wconf 77' lang='grc' dir='ltr'>τοῦ</span> <span class='ocrx_word' id='word_1_722' title='bbox 950 4546 1136 4625; x_wconf 76' lang='grc' dir='ltr'>ἀθλεῖν</span> <span class='ocrx_word' id='word_1_723' title='bbox 1186 4547 1357 4602; x_wconf 88' lang='grc' dir='ltr'>πάντα</span> <span class='ocrx_word' id='word_1_724' title='bbox 1395 4549 1584 4623; x_wconf 84' lang='grc' dir='ltr'>καιρὸν</span> <span class='ocrx_word' id='word_1_725' title='bbox 1621 4546 1726 4603; x_wconf 64' lang='grc' dir='ltr'>οὐκ</span> <span class='ocrx_word' id='word_1_726' title='bbox 1769 4549 1987 4625; x_wconf 77' lang='grc' dir='ltr'>ἀφίεντο</span> 
     </span>
    </p>
   </div>
   <div class='ocr_carea' id='block_1_99' title="bbox 331 4619 1990 4696">
    <p class='ocr_par' dir='ltr' id='par_1_99' title="bbox 331 4619 1990 4696">
     <span class='ocr_line' id='line_1_99' title="bbox 331 4619 1990 4696; baseline -0.001 -19"><span class='ocrx_word' id='word_1_727' title='bbox 331 4620 656 4696; x_wconf 78' lang='grc' dir='ltr'>πλησιάζειν</span> <span class='ocrx_word' id='word_1_728' title='bbox 684 4619 959 4696; x_wconf 66' lang='grc' dir='ltr'>γυναιξί.ε‹</span> <span class='ocrx_word' id='word_1_729' title='bbox 994 4621 1250 4696; x_wconf 66' lang='lat' dir='ltr'>Athletae</span> <span class='ocrx_word' id='word_1_730' title='bbox 1277 4638 1382 4692; x_wconf 91' lang='lat' dir='ltr'>per</span> <span class='ocrx_word' id='word_1_731' title='bbox 1411 4619 1590 4696; x_wconf 78' lang='lat' dir='ltr'>omne</span> <span class='ocrx_word' id='word_1_732' title='bbox 1618 4619 1853 4696; x_wconf 82' lang='lat' dir='ltr'>tempus</span> <span class='ocrx_word' id='word_1_733' title='bbox 1868 4639 1990 4696; x_wconf 87' lang='lat' dir='ltr'>cer-</span> 
     </span>
    </p>
   </div>
   <div class='ocr_carea' id='block_1_100' title="bbox 334 4692 1990 4750">
    <p class='ocr_par' dir='ltr' id='par_1_100' title="bbox 334 4692 1990 4750">
     <span class='ocr_line' id='line_1_100' title="bbox 334 4692 1990 4750; baseline -0.001 0"><span class='ocrx_word' id='word_1_734' title='bbox 334 4695 499 4750; x_wconf 85' lang='lat' dir='ltr'>tandi</span> <span class='ocrx_word' id='word_1_735' title='bbox 531 4711 649 4748; x_wconf 90' lang='lat' dir='ltr'>non</span> <span class='ocrx_word' id='word_1_736' title='bbox 681 4692 1152 4749; x_wconf 85' lang='lat' dir='ltr'>admittebantur</span> <span class='ocrx_word' id='word_1_737' title='bbox 1181 4693 1254 4747; x_wconf 88' lang='lat' dir='ltr'>ad</span> <span class='ocrx_word' id='word_1_738' title='bbox 1285 4693 1620 4748; x_wconf 91' lang='lat' dir='ltr'>coeundum</span> <span class='ocrx_word' id='word_1_739' title='bbox 1656 4692 1789 4749; x_wconf 71' lang='lat' dir='ltr'>cuin</span> <span class='ocrx_word' id='word_1_740' title='bbox 1819 4694 1990 4750; x_wconf 84' lang='lat' dir='ltr'>femi-</span> 
     </span>
    </p>
   </div>
   <div class='ocr_carea' id='block_1_101' title="bbox 334 4766 1508 4835">
    <p class='ocr_par' dir='ltr' id='par_1_101' title="bbox 334 4766 1508 4835">
     <span class='ocr_line' id='line_1_101' title="bbox 334 4766 1508 4835; baseline -0.003 -13"><span class='ocrx_word' id='word_1_741' title='bbox 334 4767 449 4822; x_wconf 91' lang='lat' dir='ltr'>nis.</span> <span class='ocrx_word' id='word_1_742' title='bbox 486 4789 513 4816; x_wconf 86' lang='lat'>»</span> <span class='ocrx_word' id='word_1_743' title='bbox 541 4766 815 4822; x_wconf 88' lang='lat' dir='ltr'>Horatius</span> <span class='ocrx_word' id='word_1_744' title='bbox 849 4771 924 4820; x_wconf 89' lang='lat' dir='ltr'>De</span> <span class='ocrx_word' id='word_1_745' title='bbox 953 4771 1072 4819; x_wconf 81' lang='lat' dir='ltr'>arte</span> <span class='ocrx_word' id='word_1_746' title='bbox 1091 4771 1243 4835; x_wconf 84' lang='lat' dir='ltr'>poet.</span> <span class='ocrx_word' id='word_1_747' title='bbox 1280 4782 1329 4819; x_wconf 90' lang='lat' dir='ltr'>v.</span> <span class='ocrx_word' id='word_1_748' title='bbox 1365 4766 1508 4819; x_wconf 64' lang='lat'>412:</span> 
     </span>
    </p>
   </div>
   <div class='ocr_carea' id='block_1_102' title="bbox 407 4872 1774 4942">
    <p class='ocr_par' dir='ltr' id='par_1_102' title="bbox 407 4872 1774 4942">
     <span class='ocr_line' id='line_1_102' title="bbox 407 4872 1774 4942; baseline -0.001 -17"><span class='ocrx_word' id='word_1_749' title='bbox 407 4874 512 4936; x_wconf 84' lang='lat' dir='ltr'>Qui</span> <span class='ocrx_word' id='word_1_750' title='bbox 539 4872 716 4926; x_wconf 82' lang='lat' dir='ltr'>studet</span> <span class='ocrx_word' id='word_1_751' title='bbox 746 4877 994 4942; x_wconf 86' lang='lat' dir='ltr'>optatam</span> <span class='ocrx_word' id='word_1_752' title='bbox 1026 4887 1187 4926; x_wconf 87' lang='lat' dir='ltr'>cursu</span> <span class='ocrx_word' id='word_1_753' title='bbox 1217 4873 1534 4939; x_wconf 79' lang='lat' dir='ltr'>contingere</span> <span class='ocrx_word' id='word_1_754' title='bbox 1556 4877 1774 4939; x_wconf 85' lang='lat' dir='ltr'>metam,</span> 
     </span>
    </p>
   </div>
   <div class='ocr_carea' id='block_1_103' title="bbox 405 4942 1702 5013">
    <p class='ocr_par' dir='ltr' id='par_1_103' title="bbox 405 4942 1702 5013">
     <span class='ocr_line' id='line_1_103' title="bbox 405 4942 1702 5013; baseline -0.003 -14"><span class='ocrx_word' id='word_1_755' title='bbox 405 4944 581 4999; x_wconf 83' lang='lat' dir='ltr'>Multa</span> <span class='ocrx_word' id='word_1_756' title='bbox 610 4944 741 4997; x_wconf 83' lang='lat' dir='ltr'>tulit</span> <span class='ocrx_word' id='word_1_757' title='bbox 769 4945 1010 5013; x_wconf 84' lang='lat' dir='ltr'>fecitque</span> <span class='ocrx_word' id='word_1_758' title='bbox 1030 4959 1192 5011; x_wconf 84' lang='lat' dir='ltr'>puer,</span> <span class='ocrx_word' id='word_1_759' title='bbox 1223 4943 1444 4997; x_wconf 84' lang='lat' dir='ltr'>sudavit</span> <span class='ocrx_word' id='word_1_760' title='bbox 1469 4948 1520 4996; x_wconf 91' lang='lat' dir='ltr'>et</span> <span class='ocrx_word' id='word_1_761' title='bbox 1548 4942 1702 5010; x_wconf 84' lang='lat' dir='ltr'>alsit,</span> 
     </span>
    </p>
   </div>
   <div class='ocr_carea' id='block_1_104' title="bbox 401 5016 1320 5069">
    <p class='ocr_par' dir='ltr' id='par_1_104' title="bbox 401 5016 1320 5069">
     <span class='ocr_line' id='line_1_104' title="bbox 401 5016 1320 5069; baseline 0 0"><span class='ocrx_word' id='word_1_762' title='bbox 401 5017 689 5069; x_wconf 79' lang='lat' dir='ltr'>Abstinuit</span> <span class='ocrx_word' id='word_1_763' title='bbox 713 5030 907 5069; x_wconf 83' lang='lat' dir='ltr'>venere</span> <span class='ocrx_word' id='word_1_764' title='bbox 938 5021 990 5068; x_wconf 88' lang='lat' dir='ltr'>et</span> <span class='ocrx_word' id='word_1_765' title='bbox 1020 5016 1166 5068; x_wconf 83' lang='lat' dir='ltr'>vino.</span> <span class='ocrx_word' id='word_1_766' title='bbox 1205 5055 1218 5068; x_wconf 95' lang='lat'>.</span> <span class='ocrx_word' id='word_1_767' title='bbox 1256 5055 1266 5066; x_wconf 95' lang='lat'>.</span> <span class='ocrx_word' id='word_1_768' title='bbox 1306 5055 1320 5069; x_wconf 94' lang='lat'>.</span> 
     </span>
    </p>
   </div>
   <div class='ocr_carea' id='block_1_105' title="bbox 333 5119 1987 5192">
    <p class='ocr_par' dir='ltr' id='par_1_105' title="bbox 333 5119 1987 5192">
     <span class='ocr_line' id='line_1_105' title="bbox 333 5119 1987 5192; baseline 0 -15"><span class='ocrx_word' id='word_1_769' title='bbox 333 5121 494 5177; x_wconf 90' lang='lat' dir='ltr'>Conf.</span> <span class='ocrx_word' id='word_1_770' title='bbox 535 5138 666 5192; x_wconf 68' lang='lat' dir='ltr'>quas</span> <span class='ocrx_word' id='word_1_771' title='bbox 697 5121 976 5175; x_wconf 85' lang='lat' dir='ltr'>adnotata</span> <span class='ocrx_word' id='word_1_772' title='bbox 1008 5125 1148 5175; x_wconf 89' lang='lat' dir='ltr'>sunt</span> <span class='ocrx_word' id='word_1_773' title='bbox 1203 5120 1276 5175; x_wconf 92' lang='lat' dir='ltr'>ad</span> <span class='ocrx_word' id='word_1_774' title='bbox 1320 5119 1685 5191; x_wconf 88' lang='lat' dir='ltr'>principium</span> <span class='ocrx_word' id='word_1_775' title='bbox 1735 5119 1987 5191; x_wconf 89' lang='lat' dir='ltr'>hujusce</span> 
     </span>
    </p>
   </div>
   <div class='ocr_carea' id='block_1_106' title="bbox 333 5192 860 5250">
    <p class='ocr_par' dir='ltr' id='par_1_106' title="bbox 333 5192 860 5250">
     <span class='ocr_line' id='line_1_106' title="bbox 333 5192 860 5250; baseline -0.011 -1"><span class='ocrx_word' id='word_1_776' title='bbox 333 5195 673 5250; x_wconf 86' lang='lat' dir='ltr'>Stromatum</span> <span class='ocrx_word' id='word_1_777' title='bbox 707 5192 860 5246; x_wconf 88' lang='lat' dir='ltr'>libri.</span> 
     </span>
    </p>
   </div>
   <div class='ocr_carea' id='block_1_107' title="bbox 407 5261 1985 5333">
    <p class='ocr_par' dir='ltr' id='par_1_107' title="bbox 407 5261 1985 5333">
     <span class='ocr_line' id='line_1_107' title="bbox 407 5261 1985 5333; baseline -0.001 -14"><span class='ocrx_word' id='word_1_778' title='bbox 407 5267 515 5333; x_wconf 66' lang='lat'>(59;</span> <span class='ocrx_word' id='word_1_779' title='bbox 549 5263 813 5333; x_wconf 70' lang='grc' dir='ltr'>Κρίσωνα..</span> <span class='ocrx_word' id='word_1_780' title='bbox 851 5261 1310 5333; x_wconf 76' lang='lat' dir='ltr'>Platoersonis</span> <span class='ocrx_word' id='word_1_781' title='bbox 1348 5261 1624 5333; x_wconf 90' lang='lat' dir='ltr'>meminit</span> <span class='ocrx_word' id='word_1_782' title='bbox 1671 5262 1728 5317; x_wconf 90' lang='lat' dir='ltr'>in</span> <span class='ocrx_word' id='word_1_783' title='bbox 1795 5265 1985 5319; x_wconf 87' lang='lat' dir='ltr'>Prota-</span> 
     </span>
    </p>
   </div>
   <div class='ocr_carea' id='block_1_108' title="bbox 333 5329 1981 5406">
    <p class='ocr_par' dir='ltr' id='par_1_108' title="bbox 333 5329 1981 5406">
     <span class='ocr_line' id='line_1_108' title="bbox 333 5329 1981 5406; baseline 0.001 -19"><span class='ocrx_word' id='word_1_784' title='bbox 333 5329 472 5406; x_wconf 68' lang='lat' dir='ltr'>gora</span> <span class='ocrx_word' id='word_1_785' title='bbox 504 5353 559 5406; x_wconf 90' lang='lat' dir='ltr'>p.</span> <span class='ocrx_word' id='word_1_786' title='bbox 592 5329 697 5391; x_wconf 60' lang='lat'>3&#39;34</span> <span class='ocrx_word' id='word_1_787' title='bbox 732 5353 744 5390; x_wconf 90' lang='lat'>:</span> <span class='ocrx_word' id='word_1_788' title='bbox 774 5335 978 5404; x_wconf 77' lang='grc' dir='ltr'>Ὠσπερ</span> <span class='ocrx_word' id='word_1_789' title='bbox 1011 5332 1092 5406; x_wconf 35' lang='grc' dir='ltr'>ἄν..</span> <span class='ocrx_word' id='word_1_790' title='bbox 1115 5329 1261 5386; x_wconf 82' lang='grc' dir='ltr'>δέοιό</span> <span class='ocrx_word' id='word_1_791' title='bbox 1325 5332 1700 5406; x_wconf 14' lang='grc' dir='ltr'>μουῗιςρίσωνι</span> <span class='ocrx_word' id='word_1_792' title='bbox 1732 5337 1810 5404; x_wconf 75' lang='grc' dir='ltr'>τῷ</span> <span class='ocrx_word' id='word_1_793' title='bbox 1839 5334 1981 5405; x_wconf 77' lang='grc' dir='ltr'>Ἱμε-</span> 
     </span>
    </p>
   </div>
   <div class='ocr_carea' id='block_1_109' title="bbox 337 5401 1982 5480">
    <p class='ocr_par' dir='ltr' id='par_1_109' title="bbox 337 5401 1982 5480">
     <span class='ocr_line' id='line_1_109' title="bbox 337 5401 1982 5480; baseline 0 -20"><span class='ocrx_word' id='word_1_794' title='bbox 337 5401 475 5480; x_wconf 76' lang='grc' dir='ltr'>ραίῳ</span> <span class='ocrx_word' id='word_1_795' title='bbox 506 5401 704 5480; x_wconf 77' lang='grc' dir='ltr'>δρομεῖ</span> <span class='ocrx_word' id='word_1_796' title='bbox 733 5401 1033 5477; x_wconf 73' lang='grc' dir='ltr'>ἀκμάζοντι</span> <span class='ocrx_word' id='word_1_797' title='bbox 1068 5401 1413 5480; x_wconf 63' lang='grc' dir='ltr'>ξπεσθαι.Ἐῑ</span> <span class='ocrx_word' id='word_1_798' title='bbox 1439 5401 1538 5458; x_wconf 79' lang='lat' dir='ltr'>lib.</span> <span class='ocrx_word' id='word_1_799' title='bbox 1569 5407 1760 5480; x_wconf 31' lang='lat' dir='ltr'>VIIIADe</span> <span class='ocrx_word' id='word_1_800' title='bbox 1784 5401 1982 5478; x_wconf 17' lang='lat' dir='ltr'>vlegibw</span> 
     </span>
    </p>
   </div>
   <div class='ocr_carea' id='block_1_110' title="bbox 337 5477 1987 5548">
    <p class='ocr_par' dir='ltr' id='par_1_110' title="bbox 337 5477 1987 5548">
     <span class='ocr_line' id='line_1_110' title="bbox 337 5477 1987 5548; baseline 0.001 -16"><span class='ocrx_word' id='word_1_801' title='bbox 337 5477 393 5548; x_wconf 83' lang='lat' dir='ltr'>p.</span> <span class='ocrx_word' id='word_1_802' title='bbox 428 5477 551 5546; x_wconf 73' lang='grc'>840,</span> <span class='ocrx_word' id='word_1_803' title='bbox 580 5477 738 5534; x_wconf 86' lang='lat' dir='ltr'>inter</span> <span class='ocrx_word' id='word_1_804' title='bbox 767 5479 1020 5548; x_wconf 88' lang='lat' dir='ltr'>athletas</span> <span class='ocrx_word' id='word_1_805' title='bbox 1046 5477 1414 5532; x_wconf 87' lang='lat' dir='ltr'>abstinentes</span> <span class='ocrx_word' id='word_1_806' title='bbox 1449 5493 1576 5548; x_wconf 28' lang='lat' dir='ltr'>seua</span> <span class='ocrx_word' id='word_1_807' title='bbox 1605 5477 1789 5548; x_wconf 13' lang='lat' dir='ltr'>rebus,</span> <span class='ocrx_word' id='word_1_808' title='bbox 1811 5477 1987 5533; x_wconf 50' lang='lat' dir='ltr'>vene;</span> 
     </span>
    </p>
   </div>
   <div class='ocr_carea' id='block_1_111' title="bbox 337 5545 1982 5621">
    <p class='ocr_par' dir='ltr' id='par_1_111' title="bbox 337 5545 1982 5621">
     <span class='ocr_line' id='line_1_111' title="bbox 337 5545 1982 5621; baseline -0.001 -18"><span class='ocrx_word' id='word_1_809' title='bbox 337 5545 456 5603; x_wconf 76' lang='lat' dir='ltr'>i‘eis</span> <span class='ocrx_word' id='word_1_810' title='bbox 485 5545 796 5605; x_wconf 83' lang='lat' dir='ltr'>enumerat</span> <span class='ocrx_word' id='word_1_811' title='bbox 852 5547 1157 5621; x_wconf 78' lang='grc' dir='ltr'>Κρίσσωνα,</span> <span class='ocrx_word' id='word_1_812' title='bbox 1216 5548 1305 5602; x_wconf 75' lang='grc' dir='ltr'>καὶ</span> <span class='ocrx_word' id='word_1_813' title='bbox 1367 5545 1648 5621; x_wconf 71' lang='grc' dir='ltr'>Ἂστύλον,</span> <span class='ocrx_word' id='word_1_814' title='bbox 1689 5547 1796 5621; x_wconf 63' lang='grc' dir='ltr'>Δκαὶ</span> <span class='ocrx_word' id='word_1_815' title='bbox 1857 5549 1982 5601; x_wconf 82' lang='grc' dir='ltr'>Λιό-</span> 
     </span>
    </p>
   </div>
   <div class='ocr_carea' id='block_1_112' title="bbox 337 5614 1984 5692">
    <p class='ocr_par' dir='ltr' id='par_1_112' title="bbox 337 5614 1984 5692">
     <span class='ocr_line' id='line_1_112' title="bbox 337 5614 1984 5692; baseline 0.001 -20"><span class='ocrx_word' id='word_1_816' title='bbox 337 5637 580 5692; x_wconf 37' lang='grc' dir='ltr'>πο-μπον.</span> <span class='ocrx_word' id='word_1_817' title='bbox 617 5614 940 5692; x_wconf 71' lang='lat' dir='ltr'>Pausanias</span> <span class='ocrx_word' id='word_1_818' title='bbox 959 5614 1186 5692; x_wconf 19' lang='lat' dir='ltr'>A&#39;ﬂk‘tai.</span> <span class='ocrx_word' id='word_1_819' title='bbox 1370 5615 1635 5679; x_wconf 80' lang='grc' dir='ltr'>Ἀστύλος</span> <span class='ocrx_word' id='word_1_820' title='bbox 1685 5614 1742 5692; x_wconf 73' lang='grc' dir='ltr'>δὲ</span> <span class='ocrx_word' id='word_1_821' title='bbox 1767 5621 1984 5692; x_wconf 66' lang='grc' dir='ltr'>Ιςροτω-</span> 
     </span>
    </p>
   </div>
   <div class='ocr_carea' id='block_1_113' title="bbox 2097 4542 3742 4626">
    <p class='ocr_par' dir='ltr' id='par_1_113' title="bbox 2097 4542 3742 4626">
     <span class='ocr_line' id='line_1_113' title="bbox 2097 4542 3742 4626; baseline 0.004 -23"><span class='ocrx_word' id='word_1_822' title='bbox 2097 4549 2187 4603; x_wconf 81' lang='grc' dir='ltr'>καὶ</span> <span class='ocrx_word' id='word_1_823' title='bbox 2235 4542 2455 4626; x_wconf 77' lang='grc' dir='ltr'>γυναῖκα</span> <span class='ocrx_word' id='word_1_824' title='bbox 2505 4542 2844 4626; x_wconf 24' lang='grc' dir='ltr'>ᾠρμαιοτάτίην</span> <span class='ocrx_word' id='word_1_825' title='bbox 2926 4542 3072 4626; x_wconf 64' lang='grc' dir='ltr'>ἔχων</span> <span class='ocrx_word' id='word_1_826' title='bbox 3280 4549 3501 4621; x_wconf 84' lang='grc' dir='ltr'>ὁμιλεῖν</span> <span class='ocrx_word' id='word_1_827' title='bbox 3585 4542 3742 4626; x_wconf 60' lang='grc' dir='ltr'>οἱύτῇξ</span> 
     </span>
    </p>
   </div>
   <div class='ocr_carea' id='block_1_114' title="bbox 2107 4621 3744 4694">
    <p class='ocr_par' dir='ltr' id='par_1_114' title="bbox 2107 4621 3744 4694">
     <span class='ocr_line' id='line_1_114' title="bbox 2107 4621 3744 4694; baseline 0.005 -21"><span class='ocrx_word' id='word_1_828' title='bbox 2107 4643 2132 4673; x_wconf 76' lang='grc' dir='ltr'>α</span> <span class='ocrx_word' id='word_1_829' title='bbox 2162 4621 2849 4694; x_wconf 69' lang='lat' dir='ltr'>Ammbeascitharmdus</span> <span class='ocrx_word' id='word_1_830' title='bbox 2870 4622 3127 4676; x_wconf 85' lang='lat' dir='ltr'>maxima</span> <span class='ocrx_word' id='word_1_831' title='bbox 3156 4623 3522 4679; x_wconf 89' lang='lat' dir='ltr'>continentia</span> <span class='ocrx_word' id='word_1_832' title='bbox 3535 4621 3744 4694; x_wconf 55' lang='lat' dir='ltr'>praedi-</span> 
     </span>
    </p>
   </div>
   <div class='ocr_carea' id='block_1_115' title="bbox 2101 4692 3746 4762">
    <p class='ocr_par' dir='ltr' id='par_1_115' title="bbox 2101 4692 3746 4762">
     <span class='ocr_line' id='line_1_115' title="bbox 2101 4692 3746 4762; baseline 0.004 -15"><span class='ocrx_word' id='word_1_833' title='bbox 2101 4698 2195 4747; x_wconf 89' lang='lat' dir='ltr'>tus</span> <span class='ocrx_word' id='word_1_834' title='bbox 2225 4693 2441 4747; x_wconf 89' lang='lat' dir='ltr'>dicitur</span> <span class='ocrx_word' id='word_1_835' title='bbox 2468 4692 2672 4755; x_wconf 82' lang='lat' dir='ltr'>fuisse,</span> <span class='ocrx_word' id='word_1_836' title='bbox 2706 4709 2960 4762; x_wconf 89' lang='lat' dir='ltr'>cumque</span> <span class='ocrx_word' id='word_1_837' title='bbox 2990 4693 3467 4750; x_wconf 90' lang='lat' dir='ltr'>venustissimam</span> <span class='ocrx_word' id='word_1_838' title='bbox 3498 4692 3746 4753; x_wconf 72' lang='lat' dir='ltr'>uxorem</span> 
     </span>
    </p>
   </div>
   <div class='ocr_carea' id='block_1_116' title="bbox 2098 4763 3138 4831">
    <p class='ocr_par' dir='ltr' id='par_1_116' title="bbox 2098 4763 3138 4831">
     <span class='ocr_line' id='line_1_116' title="bbox 2098 4763 3138 4831; baseline 0 -13"><span class='ocrx_word' id='word_1_839' title='bbox 2098 4763 2364 4831; x_wconf 89' lang='lat' dir='ltr'>haberet,</span> <span class='ocrx_word' id='word_1_840' title='bbox 2399 4781 2518 4818; x_wconf 92' lang='lat' dir='ltr'>non</span> <span class='ocrx_word' id='word_1_841' title='bbox 2552 4763 2800 4818; x_wconf 90' lang='lat' dir='ltr'>coivisse</span> <span class='ocrx_word' id='word_1_842' title='bbox 2833 4780 2967 4819; x_wconf 91' lang='lat' dir='ltr'>cum</span> <span class='ocrx_word' id='word_1_843' title='bbox 2996 4781 3065 4818; x_wconf 90' lang='lat' dir='ltr'>ea</span> <span class='ocrx_word' id='word_1_844' title='bbox 3112 4788 3138 4812; x_wconf 86' lang='lat'>»</span> 
     </span>
    </p>
   </div>
   <div class='ocr_carea' id='block_1_117' title="bbox 2170 4832 3745 4910">
    <p class='ocr_par' dir='ltr' id='par_1_117' title="bbox 2170 4832 3745 4910">
     <span class='ocr_line' id='line_1_117' title="bbox 2170 4832 3745 4910; baseline 0.004 -21"><span class='ocrx_word' id='word_1_845' title='bbox 2170 4839 2280 4910; x_wconf 77' lang='grc'>(61)</span> <span class='ocrx_word' id='word_1_846' title='bbox 2320 4832 2726 4910; x_wconf 56' lang='grc' dir='ltr'>Ἄριστοτὲλης.</span> <span class='ocrx_word' id='word_1_847' title='bbox 2770 4834 3006 4910; x_wconf 51' lang='lat' dir='ltr'>Eadem</span> <span class='ocrx_word' id='word_1_848' title='bbox 3059 4836 3130 4891; x_wconf 90' lang='lat' dir='ltr'>de</span> <span class='ocrx_word' id='word_1_849' title='bbox 3189 4836 3413 4893; x_wconf 88' lang='lat' dir='ltr'>Eubata</span> <span class='ocrx_word' id='word_1_850' title='bbox 3466 4837 3745 4910; x_wconf 71' lang='lat' dir='ltr'>Cyrenaeo</span> 
     </span>
    </p>
   </div>
   <div class='ocr_carea' id='block_1_118' title="bbox 2098 4906 3362 4980">
    <p class='ocr_par' dir='ltr' id='par_1_118' title="bbox 2098 4906 3362 4980">
     <span class='ocr_line' id='line_1_118' title="bbox 2098 4906 3362 4980; baseline 0.004 -20"><span class='ocrx_word' id='word_1_851' title='bbox 2098 4908 2281 4961; x_wconf 83' lang='lat' dir='ltr'>refert</span> <span class='ocrx_word' id='word_1_852' title='bbox 2300 4907 2561 4980; x_wconf 63' lang='lat' dir='ltr'>Elianus</span> <span class='ocrx_word' id='word_1_853' title='bbox 2600 4909 2728 4961; x_wconf 81' lang='lat' dir='ltr'>Var.</span> <span class='ocrx_word' id='word_1_854' title='bbox 2763 4906 3022 4980; x_wconf 86' lang='lat' dir='ltr'>hist.__lib.</span> <span class='ocrx_word' id='word_1_855' title='bbox 3056 4925 3112 4975; x_wconf 74' lang='grc' dir='ltr'>ι,</span> <span class='ocrx_word' id='word_1_856' title='bbox 3147 4924 3274 4980; x_wconf 89' lang='lat' dir='ltr'>_cap.</span> <span class='ocrx_word' id='word_1_857' title='bbox 3310 4912 3362 4980; x_wconf 70' lang='lat'>2.</span> 
     </span>
    </p>
   </div>
   <div class='ocr_carea' id='block_1_119' title="bbox 2170 4977 3750 5054">
    <p class='ocr_par' dir='ltr' id='par_1_119' title="bbox 2170 4977 3750 5054">
     <span class='ocr_line' id='line_1_119' title="bbox 2170 4977 3750 5054; baseline 0.003 -23"><span class='ocrx_word' id='word_1_858' title='bbox 2170 4979 2280 5054; x_wconf 56' lang='lat'>(62)</span> <span class='ocrx_word' id='word_1_859' title='bbox 2308 4979 2570 5054; x_wconf 59' lang='grc' dir='ltr'>Ὑπεώρα.</span> <span class='ocrx_word' id='word_1_860' title='bbox 2625 4979 2860 5034; x_wconf 81' lang='lat' dir='ltr'>Rectius</span> <span class='ocrx_word' id='word_1_861' title='bbox 2892 4978 2957 5031; x_wconf 86' lang='lat' dir='ltr'>H.</span> <span class='ocrx_word' id='word_1_862' title='bbox 2990 4995 3103 5032; x_wconf 86' lang='lat' dir='ltr'>ms.</span> <span class='ocrx_word' id='word_1_863' title='bbox 3139 4977 3440 5054; x_wconf 77' lang='grc' dir='ltr'>ὑπερεώρα,</span> <span class='ocrx_word' id='word_1_864' title='bbox 3475 5004 3503 5031; x_wconf 78' lang='grc' dir='ltr'>(ι</span> <span class='ocrx_word' id='word_1_865' title='bbox 3559 4981 3750 5054; x_wconf 80' lang='lat' dir='ltr'>despi-</span> 
     </span>
    </p>
   </div>
   <div class='ocr_carea' id='block_1_120' title="bbox 2098 5049 2677 5104">
    <p class='ocr_par' dir='ltr' id='par_1_120' title="bbox 2098 5049 2677 5104">
     <span class='ocr_line' id='line_1_120' title="bbox 2098 5049 2677 5104; baseline 0.002 -1"><span class='ocrx_word' id='word_1_866' title='bbox 2098 5049 2307 5104; x_wconf 90' lang='lat' dir='ltr'>ciebat.</span> <span class='ocrx_word' id='word_1_867' title='bbox 2348 5073 2367 5095; x_wconf 76' lang='grc' dir='ltr'>ιο</span> <span class='ocrx_word' id='word_1_868' title='bbox 2405 5051 2677 5104; x_wconf 73' lang='lat' dir='ltr'>SYLBURG.</span> 
     </span>
    </p>
   </div>
   <div class='ocr_carea' id='block_1_121' title="bbox 2096 5117 3742 5246">
    <p class='ocr_par' dir='ltr' id='par_1_121' title="bbox 2096 5117 3742 5246">
     <span class='ocr_line' id='line_1_121' title="bbox 2096 5117 3742 5246; baseline 0.002 -72"><span class='ocrx_word' id='word_1_869' title='bbox 2096 5122 2279 5246; x_wconf 66' lang='grc' dir='ltr'>Ρ(θ3)</span> <span class='ocrx_word' id='word_1_870' title='bbox 2311 5117 2440 5175; x_wconf 84' lang='grc' dir='ltr'>Οὐδ’</span> <span class='ocrx_word' id='word_1_871' title='bbox 2472 5123 2507 5189; x_wconf 79' lang='grc' dir='ltr'>ἡ</span> <span class='ocrx_word' id='word_1_872' title='bbox 2568 5119 2676 5175; x_wconf 86' lang='grc' dir='ltr'>εὐν.</span> <span class='ocrx_word' id='word_1_873' title='bbox 2737 5119 2902 5176; x_wconf 82' lang='lat' dir='ltr'>Conf.</span> <span class='ocrx_word' id='word_1_874' title='bbox 2959 5121 3172 5177; x_wconf 85' lang='lat' dir='ltr'>Strom.</span> <span class='ocrx_word' id='word_1_875' title='bbox 3224 5139 3296 5191; x_wconf 78' lang='grc' dir='ltr'>ιν,</span> <span class='ocrx_word' id='word_1_876' title='bbox 3329 5141 3386 5195; x_wconf 89' lang='lat' dir='ltr'>p.</span> <span class='ocrx_word' id='word_1_877' title='bbox 3438 5125 3541 5179; x_wconf 87' lang='lat'>583</span> <span class='ocrx_word' id='word_1_878' title='bbox 3601 5124 3742 5179; x_wconf 92' lang='lat' dir='ltr'>edit.</span> 
     </span>
     <span class='ocr_line' id='line_1_122' title="bbox 2144 5209 2281 5246; baseline -0.022 0"><span class='ocrx_word' id='word_1_879' title='bbox 2144 5209 2281 5246; x_wconf 78' lang='lat' dir='ltr'>aris.</span> 
     </span>
    </p>
   </div>
   <div class='ocr_carea' id='block_1_122' title="bbox 2144 5209 2281 5246">
    <p class='ocr_par' dir='ltr' id='par_1_122' title="bbox 2144 5209 2281 5246">
     <span class='ocr_line' id='line_1_123' title="bbox 2144 5209 2281 5246; baseline -0.022 0"><span class='ocrx_word' id='word_1_880' title='bbox 2144 5209 2281 5246; x_wconf 82' lang='lat' dir='ltr'>aris.</span> 
     </span>
    </p>
   </div>
   <div class='ocr_carea' id='block_1_123' title="bbox 2169 5259 3747 5337">
    <p class='ocr_par' dir='ltr' id='par_1_123' title="bbox 2169 5259 3747 5337">
     <span class='ocr_line' id='line_1_124' title="bbox 2169 5259 3747 5337; baseline -0.001 -20"><span class='ocrx_word' id='word_1_881' title='bbox 2169 5259 2582 5337; x_wconf 16' lang='grc' dir='ltr'>(θ4&gt;[1νεύλμασι</span> <span class='ocrx_word' id='word_1_882' title='bbox 2641 5261 2887 5337; x_wconf 69' lang='grc' dir='ltr'>πλάνοις,</span> <span class='ocrx_word' id='word_1_883' title='bbox 3076 5281 3212 5329; x_wconf 88' lang='lat' dir='ltr'>ms.,</span> <span class='ocrx_word' id='word_1_884' title='bbox 3267 5263 3536 5337; x_wconf 67' lang='grc' dir='ltr'>πνεύμασι</span> <span class='ocrx_word' id='word_1_885' title='bbox 3604 5260 3747 5316; x_wconf 87' lang='grc' dir='ltr'>πλά-</span> 
     </span>
    </p>
   </div>
   <div class='ocr_carea' id='block_1_124' title="bbox 2096 5334 3252 5406">
    <p class='ocr_par' dir='ltr' id='par_1_124' title="bbox 2096 5334 3252 5406">
     <span class='ocr_line' id='line_1_125' title="bbox 2096 5334 3252 5406; baseline 0.002 -19"><span class='ocrx_word' id='word_1_886' title='bbox 2096 5355 2217 5402; x_wconf 85' lang='grc' dir='ltr'>νης,</span> <span class='ocrx_word' id='word_1_887' title='bbox 2265 5363 2274 5378; x_wconf 80' lang='grc' dir='ltr'><strong><em>ο</em></strong></span> <span class='ocrx_word' id='word_1_888' title='bbox 2313 5334 2619 5406; x_wconf 74' lang='lat' dir='ltr'>spiritibus</span> <span class='ocrx_word' id='word_1_889' title='bbox 2651 5335 2889 5406; x_wconf 13' lang='lat' dir='ltr'>erroris,</span> <span class='ocrx_word' id='word_1_890' title='bbox 2921 5357 2939 5380; x_wconf 75' lang='grc' dir='ltr'>ι</span> <span class='ocrx_word' id='word_1_891' title='bbox 2978 5335 3252 5391; x_wconf 81' lang='lat' dir='ltr'>SYLBURG.</span> 
     </span>
    </p>
   </div>
   <div class='ocr_carea' id='block_1_125' title="bbox 2169 5403 3747 5476">
    <p class='ocr_par' dir='ltr' id='par_1_125' title="bbox 2169 5403 3747 5476">
     <span class='ocr_line' id='line_1_126' title="bbox 2169 5403 3747 5476; baseline -0.003 -16"><span class='ocrx_word' id='word_1_892' title='bbox 2169 5408 2274 5476; x_wconf 81' lang='grc' dir='ltr'>(ὃὸ)</span> <span class='ocrx_word' id='word_1_893' title='bbox 2309 5403 2529 5476; x_wconf 37' lang='lat' dir='ltr'>tit—1,89%.</span> <span class='ocrx_word' id='word_1_894' title='bbox 2567 5407 2699 5462; x_wconf 66' lang='lat' dir='ltr'>Huic</span> <span class='ocrx_word' id='word_1_895' title='bbox 2743 5405 3019 5476; x_wconf 77' lang='lat' dir='ltr'>conﬂavit</span> <span class='ocrx_word' id='word_1_896' title='bbox 3049 5415 3256 5462; x_wconf 78' lang='lat' dir='ltr'>auctor</span> <span class='ocrx_word' id='word_1_897' title='bbox 3283 5424 3352 5461; x_wconf 81' lang='lat' dir='ltr'>ex</span> <span class='ocrx_word' id='word_1_898' title='bbox 3389 5405 3623 5476; x_wconf 76' lang='lat' dir='ltr'>_Coloss.</span> <span class='ocrx_word' id='word_1_899' title='bbox 3683 5421 3747 5470; x_wconf 91' lang='grc' dir='ltr'>ιι,</span> 
     </span>
    </p>
   </div>
   <div class='ocr_carea' id='block_1_126' title="bbox 2099 5469 3748 5549">
    <p class='ocr_par' dir='ltr' id='par_1_126' title="bbox 2099 5469 3748 5549">
     <span class='ocr_line' id='line_1_127' title="bbox 2099 5469 3748 5549; baseline -0.004 -19"><span class='ocrx_word' id='word_1_900' title='bbox 2099 5469 2204 5535; x_wconf 56' lang='grc' dir='ltr'>18ξ</span> <span class='ocrx_word' id='word_1_901' title='bbox 2238 5469 2442 5549; x_wconf 71' lang='grc' dir='ltr'>Μηδεῖς</span> <span class='ocrx_word' id='word_1_902' title='bbox 2467 5479 2616 5547; x_wconf 76' lang='grc' dir='ltr'>ἡμᾶς</span> <span class='ocrx_word' id='word_1_903' title='bbox 2644 5469 3098 5549; x_wconf 72' lang='grc' dir='ltr'>καταϐραϐευέτω</span> <span class='ocrx_word' id='word_1_904' title='bbox 3158 5477 3328 5538; x_wconf 87' lang='grc' dir='ltr'>θέλων</span> <span class='ocrx_word' id='word_1_905' title='bbox 3384 5474 3435 5527; x_wconf 79' lang='grc' dir='ltr'>ἐν</span> <span class='ocrx_word' id='word_1_906' title='bbox 3455 5547 3467 5549; x_wconf 78' lang='lat'>_</span> <span class='ocrx_word' id='word_1_907' title='bbox 3492 5469 3748 5549; x_wconf 53' lang='grc' dir='ltr'>ταπεινοξ</span> 
     </span>
    </p>
   </div>
   <div class='ocr_carea' id='block_1_127' title="bbox 2140 5542 3748 5620">
    <p class='ocr_par' dir='ltr' id='par_1_127' title="bbox 2140 5542 3748 5620">
     <span class='ocr_line' id='line_1_128' title="bbox 2140 5542 3748 5620; baseline -0.005 -17"><span class='ocrx_word' id='word_1_908' title='bbox 2140 5542 2335 5620; x_wconf 59' lang='grc' dir='ltr'>ροσρνῂ</span> <span class='ocrx_word' id='word_1_909' title='bbox 2363 5549 2452 5603; x_wconf 75' lang='grc' dir='ltr'>καὶ</span> <span class='ocrx_word' id='word_1_910' title='bbox 2485 5542 2747 5620; x_wconf 76' lang='grc' dir='ltr'>θρησκείᾳ</span> <span class='ocrx_word' id='word_1_911' title='bbox 2799 5542 2925 5620; x_wconf 38' lang='grc' dir='ltr'>τῶν-</span> <span class='ocrx_word' id='word_1_912' title='bbox 2950 5547 3317 5620; x_wconf 38' lang='grc' dir='ltr'>ἀγγέλωνχθῑ-</span> <span class='ocrx_word' id='word_1_913' title='bbox 3335 5563 3387 5612; x_wconf 83' lang='grc' dir='ltr'>ν,</span> <span class='ocrx_word' id='word_1_914' title='bbox 3411 5547 3477 5598; x_wconf 88' lang='grc'>23</span> <span class='ocrx_word' id='word_1_915' title='bbox 3511 5562 3525 5620; x_wconf 82' lang='lat'>_:</span> <span class='ocrx_word' id='word_1_916' title='bbox 3558 5542 3748 5620; x_wconf 76' lang='grc' dir='ltr'>Ἀτινά</span> 
     </span>
    </p>
   </div>
   <div class='ocr_carea' id='block_1_128' title="bbox 2124 5569 3748 5695">
    <p class='ocr_par' dir='ltr' id='par_1_128' title="bbox 2124 5569 3748 5695">
     <span class='ocr_line' id='line_1_129' title="bbox 2124 5569 3748 5620; baseline -0.004 -18"><span class='ocrx_word' id='word_1_917' title='bbox 2124 5569 2335 5618; x_wconf 69' lang='grc' dir='ltr'>ιροσυνῃ</span> <span class='ocrx_word' id='word_1_918' title='bbox 2363 5569 2452 5603; x_wconf 83' lang='grc' dir='ltr'>και</span> <span class='ocrx_word' id='word_1_919' title='bbox 2485 5569 2747 5620; x_wconf 75' lang='grc' dir='ltr'>ῠρησκειᾳ</span> <span class='ocrx_word' id='word_1_920' title='bbox 2799 5569 2906 5602; x_wconf 90' lang='grc' dir='ltr'>των</span> <span class='ocrx_word' id='word_1_921' title='bbox 2950 5569 2982 5600; x_wconf 91' lang='grc' dir='ltr'>α</span> <span class='ocrx_word' id='word_1_922' title='bbox 3055 5569 3215 5602; x_wconf 70' lang='grc' dir='ltr'>εΛων-</span> <span class='ocrx_word' id='word_1_923' title='bbox 3250 5569 3307 5600; x_wconf 78' lang='lat' dir='ltr'>ei.</span> <span class='ocrx_word' id='word_1_924' title='bbox 3338 5569 3387 5612; x_wconf 79' lang='grc' dir='ltr'>ν,</span> <span class='ocrx_word' id='word_1_925' title='bbox 3411 5569 3477 5598; x_wconf 78' lang='lat' dir='ltr'>zo</span> <span class='ocrx_word' id='word_1_926' title='bbox 3513 5569 3525 5598; x_wconf 86' lang='lat'><strong>:</strong></span> <span class='ocrx_word' id='word_1_927' title='bbox 3582 5569 3748 5599; x_wconf 67' lang='grc' dir='ltr'>Λτινα</span> 
     </span>
     <span class='ocr_line' id='line_1_130' title="bbox 2124 5569 3748 5695; baseline -0.003 -23"><span class='ocrx_word' id='word_1_928' title='bbox 2124 5640 2208 5673; x_wconf 89' lang='grc' dir='ltr'>στι</span> <span class='ocrx_word' id='word_1_929' title='bbox 2239 5617 2408 5694; x_wconf 89' lang='grc' dir='ltr'>λόγον</span> <span class='ocrx_word' id='word_1_930' title='bbox 2443 5621 2538 5695; x_wconf 75' lang='grc' dir='ltr'>μὲν</span> <span class='ocrx_word' id='word_1_931' title='bbox 2572 5620 2767 5695; x_wconf 75' lang='grc' dir='ltr'>ἔχοντα</span> <span class='ocrx_word' id='word_1_932' title='bbox 2801 5569 3080 5695; x_wconf 44' lang='grc' dir='ltr'>σο-σίίαςγέν</span> <span class='ocrx_word' id='word_1_933' title='bbox 3138 5615 3577 5689; x_wconf 80' lang='grc' dir='ltr'>ἐθελοθρησκείᾳ,</span> <span class='ocrx_word' id='word_1_934' title='bbox 3653 5613 3748 5667; x_wconf 76' lang='grc' dir='ltr'>καὶ</span> 
     </span>
    </p>
   </div>
   <div class='ocr_carea' id='block_1_129' title="bbox 336 5685 3244 5769">
    <p class='ocr_par' dir='ltr' id='par_1_129' title="bbox 336 5685 3244 5769">
     <span class='ocr_line' id='line_1_131' title="bbox 336 5685 3244 5769; baseline -0.001 -23"><span class='ocrx_word' id='word_1_935' title='bbox 336 5685 527 5762; x_wconf 68' lang='grc' dir='ltr'>νιάτης</span> <span class='ocrx_word' id='word_1_936' title='bbox 555 5690 873 5767; x_wconf 80' lang='grc' dir='ltr'>Πυθαγόρου</span> <span class='ocrx_word' id='word_1_937' title='bbox 907 5690 1005 5766; x_wconf 82' lang='grc' dir='ltr'>μέν</span> <span class='ocrx_word' id='word_1_938' title='bbox 1059 5689 1200 5745; x_wconf 68' lang='grc' dir='ltr'>ἐστιν</span> <span class='ocrx_word' id='word_1_939' title='bbox 1251 5685 1426 5766; x_wconf 79' lang='grc' dir='ltr'>ἔργον,</span> <span class='ocrx_word' id='word_1_940' title='bbox 1485 5693 1633 5763; x_wconf 88' lang='grc' dir='ltr'>τρεῖς</span> <span class='ocrx_word' id='word_1_941' title='bbox 1689 5687 1746 5744; x_wconf 68' lang='grc' dir='ltr'>δὲ</span> <span class='ocrx_word' id='word_1_942' title='bbox 1789 5685 1983 5768; x_wconf 56' lang='grc' dir='ltr'>ἐφεξῆς</span> <span class='ocrx_word' id='word_1_943' title='bbox 2088 5685 2576 5769; x_wconf 72' lang='grc' dir='ltr'>ταπεινοὶρροσύνῃ,</span> <span class='ocrx_word' id='word_1_944' title='bbox 2603 5685 2695 5746; x_wconf 56' lang='grc' dir='ltr'>καὶ</span> <span class='ocrx_word' id='word_1_945' title='bbox 2725 5687 2940 5765; x_wconf 79' lang='grc' dir='ltr'>ἀφειδίᾳ</span> <span class='ocrx_word' id='word_1_946' title='bbox 2963 5687 3244 5761; x_wconf 87' lang='grc' dir='ltr'>σώματος.</span> 
     </span>
    </p>
   </div>
  </div>
