4034 6148
340 267 479 323 1157

1662 263 2110 322 STROMATUM
2150 271 2281 323 LIB.
2323 274 2423 325 Ill.

3617 277 3758 334 1158

337 387 756 466 προσαγορεύειν
807 389 919 460 ('76)
978 384 1232 460 σύζυγον,
1282 381 1350 453 ἤν
1403 385 1466 439 οὐ
1497 385 1847 459 περιεκόμιζε
1901 384 1986 440 διὰ

2104 394 2425 466 reprobant
2446 396 2745 468 apostolos
2757 397 3003 454 ?Petrus
3018 400 3176 454 enim
3195 406 3251 456 et
3272 402 3581 475 Philippus
3596 404 3753 460 filios

335 483 399 537 τὸ
454 487 555 549 τῆς
619 475 916 550 ὑπηρεσίας
971 473 1227 536 εὐσταλὲς
1275 478 1402 546 (77).
1443 475 1601 550 Λὲγει
1632 476 1723 529 οὖν
1785 473 1838 530 ἔν
1886 497 1994 530 τινι

339 569 637 642 ἐπιστολῇ·
701 591 729 619 ‹‹
781 566 898 624 Ούκ
943 560 1144 640 ἔχομεν
1196 562 1434 634 ἐξουσίαν
1475 562 1719 642 ἀδελφὴν
1768 571 1997 638 γυναῖκα

337 658 634 734 περιάγειν,
668 657 742 718 ὡς
774 656 864 710 καὶ
895 655 946 708 οἱ
978 652 1170 708 λοιποὶ
1211 651 1512 707 ἀπόστολοι
1540 670 1553 720 ;
1591 675 1618 703 ιι
1673 652 1838 709 Οὗτοι
1873 653 1994 725 μὲν,

337 749 558 809 οἰκείως
612 749 682 812 τῆ
742 743 985 816 διακονίᾳ
1058 743 1446 816 ἀπερισπάστῳ
1520 747 1602 814 τῷ
1683 742 1994 818 κηρύγματι

335 837 770 914 προσανέχοντες
802 834 938 903 (78),
991 833 1102 906 οὐχ
1142 831 1216 892 ὡς
1248 832 1513 904 γαμετάς,
1546 829 1675 885 ἀλλ’
1707 831 1784 892 ὡς
1834 827 1998 884 ἀδελ-

336 928 441 1005 φάς
490 930 598 998 (79)
641 929 900 998 περιῆγον
948 921 1045 982 τὰς
1109 926 1392 994 γυναῖκας,
1443 917 1827 981 συνδιακόνους
1883 919 1999 974 ἐσο-

341 1017 504 1090 μένας
553 1015 687 1088 πρὸς
736 1013 831 1074 τάς
882 1009 1168 1082 οδκουροῦς
1227 1014 1503 1086 γυναῖκας,
1559 1006 1628 1062 δι’
1678 1006 1751 1062 ὧν
1795 1009 1884 1063 καὶ
1920 1009 1995 1070 εἰς

333 1107 433 1175 τήν
466 1107 839 1181 γυναικωνῖτιν
874 1095 1228 1169 ἀδιαϐλήτως
1256 1102 1370 1171 \80,‘
1418 1098 1802 1173 παρεισεὸύετο
1833 1101 1868 1167 ἡ
1899 1103 1997 1153 τοῦ

337 1194 536 1270 Κυρίου
567 1190 910 1248 διδασκαλία.
959 1191 1142 1261 Ἴσμεν
1187 1189 1287 1262 γάρ
1337 1188 1430 1242 καὶ
1482 1188 1581 1242 ὅσα
1633 1189 1756 1261 περὶ
1807 1185 1998 1242 διακό-

337 1306 444 1340 νων
475 1281 746 1358 γυναικῶν
778 1277 830 1333 ἐν
861 1281 930 1352 τῇ
962 1277 1119 1350 ἕτερα
1172 1277 1306 1351 πρὸς
1350 1276 1617 1343 Τιμόθεον
1669 1274 1934 1350 ἐπιστολῇ
1967 1277 1996 1330 ὁ

336 1377 580 1448 γενναῖος
613 1367 954 1424 διατάσσεται
989 1365 1223 1426 Παῦλος.
1282 1364 1461 1420 ’Λλλά
1490 1365 1598 1437 μὴν
1632 1365 1660 1418 ὁ
1690 1363 1852 1426 αὐτὸς
1903 1362 1994 1418 οῦ-

335 1482 428 1524 τος
454 1461 738 1533 κέκραγεν,
795 1458 870 1518 ὡς
925 1479 951 1510 ιι
983 1455 1083 1509 οὐκ
1133 1452 1276 1509 ἔστιν
1328 1456 1363 1523 ἡ
1402 1451 1654 1528 βασιλεία
1708 1457 1806 1508 τοῦ
1863 1457 1997 1508 Θεοῦ

343 1551 544 1627 βρῶσις
575 1548 666 1603 καὶ
695 1547 875 1608 πόσιςο
906 1569 935 1597 ››
967 1541 1096 1600 οὐδὲ
1130 1545 1237 1616 μὴν
1262 1543 1450 1616 ἁποχή
1485 1541 1636 1596 οἷ’νου
1667 1541 1758 1596 καὶ
1795 1545 1992 1617 κρεῶν⁶

345 1664 372 1692 ‹‹
407 1636 553 1694 ἀλλὰ
584 1634 924 1704 δικαιοσύνη,
953 1632 1044 1688 καὶ
1093 1631 1311 1707 εἲρήνη,
1341 1635 1430 1686 καὶ
1463 1631 1609 1706 χαρᾶ
1638 1629 1689 1685 ἐν
1722 1631 1996 1701 Ιινεύματι

339 1726 495 1803 ἁγίῳ.
532 1749 557 1780 ιι
597 1727 696 1788 Τίς
747 1724 945 1787 αὐτῶν,
983 1721 1250 1794 μηλωτήν
1299 1721 1390 1776 καί
1445 1723 1621 1790 ζώνην
1670 1718 1996 1825 δερματίνην
2022 1761 2069 1825 Β

334 1813 504 1892 ἔχων,
532 1813 880 1888 περιέρχεται
935 1811 1007 1872 ὡς
1071 1809 1262 1870 Ἠλίας
1314 1812 1465 1882 (81);
1528 1809 1627 1870 Τίς
1685 1808 1742 1863 δὲ
1792 1814 1989 1864 σάκκον

335 1899 730 1981 περιϐέϐληται
757 1944 772 1970 ,
817 1901 1023 1977 γυμνὸς
1069 1899 1134 1954 τὰ
1180 1896 1324 1954 ἄλλα
1371 1897 1460 1952 καὶ
1517 1894 1869 1970 ἀνυπόδετος,
1919 1897 1993 1960 ὡς

333 1991 605 2062 ἸΙσαΐας;
650 1991 686 2061 ἢ
736 1991 1023 2065 περίζωμα
1077 1988 1239 2061 μόνον
1292 1985 1498 2057 λινοῦν,
1551 1987 1626 2049 ὡς
1675 1987 1986 2062 Ἰερεμίας;

333 2087 593 2140 Ἰωάννου
626 2080 684 2138 δὲ
711 2084 810 2152 τὴν
844 2081 1084 2136 ἔνστασιν
1114 2079 1213 2147 τήν
1247 2078 1554 2153 γνωστικὴν
1595 2081 1691 2132 τοῦ
1740 2076 1862 2153 βίου
1903 2078 1990 2139 τίς

343 2177 641 2248 μιμήσεται
668 2191 682 2241 ;
715 2169 896 2232 Ἀλλά
922 2168 1010 2223 καί
1043 2167 1186 2223 οὕτω
1213 2169 1477 2242 βιοῦντες,
1511 2166 1886 2242 ηὐχαρίστουν
1913 2171 1991 2238 τῷ

335 2263 577 2320 κτίσαντι
611 2262 662 2317 οἱ
708 2261 965 2335 μακάριοι
1016 2263 1314 2335 προφῆται.
1345 2257 1414 2314 Ἠ
1461 2254 1519 2311 δὲ
1569 2257 1988 2331 Καρποκράτους

335 2351 711 2420 δικαιοσύνην,
744 2348 836 2404 καὶ
864 2351 974 2403 τῶν
1004 2346 1198 2414 ἐπίσης
1226 2345 1376 2418 αὐτῷ
1403 2346 1502 2413 τήν
1554 2343 1857 2400 ἀκόλαστον
1893 2366 1991 2417 με-

332 2441 558 2498 τιόντων
618 2438 931 2504 κοινωνίαν,
991 2433 1098 2490 ὧδὲ
1155 2455 1272 2496 πως
1329 2432 1678 2489 καταλύεται·
1723 2435 1836 2506 ἅμα
1883 2435 1988 2510 γάρ

332 2535 412 2604 τῷ
461 2531 662 2608 φάναι,
713 2552 740 2580 ‹‹
775 2529 862 2598 Τῷ
910 2523 1162 2580 αἰτοῦντί.
1200 2526 1312 2596 (82)
1370 2543 1427 2578 σε
1484 2520 1598 2577 δός·
1632 2546 1660 2574 ››
1721 2520 1984 2597 ἐπιφὲρειο

333 2643 362 2671 ‹‹
396 2620 502 2688 Καὶ,
553 2618 646 2674 τὸν
705 2615 934 2671 Θέλοντα
991 2613 1329 2668 δανείσασθαι
1393 2613 1468 2684 μὴ
1529 2611 1918 2688 ἀποστραφῇς·
1958 2634 1986 2661 ››

331 2708 534 2778 ταύτην
573 2703 840 2761 διδάσκων
890 2704 992 2772 τήν
1021 2701 1332 2770 κοινωνίαν,
1366 2699 1492 2773 οὐχὶ
1546 2697 1603 2753 δὲ
1640 2701 1738 2768 τήν
1771 2696 1986 2773 λάγνον,

335 2801 458 2857 Πῶς
499 2794 557 2849 δὲ
601 2796 630 2849 ὁ
673 2792 865 2857 atra»,
920 2790 1012 2844 καὶ
1058 2784 1379 2861 λαμϐάνων,
1439 2789 1526 2840 καὶ
1584 2784 1984 2858 δανειζόμενος,

337 2885 439 2938 ἀπὸ
475 2881 706 2956 μηδενὸς
753 2881 1096 2954 ὑπάρχοντος
1145 2881 1242 2930 τοῦ
1292 2871 1517 2950 ἔχοντος
1574 2876 1663 2930 καὶ
1718 2873 1984 2945 διδόντος,

332 2973 420 3028 καὶ
455 2972 790 3042 δανείζοντος
824 2991 838 3039 ;
870 2971 934 3026 Τί
977 2965 1022 3022 δ’
1059 2989 1072 3038 ;
1106 2966 1230 3022 ὅταν
1262 2967 1289 3020 ὁ
1321 2965 1522 3040 Κύριος
1580 2968 1678 3040 φῇ,
1738 2990 1765 3016 ‹‹
1800 2965 1984 3021 Ἐπεί-

332 3084 486 3134 νασα,
525 3063 615 3118 καὶ
664 3059 994 3137 ἐχορτάσατέ
1055 3077 1120 3130 με
1169 3060 1303 3132 (83)⁸
1356 3053 1606 3129 ἐδίψησα,
1654 3054 1743 3110 καὶ
1797 3053 1980 3110 ἐποτί-

338 3200 467 3328 ῃιι(
490 3203 553 3256 Ρ.
583 3201 686 3254 536
716 3199 828 3253 ED.
860 3196 1153 3262 POTTER,
1185 3194 1427 3248 448-449
1458 3193 1570 3247 ΕΙ).
1603 3193 1830 3248 PARIS.

1999 3193 2074 3264 (α)
2106 3195 2129 3248 Ι
2161 3195 2291 3251 Cor.
2324 3211 2400 3265 Ix,
2432 3197 2484 3248 5.

2103 487 2828 558 procrearuntzPhilippus
2841 495 3035 543 autem
3049 490 3201 544 filias
3215 509 3448 562 quoque
3463 511 3599 549 suas
3614 495 3751 551 viris

2104 573 2332 630 locavit.
2361 578 2429 630 Et
2451 577 2667 631 Paulus
2689 577 2931 648 quidem
2952 586 3109 633 certe
3131 597 3250 634 non
3273 589 3510 637 veretur
3528 585 3588 639 in
3607 603 3750 655 qua-

2104 665 2238 719 dam
2273 665 2522 736 epistola
2552 682 2720 720 suam
2752 667 3054 737 appellare
3087 691 3112 716 «
3149 670 3485 741 conjugem,
3513 694 3539 720 ››
3571 691 3750 743 quam

2103 770 2223 808 non
2251 753 2725 817 circumferebat,
2759 755 2921 826 quod
2953 773 3071 810 non
3105 773 3317 829 magno
3351 759 3401 812 ei
3428 767 3582 814 esset
3604 779 3752 832 opus

2102 841 2455 898 ministerio.
2494 843 2645 898 Dicit
2675 844 2874 915 itaque
2902 846 2961 899 in
2986 846 3242 916 quadam
3266 847 3516 919 epistola
3541 866 3553 902 :
3576 871 3602 898 ››
3628 853 3753 906 Non

2101 931 2389 987 habemus
2421 939 2772 1003 potestatem
2807 952 3073 989 sororem
3119 953 3363 990 uxorem
3413 938 3751 994 circumdu-

2102 1021 2292 1075 cendi.
2317 1022 2539 1076 sicutet
2561 1023 2773 1094 reliqui
2793 1023 3033 1078 arostoli
3057 1025 3130 1093 (α)
3150 1024 3178 1078 ‘I
3195 1025 3302 1078 Sed
3323 1026 3382 1079 hi
3405 1026 3666 1097 quidem,
3688 1035 3753 1084 ut

2103 1116 2230 1164 erat
2256 1119 2746 1176 consentaneum,
2768 1122 2831 1184 ›ι‹
2851 1113 3200 1170 ministerio.
3225 1115 3381 1184 quod
3409 1115 3605 1170 divelli
3631 1135 3750 1174 non

2102 1206 2352 1270 poterat,
2385 1201 2795 1272 praadicationi
2825 1202 3070 1264 scilicet,
3104 1203 3498 1272 attendentes,
3533 1222 3652 1260 non
3685 1213 3751 1262 ut

2101 1305 2335 1348 uxores.
2369 1289 2473 1344 sed
2505 1296 2569 1344 ut
2599 1306 2832 1345 sorores
2873 1291 3396 1348 circumducebant
3443 1295 3746 1364 mulieres,

2102 1397 2232 1450 qum
2260 1397 2382 1434 una
2407 1381 2827 1435 ministraturm
2862 1388 3060 1436 essent
3090 1383 3244 1453 apud
3290 1385 3570 1440 mulieres
3617 1405 3747 1457 quin

2102 1466 2309 1522 domos
2331 1469 2747 1523 custodiebant
2773 1487 2786 1522 :
2806 1486 2912 1540 per
2928 1487 3074 1540 quas
3098 1470 3276 1525 etiam
3299 1471 3360 1526 in
3381 1489 3746 1544 gynaeceum,

2101 1556 2326 1628 absque
2356 1557 2480 1612 ulla
2509 1558 2972 1628 reprehensione
3007 1559 3230 1614 malave
3262 1562 3621 1632 suspicione,
3655 1565 3750 1619 in-

2099 1645 2266 1718 gredi
2295 1651 2496 1718 posset
2525 1646 2796 1702 doctrina
2826 1648 3080 1702 Domini.
3127 1649 3357 1704 Scimus
3388 1652 3548 1706 enim
3583 1669 3749 1723 quaa-

2101 1752 2334 1806 cunque
2357 1735 2429 1790 de
2447 1735 2686 1790 feminis
2710 1735 2976 1791 diaconis
3001 1737 3060 1791 in
3083 1737 3269 1793 altera
3286 1738 3358 1793 ad
3375 1740 3745 1796 Timotheum

2101 1816 2631 1886 praestantissimus
2649 1816 2822 1872 docet
2843 1817 3079 1874 Paulus.
3101 1819 3275 1888 Atqui
3292 1819 3386 1874 hic
3405 1820 3530 1891 ipse
3553 1823 3750 1877 excla-

2099 1905 2279 1960 mavit
2304 1921 2316 1959 :
2337 1928 2363 1954 «
2387 1906 2512 1960 Non
2531 1911 2622 1960 est
2642 1922 2888 1978 regnum
2912 1906 3014 1961 Dei
3035 1922 3170 1961 esca
3187 1913 3245 1962 et
3265 1914 3436 1978 potus
3463 1925 3475 1962 :
3503 1931 3530 1958 ››
3553 1926 3748 1982 neque

2097 2010 2234 2048 vero
2264 1994 2630 2049 abstinentia
2659 2011 2694 2050 a
2722 1996 2855 2048 vino
2886 2001 2945 2049 et
2973 1995 3254 2051 carnibus
3279 2014 3292 2063 ;
3317 2019 3344 2046 «
3368 1998 3742 2069 sedjustitia,

2100 2089 2158 2138 et
2188 2099 2322 2154 pax,
2355 2089 2414 2138 et
2442 2083 2723 2156 gaudium
2765 2083 2827 2138 in
2876 2084 3095 2155 Spiritu
3147 2090 3350 2140 sancto
3376 2087 3472 2157 (ὁ).
3529 2109 3556 2137 »
3606 2089 3746 2153 Quis

2097 2189 2326 2238 eorum,
2345 2173 2521 2227 ovilla
2541 2173 2695 2244 pelle
2711 2173 2971 2236 indutus,
2993 2191 3137 2228 zona
3155 2175 3407 2245 pellicea
3423 2177 3744 2245 accinctus,

2097 2261 2307 2316 circuit
2334 2267 2399 2315 ut
2423 2261 2579 2316 Elias
2600 2261 2628 2315 ‘I
2655 2261 2794 2325 Quis
2821 2261 3082 2316 cilicium
3133 2263 3348 2331 induit,
3390 2269 3604 2319 caetera
3634 2282 3745 2320 nu-

2097 2348 2228 2416 dus,
2262 2355 2321 2404 et
2350 2349 2762 2416 discalceatus,
2798 2354 2863 2402 ut
2902 2348 3133 2404 Isaias?
3172 2351 3262 2405 vel
3311 2351 3744 2423 subligaculum

2095 2443 2327 2493 tantum
2359 2438 2534 2492 habet
2566 2437 2812 2505 lineum,
2837 2444 2903 2491 ut
2920 2439 3204 2492 Jeremias
3225 2439 3254 2493 *ἲ
3280 2440 3522 2494 Joannis
3545 2447 3743 2496 autem

2094 2528 2225 2582 vita;
2248 2527 2584 2581 institutum
2608 2527 2940 2597 gnosticum
2963 2527 3097 2596 quis
3120 2527 3453 2582 imitabitur
3474 2529 3502 2582 ?
3526 2530 3637 2584 Sed
3661 2530 3744 2586 sic

2096 2631 2332 2684 quoque
2346 2615 2621 2678 viventes,
2637 2615 2854 2682 gratias
2876 2615 3135 2668 Creatori
3153 2615 3406 2687 agebant
3425 2616 3578 2672 beati
3604 2636 3737 2689 pro-

2095 2703 2309 2773 phetze.
2343 2702 2714 2772 Carpocratis
2740 2707 2935 2756 autem
2974 2703 3229 2773 justitia.
3276 2709 3334 2758 et
3363 2721 3589 2767 eorum.
3641 2708 3741 2778 qui

2095 2807 2262 2860 aeque
2276 2795 2450 2861 atque
2471 2790 2594 2862 ipse
2614 2791 2975 2862 impudicam
3006 2799 3451 2864 prosequuntur
3471 2811 3740 2852 commu-

2094 2881 2357 2948 nionem,
2419 2881 2528 2935 hoc
2574 2881 2748 2935 modo
2799 2880 3178 2948 dissolvitur;
3232 2883 3410 2937 simul
3460 2885 3618 2940 enim
3671 2902 3740 2942 ac

2093 2969 2342 3023 dixerit:
2381 2995 2401 3018 ο
2437 2971 2512 3024 Te
2542 2970 2766 3041 petenti
2798 2969 2940 3036 des;
2978 2994 3005 3020 ››
3048 2971 3387 3044 subjungit:
3422 2995 3448 3023 (ι
3481 2975 3550 3028 Et
3579 2992 3736 3042 eum,

2095 3059 2195 3130 qui
2214 3059 2357 3114 velit
2373 3064 2577 3114 mutuo
2597 3060 2886 3130 accipere,
2910 3076 2984 3113 ne
3007 3063 3298 3116 averseris
3320 3065 3393 3135 (ο)
3416 3082 3430 3131 ;
3459 3064 3614 3120 hanc
3635 3065 3737 3120 do—

2647 3194 2723 3266 (b)
2755 3196 2920 3250 Rom.
2954 3211 3069 3263 xiv,
3107 3199 3188 3249 l7.
3351 3199 3418 3269 (ο)
3451 3199 3650 3256 Matth.
3686 3219 3738 3270 ι’,

334 3423 482 3479 quos
513 3403 813 3476 apostolos
842 3418 1054 3479 uxores
1093 3401 1373 3479 habuisse
1420 3400 1679 3479 af_ﬁrmat
1703 3400 1975 3465 Basilius,
2011 3403 2053 3469 C
2094 3402 2260 3479 mino
2289 3401 2480 3479 nAsine
2511 3399 2636 3479 ulta
2664 3399 3069 3479 distractioae.

334 3473 410 3534 De
437 3473 679 3532 abdicat.
711 3492 840 3540 ser.,
866 3475 1074 3544 statim
1105 3473 1176 3528 ab
1227 3473 1395 3527 initio
1467 3475 1535 3527 Et
1558 3473 1693 3544 ipse
1741 3490 1978 3544 quoque

335 3549 595 3622 lgnalius
620 3564 632 3601 :
665 3547 752 3606 Ὠς
778 3543 1024 3622 μέτρου,
1073 3545 1162 3597 καὶ
1215 3544 1454 3622 Παύλου,
1483 3543 1571 3622 καὶ
1592 3541 1606 3544 “
1629 3546 1734 3596 τῶν
1760 3541 1776 3544 ’
1795 3541 1980 3622 ἄλλων

335 3616 678 3686 ἀποστόλων,
734 3620 840 3670 τῶν
894 3617 1096 3689 γάμοις
1159 3616 1731 3689 προσομιλησάντωνγ.
1798 3621 1980 3688 lgnat.

333 3695 504 3762 Epist.
539 3692 612 3745 ad
642 3688 1010 3759 Philadelph,
1045 3705 1100 3759 p.
1135 3690 1200 3742 98
1247 3688 1386 3742 edit.
1446 3689 1642 3742 Usser.
1680 3688 1859 3762 llunc.
1896 3689 1985 3762 fa_-_-

336 3759 481 3824 téor,
497 3762 706 3834 lgnatii
724 3762 918 3834 locum
941 3765 1284 3829 corruptum
1309 3775 1460 3825 esse,
1483 3775 1551 3814 ac
1572 3775 1793 3834 nomen
1821 3759 1983 3834 Pauli

340 3835 412 3890 ab
438 3831 733 3889 haereticis
757 3833 1141 3886 intersertum
1165 3847 1354 3895 esse,e
1377 3847 1518 3884 mss.
1545 3831 1743 3883 nescio
1766 3831 1983 3900 quibus

334 3907 550 3962 acriter
569 3903 940 3960 contendunt
958 3902 1253 3974 pontificii
1269 3921 1282 3966 ;
1298 3902 1401 3956 sed
1425 3902 1746 3974 incassum,
1766 3908 1828 3954 ut
1849 3919 1982 3972 pro-

335 3978 433 4032 bat
452 3979 570 4033 Jac.
597 3973 1006 4030 Amarchanus
1041 3975 1100 4026 in
1127 3973 1530 4042 l’rolegomenis
1562 3973 1634 4026 ad
1670 3974 1980 4044 lgnatium,

334 4067 440 4120 cap
493 4053 576 4102 17.
627 4046 972 4120 Ambrosius
1005 4052 1202 4120 autem
1251 4044 1519 4120 Paulum,
1554 4060 1688 4120 cum
1736 4045 1978 4120 Joanne,

335 4115 554 4191 eosque
576 4119 756 4182 solos,
786 4117 1040 4187 excipit:
1068 4141 1086 4191 ιι
1115 4117 1352 4175 Omnes,
1382 4115 1650 4191 »_in_quit.
1677 4116 1982 4185 «apostoli

336 4187 595 4262 eXceptis
625 4191 850 4262 Joanne
869 4197 926 4242 et
949 4188 1148 4252 Paulo,
1182 4202 1392 4262 uxores
1415 4187 1752 4262 habuerunt
1849 4191 1980 4262 _Am-

335 4257 497 4317 bros.-
527 4262 588 4315 in
626 4263 664 4313 Il
699 4261 829 4314 Cor.
864 4275 942 4325 xx,
996 4262 1047 4311 2.
1109 4262 1180 4312 At
1223 4258 1495 4312 Clemens
1547 4257 1983 4312 Alexandrinus

335 4333 584 4388 Paulum
620 4331 796 4385 etiam
829 4345 1073 4384 ux0rem
1118 4328 1396 4383 habuisse
1429 4327 1633 4382 scribit
1661 4330 1863 4383 Strom.
1899 4345 1979 4396 ιιι,

377 4446 390 4458 .
424 4406 527 4458 488
561 4403 698 4457 edit.
728 4401 934 4467 Paris.,
959 4401 1057 4454 ubi
1082 4407 1140 4454 et
1165 4401 1502 4470 Philippum
1524 4399 1814 4470 addit.rDe
1849 4400 1981 4453 Phi-

377 4446 390 4458 .
424 4422 527 4458 ὖδδ
561 4422 698 4457 Θαιι.
728 4422 934 4467 rans,
959 4422 1057 4454 UDI
1082 4422 1140 4454 (ξι
1165 4422 1502 4470 ι’ωιιρριιῐιι
1524 4422 1706 4455 ᾶαιιιι.
1741 4422 1814 4454 UB
1849 4422 1978 4453 l’lll-

331 4422 372 4530 Ε
423 4491 494 4546 ρο
523 4474 679 4529 idem
704 4472 916 4527 asserit
934 4477 992 4525 et
1015 4473 1076 4525 D.
1097 4473 1551 4540 Chrysostomus
1579 4469 1666 4530 Εἷς
1684 4469 1775 4524 τὸν
1801 4470 1978 4538 Ὀζίαν

333 4493 454 4600 Afy.
488 4543 553 4600 δ’.
592 4552 730 4599 tom.
767 4545 829 4600 V.
861 4561 917 4600 ο.
954 4545 1052 4595 117
1077 4544 1166 4597 ed.
1193 4543 1362 4598 Savil.
1399 4549 1456 4597 et
1484 4549 1619 4597 ante
1643 4559 1777 4598 eum
1807 4543 1978 4600 Polv-

443 4588 454 4600 .
488 4559 553 4610 6⁷,
592 4559 730 4599 tom.
772 4559 829 4609 ν,
861 4561 917 4610 p.
954 4559 1049 4595 1’“
1077 4559 1166 4597 eu.
1193 4559 1362 4598 bavu.
1399 4559 1456 4597 el.
1484 4559 1619 4597 ante
1643 4559 1777 4598 eum
1809 4559 1979 4610 l’Oly-

335 4561 454 4617 Αογ.
488 4561 515 4598 ο
541 4588 553 4610 ,
592 4561 730 4599 tom.
773 4561 829 4609 ν,
861 4561 917 4613 p.
954 4561 1049 4595 HI
1077 4561 1166 4597 eu.
1194 4561 1362 4598 aavu.
1399 4561 1456 4597 et
1484 4561 1619 4597 ante
1643 4561 1777 4598 eum
1809 4561 1978 4614 rmy-

332 4625 524 4673 crates
546 4615 976 4688 Ephesinorum
1000 4615 1308 4688 episcOpus
1339 4615 1399 4688 in
1423 4615 1672 4688 epistola
1691 4615 1978 4688 ad__\_’icto-

331 4706 458 4744 rem
492 4685 844 4751 Romanum,
869 4686 1025 4756 apud
1074 4686 1284 4740 Euseb.
1329 4687 1467 4740 Hist.
1521 4687 1704 4740 eccles.
1761 4685 1861 4738 lib.
1901 4703 1977 4751 ιιι,

2162 3471 2451 3548 (Mog
2504 3471 2577 3548 ῶς
2630 3473 2912 3544 γαμετάς,
2976 3471 3103 3548 ἀλλ’
3161 3469 3550 3548 ῶςμάδελφάς,
3611 3477 3744 3532 me-

2093 3541 2464 3620 mensinfra,
2497 3541 2806 3620 Sirmium,
2839 3560 2970 3620 pag.
3003 3547 3106 3620 664
3141 3560 3153 3597 :
3192 3541 3534 3620 ’ᾼδελφῆδε
3565 3549 3742 3618 τούτῳ

2089 3618 2123 3684 ἡ
2155 3616 2290 3688 γυνή
2330 3615 2463 3692 μετά
2492 3615 2590 3692 τήν
2625 3612 2998 3692 παιδοποιίαν,
3025 3615 3107 3692 ,ὡς
3138 3615 3226 3667 καὶ
3259 3612 3571 3692 ὁμοπατρία
3617 3612 3743 3692 κρίῖ-

2087 3673 2261 3758 ν’ῑτάι,
2279 3673 2402 3740 τότε
2439 3684 2603 3758 μόνον
2635 3689 2728 3738 τοῦ
2775 3683 2965 3758 ἀνδρὸς
3014 3673 3567 3758 ἀναμιμνησκομένῳ
3597 3673 3742 3755 ὁπη-

2087 3763 2211 3812 νὶκα
2240 3756 2300 3812 ἃν
2331 3734 2685 3818 τοῖςτέκνοις
2713 3734 3052 3830 προσϐλέπῃ,
3107 3741 3132 3806 «ξ
3170 3734 3324 3813 Uxo‘r
3359 3734 3567 3815 autem:
3589 3763 3640 3814 ei
3676 3734 3744 3816 ἀι

2090 3832 2268 3885 Soror
2297 3837 2430 3902 post
2451 3829 2772 3884 liberorum
2802 3830 3262 3902 susceptionem,
3289 3837 3346 3884 et
3371 3832 3577 3887 eodem
3610 3833 3740 3888 loco

2090 3901 2358 3967 habetur,
2393 3918 2459 3956 ac
2493 3902 2542 3955 si
2575 3907 2730 3955 esset
2761 3901 2968 3972 eodem
3003 3908 3166 3972 patre
3185 3908 3343 3968 nata,
3375 3911 3512 3959 tunc
3546 3904 3740 3960 solum

2088 3975 2194 4026 viri
2228 3973 2568 4037 recordans,
2602 3971 2838 4043 quando
2873 3971 3026 4026 filios
3055 3974 3370 4044 aspexerit,
3406 3997 3429 4025 ν
3485 3982 3593 4029 etc.
3633 3975 3738 4030 Ubi

2090 4046 2242 4099 conf.
2272 4046 2554 4100 adnotata

2159 4118 2269 4182 (80)
2327 4109 2712 4182 Ἀδιαϐλήτως
2750 4155 2762 4168 .
2808 4115 3088 4184 Δ(Ιοιιςιίίιιι
3125 4156 3137 4168 .
3194 4117 3422 4184 αροείοί.
3493 4117 3593 4170 lib.
3656 4133 3738 4182 ιιι,

2089 4181 2350 4274 c‘ap.‘15:
2399 4181 2754 4267 Προχείρεσαι
2796 4181 2860 4273 ⁸δὲ
2894 4183 3140 4274 διάκονον
3192 4181 3388 4254 π-ιστὴν
3427 4189 3561 4274 ικαὶ.
3587 4181 3740 4274 ἁγίαν

2087 4255 2284 4330 εἶς’τάς
2313 4261 2422 4330 τῶν
2442 4255 2726 4330 ,γυναικῶν
2791 4255 3106 4330 ὑπηρεσίας.
3167 4259 3323 4330 ’Ἐστι
3378 4257 3482 4330 γάρ
3520 4255 3742 4330 *ὁπόταν

2088 4327 2140 4383 ἔν
2169 4350 2306 4383 τισιν
2341 4324 2757 4401 οἰκίαις-ἄνδρα
2807 4324 3060 4401 διάκονον
3111 4329 3346 4401 γυναιξὶν
3392 4324 3462 4401 ὀῦ
3516 4325 3742 4384 δύνασαι

2087 4401 2320 4488 πέμπειν
2352 4397 2442 4488 8:5:
2486 4399 2614 4462 τοὺς
2663 4397 2938 4488 ἇπῖστουςσ
2992 4397 3314 4488 ἀποστελεῖς
3366 4399 3457 4452 03v
3511 4406 3741 4476 γυναῖκα

2379 4471 2448 4488 ..
2521 4472 2533 4487 ε
2648 4469 2670 4478 -
2997 4485 3001 4488 Α
3348 4472 3431 4488 τε..
3626 4480 3634 4488 .

2087 4468 2336 4547 διάκονον
2371 4469 2705 4547 adtacta};
2731 4470 2954 4547 φαύλων
2988 4468 3255 4547 ’διανοίαςἶ
3287 4493 3311 4522 ε
3348 4468 3742 4547 Elige'autem

2087 4545 2484 4599 diaconissam
2509 4542 2753 4598 fidelem
2778 4550 2835 4597 et
2865 4550 3152 4602 sanctam.
3185 4542 3258 4598 ad
3281 4542 3601 4599 mulierum
3625 4546 3737 4599 mi-

2089 4617 2352 4672 nisteria.
2384 4617 2470 4670 Fit
2500 4616 2660 4669 enim
2693 4632 3148 4685 nonnunquam,
3182 4622 3249 4668 ut
3287 4616 3348 4669 in
3381 4615 3740 4684 quibusdam

2087 4687 2361 4742 domibus
2395 4687 2581 4740 virum
2611 4687 2925 4758 diaconum
2958 4686 3030 4758 ad
3066 4686 3345 4758 mulieres
3394 4702 3512 4758 non
3545 4688 3736 4758 possis

335 4762 580 4839 c.3_t.At
599 4757 1525 4839 Philippumillumquiquatuor
1541 4756 1818 4839 habuisse
1835 4757 1986 4811 filias
2019 4766 2061 4828 ι)
2095 4760 2328 4839 mittere
2362 4765 2601 4839 propter
2631 4757 2902 4839 infideles
2935 4757 3297 4839 :destinabis
3328 4757 3507 4839 igitur
3528 4756 3742 4814 mulie-

332 4831 554 4886 dicitur
582 4833 707 4885 Act.
741 4827 854 4888 xxi.
889 4832 942 4888 9.
978 4846 1096 4883 non
1145 4828 1502 4899 apostolum,
1535 4828 1638 4882 sed
1669 4827 1986 4883 diaconum

329 4904 535 4969 fuisse,
561 4901 770 4973 probat
793 4899 1049 4973 Isidorus
1074 4899 1371 4954 Pelusiota
1401 4899 1482 4953 lib
1531 4917 1568 4966 ι,
1602 4899 1770 4973 epist.
1809 4903 1908 4954 147
1941 4922 1984 4973 γ»

407 4978 513 5044 (76)
561 4968 1027 5046 Προσαγορεύειν.
1083 4973 1545 5044 ΙΙροσαγορεῦσαι,
1595 4968 1833 5037 Euseb.,
1884 4972 1983 5025 Ni—

331 5047 507 5100 cenh.

535 5113 614 5170 Τὸ
645 5116 742 5176 τῆς
775 5111 1068 5187 ὑπῃοεσίας
1101 5109 1376 5171 εὐσταλὲς.
1414 5114 1531 5187 Hoc
1563 5111 1984 5187 ipse‘Clemens

331 5183 591 5260 explicat
621 5187 796 5244 infra.
829 5185 1031 5260 Strom.
1056 5201 1146 5260 “IV,
1176 5203 1232 5256 p.
1267 5187 1375 5260 51ζξ
1405 5184 1543 5260 edit.
1575 5183 1748 5260 Paris

407 5253 516 5331 (78)
549 5254 977 5331 Ἀπερισπάστῳ-
1011 5258 1092 5331 τῷ
1123 5253 1194 5331 Ακ“
1243 5275 1302 5310 π.
1340 5254 1504 5331 Quid
1541 5255 1636 5312 sit.
1689 5253 1983 5331 ἀπερίσπα-

335 5325 786 5404 στονξκήρυγμα,
823 5327 982 5404 haud
1026 5327 1197 5404 facile
1226 5325 1508 5404 explicari
1563 5332 1771 5398 potest.
1795 5325 1801 5327 ’
1827 5328 1984 5404 Scri-

332 5395 595 5458 bendurﬁ
638 5395 1048 5469 cirraototcinwc
1107 5403 1186 5466 τῷ
1240 5395 1985 5470 γπξρύγματί,προσανέχον-

331 5493 441 5546 τες,
477 5497 502 5524 (ι
537 5471 946 5546 praedicatiopi
971 5471 1158 5546 {sine
1188 5470 1314 5546 ulla
1343 5469 1984 5546 distractioneyatten-

333 5539 558 5614 dentes:
596 5567 624 5595 »
657 5545 747 5599 Sic
776 5545 837 5614 D_.
873 5542 1094 5614 Paulus
1127 5543 1147 5614 l_
1175 5543 1304 5597 Cor.
1343 5558 1436 5600 νιι,
1470 5543 1576 5614 35;
1631 5539 1810 5614 Ἀλλὰ
1848 5541 1984 5614 πρᾲς

326 5615 390 5669 τὸ
422 5612 700 5689 εὔσχημον
742 5612 850 5689 καὶ-
893 5610 1254 5685 εὐπρόσεδρον
1312 5616 1394 5686 τῷ
1444 5610 1625 5689 lippi?
1683 5610 1985 5689 ἀπερισπά-

333 5705 499 5748 στως.
520 5682 554 5739 ἓ
582 5682 698 5743 Sed
727 5692 793 5742 ut
820 5682 1102 5742 decenter
1127 5682 1186 5740 et
1212 5690 1347 5758 apte
1369 5682 1378 5686 ⁷
1397 5682 1818 5741 adhénrescatis
1865 5686 1984 5740 Do-

2097 4848 2222 4886 rem
2254 4827 2650 4884 diaconissam
2674 4829 2747 4882 ob
2781 4827 3188 4898 improborum
3224 4827 3630 4899 cogitationes.

2166 4904 2279 4965 (8H
2313 4900 2522 4960 Ἠλίας.
2557 4900 2719 4954 Conf.
2756 4903 2776 4955 Ι
2809 4901 2945 4972 Reg.
3000 4917 3116 4968 nx,
3148 4903 3234 4968 13,
3287 4903 3390 4968 19;
3427 4901 3475 4956 lI
3529 4903 3666 4974 Reg.
3703 4919 3740 4971 ι,

2166 4991 2170 5025 :
2207 4972 2376 5025 iliid..
2413 4974 2616 5025 13.14.

2097 4975 2170 5035 8;
2207 4973 2376 5035 ibid.,
2413 4974 2616 5035 13,14.

2157 5014 2710 5116 ἰέίὶνῇέῷμάίτοῦξιςιι.
2775 5041 2943 5112 Apud
3003 5042 3342 5116 D.”Lucam
3391 5042 3474 5097 ita
3530 5043 3745 5116 legitur

2097 5132 2222 5186 cap.
2256 5118 2311 5178 6,
2334 5121 2399 5186 ut
2414 5115 2497 5168 ait
2517 5115 2576 5167 G.
2606 5114 2909 5186 Hervetus,
2933 5113 3036 5186 sed
3060 5114 3323 5186 Matthmi
3346 5131 3472 5186 cap.
3498 5131 3552 5171 ν.
3577 5113 3624 5167 v.
3646 5117 3742 5186 (*2.

2096 5183 2182 5242 sic
2211 5185 2492 5258 reperies.
2526 5184 2878 5258 utC_le_mens
2899 5184 3076 5238 habet
3106 5202 3119 5238 :
3152 5185 3254 5239 Καὶ
3277 5185 3366 5238 τὸν
3391 5183 3612 5238 θήέλοντα
3635 5183 3742 5258 ἀπὸ

2095 5261 2190 5310 σοῦ
2214 5253 2552 5332 δανείσασθαι
2588 5256 2663 5332 μή
2697 5255 3072 5332 ἀπίιστραφῇς.
3129 5280 3154 5306 ‹‹
3187 5259 3294 5323 Qui
3351 5263 3548 5313 autem
3595 5256 3743 5332 petit

2095 5347 2130 5385 a
2160 5337 2234 5392 te,
2269 5329 2343 5384 da
2375 5329 2451 5395 ei,
2486 5333 2546 5384 et
2575 5327 2792 5382 volenti
2819 5326 3088 5384 mutuare
3119 5346 3150 5384 a
3183 5335 3237 5384 te
3272 5344 3344 5383 ne
3376 5326 3675 5382 avertaris.
3715 5347 3742 5373 »

2097 5402 2218 5468 Vel,
2252 5409 2316 5456 ut
2341 5403 2406 5455 D.
2442 5400 2802 5471 Augustinus
2834 5401 3011 5473 legit:
3041 5423 3066 5450 ‹‹
3092 5402 3159 5454 Ει
3189 5402 3288 5473 qui
3315 5396 3741 5473 voluei‘itacci-

2094 5489 2233 5544 pere
2267 5469 2601 5544 mutuumia
2633 5477 2708 5537 te,
2744 5489 2817 5526 ne
2848 5469 3148 5544 aversatus
3178 5469 3380 5544 fueris.
3417 5492 3442 5515 »
3475 5469 3738 5544 COLLacr.

2166 5547 2275 5614 (83)
2335 5541 2739 5616 ’Exopto'wata
2788 5562 2899 5616 ps.
2959 5539 3242 5616 ,EatDKG‘Eé_
3279 5607 3295 5616 .
3323 5559 3416 5616 μοι
3501 5541 3695 5616 φαγεῖν
3724 5578 3738 5604 ,

2094 5607 2320 5740 gena,
2343 5607 2444 5672 ubi
2474 5607 2633 5682 mox,
2667 5612 2745 5668 ἑνὶ
2771 5607 2978 5669 τούτων
3023 5618 3129 5667 τῶν
3180 5607 3430 5687 ἀδελφῶν
3483 5607 3598 5681 μού
3628 5611 3738 5660 τῶι

2161 5705 2230 5740 αγ
2263 5706 2343 5740 στ.

2161 5705 2343 5761 αχιστ.
