4034 6148
327 222 469 279 1159

1560 217 1973 272 CLEMENTIB
2007 216 2514 274 ALEXANDBINI

3600 214 3748 269 1160

329 362 472 403 cens
503 342 1008 407 communionem,
1036 354 1157 394 non
1188 342 1387 394 autem
1417 337 1583 393 illam
1601 338 1890 394 incestam
1919 344 1963 393 e1

2090 338 2216 392 σατέ
2249 357 2336 410 με·
2399 337 2548 411 ξένος
2597 335 2777 411 ἤμην,
2836 338 2926 394 καὶ
2984 335 3310 414 συνηγάγετὲ
3367 352 3456 411 με·
3507 336 3743 410 γυμνὸς,

328 434 716 507 impudicam.
750 428 1054 496 Quomodo
1086 432 1284 483 autem
1314 426 1494 482 fuerit
1524 427 1573 480 is
1604 427 1704 497 qui
1747 427 1963 499 petite

2085 425 2176 481 καὶ
2232 422 2587 502 περιεϐάλετέ
2647 446 2733 501 με·
2813 430 2929 483 εἶτα
3004 426 3268 504 ἐπιφὲρεν
3336 450 3363 481 ι
3419 426 3537 503 Ἐφ’
3609 424 3739 480 ὅσον

330 523 564 595 accipit,
599 528 657 577 et
686 522 737 575 is
766 520 865 589 qui
898 521 1222 579 mutuatur,
1248 515 1295 571 si
1321 516 1526 570 nullus
1548 515 1626 570 sit
1646 515 1746 587 qui
1765 516 1982 570 habeat

329 619 387 669 et
410 612 510 667 det
529 614 734 665 mutuo
756 607 784 662 ?
802 605 953 671 Quid
974 622 1108 660 vero
1132 604 1160 659 ?
1181 605 1331 659 193
1353 604 1588 675 quando
1611 604 1755 659 dicit
1780 605 1980 659 Domi—

326 716 473 756 nus:
508 721 535 748 ‹‹
562 696 814 761 Esurivi,
839 701 898 750 et
919 710 1012 749 me
1033 693 1273 766 pavistis
1299 710 1313 759 ;
1337 693 1480 760 sitii,
1506 699 1564 748 et
1587 699 1795 765 potum
1827 693 1977 748 mihi

329 786 618 853 dedistis;
649 787 865 856 hospes
897 800 1082 851 eram,
1107 788 1166 837 et
1203 798 1295 838 me
1342 781 1705 855 collegistis;
1757 781 1975 845 nudus,

327 883 386 934 et
413 893 509 933 me
540 873 821 931 vestiistis
851 874 949 944 (a);
981 896 1007 919 ι»
1029 871 1245 928 deinde
1270 870 1576 943 subjungit
1595 888 1607 925 :
1627 892 1651 923 ι
1677 871 1977 936 Quatenus

326 965 554 1022 fecistis
584 964 686 1018 uni
718 964 931 1017 horum
964 961 1373 1027 minimorum,
1407 960 1553 1014 mihi
1582 960 1918 1031 fecistis(b).
1944 980 1974 1009 »

327 1052 606 1125 Nunquid
625 1051 860 1108 easdem
886 1066 1122 1122 quoque
1147 1048 1284 1104 tulit
1302 1048 1461 1122 leges
1483 1048 1543 1103 in
1561 1048 1752 1103 Veteri
1775 1052 1973 1102 Testa-

327 1150 530 1199 mento
551 1141 579 1197 ?
611 1164 638 1193 κ
671 1141 779 1206 Qui
813 1139 913 1195 dat
943 1138 1240 1205 mendico,
1289 1138 1615 1192 fceneratur
1663 1138 1779 1191 Deo
1818 1138 1910 1208 (c).
1944 1159 1973 1186 ››

323 1234 432 1288 Et:
473 1254 499 1284 ι
530 1232 609 1285 Ne
642 1229 1002 1286 abstinueris
1027 1243 1062 1282 a
1092 1225 1518 1282 benefaciendo
1552 1242 1735 1299 egeno
1781 1226 1879 1296 (ά),
1944 1248 1973 1274 ››

325 1321 541 1392 inquit.
577 1321 646 1374 Et
670 1334 876 1373 rursus
901 1333 914 1371 :
949 1340 974 1365 «
1010 1316 1414 1387 Eleemosyuaa
1439 1320 1498 1371 et
1523 1314 1670 1369 ﬁdes
1692 1330 1766 1369 ne
1792 1320 1845 1369 te
1870 1312 1975 1368 de-

325 1411 633 1483 ﬂciant(e),
652 1432 677 1459 ››
694 1410 889 1480 inquit
925 1430 950 1456 ‹‹
966 1406 1753 1478 Ρδυρθτιθευιιιιιειηανίιοιιω
1771 1404 1935 1459 humi
1948 1435 1966 1444 -

320 1500 450 1568 liat,
483 1500 675 1555 ditant
704 1505 902 1553 autem
933 1513 1147 1552 manus
1178 1496 1434 1549 virorum
1462 1498 1552 1565 (f).
1588 1516 1615 1544 »
1659 1493 1974 1566 Subjungit

324 1596 564 1646 autem:
602 1609 629 1638 ιι
661 1587 769 1653 Qui
800 1585 1113 1658 pecuniam
1145 1600 1311 1640 suam
1344 1600 1465 1638 non
1496 1582 1663 1638 dedit
1708 1583 1782 1638 ad
1825 1599 1966 1637 usu-

2085 512 2380 585 ἐποιήσατε
2431 516 2515 571 ivi
2562 517 2775 572 τούτων
2822 521 2931 572 τῶν
2981 515 3312 591 ἐλαχίστων,
3361 515 3487 587 ἐμοὶ
3544 514 3740 584 ἐποιή-

2083 624 2225 659 σατε.
2262 629 2291 655 ››
2320 604 2464 681 Οὐχὶ
2496 602 2554 660 δὲ
2582 605 2650 660 τὰ
2688 605 2823 660 αὐτὰ
2866 606 2955 660 καὶ
3004 602 3057 659 ἐν
3102 608 3173 677 τῇ
3228 603 3443 674 ΙΙαλαιᾷ
3495 604 3738 679 Διαθήκῃ

2081 693 2369 764 νομοθετεῖ
2399 713 2413 763 ;
2448 718 2475 743 «
2525 694 2581 749 ’Θ
2612 690 2798 755 διδοὺς
2843 697 2955 766 (84)
2999 697 3213 768 πτωχῷ
3259 689 3487 760 δανείζει
3532 696 3670 763 Θεῷ·
3707 717 3735 745 »ι

2079 780 2192 850 καὶ,
2239 804 2264 835 ι
2310 784 2400 851 Μὴ
2451 781 2673 857 ἀπόσχῃ
2728 780 2785 837 εῦ
2841 786 3016 837 ποιεῖν
3075 778 3245 836 ἐνδεεῖ
3300 784 3428 853 (85),
3461 804 3488 831 ››
3546 780 3737 859 φησίν.

2082 867 2185 926 Κσῖ
2214 868 2403 925 πάλιν·
2454 897 2474 924 ι
2512 870 2913 944 Ἐλεημοσόναι
2970 870 3059 926 καὶ
3105 868 3313 933 πίστεις
3371 869 3448 942 μή
3509 868 3726 926 ialm!-

2078 959 2257 1013 τωσάν
2292 979 2368 1030 σε,
2405 984 2433 1010 ››
2494 962 2661 1016 εἶπεν.
2723 985 2750 1012 ‹‹
2789 959 2947 1018 Βενία
2982 985 3002 1009 ι
3062 956 3119 1015 δὲ
3180 983 3209 1010 ι(
3243 955 3414 1030 ἄνδρα
3462 963 3733 1014 ταπεινοῖ·

2083 1051 2267 1122 χεῖρες
2302 1045 2359 1102 δὲ
2389 1045 2596 1123 ἀνδρῶν
2630 1052 2761 1121 (86),
2791 1046 3197 1117 πλουτίζουσιν,
3232 1068 3257 1100 ι
3307 1048 3588 1125 Ἐπιφὲρει
3621 1050 3733 1120 (87)

2080 1132 2153 1189 δὲ’
2188 1136 2258 1190 ’Ἢ
2293 1132 2339 1189 δ’
2371 1133 2431 1189 ἃν
2460 1138 2591 1209 (88),
2625 1135 2684 1197 ’ὸς
2726 1134 2827 1189 οὐκ
2849 1131 3045 1190 ἔδωκεν
3086 1132 3173 1188 ἐπὶ
3205 1135 3355 1206 τόκῳ
3382 1133 3445 1188 τὸ
3475 1132 3732 1210 ἀργύριον

2079 1222 2264 1295 αὖτοῦ,
2298 1221 2594 1288 ἀποδεκτὸς
2626 1224 2843 1299 γίνεταιο
2878 1248 2907 1277 ››
2939 1224 3053 1292 καὶ,
3090 1248 3116 1274 ο(
3149 1223 3366 1296 Λῦτρον
3397 1225 3505 1295 (89)
3537 1223 3727 1298 ψυχῆς

2077 1308 2294 1385 ἀνδρὸς,
2323 1313 2351 1367 6
2383 1310 2523 1375 ἴδιος
2554 1311 2793 1375 πλοῦτος
2821 1310 3076 1389 κρίνεται.
3108 1333 3133 1362 ι
3172 1310 3316 1386 Οόᾑ
3350 1308 3602 1387 διασαφεῖ
3637 1309 3730 1365 ἄν·

2073 1421 2259 1476 τικρυς
2294 1446 2307 1471 ,
2375 1403 2450 1466 ὡς
2506 1403 2596 1457 οῦν
2654 1400 2705 1476 ἐξ
2760 1402 3015 1458 ἐναντίων
3069 1404 3096 1458 ὁ
3156 1402 3366 1475 κόσμος
3431 1400 3733 1477 σύγκειται,

2075 1489 2257 1562 ὣσπερ
2290 1489 2349 1546 ἐκ
2377 1496 2583 1565 θερμοῦ
2606 1491 2695 1547 καὶ
2731 1495 2949 1568 ψυχροῦ
2972 1496 3105 1564 (90),
3139 1493 3306 1567 ξηροῦ
3334 1513 3393 1546 τε
3412 1490 3504 1545 καὶ
3537 1491 3725 1566 ὑγροῦ,

2074 1578 2217 1634 οὕτω
2249 1585 2353 1635 κάκ
2378 1585 2486 1635 τῶν
2521 1577 2808 1650 διδόντων,
2839 1580 2943 1636 κάκ
2970 1585 3077 1635 τῶν
3130 1575 3562 1653 λαμϐανόντωνς
3614 1581 3725 1633 Πά-

319 1697 470 1749 ram,
508 1680 575 1735 ιιι
602 1684 900 1750 acceptus.
935 1696 966 1730 »
1003 1678 1107 1731 Et:
1154 1698 1182 1725 ‹‹
1230 1676 1493 1731 Pretium
1537 1674 1963 1746 redemptionis

2080 1667 2163 1723 λιν
2190 1689 2247 1724 τε
2278 1669 2343 1724 αὗ
2393 1668 2518 1726 ὅταν
2577 1667 2722 1744 εἴπῃ,
2780 1669 2896 1725 «Ei
2955 1669 3132 1734 θέλεις
3188 1668 3395 1731 τέλειος
3452 1668 3726 1744 γενέσθαι,

315 1769 379 1833 is
408 1769 628 1832 anima,
658 1767 913 1839 propriae
930 1765 1281 1836 judicantur
1305 1764 1522 1819 divitias
1555 1764 1634 1836 (g)
1689 1785 1717 1813 ››
1750 1769 1964 1818 Annon

314 1864 516 1930 aperte
548 1855 790 1924 indicat,
823 1853 980 1925 quod
1020 1854 1172 1909 sicut
1200 1853 1458 1908 mundus
1485 1853 1862 1924 componitur
1894 1868 1965 1907 ex

317 1945 652 2009 contrariis,
680 1959 896 2014 nempe
927 1959 998 1997 ex
1022 1941 1214 1997 calido
1248 1947 1306 1996 et
1337 1942 1571 2014 frigido,
1612 1941 1857 1996 humido
1906 1946 1965 1995 et

318 2035 495 2095 sicco,
531 2034 613 2088 ita
640 2034 816 2088 etiam
848 2049 919 2086 ex
944 2032 1018 2086 iis
1043 2031 1142 2102 qui
1175 2031 1338 2097 dant,
1372 2036 1430 2084 et
1458 2047 1526 2085 ex
1553 2030 1625 2085 iis
1675 2030 1775 2101 qui
1805 2029 1963 2085 acci-

314 2122 535 2194 piunt?
564 2123 634 2175 Et
658 2137 864 2175 rursus
884 2136 1019 2175 cum
1043 2119 1192 2174 dixit
1214 2136 1227 2173 :
1252 2140 1281 2168 ‹‹
1304 2119 1362 2174 Si
1386 2119 1467 2173 vis
1491 2118 1785 2190 perfectus
1807 2135 1958 2185 esse,

316 2212 502 2268 vende
532 2229 664 2283 quas
695 2211 898 2276 habes,
931 2215 990 2265 et
1011 2209 1085 2264 da
1108 2208 1490 2281 pauperibus,
1530 2227 1553 2258 ι
1587 2208 1959 2263 refelliteum

316 2300 417 2372 qui
449 2299 815 2372 gloriabatur
836 2298 993 2370 quod
1018 2323 1043 2348 «ι
1069 2298 1270 2353 omnia
1287 2298 1645 2368 ajuvcntute
1668 2303 1963 2369 praecepta

316 2395 685 2457 servaverat;
721 2411 749 2437 ι»
777 2405 897 2443 non
918 2388 1076 2443 enim
1101 2386 1447 2458 impleverat
1474 2386 1625 2441 illud
1650 2403 1663 2440 :
1688 2410 1715 2435 «ι
1742 2385 1959 2458 Diliges

312 2479 650 2550 proximum
669 2484 833 2533 tuum
849 2478 1003 2532 sicut
1020 2476 1274 2548 teipsum
1291 2476 1393 2546 th):
1414 2499 1432 2522 ι
1454 2480 1593 2531 tunc
1606 2481 1805 2531 autem
1824 2492 1959 2529 cum

312 2584 345 2624 a
376 2569 622 2623 Domino
652 2568 1061 2639 perﬁceretur,
1084 2565 1407 2621 docebatur
1434 2565 1880 2620 communicare
1902 2569 1961 2618 et

2074 1756 2340 1828 πωλήσας
2375 1759 2444 1814 τὰ
2497 1757 2833 1835 ὑπάρχοντα,
2886 1755 2976 1820 δὸς
3033 1764 3303 1835 πτωχοῖς,
3362 1756 3576 1834 ἐλέγχει
3628 1757 3725 1811 τὸν

2069 1848 2431 1921 καυχώμενον
2475 1847 2560 1902 ἐπὶ
2606 1851 2687 1921 τῷ
2731 1847 2903 1910 πάσας
2946 1848 3042 1909 τὰς
3084 1846 3305 1910 ἐντολὰς
3363 1845 3423 1902 ἐκ
3468 1844 3729 1915 νεότητος

2066 1937 2440 2009 τετηρηκέναι·
2490 1935 2551 1991 οὐ
2610 1940 2715 2012 γὰρ
2773 1937 3131 2011 πεπΛηρώκει
3188 1936 3273 2000 τό,
3334 1961 3354 1987 ι
3401 1935 3727 2010 Ἀγαπήσεις

2065 2025 2156 2079 τὸν
2189 2024 2429 2096 πλησίον
2461 2046 2558 2080 σου
2588 2026 2662 2087 ὡς
2696 2026 2905 2081 ἑαυτόνο
2933 2048 2961 2076 ››
2990 2026 3115 2081 τότε
3138 2023 3216 2091 δὲ,
3252 2027 3353 2081 ὑπὸ
3382 2030 3480 2081 τοῦ
3512 2026 3724 2101 Κυρίου

2065 2113 2543 2188 συντελειοῦμενος
2572 2134 2587 2182 ;
2619 2112 2929 2170 ἐδιδάσκετο
2972 2111 3043 2169 δι’
3074 2115 3285 2190 ἀγάπην
3329 2112 3718 2189 μεταδιδόναι.

2068 2200 2259 2264 Καλῶς
2307 2203 2401 2257 οῦν
2452 2202 2711 2258 πλουτεῖν
2759 2203 2820 2259 οὐ
2867 2203 3175 2260 κεκώλυκεν
3204 2248 3220 2276 ,
3290 2202 3436 2261 ἀλλὰ
3490 2206 3592 2282 γάρ
3649 2205 3716 2260 τὸ

2066 2289 2267 2354 ἀδίκως
2299 2291 2388 2346 καὶ
2438 2289 2735 2363 ἀπλήστως
2794 2292 3073 2349 πλουτεῖν*
3136 2317 3163 2346 α
3192 2300 3389 2363 Κτῆσις
3422 2293 3526 2369 γὰρ
3584 2294 3714 2349 ἐπι-

2066 2378 2408 2452 σπευδομὲνη
2440 2384 2550 2453 (91)
2594 2382 2729 2454 μετὰ
2768 2381 2999 2454 ἀνομίας
3053 2381 3291 2438 ἐλάττων
3343 2382 3567 2457 γίνεται.
3618 2382 3718 2438 Εἷ-

2066 2468 2117 2524 σὶ
2168 2474 2277 2543 (92)
2326 2469 2430 2545 γὰρ
2480 2469 2533 2524 οἳ
2570 2471 2879 2545 σπείροντες
2929 2468 3161 2525 πλείονα
3204 2476 3465 2540 ποιοῦσι,
3514 2472 3602 2526 καὶ
3662 2472 3717 2526 οἳ

2065 2559 2380 2633 συνάγοντες
2413 2559 2785 2615 ἰλαττοῦνται·
2821 2584 2851 2612 ››
2873 2560 2998 2636 περὶ
3029 2560 3103 2615 ὦν
3136 2562 3454 2636 γέγραπται·
3499 2561 3719 2636 Ἐσκόρ-

310 2656 604 2728 impertiri
635 2672 741 2726 per
769 2655 1138 2710 charitatem.
1168 2654 1421 2708 Honeste
1440 2670 1577 2725 ergo
1604 2669 1726 2707 non
1750 2653 1957 2725 prohi—

2080 2668 2235 2718 τισεν,
2268 2644 2466 2703 ἔδωκεν
2523 2653 2640 2711 τοῖς
2691 2648 2933 2718 πένησιν·
2968 2652 3003 2719 ἡ
3038 2647 3358 2719 δικαιοσύνη
3422 2649 3585 2704 αὐτοῦ
3621 2650 3718 2723 μὲ-

309 2744 439 2801 buit
467 2762 596 2800 esse
628 2744 893 2810 divitem,
925 2742 1030 2798 sed
1052 2759 1181 2797 esse
1203 2742 1445 2797 divitem
1468 2742 1690 2812 injuste
1714 2747 1772 2797 et
1791 2743 1956 2797 inex-

310 2833 629 2904 plebiliter.
671 2852 691 2879 ι
726 2831 1029 2886 Possessio
1057 2831 1282 2899 (enim)
1315 2847 1445 2901 qum
1477 2847 1611 2885 cum
1643 2831 1956 2902 iniquitate

2062 2755 2139 2790 νει
2172 2738 2248 2797 εἰς
2294 2736 2385 2790 τὸν
2434 2735 2625 2791 αἰῶνα·
2661 2761 2687 2787 ‹‹
2718 2738 2746 2792 6
2770 2738 2865 2809 μὲν
2892 2737 2994 2813 γὰρ
3050 2737 3285 2813 σπείρων
3343 2737 3433 2793 καί
3486 2737 3720 2793 πλείονα

2063 2824 2302 2899 συνάγων
2336 2823 2493 2888 οὗτός
2535 2823 2675 2879 ἐστιν
2734 2826 2763 2879 6
2821 2823 2912 2880 διὰ
2965 2832 3067 2895 τῆς
3124 2824 3364 2902 ἐπιγείου
3405 2827 3496 2881 καὶ
3557 2848 3726 2901 προσ-

312 2922 697 2988 acceleratur,
730 2919 926 2974 minor
956 2918 1223 2973 redditur
1255 2920 1338 2989 (i).
1376 2941 1404 2968 »
1438 2920 1829 2991 Sunt(enim.)
1853 2920 1953 2991 qui

2080 2913 2251 2987 ιαίρου
2284 2911 2624 2987 μεταδόσεως
2652 2914 2717 2970 τὰ
2758 2914 2982 2990 οὐράνια
3009 2917 3292 2989 κτώμενος
3343 2916 3435 2972 καὶ
3485 2917 3555 2972 τὰ
3584 2916 3720 2972 αἰώ-

310 3010 676 3065 seminantes
705 3006 1126 3078 multiplicant,
1159 3012 1219 3060 et
1246 3007 1348 3077 qui
1381 3006 1727 3079 colligentes
1756 3008 1954 3064 minus

2080 3022 2168 3056 νια·
2211 2998 2393 3077 ἕτερος
2426 3000 2484 3057 δὲ
2522 3004 2550 3057 6
2582 3000 2775 3074 μηδενὶ
2813 3001 3159 3075 μεταδιδοὺς,
3210 3030 3236 3057 ‹‹
3269 3010 3436 3068 κενῶς
3477 3005 3569 3061 καὶ
3615 3018 3722 3076 θη-

307 3098 531 3153 habent
553 3098 639 3167 (j).
678 3119 704 3145 ››
740 3097 817 3151 De
850 3069 1065 3167 quibus
1099 3069 1384 3166 scriptum
1426 3069 1554 3150 est:
1585 3120 1611 3145 ‹‹
1646 3096 1951 3168 Dispersit,

2080 3090 2330 3166 ιαυρίζων
2364 3090 2451 3146 ἐπὶ
2491 3098 2592 3161 τῆς
2637 3098 2763 3165 γῆς,
2814 3092 2952 3147 ὅπου
3001 3094 3098 3161 σής
3155 3095 3243 3148 καὶ
3283 3095 3486 3171 βρῶτις
3527 3095 3724 3172 ἀφανί-

309 3188 474 3243 dedit
504 3185 882 3258 pauperibus.
906 3185 1144 3256 justitia
1173 3186 1302 3255 ejus
1332 3190 1535 3240 manet
1560 3186 1620 3239 in
1670 3187 1955 3241 Str-culum

310 3274 512 3331 seaculi
540 3276 638 3345 (Ιε).
673 3296 700 3323 ››
734 3273 842 3339 Qui
865 3272 1025 3328 enim
1054 3296 1080 3321 (ι
1107 3273 1363 3327 seminat
1383 3279 1442 3327 et
1462 3273 1635 3344 plura
1655 3273 1897 3347 colligit,
1926 3295 1953 3321 ι»

309 3364 359 3419 is
391 3370 499 3431 est,
532 3363 629 3434 qui
663 3379 769 3432 per
799 3368 1095 3417 terrenam
1126 3368 1184 3415 et
1204 3361 1590 3431 temporalem
1622 3363 1954 3417 communi-

310 3454 603 3509 cntionem
634 3468 701 3506 ac
746 3450 1248 3513 distributionem.
1296 3450 1558 3505 cmlestia
1599 3452 1857 3521 acquirit
1900 3457 1957 3506 et

310 3548 553 3596 aeterna.
587 3542 689 3595 Est
717 3545 914 3595 autem
958 3538 1135 3601 alius,
1170 3538 1270 3609 qui
1323 3539 1549 3593 nemini
1581 3538 1867 3610 impertit,
1901 3546 1958 3595 et

310 3631 608 3686 incassum
638 3653 664 3680 ‹‹
702 3630 1011 3685 thesauros
1042 3628 1102 3682 in
1134 3634 1293 3683 terra
1322 3627 1567 3700 colligit,
1610 3628 1711 3684 ubi
1760 3647 1954 3702 aerugo

310 3725 369 3776 et
399 3721 560 3774 tinea
588 3719 904 3774 destruunt
925 3719 1006 3784 ll).
1043 3738 1071 3767 »
1095 3718 1175 3773 De
1202 3734 1317 3788 quo
1341 3718 1626 3789 scriptum
1646 3724 1772 3773 est:
1795 3741 1823 3769 «
1847 3719 1954 3783 Qui

308 3807 847 3880 colligitmercedes
866 3806 1089 3878 colligit
1104 3807 1162 3860 in
1179 3823 1417 3861 saccum
1432 3808 1893 3878 perforatum(m)
1908 3852 1916 3859 .
1929 3830 1956 3857 »ι

308 3896 496 3966 Hujus
515 3918 540 3945 ‹‹
566 3911 770 3968 agrum
786 3917 812 3943 »
841 3896 1129 3949 Dominus
1148 3895 1207 3948 in
1222 3894 1533 3967 Evangelio
1555 3895 1700 3950 dicit
1720 3919 1746 3944 «ι
1772 3896 1955 3953 fuisse

2068 3186 2166 3251 ζει’
2204 3204 2232 3232 ››
2264 3185 2385 3255 περὶ
2445 3180 2506 3235 οῦ
2561 3181 2859 3257 γέγραπται
2895 3208 2921 3233 ‹‹
2986 3182 3240 3257 Συνάγων
3294 3183 3423 3246 τοὺς
3466 3183 3721 3257 μισθοὺς,

2067 3272 2363 3347 συνήγαγεν
2398 3270 2473 3333 εἶς
2515 3268 2711 3343 δεσμὸν
2765 3274 3202 3346 τετρυπημένον.
3239 3300 3261 3327 ι
3319 3278 3526 3329 Τοῦτου
3557 3300 3582 3324 ιι
3617 3277 3718 3345 τήν

2065 3363 2256 3436 χώραν
2311 3365 2419 3430 (93)
2473 3361 2823 3436 εὐφορῆσαι»
2884 3359 3035 3437 λέγει
3089 3362 3141 3417 ἐν
3196 3367 3276 3435 τῷ
3337 3363 3660 3439 Εὐαγγελίῳ
3691 3367 3721 3421 6

2066 3450 2286 3522 Κύριος·
2320 3443 2505 3504 ἔπειτα
2533 3449 2661 3511 τοὺς
2707 3450 2956 3524 καρποὺς
3008 3452 3304 3507 ἀποθέσθαι
3357 3452 3722 3527 βουληθέντα,

2066 3536 2579 3612 οἰκοδομησάμενον
2612 3539 2893 3610 ἀποθήκας
2928 3541 3201 3613 μείζονας,
3243 3542 3381 3597 κατά
3425 3544 3525 3609 τὴν
3557 3562 3726 3616 προσ-

2068 3625 2376 3683 ωποποιίαν
2410 3627 2577 3683 εἰπεῖν
2612 3630 2748 3703 πρὸς
2775 3629 2983 3689 ἑαυτόν,
3038 3655 3067 3683 ι(
3097 3632 3286 3705 Ἔχεις
3317 3632 3493 3706 ἀγαθά
3538 3629 3729 3688 πολλά

2068 3716 2399 3789 ἀποκείμενά
2429 3738 2514 3772 σοι
2545 3717 2622 3781 εἰς
2661 3716 2753 3787 ἔτη
2813 3717 3020 3775 πολλάο
3076 3721 3233 3796 φάγε,
3264 3721 3378 3789 πίε,
3411 3720 3724 3797 εὐφραίνου.

2068 3808 2280 3883 Ἀφρον
2313 3806 2428 3874 οὖν,
2461 3800 2562 3876 ἔφη
2617 3808 2789 3881 ταύτῃ
2820 3808 2924 3882 γὰρ
2954 3812 3023 3881 τῇ
3054 3808 3205 3863 νυκτὶ
3244 3809 3344 3876 τήν
3390 3810 3579 3884 ψδχήν
3627 3831 3727 3865 σου

2067 3895 2386 3949 ἀπαιτοῦσιν
2415 3895 2521 3949 ἀπὸ
2553 3897 2668 3949 σοῦ·
2700 3895 2733 3949 ’ἁ
2762 3897 2853 3950 οὖν
2883 3895 3210 3965 ἡτοίμασας,
3243 3894 3353 3950 τίνι
3382 3897 3609 3971 γένηται
3641 3917 3654 3966 ;
3692 3922 3721 3950 »ι

304 3984 562 4040 fertilem
592 3987 673 4054 (η)
708 4000 720 4038 :
757 4006 784 4033 ››
816 3983 1031 4038 deinde
1063 3999 1199 4037 cum
1230 3982 1407 4037 vellet
1436 3983 1661 4038 fructus
1685 4000 1992 4055 reponere,
2028 3991 2087 4040 et
2115 3989 2273 4040 esset
2303 4008 2326 4036 (ι
2362 3985 2591 4057 majora
2622 3985 2837 4041 horrea
2867 3986 3326 4048 aedificaturus,»
3359 3986 3471 4042 sibi
3503 3986 3723 4043 dixisse

308 4090 415 4147 per
445 4072 921 4145 prosopOpaeiam
957 4087 970 4125 :
1010 4093 1035 4122 α
1070 4071 1259 4125 Habes
1291 4070 1447 4126 bona
1475 4071 1663 4127 multa
1684 4074 1943 4143 reposita
1975 4074 2077 4128 tibi
2109 4074 2170 4128 in
2199 4073 2418 4128 multos
2449 4091 2659 4141 annos,
2694 4074 2821 4138 ede,
2855 4073 3013 4142 bibe,
3063 4074 3264 4130 lentare
3295 4092 3308 4128 :
3342 4075 3529 4131 Stulte
3561 4092 3723 4148 ergo,

308 4163 523 4233 inquit,
562 4161 672 4217 hac
704 4166 876 4216 nocte
900 4160 1161 4214 animam
1192 4166 1353 4215 tuam
1386 4176 1420 4215 a
1448 4167 1501 4215 te
1532 4167 1848 4231 repetunt;
1876 4179 2010 4234 quae
2041 4179 2178 4235 ergo
2209 4163 2451 4233 parasti,
2484 4163 2657 4234 cujus
2687 4168 2864 4217 erunt
2891 4166 2967 4234 (a)
2990 4162 3017 4218 ?
3044 4184 3070 4215 ι

373 4280 435 4343 ›ι‹
466 4281 531 4334 P.
566 4281 668 4334 537
701 4278 811 4332 ED.
846 4278 1144 4349 pomis,
1175 4278 1416 4331 449-450
1448 4277 1558 4331 ED.
1593 4277 1818 4332 PABIS.
1899 4277 1963 4349 (αξ

2080 4278 2207 4332 Ltth.
2241 4296 2371 4342 xxv,
2405 4280 2493 4345 35,
2526 4278 2612 4349 36.

1850 4351 1963 4493 (ιέἵέ

2080 4366 2165 4404 ov.
2198 4367 2318 4414 xm,
2352 4353 2404 4405 8.
2514 4351 2595 4415 (h‘
2630 4351 2830 4405 Matth.
2858 4367 2975 4412 χιχ,
3013 4354 3113 4417 16;
3149 4352 3323 4407 Marc.
3352 4369 3410 4417 x,
3446 4356 3549 4419 l7;
3587 4354 3721 4407 Luc.

2080 4420 2112 4476 ι.
2145 4438 2255 4491 cxi,
2288 4423 2341 4475 9.
2417 4419 2481 4491 (ι)
2513 4420 2716 4477 Matth.
2752 4438 2826 4488 γι,
2861 4423 2945 4476 19.
2989 4423 3086 4492 (m)
3115 4426 3256 4495 Agg.
3293 4440 3332 4488 ι,
3364 4426 3419 4479 7.
3476 4426 3555 4493 (η)
3586 4424 3723 4479 Luc.

303 4351 379 4422 (τι)
412 4353 579 4406 Prov.
616 4367 695 4406 ιιι.
727 4353 816 4404 27.
921 4349 990 4419 (θ)
1023 4347 1169 4402 lbid.
1204 4351 1256 4404 3.
1314 4419 1335 4422 μ
1363 4349 1433 4422 (f)
1463 4350 1627 4403 Prov.
1661 4366 1719 4413 x,
1751 4352 1803 4403 4.

306 4419 458 4490 xvm,
496 4424 578 4476 18.
656 4424 721 4492 (ἱ)
752 4423 921 4476 Prov.
954 4436 1071 4486 xm,
1107 4423 1192 4473 11.
1269 4419 1344 4490 (j)
1374 4420 1540 4475 Prov.
1574 4437 1653 4485 χι,
1683 4421 1771 4477 23.

304 4510 401 4561 xu,
438 4496 501 4549 ιθ
535 4496 624 4549 20.

2711 4279 2785 4347 (ὁ)
2811 4277 2958 4333 Ibid.
2991 4281 3078 4334 40.
3179 4279 3250 4348 (c)
3281 4280 3448 4335 Prov.
3483 4298 3600 4348 xix,
3635 4285 3723 4336 17.

2514 4348 2595 4415 (h‘
2630 4349 2830 4405 Matth.
2858 4367 2975 4412 χιχ,
3013 4354 3113 4417 16;
3149 4352 3323 4407 Marc.
3352 4369 3410 4417 x,
3446 4356 3549 4419 l7;
3587 4354 3721 4407 Luc.

381 4609 587 4683 (84)_'0
620 4605 726 4664 διδ.
758 4611 929 4665 Prov.
963 4625 1079 4676 XIX,
1124 4608 1228 4662 i7:
1283 4605 1521 4676 Δανείζει
1582 4606 1697 4680 Θεῷ
1729 4607 1757 4662 ὁ
1789 4604 1955 4663 ἐλεῶν

2080 4610 2230 4681 legit,
2265 4604 2505 4683 ἐπιφέρει
2535 4602 2593 4660 δε
2623 4603 2705 4661 ὅδ’
2756 4606 2845 4663 αὗ.
2909 4610 3204 4682 interpres
3253 4611 3616 4667 commation
3665 4610 3724 4666 id

309 4681 559 4735 πτωγόν.

382 4699 749 4823 (iai‘iiizvsaz,
782 4745 995 4823 Ἐνδεῆ,
1037 4749 1315 4823 Proverb.
1374 4750 1471 4823 Sic
1499 4750 1773 4823 superius
1804 4746 1958 4819 ἐνδεῆ

310 4818 700 4894 ῐῐιιιιδιυῐῐιλίιι
733 4818 1145 4894 ἐνδεεῖλμρίιῦ
1173 4822 1294 4877 edit
1345 4822 1531 4894 Paris.

384 4895 495 4966 (86)
523 4888 784 4966 ’_Av69¢'_bv.
816 4888 1135 4966 Ἀνδρείων,
1167 4893 1441 4966 Proverb.

382 4962 499 5038 (87)
532 4962 828 5038 'Emhpépe}.
870 4966 1011 5030 Quis
1068 4965 1205 5038 hanc
1252 4988 1279 5015 ‹‹
1315 4964 1621 5037 subjungit
1647 4964 1676 5019 ?
1705 4986 1731 5013 »ι
1794 4964 1962 5019 Certe

307 5054 431 5095 non
466 5034 909 5108 Salomonloco
942 5034 1620 5108 proverbiorum,_qu€m
1653 5041 1829 5091 antea
1867 5052 1959 5090 re-

314 5054 431 5095 non
466 5054 745 5091 Salomon
784 5054 909 5089 ιοεο
942 5054 1408 5160 provermorum,
1444 5054 1620 5108 quem
1653 5054 1829 5091 antea
1867 5054 1959 5090 re-

314 5109 547 5182 spexit:
584 5123 722 5182 nam
754 5105 814 5159 in
842 5123 910 5161 eo
966 5124 1067 5161 HI'C
1098 5123 1216 5161 non
1242 5108 1637 5182 reperiuntur.
1673 5109 1840 5182 Forte
1871 5123 1963 5162 re-

312 5178 489 5260 spicit
520 5179 653 5260 Psal
701 5193 791 5260 xv.
825 5194 1095 5260 quocum
1126 5194 1177 5231 v.
1204 5182 1236 5260 l_
1264 5178 1690 5260 int-(arrogatum
1712 5179 1959 5260 fuisset:

384 5277 411 5303 «
448 5252 591 5319 Quis
626 5247 918 5306 habitabit
968 5249 1027 5301 in
1078 5255 1280 5303 monte
1341 5247 1622 5304 Domini?
1652 5272 1679 5297 ››
1734 5250 1964 5320 Aliquis

312 5323 595 5398 ἰπιφέρει,
627 5320 968 5398 respondet,
1008 5341 1034 5367 »
1066 5322 1242 5398 .v._5,
1275 5320 1523 5398 eummibi
1557 5320 1962 5398 habitaturum

311 5382 693 5469 essé,'qu'i16
722 5382 977 5469 ἀργύριιηδ
1022 5386 1185 5469 αῦτοῦ
1240 5387 1369 5469 οὐκ⁸
1396 5388 1594 5443 ἔδωκεν
1653 5387 1742 5443 ἐπὶ
1798 5390 1962 5462 τόκῳ.

312 5461 544 5526 Similia
577 5461 900 5525 occurrunt
929 5461 1132 5518 Ezech.
1158 5477 1309 5523 xvm.
1343 5463 1393 5516 8.

383 5544 490 5616 (88.
517 5538 666 5616 "Et?
699 5535 781 5616 ἄν.
810 5540 925 5616 _Pro
949 5534 992 5616 ﬁ
1024 5529 1069 5587 δ’
1207 5548 1326 5615 non
1384 5531 1759 5616 incommode
1792 5548 1967 5616 repo-

308 5603 504 5672 sueris
564 5609 684 5668 ἰδοὺ
729 5610 888 5685 ἀνὴρ.
949 5608 1042 5664 Fr.
1095 5603 1305 5663 Junius
1355 5603 1576 5662 minori
1634 5603 1967 5661 mutatione

2069 4679 2380 4753 praeteriit;
2411 4679 2684 4753 SvLaunc.

2143 4752 2255 4828 (89)
2308 4749 2557 4828 ᾼύῌτρον.
2617 4751 2889 4828 Prpverb.
2954 4770 3077 4828 xm,
3128 4755 3218 4828 8ξῂ
3264 4750 3471 4828 Λῦτρον
3519 4749 3725 4828 ἀνδρὸς

2069 4818 2255 4945 «(au-x1?
2316 4821 2343 4875 6
2375 4818 2515 4883 ἴδιος
2574 4818 2839 4893 πλοῦτος,
2892 4823 3117 4897 πτωγὸς
3177 4819 3234 4876 δὶ
3282 4818 3392 4898 οὐχ
3438 4818 3723 4901 ὑφίσθαται

2070 4913 2192 4945 απει
2222 4915 2286 4945 «ν.

2070 4913 2286 4949 απειΑν.

2143 4968 2257 5034 (90)
2296 4965 2537 5038 Ψυχροῦ
2561 4965 2687 5038 ῌοο
2721 4965 2781 5019 in
2827 4964 2978 5019 Flor.
3007 4965 3148 5021 edit.
3195 4967 3481 5022 omissum
3516 4972 3725 5038 postu-

2071 5037 2156 5091 lat
2186 5035 2523 5091 antithesis.
2555 5036 2828 5092 Snuunc.

2145 5110 2259 5181 (91.)
2317 5107 2522 5181 Κτῇσις
2554 5148 2565 5160 .
2602 5149 2622 5181 _.
2670 5149 2682 5162 .
2742 5102 3225 5181 inioneu30pévn_.
3285 5106 3545 5181 Ὕπαρξις
3600 5104 3728 5181 ἐπι-

2074 5174 2489 5250 σπουδαζομὲνη
2528 5219 2540 5231 .
2600 5178 2884 5250 Proverb.
2943 5174 3163 5245 κτῆσιί
3193 5174 3729 5250 ἐπισπουδαζομένη,

2074 5249 2600 5317 ΟιθῐιιρῐιεΡωὰασ.
2638 5249 2739 5304 lib.
2775 5267 2857 5314 ιιι,
2891 5265 3018 5317 cap.
3052 5250 3160 5304 ult.

2146 5325 2255 5394 (92)
2298 5316 2649 5394 Εἷσῖηῐξίσζν
2704 5319 2757 5373 οἳ
2788 5316 3050 5394 ΔτιΞι-ῗδια
3090 5317 3442 5394 σπείροντες,
3500 5316 3734 5375 πλείονα

2074 5388 2325 5467 ποιοῦσιν
2364 5412 2376 5424 ⁸
2439 5389 2541 5447 εἶσὶ
2601 5388 2658 5445 δὲ
2714 5390 2804 5445 καὶ
2864 5390 2917 5444 οἳ
2974 5388 3292 5467 συνάγοντες
3350 5389 3732 5463 ἐλαττοῦνται,

2075 5464 2353 5520 Proverb.

2152 5537 2259 5608 (93)
2290 5534 2513 5608 Χώραν.
2546 5533 2715 5589 Lucas
2771 5550 3035 5602 sensum,
3066 5533 3261 5589 verbis
3305 5533 3551 5607 paulum
3595 5549 3739 5591 mu-

2078 5608 2218 5664 tatis
2243 5606 2493 5663 exhibet
2515 5611 2741 5662 auctor
