4034 6148
294 275 424 330 1161

1623 275 2071 332 ΒΤΒΟΜΔἸὍΜ
2107 273 2243 328 LIB.
2285 275 2386 328 III.

3568 285 3710 340 1162

1800 453 2030 510 CAPUT
2069 452 2186 507 VII.

689 572 807 636 Qua
835 573 896 625 in
924 588 983 626 re
1014 571 1456 627 Christianorum
1485 572 1824 626 continentia
1853 585 1972 624 eam
2020 584 2187 638 quam
2214 568 2320 623 sibi
2344 568 2631 623 vindicant
2658 570 2976 641 philosophi
3005 573 3316 630 antecellat.

361 723 423 775 Ἦ
459 721 551 794 μὲν
604 719 702 775 οὖν
755 721 1068 793 ἀνθρωπίνη
1123 721 1424 798 ἐγκράτεια,
1457 724 1492 791 ἡ
1524 722 1660 776 κατά
1695 720 1825 783 τοὺς
1854 739 1941 796 φιο

2132 721 2400 776 Humana
2434 737 2572 792 ergo
2605 723 2996 790 continentia,
3031 741 3118 787 ea,
3161 725 3425 796 inquam,
3461 746 3590 800 quae
3623 740 3713 788 est

291 809 589 888 λοσόφους,
643 808 787 884 λέγω
835 810 963 872 τοὺς
1011 809 1322 881 Ἑλλήνων,
1370 812 1432 865 τὸ
1484 808 1846 884 διαμάχεσθαι
1874 810 1944 880 τῇ

293 899 574 970 ἐπιθυμίᾳ,
624 899 713 952 καὶ
773 902 846 970 μὴ
927 899 1272 974 ἐξυπηρετεῖν
1329 900 1466 972 αὐτῇ
1530 898 1604 960 εἷς
1672 899 1740 952 τά
1793 895 1943 972 ἔργα,

295 985 715 1062 ἐπαγγέλλεται·
748 989 782 1056 ἡ
813 989 933 1050 καθ’
965 990 1112 1060 ἡμᾶς
1161 985 1237 1054 δὲ,
1272 988 1332 1041 τὸ
1386 989 1460 1059 μὴ
1497 987 1802 1058 ἐπιθυμεῖν,
1838 986 1948 1059 οὐχ

290 1074 384 1130 ’ίνα
412 1097 496 1138 τις
527 1075 806 1149 ἐπιθυμῶν
839 1079 1097 1149 καρτερῇ,
1147 1075 1276 1131 ἀλλ’
1325 1076 1474 1138 ὅπως
1513 1076 1602 1130 καὶ
1630 1079 1732 1130 τοῦ
1762 1074 1947 1137 ἐπιθυ-

301 1169 420 1236 μεῖν
453 1163 866 1238 ἐγκρατεύηται.
928 1158 1121 1220 Λαϐεῖν
1183 1160 1241 1218 δὲ
1297 1161 1487 1227 ἄλλως
1544 1163 1643 1217 οὐκ
1698 1162 1945 1230 ἐστιτήν

295 1252 608 1329 ἐγκράτειαν
636 1253 837 1322 ταύτην
867 1253 903 1323 ἢ
935 1253 1124 1326 χάριτι
1144 1256 1243 1308 τοῦ
1269 1256 1429 1312 Θεοῦ,
1465 1252 1560 1306 Διά
1589 1256 1749 1306 τοῦτο
1783 1252 1947 1305 εἶπεν

294 1366 323 1393 (ι
362 1341 598 1407 Αἰτεῖτε,
647 1341 740 1396 καὶ
799 1338 1088 1412 δοθήσεται
1148 1341 1298 1413 ὑμῖν.
1337 1365 1364 1392 ››
1419 1342 1626 1411 Ταύτην
1659 1335 1822 1394 ἔλαϐε
1849 1340 1948 1406 τήν

296 1431 458 1506 χάριν
510 1431 657 1485 καὶὸ
689 1432 955 1500 Μωϋσῆς,
1009 1430 1072 1484 τὸ
1130 1427 1305 1492 ἐνδεὲς
1361 1435 1520 1501 σῶμα
1550 1428 1951 1504 περικείμενος,

293 1517 386 1572 τίνα
416 1519 814 1589 τεσσαράκοντα
860 1519 1072 1594 ἡμέρας
1117 1521 1256 1592 μήτε
1302 1520 1552 1592 πεινάσῃ,
1607 1519 1747 1591 μήτε
1789 1515 1955 1588 διψή-

303 1629 396 1683 σῃ.
424 1609 514 1671 Ὦς
561 1605 616 1662 δὲ
670 1608 928 1682 ὑγιαίνειν
980 1608 1202 1680 ἄμεινον
1244 1611 1341 1662 τοῦ
1389 1611 1651 1662 νοσοῦντα
1679 1607 1802 1681 περὶ
1836 1606 1955 1681 ὑγι-

302 1699 414 1760 είας
445 1697 808 1774 διαλέγεσθαι,
860 1698 1004 1753 οὕτω
1045 1701 1108 1752 τὸ
1160 1699 1294 1753 εἶναι
1345 1703 1461 1775 φῶς
1492 1701 1590 1752 τοῦ
1621 1696 1745 1772 περὶ
1777 1693 1959 1773 φωτὸς

301 1787 517 1852 λαλεῖν,
545 1787 638 1842 καὶ
663 1789 698 1857 ἡ
729 1789 866 1842 κατά
897 1785 1157 1857 ἀλήθειαν
1209 1787 1494 1863 ἐγκράτεια
1540 1793 1640 1855 τῆς
1700 1786 1802 1839 ὑπὸ
1847 1787 1954 1838 τῶν

300 1876 620 1954 φιλοσόφών
655 1873 1076 1949 διδασκομένης.
1112 1877 1192 1933 Οὗ
1222 1877 1326 1952 γὰρ
1359 1875 1498 1930 ὅπου
1529 1879 1664 1952 φῶς,
1698 1875 1810 1929 ἐκεῖ
1841 1873 1961 1928 σκό.

291 1983 410 2028 τος’
448 1963 575 2020 ἔνθα
609 1964 664 2020 δὲ
695 1964 835 2020 ἐστιν
868 1965 1130 2036 ἐπιθυμία
1178 1964 1601 2041 ἐγκαθεζομένη,
1656 1963 1796 2036 μόνη
1830 1983 1957 2036 τυγ-

2060 825 2128 863 ex
2161 809 2458 864 sententia
2487 810 2981 882 pbiIOSOphorum
3017 813 3372 876 Graecorum,
3396 817 3711 886 proﬁtetur

2058 914 2320 969 pugnare
2347 915 2480 952 cum
2514 899 2859 969 cupiditate,
2893 906 2951 953 et
2979 901 3039 954 in
3072 901 3241 956 factis
3274 903 3324 956 ei
3367 920 3486 958 non
3520 905 3710 961 inser-

2055 987 2176 1040 vire
2202 1004 2215 1052 ;
2251 1003 2381 1056 quae
2417 993 2505 1041 est
2528 993 2724 1041 autem
2759 1005 2830 1043 ex
2851 995 3054 1043 nostra
3076 992 3372 1046 sententia
3398 995 3711 1049 continen-

2059 1075 2160 1139 tia,
2194 1091 2314 1129 non
2346 1076 2807 1147 concupiscere;
2841 1095 2961 1132 non
2997 1083 3063 1132 ut
3101 1080 3235 1150 quis
3284 1083 3710 1153 concupiscens

2062 1180 2123 1218 se
2153 1163 2386 1218 fortiter
2414 1170 2597 1236 gerat,
2633 1166 2734 1220 sed
2763 1172 2828 1220 ut
2851 1166 3026 1222 etiam
3060 1184 3095 1222 a
3142 1170 3618 1240 concupiscendo
3649 1189 3710 1226 se

2063 1253 2382 1308 contineat.
2418 1255 2537 1308 Non
2573 1260 2768 1325 potest
2793 1260 2990 1310 autem
3039 1273 3108 1312 ea
3155 1257 3328 1313 aliter
3379 1261 3712 1330 comparari

2063 1343 2453 1408 continentia,
2486 1343 2600 1398 nisi
2628 1346 2814 1416 gratia
2846 1345 2967 1399 Dei.
2995 1348 3064 1399 Et
3084 1346 3217 1401 Ideo
3240 1347 3389 1402 dixit
3414 1365 3425 1402 :
3457 1368 3478 1396 α
3504 1349 3712 1420 Petite,

2065 1437 2123 1485 et
2153 1431 2390 1485 dabitur
2409 1431 2574 1485 vobis
2596 1432 2691 1501 (a).
2719 1452 2744 1484 ι
2773 1434 2933 1488 Hanc
2955 1436 3203 1506 gratiam
3229 1437 3456 1508 Moyses
3480 1455 3716 1508 quoque

2066 1520 2312 1591 accepit,
2348 1521 2448 1590 qui
2481 1521 2726 1593 indigno
2753 1539 2998 1593 corpore
3022 1530 3150 1579 erat
3179 1525 3443 1593 indutus,
3473 1531 3540 1580 ut
3569 1544 3718 1597 qua-

2067 1607 2337 1680 draginta
2351 1608 2558 1663 diebus
2577 1626 2770 1680 neque
2784 1612 3260 1683 esuriret,neque
3275 1614 3484 1668 sitiret.
3503 1617 3716 1679 Quem-

2067 1697 2387 1752 admodum
2429 1703 2625 1753 autem
2674 1700 2892 1754 melius
2940 1705 3030 1755 est
3077 1717 3288 1756 sanum
3339 1719 3490 1770 esse,
3537 1720 3716 1774 quam

2069 1792 2452 1858 aegrotantem
2481 1788 2772 1843 disserere
2803 1789 2874 1842 de
2902 1790 3153 1846 sanitate
3181 1808 3193 1844 :
3226 1792 3309 1846 ita
3339 1792 3534 1847 lucem
3562 1809 3716 1860 esse,

2071 1891 2248 1946 quam
2275 1875 2438 1945 loqui
2471 1876 2542 1930 de
2573 1877 2744 1942 luce;
2777 1882 2836 1931 et
2867 1894 2998 1948 quae
3031 1884 3120 1932 est
3151 1896 3218 1933 ex
3247 1881 3491 1935 veritate
3527 1881 3716 1936 conti-

2071 1965 2297 2032 nentia,
2330 1982 2398 2019 ea
2429 1982 2559 2034 quaa
2611 1965 2857 2020 docetur
2883 1982 2918 2021 a
2957 1967 3348 2039 philos0phis.
3399 1972 3525 2024 Non
3558 1970 3718 2024 enim

309 2056 575 2130 χάνουσα,
606 2054 701 2109 κᾶν
728 2057 797 2128 τῇ
847 2054 1089 2130 ἐνεργὲίᾳ
1135 2055 1388 2129 ἡσυχάζῃ
1422 2057 1490 2127 τῇ
1522 2050 1611 2107 διὰ
1639 2057 1734 2106 τοῦ
1767 2052 1958 2124 σώμα-

2069 2053 2169 2107 ιῢί
2204 2059 2293 2108 est
2322 2053 2445 2120 lux,
2477 2053 2603 2108 illic
2642 2055 2901 2109 tenebras
2927 2073 2940 2123 ;
2970 2055 3070 2109 ubi
3102 2063 3301 2112 autem
3346 2058 3472 2113 sola
3503 2059 3722 2113 insidet

305 2165 425 2211 τος,
454 2148 524 2218 τῇ
560 2147 752 2218 μνήμῃ
781 2149 1117 2212 συνουσιάζει
1149 2144 1285 2217 πρὸς
1329 2145 1392 2198 τὸ
1444 2143 1520 2215 μὴ
1561 2140 1754 2216 παρόν.
1785 2141 1958 2203 Καθό-

311 2231 416 2288 λου
447 2231 505 2288 δὶ
553 2236 688 2306 ἡμῖν
741 2234 982 2309 προείτω
1043 2235 1154 2305 (94)
1214 2234 1241 2287 ὁ
1296 2231 1460 2308 λόγος
1515 2230 1637 2305 περὶ
1669 2230 1958 2305 τεγάμου,

307 2322 433 2402 περί
481 2343 540 2376 τε
586 2329 814 2398 τροφῆς,
863 2320 954 2376 καὶ
997 2325 1106 2375 τῶν
1155 2320 1367 2388 ἄλλων,
1421 2317 1593 2393 μηδὲν
1625 2321 1741 2374 κατ’
1772 2318 1961 2382 ἐπιθυ-

312 2412 440 2482 μίαν
471 2417 666 2476 ποιεῖν,
702 2410 880 2474 θέλειν
944 2407 998 2464 δὲ
1055 2409 1193 2481 μόνα
1245 2408 1422 2464 ἐκεῖνα
1463 2409 1529 2463 τά
1560 2410 1847 2482 ἀναγκαῖα.
1881 2407 1957 2461 Οὐ

303 2499 408 2574 γὰρ
441 2497 596 2571 ἐσμεν
658 2499 949 2568 ἐπιθυμίας
1007 2501 1124 2572 (95)
1182 2500 1361 2561 τέκνα,
1419 2497 1565 2553 ἀλλά
1624 2496 1956 2567 θελήματος·

300 2587 390 2642 καὶ
445 2588 538 2642 τὸν
600 2587 687 2642 ἐπὶ
745 2584 1070 2657 παιδοποιίᾳ
1125 2588 1383 2660 γήμαντα
1431 2584 1740 2661 ἐγκράτειαν
1775 2585 1958 2637 ἀσκεῖν

304 2679 444 2751 χρὴ,
476 2677 551 2737 ὡς
587 2673 728 2748 μηδὲ
760 2674 1040 2747 ἐπιθυμεῖν
1070 2681 1172 2743 τῆς
1200 2675 1452 2750 γυναικὸς
1493 2680 1594 2740 τῆς
1645 2673 1860 2741 ἑαυτοῦ,
1892 2670 1958 2738 ἥν

303 2765 509 2839 ἀγαπᾶν
547 2762 777 2840 ὀφείλει,
811 2767 993 2835 σεμνῷ
1040 2763 1129 2816 καὶ
1179 2767 1418 2839 σώφρονι
1457 2758 1957 2831 παιδοποιούμενος

305 2852 599 2922 θελήματι.
633 2850 710 2907 Οὐ
763 2850 866 2924 γάρ
914 2874 942 2901 ι(
976 2856 1076 2917 τῆς
1133 2850 1331 2922 σαρκὸς
1380 2849 1639 2922 πρόνοιαν
1681 2849 1958 2902 ποιεῖσθαι

302 2941 378 3004 εἰς
415 2939 708 3012 ἐπιθυμίας
737 2963 764 2990 ››
792 2938 1086 3011 ἐμάθομεν·
1122 2963 1149 2990 ‹‹
1176 2936 1542 3012 εὐσχημόνως
1565 2935 1622 2992 δὲ
1645 2938 1719 2998 ὡς
1741 2936 1792 2991 ἐν
1815 2937 1960 3010 ἡμὲ-

304 3049 370 3102 ρᾳ
400 3054 429 3080 ››
477 3033 559 3099 τῷ
610 3031 849 3103 Χριστῷ,
900 3025 990 3081 καὶ
1035 3030 1104 3099 τῇ
1149 3029 1396 3100 Κυριακῇ
1436 3030 1504 3100 τῇ
1537 3030 1773 3104 φωτεινῇ
1806 3026 1955 3100 ἀγω-

303 3121 398 3193 γῇ,
425 3142 452 3169 ι(
485 3116 931 3191 περιπατοῦντες,
967 3116 1042 3188 μὴ
1074 3115 1287 3186 κώμοις
1338 3114 1427 3169 καὶ
1482 3114 1692 3185 μέθαις,
1729 3115 1805 3186 μὴ
1835 3113 1958 3168 κοί-

303 3225 422 3266 ταις
471 3205 561 3258 καὶ
610 3202 936 3278 ἀσελγείαις,
994 3204 1070 3276 μή
1121 3202 1259 3278 ἔρισι
1302 3202 1392 3257 καὶ
1441 3201 1650 3273 ζήλοις.
1700 3225 1728 3253 ››
1784 3199 1959 3258 Ἀλλά

305 3294 410 3370 γὰρ
443 3292 506 3348 οὗ
541 3291 704 3366 μόνον
750 3293 874 3366 περί
921 3313 972 3346 τι
1021 3292 1076 3346 ’ἐν
1125 3289 1265 3354 εἶδος
1309 3292 1409 3360 τὴν
1458 3291 1766 3367 ἐγκράτειαν
1799 3312 1960 3346 συνο-

308 3388 402 3458 ρᾷν
433 3384 720 3452 προσήκει,
772 3380 1018 3436 τουτέστι
1065 3382 1132 3436 τὰ
1188 3377 1500 3457 ἀφροδίσια,
1559 3379 1703 3435 ἀλλὰ
1731 3382 1831 3454 γὰρ
1863 3379 1952 3435 καὶ

305 3471 428 3548 περὶ
458 3471 524 3526 τὰ
553 3469 718 3537 ἄλλα,
752 3470 850 3525 ’ὀσα
879 3468 1209 3525 σπαταλῶσα
1236 3471 1491 3543 ἐπιθυμεῖ
1521 3471 1554 3538 ἡ
1589 3470 1743 3544 ψυχὴ
1771 3471 1951 3540 ἡμῶν,

307 3561 406 3615 οὐκ
460 3558 769 3633 ἀρκουμὲνη
819 3565 936 3621 τοῖς
995 3559 1338 3634 ἀναγκαίοις,
1391 3559 1862 3634 περιεργαζομένη
1897 3556 1954 3613 δὲ

302 3652 402 3720 τήν
436 3647 664 3726 χλιδήν.
698 3651 1014 3726 Ἐγκράτειά
1070 3649 1210 3704 ἐστιν
1270 3648 1530 3725 ἀργυρίου
1577 3653 1951 3727 καταφρονεῖν·

305 3748 540 3818 τρυφῆς,
595 3741 867 3808 κτήσεως,
929 3740 1050 3802 θέας
1105 3739 1703 3814 καταμεγαλοφρονεῖψ
1751 3737 1958 3810 στόμα-

308 3851 404 3893 τος
433 3835 672 3904 κρατεῖν,
707 3828 972 3904 κυριεύειν
1031 3826 1284 3903 λογισμῷ
1333 3832 1442 3882 τῶν
1498 3832 1776 3903 πονηρῶν.
1809 3824 1950 3896 Ἤδη

314 3915 372 3973 δὶ
418 3918 507 3972 καὶ
557 3915 778 3992 ἄγγελοί
830 3920 941 3990 (96)
987 3937 1151 3985 τινες,
1201 3915 1450 3989 ἀκρατεῖς
1494 3914 1801 3991 γενόμενοι,
1841 3915 1954 3969 ἐπιο

313 4007 481 4079 θυμία
537 4006 782 4068 ἆλόντες,
867 4003 1154 4076 οὐρανόθεν
1241 4001 1398 4076 δεῦρο
1450 4007 1956 4059 καταπεπτὼκασιν.

317 4094 685 4156 Οὐαλεντῖνος
717 4093 775 4149 δὲ
804 4093 856 4148 ἐν
886 4096 954 4166 τῇ
986 4093 1121 4168 πρὸς
1153 4090 1501 4167 Ἀγαθόποδα
1529 4096 1642 4165 (97)
1673 4091 1957 4162 ἐπιστολῇ,

323 4208 342 4233 ιι
381 4180 581 4250 Πάντα,
642 4183 828 4258 φησὶν,
889 4182 1206 4255 ὑπομείνας,
1264 4179 1529 4256 ἐγκρατὴς
1583 4179 1674 4254 ᾖν,
1733 4181 1962 4250 θεότητα

316 4271 526 4338 Ἰησοῦς
557 4266 851 4342 εἰργάζετοο
886 4269 1040 4338 ἤσθιε
1097 4267 1187 4323 καὶ
1243 4266 1419 4322 ἔπινεν
1483 4266 1652 4336 ἰδίως,
1695 4268 1795 4324 οὐκ
1825 4268 1964 4324 ἀπο-

317 4354 499 4417 διδοὺς
548 4357 616 4411 τά
675 4357 961 4431 βρώματα.
1021 4357 1271 4428 Τοσαύτη
1330 4359 1396 4426 ἧν
1457 4356 1603 4430 αὐτῷ
1655 4358 1965 4433 ἐγκρατείας

319 4443 572 4518 δύναμις,
604 4443 742 4498 ὣστε
788 4444 878 4498 καὶ
931 4446 1006 4518 μὴ
1065 4453 1331 4523 φθαρῆναι
1387 4448 1491 4516 τὴν
1545 4449 1754 4526 τροφὴν
1786 4446 1836 4502 ἐν
1869 4447 1962 4502 αὖ-

2067 2142 2383 2213 cupiditas,
2417 2143 2650 2197 etiamsi
2682 2144 2950 2214 quiescat
2980 2161 3014 2199 a
3041 2161 3326 2216 corporea
3349 2148 3719 2217 operatione,

2063 2237 2126 2286 at
2157 2232 2445 2286 memoria
2475 2249 2609 2286 cum
2641 2248 2731 2297 eo,
2767 2232 2926 2302 quod
2957 2249 3078 2287 non
3127 2239 3217 2288 est
3261 2251 3546 2304 praesens,
3580 2253 3723 2291 con-

2064 2320 2348 2391 greditur.
2386 2321 2724 2374 Generatim
2753 2319 2815 2382 ›Χ‹
2845 2327 3042 2374 autem
3074 2322 3246 2376 nobis
3276 2324 3559 2393 procedat
3589 2341 3724 2378 ora-

2063 2409 2143 2462 tio
2176 2409 2247 2462 de
2296 2408 2701 2474 matrimonio,
2735 2408 3124 2474 nutrimento,
3161 2415 3218 2463 et
3247 2410 3401 2478 aliis,
3454 2417 3520 2466 ut
3568 2412 3723 2465 nihil

2061 2496 2350 2550 faciamus
2374 2512 2441 2550 ex
2464 2495 2807 2566 cupiditate,
2830 2495 3079 2550 velimus
3106 2503 3305 2552 autem
3331 2516 3399 2552 ea
3421 2500 3566 2565 sola,
3588 2518 3720 2570 quas

2063 2588 2201 2636 sunt
2232 2583 2584 2637 necessaria.
2621 2584 2748 2636 Non
2779 2600 2986 2638 sumus
3012 2585 3170 2638 enim
3221 2586 3328 2639 ﬁlii
3355 2587 3717 2657 cupiditatis,

2063 2671 2166 2724 sed
2199 2670 2556 2735 voluntatis;
2594 2677 2652 2723 et
2683 2687 2840 2737 eum,
2874 2672 2974 2742 qui
3006 2689 3247 2728 uxorem
3283 2675 3450 2729 duxit
3478 2682 3720 2747 propter

2061 2760 2383 2814 liberorum
2415 2759 2910 2829 procreationem,
2956 2777 3231 2818 exercere
3264 2770 3497 2835 oportet
3527 2766 3715 2819 conti-

2062 2849 2348 2914 nentiam,
2380 2853 2446 2901 ut
2470 2865 2543 2902 ne
2572 2866 2739 2903 suam
2772 2849 3014 2920 quidem
3039 2853 3420 2923 concupiscat
3445 2870 3714 2918 uxorem,

2062 2953 2240 3008 quam
2259 2936 2435 2991 debet
2459 2937 2722 3010 diligere,
2744 2939 2996 2995 honesta
3013 2946 3072 2995 et
3086 2941 3389 2997 moderata
3406 2942 3713 2997 voluntate

2061 3042 2302 3096 operam
2330 3024 2477 3080 dans
2509 3026 2734 3080 liberis.
2764 3029 2888 3082 Non
2914 3030 3072 3084 enim
3104 3053 3130 3079 ‹‹
3164 3031 3363 3086 carnis
3389 3047 3592 3086 curam
3616 3047 3715 3103 ge-

2060 3129 2191 3167 rere
2212 3113 2285 3168 ad
2312 3113 2825 3184 concupiscentias
2849 3137 2876 3165 »
2905 3115 3259 3184 didicimus;
3287 3141 3313 3167 ‹‹
3338 3119 3586 3172 honeste
3610 3135 3716 3174 au-

2061 3208 2179 3257 tem
2213 3207 2495 3274 tanquam
2522 3203 2583 3256 in
2618 3203 2734 3270 die,
2764 3226 2790 3251 ››
2824 3205 3078 3272 Christo,
3115 3213 3172 3260 et
3195 3207 3500 3262 Dominica
3521 3208 3720 3264 lucida

2059 3293 2190 3346 vita:
2223 3291 2622 3360 institutione,
2663 3315 2688 3344 α
2725 3292 3124 3363 ambulantes,
3160 3313 3278 3349 non
3310 3297 3371 3349 in
3419 3314 3719 3352 comessa-

2068 3381 2326 3435 tionibus
2357 3387 2416 3435 et
2443 3381 2849 3447 ebrietatibus,
2887 3399 3007 3436 non
3051 3383 3110 3436 in
3163 3383 3459 3438 cubilibus
3501 3392 3558 3438 et
3604 3387 3716 3440 im-

2067 3470 2389 3541 pudicitiis,
2410 3487 2528 3524 non
2548 3471 2610 3524 in
2627 3470 2834 3525 litibus
2857 3477 2916 3524 et
2937 3471 3419 3527 contentionibus
3443 3474 3537 3539 tb).
3566 3496 3592 3520 υ
3618 3475 3715 3528 Ve-

2065 3577 2198 3614 rum
2225 3559 2382 3614 enim
2406 3576 2538 3613 vero
2572 3577 2692 3613 non
2728 3565 2962 3630 oportet
2990 3561 3367 3616 considerare
3399 3561 3708 3616 continen-

2063 3648 2281 3703 tiamin
2295 3664 2413 3702 uno
2429 3648 2619 3702 solum
2640 3665 2876 3719 genere,
2903 3665 3116 3719 nempe
3140 3650 3199 3703 in
3223 3649 3400 3704 rebus
3420 3650 3708 3720 venereis,

2067 3738 2169 3793 sed
2183 3737 2358 3791 etiam
2377 3737 2437 3790 in
2452 3736 2907 3807 quibuscunque
2925 3737 3076 3804 aliis,
3097 3755 3228 3809 qum
3246 3738 3548 3794 luxuriosa
3565 3756 3709 3794 con-

2067 3825 2319 3897 cupiscit
2348 3825 2566 3889 anima,
2601 3842 2722 3879 non
2751 3831 3032 3880 contenta
3063 3828 3437 3893 necessariis,
3466 3827 3567 3882 sed
3599 3827 3713 3882 sol-

2066 3915 2229 3969 licita
2260 3914 2332 3967 de
2362 3913 2612 3967 deliciis.
2647 3913 3028 3969 Continentia
3058 3921 3146 3969 est
3177 3916 3492 3986 pecuniam
3515 3916 3715 3986 despi-

2069 4019 2200 4058 cere
2225 4020 2242 4067 ;
2264 4002 2646 4072 voluptatem,
2671 4003 3134 4072 possessionem,
3167 4003 3568 4074 spectaculum
3591 4021 3714 4059 ma-

2068 4109 2181 4165 gno
2214 4097 2273 4147 et
2302 4091 2534 4146 excelso
2567 4091 2766 4145 animo
2807 4097 3191 4146 contemnere
3218 4109 3233 4158 ;
3279 4109 3344 4147 os
3392 4093 3718 4159 continere,

2071 4181 2299 4237 ratione
2326 4198 2456 4251 quas
2487 4186 2626 4235 sunt
2667 4180 2824 4235 mala
2861 4181 3116 4235 vincere.
3167 4183 3292 4236 lam
3342 4198 3476 4236 vero
3527 4181 3722 4253 angeli

2072 4287 2308 4341 quoque
2337 4269 2606 4339 quidam,
2637 4285 2772 4324 cum
2802 4268 3056 4324 fuissent
3087 4270 3554 4339 incontinentes,
3587 4270 3722 4324 victi

2073 4359 2416 4431 cupiditate,
2450 4359 2565 4412 huc
2595 4374 2625 4412 e
2657 4358 2803 4414 ccelo
2835 4358 3205 4414 deciderunt.
3241 4358 3589 4413 Valentinus
3620 4374 3725 4412 au-

2071 4454 2192 4504 tem
2224 4449 2286 4503 in
2317 4446 2579 4518 Epistola
2612 4446 2688 4502 ad
2718 4447 3162 4519 Agathopodem
3191 4463 3204 4500 :
3237 4469 3264 4496 «
3309 4448 3454 4502 Cum
3501 4447 3723 4512 omnia,

387 4672 450 4735 ἦ(
481 4672 544 4726 Ρ.
574 4671 681 4726 538
701 4671 812 4726 ΕΙ).
846 4671 1139 4740 POTTER,
1161 4673 1389 4726 450-451
1440 4671 1554 4726 ΕΙ).
1586 4669 1814 4728 PARIS.
1873 4669 1950 4744 (a)

2069 4668 2184 4724 .tth.
2217 4685 2314 4736 vn,
2341 4670 2394 4724 7.
2428 4667 2506 4739 (b)
2535 4667 2703 4722 Rom.
2733 4665 2861 4734 χιιι,
2898 4667 2984 4731 12,
3020 4665 3105 4732 13,
3139 4663 3226 4721 14.

389 4890 503 4971 (94)
551 4889 819 4971 Προείτω..
870 4894 936 4947 In
974 4891 1212 4971 προείτω
1254 4892 1498 4971 vestigia
1538 4895 1677 4946 sunt
1706 4889 1958 4962 duplicis

2077 4903 2240 4971 nunc.
2265 4915 2333 4924 —
2355 4883 2524 4971 (Ξοῐιξζ
2556 4899 2686 4953 qua;
2713 4881 3126 4936 adnotavimus
3159 4880 3231 4936 ad
3274 4881 3455 4936 finem
3483 4879 3730 4948 Pwdag.,

314 4961 648 5038 scripturas,
681 4961 896 5038 προέτω
927 4972 988 5038 et
1012 4961 1262 5038 προΐτω,
1284 4961 1556 5038 δγιεξωιο.

391 5034 503 5107 (95)
536 5033 621 5107 υρ
645 5033 936 5107 plateae»,
972 5033 1353 5107 im'ﬂespicit
1399 5035 1550 5089 forte
1589 5035 1753 5107 Joan_.
1787 5049 1824 5096 ι,
1862 5034 1965 5107 l_3__:

313 5100 388 5176 Οἳ
449 5099 552 5176 οὖκ
605 5099 669 5176 ἐξ
714 5099 982 5176 αἱμάτων,
1040 5105 1165 5161 οὐδὲ
1212 5099 1529 5174 θελήματος
1592 5103 1812 5176 σαρκὸς,
1847 5099 1973 5156 οὐδὲ

311 5174 378 5230 ἐκ
404 5173 722 5250 ,θελήματος
750 5173 978 5250 ἀνδρὸς,
1001 5177 1126 5233 ἀλλ’
1159 5177 1218 5231 ἐκ
1248 5173 1383 5231 Θεοῦ
1408 5173 1790 5249 ἐγεννήθησαν.

391 5249 504 5316 (96)
530 5245 821 5324 Ἄγγελοι.
855 5245 1069 5324 Opinio
1117 5245 1540 5324 istaqveterum
1577 5245 1974 5324 quorumdam

315 5318 394 5393 de
426 5314 674 5393 angelis,
707 5314 923 5378 hausta
967 5330 1055 5377 est
1104 5339 1173 5377 ex
1219 5322 1320 5375 illo
1371 5314 1669 5393 Genes._'v1
1698 5314 1975 5393 :_'18r$v-ce<

321 5387 384 5442 δὶ
413 5391 464 5444 οἱ
494 5387 604 5445 υἱοὶ
633 5396 729 5445 τοῦ
777 5397 912 5447 Θεοῦ
953 5393 1054 5476 Iri“:
1104 5393 1535 5476 Ouxat‘épijtb‘v
1567 5390 1886 5474 ἀγθρώπων,
1920 5394 1980 5444 et

319 5477 457 5585 quae
478 5471 842 5535 sequuntur:
870 5466 971 5520 sed
995 5463 1230 5536 decepit
1251 5465 1388 5519 illos
1414 5463 1797 5518 Hebraismus
1823 5479 1834 5516 :
1861 5476 1980 5531 qua

369 5547 399 5585 e
430 5550 493 5585 re
525 5543 583 5585 et
612 5539 945 5585 Mungterns
993 5537 1055 5585 in
1105 5553 1240 5585 eum
1285 5536 1504 5585 locum-
1540 5541 1599 5585 et
1637 5533 1980 5585 Notationes

369 5547 399 5585 e
430 5550 493 5589 re
525 5533 583 5590 et
610 5539 945 5593 Munsterus
993 5537 1056 5590 in
1105 5533 1242 5591 eum
1285 5536 1504 5604 locum,
1540 5541 1599 5589 et
1637 5533 1980 5604 Notationes

325 5611 545 5662 nostrae
577 5607 640 5664 in
669 5608 948 5665 homilias
1006 5609 1061 5664 S.
1095 5609 1339 5664 Patrum
1384 5603 1519 5679 pag.
1562 5608 1689 5662 560.
1742 5604 1809 5660 Η.
1843 5603 1982 5658 SYL-

645 5729 914 5793 ΡΔτιιοι..
963 5732 1076 5793 Gn.
1123 5729 1285 5792 VIII.

2081 4959 2182 5014 lib.
2220 4973 2297 5018 III,
2332 4971 2459 5018 cap.
2493 4957 2546 5009 2.

2149 4971 2673 5099 ξθὶιι)¹”τξᾷά)θόῗιόδαε
2723 5023 2808 5079 Cl.
2871 5023 3118 5099 Qrabius
3169 5023 3465 5099 Sp_icileg._
3495 5039 3729 5099 sa'c._v1,

2082 5095 2261 5172 p.53,
2292 5095 2559 5172 adhunc
2594 5095 2942 5172 _Clementi_s_
2987 5096 3192 5172 locum
3241 5096 3364 5172 haec
3396 5095 3731 5172 adnotavit:

2088 5165 2614 5242 ItAgathopusyad
2668 5183 2844 5242 quem
2903 5167 3248 5242 Valentinus
3297 5167 3522 5242 litteras
3553 5165 3734 5230 dedit,

2086 5237 2244 5297 idem
2275 5237 2424 5295 forte
2456 5239 2569 5292 fuit
2600 5255 2732 5293 cum
2777 5237 2878 5292 illo
2932 5239 3033 5308 qui
3081 5239 3136 5293 S.
3168 5239 3458 5309 Ignatium
3490 5241 3736 5309 Romam

2086 5315 2160 5370 ad
2207 5311 2558 5382 martyrium
2617 5307 2964 5365 adductum,
2999 5307 3333 5382 comitatus,
3375 5315 3482 5382 est.
3515 5329 3542 5357 »
3574 5307 3737 5382 Idem

2089 5376 2447 5442 existimavit
2503 5381 2588 5436 Cl.
2652 5383 2986 5435 Pearsonus
3046 5381 3256 5435 Adnot.
3321 5380 3382 5432 in
3414 5379 3538 5432 haec
3565 5376 3742 5432 verba

2087 5457 2415 5529 Ignatianze
2443 5452 2708 5529 epistolas
2737 5453 2810 5508 ad
2830 5453 3180 5529 “smyrnae-os
3223 5467 3349 5529 cap.
3387 5450 3482 5502 t0:
3517 5445 3742 5529 (PQ-gnto

2089 5518 2180 5601 καὶ
2209 5527 2371 5581 Ῥἐων
2404 5518 2855 5601 ᾎγαθόπουν,-ο’ἱ
2905 5518 3360 5601 ἐπηκολούθησάν
3397 5537 3504 5601 poi...
3553 5537 3573 5565 ι
3611 5518 3744 5601 Ρω-

2090 5600 2294 5656 Ionem
2324 5602 2383 5653 et
2410 5593 2599 5654 Reum
2629 5595 3034 5669 Agathopoda,
3059 5593 3160 5665 qui
3189 5606 3284 5647 me
3318 5593 3504 5647 secuti
3525 5595 3682 5646 sunt.
3715 5609 3744 5639 »

3348 5711 3421 5772 37
