4034 6148
353 303 497 361 1163

1580 299 1990 359 CLEMENTIS
2025 295 2531 354 ALEXANDBINI

3633 290 3793 348 1164

353 432 572 504 inquit,
623 431 1030 496 sustinuisset,
1075 434 1204 486 erat
1250 430 1587 495 continens,
1639 427 2008 482 divinitatem

2122 420 2223 495 τῷ·
2286 420 2403 476 ἐπεὶ
2461 421 2523 476 τὸ
2576 417 2883 494 φθείρεσθαι
2936 420 3098 482 αὖτὸς
3150 420 3251 477 οὔκ
3305 422 3472 496 εἶχεν.
3510 443 3538 472 ιο
3580 421 3795 493 Ἡμεῖς

355 522 467 578 sibi
500 522 866 593 comparavit
891 522 1061 575 Jesus
1085 537 1100 585 ;
1133 519 1347 575 edebat
1374 527 1431 574 et
1452 517 1689 573 bibebat
1726 515 2010 589 peculiari

353 611 551 674 modo,
584 626 707 665 non
736 609 994 663 reddens
1024 608 1228 675 cibos;
1262 615 1428 663 tanta
1459 608 1509 661 ei
1539 607 1733 661 inerat
1762 606 1848 659 vis
1870 620 2010 659 con-

354 700 646 762 tinentia),
672 705 739 753 ut
768 699 949 754 etiam
979 698 1412 753 nutrimentum
1446 698 1509 752 in
1541 713 1609 751 eo
1660 712 1781 751 non
1826 695 2014 748 inter-

353 788 508 855 ierit,
542 788 827 860 quoniam
851 787 977 859 ipse
1004 804 1127 842 non
1176 786 1384 842 habuit
1432 786 1764 840 interitum.
1820 805 1848 832 ιι
1898 784 2014 837 Nos

354 892 491 949 ergo
521 880 764 947 propter
795 874 1178 930 dilectionem
1211 875 1271 928 in
1304 874 1641 940 Dominum,
1686 878 1745 927 et
1773 876 2015 943 propter

352 966 550 1037 ipsum
579 965 917 1020 honestum.
944 964 1364 1036 amplectimur
1379 962 1838 1028 continentiam,
1862 965 2011 1014 tem-

351 1056 519 1128 plum
550 1054 800 1126 Spiritus
834 1054 1296 1109 sanctiﬁcantes.
1345 1053 1670 1107 Honestum
1713 1050 1876 1105 enim
1900 1053 2009 1114 est,

356 1165 385 1195 α
410 1149 653 1215 propter
665 1159 915 1216 regnum
935 1142 1220 1198 ccelorum
1235 1143 1495 1213 scipsum
1511 1145 1768 1196 castrare
1782 1140 1860 1209 (α)
1886 1159 1914 1188 »
1937 1137 2010 1192 ab

354 1232 519 1288 omni
551 1232 899 1303 cupiditate,
942 1236 1002 1285 et
1047 1253 1075 1281 «
1123 1230 1448 1286 emundare
1497 1228 1927 1285 conscientiam
1979 1242 2014 1281 a

354 1321 609 1378 mortuis
643 1321 944 1392 operibus,
978 1320 1052 1375 ad
1075 1320 1453 1377 serviendum
1477 1321 1595 1374 Deo
1619 1316 1838 1372 viventi
1858 1315 1953 1387 (ὁ).
1979 1336 2009 1365 ››

354 1410 463 1476 Qui
493 1414 694 1466 autem
725 1415 969 1481 propter
996 1409 1200 1465 odium
1226 1408 1507 1465 adversus
1539 1422 1778 1463 carnem
1807 1420 2011 1460 susce-

355 1504 523 1570 ptum
555 1514 591 1554 a
619 1498 917 1571 conjugali
950 1498 1394 1570 conjunctione,
1429 1503 1487 1551 et
1509 1511 1713 1551 eorum
1747 1494 1847 1565 qui
1869 1508 2011 1548 con-

352 1587 603 1643 veniunt
640 1587 911 1643 ciborum
960 1587 1438 1658 participatione,
1489 1583 1731 1640 liberari
1777 1582 2010 1638 deside-

352 1682 510 1735 rant.
542 1676 766 1731 indocti
797 1682 938 1731 sunt
967 1681 1025 1730 et
1045 1675 1238 1747 impii,
1274 1681 1334 1730 et
1361 1674 1585 1745 absque
1610 1673 1840 1728 ratione
1869 1688 2009 1727 con-

2126 513 2222 585 μέν
2253 510 2350 565 οὖν
2382 507 2455 564 δι’
2485 509 2695 584 ἀγάπην
2740 512 2840 576 τὴν
2890 512 3027 584 πρὸς
3067 511 3161 565 τὸν
3213 510 3410 586 Κύριον
3453 510 3545 565 καὶ
3573 508 3647 564 δι’
3680 509 3787 564 αὑ-

2119 599 2183 655 τδ
2213 600 2276 654 τὸ
2314 598 2483 653 καλὸν
2543 597 2857 673 ἐγκράτειαν
2916 599 3289 670 ἀσπάζόμεθα,
3344 599 3438 653 τὸν
3496 599 3631 653 νεὼν
3684 597 3790 653 τοῦ

2124 689 2441 761 Πνεύματος
2473 691 2585 761 (98)
2618 690 2959 761 ἀγιάζοντες·
2990 687 3159 743 καλὸν
3204 688 3309 763 γὰρ
3357 712 3385 739 ‹‹
3420 685 3511 743 διὰ
3536 688 3640 756 τήν
3682 688 3790 762 βα-

2123 777 2332 832 σιλείαν
2356 781 2464 832 τῶν
2518 777 2761 851 οὐρανῶν
2808 776 3142 852 εὖνουχίζειν
3174 781 3284 850 (99)
3320 778 3507 832 ἑαυτὸν
3545 802 3566 827 ι
3599 776 3792 843 πάσης

2123 866 2439 938 ἐπιθυμίας,
2471 889 2500 917 ‹‹
2530 864 2623 919 καὶ
2675 865 2984 936 καθαρίζειν
3042 866 3143 934 τήν
3195 863 3505 937 συνείδησιν
3555 865 3671 920 ἀπὸ
3700 886 3789 920 νε-

2121 958 2268 1030 κρῶν
2300 949 2471 1030 ἔργων
2501 954 2580 1015 είς
2607 954 2670 1009 τὸ
2716 953 2996 1029 λατρεύειν
3047 959 3165 1026 Θεῷ
3209 959 3393 1023 ζῶντι.
3427 979 3450 1006 ο
3503 956 3573 1012 Οἱ
3603 951 3671 1009 δὶ
3696 952 3789 1008 διὰ

2121 1044 2185 1098 τὸ
2218 1048 2377 1117 μῖσος
2399 1045 2463 1098 τὸ
2495 1043 2629 1116 πρὸς
2656 1044 2758 1111 τήν
2791 1046 2964 1117 σάρκα
3016 1047 3117 1108 τῆς
3173 1044 3312 1099 κατᾶ
3359 1045 3539 1118 γάμον
3579 1058 3788 1098 συναΑ-

2124 1130 2300 1207 λαγῆς
2330 1133 2422 1186 καὶ
2467 1138 2569 1202 τῆς
2620 1136 2727 1186 τῶν
2781 1131 3135 1201 καθηκόντων
3189 1133 3500 1207 βρωμάτων
3532 1130 3787 1205 μεταλή-

2123 1223 2270 1294 ψεως
2323 1220 2639 1296 ἀχαρίστως
2696 1218 3141 1276 ἀπαλλάττεσθαι
3195 1225 3495 1286 ποθοῦντες
3549 1222 3787 1294 ἀμαθεῖς

2122 1329 2181 1364 τε
2229 1311 2321 1364 καὶ
2374 1309 2539 1378 ἄθεοι,
2599 1307 2822 1384 ἀλόγως
2872 1308 3350 1385 ἐγκρατευόμενοι,
3417 1310 3666 1385 καθάπερ
3719 1308 3789 1365 τὰ

2124 1395 2356 1453 πλεῖστα
2382 1403 2491 1453 τῶν
2524 1395 2713 1453 ἄλλων
2763 1398 2952 1455 ἐθνῶν.
3006 1406 3334 1474 Βραχμᾶναι
3361 1404 3443 1472 (1)
3472 1404 3606 1474 γοῦν
3657 1396 3789 1454 οὔτε

2125 1480 2378 1562 ἔμψυχον
2410 1487 2703 1556 ἐσθίουσιν,
2760 1485 2885 1543 οὔτε
2939 1488 3083 1543 οἶνον
3137 1488 3406 1543 πίνουσιν·
3440 1487 3567 1544 ἀλλ’
3588 1489 3649 1543 οἱ
3684 1488 3783 1560 μὶν

2127 1573 2304 1630 αὐτῶν
2335 1577 2455 1639 καθ’
2509 1576 2739 1647 ἑκάστην
2792 1576 3027 1649 ἡμέραν,
3077 1576 3154 1639 ὡς
3200 1579 3391 1650 ἡμεῖς,
3439 1578 3540 1645 τήν
3566 1576 3784 1652 τροφήν

2125 1664 2462 1739 προσίενται,
2519 1662 2649 1720 ἔνιοι
2707 1663 2752 1720 δ’
2806 1666 2981 1721 αὐτῶν
3043 1663 3134 1721 διὰ
3183 1671 3352 1741 τριῶν
3411 1668 3666 1740 ἡμερῶν,
3708 1663 3786 1727 ὥς

354 1766 642 1831 tinentes,
675 1765 829 1820 sicut
857 1764 990 1819 alim
1020 1770 1227 1836 gentes
1270 1764 1565 1835 plurimae.
1614 1762 2008 1817 Brachmanes

2128 1774 2289 1831 φησιν
2334 1751 2684 1826 Ἀλέξανδρος
2742 1754 2771 1809 ὁ
2826 1752 3153 1830 Πολυΐστωρ
3211 1755 3265 1809 ἑν
3322 1759 3442 1817 τοῖς
3502 1751 3783 1814 Ἰνδικοῖς·

2438 1849 2461 1859 ..
2584 1842 2628 1863 μ
2696 1846 2722 1863 ι.
2811 1846 2822 1863 ι
3076 1846 3091 1863 κ
3261 1846 3274 1863 .
3365 1843 3440 1863 ,ω
3518 1847 3533 1863 ι
3622 1847 3649 1857 .—

355 1853 602 1926 quidem
636 1858 793 1908 certe
826 1868 1021 1922 neque
1067 1852 1397 1907 animatum
1447 1851 1788 1917 comedunt,
1820 1866 2014 1921 neque

354 1944 562 1997 vinum
595 1941 852 2004 bibunt;
885 1940 988 1995 sed
1014 1940 1200 2011 aliqui
1227 1940 1469 2011 quidem
1515 1956 1585 1994 ex
1630 1939 1702 1993 iis
1750 1939 2015 2009 quotidie

359 2031 514 2086 sicut
547 2046 661 2084 nos
691 2030 847 2084 194
870 2028 1067 2083 cibum
1100 2029 1380 2099 capiunt;
1414 2027 1691 2082 nonnulli
1722 2033 1922 2081 autem
1945 2043 2016 2082 ex

360 2118 437 2174 iis
467 2117 642 2172 tertio
674 2132 912 2188 quoque
944 2116 1061 2184 die,
1094 2123 1160 2171 ut
1187 2118 1271 2171 ait
1298 2115 1633 2171 Alexander
1676 2115 2017 2187 Polyhistor

360 2213 424 2279 ιχ(
454 2206 515 2261 in
544 2206 749 2261 Indicis
774 2222 788 2273 ;
812 2210 1068 2261 mortem
1089 2211 1287 2261 autem
1309 2209 1720 2271 contemnunt,
1746 2209 1805 2258 et
1823 2205 2014 2259 vivere

361 2294 537 2350 nihili
554 2294 785 2350 faciunt
809 2311 823 2362 ;
848 2294 1103 2350 credunt
1124 2294 1285 2350 enim
1311 2310 1441 2348 esse
1464 2293 2010 2365 regenerationem;

358 2381 544 2454 aliqui
577 2387 779 2438 autem
810 2382 1015 2438 colunt
1054 2382 1366 2437 Herculem
1398 2386 1456 2435 et
1481 2383 1726 2436 Panem.
1778 2380 1885 2445 Qui
1912 2396 2013 2435 au-

358 2476 480 2527 tem
512 2488 581 2526 ex
611 2471 771 2526 Indis
806 2478 1089 2526 vocantur
1122 2468 1345 2541 Σεμνοί,
1381 2471 1492 2526 hoc
1538 2476 1646 2533 est,
1693 2470 2011 2537 venerandi,

357 2561 502 2617 nudi
533 2566 716 2616 totam
749 2561 928 2616 vitam
972 2561 1345 2633 transigunt:
1398 2561 1439 2614 ii
1491 2561 1796 2615 veritatem
1846 2576 2017 2614 exer—

358 2657 515 2718 cent,
577 2656 636 2706 et
682 2650 883 2705 futura
926 2650 1277 2720 praedicunt,
1326 2655 1386 2704 et
1444 2649 1649 2704 colunt
1695 2649 2015 2719 quamdam

356 2738 749 2812 pyramidem,
783 2738 893 2793 sub
927 2754 1040 2808 qua
1084 2738 1427 2793 existimant
1456 2738 1709 2809 alicujus
1739 2738 1834 2793 dei
1880 2752 2016 2792 ossa

355 2828 643 2900 reposita.
677 2829 878 2897 Neque
909 2842 1044 2880 vero
1080 2827 1616 2897 Gymn050phista3,
1647 2843 1757 2881 nec
1789 2827 1891 2898 qui
1924 2825 2015 2880 di-

353 2922 571 2972 cuntur
598 2912 820 2986 Σεμνοί,
853 2919 1101 2969 utuntur
1128 2915 1501 2981 mulieribus,
1534 2915 1647 2970 hoc
1678 2916 1837 2971 enim
1860 2932 2013 2987 prae-

2123 1849 2521 1922 καταφρονοῦσι
2581 1842 2640 1900 δὲ
2695 1846 2948 1911 θανάτου,
3003 1846 3093 1900 καὶ
3146 1846 3274 1920 παρ’
3320 1843 3478 1900 οὐδὲν
3508 1847 3783 1917 ἡγοῦνται

2121 1934 2183 1987 τὸ
2214 1936 2334 2006 ζῇν·
2384 1933 2662 1997 πείθονται
2719 1933 2823 2004 γὰρ
2880 1934 3014 1987 εἶναι
3065 1931 3501 2008 παλιγγενεσίαν·
3532 1929 3567 1986 ἃ
3605 1928 3668 1986 δὲ
3698 1932 3782 2003 (2)

2123 2017 2375 2076 σέϐουσιν
2401 2020 2671 2096 Ἡρακλέα
2706 2022 2797 2077 καὶ
2848 2027 3013 2078 Πᾶνα.
3042 2023 3112 2079 Οἱ
3139 2020 3476 2095 καλούμενοι
3506 2019 3567 2076 δὶ
3597 2026 3781 2092 Σεμε-

2122 2111 2206 2165 νοὶ
2236 2111 2343 2165 τῶν
2405 2108 2586 2165 Ἰνδῶν
2641 2112 2840 2185 γυμνοὶ
2899 2109 3211 2166 διαιτῶνται
3268 2111 3359 2165 τὸν
3418 2111 3594 2165 πάντα
3629 2108 3777 2184 βίον·

2123 2198 2274 2253 οὗτοι
2303 2199 2401 2267 τὴν
2434 2198 2692 2269 ἀλήθειαν
2745 2200 2991 2268 ἀσκοῦσι,
3033 2199 3125 2254 καὶ
3154 2200 3278 2274 περὶ
3307 2203 3414 2254 τῶν
3449 2197 3778 2272 μελλόντων

2121 2287 2531 2362 προμηνύουσι,
2589 2288 2679 2343 καὶ
2739 2283 2956 2344 σέϐουσί
3011 2309 3134 2343 τινα
3199 2285 3504 2363 πυραμίδα,
3561 2287 3655 2366 ὑιρ’
3711 2284 3778 2355 ἣν

2123 2376 2282 2431 ὀστέα
2307 2377 2455 2439 τινὸς
2512 2378 2635 2441 θεοῦ
2689 2377 3006 2450 νομίζουσιν
3065 2378 3405 2442 ἀποκεῖσθαι.
3454 2374 3598 2435 Οὔτε
3637 2374 3698 2431 δὲ
3727 2373 3780 2429 οἱ

2122 2465 2556 2542 Γυμνοσοφισταὶ
2581 2461 2694 2520 οὗθ’
2724 2466 2777 2519 οἱ
2800 2465 3095 2540 λεγόμενοι
3123 2466 3328 2539 Σεμνοὶ
3356 2467 3560 2541 γυναιξὶ
3585 2471 3776 2542 χρῶνο

2120 2574 2229 2608 ται·
2263 2553 2410 2629 παρά
2456 2554 2614 2631 φύσιν
2672 2554 2777 2631 γὰρ
2833 2560 2997 2611 τοῦτο
3054 2556 3145 2610 xvi
3174 2557 3492 2631 παράνομον
3525 2553 3773 2611 δοκοῦσι·

2124 2639 2196 2697 δι’
2239 2639 2306 2713 ἤν
2361 2642 2534 2697 αἰτίαν
2595 2649 2729 2721 σφᾶς
2785 2642 2985 2706 αὐτοὺς
3040 2642 3234 2719 ἁγνοὺς
3287 2648 3540 2720 τηροῦσι·
3572 2646 3776 2721 παρθε-

2122 2730 2339 2787 νεύουσι
2369 2729 2426 2787 δὲ
2450 2733 2540 2787 καὶ
2573 2733 2798 2806 Σεμναί.
2831 2737 3060 2788 Δοκοῦσι
3110 2731 3169 2788 δὶ
3215 2739 3551 2809 παρατηρεῖν
3584 2735 3657 2790 τὰ
3685 2734 3775 2789 οὐ·

2125 2822 2302 2896 ράνια,
2328 2823 2418 2877 καὶ
2477 2819 2566 2876 διὰ
2614 2829 2717 2891 τῆς
2769 2822 2977 2878 τούτων
3008 2822 3361 2896 σημειώσεως
3391 2827 3501 2878 τῶν
3534 2823 3771 2897 μελλόν-

2120 2932 2229 2967 των
2263 2910 2732 2985 προμαντεύεσθαί
2766 2931 2908 2969 τινα.

352 3007 444 3059 ter
472 3008 747 3059 naturam
780 3008 838 3057 et
867 3001 1141 3073 iniquum
1172 3018 1304 3058 esse
1356 3003 1733 3072 existimant;
1795 3020 1913 3075 qua
1964 3002 2037 3058 de
2093 3017 2275 3058 causa
2324 3002 2551 3074 seipsos
2608 3007 2804 3058 castos
2859 3009 3231 3059 conservant.
3278 3004 3545 3077 Virgines
3577 3012 3772 3063 autem

353 3097 495 3148 sunt
523 3091 702 3147 etiam
732 3090 1037 3155 mulieres,
1067 3108 1200 3162 quas
1241 3091 1523 3147 dicuntur
1571 3090 1793 3164 Σεμναί,
1848 3093 1960 3146 hoc
2009 3094 2115 3159 est,
2167 3091 2509 3147 venerandae.
2562 3090 2847 3147 Videntur
2891 3097 3092 3149 autem
3141 3092 3455 3151 observare
3484 3094 3767 3164 cmlestia,

352 3185 412 3237 et
439 3196 546 3253 per
574 3196 782 3237 eorum
813 3179 1308 3252 signiﬁcationem
1340 3181 1614 3253 quaedam
1643 3180 1845 3238 futura
1872 3179 2217 3252 praedicere.

1845 3324 2072 3380 CAPUT
2118 3322 2263 3379 VIII.

349 3441 495 3497 Loca
520 3441 578 3497 S.
613 3439 923 3511 Scriptura?
950 3441 1019 3495 ab
1051 3439 1409 3517 haereticisjn
1439 3442 1773 3517 pityperiam
1800 3437 2148 3496 matrimonii
2177 3438 2420 3517 adducta
2458 3440 2742 3517 explicat,-
2798 3447 2851 3517 εει
2898 3444 3082 3512 primo
3133 3443 3299 3500 verba
3324 3445 3579 3517 Apostoii
3611 3448 3760 3501 Rom.

1168 3529 1240 3581 v1,
1275 3512 1369 3580 l4,
1404 3513 1472 3567 ab
1504 3513 1887 3567 haereticorum
1904 3518 2166 3583 perversa
2194 3512 2650 3581 interpretatione
2678 3513 2949 3569 vindicat.

416 3637 708 3706 Quoniam
738 3642 936 3695 autem
968 3638 1071 3709 qui
1102 3636 1490 3694 introducunt
1509 3637 1997 3705 indiﬂ‘erentiam,
2031 3641 2075 3707 ρ

348 3742 572 3800 paucas
596 3727 885 3800 quasdam
907 3729 1239 3799 Scripturas
1270 3727 1716 3799 detorquentes,
1737 3728 2005 3784 titillanti

353 3832 477 3872 sua;
510 3816 794 3888 voluptati
819 3832 917 3871 eas
949 3817 1256 3887 suffragari
1288 3817 1669 3884 existimant;
1704 3823 1828 3872 tum
1852 3835 2001 3889 prai—

349 3905 520 3976 cipue
555 3904 723 3961 illam
755 3922 1030 3976 quoque:
1065 3928 1092 3955 ‹‹
1122 3907 1436 3960 Peccatum
1469 3905 1628 3960 enim
1671 3906 1847 3960 vestri
1880 3923 2001 3961 non

348 3992 758 4049 dominabitur
781 4011 794 4061 ;
820 4010 942 4048 non
967 3994 1107 4049 estis
1127 3993 1285 4048 enim
1304 3993 1412 4048 sub
1436 3994 1585 4066 lege.
1609 3993 1714 4049 sed
1741 3995 1848 4049 sub
1870 4012 1999 4067 gra-

342 4083 427 4139 tia
449 4082 553 4154 (c);
592 4105 612 4130 ι
651 4088 710 4138 et
733 4082 964 4153 aliquas
1007 4081 1156 4137 alias
1183 4081 1547 4152 hujusmodi,
1582 4099 1834 4153 quarum
1867 4088 2003 4154 post

342 4170 473 4228 huic
500 4188 621 4228 non
648 4176 738 4226 est
765 4170 981 4226 rationi
1004 4175 1477 4225 consentaneum
1499 4176 1564 4225 ut
1592 4170 1806 4225 faciam
1828 4188 1996 4226 men-

346 4262 571 4317 tionem
602 4263 745 4332 (non
775 4259 935 4315 enim
968 4275 1177 4314 navem
1209 4259 1439 4314 instruo
1487 4259 1844 4331 piraticam),
1895 4276 2000 4333 age

341 4349 547 4422 paucis
565 4364 773 4405 eorum
791 4353 1206 4419 argumentum
1224 4344 1676 4418 perfringamus.
1695 4347 1824 4417 Ipse
1839 4347 1998 4403 enim

346 4438 612 4510 egregius
631 4435 947 4507 Apostolus
968 4435 1029 4491 in
1046 4435 1264 4502 verbis,
1286 4452 1416 4506 qum
1431 4434 1727 4505 prmdictm
1749 4435 1998 4491 dictioni

344 4524 670 4598 subjungit,
705 4524 979 4579 intentati
1013 4523 1281 4578 criminis
1335 4523 1545 4578 afferet
1591 4523 1994 4580 solutionem:

345 4635 375 4664 ‹‹
411 4614 562 4679 Quid
592 4614 776 4686 ergo?
818 4613 1218 4685 peccabimus,
1272 4612 1415 4684 quia
1460 4628 1583 4667 non
1630 4629 1837 4668 sumus
1887 4613 1997 4669 sub

342 4701 492 4776 lege,
513 4702 617 4757 sed
635 4702 743 4757 sub
759 4704 947 4771 gratia
967 4702 995 4757 ?
1011 4702 1296 4773 Absit(d).
1317 4722 1345 4751 »
1375 4700 1536 4756 Adeo
1564 4700 1761 4757 divine
1786 4707 1843 4757 et
1867 4720 1999 4775 pro-

2185 3634 2334 3691 Ἐπεὶ
2370 3631 2427 3689 δὲ
2459 3635 2511 3689 οἱ
2539 3636 2638 3704 τὴν
2687 3633 3008 3714 ἀδιαφορίαν
3069 3636 3398 3715 εῒσάγοντες,
3444 3638 3766 3715 βιαζομενοί

2108 3743 2258 3787 τινας
2315 3722 2507 3799 ὀλίγας
2558 3724 2795 3803 Γραφᾶις,
2845 3731 3168 3801 συνηγορεῖν
3227 3728 3406 3783 αὐτῶν
3447 3732 3516 3802 τῇ
3548 3728 3762 3798 ἡδυπα-

2113 3812 2233 3883 θείᾳ
2261 3810 2487 3868 οῗονται·
2539 3814 2673 3891 ἀτὰρ
2722 3812 2789 3884 δὴ
2849 3816 3125 3886 κάκείνην·
3186 3841 3214 3869 ‹‹
3246 3819 3520 3893 Ἀμαρτία
3545 3821 3656 3895 γὰρ
3684 3821 3755 3889 (3)

2113 3901 2268 3974 ὑμῶν
2322 3901 2384 3956 οὐ
2436 3904 2729 3976 κυριεύσει·
2781 3904 2844 3959 οὐ
2897 3906 3002 3979 γὰρ
3062 3905 3181 3960 ἐστε
3242 3906 3347 3961 ὑπὸ
3404 3907 3604 3980 νόμον,
3634 3897 3754 3962 ἀλλ’

2112 3990 2216 4046 ὑπὸ
2248 3989 2435 4066 χάριν·
2468 4016 2495 4043 ››
2524 3992 2614 4047 καὶ
2643 4014 2793 4055 τινας
2823 3990 2998 4057 ἄλλας
3035 3994 3316 4064 τοιαῦτας,
3347 3996 3423 4049 ὧν
3456 3995 3545 4050 ἐπὶ
3576 3992 3754 4052 τοιοῦ-

2106 4103 2225 4144 τοις
2259 4089 2570 4156 μεμνῆσθαι
2600 4084 2704 4139 οὐκ
2736 4082 2988 4160 εὔλογον.
3012 4085 3098 4156 (οὐ
3136 4086 3240 4160 γὰρ
3272 4086 3615 4156 ἑπισκευάζω
3632 4088 3751 4139 ναῦν

2114 4174 2478 4246 μειρατικήν.)
2509 4173 2637 4249 φέρε
2666 4170 2734 4242 δὴ
2774 4170 2863 4227 διὰ
2915 4174 3168 4249 βραχέων
3201 4172 3551 4248 διακόψωμεν
3581 4176 3750 4231 αὑτῶν

2109 4261 2212 4328 τήν
2246 4259 2583 4335 ἐγχείρησιν·
2617 4262 2780 4324 αὐτὸς
2818 4262 2921 4337 γὰρ
2970 4264 3000 4317 ὁ
3046 4268 3292 4338 γενναῖος
3327 4261 3663 4325 Ἀπόστολος
3689 4262 3749 4333 τῇ

2109 4348 2486 4423 προείρημὲνῃ
2522 4347 2664 4420 λέξει
2708 4347 2979 4426 ἔπιφίρων
3029 4349 3359 4406 ἀπολύσεται
3388 4352 3451 4407 τὸ
3483 4350 3743 4429 ﬁxing-1'

2109 4460 2137 4489 «
2171 4436 2237 4493 Τί
2268 4435 2399 4508 οὗνς
2448 4439 2854 4513 ἁμαρτήσωμεν
2900 4442 3000 4513 (4),
3052 4438 3137 4494 ὅτι
3185 4435 3285 4495 οὔκ
3325 4440 3487 4513 ἐσμεν
3522 4442 3630 4497 ὑπὸ
3660 4436 3746 4493 νό-

2111 4546 2231 4598 μον,
2264 4523 2391 4581 ἀλλ’
2445 4526 2548 4581 ὑπὸ
2578 4527 2783 4602 χάριν;
2843 4529 2936 4597 Μὴ
2995 4527 3230 4602 γένοιτο.
3267 4551 3292 4583 ιι
3350 4528 3540 4593 Οὕτως
3572 4528 3746 4586 ἔνθέως

2105 4614 2196 4669 καὶ
2245 4619 2604 4692 προφητικῶς
2650 4614 2937 4673 καταλεύει
2981 4617 3331 4694 παραχρῆμα
3376 4619 3478 4690 τὴν
3519 4635 3748 4698 σοφιστι-

2104 4704 2205 4772 κήν
2240 4708 2341 4772 τῆς
2372 4700 2577 4774 ἡδονῆς
2606 4705 2833 4781 τεχνην.
2886 4702 2960 4759 Οὐ
3010 4704 3266 4760 συνίειοιν
3312 4704 3429 4777 οὖν,
3461 4707 3539 4768 ὡς
3567 4702 3744 4768 ἔοικεν,

340 4792 575 4866 phetice
607 4808 637 4846 e
668 4792 909 4863 vestigio
940 4791 1209 4847 dissolvit
1234 4794 1421 4846 artem
1444 4790 1759 4861 voluptatis
1790 4792 1992 4863 sophi-

2121 4789 2188 4847 ἷτι
2220 4815 2249 4843 ‹‹
2280 4791 2422 4855 Τοὺς
2468 4794 2673 4856 πάντας
2721 4794 2870 4867 ἡμᾶς
2918 4796 3301 4873 φανερωθῆναι
3348 4793 3432 4850 δεῖ
3460 4791 3748 4873 ἔμπροσθεν

409 4916 579 4995 »ιτ-(ρ)
608 4915 810 4995 Matth.
842 4933 957 4984 xxx,
988 4920 1074 4972 l2.
1110 4917 1186 4989 (ὁ)
1218 4915 1392 4971 Hebr.
1426 4932 1505 4983 Ix,
1540 4917 1626 4970 14.
1652 4913 1717 4979 ᾖ(
1741 4916 1803 4972 P.
1846 4918 1951 4973 539
1988 4920 2008 4973 Ι

2135 4920 2430 4983 POTTER.
2463 4924 2591 4992 451,
2641 4923 2748 4979 452
2795 4923 2911 4978 ED.
2953 4922 3181 4980 PARIS.
3238 4922 3328 4995 (c).
3363 4923 3532 4981 Rom.
3566 4940 3641 4993 γι,
3672 4919 3748 4974 lt.

340 4990 420 5063 (ἀ)
449 4988 620 5055 una,
644 4990 730 5042 45.

414 5112 525 5185 (98)
552 5110 658 5166 Τὸν
713 5110 847 5163 νεὼν
907 5113 1003 5164 τοῦ
1056 5109 1392 5185 Πνεύματος.
1453 5112 1617 5170 Conf.
1679 5113 1875 5170 ICor.
1907 5132 1992 5187 ιη,

347 5187 933 5326 ’ϐίθθῖοΕὖνουχίζειἉ
986 5254 1249 5323 Respicit
1294 5255 1494 5309 Matth.
1549 5272 1666 5321 xxx,
1702 5260 1806 5311 l2:
1841 5255 1991 5311 Εἶσὶν

347 5330 616 5378 ιύνοῦγοι-
647 5321 845 5378 οἵτινες
903 5320 1227 5378 εὐνούγισαν
1288 5323 1508 5378 ἑαυτοὺς
1561 5322 1652 5378 διὰ
1703 5328 1801 5378 τήν
1839 5329 1991 5378 Βασι-

342 5322 617 5422 εὖνοῦχοι,
647 5322 845 5413 οἵτινες
903 5322 1227 5397 εὐνούχισαν
1288 5323 1508 5386 ἑαυτοὺς
1561 5322 1652 5378 διὰ
1703 5328 1801 5395 τὴν
1838 5329 1995 5403 βασι-

416 5402 428 5422 ,
527 5402 629 5422 _-,.
672 5398 913 5422 --.-........_

343 5400 630 5458 λείαν’τῶν
664 5400 939 5471 οὐρανῶν.
1839 5400 1848 5403 ⁷

344 5474 923 5569 ωρμθρξέεξεῖτγαιιςι.
952 5467 1041 5569 ‘2‘:
1064 5555 1077 5569 .
1098 5464 1988 5569 ξηῖξίέἓίῖξέξιεξηὶιξὲίοὶἱηξρετ·

343 5536 808 5619 διὸαῦο,’6έὸθι·.
842 5540 944 5597 lib.
968 5555 1077 5604 xv;
1102 5536 1681 5607 Eusebius,Przpar.
1720 5544 1988 5613 evangel.,

341 5618 445 5675 lib.
476 5634 552 5686 vx,
585 5636 635 5675 c.
670 5621 774 5685 10;
806 5611 1186 5683 Recognition.
1236 5608 1560 5664 Clementis
1600 5608 1704 5666 lib.
1752 5628 1827 5682 ix,
1860 5630 1987 5687 cap.

2102 5119 2231 5195 ξολ
2270 5116 2547 5173 Clemens
2599 5122 2824 5188 noster,
2879 5119 3081 5175 Strom.
3141 5137 3183 5189 ι,
3243 5137 3375 5195 pag.
3432 5123 3556 5189 305,
3615 5114 3743 5173 edit.

2104 5188 2314 5249 Paris..
2346 5195 2459 5245 etc.

2174 5260 2249 5328 (2)
2278 5259 2345 5336 ᾋ
2372 5256 2449 5315 δὶ.
2484 5262 2694 5333 Aptius
2739 5261 3007 5336 legemus
3040 5260 3093 5314 οἱ
3125 5257 3205 5333 δὲ,
3236 5263 3327 5319 vel
3357 5258 3492 5332 οἵδε,
3523 5267 3588 5317 nt
3622 5269 3744 5316 mox

2103 5329 2274 5386 οὗτοι.
2310 5329 2590 5390 SYLBURo.

2172 5404 2245 5473 (3)
2278 5401 2405 5473 Γάρ.
2441 5403 2527 5469 Δέ,
2560 5407 2728 5462 Rom.

2172 5475 2249 5549 (4)
2279 5477 2747 5549 Ἄκαρτήσωμενς
2798 5475 3261 5549 Convenientius
3340 5474 3743 5549 ἁμαρτήσομξγν

2100 5541 2281 5621 indic.
2313 5541 2621 5621 modo,_ut'
2644 5547 2968 5621 Vulg._Bib.
3002 5549 3174 5621 Rokm.
3209 5566 3282 5605 vi.
3316 5541 3740 5605 Eadem—Biblia

2097 5617 2150 5671 Π
2176 5617 2305 5673 Cor.
2340 5634 2397 5689 γ,
2425 5614 2615 5673 τάνδιὰ
2640 5621 2736 5674 τοῦ
2760 5614 3039 5692 σώματος.
3074 5618 3357 5678 SYLBURG.
