4034 6148
299 297 440 354 1165

1628 291 2076 350 STROMATUM
2115 289 2228 342 LIB
2290 289 2389 342 III.

3572 293 3714 350 1166

298 426 398 475 τοῦ
433 421 682 496 βήματος
711 423 809 474 τοῦ
840 422 1097 496 Χριστοῦ,
1148 416 1235 474 ἵνα
1279 417 1582 492 κομίσηται
1614 414 1836 475 ἕκαστος
1869 410 1954 468 διὰ

2067 411 2294 466 sticam.
2323 413 2446 466 Non
2464 411 2810 486 intelligunt
2827 431 2983 487 ergo,
3008 416 3507 490 utvidetur,quod
3533 439 3557 471 ε
3583 435 3714 474 om-

296 514 395 566 τοῦ
427 510 684 582 σώματος
740 509 879 584 πρὸς
938 506 969 562 ἃ
1027 507 1246 584 ἔπραξεν
1300 508 1406 564 εἴτε
1463 507 1658 583 ἀγαθὸν
1714 501 1822 558 εἷ’τε
1849 522 1947 556 κα-

293 599 408 654 κόν.
443 624 471 651 ››
498 597 591 654 *ίνα
640 598 672 652 ἃ
722 595 813 652 διὰ
857 601 954 652 τοῦ
999 599 1252 670 σώματος
1302 596 1495 670 ἔπραξέ
1532 616 1634 664 τις,
1665 589 1944 664 ἀπολάϐῃ.

303 691 506 743 ιι⁹Ὠστε
537 685 592 742 εἷ’
616 708 700 748 τις
733 687 784 740 ἐν
813 689 1054 760 Χριστῷ,
1087 688 1245 756 καινὴ
1278 685 1517 750 κτίσις,››
1544 683 1641 738 οὐκ
1667 680 1743 737 ἔτι
1775 681 1950 754 ἁμαρ-

294 779 513 847 τητική.
566 800 594 828 ‹‹
645 775 719 829 Τὰ
769 777 975 850 ἀρχαῖα
1003 774 1307 848 παρῆλθεν,
1343 798 1370 826 ››
1411 770 1830 842 ἀπελουσάμεθα
1859 768 1950 821 τὸν

304 867 419 942 βίον
451 867 545 920 τὸν
575 865 832 920 παλαιόν·
863 889 889 915 ‹‹
916 862 1058 921 Ἰδοὺ
1082 869 1159 938 (5)
1182 865 1285 940 γὰρ
1307 864 1497 940 γέγονε
1518 861 1696 930 καινὰ,
1721 883 1750 910 ››
1776 856 1954 933 ἁγνεία

300 956 360 1011 ἐκ
409 955 686 1031 πορνείας,
735 954 825 1009 καὶ
893 953 1176 1029 ἐγκράτεια
1242 952 1292 1026 ἐξ
1343 951 1622 1026 ἀκρασίας,
1678 944 1953 1002 δικαιοσύ-

299 1067 363 1116 νη
399 1044 453 1115 ἐξ
486 1041 720 1104 ἀδικίας.
776 1067 800 1096 α
846 1041 945 1104 Τίς
979 1042 1082 1118 γὰρ
1117 1043 1328 1117 μετοχὴ
1361 1038 1676 1113 δικαιοσύνῃ
1712 1036 1798 1090 καὶ
1833 1033 1954 1089 ἀνο-

305 1133 441 1207 μίας
476 1131 622 1202 ἢτίς
667 1134 742 1204 (6)
798 1131 1055 1186 κοινωνία
1115 1131 1254 1208 φωτὶ
1309 1130 1444 1203 πρὸς
1505 1127 1732 1193 σκότοςς
1787 1123 1869 1186 τίς
1899 1119 1955 1176 δὲ

303 1221 664 1300 συμφώνησιν
700 1223 936 1295 Χριστοῦ
967 1228 1104 1296 πρὸς
1152 1216 1350 1293 Βελίαρ
1379 1237 1392 1285 ;
1441 1216 1523 1280 τίς
1573 1212 1724 1290 μερὶς
1754 1214 1831 1285 (7)
1862 1231 1952 1265 πι-

303 1315 413 1383 στῷ
475 1309 591 1383 μετ’
645 1307 917 1378 ἀπίστους
973 1308 1058 1369 τίς
1120 1305 1176 1361 δὲ
1232 1305 1611 1381 συγκατάθεσις
1664 1306 1779 1374 ναῷ
1823 1303 1955 1354 Θεοῦ

309 1401 424 1472 μετ’
458 1396 742 1468 εἷ’δώλωνς
794 1396 1006 1460 Ταύτας
1055 1395 1143 1451 οὖν
1200 1395 1419 1470 ἔχοντες
1466 1395 1560 1456 τὰς
1601 1388 1952 1468 ἐπαγγελίας,

301 1487 684 1564 καθαρίσωμεν
736 1485 956 1547 ἐαυτοὺς
1013 1486 1119 1540 ἀπὸ
1176 1483 1376 1546 παντὸς
1430 1482 1720 1556 μολυσμοῦ
1760 1477 1957 1565 σαρκ-ὸς

299 1579 391 1631 καὶ
448 1561 804 1650 ’πνεύματοθ
877 1573 1248 1636 ἐπιτελοῦντες
1325 1571 1634 1648 ἁγιωσύνην
1694 1568 1744 1623 ἐν
1801 1561 1956 1641 φόϐῳ

303 1670 462 1722 Θεοῦ.
499 1688 528 1717 ››

2067 517 2174 555 nes
2193 517 2300 554 nos
2323 503 2935 571 oportetmanifestari
2959 511 3096 559 ante
3115 506 3374 562 tribunal
3392 509 3628 576 Christi,
3649 513 3714 564 ut

2064 588 2285 644 referat
2312 591 2726 661 unusquisque
2757 609 2864 663 per
2902 609 3115 664 corpus
3141 611 3211 650 ea
3230 611 3360 665 qua:
3390 596 3548 663 fecit,
3593 599 3712 653 sive

2062 679 2314 746 bonum,
2351 680 2470 734 sive
2503 681 2726 736 malum
2759 682 2832 753 (a)
2859 699 2870 736 :
2905 705 2932 731 ››
2967 689 3032 737 ut
3063 700 3192 754 qua:
3217 700 3322 754 per
3341 701 3555 757 corpus
3579 687 3718 742 fecit

2064 768 2302 838 aliquis,
2337 770 2603 840 recipiat.
2642 794 2668 821 «
2703 772 2894 836 Quare
2937 772 2984 826 si
3037 773 3171 843 quis
3218 778 3308 827 est
3355 775 3415 828 in
3463 776 3717 842 Christo,

2065 872 2216 911 nova
2245 863 2517 913 creatura
2543 863 2651 924 est,
2691 882 2717 908 ››
2750 876 2860 915 nec
2900 860 3159 932 amplius
3190 863 3447 932 peccatis
3478 863 3715 918 dedita:

2066 967 2093 994 «
2127 948 2336 1001 Vetera
2365 947 2804 1018 prteterierunt,
2843 973 2863 1002 ι
2893 950 3071 1004 vitam
3094 950 3400 1022 antiquam
3423 953 3713 1009 exuimus.

2068 1055 2092 1086 α
2125 1037 2272 1090 Ecce
2305 1036 2467 1090 enim
2498 1053 2647 1092 nova
2667 1036 2821 1092 facta
2843 1044 2982 1093 sunt
3002 1039 3096 1110 (ὁ),
3120 1060 3146 1087 ››
3174 1041 3412 1096 castitas
3440 1058 3509 1096 ex
3529 1042 3715 1096 forni-

2066 1125 2319 1191 catione,
2342 1131 2398 1179 et
2415 1127 2804 1194 continentia,
2829 1143 2898 1182 ex
2922 1128 3630 1202 incontinentia,justitia
3646 1149 3716 1188 ex

2065 1212 2378 1283 injustitia.
2421 1239 2439 1262 ι
2476 1216 2613 1280 Quae
2659 1220 2747 1269 est.
2777 1217 2935 1270 enim
2967 1217 3341 1289 participatio
3365 1219 3614 1290 justitize
3659 1227 3718 1276 et

2066 1301 2374 1373 injustitiaa
2395 1301 2422 1357 ?
2439 1309 2541 1357 aut
2561 1321 2692 1374 qua:
2716 1305 2833 1359 luci
2854 1322 2988 1360 cum
3004 1306 3266 1360 tenebris
3280 1308 3528 1364 societas
3541 1310 3568 1364 ?
3584 1327 3714 1382 qua)

2067 1395 2157 1444 est
2187 1397 2385 1445 autem
2415 1393 2726 1448 conventio
2759 1394 2990 1449 Christo
3013 1411 3149 1450 cum
3174 1396 3354 1451 Belial
3378 1397 3406 1452 ?
3427 1415 3556 1469 quaa
3578 1416 3715 1469 pars

2067 1484 2155 1532 est
2187 1479 2349 1534 ﬁdeli
2383 1498 2520 1536 cum
2553 1482 2833 1538 inﬁdeli?
2863 1501 2995 1554 quae
3022 1489 3111 1540 est
3159 1491 3357 1540 autem
3401 1489 3716 1545 consensio

2065 1568 2288 1639 templo
2319 1570 2420 1624 Dei
2453 1587 2585 1625 cum
2621 1571 2796 1626 idolis
2817 1572 2886 1644 (c)
2908 1573 2936 1627 ‘?
2958 1574 3070 1628 Has
3103 1590 3237 1646 ergo
3261 1575 3549 1632 habentes
3580 1595 3716 1649 pro-

2066 1657 2404 1724 missiones,
2435 1659 2794 1715 mundemus
2826 1677 2934 1716 nos
2957 1661 3117 1733 ipsos
3140 1661 3211 1717 ab
3245 1664 3406 1718 omni
3437 1665 3715 1738 inquina-

303 1762 506 1813 mento
535 1755 729 1812 carnis
755 1759 815 1810 et
843 1754 1106 1827 spiritus,
1137 1753 1518 1826 perﬁcientes
1548 1749 1924 1805 sanctitatem
1954 1746 2020 1800 in
2051 1745 2261 1800 timore
2292 1747 2395 1801 Dei
2425 1749 2523 1820 (d).

1827 1872 2058 1926 CAPUT
2096 1872 2189 1925 XI.

520 1973 740 2027 Dictum
771 1971 978 2028 Christi
1006 1971 1080 2026 ad
1107 1969 1361 2025 Salomen
1393 1968 1643 2036 exponit,
1674 1963 1822 2034 quod
1851 1969 2115 2087 tanqugm
2131 1962 2205 2086 εἰη
2235 1961 2571 2032 vituperium
2601 1966 2930 2034 nuptiarum
2945 1967 3233 2036 prolatum
3259 1969 3504 2025 haeretici

1835 2051 1869 2087 a
1915 2048 2016 2087 eoa
2055 2049 2126 2086 an
2160 2074 2171 2086 .

1835 2048 2171 2101 auegaoam.

372 2160 442 2215 Ol
493 2155 551 2213 δὲ
600 2157 1048 2230 ἀντιτασσόμενοι
1093 2155 1162 2230 τῇ
1209 2155 1380 2210 κτίσει
1428 2157 1526 2208 τοῦ
1574 2155 1708 2207 Θεοῦ
1737 2147 1826 2205 διὰ
1853 2155 1954 2218 τῆς

2133 2150 2240 2214 Qui
2275 2156 2474 2206 autem
2501 2152 2603 2205 Dei
2634 2158 2921 2208 creaturae
2943 2153 3233 2208 resistunt
3256 2173 3362 2226 per
3385 2160 3718 2229 speciosam

301 2249 556 2326 εὐφήμου
586 2247 896 2322 ἐγκρατείας
947 2247 1168 2301 κάκεῖνα
1215 2244 1430 2319 λέγουσι
1480 2243 1548 2296 τὰ
1595 2240 1732 2316 πρὸς
1768 2237 1958 2294 Σαλώ-

308 2358 415 2407 μην
447 2336 729 2413 εἰρημένα,
762 2337 837 2390 ὧν
869 2335 1134 2410 πρότερον
1191 2336 1268 2406 (8)
1322 2333 1692 2404 ἐμνήσθημεν·
1737 2328 1954 2406 φέρεται

306 2421 383 2495 δὲ,
413 2425 590 2498 οἶμαι,
650 2425 702 2480 ἐν
758 2429 837 2496 τῷ
887 2425 1004 2479 κατ’
1060 2421 1395 2496 Αἰγυπτίους
1441 2418 1784 2495 Εὖαγγελίῳ.
1813 2417 1954 2471 Φασὶ

304 2515 427 2589 γὰρ,
461 2513 543 2569 ὅτι
575 2513 733 2576 αὐτὸς
764 2515 906 2569 εἶπεν
961 2515 989 2566 6
1042 2514 1261 2586 Σωτήρο
1318 2534 1347 2563 ‹‹
1397 2507 1603 2564 Ἦλθον
1653 2505 1952 2562 καταλῦσαι

302 2604 368 2657 τὰ
397 2598 526 2678 ἔργα
555 2611 654 2672 τῆς
713 2601 957 2673 θηλείας·
1021 2626 1048 2654 ‹‹
1091 2600 1320 2670 θηλείας
1356 2600 1451 2671 μὶν
1480 2601 1580 2662 τῆς
1637 2594 1950 2665 ἐπιθυμίας,

303 2685 432 2767 ἔργα
460 2688 517 2745 Si
546 2691 798 2765 γέννησιν
828 2690 918 2744 καὶ
950 2690 1174 2767 φθοράν.
1209 2687 1277 2744 Τί
1328 2686 1417 2741 οὖν
1468 2683 1528 2739 ἂν
1579 2685 1819 2751 sil-nmmo;
1854 2688 1953 2735 Κα-

302 2780 505 2849 τελύθη
538 2783 573 2849 ἡ
607 2777 881 2848 διοίκησις
912 2778 1087 2847 αὕτη,
1129 2777 1240 2830 Οὐκ
1277 2773 1338 2829 ἂν
1386 2776 1634 2851 φήσαιενο
1675 2773 1820 2844 μένει
1850 2771 1952 2845 γὰρ

301 2866 389 2920 ἐπὶ
419 2874 520 2934 τῆς
550 2867 718 2934 αὐτῆς
767 2864 1084 2936 οἰκονομίας
1116 2866 1144 2917 ὁ
1188 2863 1415 2934 κόσμος.
1472 2859 1627 2917 Ἀλλ’
1669 2859 1769 2914 οὐκ
1798 2857 1952 2931 ἐψεύ-

308 2974 436 3008 σατο
471 2955 498 3008 ὁ
533 2954 748 3029 Κύριος·
779 2958 858 3024 τῷ
901 2950 1016 3007 ὄντι
1057 2951 1157 3026 γὰρ
1208 2951 1275 3006 τὰ
1327 2957 1427 3018 τῆς
1481 2947 1771 3020 ἐπιθυμίας
1797 2945 1954 3002 κατέ·-

309 3040 468 3097 λυσεν
501 3036 651 3116 ἔργα,
685 3039 1070 3118 φιλαργυρίαν,
1103 3037 1462 3116 φιλονεικίαν,
1496 3034 1832 3115 φιλοδοξίαν,
1861 3057 1952 3109 γυ-

303 3129 682 3202 ναικομανίαν,
732 3127 1138 3203 παιδεραστίαν,
1189 3126 1514 3204 ὀψοφαγίαν,
1565 3125 1822 3190 ἀσωτίαν,
1863 3125 1952 3179 καὶ

303 3220 369 3274 τὰ
396 3219 614 3282 τούτοις
666 3220 852 3292 ὅμοια.
911 3217 1132 3275 Τούτων
1191 3213 1250 3270 δὲ
1297 3218 1333 3286 ἡ
1382 3215 1588 3290 γένεσις
1638 3214 1814 3291 φθορά
1852 3220 1951 3282 τῆς

302 3311 509 3384 ψυχῆς,
545 3307 597 3362 εἷ’
629 3329 690 3384 γε
741 3329 763 3358 α
789 3307 975 3382 νεκροὶ
1026 3311 1104 3380 (9)
1150 3310 1267 3365 τοῖς
1299 3303 1708 3379 παραπτώμασι
1741 3327 1770 3356 ››
1799 3303 1953 3376 γινό-

305 3409 463 3471 μεθα’
497 3398 588 3452 καὶ
636 3397 771 3468 αὕτη
815 3399 850 3466 ἡ
901 3395 1096 3468 θήλεια
1147 3394 1376 3468 ἀκρασία
1419 3393 1506 3462 ἦν.
1543 3393 1750 3447 Γένεσιν
1777 3389 1834 3446 δὲ
1862 3391 1953 3446 καὶ

301 3487 500 3566 φθορὰν
532 3488 633 3556 τήν
667 3485 719 3540 ἐν
767 3485 937 3541 κτίσει
993 3485 1424 3574 προηγουμένως
1472 3481 1714 3574 ,γίνεσθαι
1745 3481 1945 3574 ἀνάγκη
1980 3507 2022 3574 C

307 3576 475 3652 μέχρι
550 3574 851 3639 παντελοῦς
924 3572 1246 3650 διακρίσεως
1311 3572 1400 3627 καὶ
1459 3571 1946 3633 ἀποκαταστάσεως

305 3664 571 3740 ἐκλογῆς,
606 3662 674 3720 δι’
705 3661 773 3734 ἥν
804 3664 894 3719 καὶ
934 3665 990 3718 αὶ
1036 3667 1116 3735 τῷ
1159 3663 1354 3736 κόσμῳ
1383 3661 1830 3738 συμπεφυρμέναι
1864 3660 1958 3715 οὐ-

308 3755 416 3810 σίαι
447 3759 516 3828 τῇ
546 3753 843 3824 οἰκειότητι
893 3753 1310 3828 προσνέμονται.
1353 3751 1511 3814 Ὀθεν
1562 3749 1808 3816 εἰκότως,
1856 3771 1955 3805 πε-

309 3845 361 3921 ρὶ
395 3843 702 3906 συντελείας
755 3839 1063 3916 μηνύσατος
1113 3845 1210 3896 τοῦ
1267 3839 1464 3913 Λόγου,
1497 3841 1531 3906 ἡ
1569 3838 1814 3911 Σαλώμη
1845 3860 1955 3916 φη-

308 3933 379 3986 σί·
422 3959 445 3986 σ
479 3935 661 4008 Μέχρι
710 3933 852 3993 τίνος
903 3931 954 3986 οἱ
1003 3930 1280 4005 ἄνθρωποι
1336 3927 1731 3982 ἀποθανοῦνται
1764 3946 1821 3995 ς»
1859 3924 1954 3982 ἄν·

308 4031 527 4096 θρωπον
559 4020 618 4076 δὲ
645 4021 806 4077 καλεῖ
834 4023 869 4090 ἡ
922 4019 1111 4098 Γραφὴ
1165 4019 1276 4090 (10)
1317 4013 1512 4091 διχῶς,
1559 4017 1652 4070 τόν
1683 4037 1742 4070 τε
1771 4015 1956 4093 φαινό-

311 4110 588 4181 μενονκαί
622 4112 722 4177 τὴν
772 4111 983 4183 ψυχήνο
1038 4105 1204 4162 πάλιν
1260 4127 1319 4160 τε
1375 4103 1440 4158 αὗ
1493 4104 1584 4158 τὸν
1644 4105 1952 4176 σωζόμενον

305 4197 396 4250 καὶ
428 4198 516 4251 τὸν
556 4199 653 4270 μή.
708 4197 811 4252 Καὶ
860 4197 1083 4258 θάνατος
1134 4199 1319 4269 ψυχῆς
1367 4195 1403 4263 ἡ
1454 4192 1689 4266 ἁμαρτία
1720 4189 1953 4266 λέγεται.

308 4287 403 4341 Διὸ
461 4285 551 4341 καὶ
617 4285 1152 4359 παρατετηρημένως
1237 4283 1585 4354 ἀποκρίνεται
1645 4282 1674 4336 6
1732 4281 1952 4353 Κύριος⁶

310 4399 339 4429 ‹‹
373 4376 588 4449 Μέχρις
643 4377 752 4443 (11)
810 4371 870 4427 ἂν
926 4371 1178 4426 τίκτωσιν
1233 4371 1288 4425 αἱ
1342 4374 1609 4446 γυναῖκες,
1641 4392 1670 4422 ›ι
1711 4371 1956 4426 τουτέστι

383 4494 458 4565 (a)
485 4495 534 4547 Π
564 4493 692 4547 Cor.
722 4509 774 4558 v,
809 4494 895 4546 10.
918 4490 982 4617 ἑὸ

383 4570 436 4617 2.
463 4566 565 4617 453
599 4565 710 4617 ΕΙ).
744 4564 912 4617 ΡΑΒΙ
962 4605 974 4617 .

309 4568 436 4632 452,
463 4566 565 4618 453
599 4565 710 4617 ΕΙ).
744 4564 974 4618 PARIS.

931 4673 954 4729 έ

383 4682 459 4748 (5)
489 4673 654 4749 Ἰδού..
703 4672 926 4749 Ἰδοὺᾳγ

381 4742 458 4822 (6)
491 4746 692 4822 Ἦ-τίς.
723 4746 829 4822 ΤίςΔ
851 4742 929 4802 δέ’.
963 4742 1174 4822 11991;
1205 4764 1281 4803 v1.

381 4815 461 4892 (7)
495 4819 691 4894 Βελίαρ
717 4839 747 4894 ;Α
778 4818 862 4879 τίς
915 4839 998 4894 μ..
1025 4816 1267 4894 Βελ-ίαλς
1328 4816 1383 4894 ἢ⁸
1424 4815 1510 4877 τίς
1544 4837 1604 4889 μ.
1638 4818 1687 4875 Il
1717 4819 1846 4874 Cor.
1881 4835 1960 4888 νι,

307 4887 409 4950 ubi
445 4887 699 4964 ὴιοχίτᾶς
731 4887 1084 4964 ἐπαγγελίας,
1118 4889 1413 4964 ἀγαπητοὶ,
1445 4887 1566 4964 καθῇ.

382 4912 409 4947 ιι
445 4912 580 4948 ΠιοΧ
605 4913 699 4954 τας
731 4912 830 4945 επα
873 4912 1084 4964 γεΛιας,
1118 4912 1413 4962 αγαπητοι,
1445 4912 1566 4950 καυ.

382 4966 460 5037 (8)
493 4963 782 5036 Πρότερον.
817 4912 1038 5034 gempe
1069 4980 1126 5035 p.
1151 4965 1253 5017 445
1278 4963 1416 5017 edit.
1443 4962 1651 5028 Paris.,
1678 4961 1777 5015 ubi
1804 4962 1958 5016 conf.

309 5037 616 5093 adnotata.

382 5105 707 5181 (9)_Ns/.poi.
735 5105 1237 5181 RespicitEphes.
1270 5123 1351 5181 ιι,
1381 5107 1447 5158 5:
1489 5102 1586 5181 καὶ
1623 5097 1783 5181 ὄντας
1812 5103 1961 5181 sua:

304 5173 530 5252 νεκροὺς
583 5173 702 5241 τοῖς
755 5173 1163 5250 παρ-απτώμασι
1213 5173 1649 5244 συνεζωοποίησε
1691 5179 1772 5246 τῷ
1825 5173 1960 5248 Χρί-

308 5272 371 5305 στ

377 5274 492 5395 (10)
525 5322 732 5396 Γραφή.
767 5321 1088 5396 II__C_or_'._1v.
1124 5319 1209 5374 Ad
1232 5319 1467 5396 dictum
1499 5318 1572 5372 de
1602 5323 1794 5396 morte
1819 5334 1963 5396 _p_er-

307 5387 659 5450 tinetrist'ud'
682 5387 847 5448 Pauli
877 5393 901 5445 Ι
931 5393 1078 5447 Tim.
1111 5409 1142 5444 ν
1170 5411 1182 5445 :
1232 5390 1296 5446 Ἥ
1353 5387 1409 5443 δὲ
1451 5388 1781 5442 σπαταλῶσα
1817 5387 1962 5456 ζῶσα

303 5465 550 5535 τέθνηκε·
585 5472 644 5521 et
675 5466 800 5520 haec
837 5463 1112 5535 Philonis
1146 5479 1288 5535 pag.
1341 5463 1398 5517 41
1437 5480 1448 5516 ;
1488 5459 1668 5535 ΔΦύσει
1721 5460 1814 5535 μὲν
1864 5459 1963 5514 οὐκ

307 5480 550 5533 τέθνηκε·
585 5480 644 5521 et
675 5480 800 5520 nam
842 5480 1112 5518 t'nuonls
1200 5480 1288 5535 ag.
1341 5480 1448 5517 4|:
1502 5480 1668 5514 φύσει
1721 5480 1814 5530 μεν
1864 5480 1958 5514 ουκ

307 5529 421 5608 ἔστι
452 5536 699 5608 θάνατος,
728 5533 846 5608 καθ’
899 5532 978 5608 δν-
1007 5480 1308 5608 χωρίὲεται
1357 5532 1523 5608 ψυχὴ.
1545 5531 1650 5608 ὄιπρ
1680 5531 1958 5608 σωματος·

308 5607 339 5662 ὁ
371 5603 430 5661 ὃὶ
459 5606 544 5662 ἐπὶ
574 5600 816 5682 τιμωρίᾳ
863 5600 1193 5678 συνίσταται,
1242 5600 1382 5660 ὅταν
1420 5600 1474 5674 ή’
1500 5602 1656 5678 ψυχὴ
1702 5600 1794 5657 τὸν
1838 5600 1961 5676 ἀρε-

1027 4564 1072 4632 e)
1104 4563 1316 4633 Ephes.
1347 4568 1406 4626 ιι,
1438 4565 1490 4617 5,

2060 2237 2227 2292 illam
2260 2241 2713 2300 continentiam.
2751 2242 2857 2296 illa
2897 2258 3134 2312 quoque
3183 2245 3412 2314 dicunt,
3461 2265 3593 2318 qua)
3642 2251 3716 2305 ad

2061 2327 2336 2383 Salomen
2369 2328 2528 2384 dicta
2570 2335 2729 2396 sunt,
2771 2347 3026 2401 quorum
3075 2332 3240 2400 prius
3289 2336 3713 2391 meminimus:

2061 2416 2359 2472 habentur
2384 2425 2606 2484 autem,
2637 2424 2704 2472 ut
2735 2418 3030 2485 existimo,
3059 2419 3121 2473 in
3149 2422 3461 2493 Evangelio
3510 2441 3718 2480 secun-

2061 2505 2203 2560 dum
2232 2515 2296 2578 ›ι‹
2326 2508 2645 2577 Egyptios.
2680 2507 2864 2561 Aiunt
2889 2508 3051 2561 enim
3081 2507 3277 2577 ipsum
3310 2511 3530 2566 dixisse
3583 2515 3720 2569 Ser—

2059 2599 2318 2648 vatorem
2348 2612 2359 2648 :
2393 2615 2416 2645 α
2452 2595 2595 2649 Veni
2617 2596 2690 2650 ad
2711 2596 3152 2655 dissolvendum
3178 2616 3356 2671 opera
3383 2600 3622 2657 feminas
3644 2620 3667 2666 ;
3690 2626 3718 2652 »

2059 2681 2298 2736 femina:
2331 2683 2594 2752 quidem,
2629 2685 3009 2756 cupiditatis;
3037 2706 3216 2760 opera
3239 2694 3436 2744 autem
3468 2707 3720 2762 genera-

2062 2773 2286 2825 tionem
2321 2778 2380 2825 et
2420 2772 2746 2828 interitum.
2805 2776 2952 2840 Quid
3004 2794 3139 2851 ergo
3183 2779 3488 2834 dixerint?
3535 2781 3719 2837 Desiit

2062 2863 2189 2916 haec
2245 2861 2732 2918 administratio?
2775 2867 2898 2920 Non
2945 2867 3239 2923 dixerint:
3293 2875 3498 2923 manet
3554 2870 3713 2923 enim

2062 2950 2323 3004 mundus
2355 2951 2414 3004 in
2447 2951 2651 3006 eadem
2677 2957 3024 3010 (economia.
3053 2957 3161 3011 Sed
3182 2974 3301 3011 non
3326 2957 3541 3012 falsum
3567 2959 3716 3013 dixit

2063 3039 2349 3095 Dominus
2375 3057 2387 3106 ;
2421 3057 2625 3096 revera
2655 3043 2815 3096 enim
2849 3061 3027 3114 opera
3058 3045 3327 3100 dissolvit
3347 3047 3711 3118 cupiditatis,

2063 3129 2390 3192 avaritiam,
2424 3131 2893 3198 contentionem,
2927 3133 3128 3204 gloriae
3153 3134 3563 3205 cupiditatem,
3588 3154 3714 3192 mu-

2062 3217 2276 3271 lierum
2309 3218 2584 3272 insanum
2618 3235 2905 3286 amorem,
2953 3222 3329 3292 paadicatum,
3367 3225 3714 3296 ingluviem,

2061 3306 2266 3360 luxum
2299 3312 2359 3360 et
2388 3306 2821 3377 profusionem,
2856 3315 2914 3362 et
2963 3326 3092 3380 qua)
3141 3317 3282 3365 sunt
3329 3313 3421 3366 his
3471 3315 3707 3368 similia.

2062 3396 2283 3449 Horum
2306 3401 2502 3450 autem
2523 3401 2708 3463 ortus,
2731 3403 2818 3451 est
2838 3399 3052 3453 animae
3076 3400 3350 3454 interitus
3377 3417 3389 3454 :
3415 3403 3710 3472 siquidem

2062 3507 2091 3534 «
2127 3483 2358 3538 delictis
2391 3485 2608 3538 mortui
2637 3505 2664 3534 ν
2690 3486 2986 3541 efﬁcimur
3009 3490 3092 3558 te).
3118 3490 3197 3543 Ea
3214 3506 3348 3543 vero
3377 3489 3601 3545 femina
3624 3497 3713 3545 est

2061 3572 2540 3642 intemperantia.
2560 3574 2764 3628 Ortum
2789 3580 2984 3630 autem
3005 3582 3062 3629 et
3083 3577 3388 3632 interitum
3410 3584 3707 3634 creatura-

2065 3678 2198 3716 rum
2242 3669 2484 3733 propter
2530 3662 2796 3733 ipsorum
2840 3670 3084 3720 naturas
3134 3667 3261 3721 fieri
3310 3683 3552 3723 necesse
3597 3674 3706 3738 est,

2064 3767 2251 3821 usque
2285 3751 2357 3806 ad
2373 3751 2696 3821 perfectam
2719 3751 3167 3810 distinctionem
3193 3761 3250 3809 et
3269 3758 3708 3813 restitutionem

2067 3840 2394 3904 electionis,
2429 3855 2537 3910 per
2567 3857 2767 3910 quam,
2802 3859 2932 3912 quae
2953 3844 3132 3898 etiam
3161 3849 3299 3899 sunt
3329 3847 3550 3901 mundo
3582 3865 3712 3919 per-

2065 3929 2255 3984 mistaa
2276 3934 2333 3982 et
2349 3928 2611 3983 confusae
2636 3928 3003 3997 substantias,
3028 3934 3376 4004 prOprietati
3400 3953 3520 3990 suae
3538 3937 3712 3990 resti-

2066 4023 2334 4072 tuuntur.
2369 4016 2534 4072 Unde
2569 4018 2777 4072 merito
2811 4035 2947 4074 cum
2979 4020 3052 4075 de
3075 4025 3589 4079 consummatione
3612 4025 3714 4078 Lo-

2066 4123 2169 4179 gos
2201 4107 2431 4161 locutus
2461 4106 2672 4167 fuerat.
2703 4107 2787 4162 ait
2825 4108 3095 4164 Salome:
3147 4133 3174 4160 «
3217 4113 3535 4183 Quousque
3584 4129 3712 4168 mo-

2065 4197 2298 4250 rientur
2327 4195 2600 4250 homines
2622 4197 2650 4250 ‘?
2679 4217 2707 4246 »
2742 4197 3054 4254 Hominem
3095 4205 3293 4255 autem
3342 4207 3510 4258 vocat
3560 4203 3716 4257 Scri-

2066 4292 2240 4357 ptura
2261 4284 2614 4355 dupliciter:
2650 4290 2708 4339 et
2731 4302 2890 4353 eum,
2917 4288 3016 4357 qui
3040 4295 3304 4360 apparet,
3339 4296 3397 4345 et
3413 4291 3712 4356 animam;

2070 4378 2128 4428 et
2186 4389 2321 4428 eum
2370 4389 2599 4436 rursus,
2646 4374 2748 4444 qui
2801 4382 3085 4443 servatur,
3136 4383 3196 4431 et
3238 4394 3375 4433 eum
3422 4381 3520 4450 qui
3571 4395 3713 4434 non.

987 4490 1327 4634 )(l)biéi.,hi6,
1352 4489 1551 4615 17.5(6)
1582 4490 1634 4543 II
1680 4489 1809 4545 Cor.
1869 4507 1944 4558 Vl,
2005 4492 2091 4558 14,
2155 4493 2240 4558 15,
2277 4491 2362 4544 16.
2397 4489 2475 4557 (d)
2505 4491 2555 4545 Il
2586 4490 2715 4544 Cor.
2749 4507 2842 4559 vn,
2874 4491 2929 4547 1.
2960 4491 3023 4555 ›ι‹
3053 4495 3115 4550 Ρ.
3143 4496 3248 4550 540
3278 4496 3389 4550 ED.
3422 4497 3716 4566 POTTER,

1027 4579 1054 4616 ε
1151 4580 1186 4633 p
1235 4579 1316 4616 es.
1347 4579 1406 4626 ll,
1478 4604 1490 4617 .

954 4695 1081 4750 γονε
1124 4673 1284 4728 καινὰ
1326 4673 1396 4729 τὰ
1438 4673 1629 4730 πάντα.
1661 4675 1712 4730 II
1742 4676 1873 4731 Cor.
1904 4691 1954 4730 γ.
1994 4677 2040 4742 D
2069 4671 2321 4750 τῆςβίον
2353 4674 2584 4748 θνήσκῃ,
2616 4672 2709 4750 τόν
2762 4671 2819 4750 δὲ
2865 4675 3058 4738 κακίας
3111 4681 3174 4750 ζῇ
3219 4677 3407 4750 μόνον.
3441 4680 3514 4736 Εὖ
3548 4677 3605 4735 δὲ
3629 4681 3722 4735 καὶ

2071 4742 2504 4826 όξῐῖράκλειτος,
2534 4742 2670 4826 κατά
2715 4749 2877 4826 τοῦτο
2928 4742 3617 4826 ΜωϋσέωέάκοΙουτήσας
3642 4757 3722 4826 τῷ

2073 4814 2340 4896 δόγματι,
2366 4818 2520 4896 φησίς
2551 4818 2740 4896 Ζῶμεν
2783 4817 2875 4896 τὸν
2923 4819 3140 4875 ἐκείνων
3176 4823 3424 4894 θάνατον,
3458 4814 3722 4896 τέθνήκαλ

2076 4887 2262 4962 μενδὶ
2287 4887 2806 4963 τρνίέκείνων-βίον,
2841 4893 3112 4950 SYLBURG.
3411 4887 3422 4894 ’
3606 4887 3616 4896 ’
3725 4902 3728 4908 '

2143 4961 2519 5041 (11)]δγ1ἑλεριςἶ
2555 4961 2713 5041 Infra
2763 4963 2849 5041 in_
2875 4967 3136 5041 Excerpt.
3169 4983 3237 5041 ex
3273 4967 3720 5041 Theodot.,_pag.

2073 5035 2205 5114 792..
2223 5031 2361 5088 edit.
2390 5034 2575 5114 Paris.
2605 5051 2616 5088 :
2639 5034 2802 5114 “grav
2831 5034 2858 5087 6
2882 5031 3237 5114 Σωτήρπρρς
3263 5031 3551 5114 Σαλώμην
3571 5031 3723 5114 λέγῇ,

2073 5126 2100 5152 ‹‹
2129 5101 2311 5178 Μέχρι
2347 5103 2471 5185 τότε
2499 5104 2631 5185 εἶναι
2664 5105 2911 5185 θάνατον,
2945 5101 3108 5185 ἄχρις
3145 5101 3227 5185 ’ἂν
3270 5110 3323 5162 αἱ
3371 5101 3620 5185 γυναῖκες
3648 5101 3727 5185 icui;

2070 5173 2297 5257 κ’Ξωσιν.ζ
2332 5199 2358 5257 )3
2391 5173 2453 5257 ού
2482 5177 2582 5243 τήν
2641 5174 2851 5257 γένεσιν
2900 5173 3137 5248 κακίζων
3184 5173 3396 5257 ἔλεγεν,
3437 5181 3724 5257 ἀναγκαίαν

2073 5247 2237 5300 οὖσαν
2272 5244 2360 5300 διὰ
2394 5248 2488 5314 τήν
2525 5244 2794 5316 σπτηρίαν
2847 5254 2956 5304 τῶν
3001 5244 3386 5310 πὶστευόντὶονί
3421 5279 3446 5304 ‹‹
3481 5244 3725 5319 Quando

2072 5319 2342 5374 Servator
2373 5321 2624 5396 _Salomm
2659 5321 2809 5376 dixit
2832 5339 2844 5378 :
2875 5326 2953 5378 Eo
2974 5341 3144 5396 usque
3162 5329 3280 5394 fore
3305 5333 3564 5396 mortem,
3587 5340 3728 5396 quo-

2071 5406 2242 5461 usque
2271 5393 2524 5447 mulieres
2549 5401 2835 5462 pare-rent,
2875 5412 2994 5450 non
3027 5393 3259 5452 locutus
3291 5402 3381 5450 est
3410 5396 3522 5450 ista
3553 5395 3613 5448 in
3644 5394 3725 5446 vi-

2072 5463 2369 5533 tuperium
2442 5464 2833 5531 enerationis,
2863 5483 2994 5536 quae
3035 5469 3239 5539 utique
3272 5465 3608 5521 necessaria
3640 5467 3732 5520 est

2072 5541 2316 5590 oronter
2345 5481 2607 5590 saiutem
2639 5535 2926 5590 ﬁdelium.
2963 5561 2991 5588 ››

2071 5541 2316 5606 prOpter
2345 5535 2607 5592 salutem
2639 5535 2926 5594 ﬁdelium.
2963 5561 2991 5588 ››
