4034 6148
349 318 490 375 1167

1584 308 1992 367 CLEMENTIS
2028 307 2534 366 ALEXANDle

3616 313 3745 370 1168

348 449 501 503 Mors
532 448 731 501 autem
763 442 976 496 animai
1008 436 1225 494 dicitur
1240 442 1569 510 peccatum.
1602 438 1793 502 Quare
1824 440 1993 490 caute

2112 432 2310 507 μέχρις
2341 430 2402 487 ἃν
2435 436 2491 489 αἱ
2522 434 2799 510 ἐπιθυμίαι
2856 435 3138 513 ἐνεργῶσι.
3188 460 3216 493 σ
3255 439 3356 494 Διὰ
3381 441 3543 494 τοῦτο
3572 443 3741 514 ὥσπερ

348 544 407 594 et
436 537 805 593 considerate
835 532 1158 605 respondet
1201 532 1486 586 Dominus
1509 548 1520 583 :
1543 554 1568 579 ‹‹
1605 529 1999 599 Quoadusque

352 625 1047 699 pepererintmulieres,»
1069 622 1181 676 hoc
1194 620 1576 691 est,quandiu
1594 619 2001 690 operabuntur

351 714 725 786 cupiditates.
749 736 775 764 ‹‹
793 714 862 766 Et
878 711 1011 766 ideo
1035 709 1536 781 quemadmodum
1561 726 1666 780 per
1681 725 1865 763 unum
1888 708 1963 763 bo
1982 738 1997 748 -

350 803 574 859 minem
606 807 915 874 peccatum
946 801 1279 873 ingressum
1312 805 1401 854 est
1426 799 1487 853 in
1538 798 1851 861 mundum,
1896 813 2004 867 per

352 899 662 965 peccatum
694 907 929 963 quoque
964 906 1123 945 mors
1154 890 1227 943 ad
1259 905 1468 943 omnes
1497 888 1771 943 homines
1794 903 2000 958 perva-

340 983 432 1058 ,δίε
457 987 749 1053 quatenus
780 996 988 1035 omnes
1008 984 1440 1051 peccaverunt;
1467 984 1524 1032 et
1554 977 1821 1050 regnavit
1841 992 2000 1030 mors

354 1071 426 1127 ab
459 1070 646 1126 Adam
669 1086 858 1141 usque
882 1068 956 1124 ad
980 1070 1218 1140 Moysen
1240 1069 1331 1138 (a),
1368 1090 1393 1117 »ι
1425 1067 1621 1138 inquit
1646 1065 1962 1137 Apostolus
1985 1082 1998 1130 ;

354 1160 615 1217 naturali
638 1165 836 1215 autem
865 1158 1078 1212 divinae
1101 1157 1444 1212 (economiaa
1464 1156 1817 1211 necessitate
1840 1170 2002 1209 mors

352 1250 624 1321 sequitur
652 1248 1098 1321 generationem
1121 1264 1133 1301 :
1167 1252 1227 1301 et
1254 1246 1519 1317 corporis
1543 1250 1600 1299 et
1620 1245 1834 1300 animae
1859 1260 2002 1298 con-

343 1339 722 1413 junctionem
751 1336 1139 1407 consequitur
1168 1352 1373 1391 eorum
1420 1334 1753 1389 dissolutio.
1806 1333 1862 1387 Si
1912 1336 2003 1387 est

352 1432 550 1482 autem
582 1431 824 1499 propter
852 1425 1182 1481 doctrinam
1215 1429 1273 1478 et
1288 1424 1652 1496 agnitionem
1675 1422 1998 1495 generatio,

2108 519 2176 576 δι’
2208 523 2325 585 ἑνὸς
2358 521 2653 590 ἀνθρώπου
2684 527 2718 595 ἡ
2769 527 3009 601 ἁμαρτία
3061 526 3139 590 εἷς
3184 528 3279 583 τὸν
3329 529 3532 601 κόσμον
3566 527 3739 598 εἰσῆλ-

2107 612 2184 679 θε,
2216 614 2304 668 καὶ
2339 610 2429 668 διὰ
2482 620 2583 683 τῆς
2640 616 2909 692 ἁμαρτίας
2965 617 2993 670 6
3053 617 3281 679 θάνατος
3313 621 3423 691 (12)
3458 617 3532 680 είς
3558 620 3744 680 πάντας

2108 703 2429 777 ἀνθρώπους
2477 703 2719 775 διῆλθεν,
2777 705 2858 784 ἐφ’
2911 707 2957 779 ᾦ
3010 708 3205 769 πάντες
3254 709 3485 780 ἣματον·
3530 708 3615 762 καὶ
3644 711 3742 782 (13)

2108 786 2448 849 ἐϐασίλευσεν
2482 797 2510 850 6
2541 797 2769 859 θάνατος
2818 796 2925 850 ἀπὸ
2974 793 3158 868 Ἀδάμ
3193 797 3362 871 μέχρι
3393 798 3685 863 Μωϋσέως,
3717 824 3735 853 ι

2108 884 2271 959 φησὶν
2307 885 2335 938 6
2366 884 2728 946 Ἀπόστολος·
2762 888 2962 959 φυσικῇ
3017 882 3075 939 δὲ
3122 885 3323 959 ἀνάγκῃ
3364 885 3506 947 θείας
3540 886 3742 941 οἰκονο-

2111 972 2237 1045 μίας
2268 973 2469 1047 γενέσει
2520 975 2746 1038 Θάνατος
2787 970 2994 1032 ἕπεται.
3046 975 3135 1029 καὶ
3194 972 3406 1047 συνόδῳ
3449 978 3634 1050 ψυχῆς
3662 976 3743 1030 καί

2108 1061 2360 1132 σώματος
2406 1065 2440 1132 ἡ
2490 1062 2697 1117 τούτων
2745 1060 2991 1125 διάλυσις
3049 1061 3360 1127 ἀκολουθεῖ.
3395 1062 3461 1121 Εἰ
3493 1061 3551 1118 δὲ
3577 1061 3743 1120 ἕνεκεν

2110 1153 2394 1224 μαθήσεως
2452 1153 2541 1208 καὶ
2601 1151 2950 1227 ἐπιγνώσεως
3003 1155 3039 1223 ἡ
3094 1153 3322 1228 γένεσις,
3379 1154 3741 1209 ἀποκαταστά-

2106 1261 2242 1303 σεως
2273 1237 2331 1295 δὲ
2357 1244 2465 1314 (14)
2505 1244 2540 1312 ἡ
2592 1239 2860 1305 διάλυσις·
2916 1242 2991 1302 ὡς
3035 1238 3094 1297 δὲ
3140 1242 3286 1298 αἰτία
3317 1244 3545 1307 θανάτου
3577 1240 3663 1298 διὰ
3688 1242 3744 1298 τὸ

2103 1328 2299 1386 τίκτειν
2330 1334 2365 1400 ἠ
2395 1333 2531 1407 γυνὴ
2563 1331 2867 1405 νομίζεται,
2900 1331 3046 1389 οὕτω
3096 1333 3187 1388 καί
3240 1338 3385 1403 ζωῆς
3414 1331 3505 1388 διὰ
3531 1335 3630 1403 τῆν
3661 1332 3743 1389 αὖ·

2104 1421 2204 1488 τήν
2238 1418 2411 1474 αἰτίαν
2445 1419 2778 1495 λεχθήσεται
2824 1424 3074 1496 ἡγεμών.
3132 1421 3341 1477 Αὐτίκα
3370 1425 3405 1492 ἡ
3437 1425 3742 1497 προκατάρ-

350 1515 746 1571 restitutionis
776 1531 955 1571 causa
984 1515 1097 1569 erit
1116 1514 1453 1569 dissolutio.
1477 1512 1778 1578 Quomodo
1800 1516 1993 1567 autem

2108 1507 2237 1577 ξασα
2264 1515 2364 1577 τῆς
2393 1505 2752 1584 παραϐάσεως
2787 1512 2896 1584 (15)
2933 1534 2955 1563 ι
2993 1511 3107 1581 ζωὴ
3142 1534 3170 1563 ››
3220 1515 3330 1583 (16)
3371 1512 3742 1589 προσηγορεύ-

353 1604 724 1660 existimatur
750 1605 969 1659 mulier
997 1618 1177 1658 causa
1214 1603 1445 1669 mortis,
1478 1607 1792 1673 propterea
1840 1597 1993 1670 quod

2108 1607 2173 1667 θη
2208 1594 2297 1651 διὰ
2324 1598 2422 1667 τήν
2463 1604 2565 1669 τῆς
2611 1595 2879 1675 διαδοχῆς
2932 1597 3134 1669 αἰτίαν,
3176 1604 3285 1655 τῶν
3316 1621 3375 1656 τε
3404 1600 3742 1676 γεννωμένων

352 1694 546 1765 pariat
570 1710 583 1748 :
615 1694 698 1748 ita
715 1695 893 1748 etiam
916 1692 1145 1748 dicetur
1165 1691 1284 1747 dux
1303 1691 1433 1745 vita:
1458 1695 1699 1761 propter
1728 1687 1993 1744 eamdem

2108 1689 2213 1740 τῶν
2244 1705 2303 1741 τε
2332 1687 2750 1762 ἁμαρτανόντων
2810 1690 2924 1762 (17)
2981 1689 3209 1764 γίνεται,
3270 1690 3485 1763 ὁμοίως
3532 1687 3742 1746 δικαίων

352 1798 612 1838 causam.
642 1781 898 1836 Proinde
938 1797 1070 1851 quas
1120 1780 1283 1851 prior
1332 1779 1630 1833 inchoavit
1671 1783 1993 1850 transgres-

2110 1773 2185 1835 ὡς
2214 1773 2305 1828 καί
2333 1772 2558 1842 ἀδίκων,
2619 1778 2827 1851 μήτηρ,
2887 1776 3113 1832 ἑκάστου
3171 1776 3335 1850 ἡμῶν
3367 1779 3556 1834 ἑαυτὸν
3589 1777 3748 1834 δικαι-

353 1871 606 1938 sionem,
668 1869 801 1925 Vita
853 1875 943 1924 est
987 1868 1284 1939 appellata
1324 1869 1421 1934 (b),
1474 1873 1717 1938 prOpter
1760 1881 1993 1921 causam

2108 1865 2315 1933 οὖντος,
2374 1863 2411 1933 ἢ
2468 1859 2707 1937 ἔμπαλιν
2767 1866 2961 1935 ἀπειθῆ
3019 1868 3535 1936 κατασκευάζοντος,
3594 1869 3743 1932 Ὅθεν

355 1958 783 2013 successionis:
810 1964 868 2013 et
889 1974 1115 2020 eorum,
1141 1957 1239 2027 qui
1264 1961 1645 2028 generantur,
1667 1961 1720 2009 et
1741 1955 1841 2025 qui
1864 1970 2003 2025 pec-

356 2051 515 2112 cant,
548 2051 668 2101 tam
692 2046 992 2117 justorum
1028 2062 1207 2116 quam
1255 2045 1635 2115 injustorum,
1669 2050 1861 2098 mater
1889 2047 1998 2109 est,

355 2151 717 2206 unoquoque
747 2141 1017 2189 nostrum
1042 2135 1305 2204 seipsum
1325 2132 1716 2204 justiﬁcante,
1736 2132 1825 2186 vel
1859 2148 1998 2187 con-

354 2229 445 2279 tra
481 2224 925 2279 inobedientem
957 2224 1371 2278 constituente.
1407 2221 1571 2276 Unde
1604 2238 1722 2275 non
1746 2237 1849 2293 ego
1875 2221 2000 2291 qui-

359 2313 493 2368 dem
526 2313 783 2369 arbitror
812 2313 1159 2385 Apostolum
1191 2311 1511 2367 abhorrere
1536 2310 1738 2374 vitam,
1764 2327 1893 2380 qua:
1912 2314 2003 2365 est

352 2401 416 2467 ιιι
442 2404 503 2457 in
536 2419 737 2470 carne,
770 2419 907 2457 cum
939 2401 1121 2455 dicit:
1157 2422 1183 2451 ‹‹
1218 2400 1328 2455 Sed
1360 2400 1421 2453 in
1461 2399 1627 2454 omni
1667 2399 1902 2467 ﬁducia,
1934 2403 2002 2452 ut

358 2509 610 2565 semper,
647 2510 806 2548 nunc
832 2508 1068 2564 quoque
1098 2492 1366 2547 Christus
1416 2490 1893 2563 magniﬁcabitur
1938 2490 2001 2545 in

357 2598 599 2654 corpore
633 2599 784 2649 meo,
834 2581 953 2637 sive
1000 2597 1105 2652 per
1149 2581 1349 2644 vitam,
1402 2580 1522 2635 sive
1569 2596 1677 2650 per
1724 2583 1998 2634 mortem.

357 2671 494 2725 Mihi
522 2672 681 2726 enim
707 2671 896 2725 vivere
927 2671 1195 2725 Christus
1228 2674 1286 2724 et
1336 2668 1486 2724 mori
1516 2668 1769 2724 lucrum.
1807 2668 1863 2723 Si
1895 2684 2002 2723 au-

355 2764 476 2816 tem
506 2762 698 2815 vivere
730 2761 792 2814 in
823 2775 1020 2827 carne,
1054 2764 1113 2814 et
1143 2760 1255 2814 hoc
1299 2775 1533 2829 quoque
1583 2758 1728 2812 mihi
1773 2757 2001 2812 fructus

356 2850 575 2921 operis,
608 2849 750 2920 quid
781 2848 994 2920 eligam
1025 2848 1248 2910 nescio,
1281 2853 1340 2902 et
1369 2852 1636 2902 coarctor
1655 2864 1723 2902 ex
1746 2846 1998 2916 duobus,

356 2939 604 3009 cupiens
635 2936 874 3003 resolvi,
908 2942 966 2990 et
996 2952 1123 2991 esse
1154 2952 1289 2990 cum
1317 2937 1547 2990 Christo
1574 2952 1585 2990 :
1620 2937 1807 2990 multo
1839 2936 1999 2991 enim

354 3026 607 3082 melius:
639 3042 882 3081 manere
912 3031 1111 3080 autem
1143 3025 1204 3080 in
1234 3042 1436 3094 carne,
1468 3030 1559 3079 est
1582 3025 1766 3097 magis
1794 3042 2000 3081 neces-

353 3116 576 3171 sarium
608 3120 849 3186 propter
877 3132 976 3169 vos
1006 3115 1094 3186 (ο).
1133 3137 1158 3163 ››
1191 3116 1303 3169 Per
1332 3115 1459 3169 haec
1490 3114 1670 3181 enim,
1720 3118 1787 3168 ut
1831 3120 1995 3185 puto,
2028 3155 2072 3222 C

351 3209 553 3275 aperte
575 3204 854 3270 ostendit,
890 3205 1080 3258 exitus
1102 3203 1343 3274 quidem
1369 3220 1398 3258 e
1421 3220 1665 3274 corpore
1681 3203 1995 3275 perfectio-

350 3309 511 3360 nem,
543 3309 673 3349 esse
703 3294 766 3349 in
795 3294 898 3348 Dei
921 3292 1302 3347 dilectionem
1328 3308 1340 3346 :
1367 3292 1496 3363 ejus
1511 3297 1710 3347 autem
1740 3309 1998 3363 presen-

352 3381 448 3437 tias
480 3381 541 3437 in
572 3398 770 3445 carne,
804 3399 873 3437 ex
904 3387 1069 3455 grato
1114 3381 1314 3436 animo
1363 3380 1692 3452 profectam
1740 3381 1999 3436 toleran-

351 3471 519 3539 tiam,
551 3476 795 3543 propter
826 3488 948 3537 eos,
982 3471 1082 3541 qui
1106 3470 1295 3526 salute
1327 3469 1612 3542 indigent.
1646 3468 1793 3534 Quid
1817 3485 1951 3524 vero
1974 3468 2002 3523 ?

351 3575 473 3614 non
496 3560 676 3616 etiam
695 3575 786 3625 ea,
809 3577 941 3631 quaa
966 3560 1248 3630 deinceps
1270 3563 1620 3629 sequuntur,
1655 3574 1725 3612 ex
1746 3558 1840 3625 iis,
1866 3574 1998 3629 quin

353 3647 512 3704 dicta
543 3654 684 3704 sunt
710 3648 784 3704 ad
815 3648 1114 3716 Salomen,
1160 3649 1309 3705 195
1367 3646 1735 3719 subjungunt
1782 3647 1844 3715 ii,
1897 3647 1999 3718 qui

352 3737 582 3808 quidvis
640 3738 838 3810 potius
896 3753 1075 3808 quam
1124 3754 1255 3807 quas
1307 3753 1376 3791 ex
1432 3736 1697 3804 veritate,
1751 3752 1996 3809 evange-

352 3826 530 3882 licam
560 3826 825 3900 regulam
858 3832 998 3882 sunt
1014 3826 1200 3881 secuti
1225 3825 1252 3880 ?
1270 3826 1415 3880 Cum
1437 3841 1505 3881 ea
1526 3826 1686 3880 enim
1711 3825 1956 3882 dixisset
1981 3842 1994 3880 :

353 3938 382 3966 «ι
413 3917 589 3972 Recte
622 3932 757 3988 ergo
788 3916 921 3983 feci,
946 3931 1077 3986 quae
1100 3931 1221 3969 non
1248 3914 1450 3985 peperi
1476 3931 1489 3967 :
1515 3936 1543 3964 »
1567 3914 1811 3984 scilicet,
1835 3915 1996 3986 quod

350 4005 650 4077 generatio
683 4021 805 4059 non
836 4009 993 4059 esset
1020 4009 1085 4059 ut
1116 4008 1349 4073 oportet
1391 4008 1731 4074 assumpta;
1782 4004 1997 4074 excipit

348 4094 655 4161 Dominus,
687 4093 930 4148 dicens:
959 4114 986 4142 «
1034 4092 1207 4148 Omni
1257 4090 1443 4146 herba
1485 4108 1741 4159 vescere,
1789 4107 1858 4147 ea
1886 4108 1989 4147 au-

344 4188 487 4253 tem,
519 4199 650 4254 quae
682 4181 861 4236 habet
889 4179 1373 4247 amaritudinem,
1405 4195 1480 4234 ne
1524 4180 1800 4234 vescaris.
1827 4202 1856 4229 ››
1882 4182 1994 4236 Per

343 4272 469 4328 haec
486 4272 647 4327 enim
666 4270 978 4343 signiﬁcat,
1003 4286 1133 4325 esse
1158 4269 1217 4324 in
1236 4274 1441 4324 nostra
1459 4272 1768 4340 potestate,
1792 4275 1851 4324 et
1868 4286 1990 4324 non

2105 1951 2213 2025 οὐχ
2243 1954 2489 2026 ἠγοῦμαι
2536 1947 2715 2028 ἔγωγε
2767 1954 3121 2026 μυσάττεσθαι
3169 1957 3270 2025 τὴν
3321 1954 3372 2010 ἐν
3425 1957 3583 2031 σαρκὶ
3612 1957 3746 2027 ζωὴν

2103 2039 2196 2093 τὸν
2230 2041 2588 2110 Ἀπόστολον,
2647 2043 2886 2112 ὁπηνίκα
2943 2041 3001 2098 ἂν
3061 2048 3158 2121 φῇ.
3220 2069 3247 2097 «ι
3300 2043 3461 2102 Ἀλλ’
3510 2045 3564 2101 ἐν
3608 2047 3743 2119 μάσῃ

2104 2128 2403 2204 παῤῥησίᾳ,
2436 2131 2513 2192 ὡς
2543 2130 2795 2202 πάντοτε,
2845 2133 2934 2187 καὶ
2982 2136 3077 2187 νῦν
3128 2135 3592 2209 μεγαλυνθήσεται
3621 2136 3745 2209 Χρι-

2105 2219 2227 2279 στὸς
2258 2220 2313 2272 ὲν
2344 2222 2422 2289 τῷ
2453 2219 2668 2291 σώματί
2716 2241 2822 2292 μου
2871 2220 2979 2276 εἴτε
3026 2218 3116 2276 διὰ
3161 2227 3307 2291 ζωῆς
3336 2222 3444 2278 εἷ’τε
3474 2220 3566 2278 διά
3596 2223 3744 2278 θανά-

2100 2329 2219 2364 του.
2251 2306 2376 2380 ἐμοὶ
2407 2309 2511 2382 γάρ
2540 2309 2602 2363 τὸ
2655 2312 2750 2381 ζῇν
2792 2310 3046 2382 Χριστὸς,
3094 2309 3184 2365 καὶ
3227 2312 3290 2366 τὸ
3322 2312 3609 2367 ἀποθανεῖν
3637 2312 3747 2385 κέρ-

2104 2394 2215 2458 δος.
2250 2396 2318 2453 Εἰ
2346 2394 2404 2451 δὲ
2430 2398 2492 2451 τὸ
2544 2401 2639 2471 ζῇν
2691 2396 2744 2453 ἐν
2800 2398 2981 2474 σαρκὶ,
3026 2399 3114 2454 καὶ
3147 2402 3258 2473 (18)
3288 2401 3449 2455 τοῦτό
3502 2423 3599 2475 μοι
3628 2420 3745 2475 καρ-

2102 2486 2204 2546 πὸς
2233 2480 2412 2561 ἔργου·
2461 2485 2514 2539 τί
2558 2487 2881 2560 αἱρήσομαι,
2933 2487 2995 2542 οὐ
3038 2488 3312 2563 γνωρίζω·
3362 2489 3665 2566 θυνέχομαί
3691 2509 3743 2544 τε

2105 2573 2166 2628 ἐκ
2190 2578 2299 2629 τῶν
2329 2572 2446 2643 δύο,
2479 2575 2578 2644 τὴν
2612 2574 2900 2648 ἐπιθυμίαν
2934 2573 3080 2652 ἔχων
3130 2574 3208 2639 ἕίς
3252 2577 3315 2632 τὸ
3344 2576 3632 2650 ἀναλῦσαι,
3659 2577 3742 2633 καὶ

2107 2665 2199 2717 σὺν
2232 2664 2450 2738 Χριστῷ
2479 2665 2630 2719 εἶναι·
2664 2663 2864 2737 πολλῷ
2892 2666 2997 2741 γὰρ
3039 2672 3339 2737 κρεῖττοον·
3379 2668 3441 2723 τὸ
3474 2665 3537 2723 δὲ
3565 2668 3742 2741 ἐπιμε-

2104 2773 2214 2808 νειν
2245 2756 2312 2826 τῇ
2360 2754 2516 2827 σαρκὶ
2570 2753 2985 2829 ἀναγκαιότερον
3045 2752 3118 2810 δι’
3177 2757 3335 2828 ὑμᾶς·
3368 2780 3396 2809 ››
3456 2755 3742 2828 ἐνεδείξατο

2105 2841 2232 2917 γάρ,
2266 2842 2443 2916 οἶμαι,
2476 2840 2565 2898 διά
2609 2843 2821 2899 τούτων
2878 2848 3064 2918 σαφῶς
3118 2851 3219 2915 τῆς
3280 2846 3373 2919 μὲν
3425 2844 3615 2916 ἐξόδου
3653 2850 3741 2901 τοῦ

2106 2931 2359 3003 σώματος
2389 2932 2488 3000 τήν
2520 2933 2657 3007 πρὸς
2711 2933 2841 2989 Θεὸν
2884 2933 3094 3007 ἀγάπην
3142 2932 3424 2989 τελείωσιν
3462 2936 3623 3003 εἶναι,
3653 2941 3741 3004 τῆς

2107 3016 2164 3074 δὲ
2189 3019 2242 3074 ἐν
2267 3022 2422 3095 σαρκὶ
2453 3022 2757 3093 παρουσίας
2785 3023 2886 3091 τὴν
2930 3022 3258 3098 εὐχάριστον
3290 3020 3379 3078 διὰ
3404 3023 3541 3087 τοὺς
3572 3030 3745 3093 σωθῆ-

2107 3129 2194 3162 ναι
2229 3105 2518 3180 δεομένους
2555 3110 2858 3182 ὑπομονήν.
2888 3112 2957 3167 Τί
2990 3108 3084 3180 δὶς
3117 3109 3246 3186 οὐχὶ
3275 3113 3366 3167 καὶ
3394 3113 3463 3168 τὰ
3492 3113 3621 3187 ἑξῆς
3648 3118 3745 3167 τῶν

2110 3198 2245 3268 πρὸς
2273 3197 2554 3270 Σαλώμην
2593 3197 2898 3275 εἰρημένων
2944 3198 3289 3276 ἐπιφέρουσιν
3324 3201 3376 3256 οἰ
3404 3201 3585 3258 πάντα
3616 3200 3748 3277 μᾶλ-

2111 3283 2208 3341 λον
2240 3285 2276 3356 ἢ
2300 3291 2382 3359 τῷ
2409 3288 2545 3342 κατὰ
2571 3288 2672 3356 τήν
2705 3288 2964 3358 ἀλήθειαν
2995 3287 3337 3364 εὖάγγελικῷ
3367 3291 3749 3362 στοιχήσαντες

2107 3375 2332 3446 κανόνι,
2393 3377 2654 3449 Φαμένης
2708 3377 2813 3451 γὰρ
2869 3375 3061 3447 αὐτῆς.
3118 3402 3147 3430 ‹‹
3175 3378 3373 3442 Καλῶς
3406 3378 3501 3435 οὗν
3532 3380 3749 3449 ἐποίησα

2112 3466 2189 3537 μὴ
2218 3469 2467 3521 τεκοῦσα·
2503 3490 2529 3517 ››
2592 3467 2669 3528 ὡς
2727 3466 2794 3521 οὐ
2848 3464 3080 3529 δεόντως
3136 3474 3239 3536 τῆς
3292 3470 3557 3544 γενέσεως
3584 3488 3747 3543 παρα-

2108 3549 2545 3626 λαυϐανομένης,
2605 3548 2889 3627 ἀμείϐεται
2948 3554 3121 3629 λέγων
3183 3556 3211 3610 ὁ
3261 3556 3479 3629 Κύριος·
3517 3582 3547 3611 ιι
3583 3560 3747 3614 Ηᾶσαν

2106 3644 2245 3719 φάγε
2277 3642 2532 3716 βοτάνην·
2563 3643 2665 3711 τήν
2713 3640 2772 3698 δὲ
2825 3664 3047 3718 πικριαν
3105 3639 3337 3720 ἔχουσαν
3372 3646 3449 3719 μὴ
3482 3649 3683 3725 φάγῃς·
3715 3668 3742 3697 n

2104 3730 2360 3803 σημαίνει
2389 3730 2493 3806 γὰρ
2524 3731 2614 3786 καὶ
2644 3728 2736 3786 διὰ
2762 3731 2995 3804 τούτων,
3040 3730 3124 3810 ἐφ’
3171 3736 3307 3806 ἡμῖν
3342 3734 3500 3805 εἶναι,
3534 3736 3623 3791 καί
3652 3732 3745 3789 οὐκ

2105 3819 2155 3890 ἐξ
2187 3821 2442 3895 ἀνάγκης,
2494 3826 2632 3875 κατά
2686 3820 2926 3876 κώλυσιν
2986 3820 3233 3892 ἐντολῆς,
3274 3820 3399 3892 ἤτοι
3427 3824 3531 3893 τήν
3562 3820 3742 3899 ἐγκρά-

2101 3930 2248 3965 τειαν
2278 3907 2314 3977 ἢ
2345 3908 2556 3964 καὶτὸν
2603 3910 2807 3985 γάμον·
2857 3910 2946 3966 καὶ
3005 3912 3089 3967 ’ὁτι
3138 3912 3166 3966 6
3213 3912 3390 3986 γάμος
3422 3913 3741 3989 συνεργάζε-

2099 4000 2188 4056 ταί
2216 4022 2270 4055 τι
2298 4002 2366 4073 τῇ
2397 3999 2586 4067 κτίσει,
2645 3999 3093 4079 προσδιασαφῶν.
3150 4008 3239 4073 Μή
3285 4003 3409 4058 ποτ’
3438 4003 3534 4058 οὗν
3566 4002 3733 4076 ἀμάρ-

2098 4090 2251 4162 τημά
2278 4112 2361 4153 τις
2391 4091 2629 4166 ἡγείσθω
2658 4093 2750 4147 τὸν
2798 4093 2974 4166 γάμον
3021 4092 3114 4148 τὸν
3159 4094 3296 4147 κατὰ
3350 4094 3557 4168 Λόγον,
3588 4090 3633 4147 εἰ
3665 4090 3735 4164 μή

2100 4179 2296 4255 πικρὰν
2331 4185 2435 4252 (19)
2487 4177 2861 4254 ὑπολαμϐάνει
2911 4180 3328 4258 παιδοτροφίαν·
3375 4180 3618 4244 πολλοῖς
3643 4179 3737 4255 γὰρ

2100 4266 2339 4342 ἔμπαλιν
2390 4269 2604 4325 ἀτεχνία
2653 4269 3051 4346 λυπηρότατον·
3105 4271 3234 4343 μήτ’
3278 4269 3339 4325 ἃν
3516 4268 3734 4347 πικρὰή

342 4378 470 4418 esse
490 4361 896 4418 necessarium
921 4376 992 4415 ex
1010 4358 1407 4432 prohibitione
1421 4357 1723 4430 praecepti,
1737 4357 1828 4414 vel
1841 4376 1979 4415 con-

2108 4356 2415 4415 ταιδοποιία
2444 4358 2700 4437 φαίνηταί
2743 4379 2873 4429 τινι,
2932 4363 3390 4435 μεταπερισπῶσα
3434 4366 3546 4417 τῶν
3589 4356 3734 4424 θείων

411 4501 486 4574 (a)
516 4506 683 4560 Rom.
715 4520 767 4571 v,
799 4505 866 4555 12
903 4504 988 4556 14.
1021 4502 1096 4573 (b)
1129 4501 1270 4556 Gen.
1304 4516 1381 4566 ιιι,
1412 4502 1502 4554 20.
1524 4498 1588 4562 »ἒ
1616 4500 1678 4553 Ρ.
1713 4500 1810 4554 541
1844 4501 1955 4555 ΕΙ).
1989 4501 1993 4555 ξ

2108 4502 2282 4556 [‘TER.
2315 4501 2441 4568 453,
2475 4502 2581 4556 434
2609 4502 2727 4558 ED.
2764 4502 2994 4557 PARIS.
3027 4501 3098 4574 (ο)
3127 4501 3322 4575 Philip
3373 4519 3411 4572 ι,
3441 4503 3638 4557 20-24.

406 4647 521 4769 (12)
546 4646 804 4707 Θάνατος.
838 4646 989 4702 Bibl.
1045 4645 1294 4713 addunt,
1332 4644 1423 4697 καὶ
1461 4642 1640 4727 οὕτως
1669 4642 1745 4706 εἰς
1778 4644 1981 4706 πάντας

337 4715 397 4771 ἇν
440 4736 659 4787 ρωπους
691 4717 718 4770 ὁ
745 4718 991 4781 θάνατος.
1016 4717 1173 4789 quod
1196 4721 1555 4772 commation
1579 4733 1684 4787 per
1709 4717 1979 4774 librario-

336 4805 471 4862 rum
502 4790 923 4862 negligentiam
956 4795 1197 4862 prOpter
1218 4789 1446 4851 θάνατος
1478 4789 1798 4859 repetitum
1829 4791 1981 4845 exci-

337 4806 471 4844 rum
502 4806 775 4915 negngen

337 4860 496 4916 disse
527 4862 576 4915 vi
625 4868 775 4915 etur.

405 4933 517 4999 (i3)
550 4931 676 4987 Καὶ.
710 4928 866 4986 Ἀλλ’
892 4933 1059 4999 Rom.

404 4997 517 5074 (ιι)
551 5002 637 5055 Δὲ.
670 5002 867 5056 Malim
894 4997 982 5073 δή.

401 5076 509 5145 (15)
544 5077 925 5145 Παραοάσεως.
980 5074 1301 5145 Respicere
1348 5074 1592 5145 Avidetur
1648 5073 1668 5128 Ι
1726 5074 1876 5130 Tim.
1911 5092 1973 5141 ιι,

330 5139 430 5218 14ἐ
466 5139 592 5218 ΚαὶΔ
617 5139 907 5218 Ᾱδάμγοῦκ
961 5139 1244 5214 ἠπατήθη·
1276 5148 1311 5212 ἡ
1345 5141 1402 5198 δὲ
1428 5146 1585 5218 γυνὴ,
1619 5139 1975 5215 ἀπατηθεῖσα,

324 5216 377 5273 ἐν
410 5210 953 5292 παραϐάσειᾴγὲγονε.

393 5285 505 5365 (16)
536 5288 687 5365 Ζωή1
716 5285 798 5343 De
822 5285 959 5341 'Evaa
990 5285 1389 5365 appellatione
1440 5287 1501 5342 in
1534 5288 1805 5365 eamdem
1836 5306 1941 5365 sie‘ng
1961 5321 1973 5331 .

322 5356 570 5420 tentiam
597 5356 753 5417 infra
783 5373 1020 5429 quoque
1051 5356 1327 5411 meminit
1364 5366 1570 5413 auctor
1599 5376 1655 5428 p.
1693 5362 1815 5429 197,
1848 5360 1972 5429 201,

323 5442 381 5506 et
405 5436 661 5506 Philop.
697 5427 818 5506 13θῖ
954 5428 1207 5506 SYLB._—
1241 5427 1683 5506 Genes.111..20_:
1713 5427 1820 5506 ξίαῖ
1851 5427 1971 5506 tigni;

320 5502 473 5561 λεσεν
508 5495 688 5575 Ἀδάμ
733 5502 797 5558 τὸ
846 5495 1019 5575 ὄνομα
1065 5502 1166 5565 τῆς
1211 5498 1466 5572 γυναικὸς
1512 5498 1677 5552 αὐτοῦ
1708 5500 1855 5568 Ζωή,
1887 5499 1971 5555 ὅτι

322 5580 508 5650 μήτηρ
539 5570 753 5652 πάντων
780 5577 888 5652 τῷν
922 5570 1160 5652 ζώντων,

393 5640 508 5723 (ᾖ)
555 5640 1027 5726 Ἀμαρτανόντων.
1093 5640 1335 5697 Videtur
1389 5640 1705 5715 legendum
1761 5641 1971 5708 ἀποθα-

2087 4643 2292 4699 νόντων
2305 4686 2317 4700 .
2352 4645 2575 4702 LOWTH.

2159 4718 2273 4791 (18)
2306 4715 2429 4791 Kal,
2464 4718 2647 4774 Abest
2674 4735 2708 4774 a
2737 4718 3021 4791 Ph_ilipp.,
3075 4718 3174 4774 ubi
3229 4736 3387 4790 mox,
3427 4719 3519 4791 καὶ
3548 4717 3602 4773 τί
3626 4717 3725 4791 αἰρ.

2087 4784 2265 4864 Dein,
2290 4784 2594 4862 συνέχομαι
2653 4791 2757 4864 γὰρ
2815 4788 2868 4864 ἐν
2897 4784 3316 4864 -€._'Rursum,
3373 4784 3583 4864 ’μολλῷ
3633 4784 3727 4864 γᾶρ

2091 4857 2304 4936 μᾶλλον
2335 4857 2506 4936 κρεῖτξ
2540 4857 2802 4936 tandem,
2831 4860 3105 4933 ἐπιμένειν
3137 4861 3188 4915 ἐν
3219 4857 3371 4936 τῇςσ.

2159 4935 2270 5005 (19)
2301 4928 2525 5005 Πικράν.
2558 4928 2946 4990 Ειιᾰθηινοοὸ
2976 4951 3121 4990 usus
3151 4939 3243 4989 est
3263 4928 3399 4989 'hac
3430 4934 3493 4989 in
3528 4949 3591 4989 re
3619 4933 3727 4987 Me-

2086 5003 2318 5059 nander
2345 5003 2502 5077 apud
2533 5005 2689 5076 apud
2721 5005 3017 5061 Stobaeum
3050 5022 3228 5061 serm.
3262 5007 3369 5060 74:

2763 5145 2785 5173 ,γ
2825 5145 2835 5156 .
2882 5146 2895 5158 .
2935 5101 3007 5157 ’Ἠ
3050 5097 3132 5155 δεῖ
3162 5103 3257 5169 ζῆν
3295 5100 3483 5173 μόνον,

2154 5171 2233 5246 "li
2256 5170 2459 5246 πατέρα
2505 5169 2716 5246 παίδων
2739 5245 2743 5246 γ
2765 5172 3050 5246 ἀποθανειν
3093 5169 3451 5246 γεννωμένων

2155 5242 2314 5299 Οὕτω
2342 5242 2405 5299 τό
2440 5245 2575 5317 μετά
2600 5245 2749 5299 ταῦτ’
2780 5244 2891 5299 ἐστὶ
2920 5248 3019 5300 τοῦ
3054 5242 3175 5319 βίου
3206 5242 3426 5319 πικρόν.

2785 5373 2798 5388 .
2845 5374 2858 5389 .
2905 5375 2918 5389 .
2960 5337 3075 5390 Aut
3103 5333 3287 5390 caelibi

2160 5405 2487 5473 Vivendum,
2518 5412 2615 5460 aut
2644 5406 2823 5461 sobole
2845 5412 3011 5461 enata
3040 5406 3385 5460 moriendum
3409 5405 3568 5475 patri
3590 5420 3609 5459 :

2150 5477 2308 5531 Adeo
2341 5483 2419 5531 est
2448 5479 2726 5543 acerbum,
2756 5477 3034 5548 quidquid
3062 5484 3141 5533 est
3170 5479 3296 5533 vita
3320 5492 3499 5547 super.

2155 5572 2270 5645 (20)
2306 5572 2452 5642 Μήτ’
2482 5570 2563 5645 ξίν.
2596 5574 2708 5629 Pro
2741 5574 2869 5644 μήτ’
2916 5570 2978 5628 ἄν
3027 5591 3148 5631 non
3180 5574 3381 5631 minus
3409 5576 3542 5645 apte
3574 5571 3732 5644 lege-

2082 5643 2260 5699 retur
2290 5645 2419 5716 μήτ’
2449 5643 2536 5703 αὗ.
2570 5643 2846 5702 SYLBURG.
