4034 6148
338 207 478 265 1169

1668 215 2119 275 ΒΤΒΟΜΔἸἮΜ
2153 217 2291 271 LIB.
2329 220 2432 273 III.

3616 221 3756 277 1170

330 330 423 388 διὰ
446 332 541 396 τὰς
572 330 861 408 χρειώδεις
890 333 1181 410 ἀσχολίας.
1213 337 1307 407 Μὴ
1342 338 1525 413 φέρων
1558 335 1603 393 δ’
1635 339 1794 404 οὗτος
1822 338 1969 394 εὐκο-

2101 340 2435 410 tinentiam,
2468 340 2560 396 vel
2591 340 2769 397 etiam
2785 342 3239 399 matrimonium
3261 348 3351 401 :et
3370 344 3529 417 quod
3547 348 3756 403 matri-

332 421 446 485 λως
474 424 564 479 τὸν
599 426 820 498 μονήρη
861 424 1003 500 βίον,
1035 424 1294 500 ἐπιθυμεῖ
1342 432 1440 482 τοῦ
1497 427 1699 503 γάμου*
1760 427 1873 484 ἐπεὶ
1929 430 1992 485 τὸ

332 511 616 585 εὐάρεστον
670 514 805 586 μετᾶ
883 515 1239 592 σωφροσύνης
1320 511 1580 587 ἀϐλαϐὲς,
1655 516 1746 573 καὶ
1803 517 1991 592 κύριος

327 601 555 665 ’ἕκαστος
583 604 745 675 ἡμῶν
777 603 1033 679 τυγχάνει
1064 607 1164 673 τῆς
1220 605 1346 680 περὶ
1400 607 1602 661 τέκνων
1633 608 1797 681 γονῆς
1842 605 1992 682 αἱρε-

332 712 490 755 σεως.
529 695 753 768 Συνορῶ
787 689 834 746 δ’
856 691 1007 754 ὅπως
1038 696 1108 767 τῇ
1151 695 1419 771 προφάσει
1448 699 1545 750 τοῦ
1592 696 1776 771 γάμου
1807 695 1860 750 οἱ
1892 695 1988 768 μὲν

330 779 709 855 ἀπισχημένοι
740 786 852 853 (21)
879 781 1076 836 τούτου
1121 783 1197 855 μὴ
1258 783 1394 838 κατᾶ
1445 786 1546 853 τήν
1601 783 1757 859 ἁγίαν
1787 788 1988 859 γνῶσιν

331 868 408 931 είς
459 870 870 944 μισανθρωπίαν
948 870 1314 947 ὑπερῥύησαν,
1362 873 1451 927 καὶ
1503 873 1565 927 τὸ
1610 880 1710 942 τῆς
1779 874 1990 948 ἀγάπης

2102 430 2372 484 monium
2405 430 2690 485 creationi
2717 430 2944 500 aliquid
2998 433 3173 485 aﬂ'ert
3208 434 3432 500 auxilii,
3466 442 3755 506 praaterea

2101 519 2427 590 explicans.
2454 521 2534 574 Ne
2565 520 2701 590 quis
2731 537 2867 592 ergo
2898 538 3033 575 eum
3066 522 3389 593 deliquisse
3433 525 3751 596 existimet,

2101 607 2202 678 qui
2236 608 2562 662 secundum
2606 608 2799 679 Logon
2854 608 3303 664 matrimonium
3351 611 3573 678 inierit,
3632 614 3751 671 nisi

2100 697 2397 751 existimet
2451 712 2714 752 amaram
2773 713 2901 751 esse
2960 698 3219 752 ﬁliorum
3277 699 3689 757 educationem
3734 721 3747 759 :

2098 789 2307 840 contra
2336 789 2559 852 tamen,
2589 785 2905 855 permultis
2953 785 3184 840 videtur
3235 794 3363 841 esse
3392 788 3748 844 molestissi-

2097 888 2263 927 mum
2296 870 2500 926 liheris
2531 887 2754 926 carere.
2788 873 2989 942 Neque
3020 887 3223 927 amara
3246 873 3526 944 cuiquam
3552 874 3749 930 videa-

329 955 547 1033 οἴχεται
577 959 704 1035 παρ’
734 958 939 1021 αὐτοῖς·
977 960 1029 1014 οἱ
1062 957 1138 1029 δὲ,
1172 960 1512 1037 ἐνσχεθέντες
1567 962 1657 1017 καὶ
1705 960 1969 1033 ἡδυπαθήι

2097 967 2195 1016 tur
2224 960 2549 1016 liberorum
2582 962 2935 1032 procreatio,
2965 978 3032 1017 eo
3075 962 3234 1032 quod
3272 964 3527 1036 negotiis
3554 965 3750 1036 impli-

327 1068 514 1109 σαντες
533 1051 601 1122 τῇ
631 1052 729 1103 τοῦ
757 1047 932 1121 νόμου
983 1055 1369 1127 συμπεριφορᾷ
1425 1057 1561 1122 (22),
1618 1050 1694 1117 ὥς
1750 1071 1911 1129 φησιν
1959 1056 1969 1105 ί

2098 1056 2259 1106 catos
2288 1066 2324 1105 a
2353 1050 2568 1106 divinis
2598 1050 2923 1105 abstrahat.
2953 1053 3053 1105 Est
3082 1052 3263 1119 enim,
3313 1053 3414 1123 qui
3444 1053 3623 1109 vitam
3654 1072 3747 1110 so-

328 1138 650 1215 Ηροφήτης,
674 1139 1160 1212 παρωμοιώθησαν
1192 1146 1311 1203 τοῖς
1352 1142 1627 1211 κτήνεσιν.

2096 1140 2357 1195 litariam
2388 1140 2562 1195 facile
2593 1140 2716 1195 fere
2746 1157 2867 1194 non
2916 1140 3142 1208 valens,
3175 1142 3397 1213 expetit
3434 1143 3749 1198 matrimo-

326 1229 495 1283 nium
532 1245 545 1282 :
579 1227 1065 1299 quandoquidem
1097 1248 1192 1286 res
1222 1237 1406 1304 grata,
1443 1248 1562 1304 qua
1583 1231 1718 1303 quis
1752 1234 2155 1303 temperanter
2213 1229 2448 1296 fruitur,
2511 1234 2569 1284 et
2616 1229 2862 1285 innoxia
2896 1246 2908 1283 :
2951 1235 3009 1284 et
3037 1230 3449 1303 unusquisque
3474 1238 3746 1288 nostrum

324 1323 572 1373 eatenus
603 1317 694 1372 sui
717 1317 997 1374 dominus
1031 1324 1141 1388 est,
1164 1326 1231 1375 ut
1261 1321 1459 1393 eligat,
1518 1338 1595 1377 an
1653 1321 1794 1376 velit
1850 1319 2071 1375 liberos
2126 1335 2461 1390 procreare.
2512 1318 2785 1390 Intelligo
2818 1324 3037 1387 autem,
3070 1318 3230 1390 quod
3260 1319 3443 1391 aliqui
3477 1322 3741 1392 quidem,

323 1406 424 1477 qui
456 1410 748 1477 praetextu
777 1408 1144 1463 matrimonii
1175 1409 1596 1465 difﬁcultatum
1628 1410 1701 1465 ab
1761 1426 1828 1464 eo
1886 1408 2325 1472 abstinuerunt,
2386 1424 2507 1462 non
2554 1407 2977 1463 convenienter
3025 1413 3243 1463 sancta:
3284 1410 3608 1481 cognitioni
3665 1411 3740 1466 ad

320 1497 820 1552 inhumanitatem
853 1502 911 1552 et
936 1498 1138 1554 odium
1172 1501 1483 1556 hominum
1527 1500 1928 1568 deﬂuxerunt,
1963 1504 2022 1554 et
2048 1499 2204 1570 perit
2245 1498 2404 1570 apud
2449 1498 2608 1570 ipsos
2657 1498 2915 1553 charitas
2947 1518 2962 1566 ;
2996 1498 3097 1553 alii
3129 1504 3327 1554 autem
3358 1500 3737 1556 matrimonio

319 1584 507 1657 ligati,
540 1591 599 1640 et
624 1584 793 1640 luxui
822 1600 894 1640 ac
949 1587 1350 1659 voluptatibus
1408 1588 1616 1657 dediti,
1673 1588 1801 1661 lege
1855 1586 2295 1659 quodammodo
2353 1602 2455 1642 eos
2513 1587 2856 1655 comitante,
2888 1585 3148 1655 fuerunt,
3180 1591 3248 1642 ut
3276 1586 3361 1642 ait
3416 1587 3732 1660 Propheta,

319 1695 349 1725 «
383 1673 698 1730 assimilati
719 1675 1015 1747 jumentis
1039 1677 1140 1750 (a).
1176 1696 1207 1727 ι»

1853 1765 2084 1821 CAPUT
2130 1765 2198 1819 X.

1292 1857 1469 1912 Verba
1500 1856 1703 1913 Christi
1731 1855 1932 1912 Matth.
1964 1855 2126 1922 xvni,
2157 1856 2247 1920 20,
2270 1854 2496 1923 mystice
2522 1853 2773 1923 exponit.

395 1948 551 2011 Τίνες
582 1944 641 2003 δὲ
661 1971 689 2000 ‹‹
714 1948 767 2003 oi.
799 1946 894 2004 δύο
925 1949 1016 2005 καὶ
1060 1954 1210 2024 τρεῖς
1267 1949 1629 2027 ὑπάρχουσιν,
1658 1950 1712 2006 ἐν
1748 1951 1969 2023 ὀνόματι

2152 1950 2404 2015 Quinam
2436 1953 2576 2003 sunt
2604 1953 2803 2004 autem
2827 1948 2916 2003 illi
2948 1972 2975 2000 ‹‹
3027 1949 3143 2005 duo
3174 1954 3234 2005 et
3270 1953 3410 2016 tres,
3462 1950 3563 2021 qui
3594 1968 3738 2007 con-

323 2037 562 2112 Χριστοῦ
627 2037 1007 2113 συναγόμενοι,
1066 2066 1088 2094 ι
1126 2041 1254 2114 παρ’
1310 2042 1394 2102 οἷς
1456 2066 1478 2091 ι
1542 2041 1707 2114 μέσος
1756 2038 1898 2095 ἐστὶν
1948 2040 1969 2094 ὁ

2085 2044 2399 2112 gregantur
2421 2037 2483 2092 in
2509 2037 2752 2092 nomine
2776 2037 3034 2105 Domini,
3062 2039 3124 2093 in
3158 2061 3184 2087 »ι
3207 2055 3461 2109 quorum
3480 2038 3545 2103 »Β
3564 2056 3726 2095 «me-

325 2124 523 2196 Κόριος
556 2145 571 2194 ;
604 2150 633 2179 »
660 2124 696 2195 ἤ
725 2124 855 2202 οὐχὶ
887 2124 1053 2202 ἄνδρα
1107 2128 1198 2182 καὶ
1253 2134 1485 2205 γυναῖκα
1511 2129 1816 2184 καὶτὲκνον
1847 2127 1969 2190 τοὺς

2085 2128 2180 2183 dio
2212 2148 2240 2177 ››
2263 2132 2354 2183 est
2383 2127 2668 2182 Dominus
2694 2128 2765 2192 (b;
2786 2126 2814 2181 ?
2831 2144 3031 2183 annon
3048 2128 3237 2182 virum
3261 2135 3318 2183 et
3348 2128 3663 2184 mulierem
3678 2133 3737 2184 et

320 2219 466 2289 τρεῖς
500 2213 649 2290 λέγει
701 2238 716 2286 ς
772 2214 857 2270 ὅτι
913 2213 1066 2292 ἀνδρὶ
1123 2219 1259 2291 γυνὴ
1329 2215 1420 2273 διὰ
1470 2222 1604 2274 Θεοῦ
1661 2218 1969 2292 ἁρμόζεται.

2085 2217 2272 2272 [ilium
2305 2221 2424 2270 tres
2443 2215 2607 2281 dicit,
2640 2215 2925 2285 quoniam
2984 2216 3203 2271 mulier
3250 2233 3385 2271 cum
3443 2217 3566 2272 viro
3624 2233 3731 2288 per

322 2301 496 2360 ’Λλλᾶ
529 2302 627 2358 κᾶν
691 2302 930 2373 εὕζωνός
976 2326 1058 2368 τις
1114 2307 1248 2361 εἶναι
1299 2305 1450 2381 θέλῃ,
1492 2307 1602 2383 οὐχ
1655 2307 1975 2381 αἱρούμενος

319 2394 421 2462 τήν
467 2391 817 2472 παιδοποιίαν
875 2391 965 2449 διὰ
1033 2397 1131 2464 τὴν
1191 2396 1243 2451 ἐν
1291 2395 1613 2469 παιδοποιίᾳ
1685 2396 1974 2472 ἀσχολίαν,

319 2485 556 2552 Μενὲτω,
612 2469 775 2560 φησίν
834 2484 862 2539 ὁ
946 2484 1300 2554 Ἀπόστολος,
1360 2484 1568 2562 ἄγαμος
1625 2469 1860 2559 (23),⁷-ε,
1901 2487 1975 2548 ὡς

318 2570 491 2644 κάγώ.
520 2594 549 2623 ›)
600 2571 901 2628 Βούλεσθαι
930 2572 1032 2648 γὰρ
1081 2572 1260 2649 λέγειν
1315 2575 1408 2629 τὸν
1461 2574 1663 2649 Κύριον
1719 2574 1974 2648 ἐξηγοῦν-

316 2680 428 2727 ται,
465 2659 598 2731 μετᾶ
632 2660 726 2731 μὲν
778 2665 889 2716 τῶν
942 2660 1237 2727 πλειόνων,
1293 2664 1386 2719 τὸν
1440 2663 1785 2738 Δημιουργὸν
1841 2662 1973 2716 εἶναι

317 2748 411 2803 τὸν
435 2747 809 2823 γενεσιουργὸν
865 2749 1025 2829 Θεὸνἰ
1072 2749 1207 2821 μετὰ
1265 2748 1324 2805 δὲ
1376 2754 1473 2806 τοῦ
1530 2751 1665 2819 ἑνὸς,
1696 2754 1793 2803 τοῦ
1822 2748 1973 2805 ἐκλε-

321 2841 478 2904 κτοῦ,
502 2837 596 2890 τὸν
629 2839 883 2910 Σωτῆρα,
916 2835 1092 2893 ἄλλου
1123 2835 1383 2905 δηλονότι
1442 2843 1576 2894 Θεοῦ
1631 2842 1728 2894 τοῦ
1772 2838 1974 2913 ἀγαθοῦ

322 2923 444 2978 Υἱὸν
476 2923 772 3000 πεφυκότα.
804 2926 880 2982 Τὸ
913 2922 961 2979 δ’
992 2925 1101 3002 οὐχ
1139 2924 1313 2988 οὕτως
1367 2924 1505 3003 ἔχει’
1540 2926 1666 2983 ἀλλ’
1713 2925 1824 2982 ἔστι
1877 2928 1970 3002 μὲν

319 3011 410 3066 καὶ
464 3012 599 3083 μετὰ
651 3016 759 3067 τῶν
816 3015 1113 3092 σωφρόνως
1160 3015 1454 3090 γημάντων
1503 3017 1594 3071 καὶ
1652 3037 1972 3086 τεκνοποιη-

322 3100 523 3155 σάντων
552 3102 580 3156 ὁ
611 3102 741 3163 Θεὸς
768 3100 838 3157 δι’
860 3104 1007 3157 Υὶοῦ·
1034 3099 1145 3158 ἔστι
1205 3101 1262 3159 δὲ
1305 3104 1393 3159 καὶ
1454 3107 1589 3178 μετὰ
1622 3103 1720 3161 τοῦ
1773 3105 1973 3181 ἐγκρα-

317 3191 649 3263 τευσαμὲνου
678 3189 914 3267 λογικῶς
945 3192 973 3247 ὁ
1002 3190 1161 3255 αὐτὸς
1193 3192 1452 3257 ὡσαύτως
1477 3195 1627 3258 Θεός.
1662 3194 1780 3251 Εἶεν
1833 3193 1879 3250 δ’
1910 3196 1970 3251 ἃν

318 3282 408 3335 καί
439 3276 626 3344 ἄλλως
655 3282 706 3336 οἱ
740 3281 834 3354 μὲν
862 3287 1007 3357 τρεῖς
1039 3281 1209 3354 θυμός
1241 3286 1348 3356 (24)
1379 3305 1436 3339 τε
1463 3283 1553 3338 καὶ
1585 3283 1846 3358 ἐπιθυμία
1874 3286 1962 3341 καὶ

319 3366 749 3460 λογισμὸςεάρξ
762 3374 870 3444 (25)
903 3368 961 3426 δὲ
989 3371 1383 3460 καὶᾃψρζῂἐιαὶ
1404 3377 1617 3460 πνεῦμα
1644 3374 1762 3428 κατ’
1788 3371 1959 3430 ἄλλον

318 3456 501 3532 λόγον·
532 3457 677 3534 τάχα
708 3457 765 3514 δὲ
794 3460 881 3515 καὶ
912 3460 1013 3528 τήν
1053 3458 1247 3530 κλῆσιν
1300 3463 1399 3532 τήν
1450 3456 1513 3516 τε
1565 3459 1805 3537 ἐκλογήν
1842 3460 1963 3518 δευ-

313 3547 492 3623 τέραν,
524 3548 615 3603 καὶ
643 3547 827 3622 τρίτον
857 3550 920 3604 τὸ
950 3549 1026 3612 εἰς
1052 3551 1152 3618 τὴν
1198 3551 1416 3627 πρώτην
1470 3552 1639 3625 τιμὴν
1698 3573 1964 3607 κατατάσ-

314 3636 542 3709 σόμενον
627 3638 802 3713 γένος,
878 3637 1166 3693 αἰνίσσεται
1240 3641 1276 3708 ἡ
1358 3641 1730 3716 προειρημένη
1783 3642 1961 3714 τριάς·

316 3728 434 3800 μεθ’
456 3726 529 3780 ὧν
562 3728 597 3796 ἡ
656 3727 1063 3782 πανεπίσκοπος
1121 3732 1222 3782 τοῦ
1279 3733 1413 3784 Θεοῦ
1466 3727 1696 3803 δύναμις
1745 3730 1965 3805 ἀμερῶς

317 3817 656 3890 μεριστή.Ὁ
705 3815 885 3871 τοίνυν
942 3820 1059 3878 ταῖς
1117 3819 1253 3872 κατᾶ
1306 3817 1461 3894 φύσιν
1520 3817 1809 3894 ἐνεργείαις
1866 3823 1962 3888 τῆς

313 3906 502 3979 ψυχῆς
538 3904 588 3960 ἐν
647 3902 819 3960 δὲοντι
879 3906 1170 3980 χρώμενος
1225 3905 1480 3979 ἐπιθυμεῖ
1530 3907 1624 3979 μὲν
1682 3913 1788 3963 τῶν
1846 3910 1965 3965 κατ’

315 3991 583 4062 ἀλλήλων
611 3998 743 4069 (26),
778 4000 927 4068 μισεῖ
956 3992 1014 4050 δὲ
1067 3995 1135 4050 τὰ
1195 3993 1527 4070 βλάπτοντα,
1568 3997 1745 4059 καθὼς
1795 3997 1849 4052 αἱ
1880 3996 1962 4051 ἐν·

312 4078 473 4136 τολαὶ
529 4086 639 4157 (2⁸7)
691 4085 1140 4158 προστάττουσιν’
1198 4108 1226 4136 ιι
1290 4083 1698 4158 Ἐνευλογήσεις
1751 4108 1780 4138 ››
1836 4086 1961 4163 γὰρ,

2081 2309 2267 2365 Deum
2316 2305 2747 2379 conjungitur?
2784 2307 2950 2372 Quod
3000 2307 3048 2361 si
3106 2308 3407 2363 accinctus
3437 2308 3570 2379 quis
3602 2324 3731 2363 esse

2078 2397 2220 2453 velit
2247 2401 2306 2451 et
2334 2396 2663 2467 expeditus,
2696 2411 2816 2449 non
2871 2394 3074 2449 volens
3132 2412 3444 2466 procreare
3488 2396 3731 2464 liberos,

2079 2492 2322 2558 propter
2346 2501 2498 2551 eam,
2531 2501 2662 2554 quas
2695 2489 2785 2537 est
2835 2484 2897 2538 in
2927 2485 3311 2554 procreandis
3341 2484 3567 2551 liberis,
3601 2502 3731 2541 mo-

2079 2576 2315 2631 lestiam
2339 2581 2399 2629 et
2428 2574 2903 2644 occupationem,
2935 2595 2963 2623 «
2994 2581 3252 2642 maneat,
3287 2596 3313 2623 n
3345 2575 3542 2645 inquit
3571 2577 3726 2646 Apo-

2081 2664 2288 2726 stolus,
2313 2663 2537 2732 absque
2567 2678 2749 2717 uxore
2781 2684 2808 2711 κ
2842 2667 2907 2717 ut
2937 2679 3042 2735 ego
3074 2663 3167 2734 (ο).
3228 2683 3255 2711 ››
3314 2663 3563 2728 Quidam
3593 2679 3729 2719 vero

2080 2752 2322 2807 eﬂ‘atum
2352 2749 2586 2805 Domini
2618 2755 2940 2820 exponunt,
2974 2766 3041 2805 ac
3063 2751 3112 2805 si
3143 2750 3410 2820 dixisset,
3442 2768 3577 2806 cum
3598 2751 3731 2823 plu-

2077 2841 2244 2896 ribus
2274 2839 2514 2910 quidem
2544 2856 2674 2895 esse
2695 2840 3034 2895 Creatorem
3063 2857 3131 2896 ac
3155 2840 3469 2912 praesidem
3486 2856 3734 2914 genera-

2078 2929 2258 2986 tionis
2289 2930 2475 2984 Deum
2513 2947 2527 2997 ;
2559 2945 2696 2984 cum
2720 2945 2838 2984 uno
2870 2934 3091 2997 autem,
3125 2946 3338 3002 nempe
3367 2930 3574 2993 electo,
3600 2931 3735 2987 Ser-

2076 3025 2359 3085 vatorem,
2391 3019 2491 3089 qui
2523 3019 2791 3086 alterius,
2831 3018 2972 3074 boni
3003 3020 3249 3087 scilicet,
3283 3020 3386 3075 Dei
3418 3013 3600 3075 Filius
3630 3021 3727 3075 sit.

2077 3110 2197 3164 Hoc
2218 3113 2416 3163 autem
2447 3124 2568 3163 non
2597 3107 2681 3162 ita
2704 3107 2884 3163 habet
2912 3125 2931 3161 :
2962 3108 3065 3162 sed
3115 3114 3206 3163 est
3260 3109 3500 3180 quidem
3544 3092 3728 3177 etiam

2076 3186 2211 3252 cum
2241 3197 2335 3264 iis,
2365 3196 2465 3267 qui
2502 3196 2751 3251 honeste
2783 3212 2851 3251 ac
2896 3196 3200 3252 moderate
3253 3199 3312 3252 in
3344 3198 3724 3253 matrimonio

2073 3286 2286 3341 versati
2348 3290 2507 3352 sunt,
2567 3289 2625 3339 et
2678 3285 2899 3340 liberos
2956 3292 3371 3362 susceperunt,
3420 3288 3574 3342 Deus
3622 3281 3729 3359 per

2076 3375 2291 3432 Filium
2326 3390 2339 3430 :
2366 3380 2456 3430 est
2482 3379 2681 3443 autem
2712 3374 2892 3430 etiam
2924 3392 3058 3430 cum
3114 3391 3204 3442 eo,
3258 3375 3359 3446 qui
3391 3375 3719 3432 secundum

2070 3464 2270 3537 logon,
2303 3481 2406 3520 seu
2436 3465 2751 3528 rationem,
2801 3464 2912 3519 fuit
2957 3465 3290 3537 continens,
3356 3464 3512 3520 idem
3543 3466 3718 3521 Deus.

2071 3553 2316 3607 Fuerint
2342 3556 2541 3606 autem
2564 3552 2737 3606 aliter
2765 3568 3000 3622 quoque
3033 3557 3152 3606 tres
3182 3551 3443 3622 quidem,
3478 3553 3585 3617 ira,
3617 3569 3720 3606 cu-

2071 3641 2308 3714 piditas,
2338 3645 2397 3695 et
2425 3642 2574 3695 ratio
2609 3658 2621 3694 :
2651 3656 2786 3696 caro
2819 3646 3018 3696 autem
3041 3647 3100 3695 et
3129 3641 3330 3696 anima
3359 3646 3419 3696 et
3448 3640 3720 3712 spiritus,

2071 3732 2189 3788 alia
2210 3731 2457 3786 ratione.
2491 3733 2659 3786 Forte
2680 3736 2879 3786 autem
2909 3737 2969 3786 et
2995 3732 3362 3787 vocationem
3392 3738 3452 3787 et
3480 3731 3724 3791 electio-

2072 3837 2209 3876 nem
2234 3820 2579 3895 secundam,
2615 3827 2672 3874 et
2692 3821 2931 3875 tertium
2978 3837 3185 3897 genus,
3231 3820 3389 3892 quod
3442 3821 3504 3875 in
3531 3820 3722 3892 primo

2071 3911 2298 3965 honore
2328 3909 2674 3974 collocatur,
2725 3909 2925 3963 innuit
2980 3910 3093 3964 tria
3138 3910 3304 3981 prius
3360 3910 3519 3965 dicta
3550 3926 3723 3985 :cum

2074 3999 2297 4069 quibus,
2317 4002 2424 4065 est,
2484 4015 2619 4069 quas
2666 3988 2870 4052 omnia
2916 3997 3271 4066 considerat,
3304 3998 3407 4053 Dei
3437 4002 3720 4070 potestas,

2072 4087 2296 4158 absque
2329 4071 2615 4143 divisione
2648 4085 2866 4141 cadens
2922 4087 2985 4141 in
3038 4086 3411 4142 divisionem.
3445 4087 3553 4151 Qui
3584 4073 3721 4159 ergo

389 4208 464 4279 (a)
495 4209 651 4265 Psal.
684 4227 873 4281 XLVIII,
897 4215 986 4265 21.
1008 4210 1072 4274 ἄ(
1101 4213 1165 4266 Ρ.
1199 4211 1304 4265 542
1328 4213 1444 4267 ED.
1485 4213 1782 4278 POTTER,
1815 4214 1939 4283 454,
1966 4246 1969 4255 ι

2102 4215 2212 4268 ED.
2245 4215 2474 4269 PARIS.
2510 4214 2584 4284 (b)
2619 4213 2820 4267 Matth.
2854 4228 3009 4279 xvm,
3041 4215 3129 4267 20.
3159 4212 3235 4284 (ο)
3257 4179 3432 4267 1cm».
3465 4228 3563 4279 vn,
3594 4215 3647 4266 7.

386 4330 500 4402 (21)
519 4331 800 4411 Μ’-ᾼπισχη
815 4335 1009 4411 μὲνοι.)
1038 4409 1045 4411 ξ
1071 4336 1352 4411 Usitatius
1441 4334 1842 4411 ἀπεσχημένοι,
1901 4343 1966 4392 ut

314 4403 643 4479 cumalibi,
670 4403 794 4479 tum
818 4403 954 4479 pag.
994 4409 1114 4471 196,
1139 4409 1263 4461 238.
1295 4409 1565 4463 SYLBURG.

386 4477 498 4556 (22)
527 4476 642 4561 Ἰῖοῦ
672 4475 845 4561 νόμου
903 4475 1303 4561 συμπεριφορᾷ.
1361 4479 1788 4561 Intelligi‘tmut
1836 4479 1961 4550 opi-

314 4561 445 4613 nor,
478 4546 908 4620 indulgentiam
941 4546 1203 4621 plurium
1218 4546 1475 4606 uxorum
1524 4546 1797 4606 Patribus
1823 4546 1962 4605 con-

315 4633 564 4694 cessam,
596 4636 647 4694 v.
682 4637 811 4694 pag.
873 4624 997 4694 461.
1050 4622 1268 4677 Lowrn.
1323 4654 1390 4663 —
1422 4623 1525 4678 Vel
1572 4623 1633 4677 id
1663 4623 1966 4694 intelligit,

313 4688 470 4775 quod
502 4689 563 4775 in
596 4688 799 4775 Latina
829 4693 1116 4775 versione
1164 4695 1588 4775 expressimus,
1630 4688 1967 4775 ‘no‘nnulvlos

317 4760 565 4847 scilicet.
599 4768 884 4847 praetextu
916 4760 1305 4847 matrimonii,
1337 4782 1406 4820 ac
1436 4760 1685 4847 proinde
1718 4766 1866 4847 lege,
1902 4770 1969 4847 ut

316 4830 429 4884 sibi
460 4830 840 4903 persuadent,
868 4830 1453 4906 permittente,carni
1484 4837 1738 4892 nimium
1769 4830 1966 4906 indul-

311 4901 485 5028 ἐπεὶ
510 4921 643 4960 cum
675 4922 706 4961 e
731 4901 1031 4976 contra,ut
1051 4901 1447 4979 postea—dicit:
1468 4907 1774 4984 Σωφρόνως
1804 4901 1964 4961 ἐϐού-

353 4992 440 5027 ετο
493 4979 614 5028 ταῖς
666 4981 930 5028 γαμεταῖς
987 4985 1225 5028 γονῖσιὶαι
1278 4979 1408 5028 τοὺς
1463 4974 1684 5028 ἄνδρας-
1741 4978 1828 5028 καὶ
1875 4975 1964 5028 ἐπὶ

353 4992 440 5053 ετο
493 4979 614 5053 ταῖς
666 4981 930 5053 γαμεταῖς
948 4974 967 5053 ’γ
987 4974 1225 5053 χρῆσθαι
1278 4974 1685 5053 τοὺς-ἄνδρας,
1741 4978 1828 5032 καὶ
1875 4975 1964 5032 ἐπὶ

315 5043 454 5122 μόνῃ
483 5043 828 5122 παιδοποιίᾳ·
860 5072 888 5099 ‹‹
950 5043 1063 5105 [εὶς
1089 5043 1097 5047 ’
1122 5051 1275 5106 viros
1306 5043 1611 5106 moderate
1639 5043 1700 5107 et
1726 5056 1967 5122 propter

314 5117 503 5191 _solam
534 5119 861 5176 liberorum
892 5123 1365 5191 procreationem
1415 5122 1697 5179 uxoribus
1729 5117 1963 5177 uti-vo-

311 5189 425 5264 luit
460 5208 472 5245 :
506 5208 560 5262 p.
596 5194 702 5246 456
726 5192 864 5248 edit.
893 5189 1081 5263 Paris.
1115 5194 1281 5249 Conf.
1310 5195 1529 5264 Pwdog.
1564 5195 1669 5251 lib.
1704 5211 1766 5261 II,
1804 5212 1852 5249 c.
1876 5198 1961 5250 10.

394 5262 506 5344 (23)
537 5264 809 5336 ”Αγαμος.
841 5262 1095 5344 Ηοονοξ
1118 5282 1237 5344 non
1269 5262 1641 5344 solum—reum
1671 5266 1967 5344 signiﬁcat

313 5337 414 5412 qui
444 5352 753 5407 nunquam
784 5353 1029 5412 uxorem
1055 5337 1242 5412 duxit,
1286 5338 1389 5412 sed
1445 5338 1645 5412 etiam_
1670 5337 1817 5412 eum
1838 5339 1961 5408 qui,

312 5407 495 5465 uxore
525 5414 780 5469 mortua.
813 5407 991 5463 aliam
1024 5424 1143 5463 non
1176 5409 1342 5464 duxit
1367 5426 1379 5462 :
1404 5415 1469 5463 ut
1492 5409 1650 5477 apud
1700 5407 1959 5477 Latinos,

315 5479 541 5554 cateias;
562 5480 599 5554 I_
642 5480 775 5554 Cor.
825 5497 923 5548 VII,
986 5480 1071 5547 10,
1308 5477 1677 5554 [ίαραγγέλλω
1734 5485 1962 5553 γυναῖκα

313 5549 419 5606 ἀπὸ
450 5545 642 5625 ἀνδρὸς
666 5549 743 5623 μὴ
775 5545 1140 5625 χωρισθῆναι*
1177 5549 1265 5605 ἐὰν
1327 5545 1516 5605 δῖκάῖ
1554 5545 1830 5627 χωρισὸῇ,
1866 5571 1958 5625 με·

2074 4335 2208 4391 νὲτω
2230 4336 2466 4411 ἄγαμος,
2488 4333 2525 4404 ἤ
2554 4339 2634 4407 τῷ
2657 4330 3261 4411 ἀνδρὶ-καταλλαγήτω.

2146 4412 2258 4478 (24)
2279 4407 2489 4479 ’Θυμός.
2522 4409 2782 4479 Respicit
2822 4407 3183 4462 Platonicam
3212 4408 3427 4463 animae
3479 4407 3722 4462 divisio-

2077 4496 2214 4535 nem
2236 4483 2297 4535 in
2326 4488 2553 4552 partem
2576 4479 3122 4552 concupiscibilem,
3154 4479 3530 4552 irascibilem.
3553 4484 3722 4552 etra-

2081 4551 2365 4608 tionalem
2400 4569 2413 4606 :
2447 4553 2517 4607 de
2545 4568 2662 4622 qua
2692 4551 2964 4622 superius
2996 4551 3070 4605 ad
3096 4551 3458 4622 principium
3496 4551 3718 4619 Pwdag.

2078 4623 2181 4678 lib.
2218 4641 2304 4691 ιιι,
2335 4624 2557 4677 dictum
2578 4628 2687 4677 est.

2148 4696 2260 4765 (25)
2297 4692 2454 4762 Σάρξ.
2480 4694 2612 4748 Alia
2642 4695 2916 4748 humanas
2948 4697 3175 4747 naturae
3207 4692 3434 4765 divisio.
3471 4691 3575 4765 Sic
3593 4691 3720 4765 Cle-

2079 4761 2295 4851 mentis
2326 4761 2653 4851 discipulus
2706 4765 2985 4851 prigenes
3014 4764 3285 4851 Philocql.
3338 4782 3395 4851 ρ.
3427 4766 3459 4817 8
3485 4761 3586 4851 :"O
3618 4762 3717 4851 6w,-

2076 4846 2295 4910 θρωπος
2326 4832 2646 4905 συνὲσήκεν
2702 4833 2761 4888 ἐκ
2810 4832 3064 4906 σώματος
3093 4834 3184 4910 καὶ
3215 4832 3399 4908 ψυχῆς
3428 4832 3519 4910 καὶ
3567 4833 3725 4889 πνεό-

2080 4906 2269 4978 ματος·
2309 4930 2329 4959 ι
2366 4910 2551 4963 Homo
2583 4924 2651 4979 ex
2681 4924 2949 4979 corpore,
3009 4908 3210 4962 anima
3239 4906 3564 4979 etlspiritu
3585 4924 3717 4963 con-

2077 4986 2210 5036 stat.
2246 5002 2275 5030 »
2306 4981 2566 5034 Irenmus
2595 4978 2698 5033 lib.
2731 4996 2782 5046 v,
2817 4979 2986 5033 initio
3018 4996 3068 5033 c.
3094 4979 3129 5033 9
3150 4995 3204 5032 ζα
3226 4978 3719 5035 Perfectushomo

2073 5057 2306 5107 constat
2334 5067 2530 5116 carne,
2563 5049 2763 5104 animo
2796 5055 2855 5105 et
2884 5049 3161 5121 spiritu.)
3182 5051 3347 5121 Ante,
3367 5050 3476 5105 hos
3503 5050 3723 5106 D.Pau-

2072 5123 2167 5178 lus
2199 5126 2221 5177 l
2252 5123 2461 5194 Thess.
2491 5139 2543 5181 ν,
2574 5125 2664 5194 21f,
2688 5121 2836 5194 dixit
2867 5138 2880 5174 :
2910 5118 3082 5194 Ᾰότος
3205 5120 3395 5194 seeae
3433 5125 3535 5194 τῇς
3565 5120 3721 5194 είρήέ

2072 5214 2171 5263 νης
2201 5194 2413 5266 ἁγιάσαι
2443 5191 2580 5266 ὑμᾶς
2614 5190 2895 5266 ὁλοτελεῖς
2920 5192 2943 5266 Δί
2974 5192 3064 5246 καὶ
3116 5189 3430 5266 ὁλόκληρον
3463 5189 3625 5266 ὑμῷν
3654 5191 3717 5266 το

2071 5260 2285 5337 πνεῦμα
2312 5263 2401 5318 καὶ
2526 5265 2680 5337 ψυχή
2735 5262 2823 5317 καὶ
2880 5263 2950 5337 τὸ-
3002 5267 3160 5336 σῶμα
3208 5260 3507 5337 ἀμέμπτως
3565 5260 3617 5315 ἓν
3646 5264 3716 5334 τῇ

2069 5335 2342 5409 παρουσίᾳ
2363 5340 2459 5389 τοῦ
2488 5336 2688 5459 Κυρίου
2723 5335 2988 5403 τηρηθείη
3025 5337 3037 5391 1

2142 5413 2252 5459 126)
2285 5409 2408 5459 Κατ’
2437 5406 2725 5459 ἆλλ’.λων.
2769 5409 3007 5459 Rectius

2142 5398 2252 5480 (26)
2285 5398 2408 5462 Κατ’
2437 5398 2725 5478 ἀλλήλων.
2769 5398 3007 5464 Rectius
3065 5407 3379 5479 conjuncte
3435 5398 3719 5471 καταλλή-

2070 5479 2205 5547 λων,
2238 5479 2269 5532 ⁷‹‹
2301 5481 2801 5537 convenientium.
2837 5502 2864 5529 υ
2906 5480 3178 5535 SYLBURG.

2142 5545 2253 5627 (27)
2283 5553 2354 5609 Αἱ
2384 5549 2621 5608 ἒντολαί.
2655 5554 2789 5623 Haec
2821 5551 2883 5606 in
2904 5552 2959 5608 S.
2995 5551 3295 5621 Scriptura
3312 5545 3533 5601 frustra
3548 5560 3716 5616 quae-
