4034 6148
315 192 452 248 1171

1550 188 1961 243 CLEMENTIS
1995 188 2182 243 ALIX
2190 191 2494 247 ANDRINI

3599 188 3747 244 M72

313 319 528 376 animae
546 315 940 375 naturalibus.
971 314 1055 369 ita
1078 316 1144 368 ut
1169 317 1420 385 oportet,
1454 313 1641 367 utitur
1672 312 1968 383 operatio-

2088 311 2241 385 φησὶ,
2274 337 2303 363 ‹‹
2334 315 2424 368 τὸν
2485 312 2837 390 εὐλογοῦντα,
2889 313 2980 369 καὶ
3037 314 3312 390 καταράσῃ
3357 309 3451 368 τὸν
3489 315 3744 387 καταρώ-

315 406 822 471 nibus,desiderat
851 404 1091 475 quidem
1127 419 1355 473 ea,quaa
1374 408 1516 456 sunt
1537 401 1971 464 convenientia,

316 499 454 554 odio
485 503 681 552 autem
706 494 883 549 habet
927 511 1016 560 ea,
1077 510 1210 564 quas
1260 493 1504 557 laedunt,
1554 493 1708 546 sicut
1756 491 1975 564 jubent

316 586 636 642 mandata:
673 606 699 633 ‹‹
735 583 1056 638 Benedices
1089 605 1117 631 ››
1180 583 1362 650 enim,
1415 583 1630 653 inquit,
1666 605 1692 631 ‹‹
1728 581 1973 636 benedi-

314 675 494 740 centi,
528 680 586 727 et
614 672 935 728 maledices
995 673 1393 728 maledicenti.
1428 693 1454 723 ι
1499 672 1745 737 Quando
1773 678 1970 726 autem

315 764 429 831 his,
465 764 554 817 ira
583 763 810 817 scilicet
839 768 897 818 et
949 763 1294 834 cupiditate,
1347 762 1618 833 superior
1656 763 1867 828 factus,
1915 767 1974 815 et

316 859 602 908 creatura)
634 869 836 907 amore
865 868 1000 906 vere
1032 853 1278 906 affectus
1309 858 1553 924 propter
1583 851 1859 922 eum,qui
1884 857 1974 904 est

316 945 471 999 Deus
498 948 557 997 et
587 943 829 997 effector
858 943 1147 1003 omnium.
1172 943 1436 1013 gnostice
1487 942 1666 996 vitam
1699 941 1969 995 institue-

314 1033 410 1090 rit.
431 1039 489 1087 et
509 1032 794 1087 Salvatori
818 1032 1030 1086 similis
1063 1032 1338 1098 evadens,
1370 1031 1605 1087 facilem
1635 1038 1973 1102 temperan-

314 1122 410 1176 tia:
442 1121 709 1175 habitum
742 1122 1210 1192 acquisiverit,et
1239 1120 1870 1192 cognitionemﬁdem,
1904 1136 1971 1174 ac

313 1209 697 1264 dilectionem
720 1209 1379 1280 conjunxerit,simplici
1407 1210 1516 1263 hac
1539 1209 1597 1262 in
1630 1207 1970 1279 partejudi-

315 1298 406 1354 cio
463 1303 660 1362 utens,
695 1303 753 1351 et
809 1314 943 1354 vere
1004 1297 1289 1368 spiritalis
1343 1297 1555 1362 factus,
1612 1313 1686 1352 ne
1743 1313 1972 1362 earum,

317 1403 448 1457 quaa
479 1402 550 1440 ex
581 1386 668 1440 ira
699 1393 758 1440 et
787 1386 1109 1457 cupiditate
1168 1387 1518 1457 procedunt,
1549 1386 1972 1458 cogitationum

318 1474 564 1530 omnino
599 1492 803 1546 capax,
836 1475 910 1530 ad
944 1475 1179 1530 Domini
1212 1476 1535 1547 imaginem
1566 1475 1639 1530 ab
1668 1475 1799 1546 ipso
1832 1475 1972 1530 arti-

320 1563 429 1618 ﬁce
462 1563 718 1618 efﬁcitur
748 1565 924 1619 homo
957 1564 1276 1635 perfectus,
1309 1566 1359 1620 is
1417 1581 1562 1619 sane
1611 1565 1822 1637 dignus
1845 1565 1972 1636 jam

319 1659 428 1716 est,
459 1653 560 1723 qui
592 1653 773 1707 frater
803 1671 837 1708 a
869 1655 1116 1707 Domino
1142 1653 1506 1720 nominetur,
1554 1655 1605 1708 is
1658 1654 1837 1707 simul
1885 1659 1975 1708 est

321 1741 547 1795 amicus
581 1747 637 1795 et
668 1743 846 1797 filius.
882 1743 972 1796 Sic
997 1759 1131 1811 ergo
1159 1764 1185 1789 «ι
1219 1742 1333 1796 (1υο
1367 1748 1425 1796 et
1469 1749 1586 1797 tres
1619 1765 1646 1790 »
1681 1743 1741 1796 in
1765 1743 1974 1798 eodem

318 1851 346 1877 ι(
381 1837 836 1902 congregantur,
870 1852 897 1881 ιι
933 1848 1150 1901 nempe
1184 1832 1245 1884 in
1269 1832 1509 1884 homine
1543 1833 1828 1903 gnostico.
1864 1834 1976 1886 Po-

319 1918 457 1971 terit
495 1919 672 1972 etiam
707 1919 1027 1973 multorum
1051 1936 1287 1989 quoque
1319 1921 1638 1974 concordia
1685 1937 1752 1974 ex
1787 1920 1973 1974 tribus

322 2006 634 2072 mstimata,
678 2023 811 2061 cum
859 2008 1074 2078 quibus
1126 2015 1215 2062 est
1271 2009 1578 2075 Dominus,
1641 2008 1974 2080 signiﬁcare

318 2111 501 2150 unam
538 2096 882 2164 Ecclesiam,
915 2115 1100 2152 unum
1162 2098 1488 2162 hominem,
1539 2114 1724 2170 genus
1765 2115 1971 2152 unum.

319 2187 533 2238 Annon
566 2202 700 2240 cum
734 2203 850 2240 uno
884 2187 1124 2256 quidem
1173 2187 1371 2242 Judaao
1401 2188 1462 2250 ἦ(
1493 2193 1617 2241 erat
1666 2188 1972 2253 Dominus,

318 2289 452 2326 cum
489 2273 677 2346 legem
711 2275 846 2329 tulit
879 2293 892 2329 :
925 2283 985 2330 at
1014 2277 1396 2347 prophetans,
1424 2282 1481 2329 et
1509 2277 1972 2331 Jeremiammit~

317 2365 448 2415 tens
476 2363 857 2434 Babylonem,
878 2365 1206 2434 quinetiam
1230 2382 1330 2420 eos
1361 2365 1462 2436 qui
1491 2372 1660 2419 erant
1690 2383 1757 2419 ex
1784 2366 1974 2438 genti-

317 2449 428 2505 bus
457 2469 670 2507 vocans
703 2471 808 2524 per
829 2455 1608 2526 prophetiam,congregavit
1629 2455 1774 2509 duos
1792 2472 1974 2527 popu-

316 2537 406 2593 los
433 2557 445 2593 :
481 2543 690 2597 tertius
722 2550 920 2598 autem
948 2548 1036 2598 est
1067 2544 1354 2614 uuus,qui
1387 2561 1456 2599 ex
1482 2543 1712 2598 duobus
1745 2566 1772 2592 «
1805 2561 1971 2599 crea-

315 2632 415 2682 tur
445 2629 506 2684 in
535 2647 754 2686 novum
786 2632 1111 2692 hominem.
1137 2649 1253 2703 quo
1287 2633 1620 2688 inambulat
1650 2639 1707 2688 et
1739 2633 1970 2688 inhabi-

318 2721 406 2771 tat
433 2740 459 2766 ››
493 2719 553 2773 in
586 2719 715 2790 ipsa
747 2721 1056 2776 Ecclesia?
1087 2723 1156 2775 Et
1185 2722 1277 2775 lex
1310 2723 1488 2776 simul
1541 2729 1599 2776 et
1645 2724 1972 2795 prophetae,

2085 421 2265 472 μενον.
2328 427 2350 454 ι
2409 405 2575 460 Ὅταν
2636 402 2694 458 δὲ
2730 450 2744 471 ,
2797 403 2886 458 καὶ
2957 403 3165 458 τούτων
3229 398 3582 476 ὑπεραναϐἀς,
3639 407 3740 458 τοῦ

2081 491 2258 561 θυμοῦ
2288 493 2377 546 καὶ
2409 496 2509 557 τῆς
2540 492 2852 565 ἐπιθυμίας,
2888 490 3035 568 ἔργῳ
3093 493 3351 566 ἀγαπήσῃ
3408 491 3510 558 τήν
3563 489 3738 545 κτίσιν

2083 577 2173 634 διὰ
2213 583 2305 635 τὸν
2366 584 2616 638 ἁπάντων
2675 582 2804 638 Θεόν
2866 604 2925 638 τε
2980 582 3070 637 καὶ
3128 583 3389 651 ποιητὴν,
3422 587 3742 656 γνωστικῶς

2085 669 2372 743 βιώσεται,
2429 668 2536 742 ἕξιν
2588 672 2900 748 ἐγκρατείας
2954 674 3153 726 ἄπονον
3237 670 3738 746 περιπεποιημένος

2079 763 2216 814 κατὰ
2243 763 2342 828 τὴν
2375 763 2511 834 πρὸς
2547 763 2638 816 τὸν
2684 768 2918 835 Σωτῆρα
2973 760 3315 834 ἐξομοίωσιν,
3382 760 3582 821 ἐνώσας
3638 762 3737 828 τήν

2079 853 2302 923 γνῶσιν,
2334 849 2537 919 πίστιν,
2588 851 2822 925 ἀγάπην,
2878 853 2955 912 εἷς
3007 848 3080 904 ὥν
3132 847 3336 904 ἐνθένδε
3379 850 3478 917 τήν
3536 849 3740 921 κρίσιν,

2080 938 2169 992 καὶ
2202 939 2566 1010 πνευματικὸς
2613 936 2806 1005 ὅντως,
2867 937 3242 1014 ἀπαράδεκτος
3291 942 3402 993 τῶν
3461 939 3596 992 κατὰ
3650 938 3743 992 τὸν

2083 1028 2255 1098 θυμὸν
2295 1029 2385 1081 καὶ
2434 1030 2534 1096 τήν
2592 1027 2884 1100 ἐπιθυμίαν
2942 1025 3317 1102 διαλογισμῶν
3375 1028 3549 1095 πάντη
3608 1028 3746 1080 παν-

2079 1117 2248 1184 τως,ὁ
2277 1119 2396 1171 κατ’
2427 1117 2610 1172 εἰκόνα
2641 1117 3035 1188 ἐκτελούμενος
3065 1115 3395 1189 τοῦυΚυρίου
3418 1115 3554 1190 πρὸς
3576 1115 3744 1170 αὐτοῦ

2079 1208 2178 1258 τοῦ
2202 1204 2456 1279 τεχνίτου
2488 1205 2776 1279 ἄνθρωπος
2803 1203 3040 1274 τέλειος,
3100 1202 3247 1278 ἄξιος
3303 1202 3412 1275 ἤδη
3445 1208 3543 1259 τοῦ
3574 1201 3704 1259 ἀδελ
3726 1235 3743 1245 ο

2083 1294 2181 1365 φὸς
2200 1297 2313 1366 (28)
2345 1295 2481 1368 πρὸς
2503 1299 2600 1348 τοῦ
2623 1294 2824 1365 Κυρίου
2848 1294 3234 1366 ὀνομάζεσθαιο
3264 1294 3428 1371 φίλος
3448 1294 3559 1365 ἅμα
3581 1293 3741 1354 ὀὗτος

2081 1382 2170 1437 καὶ
2205 1385 2319 1445 υἱός
2354 1383 2712 1446 ἐστιν.οὕτως
2733 1385 2829 1438 «οἱ
2861 1381 2957 1438 δύο
2986 1383 3076 1437 καὶ
3107 1385 3160 1437 οἱ
3188 1389 3336 1458 τρεῖς
3355 1406 3383 1432 »
3413 1381 3500 1437 ἐπὶ
3530 1383 3590 1436 τὸ
3607 1381 3743 1436 αὐτὸ

2091 1493 2118 1525 ι
2147 1471 2490 1544 συνάγονται,
2518 1496 2538 1522 ι
2572 1472 2665 1527 τὸν
2685 1472 2987 1546 γνωστικὸν
3011 1470 3320 1547 ἄνθρωπον.
3352 1469 3453 1542 Εἴη
3488 1467 3536 1524 δ’
3563 1468 3622 1524 ἂν
3645 1469 3742 1524 καὶ

2083 1563 2118 1631 ἡ
2143 1562 2374 1634 ὁμόνοια
2398 1566 2507 1616 τῶν
2563 1558 2790 1616 πολλῶν
2851 1560 2958 1616 ἀπὸ
2985 1565 3093 1616 τῶν
3133 1564 3303 1636 τριῶν
3334 1557 3740 1635 ἀριθμουμένη,

2087 1652 2202 1721 μεθ’
2224 1651 2298 1704 ὧν
2330 1651 2358 1704 6
2390 1650 2614 1724 Κύριος,
2643 1653 2677 1719 ἡ
2711 1649 2810 1722 μία
2842 1649 3159 1718 Ἐκκλησία,
3194 1651 3222 1704 6
3254 1652 3332 1712 εἷς
3362 1649 3740 1722 ἅνθρωπος,τὸ

2083 1740 2237 1816 γένος
2266 1742 2328 1795 τὸ
2371 1738 2445 1796 ἐν.
2478 1743 2548 1796 ’Ἡ
2584 1743 2715 1813 μήτι
2749 1740 2883 1814 μετὰ
2916 1741 3010 1812 μὶν
3041 1743 3138 1794 τοῦ
3169 1739 3287 1802 ἐνὸς
3339 1742 3438 1793 τοῦ
3466 1733 3741 1792 Ἰουδαίου

2086 1832 2114 1885 6
2166 1831 2364 1906 Κύριος
2421 1833 2734 1904 νομοθετῶν
2788 1831 2876 1899 ἧν·
2936 1827 3298 1905 προφητεύων
3354 1825 3410 1882 δὲ
3461 1824 3591 1896 ἠδη,
3639 1827 3735 1880 καὶ

2083 1921 2178 1974 τὸν
2207 1917 2470 1994 Ἱερεμίαν
2519 1917 2875 1974 ἀποστέλλων
2935 1917 3010 1980 εἷς
3075 1912 3389 1979 Βαϐυλῶνα,
3447 1912 3589 1970 ἀλλὰ
3646 1915 3744 1968 καὶ

2083 2009 2210 2070 τοὺς
2267 2009 2318 2079 ἐξ
2378 2009 2542 2064 ἐθνῶν
2589 2008 2678 2063 διὰ
2730 2015 2830 2086 τῆς
2886 2007 3220 2085 προφητείας
3275 2006 3478 2073 καλῶν,
3537 2009 3746 2077 συιῆγε

2087 2098 2255 2160 λαοὺς
2311 2098 2438 2160 τοὺς
2485 2097 2604 2153 δύο⁶
2663 2098 2846 2172 τρίτος
2906 2095 2963 2153 δὲ
3015 2098 3082 2167 ἦν
3139 2094 3198 2150 ἐκ
3251 2100 3358 2150 τῶν
3436 2092 3576 2149 δυεῖν
3623 2095 3745 2166 (29)

2090 2208 2118 2240 ι
2147 2189 2464 2260 κτιζόμενος
2494 2214 2520 2239 ››
2554 2190 2632 2249 εἷς
2665 2212 2692 2237 ‹‹
2754 2186 2832 2248 είς
2888 2187 3071 2240 καινὸν
3108 2182 3414 2260 ἄνθρωπον,
3446 2183 3492 2254 ᾧ
3533 2180 3598 2251 δὴ
3631 2181 3742 2253 ἐμ-

2084 2282 2450 2349 περιπατεῖτε
2479 2278 2568 2331 καὶ
2600 2280 2904 2330 κατοικεῖ»
2964 2273 3014 2329 ἐν
3073 2272 3210 2346 αὐτῇ
3257 2275 3326 2347 τῇ
3388 2268 3686 2342 Ἐκκλησία
3726 2297 3743 2338 ;

2084 2365 2274 2438 Νόμος
2301 2386 2358 2420 τε
2388 2367 2529 2437 ὁμοῦ
2558 2366 2649 2419 καὶ
2681 2371 2960 2440 προφῆται
3015 2364 3107 2418 σὺν
3164 2361 3253 2417 καὶ
3309 2365 3390 2433 τῷ
3419 2359 3741 2435 Εύαγγελίῳ

2085 2453 2138 2508 ἐν
2219 2453 2450 2526 ὀνόματι
2518 2457 2756 2528 Χριστοῦ
2821 2453 2899 2516 εἰς
2951 2453 3079 2525 μίαν
3140 2449 3456 2526 συνάγονται
3513 2453 3739 2523 γνῶσιν.

2085 2542 2294 2600 Οὐκοῦν
2328 2544 2379 2598 οἱ
2412 2540 2501 2598 διὰ
2534 2549 2692 2616 μῖσος
2754 2544 2830 2616 μὴ
2889 2545 3221 2618 γαμοῦντες,
3251 2539 3287 2610 ἢ
3321 2537 3390 2594 δι’
3450 2537 3737 2610 ἐπιθυμίαν

2085 2628 2397 2708 ἀδιαφόρως
2450 2636 2518 2705 τῇ
2573 2631 2729 2704 σαρκὶ
2789 2632 3226 2705 καταχρώμενοι,
3278 2628 3377 2683 οὐκ
3426 2625 3480 2682 ἐν
3523 2628 3742 2703 ἀριθμῷ

2081 2725 2186 2775 τῶν
2221 2723 2544 2793 σωζομένων
2580 2720 2820 2789 ἐκείνων,
2848 2722 2970 2792 μτθ’
3003 2720 3076 2774 ὧν
3112 2721 3140 2774 6
3166 2718 3392 2794 Κύριος.

316 2822 438 2862 una
467 2825 602 2863 cum
632 2809 948 2880 Evangelio
980 2810 1040 2864 in
1073 2811 1315 2866 nomine
1346 2812 1560 2866 Christi
1593 2818 2026 2885 congregantur
2083 2813 2144 2867 in
2195 2829 2376 2868 unam
2431 2812 2850 2883 cognitionem.
2906 2812 3012 2876 Qui
3072 2827 3208 2883 ergo
3256 2814 3502 2881 pr0pter
3539 2807 3742 2863 odium

317 2912 564 2950 uxorem
598 2913 718 2951 non
752 2896 996 2962 ducunt,
1030 2899 1118 2952 vel
1146 2906 1388 2970 propter
1419 2902 1964 2972 concupiscentiam
2007 2918 2185 2957 carne
2231 2901 2641 2957 indifferenter
2687 2901 3032 2965 abutuntur,
3066 2916 3187 2956 non
3221 2906 3360 2954 sunt
3397 2899 3460 2952 in
3491 2913 3742 2954 numero

319 2981 560 3039 illorum
595 2984 696 3055 qui
734 2992 1062 3054 servantur,
1099 3004 1235 3044 cum
1277 2989 1491 3061 quibus
1523 2997 1613 3045 est
1643 2992 1950 3046 Dominus.

1859 3139 2086 3194 CAPUT
2133 3139 2227 3193 XI.

1127 3235 1286 3302 Legis
1313 3241 1366 3289 et
1395 3235 1601 3290 Christi
1631 3235 1953 3290 mandatum
1983 3237 2051 3291 ab
2080 3253 2192 3291 non
2217 3237 2647 3308 concupiscendo
2668 3237 2917 3306 exponit.

391 3355 492 3410 His
525 3354 608 3409 sic
654 3355 930 3422 ostensis,
963 3372 1068 3428 age
1101 3357 1453 3428 Scripturas,
1487 3376 1618 3429 qum
1663 3359 1972 3415 adversan-

2165 3358 2381 3414 Τούτων
2413 3357 2519 3414 ὦδε
2547 3356 3019 3432 ἐπιδεδειγμένων,
3079 3357 3224 3435 φέρε.
3287 3355 3485 3411 ὁπόσαι
3531 3356 3751 3421 τούτοις

325 3450 421 3500 tur
449 3445 729 3515 sophistis
762 3445 1218 3516 haareticis,jam
1253 3446 1704 3511 adducamus,et
1723 3449 1985 3518 regulam

325 3534 708 3588 continentiae
743 3534 1069 3588 secundum
1106 3535 1279 3605 logon
1313 3552 1415 3589 seu
1447 3537 1738 3590 rationem
1769 3537 1981 3592 obser-

319 3623 570 3677 vandam
630 3622 1024 3678 declaremus.
1077 3624 1180 3688 Qui
1269 3641 1404 3678 vero
1491 3625 1789 3698 intelligit,
1850 3644 1981 3697 qum

319 3712 623 3783 Scriptura
653 3712 869 3782 cuique
903 3713 1112 3766 haaresi
1156 3714 1454 3768 contraria
1511 3716 1606 3779 sit,
1669 3732 1798 3769 eam
1831 3722 1983 3770 tem-

317 3801 541 3871 pestivo
573 3800 914 3856 adhibendo
948 3801 1230 3856 refutabit
1262 3804 1497 3873 eos,qui
1523 3803 1980 3875 dogmataman-

318 3889 471 3943 datis
521 3890 819 3944 contraria
875 3892 1126 3961 ﬁngunt.
1190 3895 1379 3962 Atque
1432 3899 1498 3946 ut
1558 3893 1628 3947 ab
1680 3895 1798 3948 alto
1850 3912 1977 3949 rem

318 3983 680 4049 repetamus,
707 3977 802 4032 lex
827 3978 1088 4048 quidem,
1118 3980 1272 4033 sicut
1299 3979 1467 4050 prius
1493 3981 1772 4050 diximus,
1805 3983 1975 4049 illud,

323 4091 348 4118 α
389 4069 512 4121 Non
545 4067 931 4138 concupisces
964 4084 1210 4123 uxorem
1245 4069 1497 4140 proximi
1527 4072 1608 4124 tui
1631 4073 1727 4140 (α),
1754 4094 1780 4121 ››
1812 4073 1976 4142 prius

320 4155 672 4211 exclamavit
690 4161 828 4211 ante
851 4157 1231 4228 conjunctam
1251 4159 1485 4214 Domini
1501 4160 1559 4213 in
1593 4161 1746 4214 Novo
1777 4162 1974 4217 Testa-

317 4251 518 4299 mento
551 4261 773 4308 vocem,
826 4261 955 4315 quas
1011 4245 1155 4300 dicit
1185 4263 1255 4301 ex
1295 4264 1400 4302 sua
1457 4249 1644 4320 ipsius
1676 4266 1971 4320 persona:

316 4355 343 4382 ‹‹
378 4333 700 4388 Andivistis
732 4333 920 4405 leg‘m
955 4336 1401 4406 prmcipientem
1431 4354 1442 4390 :
1479 4339 1602 4392 Non
1634 4340 1972 4394 mmchabe-

314 4423 415 4476 ris.
455 4425 568 4494 Ego
600 4429 797 4479 autem
820 4423 950 4477 dico
977 4442 989 4478 :
1025 4427 1147 4479 Non
1207 4427 1594 4497 concupisces
1617 4429 1713 4499 (ὁ).
1747 4452 1772 4477 »ι
1804 4431 1969 4494 Quod

313 4511 473 4565 enim
505 4512 680 4566 vellet
727 4514 822 4567 lex
881 4513 1033 4568 viros
1091 4514 1176 4568 uti
1220 4515 1523 4571 moderate
1553 4517 1858 4587 uxoribus,
1911 4525 1969 4574 et

2093 3454 2209 3510 τοῖς
2239 3450 2372 3502 κατὰ
2418 3449 2513 3505 τὰς
2571 3449 2800 3520 αἱρέσεις
2863 3451 3144 3524 σοφισταῖς
3197 3443 3561 3500 ἐναντιοῦνται
3607 3451 3748 3521 Γρα-

2094 3538 2212 3613 φαὶ,
2254 3537 2362 3608 ἤδη
2413 3537 2785 3614 παραθώμεθα
2833 3537 2925 3591 τὸν
2975 3535 3174 3591 κανόνα
3229 3537 3330 3604 τῆς
3388 3537 3525 3590 κατὰ
3575 3532 3749 3610 λόγον

2089 3625 2438 3701 τηρουμένης
2495 3625 2804 3703 ἐγκρατείας
2865 3627 3185 3697 μηνύοντες.
3245 3625 3477 3698 Ἑκάστῃ
3535 3622 3592 3678 δέ
3634 3629 3747 3678 τῶν

2090 3717 2348 3791 αἱρέσεων
2375 3718 2472 3786 τήν
2522 3715 2735 3778 οἰκείως
2783 3714 3136 3787 ἐνισταμένην
3184 3714 3405 3788 Γραφήν
3460 3715 3488 3767 6
3548 3715 3747 3768 συνιὼν

2090 3802 2479 3880 ἐπιλεγόμενος
2502 3805 2639 3860 κατᾶ
2666 3804 2876 3878 καιρὸν,
2935 3803 3201 3875 χρήσεται
3252 3803 3388 3877 πρὸς
3447 3801 3746 3858 κατάλυσιν

2085 3899 2192 3949 τῶν
2223 3896 2368 3971 παρὰ
2396 3896 2490 3959 τὰς
2521 3893 2744 3959 ἐντολὰς
2801 3892 3268 3969 δογματιζόντων.
3317 3895 3563 3957 Ἀνωθεν
3648 3894 3745 3965 μὲν

2087 3984 2177 4038 οὗν
2230 3985 2258 4038 6
2318 3986 2511 4056 νόμος,
2617 3983 2796 4060 ὥσπερ
2880 3984 3316 4058 προειρήκαμεν,
3370 3982 3453 4054 τὸ,
3540 4007 3568 4033 ‹‹
3632 3981 3750 4039 Οὐκ

2086 4073 2444 4146 ἐπιθυμήσεις
2499 4076 2598 4138 τῆς
2667 4077 2765 4127 τοῦ
2844 4069 3104 4140 πλησίον,
3187 4077 3290 4140 τῆς
3366 4074 3465 4125 τοῦ
3545 4069 3745 4144 Κυρίου

2085 4163 2394 4237 προσεχοῦς
2427 4161 2562 4216 κατα
2605 4162 2702 4230 τήν
2753 4163 2888 4216 Νέαν
2945 4161 3224 4231 Διαθήκην
3273 4166 3484 4238 φωνῆς,
3535 4179 3748 4235 προσα-

2084 4251 2445 4328 ναπεφώνηκε
2489 4255 2624 4318 (30),
2676 4255 2776 4318 τῆς
2830 4247 2998 4318 αὐτῆς
3055 4247 3504 4322 αύτοπροσώπως
3553 4245 3746 4319 Λιγού-

2084 4359 2203 4409 σης⁸
2261 4365 2280 4389 α
2343 4338 2637 4393 Ἠκούσατε
2695 4343 2790 4392 τοῦ
2875 4337 3046 4410 νόμου
3117 4335 3560 4412 παραγγέλοντος
3609 4338 3738 4406 (39)·

2082 4429 2158 4486 Οὐ
2193 4428 2525 4503 μοιχεύσεις·
2578 4427 2688 4502 ἐγὼ
2749 4425 2806 4481 δὲ
2864 4425 3033 4501 λέγω’
3100 4426 3211 4480 Οὺκ
3265 4425 3649 4498 ἐπιθυμήσεις.
3711 4448 3738 4473 ››

2081 4523 2198 4572 ’Ότι
2231 4519 2332 4593 γὰρ
2368 4516 2662 4595 σωφρόνως
2711 4511 2974 4572 ἐϐούλετο
3032 4521 3152 4577 ταῖς
3197 4520 3465 4589 γαμεταῖς
3496 4521 3736 4590 χρῆσθαι

385 4652 446 4714 ›ι‹
479 4657 537 4708 ι).
573 4660 673 4710 543
706 4659 815 4713 El).
843 4661 1133 4727 POTTER,
1160 4664 1260 4714 45:;
1295 4664 1404 4716 1CD.
1443 4665 1668 4717 PARIS.
1705 4666 1777 4731 (α)
1812 4665 1968 4718 Exod

2088 4683 2121 4733 :,
2158 4668 2241 4719 l7.
2277 4666 2350 4736 (ὸ)
2371 4665 2575 4720 Matth.
2612 4682 2664 4732 ν,
2699 4667 2788 4733 27,
2820 4665 2910 4718 28.

317 4798 542 4868 rentur.
579 4797 835 4868 Respicit
863 4803 1013 4868 torte
1046 4801 1186 4853 Gen.
1220 4819 1321 4865 xu,
1383 4806 1435 4868 3,
1476 4803 1577 4857 ubi
1640 4806 1791 4858 Deus
1842 4806 1925 4858 ait
1958 4823 1970 4858 :

319 4861 620 4949 Εύλογήσω
676 4861 802 4927 τοὺς
859 4867 1216 4949 εὐλογοῦντάς
1277 4892 1362 4936 σε,
1409 4861 1499 4926 καὶ
1553 4873 1680 4936 τοὺς
1725 4895 1970 4949 καταρωι

324 4931 516 5012 μένους
575 4955 632 5012 σε
689 4931 1056 5012 καταράσομαο
1114 4945 1203 4997 vel
1259 4931 1400 4999 Gen.
1474 4931 1677 5012 Χιγη,⁷
1720 4951 1807 5003 29.
1865 4931 1967 5002 Ι11ὺί

319 5005 555 5086 lsaacus
585 5007 796 5086 Jacobo
827 5005 910 5086 sic
962 5005 1263 5086 benedicit
1297 5033 1308 5069 :
1368 5017 1428 5071 Ὁ
1470 5005 1856 5086 καταρώμενός
1913 5037 1969 5070 σε

318 5072 726 5162 ἐπιικατάρατος
777 5079 804 5130 6
864 5076 910 5131 δ’
961 5079 1205 5162 εὐλογῶν
1267 5107 1324 5138 σε
1373 5071 1781 5162 ηύλογημένος.
1843 5071 1967 5144 Nisi

318 5151 766 5229 potius‘hzec‘ex‘
794 5151 1130 5229 apocrypho
1165 5157 1312 5229 libro
1359 5151 1542 5229 petita
1578 5151 1822 5216 fuerint.

390 5216 1106 5306 (28),:Adslrpéq.‘ltespi'cit
1165 5216 1428 5306 liebrfn,
1463 5235 1566 5306 ll,
1619 5233 1717 5306 ubi
1771 5233 1966 5306 Domi-

322 5305 462 5374 nus-
492 5290 726 5360 dicitur;
805 5290 902 5342 οὐκ
961 5290 1376 5365 ἐπαισχύνεσθαι
1416 5290 1718 5376 ’ἀδελφοὺς
1774 5301 1968 5363 αὐτοὺς

321 5377 528 5416 καΛων.

392 5435 504 5502 (29)
535 5429 853 5505 Τῶν-δυεῖν.
882 5432 1143 5505 Respicit
1169 5435 1379 5505 Ephes.
1442 5457 1507 5503 ιι,
1556 5442 1621 5493 10
1649 5458 1661 5493 :
1693 5442 1806 5495 Ἵνα
1838 5440 1964 5504 τοὺς

323 5495 418 5554 δύο
475 5495 630 5578 κτίσῃ
663 5502 714 5558 ἐν
767 5502 942 5574 δαυτῷ
967 5495 1045 5563 εἷς
1074 5497 1166 5556 ἕνα
1214 5495 1402 5560 ὶαινὸν
1454 5495 1760 5581 ἄνθρωπον,
1790 5495 1962 5567 noui);

2083 4803 2774 4879 εἴρήνην,ἀποκαταλλάξῃ
2833 4801 2966 4864 τοὺς
3014 4801 3369 4879 -ἀμφοτέροᾳυς
3414 4798 3471 4854 ἐν
3490 4799 3584 4879 ’ἐνὶ
3615 4800 3741 4879 ad):

2128 4873 2234 4932 6m.
2264 4873 2411 4932 Dein
2454 4879 2500 4931 ll
2558 4879 2687 4932 Cor.
2726 4873 2823 4943 "VI,
2873 4879 2936 4930 16
2966 4892 2978 4928 :
3013 4873 3389 4946 Ὑμεῖςςγὰρη
3415 4873 3562 4946 ναὸς.
3601 4875 3738 4946 Θεοῦ

2128 4897 2411 4932 ormnem
2454 4897 2500 4931 ll
2558 4897 2687 4932 μοι’.
2747 4897 2823 4943 Vl,
2873 4897 2978 4930 10:
3039 4897 3194 4944 ιμεις
3249 4897 3355 4946 γαρ
3415 4897 3542 4932 ναος
3601 4897 3735 4925 σεου

2081 4897 2198 5002 ἴστε
2231 4953 2452 5016 ζῶντος,
2487 4948 2664 5006 καθὼς
2725 4946 2866 4999 εἶπεν
2910 4947 2936 4999 ὁ
2996 4947 3144 5007 Θεὸς,
3205 4944 3287 4998 ὃτι
3340 4944 3652 5012 Ἐνοικήσω
3682 4942 3735 4996 ἐν

2079 5019 2286 5087 αὐτοῖς,
2318 5021 2407 5072 καί
2441 5019 2890 5092 ἐμπεριπατήσω.

2152 5095 2262 5166 (3D)
2323 5087 2880 5166 Upocava‘itecpdwvjxs.
2965 5089 3158 5166 Forte"
3215 5087 3411 5158 aptius
3491 5103 3737 5159 προανα-

2078 5159 2388 5237 πεφώνηκεζ
2430 5185 2450 5211 ι
2485 5159 3034 5237 prius'exclamavit.
3068 5182 3095 5207 »
3128 5159 3405 5237 Svaunc.

2150 5227 2399 5304 ⁸,31)θΓοῦ
2455 5227 2630 5304 νόμου
2689 5227 3190 5306 παραγγέλλοντος,
3233 5232 3740 5306 Interpretameg.

2079 5311 2198 5360 tum
2233 5300 2574 5368 Clementis,
2631 5300 2776 5375 qui,'
2812 5300 3026 5375 verbis
3056 5303 3296 5375 paulum
3359 5300 3737 5375 mutatis,_§.

2077 5378 2392 5449 Scripturm
2437 5367 2679 5449 sensum
2711 5367 2992 5449 exhibet._
3019 5367 3343 5449 'l-lxoﬁoate,
3403 5369 3486 5423 δτι
3533 5367 3734 5444 ἐρῥὲθη

2075 5444 2346 5523 ἀρχαίοις,
2379 5449 2525 5505 dicit
2548 5447 2814 5503 Christus
2839 5444 2996 5517 apud
3045 5444 3402 5500 Matthaeum.
