4034 6148
313 208 455 264 1173

1649 204 2094 264 ΒΤΒΟΠΔΤΠΠ
2131 206 2269 263 LIB.
2311 210 2411 264 III.

3594 214 3734 270 1174

309 331 439 392 τοὺς
470 325 672 400 ἄνδρας
705 327 732 382 6
763 325 934 400 νόμος
983 325 1074 382 καὶ
1122 325 1207 381 ἐπὶ
1270 325 1409 400 μόνῃ
1455 329 1567 400 (32)
1614 323 1949 398 παιδοποιίᾳ,

2073 335 2318 400 propter
2375 331 2563 388 solam
2621 334 2948 390 liberorum
3007 336 3471 408 susceptionem,
3534 354 3604 392 ex
3663 355 3730 394 eo

313 419 483 490 δῆλον
517 417 578 474 ἐκ
606 422 706 472 τοῦ
737 415 966 472 κωλύειν
1004 416 1097 489 μὶν
1130 420 1199 489 τῇ
1236 442 1261 468 .‹
1286 415 1635 492 αἰχμαλώτῳ
1669 438 1693 468 ι)
1727 419 1837 489 (33)
1861 436 1966 469 πα-

315 515 584 584 ραχρῆμα
642 507 1027 582 ἐπιμίγνυσθαι
1083 505 1175 559 τὸν
1236 503 1464 581 ἄγαμον·
1525 505 1964 578 ἐπιθυμήσαντος

312 596 371 654 δὲ
429 598 588 668 απαξ,
618 598 910 672 τριάκοντα
939 599 1150 658 πενθεῖν
1210 591 1516 670 ἐπιτρέπειν
1566 593 1802 669 ἡμέρας,
1847 615 1962 648 κει-

315 688 520 764 ραμένη
554 686 644 741 καὶ
674 685 769 748 τὰς
801 683 1015 759 τρίχας·
1073 682 1117 737 εἰ
1151 680 1208 738 δὲ
1258 681 1386 757 μηδ’
1420 682 1590 745 οὕτως
1647 682 1962 756 μαραίνοιτο

312 780 348 847 ἡ
381 775 666 849 ἐπιθυμία,
694 775 818 828 τότε
861 769 1323 843 παιδοποιεῖσθαι,
1361 769 1831 845 δεδοκιμασμένης
1861 779 1962 841 τῆς

315 868 496 942 ὁρμῆς
555 872 653 934 τῆς
717 861 1075 939 κυριευούσης
1141 862 1277 917 κατᾶ
1326 863 1427 932 τὴν
1473 861 1808 938 προθεσμίαν
1864 866 1962 916 τοῦ

312 955 540 1032 χρόνου,
587 953 662 1016 είς
708 949 880 1029 ὄρεξιν
910 948 1164 1026 εὔλογον.
1223 953 1379 1015 Ὅθεν
1428 951 1489 1006 οὐ
1537 949 1757 1024 δείξειας
1803 950 1962 1026 ἐγκύ-

316 1065 443 1118 μονι
483 1041 864 1114 πλησιάσαντα
916 1045 1024 1096 τῶν
1068 1035 1446 1116 πρεσϐυτέρων
1506 1041 1628 1096 τινὰ
1673 1040 1812 1094 κατὰ
1859 1041 1958 1108 τήν

310 1134 552 1212 Γραφήν·
589 1130 716 1187 ἀλλ’
748 1129 967 1206 ὕστερον
1026 1129 1160 1202 μετά
1199 1152 1257 1184 τε
1311 1131 1410 1198 τὴν
1466 1128 1760 1205 κυοφορίαν
1825 1129 1962 1201 μετά

305 1243 365 1278 τε
387 1224 488 1292 τήν
518 1226 616 1277 τοῦ
672 1220 959 1297 τεχθέντος
1007 1218 1415 1295 γαλακτουχίαν
1463 1218 1642 1294 εὕροις
1673 1219 1731 1273 ἃν
1793 1217 1959 1272 πάλιν

305 1311 442 1385 πρὸς
470 1315 577 1365 τῶν
613 1308 821 1386 ἀνδρῶν
847 1308 1252 1385 γινωσκομένας
1284 1308 1379 1372 τὰς
1426 1313 1702 1383 γυναῖκας.
1751 1306 1961 1362 Αὐτίκα

303 1399 497 1456 τοῦτον
549 1401 798 1475 εὑρήσεις
856 1399 947 1453 τὸν
1009 1399 1209 1452 σκοπὸν
1265 1397 1473 1453 καὶτὸν
1526 1402 1626 1451 τοῦ
1681 1399 1958 1460 Μωϋσέως

306 1491 513 1564 πατέρα
570 1486 942 1566 φυλάσσοντα,
995 1487 1228 1563 τριετίαν
1287 1485 1611 1543 διαλιπόντα
1669 1488 1803 1559 μετά
1855 1488 1956 1555 τὴν

303 1583 402 1634 τοῦ
461 1579 672 1651 Ἀαρὼν
731 1576 1038 1648 ἀποκύησιν
1075 1621 1089 1648 ,
1146 1579 1477 1653 γεννήσαντα
1529 1578 1621 1632 τὸν
1679 1577 1953 1632 Μωυσέα.

301 1670 371 1724 Ἢ
427 1689 486 1723 τε
545 1665 609 1723 αῦ
641 1669 897 1737 Λευϊτικὴ
931 1664 1102 1744 φυλὴ,
1135 1669 1325 1721 τοῦτον
1360 1665 1703 1742 φυλάσσουσα
1731 1669 1822 1720 τὸν
1854 1672 1953 1734 τῆς

2078 417 2305 474 clarum
2341 427 2450 488 est,
2483 422 2642 491 quod
2688 425 2964 494 prohibet
2995 425 3235 494 quidem
3268 444 3427 494 eum,
3480 427 3580 497 qui
3611 445 3733 484 non

2077 508 2255 563 habet
2285 527 2550 574 uxorem,
2586 513 2785 565 statim
2807 530 2941 566 cum
2976 534 3002 560 «
3032 515 3259 584 captiva
3291 537 3318 564 »
3350 516 3568 572 habere
3592 534 3733 572 con-

2076 598 2455 652 suetudinem
2501 600 2595 669 (a).
2647 601 2810 665 Quod
2858 601 2905 654 si
2939 602 3123 656 semel
3157 602 3602 672 desideraverit,
3655 609 3732 675 ei,

2074 703 2209 742 cum
2242 692 2416 742 tonsa
2463 689 2643 743 fuerit
2690 691 2961 760 capillos,
3010 691 3355 760 permittere
3409 699 3478 747 ut
3534 694 3732 765 lugeat

2073 776 2317 848 triginta
2348 776 2579 832 diebus.
2617 779 2672 831 Si
2705 785 2902 833 autem
2935 795 3010 832 ne
3043 780 3127 833 sic
3167 779 3408 849 quidem
3468 797 3732 836 emarce-

2073 871 2198 921 scat
2223 865 2537 936 cupiditas,
2575 873 2715 921 tunc
2747 868 2954 922 liberis
2983 885 3225 940 operam
3248 869 3410 935 dare,
3443 886 3578 924 cum
3598 888 3728 942 qum

2072 954 2416 1010 dominatur
2448 957 2749 1027 impulsio,
2769 957 3018 1028 probata
3050 959 3126 1012 sit
3145 958 3440 1028 praaﬁnito
3464 963 3729 1030 tempore

2071 1051 2473 1100 consentanea
2496 1046 2712 1100 rationi
2737 1047 3042 1118 appetitio.
3079 1047 3244 1101 Unde
3276 1047 3508 1102 nullum
3543 1065 3609 1103 ex
3640 1066 3730 1103 ve-

2069 1133 2295 1188 teribus
2341 1150 2411 1187 ex
2459 1134 2762 1205 Scriptura
2812 1135 3166 1203 ostenderis,
3219 1136 3319 1206 qui
3370 1153 3505 1191 cum
3540 1154 3728 1210 praeg-

2070 1226 2249 1277 nante
2284 1239 2408 1276 rem
2442 1223 2758 1279 habuerit:
2809 1225 2911 1278 sed
2944 1230 3260 1296 postquam
3300 1225 3548 1297 gestavit
3598 1232 3727 1282 ute-

2068 1328 2224 1378 rum,
2259 1315 2317 1365 et
2345 1319 2661 1382 postquam
2711 1313 2934 1367 editum
2966 1313 3150 1367 fetum
3209 1331 3242 1369 a
3281 1314 3432 1368 lacte
3476 1314 3724 1386 depulit,

2069 1417 2278 1454 rursus
2308 1417 2342 1454 a
2372 1400 2510 1455 viris
2559 1403 2822 1474 cognitas
2854 1402 3036 1457 fuisse
3086 1419 3319 1458 uxores.
3379 1405 3504 1458 Jam
3562 1405 3724 1460 hunc

2068 1490 2222 1544 196
2274 1506 2519 1561 scopum
2568 1496 2628 1545 et
2688 1491 3029 1546 institutum
3076 1492 3341 1548 invenies
3388 1500 3724 1550 servantem

2070 1579 2280 1650 Moysis
2303 1584 2553 1650 patrem,
2585 1598 2720 1635 cum
2756 1581 3078 1636 triennium
3114 1587 3248 1652 post
3279 1584 3573 1637 Aaronem
3596 1583 3723 1638 edi-

2067 1673 2193 1723 tum
2238 1669 2682 1737 intermisisset,
2737 1670 3011 1741 genuisse
3061 1672 3338 1741 Moysem.
3400 1673 3470 1724 Et
3514 1688 3722 1728 rursus

887 1727 897 1737 .
943 1727 954 1744 ,
1069 1727 1100 1739 .,
1371 1727 1381 1742 .
1911 1727 1920 1734 .

304 1758 515 1836 φύσεως
562 1757 731 1830 νόμον
779 1756 838 1810 ἐκ
892 1759 1046 1825 Θεοῦ,
1097 1753 1335 1810 ἐλάττων
1395 1756 1486 1810 τὸν
1518 1756 1749 1829 ἀριθμὸν
1808 1754 1949 1830 παρὰ

2066 1759 2316 1813 chitica
2358 1759 2570 1824 tribus,
2607 1776 2848 1814 servans
2878 1759 3031 1812 hanc
3063 1766 3289 1814 natura;
3319 1761 3510 1833 legem
3538 1778 3572 1815 a
3603 1763 3720 1816 Deo

297 1848 396 1912 τὰς
435 1845 609 1910 ἄλλας
663 1847 738 1909 εἰς
793 1847 892 1915 τήν
939 1843 1495 1922 προκατηγγελμένην
1547 1843 1768 1914 εἰσῆλθε
1822 1851 1949 1919 γῆν.

300 1936 362 1992 οὗ
411 1937 513 2013 γὰρ
565 1934 766 2012 ῥᾳδίως
796 1935 1005 2006 αὐξάνει
1054 1935 1208 2010 γένος
1240 1934 1316 1996 εἷς
1357 1933 1767 2005 πολυπληθίαν,
1801 1954 1951 1988 σπει-

298 2027 504 2101 ράντων
566 2026 662 2100 μὲν
716 2029 824 2080 τῶν
881 2021 1089 2095 ἀνδρῶν
1143 2027 1252 2078 τῶν
1293 2023 1384 2077 τὸν
1421 2025 1556 2078 κατᾶ
1595 2022 1719 2085 τοὺς
1749 2024 1951 2095 νόμους

296 2116 477 2190 γάμον
539 2111 1002 2188 ἀναδεδεγμένων,
1045 2112 1418 2184 ἀναμενόντων
1480 2110 1538 2166 δὲ
1580 2113 1641 2166 οὗ
1670 2113 1768 2180 τήν
1820 2132 1949 2166 κυοο

296 2206 488 2284 φορίαν
526 2206 714 2276 μόνον.
750 2200 896 2257 ἀλλὰ
925 2202 1013 2257 καὶ
1042 2203 1140 2271 τὴν
1173 2201 1640 2277 γαλακατουχίαν.
1670 2203 1830 2258 Ὀθεν
1874 2200 1952 2256 εἷ’-

296 2295 470 2356 κότως
499 2294 590 2350 καὶ
622 2295 650 2349 6
685 2297 949 2363 Μωϋσῆς,
990 2293 1107 2347 κατ’
1144 2291 1330 2367 ὀλίγον
1365 2291 1439 2353 εἷς
1470 2290 1784 2366 ἐγκράτειαν
1815 2311 1951 2363 προ-

300 2379 539 2454 ϐιϐάζων
566 2383 696 2448 τοὺς
730 2380 1050 2449 Ἰουδαίους,
1099 2386 1263 2457 τριῶν
1296 2383 1519 2457 ἡμερῶν
1553 2381 1688 2434 κατᾶ
1714 2381 1776 2435 τὸ
1829 2380 1951 2450 ἑξῆς

299 2473 718 2548 ἀπεσχημένους
776 2469 1105 2546 ἀφροδισίου
1161 2467 1390 2540 ἡδονῆς,
1450 2466 1768 2544 προσέταξεν
1824 2467 1952 2522 ἐπα-

295 2561 476 2617 κούειν
524 2566 631 2615 τῶν
675 2560 831 2624 θείων
883 2558 1090 2635 λόγων.
1125 2584 1152 2612 ‹‹
1186 2560 1376 2634 Ἡμεῖς
1409 2556 1498 2613 οῦν
1529 2558 1648 2610 ναοὶ
1678 2561 1775 2611 τοῦ
1819 2562 1952 2610 Θεοῦ

295 2649 480 2723 ἐσμεν,
511 2650 689 2710 καθὼς
751 2650 892 2702 εἶπεν
927 2650 954 2703 6
984 2649 1279 2722 προφήτης
1315 2652 1450 2719 (34),
1507 2646 1589 2700 ὅτι
1648 2647 1952 2713 Ἐνοικήσω

294 2739 345 2794 ἐν
393 2739 577 2798 αὐτοῖς
626 2736 715 2791 καὶ
749 2736 1198 2810 έμπεριπατήσωο
1247 2735 1335 2788 καὶ
1368 2730 1560 2806 ἔσομαι
1591 2734 1769 2787 αὐτῶν
1799 2733 1948 2801 Θεὸς,

293 2829 382 2882 καὶ
414 2827 567 2880 αὐτοὶ
601 2822 810 2880 ἔσονταί
849 2845 955 2895 μου
995 2822 1150 2884 λαός·
1188 2845 1212 2874 ι)
1267 2822 1352 2875 ἐὰν
1402 2823 1536 2875 κατᾶ
1584 2821 1678 2882 τὰς
1726 2820 1950 2884 ἐντολὰς

292 2914 732 2986 πολιτευώμεθα,
792 2910 899 2966 εἴτε
951 2912 978 2964 6
1021 2911 1142 2966 καθ’
1189 2907 1413 2964 ἕκαστον
1463 2913 1648 2982 ἡμῶν,
1697 2907 1804 2963 εἷ’τε
1858 2909 1947 2963 καὶ

292 3003 461 3077 ἀθρόα
515 3005 548 3071 ἡ
596 2998 918 3070 Ἐκκλησία.
973 2999 1128 3053 «Διὸ
1177 2998 1414 3069 ἐξέλθενε
1444 2998 1503 3052 ἐκ
1546 2999 1711 3070 μέσου
1771 2997 1946 3052 αὐτῶν

2057 1846 2357 1914 traditam,
2389 1847 2522 1901 aliis
2551 1863 2802 1902 numero
2834 1849 3031 1901 minor
3062 1848 3327 1920 ingressa
3372 1854 3461 1904 est
3507 1849 3570 1903 in
3601 1853 3719 1903 ter-

2057 1953 2186 1990 ram
2242 1937 2620 2006 promissam.
2676 1939 2802 1990 Non
2848 1938 3006 1991 enim
3055 1937 3227 1992 facile
3285 1939 3722 2009 multiplicatur

2057 2042 2264 2097 genus,
2298 2043 2434 2079 cum
2471 2025 2574 2079 viri
2609 2025 2850 2096 quidem
2883 2027 3200 2095 seminant,
3234 2027 3498 2099 legitimo
3523 2029 3720 2099 juncti

2057 2115 2481 2180 matrimonio;
2517 2119 2863 2186 exspectant
2921 2121 3119 2171 autem
3167 2133 3286 2170 non
3323 2117 3514 2171 solum
3562 2116 3717 2172 uteri

2059 2205 2472 2277 gestationem,
2507 2205 2609 2259 sed
2642 2206 2821 2259 etiam
2853 2221 2886 2258 a
2917 2205 3067 2260 lacte
3101 2206 3531 2276 depulsionem.
3552 2205 3717 2261 Unde

2060 2294 2272 2348 merito
2295 2295 2521 2364 Moyses
2545 2310 2778 2364 quoque
2800 2292 3033 2348 Judaeos
3052 2293 3358 2364 paulatim,
3385 2294 3718 2364 provehens

2061 2382 2134 2436 ad
2157 2382 2608 2441 continentiam,
2638 2399 2772 2436 cum
2802 2384 2864 2446 ᾧ
2892 2405 2919 2429 ‹‹
2946 2382 3134 2436 tribus
3158 2382 3367 2436 diebus
3392 2382 3463 2453 (ὸ)
3490 2405 3517 2432 ››
3548 2382 3714 2437 dein-

2061 2485 2199 2538 ceps
2223 2468 2727 2537 consequentibus
2751 2485 2786 2522 a
2803 2485 3052 2523 venerea
3080 2468 3378 2538 voluptate
3401 2469 3718 2525 abstinuis-

2063 2556 2636 2628 sent,jussitaudire
2659 2557 2835 2611 verba
2859 2558 2978 2611 Dei.
3007 2580 3033 2606 «
3071 2559 3185 2611 Nos
3209 2575 3344 2625 ergo
3373 2559 3471 2614 Dei
3495 2559 3718 2630 templa

2062 2663 2286 2712 sumus,
2323 2645 2471 2700 sicut
2505 2646 2654 2700 dixit
2682 2647 3010 2717 propheta:
3044 2647 3392 2702 Inhabitabo
3426 2648 3487 2702 in
3519 2649 3626 2717 eis,
3660 2653 3719 2703 et

2060 2732 2465 2799 inambulabo,
2494 2738 2552 2787 et
2584 2750 2682 2788 ero
2717 2750 2923 2788 eorum
2949 2736 3188 2794 Deus,et
3219 2735 3330 2806 ipsi
3359 2742 3715 2791 eruntmeus

2057 2822 2336 2894 populus,
2376 2843 2403 2869 »
2437 2821 2482 2876 si
2519 2840 2586 2878 ex
2617 2825 2929 2894 praeceptis
2952 2825 3129 2879 vitam
3161 2825 3565 2888 instituamus,
3593 2825 3712 2880 sive

2059 2911 2277 2980 singuli
2309 2916 2601 2980 nostrum,
2635 2913 2751 2966 sive
2785 2918 2907 2968 tota
2944 2914 3120 2968 simul
3151 2914 3433 2970 Ecclesia.
3467 2936 3493 2962 «
3522 2916 3712 2980 Quare

2058 3000 2408 3072 egredimini
2445 3018 2472 3055 e
2506 3002 2702 3056 medio
2739 3001 3025 3072 ipsorum,
3059 3009 3117 3058 et
3153 3003 3534 3074 separamini,
3567 3003 3712 3059 dicit

288 3092 377 3147 καὶ
437 3090 809 3166 ἀφορίσθητε,
869 3087 1014 3162 λέγει
1075 3087 1291 3160 Κύριος⁸
1353 3086 1441 3141 καὶ
1499 3087 1803 3161 ἀκαθάρτου
1868 3088 1942 3160 μη

2065 3087 2366 3151 Dominus,
2415 3093 2471 3141 et
2518 3088 2894 3144 immundum
2950 3108 3021 3144 ne
3057 3093 3351 3164 tangatis;
3388 3097 3445 3146 et
3474 3109 3577 3165 ego
3609 3110 3710 3148 vos

292 3181 538 3243 ἅπτεσθε·
589 3178 740 3253 κάγὼ
794 3174 1102 3250 εἰσδέξομαι
1166 3177 1350 3248 ὑμᾶς,
1411 3177 1502 3230 καὶ
1563 3174 1756 3248 ἔσομαι
1819 3176 1944 3248 ὑμῖν

292 3270 368 3332 εἷς
399 3265 624 3344 πατέρα,
657 3268 745 3324 καὶ
783 3267 938 3340 ὑμεῖς
968 3265 1146 3329 ἔσεσθέ
1198 3287 1292 3338 μοι
1342 3265 1417 3327 εἰς
1467 3265 1616 3327 υἱοὺς
1649 3265 1738 3320 καὶ
1789 3267 1948 3340 θυγα-

292 3358 469 3433 τέρας,
523 3357 666 3434 λέγει
721 3355 918 3430 Κύριος
967 3353 1381 3429 παντοκράτωρ.
1419 3378 1446 3404 ››
1495 3353 1573 3410 Οὐ
1629 3358 1737 3408 τῶν
1790 3375 1948 3428 γεγα-

299 3447 578 3520 μηκότων,
634 3445 707 3507 ὥς
755 3466 934 3523 φασιν,
969 3443 1116 3498 ἀλ.λά
1141 3447 1248 3497 τῶν
1283 3441 1446 3506 ἐθνῶν
1475 3448 1582 3497 τῶν
1625 3442 1675 3496 ἐν
1722 3445 1948 3517 πορνείᾳ

300 3536 564 3612 βιούντων
601 3533 703 3600 ἔτι,
734 3534 870 3606 πρὸς
904 3530 960 3586 δὲ
980 3531 1068 3587 καὶ
1099 3533 1207 3587 τῶν
1237 3531 1656 3606 προειρημένων
1690 3533 1943 3608 αἱρέσεων

299 3625 682 3702 ἀφορισθῆναι,
729 3623 803 3685 ὡς
848 3622 1162 3696 ἀκαθάρτων
1209 3622 1298 3675 καὶ
1331 3622 1501 3685 ἀθέων
1548 3620 1759 3675 κελεύει
1817 3643 1948 3696 προ-

300 3717 544 3791 φητικῶς
577 3714 748 3784 ἡμᾶς.
779 3713 935 3773 Ὅθεν
962 3710 1050 3764 καὶ
1084 3711 1110 3763 6
1145 3708 1360 3771 Παῦλος
1390 3711 1526 3782 πρὸς
1555 3709 1683 3772 τοὺς
1716 3711 1944 3782 ὁμοίους

297 3802 720 3874 ἀποτεινόμενος
749 3805 866 3860 τοῖς
891 3799 1226 3874 εἰρημένοις,
1257 3824 1275 3849 ι
1303 3799 1514 3862 Ταύτας
1546 3797 1636 3854 οὖν
1659 3797 1812 3874 ἔχετε
1834 3803 1946 3874 (35)

297 3893 392 3954 τὰς
473 3889 798 3967 ἐπαγγελίας
873 3888 1028 3966 φησὶν
1059 3933 1074 3954 ,
1162 3887 1431 3963 ἀγαπητοί
1464 3908 1476 3920 °
1562 3889 1942 3963 καθαρίσωμεν

305 3980 506 4035 ἑαυτῶν
559 3981 653 4040 τὰς
727 3976 953 4054 καρδίας
1010 3978 1115 4032 ἀπὸ
1172 3978 1369 4038 παντὸς
1421 3976 1710 4050 μολυσμοῦ
1749 3979 1943 4053 σαρκὸς

294 4068 385 4122 καὶ
451 4069 782 4140 πνεύματος,
861 4067 1233 4126 ἐπιτελοῦντες
1307 4068 1610 4139 ἁγιωσύνην
1686 4067 1737 4120 ὲν
1789 4064 1945 4144 φόϐῳ

297 4161 451 4214 Θεοῦ.
486 4157 650 4226 Ζηλῶ
697 4156 797 4230 γὰρ
855 4157 994 4229 ὑμᾶς
1041 4159 1174 4210 Θεοῦ
1223 4157 1398 4226 ζήλῳ
1450 4157 1786 4228 ἡρμοσάμην
1843 4157 1944 4230 γὰρ

302 4247 440 4318 ὑμᾶς
474 4243 550 4298 ένὶ
582 4243 758 4318 ἀνδρὶ,
790 4244 1052 4318 παρθένον
1094 4245 1266 4317 ἁγνὴν
1315 4246 1656 4318 παραστῆσαι
1701 4249 1807 4317 (36)
1865 4251 1945 4317 τῷ

296 4336 524 4410 Χριστῇ.
565 4357 590 4382 ι)
623 4332 921 4401 Ἐκκλησία
965 4330 1023 4386 δὲ
1057 4329 1231 4387 ἄλλον
1263 4332 1324 4386 οὐ
1373 4339 1560 4407 γαμεῖ,
1593 4334 1684 4387 τὸν
1712 4334 1947 4410 νυμφίον

2059 3177 2400 3247 suscipiam,
2452 3183 2511 3231 et
2554 3194 2653 3231 ero
2708 3178 2870 3232 vobis
2923 3180 2982 3233 in
3015 3187 3266 3250 patrem,
3299 3187 3357 3235 et
3386 3198 3485 3236 vos
3543 3182 3709 3237 eritis

2055 3265 2202 3320 mihi
2234 3265 2296 3319 in
2353 3266 2508 3320 ﬁlios
2567 3271 2624 3321 et
2684 3267 2838 3322 ﬁlias
2898 3268 3040 3322 dicit
3094 3269 3379 3324 Dominus
3440 3271 3709 3342 omnipo-

2056 3360 2188 3409 tens
2221 3357 2313 3425 (ο).
2348 3376 2375 3403 ››
2417 3357 2543 3409 Non
2601 3355 2670 3410 ab
2709 3357 2802 3424 iis,
2837 3357 2940 3426 qui
2992 3373 3205 3412 uxores
3263 3358 3582 3427 duxerunt,
3644 3365 3712 3414 ut

2054 3444 2242 3510 aiunt,
2276 3443 2378 3498 sed
2409 3461 2443 3498 a
2473 3445 2768 3516 gentibus,
2804 3463 2935 3516 quas
2967 3446 3158 3501 adhuc
3189 3447 3464 3501 vivebant
3490 3447 3552 3501 in
3586 3447 3706 3502 for-

2056 3533 2376 3597 nicatione,
2425 3540 2715 3604 praeterea
2759 3541 2956 3589 autem
2988 3552 3021 3590 a
3051 3536 3216 3607 prius
3267 3553 3504 3606 quoque
3536 3535 3710 3591 dictis

2056 3623 2403 3690 haeresibus,
2436 3630 2501 3678 ut
2530 3624 2854 3678 immundis
2888 3631 2946 3678 et
2968 3625 3188 3695 impiis,
3221 3625 3566 3696 prophetice
3596 3641 3707 3680 nos

2048 3714 2221 3786 jubet
2251 3715 2533 3784 separari.
2571 3716 2734 3771 Unde
2769 3717 2947 3770 etiam
2981 3717 3198 3771 Paulus
3250 3733 3486 3786 quoque
3535 3716 3712 3772 verba

2055 3803 2314 3875 dirigens
2341 3803 2414 3858 ad
2449 3821 2568 3868 eos,
2605 3806 2703 3874 qui
2740 3811 2908 3860 erant
2937 3805 3031 3871 iis,
3065 3805 3166 3875 qui
3197 3805 3338 3860 dicti
3367 3811 3524 3871 sunt,
3551 3805 3711 3860 simi-

2055 3892 2180 3946 les:
2243 3913 2270 3941 «
2331 3893 2445 3946 Has
2504 3910 2640 3965 ergo
2702 3894 3128 3966 promissiones
3183 3894 3393 3948 habete
3428 3936 3442 3960 ,
3493 3895 3708 3966 inquit,

2056 3981 2257 4036 dilecti
2284 3998 2296 4034 :
2343 3982 2701 4036 mundemus
2733 3983 2911 4038 corda
2958 3988 3164 4038 nostra
3193 3983 3264 4038 ab
3296 3983 3457 4036 omni
3507 3983 3710 4053 inqui-

2054 4076 2335 4126 namento
2359 4072 2555 4125 carnis
2580 4077 2637 4126 et
2660 4071 3310 4142 spiritus,perticientes
3333 4072 3708 4128 sanctitatem

2055 4159 2115 4212 in
2140 4160 2350 4212 timore
2370 4159 2469 4212 Dei
2493 4160 2594 4229 (d).
2627 4159 2760 4213 Zelo
2788 4159 2947 4212 enim
2979 4176 3079 4213 vos
3097 4159 3218 4213 zelo
3253 4159 3354 4213 Dei
3379 4176 3392 4225 ;
3417 4158 3707 4228 despondi

2056 4248 2218 4302 enim
2278 4265 2379 4302 vos
2438 4248 2540 4302 uni
2589 4248 2746 4316 viro,
2805 4247 3093 4319 virginem
3152 4253 3374 4302 castam
3429 4247 3707 4304 exhibere

2055 4337 2283 4392 Christo
2312 4337 2400 4408 (e).
2440 4360 2467 4386 ››
2497 4339 2566 4392 Et
2595 4337 2859 4392 Ecclesia
2890 4337 3130 4407 quidem
3161 4337 3263 4391 alii
3295 4353 3413 4391 non
3435 4337 3709 4409 jungitur

295 4421 622 4494 κεκτημένη·
651 4420 777 4477 ἀλλ’
810 4423 836 4476 6
867 4423 986 4476 καθ’
1015 4419 1237 4476 ’ἕκαστον
1286 4424 1470 4493 ἡμῶν,
1511 4424 1572 4492 ἣν
1619 4422 1679 4476 ἂν
1738 4423 1944 4494 βούλη-

2065 4426 2458 4493 matrimonio,
2493 4443 2628 4481 cum
2663 4443 2948 4496 sponsum
2971 4427 3217 4481 habeat:
3252 4426 3354 4481 sed
3383 4426 3707 4497 unusquis-

295 4533 383 4567 ναι
433 4513 571 4566 κατά
622 4512 713 4566 τὸν
747 4510 914 4583 νόμον
966 4516 1182 4586 γαμεῖν,
1237 4513 1329 4566 τὸν
1379 4516 1594 4586 πρῶτον
1647 4510 1796 4587 λέγω
1846 4514 1944 4588 γά-

299 4623 405 4676 μον
435 4603 571 4673 (37),
623 4595 740 4676 ἔχει
784 4601 883 4669 τήν
939 4598 1204 4673 ἐξουσίαν.
1265 4595 1555 4674 Φοϐοῦμαι
1616 4598 1672 4654 δὲ
1724 4603 1942 4674 μήπως,

297 4692 371 4753 ὡς
431 4691 458 4744 6
513 4685 633 4765 ὄφις
696 4688 1028 4760 ἐξηπάτησεν
1063 4686 1201 4745 Εὕαν
1235 4693 1347 4762 (38)
1391 4691 1441 4744 έν
1495 4694 1562 4763 τῇ
1621 4692 1942 4765 πανουργίᾳ,

371 4826 451 4897 (α)
485 4827 650 4882 Deut.
681 4844 807 4898 ιιι,
833 4829 918 4892 11,
953 4827 1036 4888 12,
1075 4827 1158 4881 13.
1235 4825 1298 4888 ἰα
1326 4828 1390 4882 P.
1425 4827 1528 4880 544
1561 4828 1670 4882 ED.
1704 4829 1949 4883 POTTEI

2065 4831 2271 4883 56-457
2302 4829 2414 4885 ED.
2449 4830 2679 4886 PARIS.

299 4916 376 4966 v1,
409 4902 554 4968 1,17,
589 4899 672 4953 l8.
751 4897 829 4969 (ἀ)
862 4898 910 4953 II
941 4898 1072 4953 Cor.
1107 4914 1204 4965 vn,
1240 4902 1290 4954 1.
1367 4897 1438 4970 (e)
1469 4899 1518 4951 lI
1549 4899 1680 4953 Cor.
1721 4916 1801 4968 x1,
1833 4903 1888 4954 2.

366 5037 636 5114 (32)-Ἑπὶ
673 5037 813 5114 μᾴνῃ
845 5059 904 5094 π.
950 5039 1116 5096 Conf.
1163 5041 1413 5111 Paedag.,
1443 5039 1546 5096 lib.
1581 5058 1640 5109 II,
1675 5059 1724 5097 c.
1762 5045 1846 5111 10,
1881 5060 1938 5114 p.

298 5116 401 5168 192
432 5111 573 5166 edit.
607 5111 795 5168 Paris.

364 5185 478 5266 (3.3)
507 5180 890 5257 Αἴχμαλώτῳ.
940 5183 1103 5239 Conf.
1151 5184 1353 5239 Strom.
1388 5200 1447 5251 ιι,
1480 5201 1610 5257 pag.
1645 5186 1746 5239 399
1797 5184 1938 5242 edit.

531 5326 791 5398 Ἡμεῖς...
851 5325 1412 5402 προφήτηςηὙμεῖς
1467 5327 1593 5402 γάρῳ
1624 5325 1748 5380 ναὸς
1809 5330 1942 5402 Θεοῦ

293 5395 410 5451 ἰστε
469 5395 691 5466 ζῶντος,
749 5395 927 5461 καθὼς
975 5395 1128 5452 ἐἶπεν
1190 5398 1217 5451 ὁ
1275 5395 1430 5466 Θεός,
1470 5395 1684 5454 ΙΙὈΟΓ.
1733 5415 1808 5466 v1,
1841 5399 1942 5454 ubi

294 5470 693 5544 mox._quv1ai
727 5491 820 5544 μοι
855 5467 909 5528 λ.

369 5540 480 5612 (35)
509 5540 737 5619 Ἔχετε(
775 5545 1040 5618 ’Ἐχοντες
1088 5543 1299 5615 II_Cor.
1333 5558 1432 5612 vn,
1453 5540 1554 5596 ubi
1583 5557 1743 5607 mox,
1773 5540 1942 5594 καθα-

2057 4533 2169 4586 que
2190 4520 2462 4570 nostrum
2492 4515 2672 4570 habet
2700 4520 3052 4586 potestatem
3083 4515 3358 4580 ducendi,
3377 4532 3709 4586 quamcun-

2057 4621 2170 4676 que
2202 4603 2361 4672 velit,
2410 4604 2736 4678 legitimam
2787 4622 3033 4660 uxorem
3067 4605 3129 4661 in
3177 4605 3406 4676 primis,
3437 4605 3704 4676 inquam,

2058 4694 2301 4764 nuptiis.
2350 4716 2378 4743 «
2409 4696 2626 4749 Vereor
2656 4700 2855 4749 autem
2895 4711 2991 4759 ne,
3025 4695 3177 4750 sicut
3202 4710 3443 4765 serpens
3474 4694 3709 4749 seduxit

2759 4828 2834 4899 (b)
2866 4827 3046 4883 Exod.
3069 4845 3185 4893 ιιι,
3220 4831 3308 4882 20.
3385 4829 3458 4898 (c)
3491 4827 3542 4882 II
3570 4826 3700 4884 Cor.

2053 5042 2190 5114 ρίσω
2201 5061 2294 5109 μεν
2324 5038 2544 5114 ἑαυτοὺς
2574 5039 2670 5114 ἀπ.

2124 5111 2536 5186 (36)λΠαρθένον
2588 5111 2752 5186 ἁγνὴν
2804 5114 3165 5184 παραστῆσαι.
3216 5110 3702 5168 Subaudiendum

2053 5181 2227 5237 ὥστε.
2245 5184 2525 5238 SYLBURG.

2123 5258 2236 5321 (37)
2268 5254 2370 5308 Τὸν
2429 5257 2649 5325 πρῶτον
2711 5251 2762 5309 λ.
2825 5250 3028 5326 γάμον.
3063 5252 3228 5308 Conf.
3256 5270 3313 5324 p.
3345 5254 3449 5306 428
3481 5256 3541 5306 et
3575 5252 3700 5308 461.

2053 5328 2272 5382 LOWTH.

2123 5399 2234 5469 (38)
2257 5394 2517 5469 Ἑξηπάτ.
2548 5392 2644 5453 Eii.
2679 5391 2818 5450 Εῦαν
2851 5393 3182 5465 ἐξηπάτησεν
3211 5390 3262 5446 ἐν
3294 5394 3362 5465 τῇ
3390 5390 3702 5464 πανουργίᾳ

2051 5468 2237 5539 αὐτοῦ,
2272 5468 2416 5523 οὕτω
2449 5472 2650 5545 φθαρῇ,
2684 5471 2734 5525 ΙΙ
2763 5470 2892 5525 Cor.
2925 5486 2999 5525 ιι.
