4034 6148
355 224 497 283 1175

1586 217 1997 275 CLEMEN’I'IB
2031 216 2533 275 ΑιιτχΑΝυειιιτι

3623 220 3765 276 1176

354 351 531 405 Evam
553 348 616 403 in
634 345 870 409 astutia,
895 346 1357 416 corrumpantur
1376 357 1590 399 sensus
1611 341 1786 397 vestri
1805 357 1840 395 a
1864 356 2002 395 sen-

2130 338 2294 411 ρθαρῇ
2324 339 2392 393 τά
2419 340 2669 411 νοήματα
2702 339 2856 411 ὑμῶν
2885 338 2991 394 ἀπὸ
3033 344 3134 405 τῆς
3184 337 3500 409 ἁπλότητος
3543 343 3642 409 τῆς
3690 341 3771 404 εἰς

355 438 641 510 plicitate,
668 454 799 507 quae
820 436 882 488 in
907 433 1137 489 Christo
1160 438 1249 487 est
1277 434 1373 502 (α),
1410 454 1438 479 »
1468 433 1564 503 pie
1596 429 1920 486 admodum
1953 433 2011 481 et

357 527 617 584 doctoris
646 526 836 581 instar
854 522 1003 577 dixit
1022 521 1342 593 Apostolus
1381 520 1669 586 Quocirca
1692 516 2011 573 admirabi-

358 617 434 672 lis
464 629 702 686 quoque
758 614 1005 666 Petrus:
1066 632 1094 659 »
1151 609 1518 666 Charissimi.
1560 607 1775 679 inquit,
1828 606 2008 661 obse-

358 721 459 760 cro
490 719 591 758 vos
620 708 906 771 tanquam
938 697 1197 754 advenas
1228 704 1287 753 et
1314 697 1683 771 peregrinos,
1715 695 2010 750 abstinete

356 810 458 848 vos
487 808 523 847 a
551 788 890 846 carnalibus
921 787 1255 855 desideriis,
1290 804 1421 858 quas
1451 786 1712 841 militant
1730 784 2010 840 adversus

357 881 652 946 animam,
710 877 1222 933 conversationem
1278 880 1534 931 vestram
1593 874 1751 928 inter
1805 877 2010 946 gentes

354 970 644 1026 habentes
689 967 946 1022 bonam:
1001 965 1284 1036 quoniam
1337 963 1423 1019 sic
1460 969 1551 1018 est
1578 963 1852 1017 voluntas
1884 960 2009 1027 Dei,

352 1065 421 1116 ut
448 1059 599 1114 bene
631 1056 916 1112 facientes
946 1055 1356 1109 obmutescere
1388 1052 1619 1107 faciatis
1668 1050 2013 1121 impruden-

356 1150 507 1204 tium
558 1146 868 1201 hominum
906 1143 1335 1215 ignorantiam;
1370 1141 1539 1212 quasi
1574 1140 1766 1204 liberi,
1802 1144 1860 1193 et
1889 1155 2010 1193 non

358 1238 527 1310 quasi
562 1236 829 1291 velamen
852 1233 1142 1288 habentes
1172 1231 1417 1287 malitias
1449 1227 1917 1293 libertatem,sed
1947 1232 2015 1282 ut

361 1326 509 1383 servi
544 1325 645 1381 Dei
665 1324 798 1395 (b).»
825 1320 1112 1377 Similiter
1129 1322 1307 1376 etiam
1331 1319 1538 1375 scribit
1558 1318 1776 1373 Paulus
1800 1318 1860 1371 in
1883 1316 2011 1387 Epi-

362 1415 516 1472 stola
544 1414 618 1469 ad
667 1416 1002 1468 Romanos:
1057 1432 1085 1461 «
1117 1411 1222 1476 Qui
1256 1410 1475 1465 mortui
1510 1426 1715 1464 sumus
1747 1413 2009 1479 peccato,

362 1503 657 1575 quomodo
701 1503 896 1557 adhuc
925 1502 1186 1555 vivemus
1216 1500 1278 1553 in
1329 1499 1455 1571 ipso
1477 1498 1505 1553 ‘P
1530 1499 1823 1564 Quoniam
1848 1500 2013 1550 vetus

360 1595 539 1650 homo
574 1598 795 1648 noster
841 1592 1023 1647 simul
1072 1595 1163 1646 est
1209 1590 1549 1657 cruciﬁxus,
1580 1594 1648 1643 ut
1675 1588 2016 1642 destruatur

361 1700 577 1755 corpus
608 1682 831 1753 peccati
854 1681 944 1752 (ο),
978 1702 1005 1730 n
1029 1679 1314 1769 usquead
1345 1678 1529 1769 illud:
1565 1700 1593 1727 «
1629 1679 1828 1747 Neque
1856 1675 2014 1769 exhi-
2046 1704 2093 1769 Β

360 1773 493 1829 bete
522 1771 795 1826 membra
822 1776 1033 1835 vestra,
1068 1785 1233 1824 arma
1261 1768 1570 1838 injustitizn
1602 1771 1842 1838 peccato
1875 1765 2007 1835 (cl).-

362 1862 553 1932 Atque
586 1858 734 1914 adeo
758 1875 892 1913 cum
923 1859 985 1913 in
1008 1858 1168 1912 hunc
1197 1857 1393 1911 locum
1426 1855 1788 1918 devenerim,
1821 1853 2023 1908 videor

361 1950 509 2005 mihi
541 1966 661 2003 non
694 1965 820 2003 esse
862 1947 1391 2018 prmtermissurus,
1425 1945 1569 2016 quin
1599 1951 1824 2005 notem,
1858 1943 2019 2014 quod

369 2035 647 2093 eumdem
680 2037 864 2089 Deum
896 2051 1001 2106 per
1033 2034 1221 2106 legem
1254 2039 1314 2088 et
1340 2033 1660 2105 prOphetas
1692 2037 1752 2087 et
1772 2033 2020 2102 Evange-

364 2125 512 2180 lium
541 2124 824 2196 praedicet
845 2122 1343 2195 Apostolulelud
1375 2123 1534 2178 enim
1561 2139 1574 2175 :
1601 2142 1629 2170 «
1655 2123 1779 2175 Non
1798 2136 2022 2175 concu—

364 2214 579 2286 pisces,
615 2235 642 2263 »
673 2213 831 2284 quod
859 2213 1144 2284 scriptum
1196 2217 1285 2267 est
1311 2212 1373 2265 in
1418 2210 1752 2281 Evangelia,
1786 2209 1900 2282 legi
1933 2215 2020 2263 at-

366 2302 578 2357 tribuit
606 2303 668 2357 in
699 2301 962 2373 Epistola
991 2302 1065 2356 ad
1094 2304 1412 2367 Romanos,
1447 2300 1640 2355 sciens
1672 2315 1801 2353 esse
1832 2314 2020 2353 unum

369 2408 527 2457 eum,
561 2392 661 2462 qui
690 2390 1029 2462 praedicavit
1057 2407 1164 2460 per
1210 2389 1402 2461 legem
1435 2393 1493 2444 et
1522 2388 1862 2459 prophetas,
1912 2389 2023 2443 Pa-

367 2486 542 2542 trem,
595 2485 654 2535 et
701 2480 801 2551 qui
834 2496 941 2551 per
990 2479 1187 2550 ipsum
1218 2483 1308 2532 est
1336 2476 1746 2533 annuntiatus.
1783 2475 1935 2530 Dicit
1959 2479 2023 2542 »Β

371 2571 529 2625 enim
552 2587 564 2623 :
590 2592 617 2620 ς(
642 2569 792 2634 Quid
815 2568 1082 2624 dicemus
1113 2567 1124 2621 Ι
1146 2568 1260 2621 Lex
1277 2571 1446 2622 estne
1468 2564 1817 2638 peccatum?
1832 2563 2017 2618 Absit.

369 2659 482 2714 Sed
530 2663 839 2730 peccatum
871 2674 989 2712 non
1032 2657 1299 2729 cognovi,
1332 2655 1448 2710 nisi
1489 2671 1594 2725 per
1622 2654 1833 2726 legem.
1868 2653 2019 2707 Con-

367 2747 797 2818 cupiscentiam
845 2747 1004 2801 enim
1037 2763 1157 2807 non
1189 2745 1618 2817 cognovissem.
1658 2742 1774 2798 nisi
1804 2742 1898 2797 lex
1928 2741 2015 2796 di-

368 2842 565 2891 ceret:
599 2838 723 2890 Non
762 2836 1149 2904 concupisces
1195 2835 1286 2905 (e).
1320 2856 1347 2881 η
1377 2833 1541 2898 Quod
1574 2833 1621 2887 si
1652 2832 1716 2897 ii,
1752 2833 1851 2903 qui
1884 2836 2021 2886 sunt

367 2923 612 2978 diversaa
636 2922 1395 2993 sententim,repugnantes.
1413 2920 1755 2975 existiment
1770 2919 2019 2975 Paulum

2110 426 2203 481 τὸν
2262 428 2514 499 Χριστόν·
2570 451 2598 477 ι)
2659 425 2868 502 σφόδρα
2918 422 3169 488 εὐλαϐῶς
3218 427 3308 482 καὶ
3367 425 3769 492 διδασκαλικῶς

2114 513 2326 591 εἴρηκεν
2379 518 2407 571 ὁ
2458 514 2814 578 Ἀπόστολος,
2870 517 2964 571 Διὸ
2992 516 3082 571 καὶ
3132 518 3161 571 6
3211 516 3512 589 θαυμάσιος
3564 520 3768 594 Πέτρος

2113 605 2297 681 φησίν·
2337 627 2362 658 ι
2395 604 2718 681 Ἀγαπητοὶ,
2750 604 3055 680 παρακαλῶ
3088 605 3163 667 ὡς
3190 605 3492 681 παροίκους
3519 608 3610 662 καὶ
3639 628 3772 683 παρ-

2114 690 2443 766 επιδήμους,
2495 696 2794 769 ἀπέχεσθαι
2843 698 2951 749 τῶν
3003 699 3278 769 σαρκικῶν
3327 694 3658 768 ἐπιθυμιῶν,
3690 695 3770 753 αἷ-

2112 803 2252 844 τινες
2312 783 2692 857 στρατεῦονται
2741 784 2878 838 κατὰ
2916 787 3017 849 τῆς
3046 786 3254 859 ψυχῆς,
3286 785 3386 851 τὴν
3430 784 3771 863 ἀναστροφήν

2118 871 2270 941 ὑμῶν
2298 868 2476 938 καλήν
2519 869 2740 946 ἔχοντες
2775 874 2884 944 (39)
2916 870 2969 925 ἐν
3010 876 3127 933 τοῖς
3175 866 3401 935 ἔθνεσιν·
3458 872 3540 927 ὅτι
3599 872 3772 937 οὕτως

2115 957 2227 1013 ἐστὶ
2257 960 2319 1014 τὸ
2346 957 2565 1032 θέλημα
2606 964 2705 1015 τοῦ
2735 965 2892 1028 Θεοῦ,
2918 962 3408 1035 ἀγαθοποιοῦντας,
3443 966 3647 1039 φιμοῦν
3676 965 3771 1033 τήν

2113 1051 2221 1101 τῶν
2268 1046 2516 1124 ἀφρόνων
2566 1049 2872 1124 ἀνθρώπων
2919 1048 3176 1124 ἐργασίαν
3226 1054 3364 1120 (40)·
3430 1050 3504 1112 ὡς
3562 1049 3777 1106 ἐλεύθε-

2116 1154 2225 1207 ροι,
2264 1136 2354 1191 καὶ
2409 1137 2484 1210 μὴ
2536 1138 2611 1200 ὡς
2660 1135 3021 1211 ἐπικάλυμμα
3054 1135 3276 1214 ’ἔχοντες
3307 1146 3406 1208 τῆς
3439 1138 3632 1201 κακίας
3675 1142 3771 1210 τὴν

2115 1221 2445 1301 ἐλευθερίαν,
2478 1224 2607 1281 ἀλλ’
2637 1228 2712 1288 ὡς
2742 1225 2935 1282 δοῦλοι
2966 1231 3121 1282 Θεοῦ.
3172 1251 3200 1278 ››
3248 1227 3493 1301 Ὁμοίως
3526 1226 3584 1284 δὲ
3627 1229 3718 1284 καὶ
3747 1230 3774 1284 6

2117 1296 2335 1378 Παῦλος
2392 1315 2445 1371 ἐν
2500 1320 2571 1391 τῇ
2625 1318 2764 1392 πρὸς
2820 1317 3130 1390 Ῥωμαίους
3208 1296 3476 1393 ἐπιστολῇ
3535 1321 3772 1399 γράφει·

2117 1426 2145 1455 ιι
2200 1401 2407 1469 Οἵτινες
2465 1405 2805 1479 ἀπεθάνομεν
2854 1405 2924 1481 τῇ
3004 1406 3294 1480 ἁμαρτίᾳ,
3361 1413 3479 1471 πῶς
3538 1406 3620 1464 ἔτι
3677 1413 3775 1481 ζή-

2118 1513 2283 1566 σομεν
2356 1494 2408 1549 ἐν
2463 1496 2652 1569 αὐτῇς
2712 1498 2834 1553 Ὅτι
2892 1497 2921 1550 6
2979 1494 3215 1560 παλαιὸς
3271 1499 3433 1569 ἡμῶν
3495 1499 3778 1574 ἄνθρωπος

2117 1585 2558 1659 συνεσταυρώθη,
2612 1583 2704 1639 ἵνα
2747 1587 3065 1661 καταργηθῇ
3112 1584 3176 1639 τὸ
3232 1586 3393 1659 σῶμα
3449 1594 3550 1657 τῆς
3601 1590 3779 1664 ἁμαρ-

2119 1668 2262 1740 τίας,
2294 1695 2320 1721 ››
2347 1669 2477 1746 ἕως,
2508 1697 2536 1725 ι(
2572 1670 2725 1743 Μηδέ
2766 1674 3119 1749 παριστάνετε
3146 1675 3214 1728 τὰ
3248 1673 3392 1746 μέλη
3431 1677 3585 1748 ὑμῶν
3635 1678 3779 1733 ὅπλα

2123 1757 2339 1823 ἀδικίας
2394 1766 2463 1836 τῇ
2515 1762 2772 1837 ἁμαρτίᾳ.
2809 1784 2834 1816 ι
2888 1763 2999 1819 Καὶ
3059 1759 3126 1832 δὴ
3187 1761 3415 1819 ἐνταῦθα
3461 1766 3779 1840 γενόμενος,

2125 1847 2271 1904 δοκῶ
2330 1872 2423 1923 μοι
2485 1853 2563 1924 μὴ
2621 1851 2979 1928 παραλείψειν
3042 1853 3511 1924 ἀνεπισημείωτον
3560 1854 3646 1910 ὅτι
3690 1856 3780 1911 τὸν

2124 1938 2283 1993 αὐτὸν
2352 1940 2485 1995 Θεὸν
2553 1938 2642 1996 διὰ
2715 1942 2890 2013 νόμου
2955 1940 3045 1995 καὶ
3105 1946 3409 2018 προφητῶν
3462 1943 3551 1998 καὶ
3614 1943 3783 2020 Εὐαγ-

2124 2026 2317 2102 γελίου
2349 2030 2377 2084 6
2407 2029 2749 2092 Ἀπόστολος
2791 2029 3075 2103 κηρύσσει·
3127 2030 3191 2084 τὸ
3247 2031 3371 2106 γὰρ,
3432 2056 3451 2080 ο
3506 2032 3624 2089 Οὐκ
3665 2032 3779 2089 ἐπι-

2127 2115 2415 2189 θυμήσεις,
2496 2142 2518 2172 ι
2606 2118 2659 2173 ἐν
2725 2122 2803 2189 τῷ
2861 2114 3183 2194 Εὐαγγελίῳ
3245 2122 3649 2194 γεγραμμένον,
3706 2126 3782 2194 τῷ

2123 2203 2279 2276 νόμῳ
2312 2206 2650 2280 περιτίθησιν
2683 2206 2737 2262 ἐν
2768 2210 2836 2281 τῇ
2868 2206 3004 2282 πρὸς
3033 2203 3343 2277 Ῥωμαίους
3374 2207 3666 2284 ἐπιστολῇ,
3694 2206 3780 2265 ἕνα

2127 2289 2284 2354 εἰδὼς
2351 2295 2444 2348 τὸν
2528 2293 2618 2350 διὰ
2690 2297 2866 2369 νόμου
2942 2295 3031 2349 καὶ
3091 2301 3393 2373 προφητῶν
3452 2299 3777 2374 κηρύξαντα,

2124 2379 2215 2435 καί
2272 2382 2364 2437 τὸν
2439 2381 2511 2438 δι’
2587 2384 2755 2440 αὐτοῦ
2828 2383 3279 2460 εῦαγγελισθέντα
3342 2388 3573 2460 Πατέρα.
3639 2388 3773 2459 Φησί

2124 2468 2249 2544 γάρ·
2285 2495 2312 2522 ιι
2346 2471 2410 2526 Τί
2440 2472 2669 2548 ἐροῦμεν
2701 2478 2857 2549 (41);
2889 2476 2951 2532 Ὁ
2979 2473 3150 2548 νόμος
3194 2479 3433 2554 ἁμαρτίᾳ
3458 2481 3572 2554 (42)
3615 2504 3630 2546 ;
3686 2478 3773 2546 Μῆ

2124 2558 2361 2632 γένοιτο.
2396 2561 2574 2617 ἈλΛά
2611 2565 2712 2634 τήν
2762 2566 3028 2640 ἁμαρτίαν
3089 2568 3188 2624 οὐκ
3247 2567 3415 2645 ἔγνων
3477 2567 3527 2624 εἲ
3582 2569 3661 2642 μή
3692 2564 3775 2622 διὰ

2123 2648 2320 2722 νόμου·
2379 2654 2479 2722 τήν
2537 2673 2596 2708 τε
2637 2654 2740 2730 γὰρ
2772 2654 3060 2728 ἐπιθυμίαν
3121 2659 3224 2713 οὐκ
3280 2654 3454 2733 ᾔδειν,
3510 2658 3555 2714 εἰ
3627 2658 3700 2732 μὴ
3751 2658 3776 2711 6

2124 2737 2296 2812 νόμος
2325 2737 2529 2816 ἔλεγεν·
2564 2742 2675 2798 Οὔκ
2716 2743 3097 2817 ἐπιθυμήσεις.
3133 2770 3161 2796 δ»
3188 2746 3300 2804 Κᾶν
3361 2750 3412 2803 οἱ
3458 2745 3772 2803 ἀντιτασσό-

2130 2849 2284 2901 μενοι
2314 2834 2423 2884 τῶν
2455 2829 2806 2903 ἑτεροδόξων,
2839 2836 3412 2911 προσαποτεινόμενον
3440 2837 3533 2892 τὸν
3565 2834 3770 2893 Παῦλον

2123 2922 2203 2989 τῷ
2238 2917 2463 2993 Κτίστῃ,
2497 2918 2770 2994 εἰρηκέναι
2796 2919 3117 2978 ὑπολάϐωσι
3146 2926 3215 2980 τὰ
3246 2927 3392 2997 ἑξῆς·
3424 2951 3452 2979 ‹‹
3486 2924 3631 2984 Οἶδα
3658 2925 3775 3000 γαρ,

365 3011 543 3065 verba
573 3028 681 3066 sua
708 3010 1060 3081 dirigentem
1091 3010 1371 3064 adversus
1404 3010 1765 3073 Creatorem,
1798 3008 2017 3063 dixisse

416 3116 419 3117 ν
554 3116 561 3117 ,
1448 3097 1581 3117 ...ωε
1624 3098 1768 3117 μμ,
1870 3098 2013 3117 μμ,

2132 3005 2216 3060 ὅτι
2245 3006 2346 3061 οὐκ
2374 3007 2516 3063 οῗκεῖ
2545 3007 2597 3062 ἐν
2629 3007 2781 3083 ἐμοὶ,
2811 3016 3083 3067 τουτέστιν
3116 3013 3168 3068 ἐν
3195 3018 3264 3089 τῇ
3296 3014 3453 3088 σαρκί
3483 3035 3618 3088 μου,
3654 3015 3775 3088 ἀγα-

2136 3106 2158 3117 ιι
2174 3093 2192 3117 Ι
2219 3114 2246 3117 ν-
2357 3094 2401 3117 9‘
2421 3094 2442 3117 Χ
2461 3098 2473 3117 9
2515 3097 2528 3117 9
2828 3098 2841 3117 1
3073 3101 3088 3117 \
3415 3104 3425 3117 ι
3656 3105 3668 3117 ι
3753 3103 3769 3117 ι

370 3116 459 3165 ea,
493 3116 623 3170 quae
655 3099 935 3170 deinceps
981 3104 1350 3169 sequuntur:
1390 3121 1410 3146 ι
1447 3097 1584 3152 Νονί
1617 3098 1798 3162 enim,
1861 3098 2019 3167 quod

371 3205 493 3243 non
533 3188 763 3243 habitat
810 3187 872 3242 in
922 3204 1038 3251 me,
1089 3187 1202 3242 hoc
1252 3191 1362 3251 est,
1394 3186 1456 3241 in
1498 3202 1675 3241 carne
1706 3202 1859 3251 mea,
1920 3184 2026 3240 bo-

371 3293 517 3331 num
539 3279 610 3346 (f)
636 3294 651 3341 ;
694 3298 722 3326 η
753 3276 952 3349 legant
980 3293 1071 3339 ea,
1104 3293 1235 3347 quas
1262 3276 1427 3347 prius
1457 3274 1613 3329 dicta
1645 3279 1818 3338 sunt;
1847 3279 1906 3327 et
1935 3291 2023 3343 ea,

373 3381 506 3436 quae
539 3370 1005 3435 consequuntur.
1040 3365 1211 3419 Prius
1243 3364 1402 3417 enim
1426 3362 1611 3417 dixit:
1645 3384 1673 3411 «
1708 3362 1821 3417 Sed
1850 3362 2027 3416 inha-

373 3454 571 3510 bitans
601 3455 665 3510 in
698 3471 791 3510 me
825 3460 1168 3526 peccatum;
1206 3475 1233 3503 ››
1267 3458 1510 3524 propter
1540 3451 1697 3522 quod
1720 3457 2029 3507 consenta-

376 3560 557 3599 neum
590 3550 718 3599 erat
772 3544 969 3599 dicere
1021 3542 1215 3597 illud:
1257 3565 1283 3592 «
1321 3543 1447 3595 Non
1478 3540 1707 3595 habitat
1733 3540 1796 3594 in
1849 3557 2027 3595 carne

374 3648 509 3687 mea
538 3632 761 3686 bonum
781 3632 880 3702 (Ιι).
903 3651 930 3684 ν
955 3633 1401 3701 Consequenter
1423 3629 1732 3701 subjunxit
1755 3646 1767 3684 :
1792 3651 1819 3678 «
1852 3630 1908 3684 Si
1931 3646 2030 3685 au-

374 3725 495 3775 tem
545 3720 704 3791 quod
753 3721 913 3784 nolo,
960 3721 1073 3775 hoc
1104 3736 1209 3792 ego
1239 3718 1412 3782 facio,
1446 3735 1569 3773 non
1600 3718 1807 3789 utique
1838 3735 1943 3791 ego
1968 3719 2029 3774 id

375 3809 721 3880 operor,sed
735 3809 893 3879 quod
918 3807 1213 3864 inhabitat
1237 3808 1298 3862 in
1317 3825 1411 3863 me
1435 3813 1742 3878 peccatum
1770 3823 1782 3860 :
1821 3829 1848 3856 »
1873 3808 2031 3878 quod

375 3919 403 3947 ‹‹
433 3913 793 3970 repugnans,
825 3920 853 3948 »
884 3898 1097 3967 inquit,
1123 3897 1288 3968 «legi
1322 3918 1349 3946 ››
1373 3896 1477 3950 Dei
1502 3901 1561 3950 et
1586 3920 1611 3944 ‹‹
1643 3897 1861 3951 mentis
1886 3913 2031 3952 meae

375 3987 630 4057 captivat
679 4002 774 4042 me
826 3988 886 4041 in
914 3987 1041 4058 lege
1074 3986 1321 4057 peccati,
1350 4002 1482 4055 qua)
1515 3991 1604 4039 est
1634 3985 1695 4038 in
1746 3984 2031 4041 membris

376 4076 546 4131 meis.
599 4077 774 4130 Miser
805 4092 909 4147 ego
962 4076 1163 4134 homo.
1196 4074 1331 4145 quis
1372 4090 1466 4127 me
1498 4073 1778 4127 liberabit
1808 4072 1878 4128 de
1910 4091 2033 4128 cor-

376 4180 519 4235 pore
550 4164 760 4219 mortis
782 4164 960 4234 hujus
985 4162 1062 4230 (h)
1094 4161 1122 4217 ‘I
1144 4184 1170 4211 »
1194 4163 1264 4216 Et
1282 4178 1490 4216 rursus
1522 4164 1845 4231 (nunquam
1873 4162 2030 4216 enim

377 4252 584 4323 quovis
615 4250 790 4306 modo
815 4249 1079 4322 juvando
1113 4248 1486 4321 defatigatur)
1523 4264 1642 4303 non
1675 4255 1908 4303 veretur
1939 4267 2029 4303 ve-

2133 3093 2247 3159 θόν·
2286 3119 2313 3147 η
2346 3094 2473 3151 ἀλλ’
2504 3097 2986 3173 ἀναγινωσκόντων
3031 3101 3097 3156 τὰ
3127 3104 3515 3180 προειρημένα,
3577 3105 3669 3159 καὶ
3720 3103 3777 3155 τὰ

2130 3184 2516 3263 ἐπιφερόμενα·
2550 3194 2779 3262 προεῖπε
2807 3190 2935 3265 γάρ,
2968 3215 2997 3244 ‹‹
3029 3190 3184 3248 Ἀλλ’
3216 3194 3251 3263 ἡ
3304 3193 3528 3249 οἰκοῦσα
3558 3193 3615 3250 ἐν
3664 3191 3775 3265 ἐμοὶ

2131 3274 2399 3349 ἁμαρτία·
2431 3302 2457 3326 n
2486 3274 2557 3331 δι’
2586 3278 2653 3347 ἢν
2686 3277 2986 3342 ἀκόλουθον
3018 3282 3084 3349 ἧν
3101 3280 3294 3350 εἰπεῖν,
3321 3307 3349 3335 (ι
3374 3283 3499 3340 ’Ότι
3527 3283 3632 3338 οῦκ
3652 3281 3779 3337 οἰκεῖ

2134 3363 2186 3421 ἐν
2216 3368 2285 3437 τῇ
2313 3363 2470 3439 σαρκί
2503 3385 2609 3437 μου
2632 3366 2892 3440 ἀγαθόν.»
2918 3368 3237 3440 Ἑπομένως
3259 3369 3553 3445 ἐπήγαγεν·
3588 3397 3615 3422 ι(
3643 3369 3702 3428 El
3725 3365 3777 3422 δὲ

2133 3454 2163 3508 ’ὀ
2195 3453 2257 3507 οῦ
2291 3452 2455 3520 θέλω,
2487 3458 2649 3509 τοῦτο
2681 3453 2787 3530 ἐγὼ
2818 3459 2933 3528 (43)
2962 3461 3128 3527 ποιῶ,
3182 3459 3284 3514 οὐκ
3313 3457 3390 3514 ἔτι
3442 3459 3547 3535 ἐγὼ
3602 3478 3777 3533 κατερ-

2133 3542 2373 3617 γάζομαι
2425 3543 2580 3609 αὐτό,
2639 3541 2767 3597 ἁλλ’
2809 3546 2844 3613 ἡ
2894 3544 3120 3600 οἷ’κοῦσα
3175 3546 3226 3602 ἐν
3260 3545 3386 3622 ἐμοὶ
3436 3549 3694 3622 ἁμαρτία·
3753 3568 3775 3600 ι

2133 3630 2278 3702 ἥτις,
2330 3654 2359 3683 ιι
2392 3632 2914 3705 ἀντιστρατευομενη
2948 3636 3063 3707 (44)
3093 3640 3173 3708 τῷ
3202 3637 3359 3710 νόμῳ
3388 3642 3484 3691 τοῦ
3516 3642 3653 3693 Θεοῦ
3696 3635 3777 3692 καὶ

2132 3724 2229 3774 τοῦ
2258 3720 2384 3781 νοός
2418 3740 2545 3792 μου,
2583 3743 2610 3770 ››
2632 3719 2818 3797 φησὶν,
2850 3746 2879 3773 ‹‹
2907 3722 3310 3797 αῗχμαλωτίζει
3347 3747 3415 3799 με
3444 3723 3499 3781 ἔν
3530 3732 3613 3799 τῷ
3639 3727 3780 3799 νόμῳ

2131 3814 2232 3877 τῆς
2290 3807 2578 3880 ἁμαρτίας,
2629 3812 2708 3879 τῷ
2756 3805 2870 3864 ὄντι
2927 3809 2979 3865 ἐν
3027 3817 3147 3874 τοῖς
3179 3813 3370 3885 μέλεσι
3404 3836 3529 3888 μου.
3593 3813 3779 3871 Ταλαί-

2134 3917 2320 3971 πωρος
2354 3896 2459 3973 ἐγὼ
2488 3898 2793 3971 ἄνθρωπος·
2842 3900 2926 3962 τίς
2975 3921 3041 3973 με
3092 3900 3305 3977 ῥύσεται
3336 3902 3394 3958 ἐκ
3442 3907 3541 3959 τοῦ
3603 3903 3777 3977 σώμα-

2134 4007 2225 4048 τος
2252 3989 2348 4040 τοῦ
2380 3987 2606 4051 θανάτου
2630 3987 2867 4057 τούτους
2918 4012 2945 4040 ›ι
2978 3987 3144 4045 πάλιν
3202 4010 3261 4045 τε
3313 3989 3377 4045 αὖ
3410 3993 3626 4066 (κάμνει
3681 3991 3775 4067 γὰρ

2136 4073 2250 4130 οὐδ’
2308 4074 2458 4137 ὅπως
2501 4096 2587 4139 τις
2616 4074 2706 4129 οῦν
2735 4080 2846 4149 (45)
2877 4076 3155 4154 ὤφελεν)
3189 4079 3286 4134 οὐκ
3316 4081 3463 4136 ὀκνεῖ
3490 4082 3774 4157 ἐπιλέγειν·

2138 4187 2167 4215 ‹‹
2196 4164 2259 4220 Ὀ
2317 4164 2421 4238 γὰρ
2454 4164 2626 4235 νόμος
2652 4168 2749 4219 τοῦ
2807 4165 3116 4238 πνεύματος
3166 4170 3280 4243 (46)
3326 4168 3669 4244 ἠλευθέρωσέ
3717 4188 3775 4243 με

2138 4254 2243 4307 ἀπὸ
2288 4258 2385 4308 τοῦ
2442 4255 2616 4327 νόμου
2664 4262 2764 4325 τῆς
2818 4256 3087 4330 ἁμαρτίας
3145 4258 3235 4313 καί
3288 4264 3386 4315 τοῦ
3445 4262 3692 4325 θανάτου·
3745 4279 3769 4309 ι)

373 4340 483 4396 luti
516 4339 908 4396 concludere:
941 4361 971 4389 «
1003 4339 1117 4393 Lex
1145 4339 1303 4394 enim
1334 4338 1577 4409 spiritus
1612 4336 1881 4393 liberavit
1936 4355 2021 4394 me

2138 4341 2253 4396 ἐπεὶ
2285 4367 2312 4393 ‹‹
2348 4340 2437 4396 διὰ
2472 4347 2569 4397 τοῦ
2613 4343 2741 4397 Υἱοῦ
2801 4344 2827 4398 6
2878 4346 3007 4407 Θεὸς
3039 4346 3316 4422 κατέκρινε
3363 4350 3464 4418 τὴν
3524 4348 3771 4427 ἁμαρτίαν

376 4444 411 4484 a
441 4430 567 4502 lege
596 4429 822 4500 peccati
856 4433 916 4483 et
971 4429 1182 4483 mortis
1211 4444 1223 4481 :
1260 4451 1280 4479 ι
1311 4426 1594 4498 quoniam
1625 4446 1651 4475 σι
1682 4442 1787 4497 per
1816 4426 2021 4482 Filium

2139 4429 2189 4485 ἐν
2249 4435 2317 4503 τῇ
2375 4431 2553 4505 σαρκὶ,
2605 4430 2697 4487 ’ίνα
2750 4433 2812 4487 τὸ
2870 4431 3147 4508 δικαίωμα
3182 4412 3281 4491 τοῦ
3310 4412 3486 4511 νόμου
3517 4412 3768 4515 πληρωθῇ

378 4519 531 4574 Deus
562 4519 980 4575 condemnavit
1008 4524 1317 4591 peccatum
1354 4518 1416 4572 in
1447 4532 1646 4583 carne,
1706 4520 1772 4569 ut
1816 4518 2032 4587 justiﬁ-

379 4608 532 4662 catio
562 4608 708 4681 legis
740 4607 1061 4678 impleatur
1088 4607 1151 4661 in
1181 4606 1375 4675 nobis,
1409 4606 1509 4677 qui
1549 4620 1669 4659 non
1702 4604 2029 4662 secundum

451 4723 523 4793 (a)
557 4724 603 4778 II
630 4724 761 4778 Cor.
794 4740 875 4787 x1,
904 4724 955 4777 3.
1033 4722 1111 4794 (ὁ)
1141 4723 1165 4776 Ι
1193 4723 1350 4778 Petr.
1385 4740 1443 4785 ιι,
1479 4725 1562 4788 11,
1600 4724 1686 4786 12,
1725 4720 1808 4789 15,
1844 4723 1928 4803 16.
1998 4725 2056 4850 ἑο

451 4796 502 4850 7.
536 4795 638 4847 458
671 4795 781 4848 ED.
816 4794 1044 4849 PARIS.
1122 4793 1190 4850 (ε)
1224 4796 1391 4850 Rom.
1428 4810 1521 4850 vn.
1552 4796 1603 4848 7.
1681 4794 1751 4850 (Υ)
1781 4791 1928 4849 Ibid.
1967 4799 1987 4849 1
2037 4840 2050 4850 .

377 4791 514 4860 457,
536 4795 638 4847 458
671 4795 781 4848 ED.
816 4791 1049 4849 PARIS.
1093 4791 1190 4866 '(e)
1224 4796 1391 4850 Rom.
1428 4810 1521 4861 vn,
1552 4796 1603 4848 7.
1681 4794 1751 4863 (γ’)
1781 4791 1928 4849 Ibid.
1967 4799 1987 4849 1

379 4982 403 5032 Ι
621 4906 805 5033 Ilia-lan
865 4906 955 4983 ἔχ.
1016 4910 1102 4965 Ἑν
1159 4914 1277 4972 τοῖς
1335 4906 1538 4973 ἔθνεσιν
1582 4906 1802 4984 ἔχοντες
1829 4906 2029 4980 καλήν,

481 4996 589 5035 ΘῑΓ.
628 4997 691 5035 ll.

451 5051 567 5122 (40)
596 5048 904 5122 Ἐργασίαν.
967 5051 1260 5122 ’Ᾱγνωσίαν
1318 5055 1336 5108 Ι
1387 5056 1544 5110 Petr.
1577 5071 1636 5110 ιι.
1670 5055 1726 5110 Si
1759 5058 2035 5114 Clemen-

380 5122 454 5199 tis
487 5121 805 5199 le_cti_on_em
837 5121 1178 5199 sequamur,
1210 5142 1486 5199 «sensus
1521 5131 1844 5199 nAApostoli
1898 5133 2031 5198 erit,

378 5194 575 5265 inquit
604 5193 819 5253 Estius.
873 5216 900 5242 ‹‹
957 5195 1028 5247 Ut
1065 5196 1207 5249 dum
1255 5193 1649 5263 benefacitisf
1679 5193 2030 5259 adversariai

376 5264 596 5337 linguai
630 5282 750 5320 non
785 5264 1042 5319 habeant
1070 5267 1226 5335 quod
1252 5267 1471 5336 dicant,
1507 5275 1564 5323 et
1593 5272 1655 5323 in
1688 5289 1802 5342 quo
1854 5292 2032 5329 occu-

376 5344 629 5411 penturL
647 5361 673 5411 ξ

447 5412 560 5479 (41)
587 5406 657 5465 Τί
684 5405 771 5481 ἐρ.
788 5404 854 5462 Τί
888 5403 979 5481 οὖν
1011 5402 1088 5477 ἐρ.
1125 5407 1290 5481 Boni.
1324 5423 1421 5481 vn_.

449 5474 575 5562 (42)
605 5481 671 5562 '()_
702 5474 883 5562 ’νόμος
935 5474 1195 5562 ἁμαρτία.
1252 5478 1526 5562 Rectius,_
1566 5478 1603 5561 ,ὁ
1653 5478 1823 5562 νόμος
1850 5484 2027 5562 ἁμαρ.

375 5550 485 5620 τεά,
516 5550 836 5625 utrobique
895 5550 1187 5606 nominat.
1248 5564 1411 5618 casu,
1469 5550 1625 5605 utin
1681 5550 1848 5627 Vulg.
1891 5550 2024 5616 'Bib.

2059 4726 2075 4798 )
2106 4728 2274 4784 Rom.
2310 4745 2384 4795 v1,
2408 4732 2461 4793 2,
2496 4731 2546 4784 6.

2140 4518 2193 4575 ἐν
2250 4522 2412 4593 ἡμῖν,
2468 4525 2584 4582 τοῖς
2637 4522 2712 4594 μή
2769 4522 2906 4577 κατὰ
2959 4525 3129 4600 σάρκα
3176 4533 3591 4597 περιπατοῦσιν,
3647 4525 3770 4585 ἀλλᾶ

2138 4609 2275 4663 κατὰ
2328 4614 2564 4682 πνεῦμα.
2622 4634 2650 4661 »
2710 4611 2852 4686 Πρὸς
2896 4614 3114 4675 τούτοις
3158 4611 3236 4669 ἔτι
3268 4613 3668 4695 ἐπισαφηνίζων
3716 4613 3771 4670 τὰ

2299 4745 2384 4810 χι,
2408 4732 2476 4810 ε,
2496 4731 2546 4784 6.
2585 4727 3139 4810 Δ,(ὶιιξιιῄίιᾌιθμιχῇ
3161 4732 3222 4810 ι).
3254 4734 3356 4789 545
3380 4736 3491 4792 ΕΙ).
3517 4735 3768 4793 POTTER

2127 4803 2204 4869 (g)
2228 4798 2375 4854 Ibid.
2413 4803 2496 4855 n-
2579 4798 2658 4870 (ιι)
2685 4798 2835 4855 Ibid.
2871 4803 3081 4870 20,23,
3114 4806 3201 4860 24.

2142 4917 2309 4972 Rom.
2343 4933 2441 4972 v11.
2477 4916 2749 4973 SYLBURG.

2214 4988 2329 5063 (43)
2357 4988 2532 5063 Ἰῗξῦτο
2559 4985 2688 5063 έγφ.
2725 4987 2865 5063 Ἐγὼ
3117 4993 3283 5063 Βραι-

2208 5058 2562 5144 (44)Λ⁹ἸΙτις,
2600 5058 2860 5144 ήὰνίτιττρ.
2920 5058 3119 5144 Βλέπω
3178 5058 3235 5116 δὲ
3286 5059 3474 5144 ἕτερον
3522 5065 3685 5144 νόμον
3724 5062 3773 5144 ζν

2139 5135 2258 5190 τοῖς
2293 5126 2479 5210 μέλεσί
2525 5150 2630 5210 μου
2671 5126 3215 5210 ἀντιστρατευόμενον
3245 5139 3326 5207 τῷ
3354 5126 3510 5210 ν’όμῳ
3538 5126 3631 5193 τοῦ
3659 5135 3770 5197 νοός

2145 5188 2919 5293 μουζξκαΞὶαξγξμαλωτίζοντά
2948 5223 3017 5293 με
3044 5188 3608 5293 τῶ.νόμ.’ΒοῶΤ

2210 5276 2324 5361 (4ν5)
2381 5270 2544 5361 Οὐδτξ
2568 5274 2718 5336 ὅπως
2770 5270 2887 5361 τιςὶ
2910 5270 3051 5361 οὖν..
3084 5270 3139 5332 Si
3181 5270 3466 5361 legamus,
3498 5279 3610 5335 οὔδ’
3637 5279 3773 5361 dum;

2137 5364 2192 5422 τι
2218 5342 2336 5409 ὀῦν,
2370 5346 2797 5422 restringemus
2818 5346 2892 5422 ad
2910 5342 3410 5422 Paulum,alioqui
3432 5342 3773 5420 generaliter

2137 5364 2191 5397 τι
2223 5364 2336 5409 ουν,
2370 5364 2797 5473 resmriqgemus
2818 5364 2892 5403 aa
2910 5364 3410 5422 rau1um,auoqui
3432 5369 3620 5420 gener:

2136 5416 2565 5491 dictum_ext_en
2613 5424 2746 5473 etur
2771 5418 2844 5474 ad
2877 5434 3314 5491 quemcunque.
3350 5423 3620 5481 SYLBURG.

2217 5486 2695 5569 (4ς)11νεύματος,
2757 5486 3073 5562 Πνεῦματος
3126 5486 3227 5561 τῆς
3280 5495 3428 5562 ζωῆς
3473 5491 3527 5548 ἐν
3575 5490 3775 5569 Χριστῷ

2136 5556 2338 5631 Ἰησοῦ,
2371 5556 2538 5618 Rom.
