4034 6148
347 246 489 303 1177

1677 212 2128 302 ΒΤΒΟΜΑΤΠΜ
2165 241 2303 297 LIB.
2343 244 2443 298 In.

3625 202 3766 304 i178

342 368 734 445 προειρημένα,
766 362 980 438 ἐπιϐοᾷ’
1015 390 1045 420 ιι
1075 367 1149 424 Τό
1179 369 1273 441 μὲν
1307 372 1466 442 σῶμα
1494 368 1685 444 νεκρὸν
1717 365 1787 422 δι’
1819 367 1992 441 ἀμαρ-

2121 382 2353 421 zarnem
2384 366 2786 434 ambulamus,
2811 367 2915 422 sed
2940 369 3270 426 secundum
3299 370 3579 443 spiritum
3613 372 3710 446 (a).
3736 394 3758 423 ι

342 459 481 514 τίαν*
519 481 547 508 ››
580 456 790 527 δηλῶν,
825 457 897 518 ὡς
932 454 1015 512 ὅτι
1076 457 1152 529 μή
1203 458 1359 522 νεὼς,
1407 459 1579 522 τάφος
1626 456 1673 512 δ’
1726 456 1862 511 ἐστὶν
1922 455 2002 511 ἔτι

345 554 446 617 τῆς
478 550 663 621 ψυχῆς
698 548 830 619 (47)·
866 546 1105 616 ὁπηνίκα
1149 546 1249 621 γὰρ
1303 548 1535 621 ἀγιασθῇ
1565 547 1644 618 τῷ
1678 550 1816 617 Θεῷ,
1866 570 1894 599 ι(
1926 544 2002 603 Τὸ

347 637 568 708 Πνεῦμα
592 637 727 707 (4-8),
762 632 1049 701 ››ἐποίσει,
1103 657 1130 685 ιι
1164 638 1261 690 τοῦ
1310 632 1619 710 ἐγείραντος
1677 633 1738 690 ἐκ
1797 640 2000 710 νεκρῶν

346 726 557 796 Ἰησοῦν
589 723 729 780 οἰκεῖ
785 723 837 779 ἐν
899 724 1044 797 ὑμῖν³
1103 724 1162 786 ὃς
1208 727 1540 796 ζωοποιήσει
1598 725 1795 780 καὶτὰ
1833 725 2006 795 θνητά

345 811 573 886 σώματα
603 812 757 885 ὑμῶν
806 808 895 866 διὰ
940 816 1036 867 τοῦ
1087 811 1432 880 ἐνοικοῦντος
1473 812 1636 868 αὐτοῦ
1683 812 2000 886 ΙΙνεόματος

345 899 398 956 ἐν
446 901 599 974 ὑμῖν.
635 898 859 965 »Αὖθις
916 898 1029 968 οὖν,
1084 906 1203 963 τοῖς
1252 898 1576 977 φιληδόνοις
1614 899 1995 971 ἐπιπλήττων,

347 987 525 1045 ἐκεῖνα
576 988 920 1064 προστίθησι·
959 1013 987 1041 ιι
1018 989 1093 1045 Τὸ
1150 989 1255 1064 γὰρ
1306 988 1564 1062 φρόνημα
1618 995 1719 1059 τῆς
1781 990 1999 1063 σαρκὸς,

348 1079 595 1143 θάνατος.
639 1079 760 1134 Ὀτι
791 1078 849 1131 οἱ
876 1077 1012 1132 κατά
1068 1077 1238 1152 σάρκα
1298 1083 1494 1147 ζῶντες
1551 1078 1618 1132 τά
1671 1084 1771 1148 τῆς
1805 1079 2001 1153 σαρκὸς

348 1170 666 1246 φρονοῦσιν·
721 1166 812 1221 καὶ
876 1166 939 1221 τὸ
996 1166 1254 1242 φρόνημα
1298 1174 1398 1236 τῆς
1456 1172 1650 1242 σαρκὸς
1709 1162 1881 1242 ἔχθρα
1926 1168 2000 1230 εἷς

344 1251 495 1313 θεόν·
528 1260 609 1329 τῷ
638 1255 741 1331 γὰρ
794 1254 952 1329 νόμῳ
1004 1260 1102 1310 τοῦ
1159 1260 1294 1310 Θεοῦ
1352 1256 1462 1331 οὐχ
1520 1256 1896 1314 ὑποτάσσεται.
1932 1258 1999 1314 Οἱ

349 1342 407 1400 δὲ
462 1344 516 1401 ἐν
574 1344 731 1420 σαρκὶ
785 1344 996 1407 ὄντες»
1055 1343 1186 1420 οὐχ,
1247 1346 1322 1408 ὥς
1378 1367 1522 1409 τινες
1581 1344 1999 1429 δογματίζουσι,

355 1456 378 1487 ι
412 1438 527 1507 Θεῷ
559 1434 745 1508 ἀρέσαι
793 1433 855 1488 οὐ
888 1430 1163 1503 δύνανται,
1199 1458 1227 1485 ››
1270 1431 1393 1490 ἀλλ’
1441 1436 1515 1496 ὡς
1567 1436 1996 1511 προειρήκαμεν.

351 1526 487 1582 Εἶτα
525 1524 661 1595 πρὸς
708 1520 1123 1592 ἀντιδιαστολὴν
1153 1520 1333 1577 τούτω
1380 1527 1450 1597 τῇ
1481 1523 1783 1596 Ἐκκλησία
1812 1524 1996 1601 φησίν·

353 1614 590 1687 «Ὑμεῖς
624 1610 681 1667 δὶ
710 1609 810 1667 οὔκ
839 1612 955 1667 ἔστε
984 1611 1038 1667 ἐν
1066 1611 1245 1687 σαρκὶ,
1277 1610 1403 1667 ἀλλ’
1435 1611 1488 1667 ἐν
1528 1611 1820 1685 πνεύματι,
1851 1612 1998 1690 εἴπερ

347 1705 563 1774 πνεῦμα
588 1705 723 1756 Θεοῦ
755 1700 895 1756 οἶκεῖ
920 1699 973 1756 ἐν
1009 1701 1158 1774 ὑμῖν.
1193 1700 1257 1758 Εἰ
1291 1697 1349 1757 δέ
1375 1721 1460 1764 τις
1510 1705 1725 1775 πνεῦμα
1766 1706 2000 1777 Χριστοῦ

350 1791 453 1847 οὐκ
481 1785 623 1866 ἔχει,
656 1791 814 1853 οὗτος
865 1789 964 1845 οὐκ
1019 1788 1160 1845 ἔστιν
1212 1788 1398 1848 αὐτοῦ.
1459 1790 1520 1844 Εἰ
1581 1788 1640 1845 δὲ
1687 1791 1917 1864 Χριστὸς
1948 1789 2001 1846 ἐν

349 1877 501 1951 ὑμῖν,
522 1879 585 1933 τὸ
621 1878 717 1951 μὲν
745 1883 904 1951 σῶμα
933 1879 1121 1953 νεκρὸν
1157 1875 1227 1932 δι’
1255 1876 1547 1954 ἁμαρτίαν,
1578 1880 1641 1933 τὸ
1691 1876 1749 1934 δὲ
1791 1884 2006 1952 πνεῦμα

355 1970 469 2038 ζωὴ
521 1965 611 2022 διδ.
642 1965 1012 2038 δικαιοσύνην.
1043 1968 1186 2042 ’Ἄρα
1243 1964 1358 2032 οὖν,
1420 1964 1671 2045 ἀδελφοὶ,
1728 1966 2003 2043 ὀφειλέται

352 2057 512 2133 ὖσμῖεν
547 2059 609 2114 οὐ
638 2062 706 2124 τῆ
734 2058 889 2134 σαρκὶ
942 2061 1040 2113 τοῦ
1097 2058 1233 2112 κατά
1290 2058 1460 2132 σάρκα
1492 2061 1609 2131 ζῇν·
1643 2057 1688 2112 εἰ
1718 2060 1820 2132 γάρ
1870 2057 2006 2113 κατά

354 2149 524 2221 σάρκα
575 2151 727 2218 ζῆτε,
791 2144 1023 2220 μὲλλετε
1077 2147 1459 2216 ἀποθνήσκειν
1513 2146 1562 2200 εἴ
1617 2144 1674 2201 δὲ
1726 2147 2006 2218 πνεύματα

351 2238 445 2302 τάς
476 2240 698 2314 πράξεις
729 2243 827 2293 τοῦ
882 2237 1136 2311 σώματος
1198 2239 1507 2305 θανατοῦτε,
1541 2238 1784 2308 ζήσεσθε.
1836 2239 2001 2295 ’Όσοι

352 2329 456 2403 γάρ
515 2327 781 2401 πνεύματι
840 2332 974 2383 Θεοῦ
1026 2329 1266 2404 ἄγονται,
1299 2324 1449 2382 οὗτοί
1480 2326 1612 2380 εἰσιν
1647 2326 1756 2381 υἱοὶ
1787 2331 1941 2385 Θεοῦ.
1975 2351 2003 2381 ››

356 2416 458 2474 Καὶ
489 2419 627 2491 πρὸς
654 2419 752 2486 τὴν
786 2415 1048 2494 εὐγένειαν
1080 2419 1170 2472 καὶ
1201 2417 1338 2492 πρὸς
1390 2417 1490 2486 τὴν
1544 2414 1852 2490 ἐλευθερίαν
1906 2416 2005 2484 τὴν

354 2505 746 2568 καταπτόστως
804 2508 906 2561 ὑπὸ
988 2510 1097 2562 τῶν
1186 2503 1511 2582 ἑτεροδόξων
1600 2504 1955 2581 εδσαγομὲνην
1992 2548 2007 2573 ,

357 2591 440 2648 ἐπ’
470 2593 724 2670 ἀσελγείᾳ
751 2594 1153 2670 καυχωμένων,
1186 2595 1427 2672 ἐπιφέρει
1461 2591 1654 2669 λέγων’
1718 2618 1743 2644 ι(
1776 2593 1854 2650 Οὐ
1908 2593 2010 2667 γὰρ

363 2677 589 2739 ἰλάόετι
618 2688 829 2756 πνεῦμα
860 2681 1111 2745 δουλείας
1143 2685 1310 2737 πάλιν
1351 2682 1426 2744 εἰς
1482 2677 1674 2758 φόϐον,
1706 2680 1834 2736 ἀλλ’
1883 2679 2013 2734 ἐλά-

357 2764 481 2824 ϐετε
535 2770 749 2841 πνεῦμα
801 2769 1066 2830 υἱοθεσίας
1101 2814 1117 2840 ,
1177 2768 1229 2822 ἐν
1288 2770 1334 2841 ᾧ
1390 2773 1696 2843 κράζομεν,
1755 2761 1926 2822 Ἀὄῦἆ
1983 2767 2011 2821 ὁ

359 2860 569 2930 Πατήρ·
610 2881 638 2909 ››
686 2859 987 2926 τουτέστιν,
1041 2855 1116 2918 ε“ς
1155 2860 1316 2910 τοῦτο
1367 2853 1660 2927 ἐλάϐομεν,
1703 2853 1798 2909 ’ἱνα
1842 2855 2013 2932 γινώ-

359 2965 575 3019 σκωμεν
623 2952 845 3015 τοῦτον,
887 2948 933 3019 ᾧ
980 2945 1423 3021 προσευχόμεθα,
1472 2946 1564 3000 τὸν
1610 2950 1688 3017 τῷ
1747 2945 1862 3001 ὄντι
1907 2967 2012 3001 πα-

363 3035 515 3111 τὲρα,
545 3037 639 3091 τὸν
670 3040 779 3091 τῶν
807 3032 976 3091 ὄντων
1015 3030 1180 3108 μόνον
1224 3032 1453 3108 Πατέρα,
1484 3035 1576 3089 τὸν
1610 3034 1687 3098 εἷς
1738 3034 2013 3109 σωτηρίαν

2111 454 2333 509 Prater
2364 456 2487 509 hac
2518 456 2711 511 adhuc
2741 455 3051 512 declarans
3081 475 3172 524 ea,
3216 476 3347 529 qua
3396 461 3560 532 prius
3610 461 3771 519 dicta

2109 549 2268 609 sunt,
2304 544 2633 599 exclamat:
2668 567 2695 594 ‹‹
2730 546 2953 616 Corpus
3000 546 3243 616 quidem
3291 556 3592 605 mortuum
3623 569 3759 624 pro-

2108 636 2240 703 pter
2269 638 2579 704 peccatum
2606 649 2618 687 :
2646 658 2665 681 η
2699 634 3045 706 signiﬁcans
3070 636 3131 689 id
3153 653 3274 691 non
3299 654 3427 692 esse
3452 640 3768 711 templum,

2109 721 2213 775 sed
2244 722 2586 792 sepulcrum
2617 723 2852 778 anima.
2878 724 3123 789 Quando
3149 726 3309 779 enim
3328 728 3765 784 sanctiﬁcatum

2107 809 2289 866 fuerit
2315 813 2455 879 Deo,
2489 834 2517 861 «
2553 812 2804 884 Spiritus
2836 815 2989 886 ejus,
3016 837 3043 863 ››
3077 814 3276 881 infert,
3309 839 3336 865 «
3368 817 3469 887 qui
3513 818 3769 873 suscita-

2109 900 2190 953 vit
2216 901 2417 954 Jesum
2440 917 2474 955 a
2495 901 2768 967 mortuis,
2794 902 3023 958 habitat
3051 904 3110 959 in
3144 904 3304 959 vobis
3330 922 3343 958 :
3378 905 3479 976 qui
3511 906 3765 961 viviﬁca-

2107 987 2198 1042 bit
2229 989 2407 1044 etiam
2438 989 2716 1045 mortalia
2755 997 2949 1046 vestra
2969 1009 3239 1064 corpora,
3268 1010 3374 1065 per
3411 994 3540 1065 ejus
3583 994 3764 1066 Spiri-

2109 1081 2258 1143 tum,
2287 1078 2387 1148 qui
2418 1078 2648 1133 habitat
2667 1079 2729 1133 in
2752 1079 2915 1136 vobis
2938 1080 3032 1152 (b).
3058 1104 3085 1131 »
3119 1085 3342 1137 Rursus
3375 1083 3575 1154 itaque
3599 1084 3764 1140 volu-

2109 1167 2332 1239 ptarios
2364 1168 2705 1240 increpans,
2740 1169 2843 1225 illa
2871 1171 3076 1243 adjicit
3103 1189 3115 1225 :
3181 1196 3201 1222 ι
3234 1173 3559 1228 Prudentia
3600 1174 3760 1228 enim

2106 1256 2327 1323 carnis,
2362 1273 2560 1325 mors;
2596 1258 2879 1329 quoniam
2929 1261 3030 1331 qui
3089 1277 3161 1316 ex
3214 1278 3392 1317 carne
3442 1262 3659 1330 vivunt,
3696 1280 3765 1319 ea

2108 1362 2240 1416 qua
2272 1351 2412 1400 sunt
2433 1347 2654 1411 carnis,
2687 1348 2949 1420 cogitant
2975 1366 2987 1416 ;
3024 1355 3083 1404 et
3112 1350 3429 1421 prudentia
3455 1353 3652 1407 carnis
3673 1358 3766 1407 est

2109 1451 2244 1490 cum
2263 1435 2381 1489 Deo
2407 1451 2611 1504 gerere
2635 1435 2981 1493 inimicitias
3006 1455 3019 1504 ;
3045 1438 3158 1511 legi
3183 1440 3343 1494 enim
3368 1440 3469 1494 Dei
3493 1458 3613 1495 non
3632 1441 3765 1496 sub-

2100 1523 2330 1595 jicitur.
2365 1524 2473 1589 Qui
2505 1529 2705 1579 autem
2730 1530 2869 1581 sunt
2890 1527 2953 1581 in
2986 1544 3184 1598 carne,
3223 1553 3243 1581 δ
3282 1545 3401 1583 non
3424 1534 3490 1583 ut
3518 1530 3763 1600 quidam

2110 1611 2460 1680 decernunt,
2495 1634 2523 1662 «
2557 1615 2675 1668 Deo
2714 1614 2950 1685 placere
2994 1633 3115 1670 non
3166 1623 3437 1688 possunt,
3473 1640 3501 1667 »
3552 1618 3655 1673 sed
3701 1625 3767 1674 ut

2110 1701 2275 1773 prius
2336 1701 2614 1757 diximus.
2674 1703 2900 1758 Deinde
2955 1709 3021 1758 ut
3077 1720 3179 1759 eos
3235 1705 3581 1778 distinguat,
3616 1706 3762 1761 dicit

2112 1790 2388 1846 Ecclesia
2416 1806 2429 1845 :
2461 1811 2492 1843 ιι
2527 1792 2638 1846 Vos
2670 1797 2869 1847 autem
2918 1810 3038 1847 non
3070 1794 3213 1849 estis
3246 1797 3390 1850 I97
3451 1796 3511 1850 in
3562 1812 3763 1861 carne,

2112 1880 2218 1936 sed
2247 1882 2309 1935 in
2331 1881 2566 1952 spiritu,
2593 1882 2642 1935 si
2674 1882 2916 1952 quidem
2939 1883 3183 1954 spiritus
3206 1884 3308 1939 Dei
3332 1885 3559 1941 habitat
3581 1886 3641 1940 in
3666 1902 3767 1939 vo-

2110 1972 2223 2027 bis.
2256 1973 2313 2027 Si
2336 1972 2470 2043 quis
2501 1978 2698 2027 autem
2740 1973 3015 2043 spiritum
3065 1975 3282 2029 Christi
3328 1991 3448 2031 non
3485 1976 3679 2041 habet,
3714 1977 3765 2030 is

2112 2077 2231 2116 non
2263 2067 2354 2116 est
2381 2061 2531 2132 ejus.
2566 2061 2623 2116 Si
2656 2066 2855 2117 autem
2896 2063 3164 2118 Christus
3213 2063 3274 2118 iu
3313 2064 3498 2132 vobis,
3550 2082 3765 2137 corpus

2113 2150 2356 2222 quidem
2379 2157 2468 2205 est
2488 2156 2786 2205 mortuum
2811 2168 2917 2221 per
2945 2158 3275 2222 peccatum,
3301 2153 3546 2225 spiritus
3567 2160 3765 2209 autem

2112 2240 2274 2295 vivus
2301 2256 2407 2311 per
2428 2240 2748 2312 justitiam.
2783 2240 3088 2296 Debitores
3121 2242 3321 2312 itaque
3371 2260 3600 2310 sumus,
3646 2243 3767 2299 fra-

2114 2333 2256 2397 tres,
2290 2347 2409 2385 non
2440 2330 2627 2396 carni,
2658 2334 2723 2384 ut
2748 2329 3077 2385 secundum
3102 2348 3341 2386 carnem
3382 2333 3663 2391 vivamus.
3710 2332 3767 2386 Si

2116 2420 2278 2474 enim
2306 2419 2636 2473 secundum
2666 2434 2910 2472 carnem
2936 2419 3147 2485 vivitis,
3181 2419 3324 2473 estis
3371 2420 3643 2474 morituri
3671 2436 3683 2473 :
3724 2420 3774 2474 si

2116 2524 2251 2561 vero
2287 2507 2498 2579 spiritu
2535 2506 2691 2561 facta
2736 2507 2934 2561 carnis
2987 2508 3501 2577 mortiﬁcaveritis,
3545 2508 3766 2563 vivetis.

2119 2595 2468 2663 Quicunque
2500 2595 2660 2648 enim
2679 2594 2892 2665 spiritu
2911 2595 3012 2650 Dei
3045 2600 3320 2668 aguntur,
3350 2600 3414 2663 ›χ‹
3439 2596 3478 2649 ii
3495 2602 3635 2650 sunt
3657 2596 3765 2650 filii

2118 2683 2241 2738 Dei.
2265 2706 2285 2730 ι
2306 2684 2375 2736 Et
2387 2681 2668 2737 adversus
2683 2683 3056 2738 nobilitatem
3072 2683 3421 2738 etadversus
3435 2684 3771 2739 libertatem

2118 2786 2250 2840 qua
2263 2769 2707 2825 exsecrabiliter
2719 2771 2791 2827 ab
2805 2771 3037 2843 iis.qua
3052 2772 3445 2828 suntdiversa
3461 2774 3773 2828 sententia

2118 2859 2650 2932 introducitur,qui
2671 2860 2742 2915 de
2759 2860 3001 2916 libidine
3015 2862 3778 2935 gloriantur,subjungitdi-

2119 2965 2291 3004 cens:
2312 2971 2340 2998 ‹‹
2362 2951 2489 3005 Non
2516 2950 2670 3003 enim
2691 2950 3004 3021 accepistis
3029 2952 3303 3024 spiritum
3324 2952 3625 3008 servitutis
3645 2969 3775 3007 rur-

2121 3055 2220 3093 sus
2244 3039 2305 3093 in
2338 3039 2635 3106 timorem,
2671 3039 2773 3094 sed
2807 3041 3119 3111 accepistis
3145 3042 3420 3113 spiritum
3443 3040 3780 3113 adoptionis

357 3107 687 3180 παιδεύοντα
741 3126 816 3188 ὡς
872 3107 1098 3200 πατέρα,
1131 3124 1219 3179 καὶ
1274 3126 1366 3178 τὸν
1395 3118 1562 3201 φόϐον
1616 3122 1832 3179 ἀπειλεῖ
1878 3107 2008 3197 (49).

2128 3127 2411 3193 ﬁliorum,
2446 3128 2508 3183 in
2539 3147 2657 3201 quo
2690 3107 3040 3191 clamamus,
3064 3107 3229 3184 Abba
3257 3133 3432 3185 Pater
3456 3132 3522 3200 (c)
3548 3107 3579 3197 ;’
3599 3153 3625 3178 η
3661 3130 3777 3184 hoc

360 3221 469 3276 est.
502 3216 577 3273 ad
608 3217 721 3273 hoc
750 3217 1112 3290 accepimus,
1144 3220 1211 3271 ut
1241 3231 1667 3289 cognoscamus
1699 3231 1856 3283 eum,
1891 3233 2069 3287 quem
2102 3233 2361 3285 oramus,
2395 3218 2496 3288 qui
2555 3224 2645 3273 est
2700 3233 2832 3272 vere
2882 3218 3055 3272 Pater
3103 3219 3205 3289 qui
3253 3237 3455 3274 rerum
3509 3219 3777 3275 omnium

358 3303 524 3361 solus
555 3311 645 3362 est
664 3309 856 3375 Pater,
889 3305 990 3377 qui
1020 3305 1095 3361 ad
1127 3304 1381 3361 salutem
1412 3304 1608 3359 erudit
1637 3309 1696 3360 et
1724 3305 1972 3378 castigat
1998 3310 2066 3360 ut
2096 3312 2284 3379 pater,
2318 3311 2377 3361 et
2407 3306 2679 3361 timorem
2711 3305 2990 3361 minatur.

1876 3451 2103 3507 CAPUT
2140 3451 2261 3506 XII.

654 3551 832 3607 Verba
857 3549 1112 3616 Apostoli
1138 3551 1170 3604 Ι
1194 3550 1318 3604 Cor.
1353 3564 1445 3616 vn,
1479 3550 1533 3616 5,
1568 3549 1656 3616 39,
1689 3549 1780 3618 40,
1811 3547 2033 3618 aliaque
2071 3550 2130 3604 S.
2179 3550 2481 3620 Scriptura
2531 3548 2649 3604 loca
2677 3549 2863 3605 eodem
2891 3551 3197 3621 spectantia
3227 3549 3492 3620 emplicat.

432 3667 499 3723 Ἡ
530 3663 588 3721 δὲ
636 3664 696 3720 ἐκ
745 3664 1042 3741 συμφώνου
1073 3665 1184 3735 (50)
1226 3662 1365 3734 πρὸς
1419 3660 1607 3736 καιρὸν
1665 3660 2016 3734 σχολάζουσα

360 3760 431 3830 τῇ
487 3756 772 3829 προσευχῇ
839 3750 1067 3825 συζυγία
1122 3749 1437 3825 ἐγκρατείας
1496 3749 1606 3804 ἐστὶ
1668 3746 2012 3804 διδασκαλία·

362 3845 669 3918 προσέθηκε
703 3844 807 3917 γάρ
867 3842 930 3896 τὸ
988 3842 1083 3913 μὶν
1115 3863 1142 3891 ι‹
1176 3837 1235 3893 ἐκ
1265 3838 1584 3915 συμφώνου,
1619 3862 1647 3890 ››
1700 3836 1793 3893 ’ίνα
1823 3841 1899 3912 μή
1931 3860 2016 3901 τις

366 3931 597 4007 διαλύσῃ
630 3932 721 3986 τὸν
766 3930 966 4004 γάμον,
1004 3951 1030 3982 α
1060 3928 1200 3998 πρὸς
1238 3927 1430 4001 καὶρὸν
1462 3923 1537 3993 δὲ,
1570 3950 1597 3977 ››
1630 3927 1704 3989 ὡς
1751 3928 1851 3999 μή,
1881 3928 2019 3981 κατᾶ

363 4020 606 4095 ἀνάγκην
666 4015 1003 4088 ἐπιτηδεύων
1063 4016 1162 4083 τήν
1223 4013 1537 4089 ἐγκράτειαν
1570 4016 1598 4068 ό
1638 4017 1840 4090 γήμας,
1895 4014 2021 4070 ὀλι-

364 4111 538 4182 σθήσῃ
594 4108 727 4162 ποτὲ
787 4107 866 4168 εἷς
930 4104 1224 4179 άμαρτίαν,
1284 4099 1465 4181 φειδοῖ
1518 4102 1613 4174 μὲν
1671 4110 1768 4172 τῆς
1828 4105 2019 4159 ἑαυτοῦ

365 4197 641 4270 συζυγίας,
676 4192 935 4265 ἐπιθυμίᾳ
966 4190 1024 4247 δὲ
1056 4189 1327 4265 ἀλλοτρίᾳ
1374 4190 1704 4265 περιπεσών.
1754 4196 1817 4270 ’ῼ
1863 4190 2018 4267 λόγῳ

363 4284 453 4340 καὶ
483 4285 576 4338 τὸν
608 4284 945 4357 ἀσχημονεῖν
979 4284 1088 4354 (51)
1136 4281 1322 4334 ἑαυτὸν
1381 4277 1469 4335 ἐπὶ
1525 4284 1596 4353 τῇ
1653 4282 2017 4355 παρθενοτρο-

367 4372 463 4448 φίᾳ
513 4365 975 4443 ὑπολαμϐάνοντα
1022 4370 1206 4429 καλῶς
1268 4368 1345 4429 εἰς
1401 4366 1577 4443 γάμον
1636 4365 1889 4423 ἐκδώσειν
1918 4372 2018 4439 τὴν

370 4462 632 4537 θυγατερα
685 4456 893 4532 ἔλεγεν.
950 4458 1021 4515 Ἥ
1078 4456 1331 4533 πρόθεσίς
1385 4478 1444 4512 τε
1500 4457 1753 4526 ἑκάστου,
1811 4462 1912 4513 τοῦ
1962 4480 2021 4514 τε

366 4551 555 4607 ἑαυτὸν
607 4548 1024 4624 εὐνουχίσαντος
1067 4552 1164 4603 τοῦ
1215 4569 1274 4603 τε
1335 4548 1401 4602 αὗ
1448 4546 1613 4623 γάμῳ
1671 4545 1760 4603 διά
1813 4547 2017 4604 παιδο-

362 4641 544 4695 ποιίαν
595 4637 963 4708 συζεύξαντος,
1012 4634 1294 4699 ἀνένδοτος
1353 4636 1488 4711 πρὸς
1540 4638 1603 4692 τὸ
1633 4639 1794 4707 ἧττον
1828 4635 2020 4712 διαμε-

2196 3664 2362 3728 Quod
2394 3670 2592 3719 autem
2630 3688 2649 3712 ι
2688 3681 2759 3719 ex
2787 3680 3085 3719 consensu
3116 3663 3189 3718 ad
3238 3669 3471 3734 tempus
3520 3663 3778 3719 orationi

2125 3757 2292 3807 vacat
2314 3774 2342 3801 υ
2373 3752 2738 3825 conjugium,
2771 3752 3042 3807 doctrina
3064 3758 3153 3807 est
3168 3751 3575 3807 continentia.
3606 3752 3780 3822 Adje-

2127 3841 2210 3896 cit
2244 3841 2405 3895 enim
2437 3840 2588 3895 illud
2621 3841 2883 3912 quidem,
2932 3864 2958 3891 «
2994 3857 3063 3895 ex
3116 3857 3431 3907 consensu,
3477 3860 3505 3889 »
3537 3857 3611 3895 ne
3644 3840 3777 3911 quis

2127 3929 2477 3985 dissolveret
2507 3930 2987 3997 matrimonium;
3022 3928 3097 3984 ad
3121 3934 3353 4000 tempus
3383 3933 3581 3984 autem
3614 3928 3714 3999 (τι),
3751 3951 3779 3979 ››

2126 4035 2226 4086 ne,
2250 4018 2391 4073 dum
2409 4035 2480 4073 ex
2500 4019 2855 4074 necessitate
2873 4024 3107 4073 exercet
3127 4018 3556 4073 continentiam
3578 4017 3651 4084 is,
3676 4018 3777 4088 qui

2127 4102 2373 4165 uxorem
2416 4109 2670 4177 duxerit,
2704 4108 2940 4165 labatur
2967 4109 3028 4163 in
3068 4114 3395 4180 peccatum,
3420 4113 3477 4163 et
3502 4108 3641 4165 dum
3674 4125 3780 4163 suo

2130 4199 2406 4271 conjugio
2439 4199 2648 4270 parcit.
2682 4198 2945 4254 alienum
2969 4198 3372 4270 concupiscat.
3397 4199 3523 4263 Qua
3549 4196 3781 4253 ratione

2130 4303 2289 4354 eum,
2321 4287 2420 4358 qui
2446 4302 2507 4341 se
2535 4285 2814 4341 indecore
2845 4302 3049 4358 gerere
3073 4286 3393 4353 existimat,
3421 4284 3581 4356 quod
3605 4284 3781 4356 virgi-

2129 4391 2267 4429 nem
2290 4375 2430 4443 alat,
2462 4381 2621 4429 recte
2652 4391 2783 4430 eam
2822 4374 2967 4430 dicit
3014 4391 3142 4430 esse
3194 4379 3447 4446 nuptum
3478 4373 3780 4428 daturum.

2131 4466 2347 4518 Verum
2377 4463 2813 4535 unusquisque,
2847 4468 2969 4518 tam
3001 4464 3049 4518 is
3082 4464 3182 4534 qui
3234 4464 3566 4519 castitatem
3618 4462 3782 4516 dele-

2129 4553 2231 4626 git,
2264 4569 2443 4623 quam
2474 4551 2524 4605 is
2556 4551 2657 4622 qui
2680 4556 2922 4623 propter
2950 4552 3275 4607 liberorum
3304 4551 3779 4624 procreationem

2131 4641 2395 4712 seipsum
2424 4640 2735 4712 conjunxit
2764 4640 3169 4708 matrimonio,
3203 4641 3264 4695 in
3315 4658 3421 4696 suo
3474 4641 3781 4712 proposito

433 4784 1017 4860 (a)Rom._vn_1,_2_,_3_,
1050 4784 1210 4860 aug)
1231 4783 1416 4860 _Ibid.,
1455 4787 1660 4860 10,11.
1696 4784 1769 4857 (ο)
1799 4784 1946 4841 Ibid.
1972 4785 2008 4839 5

2142 4789 2194 4855 7,
2228 4788 2280 4856 8,
2310 4789 2364 4854 9,
2399 4789 2488 4857 ιο,
2523 4788 2608 4853 12,
2643 4785 2730 4854 13,
2766 4787 2851 4853 ιι,
2887 4788 2974 4841 15.
3021 4787 3085 4852 -x<
3113 4787 3178 4842 P.
3210 4787 3312 4840 346
3342 4786 3457 4840 ED.
3485 4785 3780 4854 POTTER,

363 4853 621 4928 458,459
652 4856 765 4913 ΕΙ).
799 4854 1028 4910 PARIS.
1057 4853 1137 4926 (ά)
1169 4854 1194 4908 Ι
1221 4855 1350 4910 Cor.
1386 4872 1484 4917 vn,
1525 4858 1579 4910 5.

436 4994 979 5078 (47)__qu>qc.-.utﬁc
1020 4999 1228 5078 ψυχῆς.
1279 5000 1444 5056 Plato
1476 5000 1558 5078 _in
1605 5000 1829 5078 qutylo
1881 5017 2013 5078 pag.

368 5076 474 5131 275
499 5070 645 5129 εΚαί
673 5070 778 5146 γάρ
810 5075 962 5146 σῆμα
1015 5070 1182 5146 τινες.
1217 5090 1375 5146 φασιν
1429 5070 1563 5124 αὐτὸ
1621 5073 1827 5141 (σῶμα)
1864 5070 2016 5146 ιέῑνᾶι

363 5152 464 5213 τῆς
520 5141 707 5219 ψυχῆς
811 5142 888 5227 ὡς
943 5141 1289 5225 τεθαμμένης
1345 5142 1411 5227 ἐν.
1449 5146 1530 5213 τῷ
1584 5146 1674 5194 νῦν
1699 5215 1709 5225 ⁸
1735 5141 1962 5227 παρόντι
1999 5162 2012 5175 ⁸

370 5238 391 5267 ι
424 5215 651 5289 Corpus
678 5215 843 5272 enim
874 5216 986 5289 hoc
1015 5216 1231 5269 anima
1249 5215 1584 5289 sepulcrum
1610 5215 1852 5285 quidam
1886 5231 2014 5289 esse

364 5290 608 5346 tradunt
666 5305 678 5342 :

368 5361 619 5433 sepulta.
642 5380 684 5433 ἒ»

436 5428 547 5502 (48)
592 5431 664 5484 Τὸ
684 5431 946 5502 ⁸[Ινεΰμιοι⁸
998 5429 1136 5492 Qua
1184 5434 1547 5502 sequuntur,
1581 5428 1926 5499 imperfecte
1956 5434 2016 5484 et

363 5497 653 5628 agam:
680 5497 768 5555 διὰ
820 5500 1047 5573 μνήμης
1077 5497 1299 5555 recitat“
1316 5507 1523 5557 auctor
1572 5515 1644 5555 ex
1667 5497 1859 5555 'Rom.
1893 5516 2011 5564 vm,

405 5616 420 5644 θ
486 5615 501 5641 ³
572 5616 588 5646 7
661 5614 676 5629 ⁸

738 5286 909 5358 quasi
967 5286 1097 5357 ipsa
1162 5286 1443 5357 prasenti
1500 5287 1563 5341 in
1616 5292 1882 5358 tempore
1942 5287 2018 5341 sit

2196 5002 2311 5074 (49)
2371 4998 2642 5074 Ἐὰνλτὸν
2698 4995 2867 5073 φόϐον
2955 4999 3174 5057 ἀπειλεῖ
3253 5003 3478 5074 Exponi
3532 5007 3773 5073 potest,

2131 5091 2154 5120 ι
2189 5072 2468 5156 idemque
2496 5072 2996 5156 timorem‘abigit
3015 5092 3032 5156 _:
3070 5095 3105 5156 gr
3156 5079 3222 5130 ut
3246 5072 3366 5156 non
3394 5074 3492 5156 ‘ad
3533 5072 3777 5156 Patrem

2126 5150 2372 5214 spectet.
2406 5143 3295 5213 quemadmodum‘existimavit
3323 5147 3637 5217 interpres,
3672 5144 3775 5199 sed

2123 5215 2196 5297 ad
2230 5215 2504 5297 spiritum
2527 5214 2887 5296 adoptionis,
2912 5233 3088 5287 quem
3112 5219 3359 5290 opponit
3389 5216 3622 5288 spiritui
3646 5232 3772 5270 ser-

2121 5292 2322 5341 vitutis
2353 5302 2420 5341 ac
2450 5292 2701 5341 timoris.

2193 5362 2303 5427 (50p
2335 5358 2432 5412 Ἐκ
2479 5357 2799 5430 συμφώνου.
2862 5358 3193 5430 Respicit}
3228 5361 3372 5430 ACor.
3405 5372 3501 5430 vn,
3553 5358 3626 5409 5:
3678 5354 3773 5430 Μὴ

2193 5377 2303 5427 (ουν
2335 5377 2432 5412 ἰιικ
2479 5377 2542 5409 συ
2593 5377 2799 5420 φωνου.
2862 5377 3124 5430 nesplcn
3170 5377 3193 5412 1
3242 5377 3372 5413 uor.
3405 5377 3501 5417 vn,
3553 5377 3626 5409 o:
3678 5377 3773 5422 ινιη

2120 5426 2471 5508 ἀποστερεῖτε
2516 5377 2824 5508 ἀλλήλους,
2858 5427 2904 5508 εἰ
2940 5429 3016 5501 μή
3049 5449 3105 5508 τι
3131 5426 3190 5483 ἂν
3224 5425 3283 5508 ἐκ
3308 5425 3604 5508 συμφώνου
3636 5425 3775 5508 ⁸πρὸς

2118 5496 2448 5574 καιρὸνέτίνα
2475 5498 2793 5574 σχολάζητε
2813 5496 2888 5571 τῇ
2919 5496 3144 5574 νηστεία
3172 5498 3259 5553 καὶ
3297 5496 3698 5574 τῆπροσευχῇζ

2194 5521 2208 5554 ι
2250 5521 2330 5567 ον,
2368 5521 2448 5554 ινα
2475 5521 2793 5574 σχοΑαςητε
2821 5521 2888 5571 τῃ
2921 5521 3144 5569 νηστειᾳ
3172 5521 3259 5553 και
3297 5521 3363 5561 τη
3393 5521 3433 5550 π
3472 5521 3479 5547 ι

2189 5521 2300 5645 (ξι)
2334 5571 2723 5647 ’Δσχημονεῖν.
2756 5572 3019 5644 Respicit
3045 5573 3071 5627 Ι
3097 5573 3227 5629 Cor.
3262 5585 3356 5637 vn,
3389 5521 3479 5624 3g.
