4034 6148
349 220 491 284 1179

1589 218 2001 282 CLEMENTIS
2036 221 2537 279 ALEXANDBINI

3626 225 3757 283 1180

349 347 601 405 ﬁrmiter
629 346 807 404 debet
833 363 1228 422 perseverare,
1263 363 1373 403 nec
1404 347 1466 402 in
1499 348 1759 403 deterius
1813 347 1974 401 deﬂe-

2107 364 2218 399 νειν
2251 342 2482 422 ὀφείλει.
2517 346 2579 402 Εἰ
2630 346 2723 417 μὲν
2770 342 2873 423 γὰρ
2915 343 3178 401 ἐπιτεῖναι
3221 345 3333 409 οἷός
3372 366 3433 402 τε
3479 344 3627 403 ἔσται
3669 350 3755 405 τὸν

348 443 527 495 ctere.
551 439 608 495 Si
628 440 788 495 enim
815 440 943 493 vitas
967 455 1087 493 suae
1106 437 1443 493 institutum
1467 453 1684 510 augere
1715 452 1782 490 ac
1804 436 1998 490 inten-

347 526 487 583 dere
518 529 754 600 poterit,
786 528 1075 599 majorem
1099 525 1210 580 sibi
1235 525 1394 597 apud
1418 527 1598 580 Deum
1631 525 1887 595 acquirit
1907 524 1995 579 di-

2113 431 2252 507 βίον,
2290 431 2513 505 μείζονα
2550 432 2697 506 ἀξίαν
2758 432 2811 488 ἐν
2839 438 2955 506 Θεῷ
3012 433 3172 496 αὐτὸς
3231 435 3408 507 ἑαυτῷ
3465 439 3751 510 περιποιής

2109 541 2278 589 σεται,
2327 524 2581 594 καθαρῶς
2641 521 2754 594 ἅμα
2801 520 2890 576 καὶ
2953 520 3362 599 λελογισμένως
3417 522 3756 600 ἐγκρατευσᾶ-

345 618 652 692 gnitatem,
682 622 922 688 propter
950 631 1162 687 puram
1194 621 1253 670 et
1282 632 1352 670 ex
1397 615 1625 670 ratione
1669 613 1974 686 profectan

2109 629 2286 683 pavo:
2317 610 2361 664 εἰ
2395 607 2454 665 δὲ
2480 605 2718 686 ὑπερϐὰς
2748 616 2861 684 (52)
2891 612 2949 666 ’ὀν
2986 608 3164 668 ε’ίλετο
3191 613 3388 667 κανόνα
3418 612 3494 675 εἷς
3538 613 3758 687 μείζονα

345 705 796 763 continentiam.
821 705 877 759 Si
899 710 1099 759 autem
1123 720 1274 768 eam,
1301 720 1479 775 quam
1507 704 1703 777 elegit,
1726 703 1994 776 regulam

342 795 726 866 superaverit,
758 793 821 848 in
855 794 1142 866 majorem
1167 794 1381 849 deinde
1422 793 1496 850 ad
1528 810 1694 866 spem
1743 793 1994 866 gloriam

340 882 584 940 recidet.
621 882 803 939 Habet
834 884 995 938 enim
1027 883 1181 939 sicut
1206 884 1467 950 castitas,
1489 883 1569 937 ita
1586 883 1763 937 etiam
1788 883 1991 936 matri-

339 972 609 1027 monium
641 972 883 1044 propria
924 989 1178 1028 munera
1232 978 1289 1027 et
1341 972 1694 1040 ministeria,
1728 988 1859 1043 quae
1917 971 1991 1026 ad

335 1062 655 1118 Dominum
684 1062 1007 1134 pertinent,
1042 1062 1324 1129 ﬁliorum,
1359 1062 1624 1133 inquam,
1659 1078 1860 1117 curam
1888 1078 1985 1134 ge-

334 1167 465 1207 rere
499 1157 557 1206 et
585 1151 803 1207 uxoris.
833 1151 1000 1217 Quod
1030 1152 1191 1206 enim
1219 1152 1467 1207 honeste
1490 1156 1768 1206 causatur
1789 1150 1858 1215 is,
1885 1150 1984 1222 qui

334 1246 423 1297 est
451 1240 513 1296 in
545 1240 925 1296 matrimonio
956 1240 1275 1312 perfectus,
1302 1245 1392 1296 est
1420 1239 1681 1312 conjugii
1713 1239 1983 1294 necessi-

331 1330 497 1396 tudo,
530 1335 595 1385 ut
625 1330 724 1401 qui
758 1329 1025 1385 omnium
1085 1346 1285 1385 curam
1341 1346 1408 1385 ac
1461 1328 1891 1402 providentiam
1924 1329 1985 1384 in

331 1418 510 1475 domo
541 1419 845 1475 communi
877 1418 1224 1474 ostenderit.
1262 1421 1343 1474 Ac
1382 1418 1654 1490 proinde,
1692 1439 1720 1468 «
1753 1418 1982 1490 episco-

332 1526 463 1582 pos,
513 1530 542 1558 »
598 1508 811 1580 inquit,
872 1513 1105 1580 Oportet
1162 1507 1468 1575 constitui,
1520 1508 1622 1579 qui
1680 1524 1749 1562 ex
1805 1507 1980 1563 domo

330 1598 571 1671 propria
601 1598 707 1653 toti
738 1614 976 1669 quoque
1033 1597 1311 1654 Ecclesiaa
1357 1614 1614 1670 praeesse
1667 1597 1789 1652 sint
1844 1614 1979 1653 me-

331 1687 521 1744 ditati.
582 1709 610 1737 «
646 1687 1123 1758 Unusquisque»
1186 1704 1345 1761 ergo,
1407 1708 1434 1736 «
1476 1688 1539 1742 in
1571 1703 1688 1758 quo
1740 1692 1980 1742 vocatus

331 1778 506 1849 est(a)
526 1799 554 1827 ››
572 1793 748 1849 opere
771 1777 1171 1833 ministerium
1192 1782 1525 1850 peragat,ut
1543 1777 1694 1832 liber
1715 1777 1777 1831 in
1798 1777 1983 1832 Chris-

327 1872 387 1923 to
420 1867 542 1936 fiat,
575 1871 634 1921 et
657 1865 918 1921 debitam
971 1865 1304 1921 ministerio
1354 1883 1459 1921 suo
1513 1866 1851 1921 mercedem
1884 1882 1979 1922 ac-

328 1956 529 2029 cipiat.
562 1957 632 2009 Et
662 1970 866 2010 rursus
897 1954 968 2009 de
1000 1954 1129 2027 lege
1177 1954 1501 2023 disserens,
1533 1960 1711 2010 utens
1755 1955 1979 2027 allego-

327 2045 464 2101 ria:
507 2044 711 2098 «Nam
761 2059 892 2114 quas
948 2043 1054 2098 sub
1087 2043 1208 2097 viro
1259 2048 1350 2097 est
1405 2043 1641 2111 mulier,
1676 2064 1704 2091 »
1762 2043 1977 2114 inquit,

329 2156 359 2184 «
391 2131 603 2187 viventi
625 2132 747 2186 viro
769 2131 1008 2205 alligata
1039 2136 1124 2187 est
1148 2132 1276 2205 lege
1299 2133 1403 2201 (b),
1430 2154 1456 2181 »
1488 2138 1688 2203 etquae
1715 2148 1976 2203 sequun-

331 2227 446 2277 tur.
470 2224 541 2276 Et
584 2238 825 2276 rursus:
863 2243 886 2272 ιι
922 2220 1134 2276 Multer
1168 2227 1259 2276 est
1310 2220 1571 2294 alligata,
1601 2221 1865 2293 quandiu
1894 2221 1980 2275 vi-

327 2311 410 2367 vit
434 2310 498 2374 is
518 2311 604 2365 vir
634 2313 761 2382 ejus
786 2328 800 2379 ;
833 2311 925 2366 sin
947 2316 1145 2366 autem
1168 2317 1436 2366 mortuus
1456 2310 1654 2378 fuerit,
1678 2310 1867 2366 libera
1889 2316 1980 2366 est

322 2406 391 2457 ut
418 2400 624 2468 nubat,
649 2399 824 2455 modo
857 2401 919 2455 in
947 2401 1217 2456 Domino.
1248 2402 1424 2455 Beata
1451 2405 1540 2455 est
1583 2406 1779 2456 autem
1809 2400 1856 2454 si
1889 2399 1975 2455 sic

317 2489 717 2564 permanserit
731 2506 862 2544 mea
877 2489 1119 2561 quidem
1136 2490 1526 2562 sententia(c).
1538 2511 1565 2539 ››
1580 2489 1689 2545 Sed
1706 2490 1765 2544 in
1779 2489 1975 2561 priore

319 2580 563 2652 quidem
616 2578 928 2651 particula,
980 2602 1007 2629 ‹‹
1059 2579 1401 2635 mortiﬁcati
1462 2578 1622 2647 estis,
1669 2600 1698 2629 »
1756 2579 1972 2649 inquit,

320 2692 349 2722 ‹‹
374 2669 511 2742 legi,
537 2692 564 2719 »
587 2686 709 2725 non
731 2668 1131 2735 matrimonio,
1157 2691 1185 2719 «
1207 2674 1271 2723 ut
1293 2668 1641 2724 efﬁciamini
1662 2684 1762 2722 vos
1780 2667 1971 2729 alteri.

322 2760 423 2832 qui
446 2759 735 2815 excitatus
757 2763 929 2814 estex
947 2758 1196 2813 mortuis
1210 2758 1345 2829 (d),»
1366 2773 1587 2830 sponsa
1601 2762 1658 2811 et
1678 2756 1970 2824 Ecclesia';

320 2865 499 2922 quam
531 2855 753 2904 castam
806 2864 934 2903 esse
966 2852 1216 2919 oportet,
1243 2854 1302 2902 et
1330 2847 1402 2902 ab
1433 2848 1505 2902 iis
1528 2864 1659 2918 quaa
1709 2851 1851 2902 sunt
1879 2846 1973 2901 in-

318 2943 435 3001 tus,
459 2936 1078 3010 cogitationibus,quze
1109 2941 1249 2990 sunt
1270 2936 1583 2991 contraria
1608 2933 1837 2990 veritati
1865 2953 1879 3002 ;
1915 2938 1974 2989 et

322 3027 394 3083 ab
425 3027 519 3091 iis,
552 3026 655 3097 qui
688 3030 921 3081 tentant
951 3025 1341 3092 extrinsecus,
1375 3026 1486 3081 hoc
1516 3030 1605 3080 est
1635 3024 1706 3080 ab
1739 3024 1832 3091 iis,
1867 3023 1969 3095 qui

318 3120 625 3175 sectantur
644 3115 924 3184 hasreses,
950 3120 1009 3170 et
1022 3114 1387 3187 persuadent
1404 3115 1566 3170 vobis
1592 3113 1873 3170 fornicari
1895 3112 1967 3168 ab
1998 3094 2042 3160 C
2081 3109 2246 3181 Εὕαν,

318 3223 440 3264 uno
467 3205 611 3275 viro,
669 3222 884 3279 nempe
944 3205 1343 3278 omnipotenti
1396 3207 1563 3263 Deo:
1619 3230 1646 3256 «
1681 3207 1760 3260 Ne
1821 3204 1974 3258 sicut

2106 699 2285 775 δόξαν,
2340 699 2525 757 ἔπειτα
2576 701 2827 778 ἀποπέσῃ
2888 704 3023 778 πρὸς
3072 705 3172 774 τήν
3227 702 3444 759 ἐλπίδα’
3493 701 3610 781 ἔχει
3657 708 3752 782 γὰρ

2105 790 2284 866 ὥσπερ
2316 794 2351 862 ἡ
2394 790 2676 866 εὐνουχία,
2742 791 2884 847 οὕτω
2941 794 3030 848 καὶ
3062 793 3089 847 ὁ
3118 792 3295 870 γάμος
3342 791 3483 857 ἰδίας
3517 793 3754 874 λειτουρ-

2100 881 2218 954 γίας
2271 882 2363 936 καὶ
2422 877 2720 951 διακονίας,
2764 879 2844 954 τῷ
2901 880 3090 955 Κυρίῳ
3142 880 3499 961 διαφερούσας
3553 886 3744 941 τέκνων

2100 966 2249 1044 λέγω
2307 967 2567 1037 κήδεσθαι
2623 971 2711 1024 καὶ
2766 971 3062 1045 γυναικός·
3121 973 3389 1050 πρόφασις
3449 973 3552 1049 γάρ
3589 1018 3604 1043 ,
3677 976 3746 1038 ὡς

2098 1055 2294 1129 ἔοικεν,
2327 1063 2405 1132 τῷ
2437 1060 2572 1114 κατᾶ
2600 1059 2778 1134 γάμον
2812 1059 3006 1134 τελείῳ
3035 1063 3069 1131 ἡ
3101 1068 3199 1131 τῆς
3248 1064 3504 1139 συζυγίας
3551 1063 3743 1119 οἰκειό-

2096 1168 2196 1218 της
2220 1147 2445 1222 γίνεται,
2475 1151 2574 1218 τὴν
2606 1146 2866 1223 πρόνοιαν
2900 1150 3110 1205 πάντων
3156 1148 3594 1228 ἀναδεδειγμὲνῳ
3640 1156 3746 1228 (53)

2094 1237 2227 1292 κατᾶ
2254 1237 2345 1291 τὸν
2379 1237 2525 1292 οἶκον
2553 1237 2643 1292 τὸν
2675 1239 2880 1294 κοινόν·
2934 1239 3124 1295 αὐτίκα
3183 1240 3367 1318 φησίν.
3438 1265 3461 1295 ιι
3498 1242 3755 1299 Ἐπισκό-

2091 1345 2228 1387 πους
2258 1330 2366 1398 (54)
2396 1348 2422 1378 ››
2459 1323 2540 1380 δεῖ
2567 1325 2917 1390 καθίστασθαι
2966 1327 3094 1390 τοὺς
3125 1327 3184 1383 ἐκ
3237 1333 3336 1384 τοῦ
3392 1326 3534 1385 ἰδίου
3595 1328 3742 1385 οἷ’κου

2091 1414 2182 1470 καὶ
2263 1421 2363 1485 τῆς
2432 1415 2761 1486 Ἐκκλησίας
2844 1417 3058 1488 ἁπάσης
3142 1416 3499 1492 προΐστασθαι
3588 1419 3743 1493 μελε·

2089 1504 2377 1573 τήσαντας.
2414 1526 2442 1554 ‹‹
2473 1505 2736 1565 Ἕκαστος
2768 1506 2876 1577 (55)
2914 1529 2935 1556 ιι
2972 1505 3063 1559 οὗν
3090 1530 3116 1556 ‹‹
3146 1504 3197 1560 ὲν
3229 1504 3274 1579 ᾧ
3305 1504 3514 1579 ἐκλήθη
3553 1532 3573 1558 ι
3610 1503 3742 1584 ἔργῳ

2087 1593 2188 1662 τήν
2236 1589 2512 1647 διακονίαν
2572 1591 2882 1662 ἐκτελείτω,
2932 1592 3025 1648 ἳνα
3080 1593 3367 1670 ἐλεύθερος
3420 1594 3472 1651 ἐν
3525 1600 3748 1672 Χριστῷ

2088 1685 2355 1760 γένηται,
2412 1685 2503 1740 τὸν
2566 1684 2766 1741 οίκεῖον
2842 1692 2944 1756 τῆς
3004 1683 3280 1750 διακονίας
3336 1683 3748 1762 ἀπολαμϐάνων

2096 1773 2305 1847 μισθόν.
2341 1771 2515 1828 Πάλιν
2542 1794 2598 1829 τε
2629 1774 2717 1847 αὗ,
2768 1773 2891 1851 περῖ
2947 1779 3045 1830 τοῦ
3094 1774 3269 1849 νόμου
3327 1773 3741 1853 διαλεγόμενος,

2090 1860 2406 1941 ἀλληγορία
2454 1863 2767 1938 χρώμενος’
2821 1889 2846 1916 ‹‹
2909 1865 2972 1922 Ἡ
3035 1864 3136 1941 γὰρ
3196 1862 3466 1942 ὕπανδρος
3518 1866 3679 1941 γυνὴ,
3712 1887 3740 1917 ››

2090 1952 2247 2028 φησὶ,
2282 1975 2311 2003 ‹‹
2341 1956 2419 2024 τῷ
2450 1955 2608 2021 ζῶντι
2637 1950 2791 2026 ἀνδρῖ
2825 1950 3033 2008 δέδεται
3080 1954 3258 2028 νόμῳ,
3295 1978 3322 2006 ››
3378 1955 3467 2010 καὶ
3497 1955 3563 2010 τό.
3595 1956 3742 2027 ἑξῆς·

2090 2041 2243 2104 αὖθίς
2271 2061 2347 2096 τε·
2383 2067 2410 2094 (ι
2441 2047 2507 2099 Ἡ
2534 2045 2666 2119 γυνή
2702 2040 2910 2099 δέδεται
2944 2043 3025 2123 ἐφ’
3057 2043 3180 2101 ὅσον
3213 2049 3277 2121 ζῇ
3321 2048 3527 2122 χρόνον
3575 2049 3692 2121 (56)
3722 2046 3749 2101 ὁ

2087 2129 2224 2203 ἀνὴρ
2255 2129 2442 2201 αὐτῆς·
2485 2129 2573 2186 ἐὰν
2631 2129 2689 2187 δὲ
2747 2133 3013 2208 ἀποθάνῃ,
3068 2133 3325 2210 ἐλευθερα
3382 2134 3529 2190 ἐστὶν
3589 2157 3745 2211 γαμη

2089 2225 2269 2289 θῆναι,
2319 2220 2485 2292 μόνον
2539 2219 2592 2276 ἐν
2654 2221 2855 2298 Κυρίῳ.
2913 2223 3170 2298 Μακαρία
3227 2221 3283 2279 δὲ
3340 2222 3626 2290 ἐπιν,ἐᾶν
3658 2222 3751 2280 οὕ-

2083 2329 2191 2371 τως
2225 2311 2337 2382 (57)
2371 2308 2553 2384 μείνῃ,
2584 2311 2722 2365 κατά
2757 2312 2856 2380 τήν
2906 2310 3043 2384 ἐμὴν
3093 2313 3345 2389 γνώμην.
3381 2336 3409 2365 ι)
3459 2311 3620 2369 Ἀλλ’
3669 2312 3754 2369 ἐπ’

2090 2397 2184 2472 μὲν
2242 2403 2342 2467 τῆς
2395 2398 2664 2472 προτέρας
2717 2402 3046 2474 περικοπῆς,
3108 2425 3135 2453 ‹‹
3186 2402 3602 2469 Ἐθανατώθητε
3637 2443 3650 2469 ,
3719 2425 3745 2452 ››

2086 2487 2243 2564 φησὶ,
2279 2510 2301 2541 α
2334 2491 2414 2560 τῷ
2443 2486 2620 2561 νόμῳ,
2657 2511 2685 2539 ››
2717 2488 2781 2543 οὗ
2812 2492 2890 2560 τῷ
2930 2489 3115 2564 γάμῳ,
3179 2514 3207 2541 ‹‹
3241 2490 3316 2553 εἷς
3375 2490 3437 2544 τὸ
3494 2490 3750 2564 γενέσθαι

2090 2578 2231 2650 ὑμᾶς
2258 2576 2448 2653 ἐτὲρῳ,
2488 2583 2565 2650 τῷ
2604 2578 2662 2633 ἐκ
2715 2583 2919 2654 νεκρῶν
2972 2575 3265 2654 ὅγερθέντι,
3302 2604 3329 2631 ››
3379 2579 3605 2654 νύμφην
3656 2581 3752 2635 καὶ

2085 2665 2433 2737 Ἐκκλησίαν·
2466 2667 2532 2737 ἢν
2566 2668 2734 2743 ἁγνὴν
2767 2670 2903 2723 εἶναι
2951 2666 3034 2723 δεῖ
3061 2674 3167 2723 τῶν
3216 2690 3274 2724 τε
3320 2663 3473 2724 ἔνδον
3522 2667 3753 2725 ἐννοιῶν

2081 2759 2189 2810 τῶν
2223 2755 2470 2811 ἐναντίων
2501 2759 2569 2830 τῇ
2593 2754 2847 2829 ἀληθείᾳ,
2880 2762 2985 2812 τῶν
3012 2779 3072 2814 τε
3100 2752 3292 2829 ἔξωθεν
3344 2754 3749 2831 πειραζόντων,

2079 2844 2324 2901 τουτέστι
2373 2846 2479 2901 τῶν
2511 2846 2607 2908 τὰς
2665 2847 2897 2923 αἱρέσεις
2960 2848 3252 2921 μετιόντων
3312 2847 3403 2903 καὶ
3460 2847 3750 2922 πορνεόειν

2081 2933 2187 2989 ἀπὸ
2218 2937 2314 2988 τοῦ
2375 2936 2493 2998 ἑνὸς
2547 2932 2742 3011 ἀνδρὸς
2799 2934 3220 3007 ἀναπειθόντων,
3277 2942 3374 2992 τοῦ
3430 2937 3746 3014 παντοκρά-

2079 3042 2240 3097 τορος
2274 3027 2427 3077 Θεοῦ·
2489 3049 2516 3076 ‹‹
2550 3026 2663 3082 Ἵνα
2721 3024 2799 3098 μή
2858 3026 2996 3099 (58),
3055 3021 3343 3105 ὡςὸὄφις
3403 3025 3745 3100 ἐξηπάτησεν

2286 3137 2306 3162 ι
2342 3113 2444 3182 τὴν
2468 3111 2769 3190 λεγομένην
2800 3138 2827 3165 ‹‹
2864 3114 3006 3183 ζωῆν
3031 3116 3166 3190 (59),
3202 3141 3224 3170 ι
3282 3119 3370 3171 καί
3421 3118 3593 3189 ἡμεῖς
3642 3117 3747 3172 ὑπὸ

2080 3207 2179 3271 τῆς
2210 3200 2346 3256 κατά
2388 3203 2485 3265 τὰς
2546 3202 2776 3278 αἱρέσεις
2835 3200 3034 3278 λίχνου
3091 3205 3425 3281 πανουργίας
3484 3200 3749 3266 παραϐῶ-

389 3305 466 3376 (α)
497 3305 523 3359 Ι
552 3305 685 3360 Cor.
725 3321 819 3371 vn,
854 3308 941 3361 24.
977 3306 1050 3378 (b)
1081 3308 1248 3364 Rom.
1282 3323 1382 3375 v11,
1416 3309 1468 3362 2.
1500 3307 1564 3372 ›ι‹
1592 3308 1656 3362 P.
1690 3309 1793 3361 547
1824 3307 1936 3363 ED.
1970 3307 1974 3360 .'

2095 3306 2264 3372 lTER,
2301 3303 2424 3371 459,
2451 3305 2556 3358 460
2600 3305 2712 3359 ΕΙ).
2745 3306 2992 3362 PARIS.
3042 3305 3113 3378 (ε)
3145 3307 3170 3360 Ι
3200 3308 3334 3361 Cor.
3392 3322 3494 3371 vn,
3530 3305 3623 3375 39,
3654 3308 3746 3360 40.

321 3377 379 3449 d)
412 3379 580 3432 Rom.
608 3392 699 3442 vn,
724 3378 777 3432 4.

394 3475 502 3545 (52)
528 3471 594 3529 Et
629 3468 686 3527 δὲ
718 3472 912 3546 ὕπερο.
945 3474 1095 3540 Quid
1127 3474 1239 3531 sibi
1269 3473 1454 3530 voluit
1498 3474 1795 3545 interpres
1820 3474 1975 3546 (haec

318 3553 576 3619 vertens,
609 3546 775 3619 baud
797 3545 969 3602 facile
1012 3546 1264 3619 intelligi
1310 3551 1525 3619 potest.
1559 3545 1696 3619 Milli
1744 3545 1977 3601 videtur

367 3624 460 3673 ost
486 3617 585 3681 τήν
620 3613 819 3671 ἐλπίδα
847 3618 1073 3688 aliquid
1105 3613 1451 3690 hujusmodi
1486 3616 1801 3690 excidisse,
1835 3634 1974 3690 «_ne

367 3636 460 3673 osm
486 3637 585 3681 την
620 3636 819 3671 εΛπιοα
847 3636 1073 3688 ειιιίιιιια
1106 3636 1451 3690 ιιιιμειηοαι
1486 3636 1801 3683 exemisse,
1835 3639 1861 3665 ‹‹
1897 3636 1974 3671 ne

321 3636 689 3760 despondeat
719 3690 986 3744 animum
1022 3706 1034 3755 ;
1076 3712 1102 3736 »
1152 3696 1218 3744 ut
1246 3706 1458 3745 sensus
1506 3689 1619 3742 sit:
1666 3711 1691 3739 ‹‹
1728 3688 1895 3754 Quod
1925 3688 1975 3760 si

323 3759 454 3817 eam
506 3766 912 3833 transgressus
966 3760 1254 3833 regulam,
1295 3760 1860 3833 quagconstituerat
1901 3759 1976 3816 ad

319 3833 569 3907 gloriam
601 3831 879 3907 grassari,
902 3848 935 3886 a
956 3831 1123 3889 tanta
1153 3850 1256 3904 spe
1287 3831 1590 3907 exciderit,
1624 3854 1658 3907 »_
1676 3848 1751 3887 ne
1775 3839 1975 3907 tamen

323 3903 984 3975 animum'despondeat
1008 3921 1020 3958 :
1046 3929 1063 3952 -
1095 3903 1234 3959 nam
1266 3903 1770 3974 quemadmodum
1797 3904 1971 3959 casti-

320 3976 450 4044 tati,
485 3976 569 4031 sic
596 3976 771 4030 etiam
802 3976 1184 4030 matrimonio
1215 3992 1320 4030 sua
1341 3982 1482 4030 sunt
1509 3992 1760 4030 munera
1775 3992 1843 4030 ac
1863 3975 1974 4029 mi-

322 4048 572 4105 nisteria
620 4047 869 4103 Domino
921 4053 1217 4119 pergrata,
1274 4046 1614 4119 liberorum,
1661 4047 1890 4102 scilicet
1918 4051 1978 4101 et

325 4120 526 4176 uxoris
569 4136 732 4175 cura.
765 4120 907 4174 Nam
924 4117 1017 4179 οἱ.
1039 4117 1150 4189 'qui
1184 4118 1244 4173 in
1273 4117 1656 4189 matrimonio
1715 4119 1975 4188 perfecte

316 4191 474 4259 vivit,
508 4192 636 4263 ipsa
665 4189 1041 4263 necessitudo
1073 4190 1333 4263 conjugii
1364 4188 1593 4263 videtur
1623 4206 1753 4244 esse
1803 4205 1972 4245 occa-

236 4286 245 4293 :
321 4264 408 4321 sio
427 4260 830 4328 ministrandi,
854 4262 996 4316 dum
1021 4260 1311 4321 omnium.
1336 4278 1466 4331 quae
1498 4260 1571 4316 ad
1593 4276 1972 4315 communem

315 4335 608 4391 familiam
640 4334 964 4406 pertinent,
1001 4350 1207 4406 curam,
1227 4405 1232 4406 γ
1252 4348 1473 4406 gerere
1501 4348 1562 4406 se
1591 4331 1868 4386 ostendit.
1905 4363 1973 4406 τ-

322 4403 711 4464 Doctissimus
742 4406 1094 4462 Oxoniensis
1144 4403 1337 4459 editor
1387 4403 1686 4459 existimat
1711 4410 1843 4474 post
1870 4403 1971 4469 τὴν

320 4475 517 4532 ἐλπίδα
539 4477 765 4549 aliquid
785 4477 887 4547 huj
898 4476 1133 4533 usmodi
1155 4475 1466 4549 excidisse,
1497 4495 1517 4522 ι
1538 4491 1615 4529 ne
1631 4482 1825 4531 tamen
1850 4477 1974 4531 ani-

324 4567 486 4606 mum
520 4547 910 4619 despondeat,
946 4571 972 4597 »
1022 4549 1106 4604 ita
1134 4553 1201 4603 ut
1227 4548 1300 4615 is,
1334 4547 1432 4618 qui
1467 4553 1601 4619 post
1631 4554 1971 4618 susceptum
2004 4552 2048 4617 D

324 4618 706 4678 continentiae
738 4620 1106 4693 propositum
1131 4619 1289 4693 cadit
1316 4618 1618 4693 redeundo
1643 4619 1716 4673 ad
1735 4619 1792 4673 id
1811 4619 1970 4693 quod

321 4693 667 4763 reliquerat.
700 4691 756 4747 is
783 4691 1015 4763 lapsum
1047 4708 1219 4747 suum
1250 4692 1361 4746 hac
1391 4691 1621 4746 ratione
1668 4692 1963 4746 consolari

316 4765 525 4836 possit,
562 4764 721 4836 quod
750 4770 816 4818 ut
845 4764 1233 4836 castitastita
1280 4763 1459 4836 etiam
1500 4763 1964 4836 matrimonium

319 4832 459 4892 suas
488 4832 706 4891 habeat
729 4836 993 4891 virtutes.
1029 4834 1140 4890 Sed
1167 4834 1325 4906 quod
1355 4835 1452 4889 hic
1482 4832 1701 4906 dicitur
1736 4834 1807 4888 de
1838 4849 1965 4890 ma-

314 4907 582 4989 trimonii
604 4907 946 4989 virtu-tibus.
978 4923 1099 4989 non
1131 4905 1200 4989 eo
1231 4912 1476 4989 spectat,
1504 4905 1757 4989 utillius
1789 4922 1963 4989 usum

314 4984 586 5050 repetere
604 4977 780 5050 liceat
800 4978 892 5033 his
913 4978 1014 5049 qui
1033 4976 1445 5050 perfectiorem
1469 4982 1685 5050 statum
1706 4976 1965 5050 amplexi

316 5048 474 5131 sunt.
510 5051 654 5104 Nam
698 5048 947 5131 lapsum
972 5048 1136 5105 vocat
1166 5050 1347 5131 Aha‘nc
1405 5049 1615 5131 agendi
1672 5048 1965 5131 rationem

315 5121 351 5176 S
405 5120 700 5179 Clemens,
724 5127 919 5191 atque.
939 5121 1421 5192 utperstantibus
1440 5120 1501 5175 in
1526 5126 1801 5192 suscepta
1821 5137 1960 5176 con-

313 5192 569 5248 tinentia
593 5192 927 5264 uberiorem
952 5193 1285 5264 mercedem
1309 5192 1622 5264 promittit,
1643 5192 1727 5247 ita
1750 5193 1962 5248 caden-

266 5267 283 5280 ‘
314 5265 474 5320 tibus
506 5263 883 5328 gravissimas
927 5263 1119 5317 minas
1174 5263 1447 5319 intentat.
1502 5264 1691 5328 Quare
1748 5265 1963 5320 vulnus

310 5337 492 5417 _hujus
510 5333 1000 5417 ]_oci_sanabitlir,
1031 5333 1079 5385 si
1120 5334 1403 5417 legamus,
1436 5337 1553 5417 πᾶις
1603 5337 1703 5417 τήν
1738 5333 1964 5417 ,ἐλπίδα

305 5403 429 5482 ﬁxo;
467 5426 480 5476 ;
513 5406 666 5482 illud
697 5403 820 5479 ἔχοι
867 5403 1040 5482 facile
1067 5403 1336 5482 excidere
1368 5406 1562 5482 potuit
1590 5404 1662 5459 ob
1704 5406 1961 5462 similem

305 5474 514 5561 vocem
538 5476 679 5553 ἔχει,
714 5474 846 5561 quae
865 5474 1128 5561 proxime
1159 5474 1443 5561 sequitur.
1464 5477 1580 5561 'Sic-
1603 5492 1739 5545 ergo
1770 5484 1961 5561 totum

306 5553 469 5611 hunc
499 5547 696 5608 locum
728 5547 1090 5618 interpretor
1113 5563 1141 5620 :7
1179 5571 1203 5595 ‹‹
1235 5547 1399 5620 Quod
1430 5549 1479 5602 si
1508 5548 1686 5620 vitam
1722 5547 1792 5601 ad
1825 5566 1959 5620 per.

304 5625 521 5681 fectius
543 5622 857 5679 intendere
914 5619 1191 5693 potuerit,
1219 5619 1414 5693 majus
1471 5619 1751 5674 meritum
1800 5619 1957 5693 apud

305 5697 496 5754 Deum
526 5696 639 5752 sibi
669 5696 797 5771 ipse
829 5690 1199 5765 comparabit
1217 5690 1584 5748 observatam
1602 5707 1751 5764 pure
1773 5690 1955 5750 et'ra-

177 5934 319 5974 ἰιι

2082 3472 2232 3528 tioni
2260 3477 2659 3545 consentanee
2690 3474 3141 3529 continentiam.
3180 3473 3291 3530 Sed
3324 3474 3373 3529 si
3420 3478 3750 3545 postquam

2085 3542 2483 3617 transcendit,
2506 3545 2754 3617 majoris
2784 3545 2984 3617 gloria;
3034 3562 3213 3602 causa
3247 3588 3260 3613 ,
3293 3542 3559 3601 electum
3586 3542 3747 3617 'vitaa

2083 3632 2290 3697 genus.
2325 3614 2624 3697 ceciderit.
2658 3614 2955 3697 quomodo
2988 3635 3154 3697 spem
3198 3616 3450 3697 babebit
3474 3617 3504 3672 ‘2
3544 3616 3754 3697 _Habet

2087 3689 2270 3761 enim,
2304 3692 2369 3739 ut
2399 3689 2764 3761 castitas.‘ita
2789 3695 2848 3742 et
2876 3689 3323 3745 matrimonium
3348 3690 3601 3761 propria
3618 3704 3756 3761 per-

2082 3758 2422 3832 functiones
2445 3764 2503 3812 et
2530 3758 2883 3832 ministeria.
2909 3778 3040 3832 quas
3063 3761 3313 3816 Domino
3336 3758 3699 3831 probantur.
3724 3781 3752 3809 ››

2084 3831 2260 3904 Spem
2290 3828 2482 3884 aufert
2503 3830 2860 3904 cadentibus
2894 3874 2907 3897 ,
2927 3828 3203 3904 'quandiu
3236 3828 3471 3887 scilicet
3501 3832 3580 3887 ad
3613 3848 3754 3903 pro-

2085 3903 2329 3973 missam
2358 3902 2789 3973 continentiam
2839 3902 2977 3959 noni
2994 3903 3307 3970 redibunt;
3343 3904 3511 3973 quod
3546 3910 3753 3959 autem

2083 3973 2253 4029 addit
2279 3971 2365 4045 de
2382 3972 2783 4030 laudabilibus
2798 3976 3164 4030 matrimonii
3196 3971 3754 4045 perfunctionibus,

2086 4062 2154 4102 eo
2178 4042 2491 4101 manifeste
2512 4052 2756 4119 spectat.
2773 4053 2841 4101 ut
2857 4048 2957 4119 qui
2979 4048 3139 4102 hunc
3159 4042 3378 4102 statum
3408 4048 3755 4119 elegerunt,

2084 4133 2205 4172 non
2231 4121 2454 4189 temere
2480 4119 2554 4172 ad
2584 4119 2997 4189 perfectiorem
3022 4124 3460 4174 transcurrant.
3496 4119 3637 4175 Haec
3684 4119 3751 4172 D.

2082 4191 2343 4261 Martinus
2365 4188 2426 4242 in
2447 4188 2603 4261 notis
2618 4190 2693 4244 ad
2718 4190 3091 4261 Athenagorae
3114 4189 3435 4260 Legationis
3463 4207 3629 4247 num.
3665 4190 3753 4244 33.

2089 4260 2227 4316 Vide
2260 4259 2647 4329 Patr._Gra?ca-
2685 4267 2725 4316 ι.
2765 4262 2857 4329 VI,
2883 4259 2985 4318 col.
3020 4264 3141 4316 965.
3176 4259 3332 4329 Enijr.

2296 4327 2760 4407 Ἀναδεδειγμὲνῳ
2846 4327 2961 4388 'Vel
2989 4333 3141 4389 forte
3172 4327 3598 4407 ἀναδεδεγμὲνῳ
3631 4375 3646 4401 ,
3673 4330 3753 4407 pb

2154 4353 2264 4401 (oo)
2312 4353 2760 4414 Λναοεοειγμενῳ
2867 4353 2961 4388 vel
2989 4353 3141 4389 Iorte
3172 4353 3545 4407 αναοεοεγμεν
3631 4375 3646 4401 ,
3681 4353 3752 4389 ω)

2083 4398 2443 4476 ἀναδέχομαι.
2483 4405 2574 4459 Slc
2604 4404 2760 4459 infra
2788 4420 2845 4476 p.
2880 4408 3002 4468 552,
3046 4421 3151 4476 pro
3211 4401 3312 4476 οὐκ
3340 4404 3490 4473 ἦσαν
3550 4353 3752 4476 21:95:-

2082 4470 2364 4546 δειγμέναι
2392 4479 2642 4546 γυναῖκες
2675 4494 2752 4541 κ.,
2788 4470 3194 4532 scribendum
3243 4470 3378 4529 οὐκ
3406 4476 3555 4545 ἦσαν
3616 4474 3749 4531 ἀπον

2081 4542 2473 4620 δεδεγμέναίγ.
2506 4566 2559 4620 κ.

2152 4615 2262 4692 (ὅᾷ)
2318 4615 2678 4692 ’ῌπιρκόπούς
2715 4657 2727 4671 .
2786 4618 3051 4688 Respicit
3103 4619 3128 4674 Ι
3178 4618 3305 4675 Tim
3342 4660 3355 4674 .
3411 4637 3520 4690 ιιι,
3581 4623 3638 4692 4,
3700 4623 3751 4676 5.

2078 4690 2309 4746 Similia
2339 4690 2483 4745 dicit
2512 4690 2685 4748 infra.
2718 4704 2847 4759 pag.
2885 4692 3006 4744 472.

2150 4763 2263 4832 (55)
2291 4762 2574 4832 Ἕκαστος.
2605 4760 2867 4832 Respicit
2898 4762 2918 4816 Ι
2951 4763 3079 4832 Cor.
3132 4780 3234 4830 v.1,
3290 4765 3364 4817 24
3398 4779 3412 4816 :
3477 4768 3753 4824 ’Ἕκαστος

2079 4830 2130 4886 ἐν
2237 4829 2471 4908 exis/,9“,
2506 4829 2755 4908 ἀδελφοί,
2789 4829 3049 4908 ἐν’·ιούτιρ
3080 4833 3285 4908 μενέτω
3310 4833 3474 4908 παρὰ
3501 4839 3587 4907 τῷ
3612 4835 3751 4908 Θεῷ·

2081 4910 2140 4960 et
2169 4900 2216 4958 ἦ.
2254 4908 2361 4960 22:
2393 4900 2455 4978 ft)
2483 4906 2582 4978 γὰρ
2608 4902 2683 4978 ’ἐν
2730 4902 2912 4978 Κυρίῳ
2966 4900 3193 4973 κληθεὶς
3244 4900 3464 4970 δοῦλος
3516 4900 3756 4963 ἀίτελεό-

2080 4985 2235 5043 θερος
2270 4976 2475 5041 Κυρίου
2497 4974 2669 5031 ’ἐστίν.

2149 5049 2264 5122 (56)
2308 5047 2378 5122 Ἧ-
2427 5048 2578 5122 γυνὴ,
2605 5043 2810 5122 δέδεται
2844 5043 2952 5122 ,ἐφ’
2985 5044 3112 5122 ὅσον
3169 5050 3233 5119 ζῇ
3294 5048 3536 5122 χρόνον.
3608 5049 3751 5118 Γυνή

2080 5114 2291 5194 δέδαε)
2319 5114 2474 5191 νόμῲ
2503 5119 2583 5194 ἐφ’
2606 5114 2952 5194 δσρνιιρόγόν
2982 5121 3116 5194 ζῇς]
3137 5114 3263 5194 Ce'r-
3294 5114 3404 5194 Vin
3425 5121 3709 5194 ubimo!
3738 5114 3752 5188 ἐ

2080 5189 2201 5246 ,Εάν
2319 5187 2568 5265 κοιμηθῇ
2603 5192 2631 5246 ὁ
2658 5187 2802 5265 ἀνῆῥ
2825 5187 3032 5259 αὐτῆς,
3050 5188 3306 5266 ἐλευθέρα
3338 5191 3495 5247 ἐστὶν
3521 5192 3570 5263 ᾧ
3602 5187 3752 5257 θέλει

2080 5282 2222 5315 vatur.
2262 5284 2403 5315 τ.ναι.

2110 5282 2403 5329 αμηυτμαι.

2074 5283 2403 5336 γαμηιιτμαι.

2147 5337 2260 5404 (57)
2296 5334 2617 5408 Μακαρία...
2646 5330 2841 5408 οὕτως.
2874 5333 3353 5408 Μῗακαριωτέρα...
3389 5335 3574 5408 οὕτωΞ
3603 5335 3751 5392 ibid.

2148 5409 2261 5476 (58)
2291 5408 2407 5462 Ἵνα
2442 5404 2545 5479 μὴ.)
2595 5404 2866 5479 (Respicit
2893 5404 3128 5479 Il__CbI_‘.
3189 5404 3270 5473 il,
3365 5427 3381 5474 ;
3446 5405 3753 5479 Φοϐοῦμαι

2076 5472 2133 5567 δξ
2153 5472 2389 5567 Ἲμιίπωνς,
2422 5472 2557 5567 (tea
2588 5472 2893 5567 State-yduv
2939 5472 3278 5567 ἐξηπάτησεν
3309 5472 3377 5564 ἐν
3399 5481 3473 5552 τῇ
3499 5472 3755 5567 γπανουρ-

2117 5547 2375 5626 ίααύτοῦ,
2400 5549 2542 5626 οὕτω
2575 5547 2899 5626 -φὉαρῇήτά
2949 5551 3196 5626 νοήματα
3256 5547 3602 5620 ὑμῶν’ἀπὸ
3653 5547 3758 5613 τῆς

2072 5569 2375 5677 ἔιῖαυτου,
2400 5569 2542 5605 ουτω
2601 5569 2778 5626 φυαρῃ
2833 5569 2899 5601 τα
2949 5569 3026 5603 νοι

2107 5620 2743 5703 πῌό-τητοςπῆς-είςῂτὸν
2775 5623 3026 5703 Χριστόν.

2145 5695 2258 5768 (59)
2287 5694 2465 5765 Ζωήν.
2496 5693 2662 5752 Conf.
2695 5693 2969 5767 superius
2998 5710 3131 5769 pag.
3176 5693 3281 5751 453
3341 5693 3497 5756 edit.
3548 5697 3748 5759 Paris.
