4034 6148
369 210 508 269 1181

1701 215 2146 277 ΒΤΒΟΗΔἸἯΗ
2192 219 2326 273 LIB.
2367 222 2470 274 ΙΙΙ.

3647 209 3789 265 1182

369 337 463 411 μὲν
495 335 590 400 τὰς
637 335 885 401 ἐντολάς.
918 337 982 396 Ἦ
1040 335 1264 413 δευτέρα
1321 336 1380 394 δὲ
1435 341 1708 413 περικοπή
1785 361 2021 415 μονογα-

2138 360 2384 414 serpens
2407 343 2827 414 decepitEvam
2850 341 2951 412 (a),
2972 362 2998 390 n
3028 356 3160 412 quae
3189 359 3210 389 ι
3239 341 3357 396 vita
3371 361 3398 390 »
3417 338 3653 405 dicitur,
3675 355 3783 395 nos

370 427 498 499 μίαν
535 426 777 498 ’ίστησινο
840 428 902 482 οὐ
961 429 1089 503 γὰρ,
1154 429 1227 490 ὥς
1274 450 1415 491 τινες
1474 428 1830 504 ἐξηγήσαντο,
1880 427 2022 484 δέσιν

367 517 627 590 γυναικὸς
673 517 809 590 πρὸς
861 513 1042 593 ’ἄνδρα
1097 517 1195 585 τὴν
1245 518 1440 592 σαρκὸς
1497 520 1634 594 πρὸς
1689 520 1789 588 τήν
1820 518 2023 592 φθορὰν

367 603 676 674 ἐπιπλοκὴν
739 604 1058 677 μηνύεσθαι,
1103 606 1504 677 ὑποτοπητὲον’
1558 613 1666 662 τῶν
1715 609 1818 684 γὰρ
1875 606 2024 663 ἄντι-

365 714 498 770 κρυς
530 689 777 767 διαϐόλῳ
798 695 1220 762 προσαπτόντων
1281 697 1380 765 τήν
1433 701 1530 750 τοῦ
1585 696 1766 770 γάμου
1824 696 2026 771 εὕρεσιν

369 783 539 847 ἀθὲων
573 783 873 857 ἀνθρώπων
900 781 1142 837 ἐπίνοιαν
1196 788 1497 858 κατηγορεῖ
1547 785 1636 838 καὶ
1679 787 1792 859 (60)
1841 783 2028 840 κινδυ-

366 871 503 927 νεύει
541 872 991 948 βλασφημεῖσθαι
1025 873 1399 946 ὁνομοθὲτης.
1435 875 1704 930 Τατιανὸν
1749 875 1902 947 οἶμαι
1933 877 2023 930 τὸν

368 960 544 1034 Σύρον
567 962 633 1014 τά
660 966 884 1016 τοιαῦτα
930 959 1144 1034 τολμᾷν
1208 959 1580 1036 δογματίζειν.
1635 965 1833 1040 Γράφει
1891 965 2024 1039 γοῦν

364 1050 502 1105 κατά
533 1049 676 1120 Λέξιν
722 1049 774 1104 ἐν
828 1055 906 1122 τῷ
959 1050 1086 1123 Περὶ
1134 1055 1230 1104 τοῦ
1288 1053 1425 1106 κατᾶ
1471 1053 1561 1106 τὸν
1624 1057 1860 1128 Σωτῆρα
1911 1075 2020 1108 κα-

361 1138 1046 1216 ταρτισμοῦ·Συμφωνίαν
1109 1143 1221 1213 (61)
1285 1140 1378 1213 μὲν
1439 1139 1530 1194 οὖν
1593 1142 1820 1215 ἁρμόζει
1853 1162 2028 1214 προσ-

363 1231 525 1303 ευχῇ·
585 1228 845 1282 κοινωνία
897 1224 954 1282 δὲ
1005 1235 1210 1305 φθορᾶς
1261 1227 1380 1284 λύει
1432 1231 1533 1298 τήν
1590 1227 1820 1303 ἔντευξιν
1881 1236 2020 1304 (62).

363 1317 510 1372 Πάνυ
541 1321 674 1392 γοῦν
729 1314 1128 1387 δυσωπητικῶς
1162 1315 1252 1372 διὰ
1305 1321 1404 1387 τῆς
1464 1321 1874 1395 συγχωρήσεως
1906 1320 2024 1394 εἷ’ρ-

362 1426 471 1481 γει·
503 1405 668 1460 πάλιν
697 1406 802 1480 γὰρ
865 1430 893 1456 (ί
943 1404 1031 1460 ἐπὶ
1089 1407 1254 1461 ταύτὸ
1315 1431 1343 1457 ››
1402 1410 1766 1482 συγχωρήσας
1801 1433 1828 1461 ‹‹
1861 1409 2023 1485 γενέ-

364 1497 486 1552 σθαι
518 1491 716 1549 διὰτὸν
751 1501 978 1550 σατανᾶν
1027 1495 1118 1550 καὶ
1171 1496 1272 1565 τήν
1331 1496 1613 1571 ἀκρασίαν,
1675 1521 1703 1549 ››
1764 1498 1855 1552 τὸν
1904 1519 2026 1554 πει-

368 1584 702 1655 σθησόμενον
730 1605 759 1635 α
791 1581 910 1638 δυσὶ
940 1583 1154 1659 κυρίοις
1190 1584 1414 1656 μέλλειν
1441 1583 1718 1641 δουλεύειν
1757 1611 1778 1637 1
1816 1587 2025 1665 ἀπεφή-

365 1693 495 1728 νατο
521 1670 610 1727 διὰ
644 1673 736 1746 μὲν
771 1672 1091 1750 συμφωνίας
1142 1678 1283 1745 Θεῷ,
1332 1673 1423 1728 διὰ
1483 1671 1540 1729 δὶ
1595 1678 1697 1739 τῆς
1752 1676 2024 1754 ἀσυμφω-

365 1760 482 1823 νίας
513 1760 742 1835 ἀκρασίᾳ
771 1762 861 1816 καῖ
901 1762 1125 1838 πορνείᾳ
1183 1763 1273 1816 καὶ
1326 1758 1596 1836 διαϐόλῳ.
1657 1788 1684 1814 ››
1728 1766 1912 1820 Ταῦτα
1968 1762 2026 1820 δέ

363 1871 523 1925 φησι,
555 1851 648 1907 τὸν
680 1849 1022 1906 Ἀπόστολον
1056 1851 1442 1927 ἐξηγούμενος.
1493 1852 1783 1931 Σοφίζεται
1816 1853 1874 1909 δὲ
1923 1855 2024 1922 τήν

361 1938 646 2011 ἀλήθειαν,
691 1937 762 1995 δι’
823 1940 1066 2011 ἀληθοῦς
1122 1939 1318 2014 ψεῦδος
1367 1943 1798 2012 κατασκευάζων·
1859 1943 2026 2018 ἄκρα-ι

363 2026 480 2083 σίαν
526 2030 622 2103 μὲν
678 2031 782 2105 γάρ
841 2030 932 2084 καὶ
1010 2030 1263 2102 πορνείαν
1343 2027 1639 2087 ’διαϐολικὰ
1685 2034 1820 2087 εἶναι
1875 2035 2021 2103 πάθη

362 2119 453 2174 καὶ
480 2124 642 2190 ⁴ἡμεῖς
671 2118 1079 2196 ὁμολογοῦμεν·
1108 2123 1290 2198 γάμου
1350 2119 1408 2176 δὲ
1437 2127 1532 2177 τοῖ’)
1579 2124 1861 2200 σώφρονος
1924 2119 2020 2196 με·

365 2207 562 2263 σιτεύει
595 2209 900 2284 συμφωνία,
932 2209 1019 2264 ἐπί
1047 2231 1106 2265 τε
1142 2212 1240 2280 τὴν
1292 2211 1463 2286 εὐχὴν
1495 2211 1769 2286 ἐγκρατῶς
1801 2211 2020 2286 ἄγουσα,

364 2297 454 2356 ἐπί
482 2320 540 2356 τε
567 2301 668 2368 τήν
701 2298 1053 2356 παιδοποιίαν
1109 2301 1243 2375 μετᾶ
1295 2303 1626 2376 σεμνότητος
1652 2304 2020 2381 νυμφεύουσα.

366 2394 572 2454 Γνῶσις
595 2394 724 2465 γοῦν
755 2390 844 2446 καὶ
896 2392 923 2446 6
979 2397 1080 2459 τῆς
1125 2388 1483 2456 παιδοποιίας
1511 2393 1700 2467 καιρὸς
1730 2393 1865 2464 πρὸς
1920 2398 2020 2460 τῆς

364 2485 582 2554 Γραφῆς
614 2478 849 2551 εἷ’ρηται,
883 2476 1098 2535 ἐπειδὰν
1127 2483 1224 2554 φῇο
1262 2504 1291 2532 ι(
1347 2483 1527 2554 Ἔγνω
1559 2478 1615 2535 Si
1676 2477 1853 2554 Ἀδὰμ
1881 2477 2020 2535 Εὕαν

363 2570 463 2638 τὴν
524 2574 756 2644 γυναῖκα
809 2569 995 2623 αὐτοῦ’
1081 2569 1170 2624 καὶ
1240 2565 1590 2624 συλλαϐοῦσα
1646 2564 1819 2624 ἔτεκεν
1881 2570 2018 2624 υἱόν

365 2658 454 2713 καὶ
517 2657 838 2729 ἐπωνόμασε
889 2658 954 2712 τὸ
1041 2656 1216 2730 ὄνομα
1274 2658 1437 2712 αὐτοῦ
1510 2660 1648 2726 Σήθ⁰
1709 2657 2022 2727 Ἐξανέστη-

366 2769 424 2804 σε
456 2753 566 2818 (63)
597 2750 700 2822 γάρ
735 2769 829 2819 μοι
863 2749 891 2803 6
923 2749 1052 2808 Θεὸς
1086 2749 1301 2822 σπέρμα
1339 2744 1524 2823 ἕτερον
1579 2747 1696 2802 ἀντὶ
1762 2742 1958 2804 Ἅϐελ.
1994 2771 2022 2800 ››

364 2838 552 2910 Ὁρᾷς,
604 2836 679 2897 εἰς
731 2835 850 2890 τίνα
912 2836 1332 2913 βλασφημοῦσιν
1369 2837 1420 2890 οἱ
1472 2837 1870 2909 μυσαττόμενοι
1921 2837 2018 2905 τὴν

370 2925 626 3001 σώφρονα
657 2925 884 2999 σποράν,
917 2924 1006 2978 καὶ
1037 2929 1117 2996 τῷ
1175 2923 1420 2998 διαϐόλῳ
1477 2926 1878 3000 προσάπτεσθαι
1910 2931 2020 2998 (64)

362 3014 596 3089 γένεσιν·
631 3013 692 3066 οὐ
721 3013 821 3087 γάρ
854 3014 981 3068 Θεὸν
1039 3012 1230 3076 ἁπλῶς
1280 3019 1571 3088 προσεῖπεν
1604 3015 1632 3068 ὁ
1670 3019 1737 3087 τῇ
1768 3019 1866 3069 τοῦ
1925 3015 2024 3088 ἆρ-

368 3114 502 3178 θρου
559 3099 814 3177 προτάσει
869 3101 962 3156 τὸν
1023 3101 1436 3177 παντοκράτορα
1511 3100 1788 3173 δηλώσας.
1847 3105 1909 3158 ἹΙ
1967 3101 2025 3158 δὲ

370 3190 1110 3270 ἔπιεροράτοῦἈποστόλου’
1177 3215 1205 3244 ‹‹
1266 3191 1370 3248 Καὶ
1429 3191 1596 3247 πάλιν
1657 3197 1771 3264 (65)
1818 3191 1906 3247 ἐπὶ
1961 3194 2025 3249 τὸ

364 3281 499 3336 αὐτὸ
530 3280 796 3356 γίνεσθε»
859 3277 949 3334 διὰ
1006 3281 1096 3334 τὸν
1154 3286 1415 3352 Σατανᾶν,
1481 3280 1654 3335 ἐκεῖνο
1708 3281 2025 3357 προανακό-

365 3390 508 3438 πτει,
547 3370 623 3442 μή
657 3367 734 3430 εἷς
765 3368 1057 3442 ἐπιθυμίας
1114 3369 1298 3444 ἒτέρας
1357 3367 1690 3445 ἐκτραπῆναι
1749 3388 1902 3426 ποτε’
1964 3370 2026 3426 οὐ

367 3461 472 3534 γὰρ
523 3457 885 3531 ἀποκρούεται
939 3457 1150 3530 τέλεον,
1213 3458 1308 3521 τὰς
1363 3466 1462 3528 τῆς
1531 3459 1740 3537 φύσεως
1827 3460 2028 3536 ὀρέξεις

370 3545 715 3618 δυσωποῦσα,
775 3551 810 3616 ἡ
870 3547 1202 3622 πρόσκαιρος
1263 3547 1578 3621 συμῳωνία⁶
1609 3546 1678 3603 δι’
1727 3550 1794 3619 ἣν
1827 3549 2026 3626 εἰσάγει

365 3635 531 3692 πάλιν
558 3638 659 3705 τὴν
691 3637 940 3712 συζυγίαν
971 3641 1068 3691 τοῦ
1113 3639 1295 3710 γάμου
1354 3637 1453 3692 οὐκ
1509 3637 1588 3699 εἷς
1618 3638 1876 3712 ἀκρασίαν
1935 3641 2026 3693 καί

360 3729 618 3802 πορνείαν
650 3727 740 3780 καὶ
771 3727 836 3780 τὸ
890 3731 989 3781 τοῦ
1045 3722 1310 3781 διαϐόλου
1368 3721 1550 3802 ἔργον,
1586 3726 1712 3784 ἀλλ’
1744 3728 1894 3788 ὃπως
1949 3729 2024 3800 μή

366 3817 610 3889 ὑποπέσῃ
667 3814 900 3885 ἀκρασίᾳ
942 3817 1030 3870 καὶ
1091 3817 1318 3890 πορνείᾳ
1372 3817 1460 3870 καὶ
1522 3812 1792 3889 διαϐόλῳ.
1849 3817 2026 3893 Χωρί-

364 3910 440 3975 ζει
472 3908 586 3976 (66)
619 3901 674 3958 δὲ
705 3904 794 3958 καὶ
842 3904 932 3958 τὸν
993 3903 1228 3959 παλαιὸν
1263 3902 1430 3979 ἄνδρα
1488 3906 1578 3960 καὶ
1635 3907 1697 3960 τὸ
1751 3906 1934 3960 καινὸν
1997 3907 2025 3960 6

433 4030 511 4096 (al
539 4030 589 4083 ΙΙ
619 4030 748 4085 Cor.
782 4046 858 4093 χι,
883 4029 1098 4103 3.-(ῥ)λΙ
1128 4029 1258 4083 Cor.
1293 4047 1388 4096 vn,
1421 4033 1472 4085 ὅ.
1507 4031 1575 4103 (c)
1607 4033 1807 4086 Matth.
1854 4049 1928 4100 v1,
1988 4033 2076 4086 24.

364 4100 454 4172 (d)
485 4104 626 4155 Gen.
660 4117 732 4166 ιν,
756 4103 844 4154 25.
879 4100 1008 4171 (6)1
1043 4100 1173 4154 Cor.
1214 4118 1307 4168 vn,
1342 4104 1394 4154 5.

435 4225 546 4294 (60)
581 4220 696 4274 Καί.
723 4223 929 4294 Melius
962 4223 1256 4294 legeretur
1287 4223 1354 4293 ᾧ,
1387 4225 1475 4279 vel
1501 4221 1642 4286 ὅθεν.
1670 4227 1885 4281 Lowrn.

436 4289 548 4364 (61)
583 4291 935 4368 Συμφωνίαν.
961 4363 972 4368 _
1000 4289 1132 4346 Hinc
1183 4289 1662 4368 dixi't;_'l‘at_ianus
1706 4299 2019 4368 explicans

363 4369 387 4437 l
419 4363 547 4420 Cor.
581 4383 677 4437 vti,
712 4363 741 4418 5
770 4381 782 4418 :
949 4363 1295 4437 ἀποστερεῖτε
1328 4364 1642 4433 ἀλλήλους,
1676 4365 1724 4418 εἶ’
1875 4387 1921 4418 τε
1958 4366 2016 4419 ἄν

361 4435 750 4510 ἒκᾲσυμιρώνου
780 4435 915 4507 πρὸς
948 4433 1163 4510 καιρὸνξ
1185 4433 1274 4488 ’ίνα
1334 4436 1648 4510 σχολάζητε
1801 4433 2020 4508 νηστείᾳ

360 4508 450 4582 καὶ
481 4497 548 4580 τῇ
580 4497 887 4582 ἶπροσευχῇξ
920 4507 1008 4559 καὶ
1040 4497 1204 4560 πάλιν
1262 4507 1348 4560 ἐπὶ
1370 4497 1469 4582 Ντὸ
1511 4497 1645 4562 eicite
1677 4497 2018 4582 συνέρχεσθε,

354 4579 446 4634 ’ίνα
482 4577 556 4651 μὴ
601 4577 1010 4652 πειράζὴνὺμᾶς
1069 4579 1096 4632 ὁ
1152 4584 1393 4639 Σατανᾶς
1450 4577 1537 4633 διά
1602 4581 1701 4645 τήν
1762 4577 2016 4649 ἀκρασίαν

367 4653 542 4722 ὑμῶν.
580 4655 758 4706 Porro
790 4651 1013 4706 Tatiani
1047 4652 1221 4706 verba
1252 4653 1409 4706 hunc
1469 4669 1710 4706 sensum
1761 4654 2020 4724 prmbere

360 4725 674 4779 videntur:
709 4725 1129 4778 «Consensum
1163 4723 1338 4795 igitur
1395 4724 1712 4795 Apoatolus
1766 4723 2018 4780 orationi

361 4802 566 4868 aptum
594 4795 940 4868 pronuntiat
974 4811 986 4849 :
1021 4796 1362 4868 communio
1423 4803 1621 4850 autem
1667 4797 2019 4867 corruptelae

360 4865 856 4924 intercessionem
895 4865 1178 4939 impedit.
1215 4867 1381 4922 Unde
1413 4885 1518 4938 per
1549 4869 1738 4939 ipsam
1769 4865 2016 4924 conces-

362 4941 595 4996 sionem
627 4953 825 4993 severe
858 4938 930 4992 ab
981 4954 1049 4992 ea
1108 4945 1287 4992 arcet.
1348 4939 1497 4993 Dum
1533 4938 1693 4994 enim
1727 4941 2020 5010 permittit

361 5034 390 5064 «
424 5011 965 5083 proptersatanam
1026 5011 1082 5063 et
1139 5010 1664 5083 intemperantiam
1722 5034 1749 5060 ››
1807 5028 2018 5083 rursus

359 5081 700 5138 convenire.
724 5081 985 5135 declarat
1019 5096 1176 5148 eum,
1209 5081 1307 5151 qui
1345 5081 1713 5152 obsequitur,
1741 5104 1767 5131 ‹‹
1788 5082 2018 5136 duobus

359 5155 582 5210 servire
615 5152 911 5208 dominis:
944 5171 969 5201 ι
1009 5168 1114 5224 per
1171 5169 1529 5207 consensum
1582 5153 1822 5224 quidem
1857 5158 2014 5217 (eum

357 5227 733 5294 scilicet.quo
756 5223 1141 5278 consentiunt
1164 5226 1447 5296 coniuges
1470 5241 1504 5279 a
1526 5241 1586 5278 se
1602 5223 2018 5291 ’abstinere,ut

357 5298 612 5354 orationi
630 5296 1505 5365 vacentjDeozperviolationem
1529 5301 2014 5360 consensus(eam

352 5384 718 5441 nempe,qua
732 5367 1323 5441 diremptoconsensu
1337 5366 1409 5441 ad
1425 5367 2015 5441 concubitumrever-

355 5437 584 5506 tuntur)
609 5437 1102 5509 intemperantiae,
1125 5445 1182 5492 et
1203 5438 1604 5509 fornicationi,
1630 5444 1687 5493 et
1718 5437 2005 5505 diabolo,»

426 5501 830 5584 (62)Κοινωνία
861 5505 916 5561 δὲ
973 5501 1173 5584 φθορᾶς
1206 5507 1323 5562 λύει
1374 5510 1473 5575 τήν
1533 5501 1639 5584 ἕντ.
1696 5501 2010 5584 Perperam

357 5579 653 5654 interpres
678 5579 1088 5654 :«Communio
1109 5586 1308 5636 autem
1328 5597 1434 5654 seu
1455 5579 2010 5654 conjunctio,_inter-

352 5655 477 5709 itus
503 5651 675 5710 solvit
703 5651 1266 5724 interpellationem.
1283 5674 1312 5703 »
1329 5652 1482 5718 Quid
1500 5651 1660 5708 enim
1675 5658 1766 5709 est
1780 5673 1807 5703 «
1821 5652 2008 5709 inter-

2137 449 2374 503 quoque
2394 432 2619 487 inducti
2643 431 2875 486 callidis
2899 431 3214 485 haeresium
3241 430 3561 495 illecebris,
3589 436 3786 484 trans-

2135 521 2473 594 grediamur
2537 521 2834 575 mandata.
2896 519 3164 574 Secunda
3237 527 3432 575 autem
3492 519 3786 590 particula

2139 611 2343 665 statuit
2366 610 2804 681 monogamiam
2831 626 2843 662 :
2880 625 2998 664 non
3030 609 3210 675 enim,
3232 614 3296 662 ut
3317 608 3558 679 quidam
3583 608 3785 663 existi-

2138 705 2396 758 marunt.
2419 699 2686 753 mulieris
2705 714 2838 752 cum
2851 698 2972 751 viro
2987 697 3414 768 alligationem,
3437 698 3782 752 carniscum

2136 789 2379 844 interitu
2420 789 2870 849 connexionem,
2924 787 3243 859 signiﬁcari
3291 785 3622 856 putandum
3655 791 3779 841 est:

2136 878 2458 949 impiorum
2490 878 2647 931 enim
2681 877 3010 932 hominum.
3045 875 3145 946 qui
3178 875 3543 930 matrimonii
3579 875 3783 928 inven-

2135 968 2360 1022 tionem
2391 967 2624 1021 diabolo
2655 972 2855 1037 aperte
2882 965 3167 1031 tribuunt,
3201 965 3544 1036 opinionem
3578 981 3784 1034 repre-

2134 1057 2362 1120 hendit,
2395 1056 2554 1110 unde
2585 1056 2647 1110 in
2687 1055 3018 1126 periculum
3051 1055 3211 1108 venit
3241 1053 3541 1126 legislator
3570 1070 3644 1108 ne
3687 1054 3783 1107 in-

2135 1152 2400 1203 cessatur
2456 1144 2818 1200 maledictis.
2887 1144 3198 1198 Tatianum
3262 1144 3519 1198 arbitror
3569 1145 3781 1213 Syrum

2136 1235 2276 1291 talia
2305 1234 2523 1289 audere
2555 1234 2829 1306 dogmata
2859 1233 3117 1288 tradere.
3166 1233 3264 1286 His
3301 1232 3490 1287 verbis
3538 1231 3779 1302 quidem

2134 1329 2291 1380 certe
2325 1324 2530 1378 scribit
2559 1324 2621 1377 in
2653 1323 2805 1377 libro
2855 1325 2931 1376 De
2952 1321 3298 1392 perfectione
3325 1322 3620 1377 secundum
3645 1322 3780 1375 Ser-

2133 1421 2377 1470 vatorem
2408 1430 2420 1467 :
2446 1434 2472 1466 α
2493 1414 2861 1468 Consensum
2885 1411 3126 1481 quidem
3150 1410 3457 1482 conjungit
3487 1410 3738 1464 orationi
3767 1426 3779 1464 :

2135 1503 2475 1558 communio
2505 1509 2704 1558 autem
2732 1517 2836 1556 seu
2880 1500 3244 1571 conjunctio,
3295 1500 3570 1554 interitus
3611 1499 3785 1554 solvit

2135 1592 2702 1664 interpellationem.
2724 1589 3056 1645 Admodum
3069 1595 3227 1644 certe
3246 1589 3672 1659 circumspecte
3687 1605 3779 1643 ar-

2135 1687 2227 1737 cet
2260 1698 2366 1753 per
2396 1682 2866 1737 concessionem.
2901 1681 3044 1734 Nam
3085 1695 3218 1733 cum
3267 1695 3474 1733 rursus
3513 1678 3784 1748 permisit

2138 1791 2168 1820 «
2191 1769 2369 1824 simul
2391 1770 2706 1824 convenire
2724 1774 2967 1840 propter
2987 1768 3264 1823 Satanam
3289 1772 3346 1822 et
3375 1768 3782 1837 intemperan-

2135 1859 3002 1930 tiam(b),»pronuntiaviteum,
3020 1856 3121 1927 qui
3142 1856 3780 1927 estobtemperaturus,

2135 1970 2164 1996 «
2197 1949 2553 2004 serviturum
2572 1947 2804 2002 duobus
2827 1946 3086 2002 dominis
3108 1952 3178 2014 (ο)
3201 1962 3213 2000 ;
3241 1968 3268 1994 ››
3295 1962 3402 2016 per
3423 1961 3781 2000 consensum

2135 2038 2396 2109 quidem,
2432 2039 2585 2102 Deo;
2621 2053 2728 2107 per
2759 2036 3195 2091 dissensionem
3223 2042 3443 2101 autem,
3487 2035 3783 2105 intempe-

2133 2128 2340 2182 rantiae
2365 2133 2422 2181 et
2441 2126 2816 2181 fornicationi
2835 2131 2893 2180 et
2911 2125 3167 2180 diabolo.
3198 2147 3218 2172 ι
3237 2125 3371 2179 Haec
3393 2130 3590 2179 autem
3615 2122 3777 2193 dicit,

2133 2217 2481 2288 Apostolum
2506 2231 2830 2285 exponens.
2853 2214 3178 2284 Sophistice
3199 2219 3398 2268 autem
3421 2212 3608 2266 eludit
3629 2211 3778 2265 veri-

2132 2311 2336 2372 tatem,
2365 2321 2470 2376 per
2491 2321 2693 2359 verum
2714 2303 2928 2358 falsum
2953 2302 3313 2357 conﬁrmans
3339 2319 3350 2354 :
3375 2302 3781 2370 intemperan-

2133 2396 2271 2450 tiam
2305 2394 2465 2449 enim
2497 2399 2555 2448 et
2574 2392 3049 2453 fornicationem,
3077 2390 3372 2446 diabolica
3397 2390 3538 2444 vitia
3559 2394 3618 2443 et
3638 2390 3783 2444 alle-

2134 2485 2359 2539 ctiones
2390 2499 2497 2537 nos
2528 2497 2764 2552 quoque
2814 2481 3204 2546 conﬁtemur;
3239 2478 3553 2534 intercedit
3582 2484 3779 2532 autem

2133 2571 2425 2628 moderati
2456 2570 2821 2624 matrimonii
2853 2569 3190 2633 consensio,
3224 2585 3354 2639 quas
3388 2574 3510 2622 tum
3541 2566 3612 2622 ad
3644 2581 3780 2636 pre-

2136 2660 2430 2716 cationem
2456 2659 2834 2713 continenter
2856 2657 3113 2723 deducit,
3139 2662 3263 2710 tum
3285 2656 3357 2711 ad
3381 2655 3777 2727 procreandos

2135 2750 2352 2805 liberos
2386 2765 2518 2803 cum
2551 2749 2860 2803 honestate
2903 2747 3201 2802 conciliat.
3237 2769 3263 2796 ‹‹
3297 2746 3561 2817 Cognitio
3591 2767 3617 2792 »
3651 2744 3782 2815 qui-

2135 2839 2273 2894 dem
2299 2844 2456 2893 certe
2479 2854 2512 2893 a
2531 2837 3066 2908 Scripturadictum
3085 2841 3173 2891 est
3203 2841 3435 2907 tempus
3458 2835 3779 2889 liberorum

2136 2927 2588 3000 procreationis,
2622 2943 2756 2981 cum
2787 2926 2936 2982 dixit
2959 2943 2970 2980 :
2996 2948 3024 2975 «
3057 2925 3337 2998 Cognovit
3366 2930 3562 2980 autem
3595 2923 3781 2978 Adam

2138 3020 2308 3072 Evam
2344 3032 2586 3072 uxorem
2615 3032 2781 3070 suam
2807 3035 2820 3080 ;
2853 3015 2916 3078 ’κ
2947 3021 3004 3070 et
3042 3015 3334 3086 concepit,
3359 3020 3417 3069 et
3445 3014 3675 3085 peperit
3706 3013 3782 3066 ﬁ-

2135 3107 2302 3167 lium.
2323 3113 2381 3162 et
2398 3105 2722 3160 nominavit
2741 3121 2957 3159 nomen
2974 3105 3102 3176 ejus
3115 3105 3252 3160 Seth
3271 3122 3282 3158 :
3298 3103 3606 3160 Suscitavit
3624 3103 3783 3157 enim

2133 3196 2284 3252 mihi
2317 3197 2470 3249 Deus
2491 3193 2655 3249 aliud
2677 3209 2880 3249 semen
2912 3211 3018 3264 pro
3036 3193 3182 3249 Abel
3204 3194 3305 3264 (εἰ).
3332 3215 3359 3243 ››
3383 3193 3578 3256 Vides,
3605 3208 3781 3263 quem

2137 3301 2276 3340 nam
2289 3283 2620 3339 maledictis
2647 3283 2920 3339 incessan
2929 3289 2965 3348 t,
2983 3283 3080 3353 qui
3106 3283 3416 3338 honestam
3431 3299 3498 3337 ac
3514 3282 3782 3337 modera-

2134 3380 2259 3430 tam
2282 3374 2590 3429 incessunt
2611 3373 3089 3440 seminationem,
3116 3377 3173 3426 et
3194 3371 3430 3427 diabolo
3452 3371 3785 3426 attribuunt

2135 3462 2600 3535 generationem.
2635 3461 2764 3515 Non
2797 3461 2955 3514 enim
2998 3458 3350 3530 simpliciter
3396 3459 3582 3514 Deum
3614 3457 3780 3525 dixit,

2137 3552 2236 3622 qui
2253 3550 2484 3606 articuli
2500 3549 2930 3620 prasmissione,
2949 3564 3160 3618 nempe
3185 3547 3212 3598 6
3227 3545 3783 3616 eadqdicens,signi-

2138 3640 2332 3695 ﬁcavit
2361 3655 2517 3703 eum,
2552 3638 2651 3708 qui
2677 3645 2768 3691 est
2797 3637 3198 3706 omnipotens.
3225 3636 3390 3699 Quod
3408 3635 3478 3690 ab
3502 3633 3783 3704 Apostolo

2137 3734 2334 3783 autem
2377 3726 2791 3797 subiungitur:
2823 3748 2850 3775 «
2888 3727 2956 3779 Et
2994 3742 3199 3779 rursus
3250 3725 3427 3778 simul
3476 3722 3783 3777 convenite

2137 3822 2377 3888 propter
2409 3817 2684 3870 Satanam
2710 3814 2802 3885 (θ),
2831 3836 2857 3862 ››
2891 3814 2950 3867 in
2980 3831 3112 3868 eum
3138 3815 3319 3868 ﬁnem
3342 3813 3580 3876 dicitur,
3602 3817 3666 3865 ut
3685 3828 3786 3866 oc—

2137 3907 2437 3961 casionem
2455 3903 2623 3957 tollat
2639 3903 2713 3957 ad
2729 3903 2878 3957 alias
2895 3901 3234 3957 declinandi
3257 3901 3629 3972 cupiditates.
3656 3902 3780 3953 Non

2130 4029 2194 4094 >x<
2241 4031 2302 4083 P.
2365 4029 2466 4082 548
2515 4027 2624 4081 ED.
2686 4028 2978 4095 POTTER,
3034 4029 3159 4094 460,
3217 4025 3308 4080 461
3377 4027 3487 4080 ED.
3548 4026 3774 4079 PARIS.

2132 4227 2247 4281 itus
2281 4223 2720 4295 interpellatio?
2741 4222 3085 4295 nSic_igitur
3117 4221 3631 4295 distinguendum:
3653 4224 3780 4272 Κοι-

2129 4296 2291 4350 νωνία
2316 4293 2372 4349 δὲ
2395 4289 2611 4370 got-logi;
2634 4291 2750 4347 λύει
2775 4294 2873 4358 τήν
2894 4289 3140 4370 ἔκῖτευ-ξιν.
3167 4320 3192 4341 ‹‹
3219 4289 3566 4348 C0fnmuni0
3581 4299 3778 4370 autem

2130 4365 2513 4439 corruptelae.
2540 4390 2565 4416 ››
2601 4368 2708 4420 hoc
2741 4373 2829 4420 est
2855 4366 3110 4421 carnalis
3140 4367 3522 4439 concubitus,_
3547 4386 3574 4414 α
3599 4365 3783 4439 inter-

2129 4436 2458 4495 cessio-nem
2487 4463 2512 4488 ››
2547 4456 2612 4492 ac
2646 4439 2976 4492 orationem
3011 4459 3038 4484 ‹‹
3077 4438 3251 4492 solvit
3300 4459 3325 4487 ιο
3389 4455 3456 4492 ac
3510 4436 3776 4505 impedit.

2130 4513 2274 4566 Nam
2309 4513 2588 4566 Tatianus
2619 4509 2984 4564 connubium
3014 4510 3238 4563 vocavit
3265 4508 3492 4582 φθοράνἲ
3527 4508 3782 4577 Epipha-

2130 4584 2265 4636 nius
2290 4584 2361 4636 de
2394 4602 2461 4637 eo
2496 4584 2620 4636 hmc
2642 4581 2804 4645 dicit,
2839 4584 3045 4634 haeres.
3080 4583 3146 4633 46
3182 4576 3316 4634 εΤὸν
3348 4576 3404 4632 δὲ
3431 4576 3606 4648 γάμον
3639 4597 3776 4648 πορ-

2130 4601 2265 4636 mus
2290 4601 2361 4636 (le
2394 4602 2461 4637 eo
2497 4601 2620 4636 ΠεἩο
2642 4601 2804 4645 (υριι,
2839 4601 3045 4634 Haeres.
3080 4601 3146 4633 40
3182 4601 3194 4634 :
3231 4601 3316 4631 ιον
3348 4601 3404 4632 οε
3469 4601 3606 4648 αμον
3639 4601 3776 4648 πορ-

2129 4657 2273 4704 νείαν
2306 4653 2393 4727 καὶ
2427 4653 2631 4727 φθορᾲν
2664 4654 2895 4727 ἡγεῖται,
2926 4652 3144 4727 φάσκων
3199 4648 3366 4721 μηδὲν
3431 4601 3777 4727 διαλλάττειν

2128 4723 2384 4794 πορνείας
2413 4721 2504 4778 τ’ὸν
2525 4721 2726 4797 γάμονζ
2761 4721 2889 4776 ἀλλ’
2928 4721 3060 4775 αὐτὸ
3092 4721 3248 4797 εἶναι’
3287 4746 3314 4774 ‹‹
3345 4724 3590 4797 Nuptias
3611 4723 3782 4777 adul-

2130 4797 2346 4850 terium
2378 4813 2506 4850 esse
2537 4796 2768 4850 merum
2793 4800 2851 4850 et
2881 4796 3280 4866 corruptelam
3315 4796 3630 4853 existimat.
3667 4811 3776 4850 nec

2130 4868 2202 4923 ab
2235 4868 2336 4920 illo
2361 4867 2696 4937 discrepare
2728 4867 2986 4937 penitus,
3023 4867 3154 4937 sed!
3183 4867 3342 4921 idem
3375 4883 3521 4922 esse.
3551 4889 3578 4916 ››
3614 4867 3777 4921 Unde

2129 4939 2403 5012 glemens
2430 4935 2606 5012 paulo
2640 4935 2776 5012 ante
2801 4937 2910 5012 ε.οὐ
2941 4937 3062 5012 γὰρ,
3127 4935 3214 5012 ὣς-
3253 4957 3395 5012 τινες
3427 4937 3780 5012 ἐξηγήσαντο,

2131 5005 2546 5082 δέσιν-γυναῖκὸς
2573 5009 2706 5082 πρὸς
2737 5005 2903 5082 ἄνδρα
2931 5005 3029 5076 τῆς
3061 5009 3258 5082 σαρκὸς
3290 5010 3425 5082 πρὸς
3457 5005 3554 5076 τὴν
3577 5005 3778 5078 φθορὰν

2129 5078 2438 5145 ἐπιπλοκὴν
2498 5079 2794 5149 μηνύεσοαι
2839 5078 3267 5146 ’ὑποτοπητέονο
3321 5078 3348 5132 (ξ
3410 5085 3534 5137 Non
3595 5083 3777 5143 enim,

2127 5153 2444 5223 utquidam
2467 5152 2972 5223 explicarunt,per
2992 5153 3261 5207 mulieris
3278 5155 3350 5208 ad
3370 5155 3555 5208 virum
3575 5155 3780 5224 alliga-

2127 5226 2347 5280 tionem
2365 5224 2576 5295 .carnis
2589 5240 2722 5277 cum
2742 5225 3077 5295 corruptela
3090 5225 3570 5295 conjunctionem
3597 5225 3778 5295 signi-

2127 5297 2289 5351 ﬁcari
2321 5293 2646 5366 putandum
2669 5301 2774 5366 est.
2791 5293 3096 5366 {Sic—enim
3123 5293 3245 5351 haic
3265 5293 3774 5350 vertidebuerunt.

2198 5362 2475 5434 (63)-Σήθ·
2654 5365 2791 5432 Σήθ,
2821 5362 3071 5439 λέγουσαο
3106 5367 3209 5435 Ἐξ.
3256 5369 3463 5439 Genes.

2195 5442 2310 5506 (64)
2343 5436 2770 5509 ΙΙροσάπτεσθαι.
2809 5436 3047 5493 Rectius
3091 5437 3558 5509 προσαπτόμενοι.

2195 5512 2308 5582 (65)
2369 5509 2466 5564 Καὶ
2526 5507 3067 5582 mi).._lmperfecte
3121 5507 3330 5565 recitat
3381 5509 3548 5563 Pauli
3598 5507 3778 5562 verba

2120 5581 2298 5653 paulo
2334 5582 2609 5654 superius
2642 5581 2842 5637 allata.

2191 5655 2304 5725 (66)
2331 5650 2587 5728 Χώρίζει.
2639 5655 2776 5720 Quae
2811 5658 3162 5725 sequuntur,
3204 5652 3319 5709 hoc
3349 5651 3526 5708 modo
3559 5650 3772 5709 distin-
