  <div class='ocr_page' id='page_1' title='image "/cluster/home/n/w/nwhite01/storage/ocr_20150623/8/mdp.39015008686480/599.png"; bbox 0 0 4034 6148; ppageno 0'>
   <div class='ocr_carea' id='block_1_1' title="bbox 353 200 493 258">
    <p class='ocr_par' dir='ltr' id='par_1_1' title="bbox 353 200 493 258">
     <span class='ocr_line' id='line_1_1' title="bbox 353 200 493 258; baseline 0.014 -1"><span class='ocrx_word' id='word_1_1' title='bbox 353 200 493 258; x_wconf 77' lang='lat'>“83</span> 
     </span>
    </p>
   </div>
   <div class='ocr_carea' id='block_1_2' title="bbox 1584 200 2526 260">
    <p class='ocr_par' dir='ltr' id='par_1_2' title="bbox 1584 200 2526 260">
     <span class='ocr_line' id='line_1_2' title="bbox 1584 200 2526 260; baseline -0.003 0"><span class='ocrx_word' id='word_1_2' title='bbox 1584 203 1991 260; x_wconf 69' lang='lat' dir='ltr'>CLEMENTIB</span> <span class='ocrx_word' id='word_1_3' title='bbox 2028 200 2526 258; x_wconf 69' lang='grc' dir='ltr'>ΑιιιΔΝῡιῑιΝῐ</span> 
     </span>
    </p>
   </div>
   <div class='ocr_carea' id='block_1_3' title="bbox 3617 200 3750 261">
    <p class='ocr_par' dir='ltr' id='par_1_3' title="bbox 3617 200 3750 261">
     <span class='ocr_line' id='line_1_3' title="bbox 3617 200 3750 261; baseline 0.03 -4"><span class='ocrx_word' id='word_1_4' title='bbox 3617 200 3750 261; x_wconf 71' lang='grc'>1184</span> 
     </span>
    </p>
   </div>
   <div class='ocr_carea' id='block_1_4' title="bbox 351 320 2002 402">
    <p class='ocr_par' dir='ltr' id='par_1_4' title="bbox 351 324 1999 399">
     <span class='ocr_line' id='line_1_4' title="bbox 351 324 1999 399; baseline -0.004 -15"><span class='ocrx_word' id='word_1_5' title='bbox 351 327 510 384; x_wconf 89' lang='lat' dir='ltr'>enim</span> <span class='ocrx_word' id='word_1_6' title='bbox 536 326 776 399; x_wconf 84' lang='lat' dir='ltr'>penitus</span> <span class='ocrx_word' id='word_1_7' title='bbox 806 326 1045 398; x_wconf 79' lang='lat' dir='ltr'>repellit</span> <span class='ocrx_word' id='word_1_8' title='bbox 1083 330 1310 381; x_wconf 57' lang='lat' dir='ltr'>naturae</span> <span class='ocrx_word' id='word_1_9' title='bbox 1341 327 1756 397; x_wconf 90' lang='lat' dir='ltr'>appetitiones,</span> <span class='ocrx_word' id='word_1_10' title='bbox 1789 325 1890 395; x_wconf 89' lang='lat' dir='ltr'>qui</span> <span class='ocrx_word' id='word_1_11' title='bbox 1930 324 1999 378; x_wconf 83' lang='lat' dir='ltr'>ﬁt</span> 
     </span>
    </p>
   </div>
   <div class='ocr_carea' id='block_1_5' title="bbox 2117 320 3753 402">
    <p class='ocr_par' dir='ltr' id='par_1_5' title="bbox 2117 320 3753 402">
     <span class='ocr_line' id='line_1_5' title="bbox 2117 320 3753 402; baseline 0.004 -27"><span class='ocrx_word' id='word_1_12' title='bbox 2117 322 2395 392; x_wconf 83' lang='grc' dir='ltr'>Τατιανὸς,</span> <span class='ocrx_word' id='word_1_13' title='bbox 2427 320 2555 377; x_wconf 86' lang='grc' dir='ltr'>ἀλλ’</span> <span class='ocrx_word' id='word_1_14' title='bbox 2583 321 2693 398; x_wconf 82' lang='grc' dir='ltr'>οὐχ</span> <span class='ocrx_word' id='word_1_15' title='bbox 2718 321 2793 384; x_wconf 82' lang='grc' dir='ltr'>ὡς</span> <span class='ocrx_word' id='word_1_16' title='bbox 2817 323 2983 395; x_wconf 76' lang='grc' dir='ltr'>ἡμεῖς</span> <span class='ocrx_word' id='word_1_17' title='bbox 3012 342 3208 400; x_wconf 76' lang='grc' dir='ltr'>φαμενο</span> <span class='ocrx_word' id='word_1_18' title='bbox 3261 348 3291 375; x_wconf 78' lang='grc' dir='ltr'><strong>α</strong></span> <span class='ocrx_word' id='word_1_19' title='bbox 3339 323 3573 380; x_wconf 84' lang='grc' dir='ltr'>παλαιὸν</span> <span class='ocrx_word' id='word_1_20' title='bbox 3605 350 3631 380; x_wconf 68' lang='grc' dir='ltr'>υ</span> <span class='ocrx_word' id='word_1_21' title='bbox 3666 328 3753 402; x_wconf 77' lang='grc' dir='ltr'>μὶν</span> 
     </span>
    </p>
   </div>
   <div class='ocr_carea' id='block_1_6' title="bbox 352 413 2003 489">
    <p class='ocr_par' dir='ltr' id='par_1_6' title="bbox 352 413 2003 489">
     <span class='ocr_line' id='line_1_6' title="bbox 352 413 2003 489; baseline -0.004 -16"><span class='ocrx_word' id='word_1_22' title='bbox 352 417 426 473; x_wconf 88' lang='lat' dir='ltr'>ad</span> <span class='ocrx_word' id='word_1_23' title='bbox 458 422 714 489; x_wconf 84' lang='lat' dir='ltr'>tempus,</span> <span class='ocrx_word' id='word_1_24' title='bbox 746 431 1112 471; x_wconf 84' lang='lat' dir='ltr'>consensus:</span> <span class='ocrx_word' id='word_1_25' title='bbox 1144 431 1252 486; x_wconf 89' lang='lat' dir='ltr'>per</span> <span class='ocrx_word' id='word_1_26' title='bbox 1299 431 1479 485; x_wconf 87' lang='lat' dir='ltr'>quem</span> <span class='ocrx_word' id='word_1_27' title='bbox 1528 431 1734 470; x_wconf 84' lang='lat' dir='ltr'>rursus</span> <span class='ocrx_word' id='word_1_28' title='bbox 1775 413 2003 469; x_wconf 83' lang='lat' dir='ltr'>inducit</span> 
     </span>
    </p>
   </div>
   <div class='ocr_carea' id='block_1_7' title="bbox 354 503 2002 578">
    <p class='ocr_par' dir='ltr' id='par_1_7' title="bbox 354 503 2002 578">
     <span class='ocr_line' id='line_1_7' title="bbox 354 503 2002 578; baseline -0.003 -16"><span class='ocrx_word' id='word_1_29' title='bbox 354 506 673 578; x_wconf 78' lang='lat' dir='ltr'>Apostolus</span> <span class='ocrx_word' id='word_1_30' title='bbox 696 504 847 559; x_wconf 76' lang='lat'>198</span> <span class='ocrx_word' id='word_1_31' title='bbox 871 504 1351 576; x_wconf 88' lang='lat' dir='ltr'>conjugationem</span> <span class='ocrx_word' id='word_1_32' title='bbox 1374 504 1760 571; x_wconf 81' lang='lat' dir='ltr'>matrimonii,</span> <span class='ocrx_word' id='word_1_33' title='bbox 1785 520 1904 557; x_wconf 94' lang='lat' dir='ltr'>non</span> <span class='ocrx_word' id='word_1_34' title='bbox 1928 503 2002 557; x_wconf 92' lang='lat' dir='ltr'>ad</span> 
     </span>
    </p>
   </div>
   <div class='ocr_carea' id='block_1_8' title="bbox 350 591 1998 666">
    <p class='ocr_par' dir='ltr' id='par_1_8' title="bbox 350 591 1998 666">
     <span class='ocr_line' id='line_1_8' title="bbox 350 591 1998 666; baseline -0.004 -15"><span class='ocrx_word' id='word_1_35' title='bbox 350 594 875 666; x_wconf 88' lang='lat' dir='ltr'>intemperantiam</span> <span class='ocrx_word' id='word_1_36' title='bbox 908 598 967 647; x_wconf 90' lang='lat' dir='ltr'>et</span> <span class='ocrx_word' id='word_1_37' title='bbox 996 593 1446 648; x_wconf 79' lang='lat' dir='ltr'>fornicationem</span> <span class='ocrx_word' id='word_1_38' title='bbox 1482 599 1540 649; x_wconf 89' lang='lat' dir='ltr'>et</span> <span class='ocrx_word' id='word_1_39' title='bbox 1567 610 1716 664; x_wconf 90' lang='lat' dir='ltr'>opus</span> <span class='ocrx_word' id='word_1_40' title='bbox 1758 591 1998 658; x_wconf 90' lang='lat' dir='ltr'>diaboli,</span> 
     </span>
    </p>
   </div>
   <div class='ocr_carea' id='block_1_9' title="bbox 352 682 2005 754">
    <p class='ocr_par' dir='ltr' id='par_1_9' title="bbox 352 682 2005 754">
     <span class='ocr_line' id='line_1_9' title="bbox 352 682 2005 754; baseline -0.002 -15"><span class='ocrx_word' id='word_1_41' title='bbox 352 684 456 739; x_wconf 88' lang='lat' dir='ltr'>sed</span> <span class='ocrx_word' id='word_1_42' title='bbox 488 700 563 739; x_wconf 90' lang='lat' dir='ltr'>ne</span> <span class='ocrx_word' id='word_1_43' title='bbox 594 682 948 754; x_wconf 87' lang='lat' dir='ltr'>subjugetur</span> <span class='ocrx_word' id='word_1_44' title='bbox 985 682 1481 753; x_wconf 68' lang='lat' dir='ltr'>intemperantiae,</span> <span class='ocrx_word' id='word_1_45' title='bbox 1514 682 1912 748; x_wconf 83' lang='lat' dir='ltr'>fornicationi,</span> <span class='ocrx_word' id='word_1_46' title='bbox 1944 687 2005 736; x_wconf 90' lang='lat' dir='ltr'>et</span> 
     </span>
    </p>
   </div>
   <div class='ocr_carea' id='block_1_10' title="bbox 350 768 1999 841">
    <p class='ocr_par' dir='ltr' id='par_1_10' title="bbox 350 768 1999 841">
     <span class='ocr_line' id='line_1_10' title="bbox 350 768 1999 841; baseline 0 -18"><span class='ocrx_word' id='word_1_47' title='bbox 350 768 611 825; x_wconf 86' lang='lat' dir='ltr'>diabolo.</span> <span class='ocrx_word' id='word_1_48' title='bbox 644 769 964 841; x_wconf 85' lang='lat' dir='ltr'>Distinguit</span> <span class='ocrx_word' id='word_1_49' title='bbox 991 775 1189 824; x_wconf 89' lang='lat' dir='ltr'>autem</span> <span class='ocrx_word' id='word_1_50' title='bbox 1229 777 1485 826; x_wconf 81' lang='lat' dir='ltr'>veterem</span> <span class='ocrx_word' id='word_1_51' title='bbox 1532 787 1767 841; x_wconf 90' lang='lat' dir='ltr'>quoque</span> <span class='ocrx_word' id='word_1_52' title='bbox 1798 770 1999 824; x_wconf 89' lang='lat' dir='ltr'>homi-</span> 
     </span>
    </p>
   </div>
   <div class='ocr_carea' id='block_1_11' title="bbox 350 859 1998 925">
    <p class='ocr_par' dir='ltr' id='par_1_11' title="bbox 350 859 1998 925">
     <span class='ocr_line' id='line_1_11' title="bbox 350 859 1998 925; baseline 0 -12"><span class='ocrx_word' id='word_1_53' title='bbox 350 875 492 914; x_wconf 85' lang='lat' dir='ltr'>nem</span> <span class='ocrx_word' id='word_1_54' title='bbox 523 864 584 913; x_wconf 91' lang='lat' dir='ltr'>et</span> <span class='ocrx_word' id='word_1_55' title='bbox 612 874 830 913; x_wconf 88' lang='lat' dir='ltr'>novum</span> <span class='ocrx_word' id='word_1_56' title='bbox 853 859 1154 925; x_wconf 87' lang='lat' dir='ltr'>Tatianus,</span> <span class='ocrx_word' id='word_1_57' title='bbox 1181 859 1281 915; x_wconf 92' lang='lat' dir='ltr'>sed</span> <span class='ocrx_word' id='word_1_58' title='bbox 1307 876 1427 914; x_wconf 91' lang='lat' dir='ltr'>non</span> <span class='ocrx_word' id='word_1_59' title='bbox 1450 865 1517 914; x_wconf 90' lang='lat' dir='ltr'>ut</span> <span class='ocrx_word' id='word_1_60' title='bbox 1536 860 1811 925; x_wconf 86' lang='lat' dir='ltr'>dicimus,</span> <span class='ocrx_word' id='word_1_61' title='bbox 1835 882 1862 909; x_wconf 92' lang='grc'><strong>‹‹</strong></span> <span class='ocrx_word' id='word_1_62' title='bbox 1895 861 1998 913; x_wconf 88' lang='lat' dir='ltr'>Ve-</span> 
     </span>
    </p>
   </div>
   <div class='ocr_carea' id='block_1_12' title="bbox 352 948 1997 1021">
    <p class='ocr_par' dir='ltr' id='par_1_12' title="bbox 352 948 1997 1021">
     <span class='ocr_line' id='line_1_12' title="bbox 352 948 1997 1021; baseline 0 -18"><span class='ocrx_word' id='word_1_63' title='bbox 352 953 541 1003; x_wconf 90' lang='lat' dir='ltr'>terem</span> <span class='ocrx_word' id='word_1_64' title='bbox 569 970 594 997; x_wconf 80' lang='lat' dir='ltr'><strong><em>n</em></strong></span> <span class='ocrx_word' id='word_1_65' title='bbox 618 948 859 1018; x_wconf 86' lang='lat' dir='ltr'>quidem</span> <span class='ocrx_word' id='word_1_66' title='bbox 885 969 912 998; x_wconf 80' lang='grc' dir='ltr'><strong>α</strong></span> <span class='ocrx_word' id='word_1_67' title='bbox 938 949 1150 1013; x_wconf 89' lang='lat' dir='ltr'>virum,</span> <span class='ocrx_word' id='word_1_68' title='bbox 1177 971 1201 997; x_wconf 77' lang='grc' dir='ltr'>›ι</span> <span class='ocrx_word' id='word_1_69' title='bbox 1230 949 1419 1021; x_wconf 83' lang='lat' dir='ltr'>legem</span> <span class='ocrx_word' id='word_1_70' title='bbox 1444 969 1458 1016; x_wconf 89' lang='lat'><strong>;</strong></span> <span class='ocrx_word' id='word_1_71' title='bbox 1485 966 1700 1004; x_wconf 90' lang='lat' dir='ltr'>novum</span> <span class='ocrx_word' id='word_1_72' title='bbox 1726 971 1749 999; x_wconf 76' lang='grc' dir='ltr'>ιι</span> <span class='ocrx_word' id='word_1_73' title='bbox 1775 954 1997 1014; x_wconf 89' lang='lat' dir='ltr'>autem,</span> 
     </span>
    </p>
   </div>
   <div class='ocr_carea' id='block_1_13' title="bbox 352 1037 2000 1109">
    <p class='ocr_par' dir='ltr' id='par_1_13' title="bbox 352 1037 2000 1109">
     <span class='ocr_line' id='line_1_13' title="bbox 352 1037 2000 1109; baseline -0.001 -17"><span class='ocrx_word' id='word_1_74' title='bbox 352 1037 749 1109; x_wconf 86' lang='lat' dir='ltr'>Evangelium.</span> <span class='ocrx_word' id='word_1_75' title='bbox 777 1037 1154 1092; x_wconf 78' lang='lat' dir='ltr'>Assentimur</span> <span class='ocrx_word' id='word_1_76' title='bbox 1175 1038 1226 1092; x_wconf 91' lang='lat' dir='ltr'>ei</span> <span class='ocrx_word' id='word_1_77' title='bbox 1261 1055 1369 1093; x_wconf 89' lang='lat' dir='ltr'>nos</span> <span class='ocrx_word' id='word_1_78' title='bbox 1395 1055 1631 1109; x_wconf 91' lang='lat' dir='ltr'>quoque</span> <span class='ocrx_word' id='word_1_79' title='bbox 1656 1038 1758 1093; x_wconf 92' lang='lat' dir='ltr'>sed</span> <span class='ocrx_word' id='word_1_80' title='bbox 1789 1054 1909 1092; x_wconf 92' lang='lat' dir='ltr'>non</span> <span class='ocrx_word' id='word_1_81' title='bbox 1931 1053 2000 1092; x_wconf 92' lang='lat' dir='ltr'>eo</span> 
     </span>
    </p>
   </div>
   <div class='ocr_carea' id='block_1_14' title="bbox 349 1125 2001 1200">
    <p class='ocr_par' dir='ltr' id='par_1_14' title="bbox 349 1125 2001 1200">
     <span class='ocr_line' id='line_1_14' title="bbox 349 1125 2001 1200; baseline -0.002 -17"><span class='ocrx_word' id='word_1_82' title='bbox 349 1126 548 1193; x_wconf 88' lang='lat' dir='ltr'>modo,</span> <span class='ocrx_word' id='word_1_83' title='bbox 582 1141 698 1197; x_wconf 93' lang='lat' dir='ltr'>quo</span> <span class='ocrx_word' id='word_1_84' title='bbox 730 1125 852 1181; x_wconf 83' lang='lat' dir='ltr'>vult</span> <span class='ocrx_word' id='word_1_85' title='bbox 882 1125 1005 1191; x_wconf 89' lang='lat' dir='ltr'>ille,</span> <span class='ocrx_word' id='word_1_86' title='bbox 1040 1125 1371 1183; x_wconf 89' lang='lat' dir='ltr'>dissolvens</span> <span class='ocrx_word' id='word_1_87' title='bbox 1402 1127 1593 1200; x_wconf 89' lang='lat' dir='ltr'>legem</span> <span class='ocrx_word' id='word_1_88' title='bbox 1641 1132 1709 1182; x_wconf 90' lang='lat' dir='ltr'>ut</span> <span class='ocrx_word' id='word_1_89' title='bbox 1756 1126 2001 1182; x_wconf 87' lang='lat' dir='ltr'>alterius</span> 
     </span>
    </p>
   </div>
   <div class='ocr_carea' id='block_1_15' title="bbox 350 1214 1998 1282">
    <p class='ocr_par' dir='ltr' id='par_1_15' title="bbox 350 1214 1998 1282">
     <span class='ocr_line' id='line_1_15' title="bbox 350 1214 1998 1282; baseline 0.001 -12"><span class='ocrx_word' id='word_1_90' title='bbox 350 1215 451 1271; x_wconf 89' lang='lat' dir='ltr'>Dei</span> <span class='ocrx_word' id='word_1_91' title='bbox 478 1232 491 1270; x_wconf 89' lang='lat'><strong>:</strong></span> <span class='ocrx_word' id='word_1_92' title='bbox 527 1215 629 1270; x_wconf 92' lang='lat' dir='ltr'>sed</span> <span class='ocrx_word' id='word_1_93' title='bbox 660 1214 817 1269; x_wconf 92' lang='lat' dir='ltr'>idem</span> <span class='ocrx_word' id='word_1_94' title='bbox 851 1215 936 1269; x_wconf 86' lang='lat' dir='ltr'>vir</span> <span class='ocrx_word' id='word_1_95' title='bbox 966 1220 1024 1269; x_wconf 88' lang='lat' dir='ltr'>et</span> <span class='ocrx_word' id='word_1_96' title='bbox 1053 1216 1360 1282; x_wconf 87' lang='lat' dir='ltr'>Dominus,</span> <span class='ocrx_word' id='word_1_97' title='bbox 1410 1217 1551 1271; x_wconf 90' lang='lat' dir='ltr'>dum</span> <span class='ocrx_word' id='word_1_98' title='bbox 1596 1223 1791 1271; x_wconf 83' lang='lat' dir='ltr'>vetera</span> <span class='ocrx_word' id='word_1_99' title='bbox 1814 1231 1998 1271; x_wconf 88' lang='lat' dir='ltr'>reno-</span> 
     </span>
    </p>
   </div>
   <div class='ocr_carea' id='block_1_16' title="bbox 346 1303 2001 1376">
    <p class='ocr_par' dir='ltr' id='par_1_16' title="bbox 346 1303 2001 1376">
     <span class='ocr_line' id='line_1_16' title="bbox 346 1303 2001 1376; baseline 0 -18"><span class='ocrx_word' id='word_1_100' title='bbox 346 1310 461 1370; x_wconf 88' lang='lat' dir='ltr'>vat,</span> <span class='ocrx_word' id='word_1_101' title='bbox 494 1319 612 1359; x_wconf 90' lang='lat' dir='ltr'>non</span> <span class='ocrx_word' id='word_1_102' title='bbox 644 1303 902 1375; x_wconf 90' lang='lat' dir='ltr'>amplius</span> <span class='ocrx_word' id='word_1_103' title='bbox 933 1304 1212 1358; x_wconf 86' lang='lat' dir='ltr'>concedit</span> <span class='ocrx_word' id='word_1_104' title='bbox 1241 1304 1638 1376; x_wconf 87' lang='lat' dir='ltr'>polygamiam</span> <span class='ocrx_word' id='word_1_105' title='bbox 1661 1307 1822 1371; x_wconf 90' lang='lat' dir='ltr'>(nam</span> <span class='ocrx_word' id='word_1_106' title='bbox 1848 1305 2001 1359; x_wconf 89' lang='lat' dir='ltr'>hanc</span> 
     </span>
    </p>
   </div>
   <div class='ocr_carea' id='block_1_17' title="bbox 348 1391 1998 1465">
    <p class='ocr_par' dir='ltr' id='par_1_17' title="bbox 348 1391 1998 1465">
     <span class='ocr_line' id='line_1_17' title="bbox 348 1391 1998 1465; baseline -0.001 -17"><span class='ocrx_word' id='word_1_107' title='bbox 348 1392 589 1465; x_wconf 88' lang='lat' dir='ltr'>quidem</span> <span class='ocrx_word' id='word_1_108' title='bbox 613 1391 927 1463; x_wconf 81' lang='lat' dir='ltr'>expetebat</span> <span class='ocrx_word' id='word_1_109' title='bbox 943 1393 1118 1457; x_wconf 88' lang='lat' dir='ltr'>Deus,</span> <span class='ocrx_word' id='word_1_110' title='bbox 1142 1393 1381 1463; x_wconf 89' lang='lat' dir='ltr'>quando</span> <span class='ocrx_word' id='word_1_111' title='bbox 1395 1394 1706 1464; x_wconf 90' lang='lat' dir='ltr'>oportebat</span> <span class='ocrx_word' id='word_1_112' title='bbox 1723 1393 1998 1447; x_wconf 89' lang='lat' dir='ltr'>homines</span> 
     </span>
    </p>
   </div>
   <div class='ocr_carea' id='block_1_18' title="bbox 347 1480 2001 1554">
    <p class='ocr_par' dir='ltr' id='par_1_18' title="bbox 347 1480 2001 1554">
     <span class='ocr_line' id='line_1_18' title="bbox 347 1480 2001 1554; baseline -0.001 -18"><span class='ocrx_word' id='word_1_113' title='bbox 347 1481 547 1554; x_wconf 77' lang='lat' dir='ltr'>augeri</span> <span class='ocrx_word' id='word_1_114' title='bbox 567 1487 625 1535; x_wconf 92' lang='lat' dir='ltr'>et</span> <span class='ocrx_word' id='word_1_115' title='bbox 640 1480 1071 1552; x_wconf 89' lang='lat' dir='ltr'>multiplicari),</span> <span class='ocrx_word' id='word_1_116' title='bbox 1097 1480 1201 1536; x_wconf 91' lang='lat' dir='ltr'>sed</span> <span class='ocrx_word' id='word_1_117' title='bbox 1216 1483 1655 1554; x_wconf 88' lang='lat' dir='ltr'>monogamiam</span> <span class='ocrx_word' id='word_1_118' title='bbox 1675 1481 2001 1536; x_wconf 88' lang='lat' dir='ltr'>introducit</span> 
     </span>
    </p>
   </div>
   <div class='ocr_carea' id='block_1_19' title="bbox 276 1569 1998 1643">
    <p class='ocr_par' dir='ltr' id='par_1_19' title="bbox 276 1569 1998 1643">
     <span class='ocr_line' id='line_1_19' title="bbox 276 1569 1998 1643; baseline 0 -18"><span class='ocrx_word' id='word_1_119' title='bbox 276 1592 280 1597; x_wconf 62' lang='grc'><em>’</em></span> <span class='ocrx_word' id='word_1_120' title='bbox 347 1576 590 1643; x_wconf 87' lang='lat' dir='ltr'>propter</span> <span class='ocrx_word' id='word_1_121' title='bbox 605 1569 933 1624; x_wconf 90' lang='lat' dir='ltr'>liberorum</span> <span class='ocrx_word' id='word_1_122' title='bbox 954 1571 1429 1641; x_wconf 88' lang='lat' dir='ltr'>procreationem</span> <span class='ocrx_word' id='word_1_123' title='bbox 1449 1578 1508 1626; x_wconf 90' lang='lat' dir='ltr'>et</span> <span class='ocrx_word' id='word_1_124' title='bbox 1536 1572 1750 1626; x_wconf 86' lang='lat' dir='ltr'>domus</span> <span class='ocrx_word' id='word_1_125' title='bbox 1771 1587 1998 1636; x_wconf 88' lang='lat' dir='ltr'>curam,</span> 
     </span>
    </p>
   </div>
   <div class='ocr_carea' id='block_1_20' title="bbox 347 1658 1998 1731">
    <p class='ocr_par' dir='ltr' id='par_1_20' title="bbox 347 1658 1998 1731">
     <span class='ocr_line' id='line_1_20' title="bbox 347 1658 1998 1731; baseline -0.001 -17"><span class='ocrx_word' id='word_1_126' title='bbox 347 1659 421 1714; x_wconf 90' lang='lat' dir='ltr'>ad</span> <span class='ocrx_word' id='word_1_127' title='bbox 447 1674 626 1730; x_wconf 87' lang='lat' dir='ltr'>quam</span> <span class='ocrx_word' id='word_1_128' title='bbox 657 1658 794 1713; x_wconf 89' lang='lat' dir='ltr'>data</span> <span class='ocrx_word' id='word_1_129' title='bbox 825 1664 916 1713; x_wconf 87' lang='lat' dir='ltr'>est</span> <span class='ocrx_word' id='word_1_130' title='bbox 951 1658 1170 1713; x_wconf 91' lang='lat' dir='ltr'>mulier</span> <span class='ocrx_word' id='word_1_131' title='bbox 1200 1659 1459 1731; x_wconf 84' lang='lat' dir='ltr'>adjutrix</span> <span class='ocrx_word' id='word_1_132' title='bbox 1484 1677 1497 1714; x_wconf 92' lang='lat'><strong>:</strong></span> <span class='ocrx_word' id='word_1_133' title='bbox 1523 1665 1582 1715; x_wconf 91' lang='lat' dir='ltr'>et</span> <span class='ocrx_word' id='word_1_134' title='bbox 1618 1660 1665 1714; x_wconf 91' lang='lat' dir='ltr'>si</span> <span class='ocrx_word' id='word_1_135' title='bbox 1707 1660 1801 1714; x_wconf 92' lang='lat' dir='ltr'>cui</span> <span class='ocrx_word' id='word_1_136' title='bbox 1842 1662 1998 1730; x_wconf 83' lang='lat' dir='ltr'>Apo-</span> 
     </span>
    </p>
   </div>
   <div class='ocr_carea' id='block_1_21' title="bbox 345 1747 2001 1819">
    <p class='ocr_par' dir='ltr' id='par_1_21' title="bbox 345 1747 2001 1819">
     <span class='ocr_line' id='line_1_21' title="bbox 345 1747 2001 1819; baseline -0.001 -16"><span class='ocrx_word' id='word_1_137' title='bbox 345 1747 536 1804; x_wconf 88' lang='lat' dir='ltr'>stolus</span> <span class='ocrx_word' id='word_1_138' title='bbox 555 1753 799 1819; x_wconf 80' lang='lat' dir='ltr'>propter</span> <span class='ocrx_word' id='word_1_139' title='bbox 819 1748 1347 1818; x_wconf 87' lang='lat' dir='ltr'>intemperantiam</span> <span class='ocrx_word' id='word_1_140' title='bbox 1363 1755 1421 1803; x_wconf 92' lang='lat' dir='ltr'>et</span> <span class='ocrx_word' id='word_1_141' title='bbox 1436 1750 1756 1814; x_wconf 89' lang='lat' dir='ltr'>ustionem,</span> <span class='ocrx_word' id='word_1_142' title='bbox 1769 1749 2001 1803; x_wconf 88' lang='lat' dir='ltr'>veniam</span> 
     </span>
    </p>
   </div>
   <div class='ocr_carea' id='block_1_22' title="bbox 346 1835 2001 1908">
    <p class='ocr_par' dir='ltr' id='par_1_22' title="bbox 346 1835 2001 1908">
     <span class='ocr_line' id='line_1_22' title="bbox 346 1835 2001 1908; baseline -0.001 -17"><span class='ocrx_word' id='word_1_143' title='bbox 346 1836 592 1892; x_wconf 81' lang='lat' dir='ltr'>secundi</span> <span class='ocrx_word' id='word_1_144' title='bbox 616 1835 890 1891; x_wconf 86' lang='lat' dir='ltr'>concedit</span> <span class='ocrx_word' id='word_1_145' title='bbox 911 1836 1278 1890; x_wconf 90' lang='lat' dir='ltr'>matrimonii</span> <span class='ocrx_word' id='word_1_146' title='bbox 1306 1853 1319 1890; x_wconf 90' lang='lat'>:</span> <span class='ocrx_word' id='word_1_147' title='bbox 1342 1854 1483 1891; x_wconf 90' lang='lat' dir='ltr'>nam</span> <span class='ocrx_word' id='word_1_148' title='bbox 1505 1839 1601 1892; x_wconf 91' lang='lat' dir='ltr'>hic</span> <span class='ocrx_word' id='word_1_149' title='bbox 1624 1854 1861 1908; x_wconf 89' lang='lat' dir='ltr'>quoque</span> <span class='ocrx_word' id='word_1_150' title='bbox 1880 1852 2001 1892; x_wconf 91' lang='lat' dir='ltr'>non</span> 
     </span>
    </p>
   </div>
   <div class='ocr_carea' id='block_1_23' title="bbox 345 1923 1999 2000">
    <p class='ocr_par' dir='ltr' id='par_1_23' title="bbox 345 1923 1999 2000">
     <span class='ocr_line' id='line_1_23' title="bbox 345 1923 1999 2000; baseline 0.002 -21"><span class='ocrx_word' id='word_1_151' title='bbox 345 1930 553 1997; x_wconf 85' lang='lat' dir='ltr'>peccat</span> <span class='ocrx_word' id='word_1_152' title='bbox 593 1923 835 1994; x_wconf 91' lang='lat' dir='ltr'>quidem</span> <span class='ocrx_word' id='word_1_153' title='bbox 862 1940 931 1977; x_wconf 84' lang='lat' dir='ltr'>ex</span> <span class='ocrx_word' id='word_1_154' title='bbox 956 1925 1334 1978; x_wconf 89' lang='lat' dir='ltr'>Testamento</span> <span class='ocrx_word' id='word_1_155' title='bbox 1356 1926 1500 1994; x_wconf 87' lang='lat' dir='ltr'>(non</span> <span class='ocrx_word' id='word_1_156' title='bbox 1524 1932 1614 1979; x_wconf 90' lang='lat' dir='ltr'>est</span> <span class='ocrx_word' id='word_1_157' title='bbox 1634 1926 1795 1979; x_wconf 87' lang='lat' dir='ltr'>enim</span> <span class='ocrx_word' id='word_1_158' title='bbox 1816 1942 1850 1980; x_wconf 90' lang='lat' dir='ltr'>a</span> <span class='ocrx_word' id='word_1_159' title='bbox 1871 1927 1999 2000; x_wconf 83' lang='lat' dir='ltr'>lege</span> 
     </span>
    </p>
   </div>
   <div class='ocr_carea' id='block_1_24' title="bbox 345 2010 2002 2084">
    <p class='ocr_par' dir='ltr' id='par_1_24' title="bbox 345 2010 2002 2084">
     <span class='ocr_line' id='line_1_24' title="bbox 345 2010 2002 2084; baseline 0.002 -18"><span class='ocrx_word' id='word_1_160' title='bbox 345 2012 724 2084; x_wconf 82' lang='lat' dir='ltr'>prohibitus),</span> <span class='ocrx_word' id='word_1_161' title='bbox 759 2027 878 2065; x_wconf 90' lang='lat' dir='ltr'>non</span> <span class='ocrx_word' id='word_1_162' title='bbox 907 2010 1118 2081; x_wconf 90' lang='lat' dir='ltr'>implet</span> <span class='ocrx_word' id='word_1_163' title='bbox 1137 2017 1335 2065; x_wconf 87' lang='lat' dir='ltr'>autem</span> <span class='ocrx_word' id='word_1_164' title='bbox 1361 2028 1655 2067; x_wconf 91' lang='lat' dir='ltr'>summam</span> <span class='ocrx_word' id='word_1_165' title='bbox 1680 2013 1846 2067; x_wconf 90' lang='lat' dir='ltr'>illam</span> <span class='ocrx_word' id='word_1_166' title='bbox 1872 2014 2002 2069; x_wconf 63' lang='lat' dir='ltr'>vita;</span> 
     </span>
    </p>
   </div>
   <div class='ocr_carea' id='block_1_25' title="bbox 345 2099 2002 2173">
    <p class='ocr_par' dir='ltr' id='par_1_25' title="bbox 345 2099 2002 2173">
     <span class='ocr_line' id='line_1_25' title="bbox 345 2099 2002 2173; baseline 0.002 -19"><span class='ocrx_word' id='word_1_167' title='bbox 345 2099 797 2173; x_wconf 83' lang='lat' dir='ltr'>perfectionem,</span> <span class='ocrx_word' id='word_1_168' title='bbox 819 2116 949 2169; x_wconf 75' lang='lat' dir='ltr'>quaa</span> <span class='ocrx_word' id='word_1_169' title='bbox 972 2100 1163 2171; x_wconf 79' lang='lat' dir='ltr'>agitur</span> <span class='ocrx_word' id='word_1_170' title='bbox 1176 2116 1245 2155; x_wconf 81' lang='lat' dir='ltr'>ex</span> <span class='ocrx_word' id='word_1_171' title='bbox 1260 2101 1591 2172; x_wconf 88' lang='lat' dir='ltr'>Evangelio.</span> <span class='ocrx_word' id='word_1_172' title='bbox 1614 2100 1870 2156; x_wconf 89' lang='lat' dir='ltr'>Gloriam</span> <span class='ocrx_word' id='word_1_173' title='bbox 1896 2118 2002 2157; x_wconf 92' lang='lat' dir='ltr'>au-</span> 
     </span>
    </p>
   </div>
   <div class='ocr_carea' id='block_1_26' title="bbox 346 2189 2001 2261">
    <p class='ocr_par' dir='ltr' id='par_1_26' title="bbox 346 2189 2001 2261">
     <span class='ocr_line' id='line_1_26' title="bbox 346 2189 2001 2261; baseline 0.001 -16"><span class='ocrx_word' id='word_1_174' title='bbox 346 2195 467 2245; x_wconf 88' lang='lat' dir='ltr'>tem</span> <span class='ocrx_word' id='word_1_175' title='bbox 499 2190 610 2245; x_wconf 90' lang='lat' dir='ltr'>sibi</span> <span class='ocrx_word' id='word_1_176' title='bbox 635 2189 893 2260; x_wconf 90' lang='lat' dir='ltr'>acquirit</span> <span class='ocrx_word' id='word_1_177' title='bbox 920 2190 1244 2251; x_wconf 67' lang='lat' dir='ltr'>caelestem,</span> <span class='ocrx_word' id='word_1_178' title='bbox 1279 2191 1378 2261; x_wconf 92' lang='lat' dir='ltr'>qui</span> <span class='ocrx_word' id='word_1_179' title='bbox 1411 2191 1567 2261; x_wconf 91' lang='lat' dir='ltr'>apud</span> <span class='ocrx_word' id='word_1_180' title='bbox 1600 2208 1661 2246; x_wconf 90' lang='lat' dir='ltr'>se</span> <span class='ocrx_word' id='word_1_181' title='bbox 1692 2192 2001 2259; x_wconf 89' lang='lat' dir='ltr'>manserit,</span> 
     </span>
    </p>
   </div>
   <div class='ocr_carea' id='block_1_27' title="bbox 349 2278 2001 2350">
    <p class='ocr_par' dir='ltr' id='par_1_27' title="bbox 349 2278 2001 2350">
     <span class='ocr_line' id='line_1_27' title="bbox 349 2278 2001 2350; baseline 0.001 -15"><span class='ocrx_word' id='word_1_182' title='bbox 349 2295 504 2345; x_wconf 89' lang='lat' dir='ltr'>eam,</span> <span class='ocrx_word' id='word_1_183' title='bbox 537 2295 670 2349; x_wconf 70' lang='lat' dir='ltr'>qum</span> <span class='ocrx_word' id='word_1_184' title='bbox 702 2284 792 2333; x_wconf 87' lang='lat' dir='ltr'>est</span> <span class='ocrx_word' id='word_1_185' title='bbox 816 2284 1005 2333; x_wconf 91' lang='lat' dir='ltr'>morte</span> <span class='ocrx_word' id='word_1_186' title='bbox 1026 2278 1336 2344; x_wconf 86' lang='lat' dir='ltr'>dissoluta,</span> <span class='ocrx_word' id='word_1_187' title='bbox 1362 2279 1734 2350; x_wconf 89' lang='lat' dir='ltr'>impollutam</span> <span class='ocrx_word' id='word_1_188' title='bbox 1760 2297 2001 2336; x_wconf 90' lang='lat' dir='ltr'>servans</span> 
     </span>
    </p>
   </div>
   <div class='ocr_carea' id='block_1_28' title="bbox 346 2367 2005 2442">
    <p class='ocr_par' dir='ltr' id='par_1_28' title="bbox 346 2367 2005 2442">
     <span class='ocr_line' id='line_1_28' title="bbox 346 2367 2005 2442; baseline 0 -18"><span class='ocrx_word' id='word_1_189' title='bbox 346 2367 854 2441; x_wconf 88' lang='lat' dir='ltr'>conjunctionem,</span> <span class='ocrx_word' id='word_1_190' title='bbox 898 2374 957 2423; x_wconf 91' lang='lat' dir='ltr'>et</span> <span class='ocrx_word' id='word_1_191' title='bbox 984 2374 1149 2441; x_wconf 86' lang='lat' dir='ltr'>grato</span> <span class='ocrx_word' id='word_1_192' title='bbox 1180 2385 1248 2423; x_wconf 91' lang='lat' dir='ltr'>ac</span> <span class='ocrx_word' id='word_1_193' title='bbox 1298 2368 1539 2424; x_wconf 91' lang='lat' dir='ltr'>lubente</span> <span class='ocrx_word' id='word_1_194' title='bbox 1587 2370 1786 2425; x_wconf 88' lang='lat' dir='ltr'>animo</span> <span class='ocrx_word' id='word_1_195' title='bbox 1827 2377 2005 2442; x_wconf 89' lang='lat' dir='ltr'>paret</span> 
     </span>
    </p>
   </div>
   <div class='ocr_carea' id='block_1_29' title="bbox 345 2456 2003 2528">
    <p class='ocr_par' dir='ltr' id='par_1_29' title="bbox 345 2456 2003 2528">
     <span class='ocr_line' id='line_1_29' title="bbox 345 2456 2003 2528; baseline 0 -14"><span class='ocrx_word' id='word_1_196' title='bbox 345 2456 714 2519; x_wconf 62' lang='lat' dir='ltr'>oeconomia,</span> <span class='ocrx_word' id='word_1_197' title='bbox 748 2473 855 2528; x_wconf 92' lang='lat' dir='ltr'>per</span> <span class='ocrx_word' id='word_1_198' title='bbox 885 2474 1065 2527; x_wconf 91' lang='lat' dir='ltr'>quam</span> <span class='ocrx_word' id='word_1_199' title='bbox 1098 2457 1373 2513; x_wconf 87' lang='lat' dir='ltr'>effectum</span> <span class='ocrx_word' id='word_1_200' title='bbox 1406 2462 1514 2525; x_wconf 90' lang='lat' dir='ltr'>est,</span> <span class='ocrx_word' id='word_1_201' title='bbox 1557 2464 1624 2513; x_wconf 91' lang='lat' dir='ltr'>ut</span> <span class='ocrx_word' id='word_1_202' title='bbox 1643 2458 1844 2513; x_wconf 89' lang='lat' dir='ltr'>divelli</span> <span class='ocrx_word' id='word_1_203' title='bbox 1880 2475 2003 2515; x_wconf 92' lang='lat' dir='ltr'>non</span> 
     </span>
    </p>
   </div>
   <div class='ocr_carea' id='block_1_30' title="bbox 345 2545 2003 2619">
    <p class='ocr_par' dir='ltr' id='par_1_30' title="bbox 345 2545 2003 2619">
     <span class='ocr_line' id='line_1_30' title="bbox 345 2545 2003 2619; baseline 0.001 -18"><span class='ocrx_word' id='word_1_204' title='bbox 345 2546 533 2619; x_wconf 90' lang='lat' dir='ltr'>possit</span> <span class='ocrx_word' id='word_1_205' title='bbox 563 2562 598 2600; x_wconf 91' lang='lat' dir='ltr'>a</span> <span class='ocrx_word' id='word_1_206' title='bbox 627 2545 863 2601; x_wconf 91' lang='lat' dir='ltr'>Domini</span> <span class='ocrx_word' id='word_1_207' title='bbox 906 2546 1259 2601; x_wconf 89' lang='lat' dir='ltr'>ministerio.</span> <span class='ocrx_word' id='word_1_208' title='bbox 1304 2545 1414 2600; x_wconf 89' lang='lat' dir='ltr'>Sed</span> <span class='ocrx_word' id='word_1_209' title='bbox 1464 2562 1573 2601; x_wconf 88' lang='lat' dir='ltr'>nec</span> <span class='ocrx_word' id='word_1_210' title='bbox 1611 2562 1768 2614; x_wconf 90' lang='lat' dir='ltr'>eum,</span> <span class='ocrx_word' id='word_1_211' title='bbox 1799 2549 1901 2618; x_wconf 91' lang='lat' dir='ltr'>qui</span> <span class='ocrx_word' id='word_1_212' title='bbox 1932 2564 2003 2603; x_wconf 83' lang='lat' dir='ltr'>ex</span> 
     </span>
    </p>
   </div>
   <div class='ocr_carea' id='block_1_31' title="bbox 351 2633 2003 2708">
    <p class='ocr_par' dir='ltr' id='par_1_31' title="bbox 351 2633 2003 2708">
     <span class='ocr_line' id='line_1_31' title="bbox 351 2633 2003 2708; baseline 0.001 -18"><span class='ocrx_word' id='word_1_213' title='bbox 351 2634 650 2706; x_wconf 88' lang='lat' dir='ltr'>conjugali</span> <span class='ocrx_word' id='word_1_214' title='bbox 679 2634 868 2707; x_wconf 90' lang='lat' dir='ltr'>surgit</span> <span class='ocrx_word' id='word_1_215' title='bbox 888 2633 1090 2701; x_wconf 89' lang='lat' dir='ltr'>cubili,</span> <span class='ocrx_word' id='word_1_216' title='bbox 1107 2634 1386 2689; x_wconf 91' lang='lat' dir='ltr'>similiter</span> <span class='ocrx_word' id='word_1_217' title='bbox 1406 2641 1471 2689; x_wconf 90' lang='lat' dir='ltr'>ut</span> <span class='ocrx_word' id='word_1_218' title='bbox 1490 2635 1655 2701; x_wconf 91' lang='lat' dir='ltr'>olim,</span> <span class='ocrx_word' id='word_1_219' title='bbox 1672 2636 1818 2708; x_wconf 88' lang='lat' dir='ltr'>tingi</span> <span class='ocrx_word' id='word_1_220' title='bbox 1844 2653 2003 2692; x_wconf 89' lang='lat' dir='ltr'>nunc</span> 
     </span>
    </p>
   </div>
   <div class='ocr_carea' id='block_1_32' title="bbox 362 2722 2001 2796">
    <p class='ocr_par' dir='ltr' id='par_1_32' title="bbox 362 2722 2001 2796">
     <span class='ocr_line' id='line_1_32' title="bbox 362 2722 2001 2796; baseline 0.002 -18"><span class='ocrx_word' id='word_1_221' title='bbox 362 2739 597 2795; x_wconf 89' lang='lat' dir='ltr'>quoque</span> <span class='ocrx_word' id='word_1_222' title='bbox 621 2722 797 2794; x_wconf 87' lang='lat' dir='ltr'>jubet</span> <span class='ocrx_word' id='word_1_223' title='bbox 847 2722 1048 2777; x_wconf 90' lang='lat' dir='ltr'>divina</span> <span class='ocrx_word' id='word_1_224' title='bbox 1093 2739 1200 2794; x_wconf 89' lang='lat' dir='ltr'>per</span> <span class='ocrx_word' id='word_1_225' title='bbox 1247 2724 1564 2779; x_wconf 90' lang='lat' dir='ltr'>Dominum</span> <span class='ocrx_word' id='word_1_226' title='bbox 1597 2725 2001 2796; x_wconf 88' lang='lat' dir='ltr'>providentia:</span> 
     </span>
    </p>
   </div>
   <div class='ocr_carea' id='block_1_33' title="bbox 354 2811 2004 2885">
    <p class='ocr_par' dir='ltr' id='par_1_33' title="bbox 354 2811 2004 2885">
     <span class='ocr_line' id='line_1_33' title="bbox 354 2811 2004 2885; baseline 0.002 -18"><span class='ocrx_word' id='word_1_227' title='bbox 354 2828 474 2867; x_wconf 90' lang='lat' dir='ltr'>non</span> <span class='ocrx_word' id='word_1_228' title='bbox 509 2812 670 2867; x_wconf 91' lang='lat' dir='ltr'>enim</span> <span class='ocrx_word' id='word_1_229' title='bbox 702 2811 1039 2866; x_wconf 90' lang='lat' dir='ltr'>necessario</span> <span class='ocrx_word' id='word_1_230' title='bbox 1061 2828 1096 2865; x_wconf 91' lang='lat' dir='ltr'>a</span> <span class='ocrx_word' id='word_1_231' title='bbox 1122 2811 1445 2866; x_wconf 89' lang='lat' dir='ltr'>liberorum</span> <span class='ocrx_word' id='word_1_232' title='bbox 1469 2812 1712 2869; x_wconf 92' lang='lat' dir='ltr'>abducit</span> <span class='ocrx_word' id='word_1_233' title='bbox 1732 2831 2004 2885; x_wconf 90' lang='lat' dir='ltr'>procrea-</span> 
     </span>
    </p>
   </div>
   <div class='ocr_carea' id='block_1_34' title="bbox 350 2899 2003 2971">
    <p class='ocr_par' dir='ltr' id='par_1_34' title="bbox 350 2899 2003 2971">
     <span class='ocr_line' id='line_1_34' title="bbox 350 2899 2003 2971; baseline 0.003 -17"><span class='ocrx_word' id='word_1_234' title='bbox 350 2901 535 2966; x_wconf 90' lang='lat' dir='ltr'>tione,</span> <span class='ocrx_word' id='word_1_235' title='bbox 572 2901 673 2970; x_wconf 90' lang='lat' dir='ltr'>qui</span> <span class='ocrx_word' id='word_1_236' title='bbox 707 2899 1018 2955; x_wconf 88' lang='lat' dir='ltr'>credentes</span> <span class='ocrx_word' id='word_1_237' title='bbox 1039 2917 1145 2971; x_wconf 90' lang='lat' dir='ltr'>per</span> <span class='ocrx_word' id='word_1_238' title='bbox 1165 2917 1349 2955; x_wconf 91' lang='lat' dir='ltr'>unum</span> <span class='ocrx_word' id='word_1_239' title='bbox 1375 2900 1735 2971; x_wconf 88' lang='lat' dir='ltr'>baptismum</span> <span class='ocrx_word' id='word_1_240' title='bbox 1757 2904 1831 2958; x_wconf 90' lang='lat' dir='ltr'>ad</span> <span class='ocrx_word' id='word_1_241' title='bbox 1863 2921 2003 2959; x_wconf 90' lang='lat' dir='ltr'>con-</span> 
     </span>
    </p>
   </div>
   <div class='ocr_carea' id='block_1_35' title="bbox 352 2988 2001 3060">
    <p class='ocr_par' dir='ltr' id='par_1_35' title="bbox 352 2988 2001 3060">
     <span class='ocr_line' id='line_1_35' title="bbox 352 2988 2001 3060; baseline 0.002 -16"><span class='ocrx_word' id='word_1_242' title='bbox 352 2988 732 3044; x_wconf 88' lang='lat' dir='ltr'>suetudinem</span> <span class='ocrx_word' id='word_1_243' title='bbox 761 2988 922 3042; x_wconf 90' lang='lat' dir='ltr'>omni</span> <span class='ocrx_word' id='word_1_244' title='bbox 953 3005 1022 3043; x_wconf 85' lang='lat' dir='ltr'>ex</span> <span class='ocrx_word' id='word_1_245' title='bbox 1044 2994 1210 3060; x_wconf 89' lang='lat' dir='ltr'>parte</span> <span class='ocrx_word' id='word_1_246' title='bbox 1230 2988 1549 3060; x_wconf 86' lang='lat' dir='ltr'>perfectam</span> <span class='ocrx_word' id='word_1_247' title='bbox 1572 2991 1780 3059; x_wconf 86' lang='lat' dir='ltr'>abluit,</span> <span class='ocrx_word' id='word_1_248' title='bbox 1804 2993 2001 3047; x_wconf 88' lang='lat' dir='ltr'>Domi-</span> 
     </span>
    </p>
   </div>
   <div class='ocr_carea' id='block_1_36' title="bbox 2112 407 3758 489">
    <p class='ocr_par' dir='ltr' id='par_1_36' title="bbox 2112 407 3758 489">
     <span class='ocr_line' id='line_1_36' title="bbox 2112 407 3758 489; baseline 0.005 -28"><span class='ocrx_word' id='word_1_249' title='bbox 2112 433 2141 461; x_wconf 84' lang='lat'><strong>«</strong></span> <span class='ocrx_word' id='word_1_250' title='bbox 2173 407 2341 482; x_wconf 75' lang='grc' dir='ltr'>ἄνδρα</span> <span class='ocrx_word' id='word_1_251' title='bbox 2368 435 2396 463; x_wconf 84' lang='grc'><strong>››</strong></span> <span class='ocrx_word' id='word_1_252' title='bbox 2419 413 2511 466; x_wconf 89' lang='grc' dir='ltr'>τὸν</span> <span class='ocrx_word' id='word_1_253' title='bbox 2535 412 2726 483; x_wconf 83' lang='grc' dir='ltr'>νόμον,</span> <span class='ocrx_word' id='word_1_254' title='bbox 2760 436 2788 463; x_wconf 87' lang='grc'><strong><em>‹‹</em></strong></span> <span class='ocrx_word' id='word_1_255' title='bbox 2816 413 2999 467; x_wconf 70' lang='grc' dir='ltr'>καινὸν</span> <span class='ocrx_word' id='word_1_256' title='bbox 3035 438 3063 464; x_wconf 83' lang='grc'><strong>››</strong></span> <span class='ocrx_word' id='word_1_257' title='bbox 3082 410 3140 467; x_wconf 77' lang='grc' dir='ltr'><strong>δὶ</strong></span> <span class='ocrx_word' id='word_1_258' title='bbox 3167 412 3230 467; x_wconf 87' lang='grc' dir='ltr'>τὸ</span> <span class='ocrx_word' id='word_1_259' title='bbox 3260 412 3758 489; x_wconf 72' lang='grc' dir='ltr'>Εύαγγέλιον,συμ-</span> 
     </span>
    </p>
   </div>
   <div class='ocr_carea' id='block_1_37' title="bbox 2111 498 3759 576">
    <p class='ocr_par' dir='ltr' id='par_1_37' title="bbox 2111 498 3759 576">
     <span class='ocr_line' id='line_1_37' title="bbox 2111 498 3759 576; baseline 0.004 -23"><span class='ocrx_word' id='word_1_260' title='bbox 2111 504 2400 573; x_wconf 75' lang='grc' dir='ltr'>φωνοῦμεν</span> <span class='ocrx_word' id='word_1_261' title='bbox 2448 501 2598 573; x_wconf 85' lang='grc' dir='ltr'>αύτῷ</span> <span class='ocrx_word' id='word_1_262' title='bbox 2655 500 2745 555; x_wconf 85' lang='grc' dir='ltr'>καὶ</span> <span class='ocrx_word' id='word_1_263' title='bbox 2800 499 2954 555; x_wconf 67' lang='grc' dir='ltr'>αὐτοὶ</span> <span class='ocrx_word' id='word_1_264' title='bbox 3012 498 3303 576; x_wconf 71' lang='grc' dir='ltr'>λέγοντες,</span> <span class='ocrx_word' id='word_1_265' title='bbox 3361 501 3512 569; x_wconf 71' lang='grc' dir='ltr'>πλὴν</span> <span class='ocrx_word' id='word_1_266' title='bbox 3567 504 3674 560; x_wconf 74' lang='grc' dir='ltr'>οὐχ</span> 
     </span>
    </p>
   </div>
   <div class='ocr_carea' id='block_1_38' title="bbox 2115 585 3753 662">
    <p class='ocr_par' dir='ltr' id='par_1_38' title="bbox 2115 585 3753 662">
     <span class='ocr_line' id='line_1_38' title="bbox 2115 585 3753 662; baseline 0.004 -22"><span class='ocrx_word' id='word_1_267' title='bbox 2115 585 2374 661; x_wconf 89' lang='grc' dir='ltr'>βούλεται</span> <span class='ocrx_word' id='word_1_268' title='bbox 2430 589 2634 649; x_wconf 71' lang='grc' dir='ltr'>ἐκεῖνος</span> <span class='ocrx_word' id='word_1_269' title='bbox 2670 632 2684 657; x_wconf 91' lang='grc'>,</span> <span class='ocrx_word' id='word_1_270' title='bbox 2734 586 3024 645; x_wconf 97' lang='grc' dir='ltr'>καταλύων</span> <span class='ocrx_word' id='word_1_271' title='bbox 3073 590 3169 645; x_wconf 87' lang='grc' dir='ltr'>τὸν</span> <span class='ocrx_word' id='word_1_272' title='bbox 3227 590 3399 662; x_wconf 87' lang='grc' dir='ltr'>νόμον</span> <span class='ocrx_word' id='word_1_273' title='bbox 3458 591 3533 653; x_wconf 84' lang='grc' dir='ltr'>ὡς</span> <span class='ocrx_word' id='word_1_274' title='bbox 3589 591 3753 649; x_wconf 76' lang='grc' dir='ltr'>ἄλλου</span> 
     </span>
    </p>
   </div>
   <div class='ocr_carea' id='block_1_39' title="bbox 2109 675 3755 752">
    <p class='ocr_par' dir='ltr' id='par_1_39' title="bbox 2109 675 3755 752">
     <span class='ocr_line' id='line_1_39' title="bbox 2109 675 3755 752; baseline 0.004 -22"><span class='ocrx_word' id='word_1_275' title='bbox 2109 680 2263 730; x_wconf 80' lang='grc' dir='ltr'>Θεοῦ·</span> <span class='ocrx_word' id='word_1_276' title='bbox 2299 675 2427 732; x_wconf 85' lang='grc' dir='ltr'>ἀλλ’</span> <span class='ocrx_word' id='word_1_277' title='bbox 2456 679 2485 732; x_wconf 97' lang='lat'>6</span> <span class='ocrx_word' id='word_1_278' title='bbox 2518 677 2677 739; x_wconf 74' lang='grc' dir='ltr'>αὐτὸς</span> <span class='ocrx_word' id='word_1_279' title='bbox 2725 680 2862 752; x_wconf 69' lang='grc' dir='ltr'>ἀνήρ</span> <span class='ocrx_word' id='word_1_280' title='bbox 2914 679 3002 733; x_wconf 81' lang='grc' dir='ltr'>καὶ</span> <span class='ocrx_word' id='word_1_281' title='bbox 3067 680 3283 752; x_wconf 80' lang='grc' dir='ltr'>Κύριος,</span> <span class='ocrx_word' id='word_1_282' title='bbox 3333 678 3544 735; x_wconf 84' lang='grc' dir='ltr'>παλαιὰ</span> <span class='ocrx_word' id='word_1_283' title='bbox 3598 682 3755 736; x_wconf 84' lang='grc' dir='ltr'>καινί-</span> 
     </span>
    </p>
   </div>
   <div class='ocr_carea' id='block_1_40' title="bbox 2113 761 3757 844">
    <p class='ocr_par' dir='ltr' id='par_1_40' title="bbox 2113 761 3757 844">
     <span class='ocr_line' id='line_1_40' title="bbox 2113 761 3757 844; baseline 0.004 -26"><span class='ocrx_word' id='word_1_284' title='bbox 2113 768 2217 833; x_wconf 86' lang='grc' dir='ltr'>ζων</span> <span class='ocrx_word' id='word_1_285' title='bbox 2249 769 2387 838; x_wconf 83' lang='grc'>(67),</span> <span class='ocrx_word' id='word_1_286' title='bbox 2441 765 2503 820; x_wconf 93' lang='grc' dir='ltr'>ού</span> <span class='ocrx_word' id='word_1_287' title='bbox 2572 764 2929 841; x_wconf 87' lang='grc' dir='ltr'>πολυγαμίαν</span> <span class='ocrx_word' id='word_1_288' title='bbox 2987 761 3065 821; x_wconf 80' lang='grc' dir='ltr'>ἔτι</span> <span class='ocrx_word' id='word_1_289' title='bbox 3126 774 3428 842; x_wconf 85' lang='grc' dir='ltr'>συγχωρεῖ·</span> <span class='ocrx_word' id='word_1_290' title='bbox 3461 770 3608 838; x_wconf 83' lang='grc' dir='ltr'>(τότε</span> <span class='ocrx_word' id='word_1_291' title='bbox 3662 771 3757 844; x_wconf 74' lang='grc' dir='ltr'>γὰρ</span> 
     </span>
    </p>
   </div>
   <div class='ocr_carea' id='block_1_41' title="bbox 2111 852 3754 929">
    <p class='ocr_par' dir='ltr' id='par_1_41' title="bbox 2111 852 3754 929">
     <span class='ocr_line' id='line_1_41' title="bbox 2111 852 3754 929; baseline 0.002 -22"><span class='ocrx_word' id='word_1_292' title='bbox 2111 854 2307 927; x_wconf 73' lang='grc' dir='ltr'>ἂπῄτει</span> <span class='ocrx_word' id='word_1_293' title='bbox 2348 856 2458 929; x_wconf 91' lang='grc'>(68)</span> <span class='ocrx_word' id='word_1_294' title='bbox 2512 856 2541 909; x_wconf 97' lang='lat'>6</span> <span class='ocrx_word' id='word_1_295' title='bbox 2588 857 2744 921; x_wconf 84' lang='grc' dir='ltr'>Θεὸς,</span> <span class='ocrx_word' id='word_1_296' title='bbox 2806 855 2896 910; x_wconf 85' lang='grc' dir='ltr'>ὅτε</span> <span class='ocrx_word' id='word_1_297' title='bbox 2952 852 3267 925; x_wconf 78' lang='grc' dir='ltr'>αὒξάνεσθαι</span> <span class='ocrx_word' id='word_1_298' title='bbox 3324 856 3416 911; x_wconf 81' lang='grc' dir='ltr'>καὶ</span> <span class='ocrx_word' id='word_1_299' title='bbox 3463 855 3754 927; x_wconf 85' lang='grc' dir='ltr'>πληθύνειν</span> 
     </span>
    </p>
   </div>
   <div class='ocr_carea' id='block_1_42' title="bbox 2110 941 3764 1020">
    <p class='ocr_par' dir='ltr' id='par_1_42' title="bbox 2110 941 3764 1020">
     <span class='ocr_line' id='line_1_42' title="bbox 2110 941 3764 1020; baseline 0.004 -23"><span class='ocrx_word' id='word_1_300' title='bbox 2110 941 2329 1018; x_wconf 70' lang='grc' dir='ltr'>ἒχρῆν·)</span> <span class='ocrx_word' id='word_1_301' title='bbox 2380 945 2718 1019; x_wconf 81' lang='grc' dir='ltr'>μονογαμίαν</span> <span class='ocrx_word' id='word_1_302' title='bbox 2771 942 2829 999; x_wconf 75' lang='grc' dir='ltr'><strong>δὲ</strong></span> <span class='ocrx_word' id='word_1_303' title='bbox 2886 944 3086 1020; x_wconf 66' lang='grc' dir='ltr'>εἰσάγει</span> <span class='ocrx_word' id='word_1_304' title='bbox 3139 942 3229 999; x_wconf 77' lang='grc' dir='ltr'>διὰ</span> <span class='ocrx_word' id='word_1_305' title='bbox 3276 944 3623 1001; x_wconf 82' lang='grc' dir='ltr'>παιδοποιίαν</span> <span class='ocrx_word' id='word_1_306' title='bbox 3682 951 3764 1004; x_wconf 65' lang='grc' dir='ltr'>καὶ</span> 
     </span>
    </p>
   </div>
   <div class='ocr_carea' id='block_1_43' title="bbox 2107 1031 3756 1109">
    <p class='ocr_par' dir='ltr' id='par_1_43' title="bbox 2107 1031 3756 1109">
     <span class='ocr_line' id='line_1_43' title="bbox 2107 1031 3756 1109; baseline 0.004 -24"><span class='ocrx_word' id='word_1_307' title='bbox 2107 1032 2207 1099; x_wconf 79' lang='grc' dir='ltr'>τήν</span> <span class='ocrx_word' id='word_1_308' title='bbox 2254 1037 2351 1087; x_wconf 77' lang='grc' dir='ltr'>τοῦ</span> <span class='ocrx_word' id='word_1_309' title='bbox 2410 1031 2564 1088; x_wconf 73' lang='grc' dir='ltr'>οἳκου</span> <span class='ocrx_word' id='word_1_310' title='bbox 2613 1032 2963 1106; x_wconf 72' lang='grc' dir='ltr'>κηδεμονίαν,</span> <span class='ocrx_word' id='word_1_311' title='bbox 3023 1033 3101 1095; x_wconf 79' lang='grc' dir='ltr'>εἷς</span> <span class='ocrx_word' id='word_1_312' title='bbox 3161 1033 3227 1103; x_wconf 73' lang='grc' dir='ltr'>ἣν</span> <span class='ocrx_word' id='word_1_313' title='bbox 3283 1036 3487 1109; x_wconf 81' lang='grc' dir='ltr'>βοηθὸς</span> <span class='ocrx_word' id='word_1_314' title='bbox 3530 1033 3693 1105; x_wconf 81' lang='grc' dir='ltr'>ἐδόθη</span> <span class='ocrx_word' id='word_1_315' title='bbox 3724 1039 3756 1105; x_wconf 76' lang='grc' dir='ltr'><strong>ἡ</strong></span> 
     </span>
    </p>
   </div>
   <div class='ocr_carea' id='block_1_44' title="bbox 2108 1120 3762 1197">
    <p class='ocr_par' dir='ltr' id='par_1_44' title="bbox 2108 1120 3762 1197">
     <span class='ocr_line' id='line_1_44' title="bbox 2108 1120 3762 1197; baseline 0.003 -24"><span class='ocrx_word' id='word_1_316' title='bbox 2108 1122 2265 1195; x_wconf 80' lang='grc' dir='ltr'>γυνή’</span> <span class='ocrx_word' id='word_1_317' title='bbox 2311 1121 2401 1176; x_wconf 83' lang='grc' dir='ltr'>καὶ</span> <span class='ocrx_word' id='word_1_318' title='bbox 2436 1123 2482 1176; x_wconf 85' lang='grc' dir='ltr'><strong>εἳ</strong></span> <span class='ocrx_word' id='word_1_319' title='bbox 2527 1143 2635 1177; x_wconf 89' lang='grc' dir='ltr'>τινι</span> <span class='ocrx_word' id='word_1_320' title='bbox 2665 1127 2779 1195; x_wconf 82' lang='grc'>(69)</span> <span class='ocrx_word' id='word_1_321' title='bbox 2809 1123 2838 1177; x_wconf 86' lang='lat'>6</span> <span class='ocrx_word' id='word_1_322' title='bbox 2871 1121 3212 1184; x_wconf 84' lang='grc' dir='ltr'>’Δπόστολος</span> <span class='ocrx_word' id='word_1_323' title='bbox 3261 1120 3333 1178; x_wconf 91' lang='grc' dir='ltr'>δι’</span> <span class='ocrx_word' id='word_1_324' title='bbox 3372 1123 3629 1197; x_wconf 75' lang='grc' dir='ltr'>ἀκρασίαν</span> <span class='ocrx_word' id='word_1_325' title='bbox 3678 1125 3762 1180; x_wconf 83' lang='grc' dir='ltr'>καὶ</span> 
     </span>
    </p>
   </div>
   <div class='ocr_carea' id='block_1_45' title="bbox 2108 1208 3762 1289">
    <p class='ocr_par' dir='ltr' id='par_1_45' title="bbox 2108 1208 3762 1289">
     <span class='ocr_line' id='line_1_45' title="bbox 2108 1208 3762 1289; baseline 0.002 -25"><span class='ocrx_word' id='word_1_326' title='bbox 2108 1209 2351 1285; x_wconf 80' lang='grc' dir='ltr'>πύρωσιν</span> <span class='ocrx_word' id='word_1_327' title='bbox 2396 1212 2533 1265; x_wconf 76' lang='grc' dir='ltr'>κατὰ</span> <span class='ocrx_word' id='word_1_328' title='bbox 2590 1212 2921 1287; x_wconf 81' lang='grc' dir='ltr'>συγγνώμην</span> <span class='ocrx_word' id='word_1_329' title='bbox 2982 1208 3234 1287; x_wconf 71' lang='grc' dir='ltr'>δευτέρου</span> <span class='ocrx_word' id='word_1_330' title='bbox 3286 1210 3612 1285; x_wconf 80' lang='grc' dir='ltr'>μεταδίδωσι</span> <span class='ocrx_word' id='word_1_331' title='bbox 3664 1217 3762 1289; x_wconf 86' lang='grc' dir='ltr'>γά-</span> 
     </span>
    </p>
   </div>
   <div class='ocr_carea' id='block_1_46' title="bbox 2112 1300 3765 1377">
    <p class='ocr_par' dir='ltr' id='par_1_46' title="bbox 2112 1300 3765 1377">
     <span class='ocr_line' id='line_1_46' title="bbox 2112 1300 3765 1377; baseline 0.002 -22"><span class='ocrx_word' id='word_1_332' title='bbox 2112 1317 2238 1375; x_wconf 83' lang='grc' dir='ltr'>μου’</span> <span class='ocrx_word' id='word_1_333' title='bbox 2262 1300 2375 1355; x_wconf 80' lang='grc' dir='ltr'>ἐπεὶ</span> <span class='ocrx_word' id='word_1_334' title='bbox 2398 1300 2488 1355; x_wconf 86' lang='grc' dir='ltr'>καὶ</span> <span class='ocrx_word' id='word_1_335' title='bbox 2520 1302 2677 1363; x_wconf 84' lang='grc' dir='ltr'>οὗτος</span> <span class='ocrx_word' id='word_1_336' title='bbox 2711 1301 2823 1376; x_wconf 78' lang='grc' dir='ltr'>οὐχ</span> <span class='ocrx_word' id='word_1_337' title='bbox 2879 1301 3172 1377; x_wconf 81' lang='grc' dir='ltr'>ἁμαρτάνει</span> <span class='ocrx_word' id='word_1_338' title='bbox 3235 1303 3328 1375; x_wconf 76' lang='grc' dir='ltr'>μὶν</span> <span class='ocrx_word' id='word_1_339' title='bbox 3386 1304 3523 1358; x_wconf 76' lang='grc' dir='ltr'>κατὰ</span> <span class='ocrx_word' id='word_1_340' title='bbox 3562 1305 3765 1375; x_wconf 79' lang='grc' dir='ltr'>Διαθή·</span> 
     </span>
    </p>
   </div>
   <div class='ocr_carea' id='block_1_47' title="bbox 2105 1387 3765 1467">
    <p class='ocr_par' dir='ltr' id='par_1_47' title="bbox 2105 1387 3765 1467">
     <span class='ocr_line' id='line_1_47' title="bbox 2105 1387 3765 1467; baseline 0.001 -23"><span class='ocrx_word' id='word_1_341' title='bbox 2105 1410 2211 1458; x_wconf 85' lang='grc' dir='ltr'>κην</span> <span class='ocrx_word' id='word_1_342' title='bbox 2244 1388 2329 1461; x_wconf 87' lang='grc' dir='ltr'>(ού</span> <span class='ocrx_word' id='word_1_343' title='bbox 2359 1389 2459 1465; x_wconf 70' lang='grc' dir='ltr'>γὰρ</span> <span class='ocrx_word' id='word_1_344' title='bbox 2489 1387 2796 1445; x_wconf 82' lang='grc' dir='ltr'>κεκώλυται</span> <span class='ocrx_word' id='word_1_345' title='bbox 2828 1391 2963 1461; x_wconf 87' lang='grc' dir='ltr'>πρὸς</span> <span class='ocrx_word' id='word_1_346' title='bbox 3009 1395 3108 1444; x_wconf 75' lang='grc' dir='ltr'>τοῦ</span> <span class='ocrx_word' id='word_1_347' title='bbox 3166 1393 3387 1462; x_wconf 83' lang='grc' dir='ltr'>νόμου),</span> <span class='ocrx_word' id='word_1_348' title='bbox 3447 1392 3509 1447; x_wconf 84' lang='lat' dir='ltr'>o6</span> <span class='ocrx_word' id='word_1_349' title='bbox 3554 1391 3765 1467; x_wconf 83' lang='grc' dir='ltr'>πληροῖ</span> 
     </span>
    </p>
   </div>
   <div class='ocr_carea' id='block_1_48' title="bbox 2108 1474 3766 1553">
    <p class='ocr_par' dir='ltr' id='par_1_48' title="bbox 2108 1474 3766 1553">
     <span class='ocr_line' id='line_1_48' title="bbox 2108 1474 3766 1553; baseline 0.001 -21"><span class='ocrx_word' id='word_1_350' title='bbox 2108 1474 2168 1532; x_wconf 75' lang='grc' dir='ltr'><strong>δὲ</strong></span> <span class='ocrx_word' id='word_1_351' title='bbox 2194 1485 2293 1547; x_wconf 79' lang='grc' dir='ltr'>τῆς</span> <span class='ocrx_word' id='word_1_352' title='bbox 2318 1478 2455 1533; x_wconf 76' lang='grc' dir='ltr'>κατὰ</span> <span class='ocrx_word' id='word_1_353' title='bbox 2480 1477 2544 1533; x_wconf 87' lang='grc' dir='ltr'>τὸ</span> <span class='ocrx_word' id='word_1_354' title='bbox 2574 1477 2912 1553; x_wconf 77' lang='grc' dir='ltr'>Εύαγγὲλιον</span> <span class='ocrx_word' id='word_1_355' title='bbox 2970 1477 3257 1543; x_wconf 84' lang='grc' dir='ltr'>πολιτείας</span> <span class='ocrx_word' id='word_1_356' title='bbox 3306 1481 3403 1549; x_wconf 82' lang='grc' dir='ltr'>τήν</span> <span class='ocrx_word' id='word_1_357' title='bbox 3462 1483 3581 1536; x_wconf 84' lang='grc' dir='ltr'>κατ’</span> <span class='ocrx_word' id='word_1_358' title='bbox 3646 1479 3766 1535; x_wconf 80' lang='grc' dir='ltr'>ἐπί-</span> 
     </span>
    </p>
   </div>
   <div class='ocr_carea' id='block_1_49' title="bbox 2106 1563 3766 1644">
    <p class='ocr_par' dir='ltr' id='par_1_49' title="bbox 2106 1563 3766 1644">
     <span class='ocr_line' id='line_1_49' title="bbox 2106 1563 3766 1644; baseline 0.002 -24"><span class='ocrx_word' id='word_1_359' title='bbox 2106 1585 2258 1620; x_wconf 89' lang='grc' dir='ltr'>τασιν</span> <span class='ocrx_word' id='word_1_360' title='bbox 2280 1565 2623 1636; x_wconf 73' lang='grc' dir='ltr'>τελειότηταο</span> <span class='ocrx_word' id='word_1_361' title='bbox 2659 1563 2815 1636; x_wconf 80' lang='grc' dir='ltr'>δόξαν</span> <span class='ocrx_word' id='word_1_362' title='bbox 2871 1564 2929 1621; x_wconf 76' lang='grc' dir='ltr'><strong>δὲ</strong></span> <span class='ocrx_word' id='word_1_363' title='bbox 2983 1568 3137 1640; x_wconf 86' lang='grc' dir='ltr'>αύτῷ</span> <span class='ocrx_word' id='word_1_364' title='bbox 3175 1567 3436 1644; x_wconf 80' lang='grc' dir='ltr'>οὐράνιον</span> <span class='ocrx_word' id='word_1_365' title='bbox 3489 1574 3766 1638; x_wconf 84' lang='grc' dir='ltr'>περιποεῖ,</span> 
     </span>
    </p>
   </div>
   <div class='ocr_carea' id='block_1_50' title="bbox 2113 1652 3765 1731">
    <p class='ocr_par' dir='ltr' id='par_1_50' title="bbox 2113 1652 3765 1731">
     <span class='ocr_line' id='line_1_50' title="bbox 2113 1652 3765 1731; baseline 0.002 -22"><span class='ocrx_word' id='word_1_366' title='bbox 2113 1655 2298 1728; x_wconf 81' lang='grc' dir='ltr'><strong>μείνας</strong></span> <span class='ocrx_word' id='word_1_367' title='bbox 2332 1654 2654 1731; x_wconf 71' lang='grc' dir='ltr'>ἐφ’ἓαυτοῢ,</span> <span class='ocrx_word' id='word_1_368' title='bbox 2703 1654 2794 1709; x_wconf 83' lang='grc' dir='ltr'>καὶ</span> <span class='ocrx_word' id='word_1_369' title='bbox 2849 1655 2948 1724; x_wconf 77' lang='grc' dir='ltr'>τήν</span> <span class='ocrx_word' id='word_1_370' title='bbox 3006 1652 3354 1711; x_wconf 83' lang='grc' dir='ltr'>διαλυθεῖσαν</span> <span class='ocrx_word' id='word_1_371' title='bbox 3408 1656 3622 1730; x_wconf 83' lang='grc' dir='ltr'><strong>θανάτῳ</strong></span> <span class='ocrx_word' id='word_1_372' title='bbox 3674 1678 3765 1712; x_wconf 84' lang='grc' dir='ltr'>συ-</span> 
     </span>
    </p>
   </div>
   <div class='ocr_carea' id='block_1_51' title="bbox 2116 1741 3768 1822">
    <p class='ocr_par' dir='ltr' id='par_1_51' title="bbox 2116 1741 3768 1822">
     <span class='ocr_line' id='line_1_51' title="bbox 2116 1741 3768 1822; baseline 0.002 -24"><span class='ocrx_word' id='word_1_373' title='bbox 2116 1743 2303 1818; x_wconf 84' lang='grc' dir='ltr'>ζυγίαν</span> <span class='ocrx_word' id='word_1_374' title='bbox 2332 1741 2598 1818; x_wconf 58' lang='grc' dir='ltr'>ἅλραντον</span> <span class='ocrx_word' id='word_1_375' title='bbox 2624 1742 2935 1822; x_wconf 79' lang='grc' dir='ltr'>φυλάσσων,</span> <span class='ocrx_word' id='word_1_376' title='bbox 2986 1746 3073 1800; x_wconf 83' lang='grc' dir='ltr'>καὶ</span> <span class='ocrx_word' id='word_1_377' title='bbox 3125 1744 3195 1820; x_wconf 71' lang='grc' dir='ltr'>τῇ</span> <span class='ocrx_word' id='word_1_378' title='bbox 3240 1744 3531 1820; x_wconf 79' lang='grc' dir='ltr'>οἰκονομίᾳ</span> <span class='ocrx_word' id='word_1_379' title='bbox 3583 1746 3768 1811; x_wconf 81' lang='grc' dir='ltr'>πειθό-</span> 
     </span>
    </p>
   </div>
   <div class='ocr_carea' id='block_1_52' title="bbox 2115 1831 3769 1909">
    <p class='ocr_par' dir='ltr' id='par_1_52' title="bbox 2115 1831 3769 1909">
     <span class='ocr_line' id='line_1_52' title="bbox 2115 1831 3769 1909; baseline 0.001 -22"><span class='ocrx_word' id='word_1_380' title='bbox 2115 1853 2274 1905; x_wconf 86' lang='grc' dir='ltr'>μενος</span> <span class='ocrx_word' id='word_1_381' title='bbox 2330 1831 2651 1909; x_wconf 72' lang='grc' dir='ltr'>εὐαρέστως,</span> <span class='ocrx_word' id='word_1_382' title='bbox 2710 1833 2829 1896; x_wconf 85' lang='grc' dir='ltr'>καθ’</span> <span class='ocrx_word' id='word_1_383' title='bbox 2887 1833 2953 1902; x_wconf 73' lang='grc' dir='ltr'>ἢν</span> <span class='ocrx_word' id='word_1_384' title='bbox 3040 1832 3441 1906; x_wconf 73' lang='grc' dir='ltr'>ἀπερίσπαστος</span> <span class='ocrx_word' id='word_1_385' title='bbox 3499 1836 3616 1907; x_wconf 80' lang='grc'>(70)</span> <span class='ocrx_word' id='word_1_386' title='bbox 3670 1840 3769 1902; x_wconf 83' lang='grc' dir='ltr'>τῆς</span> 
     </span>
    </p>
   </div>
   <div class='ocr_carea' id='block_1_53' title="bbox 2108 1920 3769 1997">
    <p class='ocr_par' dir='ltr' id='par_1_53' title="bbox 2108 1920 3769 1997">
     <span class='ocr_line' id='line_1_53' title="bbox 2108 1920 3769 1997; baseline 0.001 -21"><span class='ocrx_word' id='word_1_387' title='bbox 2108 1926 2207 1976; x_wconf 79' lang='grc' dir='ltr'>τοῦ</span> <span class='ocrx_word' id='word_1_388' title='bbox 2239 1921 2439 1996; x_wconf 84' lang='grc' dir='ltr'>Κυρίου</span> <span class='ocrx_word' id='word_1_389' title='bbox 2468 1922 2665 1997; x_wconf 69' lang='grc' dir='ltr'>γέγονε</span> <span class='ocrx_word' id='word_1_390' title='bbox 2722 1920 3087 1997; x_wconf 87' lang='grc' dir='ltr'>λειτουργίας.</span> <span class='ocrx_word' id='word_1_391' title='bbox 3137 1920 3279 1979; x_wconf 78' lang='grc' dir='ltr'>Ούδὶ</span> <span class='ocrx_word' id='word_1_392' title='bbox 3338 1923 3445 1995; x_wconf 75' lang='grc' dir='ltr'>μὴν</span> <span class='ocrx_word' id='word_1_393' title='bbox 3511 1922 3604 1977; x_wconf 85' lang='grc' dir='ltr'>τὸν</span> <span class='ocrx_word' id='word_1_394' title='bbox 3664 1921 3769 1977; x_wconf 82' lang='grc' dir='ltr'>ἀπὸ</span> 
     </span>
    </p>
   </div>
   <div class='ocr_carea' id='block_1_54' title="bbox 2108 2010 3771 2085">
    <p class='ocr_par' dir='ltr' id='par_1_54' title="bbox 2108 2010 3771 2085">
     <span class='ocr_line' id='line_1_54' title="bbox 2108 2010 3771 2085; baseline 0.001 -21"><span class='ocrx_word' id='word_1_395' title='bbox 2108 2016 2208 2077; x_wconf 81' lang='grc' dir='ltr'>τῆς</span> <span class='ocrx_word' id='word_1_396' title='bbox 2240 2010 2377 2063; x_wconf 81' lang='grc' dir='ltr'>κατὰ</span> <span class='ocrx_word' id='word_1_397' title='bbox 2415 2011 2672 2085; x_wconf 84' lang='grc' dir='ltr'>συζυγίαν</span> <span class='ocrx_word' id='word_1_398' title='bbox 2738 2010 2928 2079; x_wconf 85' lang='grc' dir='ltr'>κοίτης</span> <span class='ocrx_word' id='word_1_399' title='bbox 2979 2012 3114 2084; x_wconf 78' lang='grc'>(71).</span> <span class='ocrx_word' id='word_1_400' title='bbox 3173 2011 3383 2083; x_wconf 77' lang='grc' dir='ltr'>ὁμοίως</span> <span class='ocrx_word' id='word_1_401' title='bbox 3442 2012 3518 2073; x_wconf 87' lang='grc' dir='ltr'>ὡς</span> <span class='ocrx_word' id='word_1_402' title='bbox 3575 2011 3771 2081; x_wconf 84' lang='grc' dir='ltr'>πάλαι,</span> 
     </span>
    </p>
   </div>
   <div class='ocr_carea' id='block_1_55' title="bbox 2114 2097 3769 2173">
    <p class='ocr_par' dir='ltr' id='par_1_55' title="bbox 2114 2097 3769 2173">
     <span class='ocr_line' id='line_1_55' title="bbox 2114 2097 3769 2173; baseline 0.002 -23"><span class='ocrx_word' id='word_1_403' title='bbox 2114 2097 2464 2173; x_wconf 81' lang='grc' dir='ltr'>βαπτίζεσθαι</span> <span class='ocrx_word' id='word_1_404' title='bbox 2521 2100 2611 2153; x_wconf 79' lang='grc' dir='ltr'>καὶ</span> <span class='ocrx_word' id='word_1_405' title='bbox 2662 2103 2755 2152; x_wconf 58' lang='grc' dir='ltr'>νῦν</span> <span class='ocrx_word' id='word_1_406' title='bbox 2817 2100 3145 2172; x_wconf 84' lang='grc' dir='ltr'>προστάσσει</span> <span class='ocrx_word' id='word_1_407' title='bbox 3217 2102 3252 2169; x_wconf 78' lang='grc' dir='ltr'><strong>ἡ</strong></span> <span class='ocrx_word' id='word_1_408' title='bbox 3334 2101 3452 2165; x_wconf 84' lang='grc' dir='ltr'><strong>θεία</strong></span> <span class='ocrx_word' id='word_1_409' title='bbox 3505 2097 3597 2155; x_wconf 77' lang='grc' dir='ltr'>διὰ</span> <span class='ocrx_word' id='word_1_410' title='bbox 3665 2102 3769 2157; x_wconf 81' lang='grc' dir='ltr'>Κυ-</span> 
     </span>
    </p>
   </div>
   <div class='ocr_carea' id='block_1_56' title="bbox 2110 2186 3774 2264">
    <p class='ocr_par' dir='ltr' id='par_1_56' title="bbox 2110 2186 3774 2264">
     <span class='ocr_line' id='line_1_56' title="bbox 2110 2186 3774 2264; baseline 0.002 -25"><span class='ocrx_word' id='word_1_411' title='bbox 2110 2186 2230 2260; x_wconf 87' lang='grc' dir='ltr'>ρίου</span> <span class='ocrx_word' id='word_1_412' title='bbox 2314 2188 2566 2259; x_wconf 68' lang='grc' dir='ltr'>πρόνοιω</span> <span class='ocrx_word' id='word_1_413' title='bbox 2661 2188 2727 2241; x_wconf 84' lang='grc' dir='ltr'>ού</span> <span class='ocrx_word' id='word_1_414' title='bbox 2808 2190 2911 2263; x_wconf 75' lang='grc' dir='ltr'>γὰρ</span> <span class='ocrx_word' id='word_1_415' title='bbox 3024 2188 3319 2264; x_wconf 72' lang='grc' dir='ltr'>ἐπάναγκες</span> <span class='ocrx_word' id='word_1_416' title='bbox 3415 2186 3774 2251; x_wconf 89' lang='grc' dir='ltr'>παιδοποιίας</span> 
     </span>
    </p>
   </div>
   <div class='ocr_carea' id='block_1_57' title="bbox 2110 2274 3772 2353">
    <p class='ocr_par' dir='ltr' id='par_1_57' title="bbox 2110 2274 3772 2353">
     <span class='ocr_line' id='line_1_57' title="bbox 2110 2274 3772 2353; baseline 0.002 -23"><span class='ocrx_word' id='word_1_417' title='bbox 2110 2274 2367 2352; x_wconf 77' lang='grc' dir='ltr'>ἀφίστησι</span> <span class='ocrx_word' id='word_1_418' title='bbox 2446 2275 2574 2337; x_wconf 78' lang='grc' dir='ltr'>τοὺς</span> <span class='ocrx_word' id='word_1_419' title='bbox 2652 2276 3002 2338; x_wconf 84' lang='grc' dir='ltr'>πιστεύοντας</span> <span class='ocrx_word' id='word_1_420' title='bbox 3041 2321 3055 2345; x_wconf 94' lang='grc'>,</span> <span class='ocrx_word' id='word_1_421' title='bbox 3117 2275 3187 2331; x_wconf 85' lang='grc' dir='ltr'>δι’</span> <span class='ocrx_word' id='word_1_422' title='bbox 3254 2277 3372 2341; x_wconf 82' lang='grc' dir='ltr'>ἐνὸς</span> <span class='ocrx_word' id='word_1_423' title='bbox 3460 2278 3772 2353; x_wconf 84' lang='grc' dir='ltr'>βαπτίσμα-</span> 
     </span>
    </p>
   </div>
   <div class='ocr_carea' id='block_1_58' title="bbox 2107 2363 3773 2438">
    <p class='ocr_par' dir='ltr' id='par_1_58' title="bbox 2107 2363 3773 2438">
     <span class='ocr_line' id='line_1_58' title="bbox 2107 2363 3773 2438; baseline 0.005 -20"><span class='ocrx_word' id='word_1_424' title='bbox 2107 2381 2204 2426; x_wconf 75' lang='grc' dir='ltr'>τος</span> <span class='ocrx_word' id='word_1_425' title='bbox 2289 2363 2366 2427; x_wconf 79' lang='grc' dir='ltr'>είς</span> <span class='ocrx_word' id='word_1_426' title='bbox 2464 2365 2527 2419; x_wconf 84' lang='grc' dir='ltr'>τὸ</span> <span class='ocrx_word' id='word_1_427' title='bbox 2611 2364 2875 2425; x_wconf 77' lang='grc' dir='ltr'>παντελὲς</span> <span class='ocrx_word' id='word_1_428' title='bbox 2966 2372 3068 2427; x_wconf 80' lang='grc' dir='ltr'>τῆς</span> <span class='ocrx_word' id='word_1_429' title='bbox 3143 2365 3368 2438; x_wconf 76' lang='grc' dir='ltr'>ὁμιλίας</span> <span class='ocrx_word' id='word_1_430' title='bbox 3449 2367 3773 2426; x_wconf 73' lang='grc' dir='ltr'>ἀπολαύσας</span> 
     </span>
    </p>
   </div>
   <div class='ocr_carea' id='block_1_59' title="bbox 2111 2451 3768 2526">
    <p class='ocr_par' dir='ltr' id='par_1_59' title="bbox 2111 2451 3768 2526">
     <span class='ocr_line' id='line_1_59' title="bbox 2111 2451 3768 2526; baseline 0.002 -19"><span class='ocrx_word' id='word_1_431' title='bbox 2111 2453 2139 2507; x_wconf 90' lang='lat'>6</span> <span class='ocrx_word' id='word_1_432' title='bbox 2202 2452 2421 2526; x_wconf 86' lang='grc' dir='ltr'>Κύριος,</span> <span class='ocrx_word' id='word_1_433' title='bbox 2500 2451 2547 2507; x_wconf 77' lang='grc' dir='ltr'>εἰ</span> <span class='ocrx_word' id='word_1_434' title='bbox 2605 2453 2693 2507; x_wconf 84' lang='grc' dir='ltr'>καὶ</span> <span class='ocrx_word' id='word_1_435' title='bbox 2749 2453 2818 2506; x_wconf 72' lang='grc' dir='ltr'>τὰ</span> <span class='ocrx_word' id='word_1_436' title='bbox 2874 2452 3061 2508; x_wconf 81' lang='grc' dir='ltr'>πολλὰ</span> <span class='ocrx_word' id='word_1_437' title='bbox 3121 2455 3400 2515; x_wconf 76' lang='grc' dir='ltr'>Μωϋσὲως</span> <span class='ocrx_word' id='word_1_438' title='bbox 3487 2452 3561 2508; x_wconf 86' lang='grc' dir='ltr'>δι’</span> <span class='ocrx_word' id='word_1_439' title='bbox 3651 2456 3768 2516; x_wconf 73' lang='grc' dir='ltr'>ἑνὸς</span> 
     </span>
    </p>
   </div>
   <div class='ocr_carea' id='block_1_60' title="bbox 2109 2536 3772 2616">
    <p class='ocr_par' dir='ltr' id='par_1_60' title="bbox 2109 2536 3772 2616">
     <span class='ocr_line' id='line_1_60' title="bbox 2109 2536 3772 2616; baseline -0.001 -20"><span class='ocrx_word' id='word_1_440' title='bbox 2109 2536 2424 2615; x_wconf 76' lang='grc' dir='ltr'>περιλαϐὼν</span> <span class='ocrx_word' id='word_1_441' title='bbox 2459 2540 2851 2616; x_wconf 87' lang='grc' dir='ltr'>βαπτίσματος.</span> <span class='ocrx_word' id='word_1_442' title='bbox 2914 2542 3155 2598; x_wconf 78' lang='grc' dir='ltr'>’Δνωθεν</span> <span class='ocrx_word' id='word_1_443' title='bbox 3207 2539 3298 2595; x_wconf 80' lang='grc' dir='ltr'>οὖν</span> <span class='ocrx_word' id='word_1_444' title='bbox 3355 2542 3384 2596; x_wconf 89' lang='lat'>6</span> <span class='ocrx_word' id='word_1_445' title='bbox 3438 2541 3616 2613; x_wconf 89' lang='grc' dir='ltr'>νόμος</span> <span class='ocrx_word' id='word_1_446' title='bbox 3675 2544 3772 2611; x_wconf 82' lang='grc' dir='ltr'>τήν</span> 
     </span>
    </p>
   </div>
   <div class='ocr_carea' id='block_1_61' title="bbox 2112 2628 3775 2706">
    <p class='ocr_par' dir='ltr' id='par_1_61' title="bbox 2112 2628 3775 2706">
     <span class='ocr_line' id='line_1_61' title="bbox 2112 2628 3775 2706; baseline 0.001 -21"><span class='ocrx_word' id='word_1_447' title='bbox 2112 2629 2462 2704; x_wconf 71' lang='grc' dir='ltr'>ἀναγεννησιν</span> <span class='ocrx_word' id='word_1_448' title='bbox 2495 2632 2656 2703; x_wconf 77' lang='grc' dir='ltr'>ἡμῶν</span> <span class='ocrx_word' id='word_1_449' title='bbox 2718 2630 3099 2704; x_wconf 73' lang='grc' dir='ltr'>προφητεύων,</span> <span class='ocrx_word' id='word_1_450' title='bbox 3160 2628 3251 2684; x_wconf 84' lang='grc' dir='ltr'>διὰ</span> <span class='ocrx_word' id='word_1_451' title='bbox 3290 2638 3555 2703; x_wconf 85' lang='grc' dir='ltr'>σαρκικῆς</span> <span class='ocrx_word' id='word_1_452' title='bbox 3627 2633 3775 2706; x_wconf 76' lang='grc' dir='ltr'>γενέ-</span> 
     </span>
    </p>
   </div>
   <div class='ocr_carea' id='block_1_62' title="bbox 2112 2716 3776 2799">
    <p class='ocr_par' dir='ltr' id='par_1_62' title="bbox 2112 2716 3776 2799">
     <span class='ocr_line' id='line_1_62' title="bbox 2112 2716 3776 2799; baseline 0.001 -26"><span class='ocrx_word' id='word_1_453' title='bbox 2112 2739 2271 2783; x_wconf 82' lang='grc' dir='ltr'>σεως,</span> <span class='ocrx_word' id='word_1_454' title='bbox 2328 2716 2417 2772; x_wconf 85' lang='grc' dir='ltr'>ἐπὶ</span> <span class='ocrx_word' id='word_1_455' title='bbox 2465 2722 2535 2789; x_wconf 75' lang='grc' dir='ltr'>τῇ</span> <span class='ocrx_word' id='word_1_456' title='bbox 2590 2717 2880 2794; x_wconf 75' lang='grc' dir='ltr'>γεννητικῇ</span> <span class='ocrx_word' id='word_1_457' title='bbox 2932 2722 3030 2773; x_wconf 76' lang='grc' dir='ltr'>τοῦ</span> <span class='ocrx_word' id='word_1_458' title='bbox 3081 2717 3394 2793; x_wconf 71' lang='grc' dir='ltr'>σπέρματος</span> <span class='ocrx_word' id='word_1_459' title='bbox 3470 2724 3776 2799; x_wconf 73' lang='grc' dir='ltr'>προσέφερε</span> 
     </span>
    </p>
   </div>
   <div class='ocr_carea' id='block_1_63' title="bbox 2109 2805 3771 2883">
    <p class='ocr_par' dir='ltr' id='par_1_63' title="bbox 2109 2805 3771 2883">
     <span class='ocr_line' id='line_1_63' title="bbox 2109 2805 3771 2883; baseline 0.001 -21"><span class='ocrx_word' id='word_1_460' title='bbox 2109 2809 2173 2862; x_wconf 85' lang='grc' dir='ltr'>τὸ</span> <span class='ocrx_word' id='word_1_461' title='bbox 2208 2806 2512 2883; x_wconf 75' lang='grc' dir='ltr'>βάπτισμα,</span> <span class='ocrx_word' id='word_1_462' title='bbox 2561 2807 2623 2862; x_wconf 87' lang='grc' dir='ltr'>ού</span> <span class='ocrx_word' id='word_1_463' title='bbox 2681 2805 3114 2883; x_wconf 84' lang='grc' dir='ltr'>βδελυσσόμενος</span> <span class='ocrx_word' id='word_1_464' title='bbox 3190 2807 3483 2883; x_wconf 84' lang='grc' dir='ltr'>ἀνθρώπου</span> <span class='ocrx_word' id='word_1_465' title='bbox 3540 2809 3771 2882; x_wconf 78' lang='grc' dir='ltr'>γένεσιν·</span> 
     </span>
    </p>
   </div>
   <div class='ocr_carea' id='block_1_64' title="bbox 2111 2894 3773 2973">
    <p class='ocr_par' dir='ltr' id='par_1_64' title="bbox 2111 2894 3773 2973">
     <span class='ocr_line' id='line_1_64' title="bbox 2111 2894 3773 2973; baseline -0.001 -22"><span class='ocrx_word' id='word_1_466' title='bbox 2111 2896 2141 2951; x_wconf 77' lang='grc' dir='ltr'>ὃ</span> <span class='ocrx_word' id='word_1_467' title='bbox 2179 2899 2280 2973; x_wconf 72' lang='grc' dir='ltr'>γὰρ</span> <span class='ocrx_word' id='word_1_468' title='bbox 2338 2896 2581 2973; x_wconf 77' lang='grc' dir='ltr'>φαίνεται</span> <span class='ocrx_word' id='word_1_469' title='bbox 2638 2896 2915 2970; x_wconf 84' lang='grc' dir='ltr'>γεννηθεὶς</span> <span class='ocrx_word' id='word_1_470' title='bbox 2974 2894 3281 2972; x_wconf 80' lang='grc' dir='ltr'>ἄνθρωπος,</span> <span class='ocrx_word' id='word_1_471' title='bbox 3329 2902 3491 2952; x_wconf 80' lang='grc' dir='ltr'>τοῦτο</span> <span class='ocrx_word' id='word_1_472' title='bbox 3550 2895 3773 2953; x_wconf 89' lang='grc' dir='ltr'>δύναται</span> 
     </span>
    </p>
   </div>
   <div class='ocr_carea' id='block_1_65' title="bbox 2110 2980 3775 3061">
    <p class='ocr_par' dir='ltr' id='par_1_65' title="bbox 2110 2980 3775 3061">
     <span class='ocr_line' id='line_1_65' title="bbox 2110 2980 3775 3061; baseline 0 -21"><span class='ocrx_word' id='word_1_473' title='bbox 2110 2987 2145 3054; x_wconf 82' lang='grc' dir='ltr'><strong>ἡ</strong></span> <span class='ocrx_word' id='word_1_474' title='bbox 2186 2989 2282 3040; x_wconf 79' lang='grc' dir='ltr'>τοῦ</span> <span class='ocrx_word' id='word_1_475' title='bbox 2314 2987 2624 3061; x_wconf 73' lang='grc' dir='ltr'>σπέρματος</span> <span class='ocrx_word' id='word_1_476' title='bbox 2647 2980 2953 3055; x_wconf 76' lang='grc' dir='ltr'>καταϐολή.</span> <span class='ocrx_word' id='word_1_477' title='bbox 2984 2984 3196 3043; x_wconf 75' lang='grc' dir='ltr'>Οὐκοῦν</span> <span class='ocrx_word' id='word_1_478' title='bbox 3247 2986 3303 3040; x_wconf 76' lang='grc' dir='ltr'>αἱ</span> <span class='ocrx_word' id='word_1_479' title='bbox 3341 2984 3548 3041; x_wconf 81' lang='grc' dir='ltr'>πολλαὶ</span> <span class='ocrx_word' id='word_1_480' title='bbox 3582 3007 3775 3042; x_wconf 84' lang='grc' dir='ltr'>συνου-</span> 
     </span>
    </p>
   </div>
   <div class='ocr_carea' id='block_1_66' title="bbox 352 3060 2002 3152">
    <p class='ocr_par' dir='ltr' id='par_1_66' title="bbox 352 3077 2002 3152">
     <span class='ocr_line' id='line_1_66' title="bbox 352 3077 2002 3152; baseline 0.001 -19"><span class='ocrx_word' id='word_1_481' title='bbox 352 3094 488 3142; x_wconf 88' lang='lat' dir='ltr'>nus,</span> <span class='ocrx_word' id='word_1_482' title='bbox 523 3077 623 3148; x_wconf 90' lang='lat' dir='ltr'>qui</span> <span class='ocrx_word' id='word_1_483' title='bbox 656 3077 833 3132; x_wconf 88' lang='lat' dir='ltr'>etiam</span> <span class='ocrx_word' id='word_1_484' title='bbox 859 3077 1046 3132; x_wconf 90' lang='lat' dir='ltr'>multa</span> <span class='ocrx_word' id='word_1_485' title='bbox 1068 3078 1280 3150; x_wconf 84' lang='lat' dir='ltr'>Moysis</span> <span class='ocrx_word' id='word_1_486' title='bbox 1302 3078 1661 3150; x_wconf 88' lang='lat' dir='ltr'>baptismata</span> <span class='ocrx_word' id='word_1_487' title='bbox 1689 3098 1797 3152; x_wconf 91' lang='lat' dir='ltr'>per</span> <span class='ocrx_word' id='word_1_488' title='bbox 1817 3098 2002 3137; x_wconf 91' lang='lat' dir='ltr'>unum</span> 
     </span>
    </p>
   </div>
   <div class='ocr_carea' id='block_1_67' title="bbox 2117 3060 3774 3152">
    <p class='ocr_par' dir='ltr' id='par_1_67' title="bbox 2117 3060 3774 3149">
     <span class='ocr_line' id='line_1_67' title="bbox 2117 3060 3774 3149; baseline 0.001 -21"><span class='ocrx_word' id='word_1_489' title='bbox 2117 3073 2227 3128; x_wconf 88' lang='grc' dir='ltr'>σίαι</span> <span class='ocrx_word' id='word_1_490' title='bbox 2257 3060 2503 3148; x_wconf 87' lang='grc' dir='ltr'>γόνιμοι,</span> <span class='ocrx_word' id='word_1_491' title='bbox 2535 3070 2662 3128; x_wconf 84' lang='grc' dir='ltr'>ἀλλ’</span> <span class='ocrx_word' id='word_1_492' title='bbox 2716 3076 2751 3143; x_wconf 81' lang='grc' dir='ltr'><strong>ἡ</strong></span> <span class='ocrx_word' id='word_1_493' title='bbox 2806 3080 2907 3142; x_wconf 76' lang='grc' dir='ltr'>τῆς</span> <span class='ocrx_word' id='word_1_494' title='bbox 2958 3077 3169 3149; x_wconf 78' lang='grc' dir='ltr'>μήτρας</span> <span class='ocrx_word' id='word_1_495' title='bbox 3214 3072 3507 3149; x_wconf 84' lang='grc' dir='ltr'>παραδοχή</span> <span class='ocrx_word' id='word_1_496' title='bbox 3537 3076 3643 3145; x_wconf 79' lang='grc' dir='ltr'>τήν</span> <span class='ocrx_word' id='word_1_497' title='bbox 3689 3074 3774 3149; x_wconf 78' lang='grc' dir='ltr'><strong>γέ-</strong></span> 
     </span>
    </p>
   </div>
   <div class='ocr_carea' id='block_1_68' title="bbox 350 3163 2005 3239">
    <p class='ocr_par' dir='ltr' id='par_1_68' title="bbox 350 3163 2005 3239">
     <span class='ocr_line' id='line_1_68' title="bbox 350 3163 2005 3239; baseline 0 -19"><span class='ocrx_word' id='word_1_498' title='bbox 350 3171 416 3236; x_wconf 49' lang='grc' dir='ltr'>ᾧ</span> <span class='ocrx_word' id='word_1_499' title='bbox 445 3163 899 3236; x_wconf 88' lang='lat' dir='ltr'>comprehendit</span> <span class='ocrx_word' id='word_1_500' title='bbox 928 3164 1310 3236; x_wconf 87' lang='lat' dir='ltr'>baptismum.</span> <span class='ocrx_word' id='word_1_501' title='bbox 1344 3165 1600 3221; x_wconf 89' lang='lat' dir='ltr'>Proinde</span> <span class='ocrx_word' id='word_1_502' title='bbox 1642 3166 1757 3235; x_wconf 84' lang='lat' dir='ltr'>lex,</span> <span class='ocrx_word' id='word_1_503' title='bbox 1807 3174 1874 3222; x_wconf 91' lang='lat' dir='ltr'>ut</span> <span class='ocrx_word' id='word_1_504' title='bbox 1898 3184 2005 3239; x_wconf 89' lang='lat' dir='ltr'>per</span> 
     </span>
    </p>
   </div>
   <div class='ocr_carea' id='block_1_69' title="bbox 353 3253 2002 3328">
    <p class='ocr_par' dir='ltr' id='par_1_69' title="bbox 353 3253 2002 3328">
     <span class='ocr_line' id='line_1_69' title="bbox 353 3253 2002 3328; baseline 0.001 -18"><span class='ocrx_word' id='word_1_505' title='bbox 353 3253 653 3310; x_wconf 89' lang='lat' dir='ltr'>carnalem</span> <span class='ocrx_word' id='word_1_506' title='bbox 686 3254 1131 3325; x_wconf 84' lang='lat' dir='ltr'>generationem</span> <span class='ocrx_word' id='word_1_507' title='bbox 1164 3260 1429 3310; x_wconf 90' lang='lat' dir='ltr'>nostram</span> <span class='ocrx_word' id='word_1_508' title='bbox 1461 3255 1811 3327; x_wconf 69' lang='lat' dir='ltr'>praadiceret</span> <span class='ocrx_word' id='word_1_509' title='bbox 1838 3273 2002 3328; x_wconf 86' lang='lat' dir='ltr'>rege-</span> 
     </span>
    </p>
   </div>
   <div class='ocr_carea' id='block_1_70' title="bbox 352 3343 2003 3416">
    <p class='ocr_par' dir='ltr' id='par_1_70' title="bbox 352 3343 2003 3416">
     <span class='ocr_line' id='line_1_70' title="bbox 352 3343 2003 3416; baseline 0 -17"><span class='ocrx_word' id='word_1_510' title='bbox 352 3343 748 3409; x_wconf 89' lang='lat' dir='ltr'>nerationem,</span> <span class='ocrx_word' id='word_1_511' title='bbox 780 3343 1023 3416; x_wconf 89' lang='lat' dir='ltr'>genitali</span> <span class='ocrx_word' id='word_1_512' title='bbox 1057 3343 1305 3399; x_wconf 90' lang='lat' dir='ltr'>seminis</span> <span class='ocrx_word' id='word_1_513' title='bbox 1344 3344 1610 3399; x_wconf 87' lang='lat' dir='ltr'>facultati</span> <span class='ocrx_word' id='word_1_514' title='bbox 1640 3344 2003 3416; x_wconf 91' lang='lat' dir='ltr'>baptismum</span> 
     </span>
    </p>
   </div>
   <div class='ocr_carea' id='block_1_71' title="bbox 357 3431 2002 3506">
    <p class='ocr_par' dir='ltr' id='par_1_71' title="bbox 357 3431 2002 3506">
     <span class='ocr_line' id='line_1_71' title="bbox 357 3431 2002 3506; baseline 0.001 -19"><span class='ocrx_word' id='word_1_515' title='bbox 357 3431 502 3487; x_wconf 91' lang='lat' dir='ltr'>olim</span> <span class='ocrx_word' id='word_1_516' title='bbox 535 3431 828 3500; x_wconf 88' lang='lat' dir='ltr'>adhibuit,</span> <span class='ocrx_word' id='word_1_517' title='bbox 862 3449 982 3488; x_wconf 91' lang='lat' dir='ltr'>non</span> <span class='ocrx_word' id='word_1_518' title='bbox 1014 3449 1149 3488; x_wconf 90' lang='lat' dir='ltr'>vero</span> <span class='ocrx_word' id='word_1_519' title='bbox 1182 3432 1339 3503; x_wconf 92' lang='lat' dir='ltr'>quod</span> <span class='ocrx_word' id='word_1_520' title='bbox 1362 3432 1434 3487; x_wconf 87' lang='lat' dir='ltr'>ab</span> <span class='ocrx_word' id='word_1_521' title='bbox 1465 3433 1727 3488; x_wconf 86' lang='lat' dir='ltr'>hominis</span> <span class='ocrx_word' id='word_1_522' title='bbox 1755 3449 2002 3506; x_wconf 89' lang='lat' dir='ltr'>genera-</span> 
     </span>
    </p>
   </div>
   <div class='ocr_carea' id='block_1_72' title="bbox 352 3520 2002 3594">
    <p class='ocr_par' dir='ltr' id='par_1_72' title="bbox 352 3520 2002 3594">
     <span class='ocr_line' id='line_1_72' title="bbox 352 3520 2002 3594; baseline 0.001 -18"><span class='ocrx_word' id='word_1_523' title='bbox 352 3522 515 3576; x_wconf 91' lang='lat' dir='ltr'>tione</span> <span class='ocrx_word' id='word_1_524' title='bbox 546 3520 914 3576; x_wconf 88' lang='lat' dir='ltr'>abhorreret.</span> <span class='ocrx_word' id='word_1_525' title='bbox 946 3522 1112 3587; x_wconf 87' lang='lat' dir='ltr'>Quod</span> <span class='ocrx_word' id='word_1_526' title='bbox 1154 3521 1316 3576; x_wconf 92' lang='lat' dir='ltr'>enim</span> <span class='ocrx_word' id='word_1_527' title='bbox 1347 3526 1594 3593; x_wconf 89' lang='lat' dir='ltr'>apparet</span> <span class='ocrx_word' id='word_1_528' title='bbox 1614 3521 1790 3576; x_wconf 90' lang='lat' dir='ltr'>homo</span> <span class='ocrx_word' id='word_1_529' title='bbox 1823 3537 2002 3594; x_wconf 87' lang='lat' dir='ltr'>gene-</span> 
     </span>
    </p>
   </div>
   <div class='ocr_carea' id='block_1_73' title="bbox 350 3609 2002 3683">
    <p class='ocr_par' dir='ltr' id='par_1_73' title="bbox 350 3609 2002 3683">
     <span class='ocr_line' id='line_1_73' title="bbox 350 3609 2002 3683; baseline 0.001 -18"><span class='ocrx_word' id='word_1_530' title='bbox 350 3616 537 3677; x_wconf 88' lang='lat' dir='ltr'>ratus,</span> <span class='ocrx_word' id='word_1_531' title='bbox 570 3610 681 3665; x_wconf 88' lang='lat' dir='ltr'>hoc</span> <span class='ocrx_word' id='word_1_532' title='bbox 713 3609 870 3665; x_wconf 89' lang='lat' dir='ltr'>valet</span> <span class='ocrx_word' id='word_1_533' title='bbox 909 3611 1155 3666; x_wconf 88' lang='lat' dir='ltr'>seminis</span> <span class='ocrx_word' id='word_1_534' title='bbox 1186 3611 1457 3682; x_wconf 85' lang='lat' dir='ltr'>dejectio.</span> <span class='ocrx_word' id='word_1_535' title='bbox 1511 3612 1637 3665; x_wconf 87' lang='lat' dir='ltr'>Non</span> <span class='ocrx_word' id='word_1_536' title='bbox 1681 3615 1821 3666; x_wconf 90' lang='lat' dir='ltr'>sunt</span> <span class='ocrx_word' id='word_1_537' title='bbox 1867 3627 2002 3683; x_wconf 90' lang='lat' dir='ltr'>ergo</span> 
     </span>
    </p>
   </div>
   <div class='ocr_carea' id='block_1_74' title="bbox 352 3698 2003 3771">
    <p class='ocr_par' dir='ltr' id='par_1_74' title="bbox 352 3698 2003 3771">
     <span class='ocr_line' id='line_1_74' title="bbox 352 3698 2003 3771; baseline 0.001 -16"><span class='ocrx_word' id='word_1_538' title='bbox 352 3699 525 3755; x_wconf 90' lang='lat' dir='ltr'>multi</span> <span class='ocrx_word' id='word_1_539' title='bbox 555 3698 746 3754; x_wconf 92' lang='lat' dir='ltr'>coitus</span> <span class='ocrx_word' id='word_1_540' title='bbox 776 3698 1085 3771; x_wconf 88' lang='lat' dir='ltr'>genitales,</span> <span class='ocrx_word' id='word_1_541' title='bbox 1106 3699 1210 3754; x_wconf 92' lang='lat' dir='ltr'>sed</span> <span class='ocrx_word' id='word_1_542' title='bbox 1231 3699 1494 3755; x_wconf 89' lang='lat' dir='ltr'>matricis</span> <span class='ocrx_word' id='word_1_543' title='bbox 1521 3700 1825 3771; x_wconf 91' lang='lat' dir='ltr'>susceptio</span> <span class='ocrx_word' id='word_1_544' title='bbox 1856 3700 2003 3755; x_wconf 86' lang='lat' dir='ltr'>fate-</span> 
     </span>
    </p>
   </div>
   <div class='ocr_carea' id='block_1_75' title="bbox 350 3788 2004 3860">
    <p class='ocr_par' dir='ltr' id='par_1_75' title="bbox 350 3788 2004 3860">
     <span class='ocr_line' id='line_1_75' title="bbox 350 3788 2004 3860; baseline 0.001 -17"><span class='ocrx_word' id='word_1_545' title='bbox 350 3794 449 3843; x_wconf 91' lang='lat' dir='ltr'>tur</span> <span class='ocrx_word' id='word_1_546' title='bbox 474 3788 943 3860; x_wconf 87' lang='lat' dir='ltr'>generationem,</span> <span class='ocrx_word' id='word_1_547' title='bbox 985 3804 1119 3842; x_wconf 90' lang='lat' dir='ltr'>cum</span> <span class='ocrx_word' id='word_1_548' title='bbox 1151 3794 1210 3842; x_wconf 80' lang='lat' dir='ltr'>in</span> <span class='ocrx_word' id='word_1_549' title='bbox 1256 3794 1483 3843; x_wconf 66' lang='lat' dir='ltr'>naturai</span> <span class='ocrx_word' id='word_1_550' title='bbox 1529 3789 1771 3845; x_wconf 83' lang='lat' dir='ltr'>ofﬁcina</span> <span class='ocrx_word' id='word_1_551' title='bbox 1799 3806 2004 3844; x_wconf 90' lang='lat' dir='ltr'>semen</span> 
     </span>
    </p>
   </div>
   <div class='ocr_carea' id='block_1_76' title="bbox 351 3875 2005 3948">
    <p class='ocr_par' dir='ltr' id='par_1_76' title="bbox 351 3875 2005 3948">
     <span class='ocr_line' id='line_1_76' title="bbox 351 3875 2005 3948; baseline 0.001 -15"><span class='ocrx_word' id='word_1_552' title='bbox 351 3877 643 3933; x_wconf 81' lang='lat' dir='ltr'>formatur</span> <span class='ocrx_word' id='word_1_553' title='bbox 668 3877 728 3931; x_wconf 91' lang='lat' dir='ltr'>in</span> <span class='ocrx_word' id='word_1_554' title='bbox 754 3875 961 3932; x_wconf 88' lang='lat' dir='ltr'>fetum.</span> <span class='ocrx_word' id='word_1_555' title='bbox 996 3877 1301 3941; x_wconf 87' lang='lat' dir='ltr'>Quomodo</span> <span class='ocrx_word' id='word_1_556' title='bbox 1328 3882 1525 3932; x_wconf 88' lang='lat' dir='ltr'>autem</span> <span class='ocrx_word' id='word_1_557' title='bbox 1556 3884 1723 3933; x_wconf 90' lang='lat' dir='ltr'>vetus</span> <span class='ocrx_word' id='word_1_558' title='bbox 1762 3878 2005 3948; x_wconf 89' lang='lat' dir='ltr'>quidem</span> 
     </span>
    </p>
   </div>
   <div class='ocr_carea' id='block_1_77' title="bbox 353 3964 2001 4038">
    <p class='ocr_par' dir='ltr' id='par_1_77' title="bbox 353 3964 2001 4038">
     <span class='ocr_line' id='line_1_77' title="bbox 353 3964 2001 4038; baseline -0.001 -15"><span class='ocrx_word' id='word_1_559' title='bbox 353 3972 443 4023; x_wconf 89' lang='lat' dir='ltr'>est</span> <span class='ocrx_word' id='word_1_560' title='bbox 472 3964 665 4021; x_wconf 90' lang='lat' dir='ltr'>solum</span> <span class='ocrx_word' id='word_1_561' title='bbox 707 3965 1156 4020; x_wconf 88' lang='lat' dir='ltr'>matrimonium</span> <span class='ocrx_word' id='word_1_562' title='bbox 1187 3971 1247 4020; x_wconf 93' lang='lat' dir='ltr'>et</span> <span class='ocrx_word' id='word_1_563' title='bbox 1293 3965 1439 4038; x_wconf 89' lang='lat' dir='ltr'>legis</span> <span class='ocrx_word' id='word_1_564' title='bbox 1484 3966 1811 4037; x_wconf 88' lang='lat' dir='ltr'>inventum,</span> <span class='ocrx_word' id='word_1_565' title='bbox 1857 3967 2001 4022; x_wconf 89' lang='lat' dir='ltr'>alie-</span> 
     </span>
    </p>
   </div>
   <div class='ocr_carea' id='block_1_78' title="bbox 420 4090 1855 4159">
    <p class='ocr_par' dir='ltr' id='par_1_78' title="bbox 420 4090 1855 4159">
     <span class='ocr_line' id='line_1_78' title="bbox 420 4090 1855 4159; baseline -0.003 -13"><span class='ocrx_word' id='word_1_566' title='bbox 420 4090 485 4155; x_wconf 58' lang='grc' dir='ltr'>’Β</span> <span class='ocrx_word' id='word_1_567' title='bbox 512 4092 574 4146; x_wconf 92' lang='grc' dir='ltr'>Ρ.</span> <span class='ocrx_word' id='word_1_568' title='bbox 605 4091 707 4145; x_wconf 77' lang='grc'>549</span> <span class='ocrx_word' id='word_1_569' title='bbox 739 4091 850 4144; x_wconf 82' lang='grc' dir='ltr'>ΕΙ).</span> <span class='ocrx_word' id='word_1_570' title='bbox 884 4090 1176 4156; x_wconf 83' lang='grc' dir='ltr'>ΡΟΤΤΕΒ,</span> <span class='ocrx_word' id='word_1_571' title='bbox 1204 4090 1329 4159; x_wconf 79' lang='grc'>461,</span> <span class='ocrx_word' id='word_1_572' title='bbox 1361 4091 1464 4144; x_wconf 78' lang='grc'>462</span> <span class='ocrx_word' id='word_1_573' title='bbox 1493 4091 1604 4146; x_wconf 91' lang='lat' dir='ltr'>ED.</span> <span class='ocrx_word' id='word_1_574' title='bbox 1631 4091 1855 4145; x_wconf 81' lang='lat' dir='ltr'>PARIS.</span> 
     </span>
    </p>
   </div>
   <div class='ocr_carea' id='block_1_79' title="bbox 348 4230 1999 4364">
    <p class='ocr_par' dir='ltr' id='par_1_79' title="bbox 348 4230 1999 4364">
     <span class='ocr_line' id='line_1_79' title="bbox 348 4230 1999 4364; baseline -0.002 -74"><span class='ocrx_word' id='word_1_575' title='bbox 348 4235 536 4364; x_wconf 41' lang='lat' dir='ltr'>gui‘et</span> <span class='ocrx_word' id='word_1_576' title='bbox 567 4234 848 4321; x_wconf 56' lang='lat' dir='ltr'>explicari</span> <span class='ocrx_word' id='word_1_577' title='bbox 880 4234 1185 4320; x_wconf 84' lang='lat' dir='ltr'>potuerint</span> <span class='ocrx_word' id='word_1_578' title='bbox 1217 4251 1229 4288; x_wconf 92' lang='lat'>:</span> <span class='ocrx_word' id='word_1_579' title='bbox 1262 4232 1496 4303; x_wconf 79' lang='grc' dir='ltr'>Χωρίζει</span> <span class='ocrx_word' id='word_1_580' title='bbox 1528 4230 1999 4362; x_wconf 52' lang='grc' dir='ltr'>δεηὲαμενπα-</span> 
     </span>
     <span class='ocr_line' id='line_1_80' title="bbox 390 4302 1999 4364; baseline 0 -5"><span class='ocrx_word' id='word_1_581' title='bbox 390 4325 505 4359; x_wconf 82' lang='grc' dir='ltr'>αιον</span> <span class='ocrx_word' id='word_1_582' title='bbox 543 4305 635 4364; x_wconf 72' lang='grc' dir='ltr'>μὲν</span> <span class='ocrx_word' id='word_1_583' title='bbox 669 4302 831 4364; x_wconf 67' lang='grc' dir='ltr'>ανδρα</span> <span class='ocrx_word' id='word_1_584' title='bbox 856 4324 947 4359; x_wconf 91' lang='grc' dir='ltr'>τον</span> <span class='ocrx_word' id='word_1_585' title='bbox 992 4304 1186 4364; x_wconf 83' lang='grc' dir='ltr'>νόμον,</span> <span class='ocrx_word' id='word_1_586' title='bbox 1244 4305 1429 4358; x_wconf 85' lang='grc' dir='ltr'>καινὸν</span> <span class='ocrx_word' id='word_1_587' title='bbox 1463 4303 1520 4359; x_wconf 74' lang='grc' dir='ltr'>δὲ</span> <span class='ocrx_word' id='word_1_588' title='bbox 1566 4305 1629 4359; x_wconf 86' lang='grc' dir='ltr'>τὸ</span> <span class='ocrx_word' id='word_1_589' title='bbox 1708 4304 1999 4364; x_wconf 77' lang='grc' dir='ltr'>ύαγγέλιον</span> 
     </span>
    </p>
   </div>
   <div class='ocr_carea' id='block_1_80' title="bbox 390 4302 2000 4379">
    <p class='ocr_par' dir='ltr' id='par_1_80' title="bbox 390 4302 2000 4379">
     <span class='ocr_line' id='line_1_81' title="bbox 390 4302 2000 4379; baseline 0 -20"><span class='ocrx_word' id='word_1_590' title='bbox 390 4305 505 4359; x_wconf 82' lang='grc' dir='ltr'>αιὸν</span> <span class='ocrx_word' id='word_1_591' title='bbox 543 4302 947 4379; x_wconf 37' lang='grc' dir='ltr'>μὲίᾶίνδρα-τῦν</span> <span class='ocrx_word' id='word_1_592' title='bbox 992 4304 1186 4379; x_wconf 77' lang='grc' dir='ltr'>νόμον,</span> <span class='ocrx_word' id='word_1_593' title='bbox 1244 4302 1429 4379; x_wconf 78' lang='grc' dir='ltr'>καινὸν</span> <span class='ocrx_word' id='word_1_594' title='bbox 1463 4303 1520 4359; x_wconf 74' lang='grc' dir='ltr'>δὲ</span> <span class='ocrx_word' id='word_1_595' title='bbox 1566 4305 1629 4359; x_wconf 86' lang='grc' dir='ltr'>τὸ</span> <span class='ocrx_word' id='word_1_596' title='bbox 1661 4302 2000 4379; x_wconf 77' lang='grc' dir='ltr'>Εὐαγγὲλιον</span> 
     </span>
    </p>
   </div>
   <div class='ocr_carea' id='block_1_81' title="bbox 351 4375 2002 4455">
    <p class='ocr_par' dir='ltr' id='par_1_81' title="bbox 351 4375 2002 4455">
     <span class='ocr_line' id='line_1_82' title="bbox 351 4375 2002 4455; baseline 0.001 -23"><span class='ocrx_word' id='word_1_597' title='bbox 351 4375 938 4455; x_wconf 53' lang='grc' dir='ltr'>συμφωνοῦμενωξτῷ</span> <span class='ocrx_word' id='word_1_598' title='bbox 967 4375 1072 4431; x_wconf 12' lang='grc' dir='ltr'>καὶὴ</span> <span class='ocrx_word' id='word_1_599' title='bbox 1114 4376 1268 4430; x_wconf 79' lang='grc' dir='ltr'>αὐτοὶ</span> <span class='ocrx_word' id='word_1_600' title='bbox 1302 4376 1356 4430; x_wconf 93' lang='grc' dir='ltr'>λ.</span> <span class='ocrx_word' id='word_1_601' title='bbox 1391 4375 1797 4455; x_wconf 50' lang='lat' dir='ltr'>«_I)is_tinguit&#39;</span> <span class='ocrx_word' id='word_1_602' title='bbox 1822 4375 2002 4455; x_wconf 78' lang='lat' dir='ltr'>etiam</span> 
     </span>
    </p>
   </div>
   <div class='ocr_carea' id='block_1_82' title="bbox 2110 3160 3771 3239">
    <p class='ocr_par' dir='ltr' id='par_1_82' title="bbox 2110 3160 3771 3239">
     <span class='ocr_line' id='line_1_83' title="bbox 2110 3160 3771 3239; baseline 0.001 -22"><span class='ocrx_word' id='word_1_603' title='bbox 2110 3183 2253 3218; x_wconf 91' lang='grc' dir='ltr'>νεσιν</span> <span class='ocrx_word' id='word_1_604' title='bbox 2292 3161 2578 3239; x_wconf 86' lang='grc' dir='ltr'>ὁμολογεῖ,</span> <span class='ocrx_word' id='word_1_605' title='bbox 2606 3160 2661 3217; x_wconf 79' lang='grc' dir='ltr'><strong>ἐν</strong></span> <span class='ocrx_word' id='word_1_606' title='bbox 2691 3166 2771 3233; x_wconf 84' lang='grc' dir='ltr'>τῷ</span> <span class='ocrx_word' id='word_1_607' title='bbox 2818 3169 2920 3232; x_wconf 85' lang='grc' dir='ltr'>τῆς</span> <span class='ocrx_word' id='word_1_608' title='bbox 2978 3163 3191 3239; x_wconf 80' lang='grc' dir='ltr'>φύσεως</span> <span class='ocrx_word' id='word_1_609' title='bbox 3248 3161 3599 3238; x_wconf 81' lang='grc' dir='ltr'>ἐργαστηρίῳ</span> <span class='ocrx_word' id='word_1_610' title='bbox 3650 3163 3771 3219; x_wconf 87' lang='grc' dir='ltr'>δια-</span> 
     </span>
    </p>
   </div>
   <div class='ocr_carea' id='block_1_83' title="bbox 2111 3246 3772 3325">
    <p class='ocr_par' dir='ltr' id='par_1_83' title="bbox 2111 3246 3772 3325">
     <span class='ocr_line' id='line_1_84' title="bbox 2111 3246 3772 3325; baseline 0.002 -20"><span class='ocrx_word' id='word_1_611' title='bbox 2111 3248 2494 3323; x_wconf 71' lang='grc' dir='ltr'>πλαττομένου</span> <span class='ocrx_word' id='word_1_612' title='bbox 2520 3254 2617 3305; x_wconf 79' lang='grc' dir='ltr'>τοῦ</span> <span class='ocrx_word' id='word_1_613' title='bbox 2667 3249 2977 3324; x_wconf 74' lang='grc' dir='ltr'>σπέρματος</span> <span class='ocrx_word' id='word_1_614' title='bbox 3017 3250 3095 3312; x_wconf 79' lang='grc' dir='ltr'>εἷς</span> <span class='ocrx_word' id='word_1_615' title='bbox 3144 3246 3402 3325; x_wconf 75' lang='grc' dir='ltr'>ἔμϐρυον.</span> <span class='ocrx_word' id='word_1_616' title='bbox 3435 3255 3564 3314; x_wconf 82' lang='grc' dir='ltr'>Πῶς</span> <span class='ocrx_word' id='word_1_617' title='bbox 3632 3249 3691 3308; x_wconf 79' lang='grc' dir='ltr'>δὶ</span> <span class='ocrx_word' id='word_1_618' title='bbox 3745 3255 3772 3308; x_wconf 87' lang='lat'>6</span> 
     </span>
    </p>
   </div>
   <div class='ocr_carea' id='block_1_84' title="bbox 2116 3339 3774 3417">
    <p class='ocr_par' dir='ltr' id='par_1_84' title="bbox 2116 3339 3774 3417">
     <span class='ocr_line' id='line_1_85' title="bbox 2116 3339 3774 3417; baseline 0.001 -21"><span class='ocrx_word' id='word_1_619' title='bbox 2116 3342 2212 3415; x_wconf 75' lang='grc' dir='ltr'>μὲν</span> <span class='ocrx_word' id='word_1_620' title='bbox 2242 3343 2417 3417; x_wconf 81' lang='grc' dir='ltr'>γάμος</span> <span class='ocrx_word' id='word_1_621' title='bbox 2448 3339 2684 3405; x_wconf 86' lang='grc' dir='ltr'>παλαιὸς</span> <span class='ocrx_word' id='word_1_622' title='bbox 2715 3340 2877 3414; x_wconf 86' lang='grc' dir='ltr'>μόνον</span> <span class='ocrx_word' id='word_1_623' title='bbox 2910 3342 3000 3396; x_wconf 83' lang='grc' dir='ltr'>καὶ</span> <span class='ocrx_word' id='word_1_624' title='bbox 3047 3340 3221 3413; x_wconf 89' lang='grc' dir='ltr'>νόμου</span> <span class='ocrx_word' id='word_1_625' title='bbox 3270 3341 3506 3416; x_wconf 72' lang='grc' dir='ltr'>εὕρημα,</span> <span class='ocrx_word' id='word_1_626' title='bbox 3539 3341 3774 3406; x_wconf 82' lang='grc' dir='ltr'>ἀλλοῖος</span> 
     </span>
    </p>
   </div>
   <div class='ocr_carea' id='block_1_85' title="bbox 2114 3428 3769 3506">
    <p class='ocr_par' dir='ltr' id='par_1_85' title="bbox 2114 3428 3769 3506">
     <span class='ocr_line' id='line_1_86' title="bbox 2114 3428 3769 3506; baseline 0 -21"><span class='ocrx_word' id='word_1_627' title='bbox 2114 3428 2172 3485; x_wconf 74' lang='grc' dir='ltr'>δὲ</span> <span class='ocrx_word' id='word_1_628' title='bbox 2202 3431 2390 3485; x_wconf 68' lang='grc' dir='ltr'>ὁκατά</span> <span class='ocrx_word' id='word_1_629' title='bbox 2426 3431 2517 3485; x_wconf 85' lang='grc' dir='ltr'>τὸν</span> <span class='ocrx_word' id='word_1_630' title='bbox 2579 3429 2772 3504; x_wconf 84' lang='grc' dir='ltr'>Κύριον</span> <span class='ocrx_word' id='word_1_631' title='bbox 2830 3432 3034 3504; x_wconf 85' lang='grc' dir='ltr'>γάμος,</span> <span class='ocrx_word' id='word_1_632' title='bbox 3090 3431 3188 3485; x_wconf 83' lang='grc' dir='ltr'>τοῦ</span> <span class='ocrx_word' id='word_1_633' title='bbox 3236 3430 3400 3485; x_wconf 81' lang='grc' dir='ltr'>αὐτοῦ</span> <span class='ocrx_word' id='word_1_634' title='bbox 3453 3434 3588 3486; x_wconf 83' lang='grc' dir='ltr'>Θεοῦ</span> <span class='ocrx_word' id='word_1_635' title='bbox 3634 3431 3769 3506; x_wconf 89' lang='grc' dir='ltr'>πρὸς</span> 
     </span>
    </p>
   </div>
   <div class='ocr_carea' id='block_1_86' title="bbox 2111 3518 3767 3593">
    <p class='ocr_par' dir='ltr' id='par_1_86' title="bbox 2111 3518 3767 3593">
     <span class='ocr_line' id='line_1_87' title="bbox 2111 3518 3767 3593; baseline 0.001 -20"><span class='ocrx_word' id='word_1_636' title='bbox 2111 3521 2273 3592; x_wconf 69' lang='grc' dir='ltr'><strong>ἡμῶν</strong></span> <span class='ocrx_word' id='word_1_637' title='bbox 2314 3518 2660 3592; x_wconf 73' lang='grc' dir='ltr'>τηρουμένου</span> <span class='ocrx_word' id='word_1_638' title='bbox 2694 3536 2708 3587; x_wconf 89' lang='lat'><strong>;</strong></span> <span class='ocrx_word' id='word_1_639' title='bbox 2748 3539 2771 3567; x_wconf 72' lang='grc' dir='ltr'>ι</span> <span class='ocrx_word' id='word_1_640' title='bbox 2803 3518 2881 3576; x_wconf 82' lang='grc' dir='ltr'>Οὐ</span> <span class='ocrx_word' id='word_1_641' title='bbox 2917 3541 2945 3570; x_wconf 83' lang='grc'><strong>››</strong></span> <span class='ocrx_word' id='word_1_642' title='bbox 2970 3519 3072 3593; x_wconf 79' lang='grc' dir='ltr'>γὰρ</span> <span class='ocrx_word' id='word_1_643' title='bbox 3104 3543 3133 3571; x_wconf 76' lang='grc' dir='ltr'><strong>α</strong></span> <span class='ocrx_word' id='word_1_644' title='bbox 3176 3518 3237 3574; x_wconf 79' lang='grc' dir='ltr'>ἂν</span> <span class='ocrx_word' id='word_1_645' title='bbox 3299 3520 3329 3573; x_wconf 85' lang='lat'>6&#39;</span> <span class='ocrx_word' id='word_1_646' title='bbox 3376 3520 3685 3590; x_wconf 76' lang='grc' dir='ltr'>συνέζευξεν</span> <span class='ocrx_word' id='word_1_647' title='bbox 3740 3521 3767 3574; x_wconf 92' lang='lat'>6</span> 
     </span>
    </p>
   </div>
   <div class='ocr_carea' id='block_1_87' title="bbox 2114 3604 3772 3681">
    <p class='ocr_par' dir='ltr' id='par_1_87' title="bbox 2114 3604 3772 3681">
     <span class='ocr_line' id='line_1_88' title="bbox 2114 3604 3772 3681; baseline -0.001 -19"><span class='ocrx_word' id='word_1_648' title='bbox 2114 3608 2265 3675; x_wconf 87' lang='grc' dir='ltr'>Θεὸς,</span> <span class='ocrx_word' id='word_1_649' title='bbox 2298 3605 2571 3662; x_wconf 70' lang='grc' dir='ltr'>διαλύσειέ</span> <span class='ocrx_word' id='word_1_650' title='bbox 2609 3627 2742 3661; x_wconf 90' lang='grc' dir='ltr'>ποτε</span> <span class='ocrx_word' id='word_1_651' title='bbox 2781 3607 3069 3679; x_wconf 81' lang='grc' dir='ltr'>ἄνθρωπος</span> <span class='ocrx_word' id='word_1_652' title='bbox 3121 3629 3148 3657; x_wconf 84' lang='grc'><strong>››</strong></span> <span class='ocrx_word' id='word_1_653' title='bbox 3181 3606 3447 3681; x_wconf 77' lang='grc' dir='ltr'>εὐλόγωςο</span> <span class='ocrx_word' id='word_1_654' title='bbox 3506 3606 3659 3664; x_wconf 75' lang='grc' dir='ltr'>πολὺ</span> <span class='ocrx_word' id='word_1_655' title='bbox 3715 3604 3772 3661; x_wconf 72' lang='grc' dir='ltr'>δὶ</span> 
     </span>
    </p>
   </div>
   <div class='ocr_carea' id='block_1_88' title="bbox 2112 3694 3773 3771">
    <p class='ocr_par' dir='ltr' id='par_1_88' title="bbox 2112 3694 3773 3771">
     <span class='ocr_line' id='line_1_89' title="bbox 2112 3694 3773 3771; baseline 0 -20"><span class='ocrx_word' id='word_1_656' title='bbox 2112 3696 2279 3751; x_wconf 81' lang='grc' dir='ltr'>πλὲον</span> <span class='ocrx_word' id='word_1_657' title='bbox 2312 3694 2446 3769; x_wconf 74' lang='grc' dir='ltr'>ἅπερ</span> <span class='ocrx_word' id='word_1_658' title='bbox 2477 3697 2505 3750; x_wconf 91' lang='grc' dir='ltr'>ὁ</span> <span class='ocrx_word' id='word_1_659' title='bbox 2539 3697 2725 3769; x_wconf 76' lang='grc' dir='ltr'>Πατὴρ</span> <span class='ocrx_word' id='word_1_660' title='bbox 2779 3695 3092 3771; x_wconf 76' lang='grc' dir='ltr'>προσέταξε,</span> <span class='ocrx_word' id='word_1_661' title='bbox 3157 3698 3373 3769; x_wconf 76' lang='grc' dir='ltr'>τηρήσῃ</span> <span class='ocrx_word' id='word_1_662' title='bbox 3434 3699 3547 3769; x_wconf 86' lang='lat'>(72)</span> <span class='ocrx_word' id='word_1_663' title='bbox 3607 3701 3773 3751; x_wconf 80' lang='grc' dir='ltr'>ταῦτα</span> 
     </span>
    </p>
   </div>
   <div class='ocr_carea' id='block_1_89' title="bbox 2113 3782 3770 3857">
    <p class='ocr_par' dir='ltr' id='par_1_89' title="bbox 2113 3782 3770 3857">
     <span class='ocr_line' id='line_1_90' title="bbox 2113 3782 3770 3857; baseline -0.001 -16"><span class='ocrx_word' id='word_1_664' title='bbox 2113 3784 2200 3841; x_wconf 78' lang='grc' dir='ltr'>καὶ</span> <span class='ocrx_word' id='word_1_665' title='bbox 2235 3785 2441 3846; x_wconf 76' lang='grc' dir='ltr'>ὁΥῖός.</span> <span class='ocrx_word' id='word_1_666' title='bbox 2497 3784 2559 3841; x_wconf 82' lang='grc' dir='ltr'><strong>Εἰ</strong></span> <span class='ocrx_word' id='word_1_667' title='bbox 2618 3783 2676 3840; x_wconf 72' lang='grc' dir='ltr'><strong>δὲ</strong></span> <span class='ocrx_word' id='word_1_668' title='bbox 2731 3787 2759 3839; x_wconf 93' lang='lat'>6</span> <span class='ocrx_word' id='word_1_669' title='bbox 2816 3782 2975 3846; x_wconf 67' lang='grc' dir='ltr'>αὐτὸς</span> <span class='ocrx_word' id='word_1_670' title='bbox 3035 3784 3361 3856; x_wconf 65' lang='grc' dir='ltr'>νομοθέτης⁹</span> <span class='ocrx_word' id='word_1_671' title='bbox 3393 3783 3508 3857; x_wconf 76' lang='grc' dir='ltr'>ἃμα</span> <span class='ocrx_word' id='word_1_672' title='bbox 3535 3786 3628 3840; x_wconf 71' lang='grc' dir='ltr'>καὶ</span> <span class='ocrx_word' id='word_1_673' title='bbox 3687 3785 3770 3842; x_wconf 78' lang='grc' dir='ltr'>εὖ·</span> 
     </span>
    </p>
   </div>
   <div class='ocr_carea' id='block_1_90' title="bbox 2113 3872 3768 3950">
    <p class='ocr_par' dir='ltr' id='par_1_90' title="bbox 2113 3872 3768 3950">
     <span class='ocr_line' id='line_1_91' title="bbox 2113 3872 3768 3950; baseline -0.008 -19"><span class='ocrx_word' id='word_1_674' title='bbox 2113 3874 2467 3950; x_wconf 79' lang='grc' dir='ltr'>αγγελιστής,</span> <span class='ocrx_word' id='word_1_675' title='bbox 2501 3875 2565 3928; x_wconf 86' lang='grc' dir='ltr'>ού</span> <span class='ocrx_word' id='word_1_676' title='bbox 2601 3872 2835 3949; x_wconf 85' lang='grc' dir='ltr'>μάχεταί</span> <span class='ocrx_word' id='word_1_677' title='bbox 2863 3894 2996 3927; x_wconf 90' lang='grc' dir='ltr'>ποτε</span> <span class='ocrx_word' id='word_1_678' title='bbox 3034 3874 3229 3944; x_wconf 72' lang='grc' dir='ltr'>ἑαυτῷ.</span> <span class='ocrx_word' id='word_1_679' title='bbox 3284 3877 3360 3947; x_wconf 79' lang='grc' dir='ltr'>Ζῇ</span> <span class='ocrx_word' id='word_1_680' title='bbox 3416 3875 3521 3949; x_wconf 78' lang='grc' dir='ltr'>γὰρ</span> <span class='ocrx_word' id='word_1_681' title='bbox 3581 3876 3614 3930; x_wconf 76' lang='grc' dir='ltr'><strong>ὁ</strong></span> <span class='ocrx_word' id='word_1_682' title='bbox 3668 3874 3768 3929; x_wconf 81' lang='grc' dir='ltr'>τό..</span> 
     </span>
    </p>
   </div>
   <div class='ocr_carea' id='block_1_91' title="bbox 2116 3962 3769 4039">
    <p class='ocr_par' dir='ltr' id='par_1_91' title="bbox 2116 3962 3769 4039">
     <span class='ocr_line' id='line_1_92' title="bbox 2116 3962 3769 4039; baseline -0.001 -21"><span class='ocrx_word' id='word_1_683' title='bbox 2116 3985 2242 4039; x_wconf 79' lang='grc' dir='ltr'>μος,</span> <span class='ocrx_word' id='word_1_684' title='bbox 2273 3962 2639 4037; x_wconf 88' lang='grc' dir='ltr'>πνευματικὸς</span> <span class='ocrx_word' id='word_1_685' title='bbox 2667 3966 2780 4037; x_wconf 81' lang='grc'>(73)</span> <span class='ocrx_word' id='word_1_686' title='bbox 2810 3962 2882 4017; x_wconf 82' lang='grc' dir='ltr'>ὥν</span> <span class='ocrx_word' id='word_1_687' title='bbox 2940 3962 3030 4016; x_wconf 84' lang='grc' dir='ltr'>καὶ</span> <span class='ocrx_word' id='word_1_688' title='bbox 3087 3967 3402 4036; x_wconf 76' lang='grc' dir='ltr'>γνωπικῶς</span> <span class='ocrx_word' id='word_1_689' title='bbox 3449 3962 3769 4037; x_wconf 83' lang='grc' dir='ltr'>νοούμενος’</span> 
     </span>
    </p>
   </div>
   <div class='ocr_carea' id='block_1_92' title="bbox 2112 4232 3764 4306">
    <p class='ocr_par' dir='ltr' id='par_1_92' title="bbox 2112 4232 3764 4306">
     <span class='ocr_line' id='line_1_93' title="bbox 2112 4232 3764 4306; baseline 0.001 -21"><span class='ocrx_word' id='word_1_690' title='bbox 2112 4256 2140 4285; x_wconf 88' lang='grc'>‹‹</span> <span class='ocrx_word' id='word_1_691' title='bbox 2175 4236 2494 4306; x_wconf 90' lang='lat' dir='ltr'>Propterea</span> <span class='ocrx_word' id='word_1_692' title='bbox 2514 4233 2675 4289; x_wconf 90' lang='lat' dir='ltr'>enim</span> <span class='ocrx_word' id='word_1_693' title='bbox 2706 4250 2826 4306; x_wconf 83' lang='lat' dir='ltr'>non</span> <span class='ocrx_word' id='word_1_694' title='bbox 2848 4233 3033 4288; x_wconf 88' lang='lat' dir='ltr'>vetuit</span> <span class='ocrx_word' id='word_1_695' title='bbox 3060 4238 3287 4288; x_wconf 82' lang='lat' dir='ltr'>veteres</span> <span class='ocrx_word' id='word_1_696' title='bbox 3317 4233 3520 4305; x_wconf 89' lang='lat' dir='ltr'>plures</span> <span class='ocrx_word' id='word_1_697' title='bbox 3550 4232 3764 4306; x_wconf 74' lang='lat' dir='ltr'>habere</span> 
     </span>
    </p>
   </div>
   <div class='ocr_carea' id='block_1_93' title="bbox 2112 4302 3763 4377">
    <p class='ocr_par' dir='ltr' id='par_1_93' title="bbox 2112 4302 3763 4377">
     <span class='ocr_line' id='line_1_94' title="bbox 2112 4302 3763 4377; baseline -0.001 -16"><span class='ocrx_word' id='word_1_698' title='bbox 2112 4302 2346 4371; x_wconf 77' lang='lat' dir='ltr'>uxores,</span> <span class='ocrx_word' id='word_1_699' title='bbox 2376 4311 2441 4359; x_wconf 92' lang='lat' dir='ltr'>ut</span> <span class='ocrx_word' id='word_1_700' title='bbox 2468 4321 2655 4377; x_wconf 82' lang='lat' dir='ltr'>genus</span> <span class='ocrx_word' id='word_1_701' title='bbox 2713 4305 3041 4360; x_wconf 87' lang='lat' dir='ltr'>humanum</span> <span class='ocrx_word' id='word_1_702' title='bbox 3074 4302 3391 4377; x_wconf 74' lang='lat' dir='ltr'>augeretur</span> <span class='ocrx_word' id='word_1_703' title='bbox 3425 4322 3454 4377; x_wconf 19' lang='grc' dir='ltr'>ε,</span> <span class='ocrx_word' id='word_1_704' title='bbox 3475 4322 3665 4377; x_wconf 90' lang='lat' dir='ltr'>eaque</span> <span class='ocrx_word' id='word_1_705' title='bbox 3697 4302 3763 4359; x_wconf 84' lang='lat' dir='ltr'>de</span> 
     </span>
    </p>
   </div>
   <div class='ocr_carea' id='block_1_94' title="bbox 2114 4375 3761 4449">
    <p class='ocr_par' dir='ltr' id='par_1_94' title="bbox 2114 4375 3761 4449">
     <span class='ocr_line' id='line_1_95' title="bbox 2114 4375 3761 4449; baseline -0.002 -17"><span class='ocrx_word' id='word_1_706' title='bbox 2114 4394 2294 4432; x_wconf 88' lang='lat' dir='ltr'>causa</span> <span class='ocrx_word' id='word_1_707' title='bbox 2324 4375 2502 4430; x_wconf 83' lang='lat' dir='ltr'>etiam</span> <span class='ocrx_word' id='word_1_708' title='bbox 2535 4377 2639 4429; x_wconf 91' lang='lat' dir='ltr'>viri</span> <span class='ocrx_word' id='word_1_709' title='bbox 2670 4376 2967 4449; x_wconf 85' lang='lat' dir='ltr'>religiosi._</span> <span class='ocrx_word' id='word_1_710' title='bbox 2990 4392 3121 4430; x_wconf 91' lang='lat' dir='ltr'>cum</span> <span class='ocrx_word' id='word_1_711' title='bbox 3156 4375 3417 4449; x_wconf 74' lang='lat' dir='ltr'>plurium</span> <span class='ocrx_word' id='word_1_712' title='bbox 3443 4375 3761 4449; x_wconf 77' lang='lat' dir='ltr'>liberorum</span> 
     </span>
    </p>
   </div>
   <div class='ocr_carea' id='block_1_95' title="bbox 352 4438 3763 4519">
    <p class='ocr_par' dir='ltr' id='par_1_95' title="bbox 352 4438 3763 4519">
     <span class='ocr_line' id='line_1_96' title="bbox 352 4438 3763 4519; baseline -0 -17"><span class='ocrx_word' id='word_1_713' title='bbox 352 4474 379 4502; x_wconf 84' lang='grc' dir='ltr'>ι(</span> <span class='ocrx_word' id='word_1_714' title='bbox 413 4438 667 4506; x_wconf 41' lang='lat' dir='ltr'>veterem.</span> <span class='ocrx_word' id='word_1_715' title='bbox 700 4438 1006 4505; x_wconf 78' lang='lat' dir='ltr'>hominem</span> <span class='ocrx_word' id='word_1_716' title='bbox 1040 4472 1066 4499; x_wconf 83' lang='grc'>››</span> <span class='ocrx_word' id='word_1_717' title='bbox 1090 4467 1169 4505; x_wconf 74' lang='lat' dir='ltr'>aa</span> <span class='ocrx_word' id='word_1_718' title='bbox 1189 4466 1336 4504; x_wconf 93' lang='lat' dir='ltr'>novo</span> <span class='ocrx_word' id='word_1_719' title='bbox 1370 4470 1398 4498; x_wconf 85' lang='lat'><strong>»</strong></span> <span class='ocrx_word' id='word_1_720' title='bbox 1430 4438 1707 4505; x_wconf 71' lang='lat' dir='ltr'>Tatianiis</span> <span class='ocrx_word' id='word_1_721' title='bbox 1733 4467 1745 4504; x_wconf 95' lang='lat'>:</span> <span class='ocrx_word' id='word_1_722' title='bbox 1768 4449 2005 4505; x_wconf 88' lang='lat' dir='ltr'>sednon</span> <span class='ocrx_word' id='word_1_723' title='bbox 2038 4438 2084 4499; x_wconf 88' lang='lat' dir='ltr'>D</span> <span class='ocrx_word' id='word_1_724' title='bbox 2115 4454 2314 4519; x_wconf 87' lang='lat' dir='ltr'>patres</span> <span class='ocrx_word' id='word_1_725' title='bbox 2345 4464 2475 4502; x_wconf 89' lang='lat' dir='ltr'>esse</span> <span class='ocrx_word' id='word_1_726' title='bbox 2502 4438 2815 4517; x_wconf 55' lang='lat' dir='ltr'>cuperent:</span> <span class='ocrx_word' id='word_1_727' title='bbox 2834 4447 3085 4513; x_wconf 90' lang='lat' dir='ltr'>duabus,</span> <span class='ocrx_word' id='word_1_728' title='bbox 3111 4438 3173 4502; x_wconf 76' lang='lat' dir='ltr'>et</span> <span class='ocrx_word' id='word_1_729' title='bbox 3201 4446 3477 4514; x_wconf 90' lang='lat' dir='ltr'>tribus,et</span> <span class='ocrx_word' id='word_1_730' title='bbox 3499 4447 3763 4519; x_wconf 88' lang='lat' dir='ltr'>pluribus</span> 
     </span>
    </p>
   </div>
   <div class='ocr_carea' id='block_1_96' title="bbox 352 4521 2003 4593">
    <p class='ocr_par' dir='ltr' id='par_1_96' title="bbox 352 4521 2003 4593">
     <span class='ocr_line' id='line_1_97' title="bbox 352 4521 2003 4593; baseline -0.001 -15"><span class='ocrx_word' id='word_1_731' title='bbox 352 4522 580 4583; x_wconf 83' lang='lat' dir='ltr'>eodem,</span> <span class='ocrx_word' id='word_1_732' title='bbox 603 4539 717 4593; x_wconf 90' lang='lat' dir='ltr'>quo</span> <span class='ocrx_word' id='word_1_733' title='bbox 751 4539 882 4581; x_wconf 79' lang='lat' dir='ltr'>nos.</span> <span class='ocrx_word' id='word_1_734' title='bbox 909 4539 1105 4577; x_wconf 90' lang='lat' dir='ltr'>sensu.</span> <span class='ocrx_word' id='word_1_735' title='bbox 1134 4523 1247 4576; x_wconf 85' lang='lat' dir='ltr'>Nos</span> <span class='ocrx_word' id='word_1_736' title='bbox 1279 4521 1439 4593; x_wconf 88' lang='lat' dir='ltr'>enim</span> <span class='ocrx_word' id='word_1_737' title='bbox 1464 4521 1523 4575; x_wconf 89' lang='lat' dir='ltr'>in</span> <span class='ocrx_word' id='word_1_738' title='bbox 1549 4522 1657 4576; x_wconf 89' lang='lat' dir='ltr'>hoc</span> <span class='ocrx_word' id='word_1_739' title='bbox 1676 4521 1727 4577; x_wconf 90' lang='lat' dir='ltr'>ei</span> <span class='ocrx_word' id='word_1_740' title='bbox 1748 4521 2003 4576; x_wconf 87' lang='lat' dir='ltr'>assenti-</span> 
     </span>
    </p>
   </div>
   <div class='ocr_carea' id='block_1_97' title="bbox 349 4592 2004 4664">
    <p class='ocr_par' dir='ltr' id='par_1_97' title="bbox 349 4592 2004 4664">
     <span class='ocr_line' id='line_1_98' title="bbox 349 4592 2004 4664; baseline -0.001 -15"><span class='ocrx_word' id='word_1_741' title='bbox 349 4609 506 4657; x_wconf 91' lang='lat' dir='ltr'>mur,</span> <span class='ocrx_word' id='word_1_742' title='bbox 548 4592 705 4664; x_wconf 87' lang='lat' dir='ltr'>quod</span> <span class='ocrx_word' id='word_1_743' title='bbox 739 4616 767 4643; x_wconf 90' lang='grc'><em>‹‹</em></span> <span class='ocrx_word' id='word_1_744' title='bbox 827 4600 1083 4648; x_wconf 78' lang='lat' dir='ltr'>veterem</span> <span class='ocrx_word' id='word_1_745' title='bbox 1117 4615 1144 4642; x_wconf 86' lang='grc'><strong>››</strong></span> <span class='ocrx_word' id='word_1_746' title='bbox 1177 4592 1417 4663; x_wconf 88' lang='lat' dir='ltr'>quidem</span> <span class='ocrx_word' id='word_1_747' title='bbox 1450 4614 1477 4640; x_wconf 79' lang='grc' dir='ltr'>κ</span> <span class='ocrx_word' id='word_1_748' title='bbox 1525 4593 1835 4664; x_wconf 84' lang='lat' dir='ltr'>hominem</span> <span class='ocrx_word' id='word_1_749' title='bbox 1866 4616 1885 4639; x_wconf 84' lang='lat'><strong><em>-</em></strong></span> <span class='ocrx_word' id='word_1_750' title='bbox 1925 4594 2004 4647; x_wconf 91' lang='lat' dir='ltr'>le-</span> 
     </span>
    </p>
   </div>
   <div class='ocr_carea' id='block_1_98' title="bbox 389 4663 2002 4745">
    <p class='ocr_par' dir='ltr' id='par_1_98' title="bbox 389 4663 2002 4745">
     <span class='ocr_line' id='line_1_99' title="bbox 389 4663 2002 4745; baseline -0.001 -25"><span class='ocrx_word' id='word_1_751' title='bbox 389 4680 482 4745; x_wconf 83' lang='lat' dir='ltr'>em</span> <span class='ocrx_word' id='word_1_752' title='bbox 518 4680 531 4729; x_wconf 87' lang='lat'><strong>;</strong></span> <span class='ocrx_word' id='word_1_753' title='bbox 565 4663 592 4714; x_wconf 69' lang='grc' dir='ltr'>ἱ(</span> <span class='ocrx_word' id='word_1_754' title='bbox 638 4681 884 4745; x_wconf 84' lang='lat' dir='ltr'>novu_m_</span> <span class='ocrx_word' id='word_1_755' title='bbox 919 4686 946 4715; x_wconf 73' lang='grc' dir='ltr'>ιι</span> <span class='ocrx_word' id='word_1_756' title='bbox 1008 4668 1228 4745; x_wconf 63' lang='lat' dir='ltr'>autem,</span> <span class='ocrx_word' id='word_1_757' title='bbox 1266 4663 1670 4745; x_wconf 44' lang='lat' dir='ltr'>‘Evangelium</span> <span class='ocrx_word' id='word_1_758' title='bbox 1723 4664 2002 4745; x_wconf 22' lang='lat' dir='ltr'>Adicimus,</span> 
     </span>
    </p>
   </div>
   <div class='ocr_carea' id='block_1_99' title="bbox 376 4734 2006 4807">
    <p class='ocr_par' dir='ltr' id='par_1_99' title="bbox 376 4734 2006 4807">
     <span class='ocr_line' id='line_1_100' title="bbox 376 4734 2006 4807; baseline -0.001 -17"><span class='ocrx_word' id='word_1_759' title='bbox 376 4736 497 4807; x_wconf 75' lang='lat' dir='ltr'>icet</span> <span class='ocrx_word' id='word_1_760' title='bbox 514 4752 643 4807; x_wconf 84' lang='lat' dir='ltr'>non</span> <span class='ocrx_word' id='word_1_761' title='bbox 676 4735 924 4807; x_wconf 89' lang='lat' dir='ltr'>perinde</span> <span class='ocrx_word' id='word_1_762' title='bbox 954 4752 1022 4791; x_wconf 92' lang='lat' dir='ltr'>ac</span> <span class='ocrx_word' id='word_1_763' title='bbox 1052 4736 1154 4807; x_wconf 89' lang='lat' dir='ltr'>ille</span> <span class='ocrx_word' id='word_1_764' title='bbox 1188 4734 1331 4807; x_wconf 91' lang='lat' dir='ltr'>vult,</span> <span class='ocrx_word' id='word_1_765' title='bbox 1364 4734 1473 4805; x_wconf 82' lang='lat' dir='ltr'>qui</span> <span class='ocrx_word' id='word_1_766' title='bbox 1492 4734 1685 4807; x_wconf 87' lang='lat' dir='ltr'>legem</span> <span class='ocrx_word' id='word_1_767' title='bbox 1719 4741 2006 4807; x_wconf 88' lang='lat' dir='ltr'>tanquam</span> 
     </span>
    </p>
   </div>
   <div class='ocr_carea' id='block_1_100' title="bbox 352 4805 1537 4879">
    <p class='ocr_par' dir='ltr' id='par_1_100' title="bbox 352 4805 1537 4879">
     <span class='ocr_line' id='line_1_101' title="bbox 352 4805 1537 4879; baseline -0.006 -17"><span class='ocrx_word' id='word_1_768' title='bbox 352 4805 565 4879; x_wconf 89' lang='lat' dir='ltr'>abalio</span> <span class='ocrx_word' id='word_1_769' title='bbox 594 4805 709 4879; x_wconf 82' lang='lat' dir='ltr'>Deo</span> <span class='ocrx_word' id='word_1_770' title='bbox 745 4807 925 4879; x_wconf 86' lang='lat' dir='ltr'>latam</span> <span class='ocrx_word' id='word_1_771' title='bbox 948 4806 1185 4879; x_wconf 91' lang='lat' dir='ltr'>penitus</span> <span class='ocrx_word' id='word_1_772' title='bbox 1213 4806 1477 4879; x_wconf 88' lang='lat' dir='ltr'>abrogat.</span> <span class='ocrx_word' id='word_1_773' title='bbox 1516 4829 1537 4855; x_wconf 72' lang='grc' dir='ltr'>ι</span> 
     </span>
    </p>
   </div>
   <div class='ocr_carea' id='block_1_101' title="bbox 419 4874 2005 4948">
    <p class='ocr_par' dir='ltr' id='par_1_101' title="bbox 419 4874 2005 4948">
     <span class='ocr_line' id='line_1_102' title="bbox 419 4874 2005 4948; baseline -0.001 -18"><span class='ocrx_word' id='word_1_774' title='bbox 419 4878 533 4947; x_wconf 84' lang='grc'>(67)</span> <span class='ocrx_word' id='word_1_775' title='bbox 564 4874 777 4931; x_wconf 77' lang='grc' dir='ltr'>Παλαιὰ</span> <span class='ocrx_word' id='word_1_776' title='bbox 805 4874 1148 4943; x_wconf 44' lang='lat' dir='ltr'>xum—Nam,</span> <span class='ocrx_word' id='word_1_777' title='bbox 1182 4883 1248 4948; x_wconf 87' lang='lat' dir='ltr'>ut</span> <span class='ocrx_word' id='word_1_778' title='bbox 1297 4874 1390 4948; x_wconf 73' lang='lat' dir='ltr'>ait</span> <span class='ocrx_word' id='word_1_779' title='bbox 1424 4877 1765 4948; x_wconf 82' lang='lat' dir='ltr'>Apostolus,</span> <span class='ocrx_word' id='word_1_780' title='bbox 1815 4876 1862 4929; x_wconf 87' lang='grc' dir='ltr'><strong>εἳ</strong></span> <span class='ocrx_word' id='word_1_781' title='bbox 1887 4897 2005 4948; x_wconf 19' lang='grc' dir='ltr'>,τις</span> 
     </span>
    </p>
   </div>
   <div class='ocr_carea' id='block_1_102' title="bbox 350 4943 2005 5022">
    <p class='ocr_par' dir='ltr' id='par_1_102' title="bbox 350 4943 2005 5022">
     <span class='ocr_line' id='line_1_103' title="bbox 350 4943 2005 5022; baseline 0 -21"><span class='ocrx_word' id='word_1_782' title='bbox 350 4945 402 5022; x_wconf 66' lang='grc' dir='ltr'>ἓν</span> <span class='ocrx_word' id='word_1_783' title='bbox 427 4943 873 5022; x_wconf 37' lang='grc' dir='ltr'>⁷Χριστῷηκαινή</span> <span class='ocrx_word' id='word_1_784' title='bbox 905 4948 1118 5022; x_wconf 72' lang='grc' dir='ltr'>κτίσις·</span> <span class='ocrx_word' id='word_1_785' title='bbox 1177 4947 1244 5002; x_wconf 80' lang='grc' dir='ltr'>τὰ</span> <span class='ocrx_word' id='word_1_786' title='bbox 1301 4943 1509 5022; x_wconf 74' lang='grc' dir='ltr'>ἀρχαῖα</span> <span class='ocrx_word' id='word_1_787' title='bbox 1549 4946 1851 5020; x_wconf 81' lang='grc' dir='ltr'>παρῆλθεν,</span> <span class='ocrx_word' id='word_1_788' title='bbox 1886 4943 2005 5002; x_wconf 72' lang='grc' dir='ltr'>ἰδοὺ</span> 
     </span>
    </p>
   </div>
   <div class='ocr_carea' id='block_1_103' title="bbox 348 5017 1490 5093">
    <p class='ocr_par' dir='ltr' id='par_1_103' title="bbox 348 5017 1490 5093">
     <span class='ocr_line' id='line_1_104' title="bbox 348 5017 1490 5093; baseline 0.003 -21"><span class='ocrx_word' id='word_1_789' title='bbox 348 5017 540 5093; x_wconf 67' lang='grc' dir='ltr'>γέγονε</span> <span class='ocrx_word' id='word_1_790' title='bbox 566 5018 726 5093; x_wconf 65' lang='grc' dir='ltr'>καινὰ</span> <span class='ocrx_word' id='word_1_791' title='bbox 752 5018 816 5072; x_wconf 73' lang='grc' dir='ltr'>τά</span> <span class='ocrx_word' id='word_1_792' title='bbox 838 5018 1037 5093; x_wconf 73' lang='grc' dir='ltr'>πάντα,</span> <span class='ocrx_word' id='word_1_793' title='bbox 1071 5023 1121 5075; x_wconf 84' lang='lat' dir='ltr'>ll</span> <span class='ocrx_word' id='word_1_794' title='bbox 1144 5022 1279 5093; x_wconf 85' lang='lat' dir='ltr'>Cor.</span> <span class='ocrx_word' id='word_1_795' title='bbox 1316 5017 1490 5093; x_wconf 43' lang='grc' dir='ltr'>νίξῖ.</span> 
     </span>
    </p>
   </div>
   <div class='ocr_carea' id='block_1_104' title="bbox 420 5088 2007 5163">
    <p class='ocr_par' dir='ltr' id='par_1_104' title="bbox 420 5088 2007 5163">
     <span class='ocr_line' id='line_1_105' title="bbox 420 5088 2007 5163; baseline 0.001 -19"><span class='ocrx_word' id='word_1_796' title='bbox 420 5088 533 5159; x_wconf 84' lang='grc'>(68)</span> <span class='ocrx_word' id='word_1_797' title='bbox 592 5089 733 5146; x_wconf 84' lang='grc' dir='ltr'>Τότε</span> <span class='ocrx_word' id='word_1_798' title='bbox 784 5089 893 5163; x_wconf 68' lang='grc' dir='ltr'>γάρ</span> <span class='ocrx_word' id='word_1_799' title='bbox 941 5088 1034 5143; x_wconf 83' lang='grc' dir='ltr'>ἀπ.</span> <span class='ocrx_word' id='word_1_800' title='bbox 1097 5092 1328 5146; x_wconf 84' lang='lat' dir='ltr'>Similia</span> <span class='ocrx_word' id='word_1_801' title='bbox 1392 5091 1538 5146; x_wconf 89' lang='lat' dir='ltr'>dicit</span> <span class='ocrx_word' id='word_1_802' title='bbox 1602 5090 2007 5163; x_wconf 82' lang='lat' dir='ltr'>Theodoretus</span> 
     </span>
    </p>
   </div>
   <div class='ocr_carea' id='block_1_105' title="bbox 348 5160 2006 5253">
    <p class='ocr_par' dir='ltr' id='par_1_105' title="bbox 348 5160 2006 5253">
     <span class='ocr_line' id='line_1_106' title="bbox 348 5160 2006 5253; baseline -0.002 -34"><span class='ocrx_word' id='word_1_803' title='bbox 348 5164 552 5249; x_wconf 59' lang='grc' dir='ltr'>Ηίξνθε.</span> <span class='ocrx_word' id='word_1_804' title='bbox 607 5163 728 5253; x_wconf 52' lang='grc' dir='ltr'>[τιὸἼ</span> <span class='ocrx_word' id='word_1_805' title='bbox 780 5160 884 5253; x_wconf 54' lang='grc' dir='ltr'>μδ.</span> <span class='ocrx_word' id='word_1_806' title='bbox 928 5180 1000 5251; x_wconf 44' lang='lat' dir='ltr'>ﬂv,</span> <span class='ocrx_word' id='word_1_807' title='bbox 1060 5179 1187 5232; x_wconf 90' lang='lat' dir='ltr'>cap.</span> <span class='ocrx_word' id='word_1_808' title='bbox 1239 5166 1347 5247; x_wconf 48' lang='lat'>:25,</span> <span class='ocrx_word' id='word_1_809' title='bbox 1380 5180 1438 5233; x_wconf 94' lang='lat' dir='ltr'>p.</span> <span class='ocrx_word' id='word_1_810' title='bbox 1468 5166 1573 5247; x_wconf 58' lang='lat'>607</span> <span class='ocrx_word' id='word_1_811' title='bbox 1603 5180 1616 5229; x_wconf 91' lang='lat'><strong>;</strong></span> <span class='ocrx_word' id='word_1_812' title='bbox 1650 5162 1747 5253; x_wconf 50' lang='lat' dir='ltr'>aia:</span> <span class='ocrx_word' id='word_1_813' title='bbox 1786 5162 1883 5253; x_wconf 82' lang='grc' dir='ltr'>γὰρ</span> <span class='ocrx_word' id='word_1_814' title='bbox 1939 5160 2006 5251; x_wconf 60' lang='grc' dir='ltr'>δὴ</span> 
     </span>
    </p>
   </div>
   <div class='ocr_carea' id='block_1_106' title="bbox 344 5225 2011 5305">
    <p class='ocr_par' dir='ltr' id='par_1_106' title="bbox 344 5225 2011 5305">
     <span class='ocr_line' id='line_1_107' title="bbox 344 5225 2011 5305; baseline -0.001 -17"><span class='ocrx_word' id='word_1_815' title='bbox 344 5237 507 5289; x_wconf 77' lang='grc' dir='ltr'>τοῦτο</span> <span class='ocrx_word' id='word_1_816' title='bbox 540 5225 627 5286; x_wconf 64' lang='grc' dir='ltr'>καί</span> <span class='ocrx_word' id='word_1_817' title='bbox 662 5228 891 5305; x_wconf 71' lang='grc' dir='ltr'>πλείους</span> <span class='ocrx_word' id='word_1_818' title='bbox 928 5225 1075 5305; x_wconf 63' lang='grc' dir='ltr'>ἔχειν</span> <span class='ocrx_word' id='word_1_819' title='bbox 1102 5225 1526 5305; x_wconf 65' lang='grc' dir='ltr'>γυναῖκας’-τοὺς</span> <span class='ocrx_word' id='word_1_820' title='bbox 1583 5225 1885 5305; x_wconf 59' lang='grc' dir='ltr'>ιταλαιοῦςΔ</span> <span class='ocrx_word' id='word_1_821' title='bbox 1910 5225 2011 5287; x_wconf 79' lang='grc' dir='ltr'>οὐκ</span> 
     </span>
    </p>
   </div>
   <div class='ocr_carea' id='block_1_107' title="bbox 350 5301 2004 5377">
    <p class='ocr_par' dir='ltr' id='par_1_107' title="bbox 350 5301 2004 5377">
     <span class='ocr_line' id='line_1_108' title="bbox 350 5301 2004 5377; baseline -0.002 -16"><span class='ocrx_word' id='word_1_822' title='bbox 350 5305 645 5377; x_wconf 64' lang='grc' dir='ltr'>ἐκώλυσεν,</span> <span class='ocrx_word' id='word_1_823' title='bbox 720 5301 809 5357; x_wconf 81' lang='grc' dir='ltr'>ἳνα</span> <span class='ocrx_word' id='word_1_824' title='bbox 893 5301 1126 5377; x_wconf 62' lang='grc' dir='ltr'>αύξηθῆ</span> <span class='ocrx_word' id='word_1_825' title='bbox 1168 5306 1273 5377; x_wconf 77' lang='grc' dir='ltr'>τῶν</span> <span class='ocrx_word' id='word_1_826' title='bbox 1299 5374 1310 5377; x_wconf 82' lang='lat'>_</span> <span class='ocrx_word' id='word_1_827' title='bbox 1355 5301 1656 5377; x_wconf 66' lang='grc' dir='ltr'>ᾁνθρῴπων</span> <span class='ocrx_word' id='word_1_828' title='bbox 1684 5304 1775 5377; x_wconf 39' lang='grc' dir='ltr'>-.τρ</span> <span class='ocrx_word' id='word_1_829' title='bbox 1832 5302 2004 5377; x_wconf 54' lang='grc' dir='ltr'>γένος,</span> 
     </span>
    </p>
   </div>
   <div class='ocr_carea' id='block_1_108' title="bbox 347 5370 2008 5449">
    <p class='ocr_par' dir='ltr' id='par_1_108' title="bbox 347 5370 2008 5449">
     <span class='ocr_line' id='line_1_109' title="bbox 347 5370 2008 5449; baseline -0.002 -17"><span class='ocrx_word' id='word_1_830' title='bbox 347 5376 569 5449; x_wconf 81' lang='grc' dir='ltr'>Ταύτης</span> <span class='ocrx_word' id='word_1_831' title='bbox 596 5373 754 5432; x_wconf 68' lang='grc' dir='ltr'>ἕνεκα</span> <span class='ocrx_word' id='word_1_832' title='bbox 783 5379 881 5449; x_wconf 76' lang='grc' dir='ltr'>τῇς</span> <span class='ocrx_word' id='word_1_833' title='bbox 914 5370 1088 5449; x_wconf 74' lang='grc' dir='ltr'>αἰτίας</span> <span class='ocrx_word' id='word_1_834' title='bbox 1114 5373 1208 5449; x_wconf 54' lang='grc' dir='ltr'>καί</span> <span class='ocrx_word' id='word_1_835' title='bbox 1266 5374 1317 5427; x_wconf 84' lang='grc' dir='ltr'>οἱ</span> <span class='ocrx_word' id='word_1_836' title='bbox 1349 5371 1624 5449; x_wconf 80' lang='grc' dir='ltr'>θεοφιλεῖς</span> <span class='ocrx_word' id='word_1_837' title='bbox 1675 5370 1862 5446; x_wconf 72' lang='grc' dir='ltr'>ἄνδρες</span> <span class='ocrx_word' id='word_1_838' title='bbox 1918 5375 2008 5449; x_wconf 80' lang='grc' dir='ltr'>καὶ</span> 
     </span>
    </p>
   </div>
   <div class='ocr_carea' id='block_1_109' title="bbox 350 5441 2008 5521">
    <p class='ocr_par' dir='ltr' id='par_1_109' title="bbox 350 5441 2008 5521">
     <span class='ocr_line' id='line_1_110' title="bbox 350 5441 2008 5521; baseline -0.004 -16"><span class='ocrx_word' id='word_1_839' title='bbox 350 5441 640 5521; x_wconf 57' lang='grc' dir='ltr'>δυσὶ,’καὶ</span> <span class='ocrx_word' id='word_1_840' title='bbox 699 5446 871 5521; x_wconf 78' lang='grc' dir='ltr'>τρισὶ,</span> <span class='ocrx_word' id='word_1_841' title='bbox 922 5446 1014 5502; x_wconf 88' lang='grc' dir='ltr'>καὶ</span> <span class='ocrx_word' id='word_1_842' title='bbox 1073 5441 1288 5521; x_wconf 74' lang='grc' dir='ltr'>πλείοσι</span> <span class='ocrx_word' id='word_1_843' title='bbox 1376 5441 1718 5521; x_wconf 61' lang='grc' dir='ltr'>συνήπτοντο</span> <span class='ocrx_word' id='word_1_844' title='bbox 1778 5441 2008 5521; x_wconf 35' lang='grc' dir='ltr'>γυῌναιξῖ,</span> 
     </span>
    </p>
   </div>
   <div class='ocr_carea' id='block_1_110' title="bbox 348 5513 2007 5598">
    <p class='ocr_par' dir='ltr' id='par_1_110' title="bbox 348 5513 2007 5598">
     <span class='ocr_line' id='line_1_111' title="bbox 348 5513 2007 5598; baseline -0.003 -20"><span class='ocrx_word' id='word_1_845' title='bbox 348 5513 618 5578; x_wconf 77' lang='grc' dir='ltr'>πλειόνων</span> <span class='ocrx_word' id='word_1_846' title='bbox 695 5513 942 5598; x_wconf 63' lang='grc' dir='ltr'>γενέσθαι</span> <span class='ocrx_word' id='word_1_847' title='bbox 1026 5513 1255 5592; x_wconf 70' lang='grc' dir='ltr'>πατέρες</span> <span class='ocrx_word' id='word_1_848' title='bbox 1320 5513 1528 5571; x_wconf 83' lang='grc' dir='ltr'>παίδων</span> <span class='ocrx_word' id='word_1_849' title='bbox 1591 5513 2007 5589; x_wconf 59' lang='grc' dir='ltr'>ἐπιθυμοῦντεςλ</span> 
     </span>
    </p>
   </div>
   <div class='ocr_carea' id='block_1_111' title="bbox 2116 4519 2912 4607">
    <p class='ocr_par' dir='ltr' id='par_1_111' title="bbox 2116 4519 2912 4607">
     <span class='ocr_line' id='line_1_112' title="bbox 2116 4519 2912 4607; baseline -0.009 -33"><span class='ocrx_word' id='word_1_850' title='bbox 2116 4519 2399 4607; x_wconf 59' lang='lat' dir='ltr'>uxoribus</span> <span class='ocrx_word' id='word_1_851' title='bbox 2423 4519 2847 4607; x_wconf 44' lang='lat' dir='ltr'>‘iu&#39;ngebanliir.</span> <span class='ocrx_word' id='word_1_852' title='bbox 2864 4540 2912 4607; x_wconf 44' lang='lat' dir='ltr'>lt)</span> 
     </span>
    </p>
   </div>
   <div class='ocr_carea' id='block_1_112' title="bbox 2186 4588 3763 4661">
    <p class='ocr_par' dir='ltr' id='par_1_112' title="bbox 2186 4588 3763 4661">
     <span class='ocr_line' id='line_1_113' title="bbox 2186 4588 3763 4661; baseline -0.001 -16"><span class='ocrx_word' id='word_1_853' title='bbox 2186 4591 2311 4660; x_wconf 86' lang='lat'>(69)</span> <span class='ocrx_word' id='word_1_854' title='bbox 2339 4588 2441 4661; x_wconf 76' lang='grc' dir='ltr'>Καὶ</span> <span class='ocrx_word' id='word_1_855' title='bbox 2470 4588 2517 4641; x_wconf 83' lang='grc' dir='ltr'><strong>εἳ</strong></span> <span class='ocrx_word' id='word_1_856' title='bbox 2558 4609 2685 4644; x_wconf 84' lang='grc' dir='ltr'>τινι.</span> <span class='ocrx_word' id='word_1_857' title='bbox 2745 4589 2941 4645; x_wconf 91' lang='lat' dir='ltr'>Oratio</span> <span class='ocrx_word' id='word_1_858' title='bbox 2996 4589 3278 4661; x_wconf 88' lang='lat' dir='ltr'>elliptica.</span> <span class='ocrx_word' id='word_1_859' title='bbox 3311 4588 3763 4660; x_wconf 85' lang='lat' dir='ltr'>Subintelligen-</span> 
     </span>
    </p>
   </div>
   <div class='ocr_carea' id='block_1_113' title="bbox 2117 4660 3757 4734">
    <p class='ocr_par' dir='ltr' id='par_1_113' title="bbox 2117 4660 3757 4734">
     <span class='ocr_line' id='line_1_114' title="bbox 2117 4660 3757 4734; baseline -0.001 -19"><span class='ocrx_word' id='word_1_860' title='bbox 2117 4660 2281 4734; x_wconf 87' lang='lat' dir='ltr'>dum,</span> <span class='ocrx_word' id='word_1_861' title='bbox 2314 4660 2401 4713; x_wconf 74' lang='grc' dir='ltr'>καὶ</span> <span class='ocrx_word' id='word_1_862' title='bbox 2444 4662 2605 4734; x_wconf 60' lang='grc' dir='ltr'>τοῦτο</span> <span class='ocrx_word' id='word_1_863' title='bbox 2660 4664 2956 4734; x_wconf 69' lang='grc' dir='ltr'>συγχωρεῖ,</span> <span class='ocrx_word' id='word_1_864' title='bbox 2996 4660 3165 4734; x_wconf 73' lang='lat' dir='ltr'>«hoc</span> <span class='ocrx_word' id='word_1_865' title='bbox 3196 4661 3375 4715; x_wconf 86' lang='lat' dir='ltr'>etiam</span> <span class='ocrx_word' id='word_1_866' title='bbox 3414 4662 3705 4734; x_wconf 83' lang='lat' dir='ltr'>concedit,</span> <span class='ocrx_word' id='word_1_867' title='bbox 3733 4677 3757 4707; x_wconf 77' lang='grc' dir='ltr'>ι</span> 
     </span>
    </p>
   </div>
   <div class='ocr_carea' id='block_1_114' title="bbox 2116 4732 3484 4802">
    <p class='ocr_par' dir='ltr' id='par_1_114' title="bbox 2116 4732 3484 4802">
     <span class='ocr_line' id='line_1_115' title="bbox 2116 4732 3484 4802; baseline -0.003 -14"><span class='ocrx_word' id='word_1_868' title='bbox 2116 4733 2346 4788; x_wconf 88' lang='lat' dir='ltr'>scilicet</span> <span class='ocrx_word' id='word_1_869' title='bbox 2380 4732 2666 4802; x_wconf 85' lang='lat' dir='ltr'>Dominus</span> <span class='ocrx_word' id='word_1_870' title='bbox 2699 4732 2827 4787; x_wconf 82' lang='lat' dir='ltr'>:vel</span> <span class='ocrx_word' id='word_1_871' title='bbox 2860 4732 3089 4802; x_wconf 91' lang='lat' dir='ltr'>aliquid</span> <span class='ocrx_word' id='word_1_872' title='bbox 3117 4732 3484 4802; x_wconf 86' lang='lat' dir='ltr'>hujusmodi.</span> 
     </span>
    </p>
   </div>
   <div class='ocr_carea' id='block_1_115' title="bbox 2186 4800 3763 4875">
    <p class='ocr_par' dir='ltr' id='par_1_115' title="bbox 2186 4800 3763 4875">
     <span class='ocr_line' id='line_1_116' title="bbox 2186 4800 3763 4875; baseline -0.001 -18"><span class='ocrx_word' id='word_1_873' title='bbox 2186 4803 2335 4875; x_wconf 77' lang='lat'>(70)_</span> <span class='ocrx_word' id='word_1_874' title='bbox 2373 4800 2826 4875; x_wconf 66' lang='lat' dir='ltr'>’A_1replamarog.</span> <span class='ocrx_word' id='word_1_875' title='bbox 2874 4800 3153 4875; x_wconf 75' lang='lat' dir='ltr'>Respicit</span> <span class='ocrx_word' id='word_1_876' title='bbox 3197 4800 3223 4857; x_wconf 83' lang='lat' dir='ltr'>l</span> <span class='ocrx_word' id='word_1_877' title='bbox 3282 4803 3411 4858; x_wconf 90' lang='lat' dir='ltr'>Cor.</span> <span class='ocrx_word' id='word_1_878' title='bbox 3464 4820 3603 4875; x_wconf 62' lang='grc' dir='ltr'>ναι,⁸</span> <span class='ocrx_word' id='word_1_879' title='bbox 3640 4803 3703 4857; x_wconf 85' lang='lat'><strong>35</strong></span> <span class='ocrx_word' id='word_1_880' title='bbox 3751 4815 3763 4853; x_wconf 91' lang='lat'><strong>:</strong></span> 
     </span>
    </p>
   </div>
   <div class='ocr_carea' id='block_1_116' title="bbox 2116 4869 3762 4963">
    <p class='ocr_par' dir='ltr' id='par_1_116' title="bbox 2116 4869 3762 4963">
     <span class='ocr_line' id='line_1_117' title="bbox 2116 4869 3762 4963; baseline -0.004 -32"><span class='ocrx_word' id='word_1_881' title='bbox 2116 4869 2258 4963; x_wconf 63' lang='grc' dir='ltr'>Πρρς</span> <span class='ocrx_word' id='word_1_882' title='bbox 2288 4869 2350 4928; x_wconf 80' lang='grc' dir='ltr'>τὸ</span> <span class='ocrx_word' id='word_1_883' title='bbox 2383 4869 2665 4948; x_wconf 68' lang='grc' dir='ltr'>εὔσχημον</span> <span class='ocrx_word' id='word_1_884' title='bbox 2714 4873 2804 4928; x_wconf 87' lang='grc' dir='ltr'>καὶ</span> <span class='ocrx_word' id='word_1_885' title='bbox 2834 4869 3197 4947; x_wconf 74' lang='grc' dir='ltr'>εύπρόσεδρον</span> <span class='ocrx_word' id='word_1_886' title='bbox 3238 4877 3319 4944; x_wconf 81' lang='grc' dir='ltr'>τῷ</span> <span class='ocrx_word' id='word_1_887' title='bbox 3360 4873 3547 4949; x_wconf 84' lang='grc' dir='ltr'>Κυρίῳ</span> <span class='ocrx_word' id='word_1_888' title='bbox 3578 4871 3762 4946; x_wconf 80' lang='grc' dir='ltr'>ἀπερι-</span> 
     </span>
    </p>
   </div>
   <div class='ocr_carea' id='block_1_117' title="bbox 2114 4966 2388 5006">
    <p class='ocr_par' dir='ltr' id='par_1_117' title="bbox 2114 4966 2388 5006">
     <span class='ocr_line' id='line_1_118' title="bbox 2114 4966 2388 5006; baseline -0.004 -6"><span class='ocrx_word' id='word_1_889' title='bbox 2114 4966 2388 5006; x_wconf 86' lang='grc' dir='ltr'>σπαστως.</span> 
     </span>
    </p>
   </div>
   <div class='ocr_carea' id='block_1_118' title="bbox 2209 5014 3289 5088">
    <p class='ocr_par' dir='ltr' id='par_1_118' title="bbox 2209 5014 3289 5088">
     <span class='ocr_line' id='line_1_119' title="bbox 2209 5014 3289 5088; baseline -0.002 -16"><span class='ocrx_word' id='word_1_890' title='bbox 2209 5020 2298 5087; x_wconf 82' lang='grc' dir='ltr'>Ἠ)</span> <span class='ocrx_word' id='word_1_891' title='bbox 2323 5014 2589 5088; x_wconf 89' lang='grc' dir='ltr'>Συζυγίαν</span> <span class='ocrx_word' id='word_1_892' title='bbox 2620 5016 2836 5086; x_wconf 81' lang='grc' dir='ltr'>κοίτης.</span> <span class='ocrx_word' id='word_1_893' title='bbox 2866 5017 3042 5072; x_wconf 84' lang='lat' dir='ltr'>Levit.</span> <span class='ocrx_word' id='word_1_894' title='bbox 3076 5033 3167 5079; x_wconf 78' lang='lat' dir='ltr'>xv.</span> <span class='ocrx_word' id='word_1_895' title='bbox 3202 5018 3289 5070; x_wconf 82' lang='grc'>18.</span> 
     </span>
    </p>
   </div>
   <div class='ocr_carea' id='block_1_119' title="bbox 2189 5086 3759 5161">
    <p class='ocr_par' dir='ltr' id='par_1_119' title="bbox 2189 5086 3759 5161">
     <span class='ocr_line' id='line_1_120' title="bbox 2189 5086 3759 5161; baseline -0.001 -19"><span class='ocrx_word' id='word_1_896' title='bbox 2189 5086 2300 5161; x_wconf 79' lang='grc'>(72)</span> <span class='ocrx_word' id='word_1_897' title='bbox 2324 5086 2565 5160; x_wconf 72' lang='grc' dir='ltr'>Τηρήσῃ.</span> <span class='ocrx_word' id='word_1_898' title='bbox 2594 5089 2826 5161; x_wconf 74' lang='grc' dir='ltr'>Τηρήσῃ</span> <span class='ocrx_word' id='word_1_899' title='bbox 2882 5088 3022 5143; x_wconf 92' lang='lat' dir='ltr'>ferri</span> <span class='ocrx_word' id='word_1_900' title='bbox 3058 5092 3268 5161; x_wconf 72' lang='lat' dir='ltr'>potest,</span> <span class='ocrx_word' id='word_1_901' title='bbox 3305 5086 3353 5141; x_wconf 90' lang='lat' dir='ltr'>si</span> <span class='ocrx_word' id='word_1_902' title='bbox 3400 5087 3533 5161; x_wconf 75' lang='lat' dir='ltr'>quis</span> <span class='ocrx_word' id='word_1_903' title='bbox 3568 5092 3759 5141; x_wconf 90' lang='lat' dir='ltr'>tamen</span> 
     </span>
    </p>
   </div>
   <div class='ocr_carea' id='block_1_120' title="bbox 2117 5158 3692 5233">
    <p class='ocr_par' dir='ltr' id='par_1_120' title="bbox 2117 5158 3692 5233">
     <span class='ocr_line' id='line_1_121' title="bbox 2117 5158 3692 5233; baseline -0.002 -18"><span class='ocrx_word' id='word_1_904' title='bbox 2117 5158 2434 5216; x_wconf 85' lang='lat' dir='ltr'>indicative</span> <span class='ocrx_word' id='word_1_905' title='bbox 2463 5158 2695 5233; x_wconf 64' lang='grc' dir='ltr'>τηρήσει</span> <span class='ocrx_word' id='word_1_906' title='bbox 2726 5158 2915 5233; x_wconf 83' lang='lat' dir='ltr'>malit,</span> <span class='ocrx_word' id='word_1_907' title='bbox 2950 5158 3073 5233; x_wconf 13' lang='lat' dir='ltr'>per,</span> <span class='ocrx_word' id='word_1_908' title='bbox 3106 5174 3201 5233; x_wconf 73' lang='lat' dir='ltr'>me</span> <span class='ocrx_word' id='word_1_909' title='bbox 3234 5158 3390 5233; x_wconf 77' lang='lat' dir='ltr'>licet.</span> <span class='ocrx_word' id='word_1_910' title='bbox 3428 5160 3692 5213; x_wconf 82' lang='lat' dir='ltr'>SYLBL&#39;RG.</span> 
     </span>
    </p>
   </div>
   <div class='ocr_carea' id='block_1_121' title="bbox 2188 5229 3763 5312">
    <p class='ocr_par' dir='ltr' id='par_1_121' title="bbox 2188 5229 3763 5312">
     <span class='ocr_line' id='line_1_122' title="bbox 2188 5229 3763 5312; baseline -0.004 -26"><span class='ocrx_word' id='word_1_911' title='bbox 2188 5234 2298 5312; x_wconf 71' lang='lat'>(73)</span> <span class='ocrx_word' id='word_1_912' title='bbox 2362 5229 2747 5312; x_wconf 64' lang='grc' dir='ltr'>Ιινευυατικός.</span> <span class='ocrx_word' id='word_1_913' title='bbox 2806 5253 2834 5281; x_wconf 79' lang='lat'><strong>«</strong></span> <span class='ocrx_word' id='word_1_914' title='bbox 2883 5229 3213 5312; x_wconf 80' lang='lat' dir='ltr'>spiritalis,</span> <span class='ocrx_word' id='word_1_915' title='bbox 3270 5229 3471 5312; x_wconf 81' lang='lat' dir='ltr'>»_boc</span> <span class='ocrx_word' id='word_1_916' title='bbox 3529 5234 3635 5312; x_wconf 75' lang='lat' dir='ltr'>est.</span> <span class='ocrx_word' id='word_1_917' title='bbox 3696 5243 3763 5281; x_wconf 81' lang='lat' dir='ltr'>ex</span> 
     </span>
    </p>
   </div>
   <div class='ocr_carea' id='block_1_122' title="bbox 2119 5298 3765 5375">
    <p class='ocr_par' dir='ltr' id='par_1_122' title="bbox 2119 5298 3765 5375">
     <span class='ocr_line' id='line_1_123' title="bbox 2119 5298 3765 5375; baseline -0.004 -17"><span class='ocrx_word' id='word_1_918' title='bbox 2119 5298 2610 5375; x_wconf 84' lang='lat' dir='ltr'>interpretatione</span> <span class='ocrx_word' id='word_1_919' title='bbox 2653 5298 2996 5362; x_wconf 82' lang='lat' dir='ltr'>Clementis.</span> <span class='ocrx_word' id='word_1_920' title='bbox 3080 5302 3391 5375; x_wconf 70' lang='grc' dir='ltr'>γνωπικῶς</span> <span class='ocrx_word' id='word_1_921' title='bbox 3449 5298 3765 5375; x_wconf 78' lang='grc' dir='ltr'>νοούμενος,</span> 
     </span>
    </p>
   </div>
   <div class='ocr_carea' id='block_1_123' title="bbox 2128 5371 3768 5444">
    <p class='ocr_par' dir='ltr' id='par_1_123' title="bbox 2128 5371 3768 5444">
     <span class='ocr_line' id='line_1_124' title="bbox 2128 5371 3768 5444; baseline -0.004 -14"><span class='ocrx_word' id='word_1_922' title='bbox 2128 5398 2152 5427; x_wconf 78' lang='grc' dir='ltr'>ι</span> <span class='ocrx_word' id='word_1_923' title='bbox 2174 5371 2438 5444; x_wconf 81' lang='lat' dir='ltr'>gnostice</span> <span class='ocrx_word' id='word_1_924' title='bbox 2470 5398 2494 5425; x_wconf 76' lang='grc' dir='ltr'>»ι</span> <span class='ocrx_word' id='word_1_925' title='bbox 2530 5381 2588 5431; x_wconf 92' lang='lat' dir='ltr'>et</span> <span class='ocrx_word' id='word_1_926' title='bbox 2617 5375 2944 5431; x_wconf 91' lang='lat' dir='ltr'>secundum</span> <span class='ocrx_word' id='word_1_927' title='bbox 2971 5371 3286 5444; x_wconf 82' lang='lat' dir='ltr'>mysticum</span> <span class='ocrx_word' id='word_1_928' title='bbox 3320 5388 3636 5444; x_wconf 42' lang='lat' dir='ltr'>sensung</span> <span class='ocrx_word' id='word_1_929' title='bbox 3684 5371 3768 5424; x_wconf 85' lang='lat' dir='ltr'>in-</span> 
     </span>
    </p>
   </div>
   <div class='ocr_carea' id='block_1_124' title="bbox 2120 5438 3765 5518">
    <p class='ocr_par' dir='ltr' id='par_1_124' title="bbox 2120 5438 3765 5518">
     <span class='ocr_line' id='line_1_125' title="bbox 2120 5438 3765 5518; baseline -0.005 -17"><span class='ocrx_word' id='word_1_930' title='bbox 2120 5438 2415 5518; x_wconf 85' lang='lat' dir='ltr'>tellectus.</span> <span class='ocrx_word' id='word_1_931' title='bbox 2449 5470 2478 5518; x_wconf 62' lang='grc' dir='ltr'>η</span> <span class='ocrx_word' id='word_1_932' title='bbox 2505 5447 2766 5518; x_wconf 83' lang='lat' dir='ltr'>Respicit</span> <span class='ocrx_word' id='word_1_933' title='bbox 2807 5451 3004 5518; x_wconf 82' lang='lat' dir='ltr'>autem</span> <span class='ocrx_word' id='word_1_934' title='bbox 3019 5438 3221 5518; x_wconf 57' lang='lat' dir='ltr'>_&#39;Rom.</span> <span class='ocrx_word' id='word_1_935' title='bbox 3254 5460 3351 5510; x_wconf 82' lang='lat' dir='ltr'>vn,</span> <span class='ocrx_word' id='word_1_936' title='bbox 3384 5445 3481 5497; x_wconf 68' lang='lat'>14:</span> <span class='ocrx_word' id='word_1_937' title='bbox 3529 5438 3765 5513; x_wconf 75' lang='grc' dir='ltr'>Οἴδαμεν</span> 
     </span>
    </p>
   </div>
   <div class='ocr_carea' id='block_1_125' title="bbox 2119 5512 3148 5592">
    <p class='ocr_par' dir='ltr' id='par_1_125' title="bbox 2119 5512 3148 5592">
     <span class='ocr_line' id='line_1_126' title="bbox 2119 5512 3148 5592; baseline 0 -21"><span class='ocrx_word' id='word_1_938' title='bbox 2119 5516 2221 5592; x_wconf 81' lang='grc' dir='ltr'>γὰρ</span> <span class='ocrx_word' id='word_1_939' title='bbox 2255 5515 2337 5572; x_wconf 76' lang='grc' dir='ltr'>ὅτι</span> <span class='ocrx_word' id='word_1_940' title='bbox 2362 5518 2390 5571; x_wconf 87' lang='lat'>6</span> <span class='ocrx_word' id='word_1_941' title='bbox 2421 5516 2593 5590; x_wconf 88' lang='grc' dir='ltr'>νόμος</span> <span class='ocrx_word' id='word_1_942' title='bbox 2622 5512 2988 5590; x_wconf 63' lang='grc' dir='ltr'>πνευματικός</span> <span class='ocrx_word' id='word_1_943' title='bbox 3014 5512 3148 5571; x_wconf 76' lang='grc' dir='ltr'>ἐστι.</span> 
     </span>
    </p>
   </div>
  </div>
