4034 6148
337 297 479 352 1185

1666 293 2114 352 STROMATUM
2152 293 2288 348 LIB.
2329 294 2428 347 ῙῙῙ.

3613 293 3751 348 1186

327 424 495 495 ἡμεῖς
520 417 585 474 δ”
621 442 651 472 ‹‹
680 419 1190 492 ἐθανατώθημεντῷ
1221 420 1374 492 νόμῳ
1392 417 1480 474 διὰ
1495 423 1592 474 τοῦ
1623 415 1984 490 σώματοςτοῦ

2108 432 2241 470 num
2265 420 2464 472 autem
2497 420 2605 482 est,
2660 413 2816 485 quod
2851 419 2940 469 est
2989 431 3059 470 ex
3118 417 3387 482 Domino,
3444 418 3754 474 matrimo-

328 512 562 587 Χριστοῦ
594 508 671 573 είς
699 509 763 563 τὸ
793 510 1039 583 γενεσθαι
1090 511 1238 579 ἡμᾶς
1288 508 1480 584 ἐτὲρῳ,
1536 513 1614 580 τῷ
1665 508 1725 562 ἐκ
1781 511 1986 580 νεκρῶν

333 599 629 676 ἐγερθέντι,
692 623 720 650 ››
802 604 881 668 τῷ
958 600 1061 654 ὑπὸ
1136 603 1232 654 τοῦ
1290 599 1464 671 νόμου
1539 598 1990 675 προφητευθὲντι,

343 711 364 738 ι
392 688 486 744 τίνα
513 689 1026 766 καρποφορήσωμεν
1079 693 1159 760 τῷ
1217 692 1350 758 Θεῷ.
1389 712 1414 740 ‹‹
1447 689 1539 742 Διὸ
1573 713 1599 738 ι(
1634 688 1661 742 6
1688 687 1782 760 μὲν
1825 687 1995 757 νόμος

337 781 512 855 ἅγιος,
568 779 661 832 καὶ
711 780 745 831 ’ίκ
809 776 1004 845 ἐντολή
1091 777 1234 852 ἁγία,
1293 777 1383 832 καὶ
1454 776 1658 847 δικαία,
1715 777 1806 830 καὶ
1863 777 1996 849 ἁγα-

336 871 426 938 θή.
487 893 512 920 ι
566 866 1017 938 Ἐθανατώθημεν
1079 867 1169 920 οὗν
1241 871 1319 938 τῷ
1403 867 1581 938 νόμῳ,
1631 866 1875 920 τουτέστι
1925 864 1992 934 τῇ

341 958 446 1012 ὑπὸ
520 961 616 1010 τοῦ
671 956 848 1028 νόμου
919 954 1236 1030 δηλουμένη
1320 955 1577 1028 ἁμαρτίᾳ·
1657 956 1722 1025 ἣν
1785 952 1998 1007 δείκνυ-

337 1067 419 1100 σιν
452 1049 590 1117 (74),
620 1044 682 1099 οὐ
713 1048 872 1118 γεννᾷ
904 1046 931 1097 6
961 1045 1157 1116 νόμος,
1191 1042 1280 1098 διὰ
1335 1051 1437 1113 τῆς
1487 1047 1834 1117 προστάξεως

332 1139 441 1190 τῶν
471 1129 769 1202 ποιητέων,
801 1132 890 1186 καὶ
918 1132 1340 1207 ἀπαγορεύσεως
1397 1137 1506 1186 τῶν
1566 1131 1628 1186 ού
1695 1130 1993 1199 ποιητέων,

334 1221 581 1296 ἐλέγχων
610 1222 708 1288 τήν
745 1221 1106 1293 ὑποκειμένην
1129 1221 1420 1294 ἁμαρτίαν,
1452 1245 1478 1272 ‹‹
1517 1218 1608 1274 ’ίνα
1636 1223 1778 1294 φανῇ
1814 1219 1996 1289 ἁμαρ-

333 1311 444 1367 τία.
471 1333 497 1361 n
534 1310 598 1365 Ei!
625 1307 683 1364 δὲ
707 1309 947 1384 ἁμαρτία
995 1311 1175 1384 γάμος
1205 1310 1232 1363 6
1282 1311 1420 1365 κατά
1473 1310 1667 1382 νόμον,
1728 1307 1827 1362 οὐκ
1877 1301 1996 1360 οἶδα

336 1405 455 1461 πῶς
481 1421 564 1460 τις
594 1398 707 1475 ἐρεῖ
736 1400 862 1453 Θεὸν
899 1399 1215 1473 ἐγνωκέναι,
1250 1397 1422 1474 λέγων
1453 1401 1516 1454 τὸ
1546 1399 1872 1473 πρόσταγμα
1898 1398 1995 1449 τοῦ

343 1494 480 1544 Θεοῦ
510 1487 776 1562 ἁμαρτίαν
814 1487 969 1541 εἶναι·
998 1512 1024 1538 ‹‹
1059 1491 1216 1564 ἁγίου
1250 1513 1277 1539 ››
1302 1488 1359 1544 δὲ
1390 1486 1546 1551 ὄντος
1577 1486 1673 1544 τοῦ
1702 1512 1729 1538 ‹‹
1762 1488 1994 1559 νόμου,››

341 1580 492 1652 ἅγιος
526 1577 554 1632 6
584 1575 782 1652 γάμος.
810 1577 884 1632 Τὸ
921 1579 1220 1650 μυστήριον
1255 1583 1366 1652 (76)
1397 1578 1575 1633 τοίνυν
1604 1579 1766 1632 τοῦτο
1799 1574 1874 1639 εἰς
1900 1574 1994 1628 τὸν

2089 506 2294 576 ‘nium,
2327 523 2463 559 cum
2512 505 2671 559 idem
2703 505 2857 558 Deus
2889 510 3151 559 servetur
3183 523 3216 559 a
3245 506 3416 560 nobis
3449 506 3475 560 ?
3510 531 3528 554 ι
3568 510 3693 562 Non
3727 528 3757 559 »

2106 594 2265 648 enim
2295 616 2322 643 (ι
2356 594 2513 664 quod
2536 600 2691 648 Deus
2724 593 3054 664 conjunxit,
3079 593 3253 647 homo
3274 617 3292 641 ι
3319 596 3456 647 Jure
3487 618 3513 644 «
3550 596 3766 651 dissol-

2103 685 2369 751 verit-1a);
2396 708 2416 735 ι
2447 684 2633 737 multo
2656 690 2850 738 autem
2881 683 3064 754 magis
3078 700 3208 752 qum
3232 682 3415 753 jussit
3436 685 3765 751 Pater,ser-

2104 773 2262 826 vabit
2293 789 2529 842 quoque
2561 772 2763 826 Filius.
2794 773 2850 826 Si
2883 778 3082 826 autem
3142 772 3300 826 idem
3355 773 3534 826 simul
3565 781 3655 827 est
3709 779 3767 828 et

2105 862 2408 933 legislator
2432 867 2489 914 et
2519 862 2896 933 evangelista,
2921 877 3228 931 nunquam
3263 861 3390 930 ipse
3421 877 3621 915 secum
3651 880 3759 933 pu-

2104 955 2262 1023 gnat.
2302 951 2449 1002 Vivit
2478 950 2637 1003 enim
2666 950 2781 1016 lex,
2840 967 2975 1004 cum
3022 951 3099 1004 sit
3153 950 3458 1020 spiritalis,
3511 956 3570 1004 et
3623 968 3764 1023 gno-

2106 1041 2249 1094 stice
2282 1040 2650 1112 intelligatur
2674 1056 2811 1092 :nos
2833 1045 3032 1093 autem
3058 1039 3318 1092 «mortui
3341 1059 3367 1090 ι
3388 1057 3592 1094 sumus
3613 1041 3761 1113 «legi

2105 1149 2211 1202 per
2240 1148 2453 1202 corpus
2483 1131 2721 1198 Christi,
2773 1137 2837 1184 ut
2864 1131 3241 1202 gigneremur
3270 1131 3464 1198 alteri,
3522 1133 3621 1201 qui
3681 1149 3761 1188 re-

2106 1221 2362 1274 surrexit
2391 1237 2461 1274 ex
2493 1220 2909 1290 mortuis,»qui
2943 1219 3260 1290 praedictus
3281 1219 3393 1273 fuit
3423 1235 3458 1274 a
3487 1220 3673 1292 lege,«
3699 1225 3764 1275 ut

2105 1313 2223 1366 Deo
2255 1311 2750 1366 fructiﬁcaremus
2790 1312 2892 1381 (ὁ).
2926 1333 2953 1360 ››
2977 1313 3166 1376 Quare
3193 1332 3220 1356 ιτ
3274 1311 3368 1366 lex
3399 1311 3642 1382 quidem
3677 1317 3766 1367 est

2107 1407 2330 1468 sancta,
2366 1407 2424 1454 et
2471 1402 2818 1456 mandatum
2861 1407 3153 1467 sanctum,
3188 1401 3519 1472 etjustum,
3555 1407 3612 1455 et
3658 1401 3764 1456 bo-

2105 1507 2249 1544 num
2277 1492 2368 1561 (0).
2403 1513 2421 1538 -
2450 1492 2659 1545 Mortui
2693 1507 2796 1562 ego
2827 1507 3031 1545 sumus
3064 1490 3318 1561 legi,hoc
3351 1496 3458 1554 est,
3497 1496 3760 1561 peccato,

2107 1581 2266 1650 quod
2295 1597 2328 1635 a
2359 1580 2484 1652 lege
2517 1581 2906 1652 signiﬁcatur,
2932 1580 3091 1650 quod
3125 1579 3532 1647 ostendit,non
3564 1586 3763 1634 autem

337 1665 567 1740 Χριστὸν
598 1665 686 1719 καὶ
715 1667 814 1734 τὴν
856 1664 1181 1736 Ἐκκλησίαν
1237 1667 1354 1741 ἄγει
1401 1668 1428 1720 6
1484 1665 1844 1725 Ἀπόστολος·
1895 1683 1994 1716 κα-

2108 1675 2349 1740 generat
2368 1670 2485 1736 lex,
2510 1687 2615 1740 per
2632 1669 2968 1740 jussionem
2993 1686 3197 1724 eorum
3232 1686 3362 1739 qua}
3381 1675 3519 1723 sunt
3539 1669 3762 1724 facien-

337 1755 504 1828 θάπερ
533 1777 560 1806 ιι
583 1754 646 1808 τὸ
672 1754 1014 1828 γεννώμενον
1047 1756 1161 1827 (77)
1195 1753 1255 1808 ἐκ
1281 1757 1378 1823 τῆς
1409 1755 1604 1828 σαρκὸς
1664 1755 1791 1824 σάρξ
1823 1753 1988 1823 ἐστιν,

2108 1757 2194 1821 da,
2228 1763 2285 1811 et
2312 1758 2778 1829 prohibitionem
2832 1774 3036 1812 eorum
3097 1775 3226 1828 qua)
3285 1774 3405 1812 non
3438 1757 3710 1812 facienda
3745 1774 3760 1823 ;

343 1843 486 1898 οὕτω
517 1843 579 1896 τὸ
612 1841 672 1897 ἐκ
694 1842 1002 1915 πνεύματος
1061 1847 1293 1916 πνεῦμα,
1359 1844 1421 1898 οὐ
1485 1843 1652 1916 μόνον
1709 1847 1815 1915 (78)
1864 1842 2000 1897 κατὰ

340 1934 440 2000 τήν
466 1931 792 2002 ἀποκύησιν,
823 1929 1086 1986 ἀλλὰκαὶ
1135 1933 1270 1986 κατᾶ
1324 1933 1422 2001 τὴν
1487 1934 1739 2004 μάθησιν.
1796 1931 1999 1987 Αὐτίκα

340 2045 368 2072 ι(
398 2021 524 2094 ἅγια
543 2021 613 2075 τὰ
640 2020 822 2074 τὲκνα”
861 2044 888 2072 ››
921 2022 976 2074 αἱ
1032 2021 1412 2095 εὖαρεστήσεις
1470 2027 1550 2093 τῷ
1592 2027 1708 2092 Θεῷ
1753 2026 1860 2075 τῶν
1895 2028 2002 2074 Κυ-

338 2114 542 2184 ριακῶν
628 2110 832 2184 λόγων,
891 2111 1312 2186 νυμφευσάντων
1358 2112 1455 2180 τήν
1505 2113 1714 2184 ψυχήν.
1767 2110 2002 2185 Πορνεία

340 2203 470 2272 γοῦν
522 2199 606 2253 καὶ
669 2200 847 2272 γάμος
897 2199 1253 2273 κεχώρισται·
1301 2197 1415 2253 ἐπεὶ
1471 2199 1676 2271 μακρὰν
1735 2197 2002 2276 ἀφέστηκε

343 2289 440 2339 τοῦ
472 2288 605 2339 Θεοῦ
654 2286 681 2338 6
715 2280 996 2346 διάϐολος.
1034 2308 1062 2336 ‹‹
1116 2285 1220 2341 Καὶ
1285 2287 1440 2357 ὑμεῖς
1492 2283 1582 2339 οῦν
1629 2284 2003 2354 ἐθανατώθητε

340 2379 420 2446 τῷ
452 2375 627 2448 νόμῳ,
683 2373 770 2428 διὰ
817 2378 918 2429 τοῦ
978 2374 1234 2447 σώματος
1280 2380 1377 2430 τοῦ
1418 2376 1678 2450 Χριστοῦ,
1711 2375 1787 2438 εἷς
1816 2376 1876 2428 τὸ
1907 2395 2002 2448 γε-

339 2465 518 2527 νέσθαι
555 2465 693 2537 ὑμᾶς
728 2462 917 2537 ἐτὲρῳ,
967 2469 1048 2536 τῷ
1105 2464 1164 2519 ἐκ
1220 2469 1423 2539 νεκρῶν
1461 2464 1754 2540 ἐγερθέντι.
1796 2489 1820 2516 ››
1859 2471 2000 2518 Συν-

348 2551 659 2625 εξακούεται
713 2554 814 2628 γὰρ
901 2557 1214 2628 προσεχῶς,
1299 2554 1578 2622 ὑπηκόους
1641 2552 1998 2628 γενομένους·

346 2640 464 2696 ἐπεὶ
524 2642 616 2696 καὶ
661 2641 796 2695 κατὰ
878 2643 978 2710 τήν
1035 2640 1295 2712 ἀληθειαν
1352 2645 1448 2695 τοῦ
1506 2642 1682 2713 νόμου
1747 2645 1857 2710 179)
1923 2644 2002 2710 τῷ

343 2731 494 2801 αύτῷ
556 2731 742 2804 Κυρίῳ
801 2728 1168 2800 ὑπακούομεν,
1229 2729 1506 2803 πόρῥωθεν
1569 2729 2000 2801 (80)’παρακε-

347 2820 649 2888 λευομὲνῳ,
685 2817 787 2871 Καὶ
826 2818 958 2887 μήτι
991 2817 1076 2869 ἐπὶ
1137 2813 1242 2870 τῶν
1279 2815 1546 2869 τοιούτων
1582 2815 1804 2876 εἶκότως
1863 2840 1890 2864 ‹‹
1940 2816 2002 2868 τὸ

349 2908 566 2976 Πνεῦμα
599 2901 843 2975 ἄντικρυς
878 2905 989 2976 (81)
1023 2901 1192 2976 λέγει,
1254 2903 1336 2956 ὅτι
1377 2901 1428 2956 ἐν
1489 2903 1730 2978 ὑστέροις
1788 2906 2001 2974 καιροῖς

347 2992 743 3062 ἀποστήσονταί
780 3012 921 3051 τινες
979 2998 1078 3058 τῆς
1135 2991 1391 3057 πίστεως,
1445 2991 1810 3067 προσέχοντες
1841 2991 2003 3046 πνεύ-

2104 1845 2548 1917 reprehendens
2581 1846 2915 1917 subjectum
2946 1851 3279 1916 peccatum,
3313 1868 3339 1894 α
3369 1851 3434 1900 ut
3481 1851 3766 1916 appareat

2105 1942 2433 2006 peccatum.
2472 1957 2497 1981 ››
2515 1935 2571 1988 Si
2603 1941 2800 1988 autern
2834 1941 3142 2005 peccatum
3176 1940 3264 1988 est
3287 1935 3761 1988 matrimonium.

2107 2024 2262 2094 quod
2296 2023 2622 2078 secundum
2656 2023 2844 2094 legem
2870 2023 3283 2089 initur,nescio
3317 2023 3615 2093 quomodo
3632 2023 3765 2094 quis

2107 2113 2262 2167 dicet
2291 2129 2352 2167 se
2383 2113 2568 2167 Deum
2592 2129 2790 2178 nosse,
2824 2112 3030 2166 dicens
3056 2112 3156 2165 Dei
3187 2113 3424 2166 Jussum
3473 2129 3603 2166 esse
3634 2128 3769 2183 pec-

2106 2208 2324 2256 catum.
2353 2201 2517 2265 Quod
2541 2201 2588 2254 si
2617 2222 2643 2248 ‹‹
2679 2201 2770 2254 lex
2793 2206 2999 2254 sancta
3032 2222 3058 2248 ››
3091 2205 3198 2263 est,
3234 2206 3506 2254 sanctum
3532 2205 3621 2256 est
3636 2195 3764 2256 ma?

2106 2292 2477 2346 trimonium.
2539 2291 2881 2360 Mysterium
2915 2306 3050 2360 ergo
3085 2291 3194 2342 hoc
3235 2289 3308 2343 ad
3340 2290 3638 2343 Christum
3709 2293 3768 2344 et

2105 2381 2430 2434 Ecclesiam
2463 2378 2628 2432 ducit
2658 2377 2976 2447 Apostolus
3000 2393 3012 2430 :
3039 2377 3578 2447 quemadmodum«
3605 2378 3765 2447 quod

2107 2486 2178 2523 ex
2209 2483 2387 2523 carne
2422 2472 2758 2538 generatur,
2787 2482 2924 2520 caro
2957 2471 3075 2530 est;
3107 2466 3189 2519 ita
3230 2464 3386 2534 quod
3429 2482 3496 2519 ex
3530 2465 3764 2536 spiritu,

2109 2557 2372 2626 spiritus,
2407 2555 2489 2625 (ἀ)
2521 2575 2548 2602 ››
2581 2570 2699 2607 non
2731 2553 2924 2607 solum
2958 2554 3016 2606 in
3049 2553 3469 2623 pariendo,sed
3495 2555 3672 2608 etiam
3704 2554 3766 2608 in

2109 2643 2409 2698 discendo.
2443 2643 2568 2696 Jam
2592 2664 2618 2690 ‹‹
2671 2642 2858 2695 sancti
2919 2646 3062 2696 sunt
3110 2641 3218 2695 ﬁlii
3251 2645 3342 2711 (θ),
3375 2664 3403 2691 ››
3439 2644 3556 2697 Deo
3587 2648 3765 2714 grata;

2109 2731 2535 2786 oblectationes
2585 2729 2899 2784 verborum
2961 2729 3424 2798 Dominicorum,
3481 2747 3612 2800 quae
3665 2731 3768 2786 de-

2109 2819 2482 2890 sponderunt
2510 2818 2771 2872 animam
2811 2819 2960 2872 Sunt
2990 2834 3126 2890 ergo
3155 2824 3426 2888 separata
3449 2817 3764 2874 fornicatio

2109 2915 2168 2963 et
2195 2907 2666 2974 matrimonium,
2702 2907 2984 2978 quoniam
3017 2923 3051 2962 a
3074 2908 3190 2961 Deo
3236 2907 3408 2979 longe
3436 2907 3603 2963 abest
3634 2909 3764 2963 dia-

2107 2997 2301 3051 bolus.
2329 3019 2354 3046 ‹‹
2389 2997 2458 3049 Ει
2478 3013 2577 3051 vos
2601 3013 2734 3067 ergo
2766 2996 2982 3050 mortui
3017 2997 3160 3050 estis
3219 2995 3332 3068 legi
3391 3013 3496 3067 per
3552 3013 3767 3068 corpus

345 3100 474 3153 μασι
512 3077 745 3150 πλάνης,
777 3079 867 3134 καὶ
897 3075 1272 3141 διδασκαλίαις
1331 3077 1634 3151 δαιμονίων
1663 3080 1714 3133 ἐν
1768 3080 1994 3156 ὑποκρί-

2111 3085 2348 3150 Christi,
2385 3091 2451 3139 ut
2480 3102 2580 3139 vos
2612 3084 3004 3156 gigneremini
3036 3085 3228 3153 alteri,
3265 3085 3365 3156 qui
3422 3088 3679 3141 surrexit
3735 3102 3770 3141 a

341 3189 420 3222 σει
475 3166 852 3243 ψευδολόγων,
911 3170 1459 3241 κεκαυτηριασμὲνων
1516 3170 1615 3238 τήν
1663 3166 1992 3238 συνείδησιν,

341 3257 434 3312 καὶ
465 3255 795 3312 κωλυόντων
847 3263 1067 3333 γαμεῖν,
1123 3258 1424 3332 ἀπέχεσθαι
1488 3259 1817 3332 βρωμάτων,
1878 3257 1910 3312 ἄ
1967 3259 1995 3312 6

340 3347 472 3410 Θεὸς
521 3343 724 3401 ἔκτισεν
785 3346 859 3408 εἷς
922 3347 1228 3420 μετάληψιν
1290 3348 1405 3420 μετ’
1471 3347 1822 3422 εὐχαριστίας
1879 3352 1996 3410 τοῖς

340 3435 580 3505 πιστοῖς,
612 3436 702 3490 καὶ
732 3436 1067 3510 ἐπεγνωκόσι
1095 3437 1194 3504 τήν
1224 3434 1504 3504 ἀλήθειαν,
1538 3436 1620 3490 ὅτι
1660 3442 1762 3491 πᾶν
1796 3436 1998 3509 κτίσμα

337 3529 471 3578 Θεοῦ
501 3523 694 3592 καλὸν,
753 3525 843 3579 καὶ
907 3522 1060 3578 οὐδὲν
1110 3520 1428 3594 ἀπόϐλητον
1481 3525 1594 3597 μετ’
1652 3525 2000 3599 εὐχαριστίας

341 3607 786 3686 λαμϐανόμενον·
841 3613 1114 3687 ἁγιάζεται
1189 3615 1290 3686 γὰρ
1351 3612 1440 3668 διὰ
1498 3613 1662 3690 Λόγου
1723 3619 1855 3668 Θεοῦ
1908 3614 1998 3668 καὶ

340 3700 648 3772 ἐντεύξεως.
686 3726 713 3752 ››
760 3702 1086 3775 Ἐπάναγιιες
1150 3703 1242 3774 μὲν
1306 3701 1396 3756 οὖν
1453 3702 1514 3756 οὐ
1569 3703 1844 3757 κωλυτὲον
1899 3704 1997 3778 γά-

343 3796 487 3862 μεῖν,
521 3789 645 3844 οὐδὲ
675 3791 783 3862 μὴν
816 3796 1175 3867 κρεωφαγεῖν,
1209 3790 1243 3859 ἢ
1305 3791 1633 3846 οἰνοποτεῖψ
1697 3793 2002 3866 γέγραπται

337 3877 462 3954 γάρ’
502 3905 527 3932 ιι
563 3879 741 3936 Καλὸν
771 3882 834 3934 τὸ
870 3881 946 3954 μὴ
982 3887 1173 3958 φαγεῖν
1214 3881 1364 3954 κρὲα,
1432 3878 1574 3953 μηδὲ
1604 3880 1775 3934 πίνειν
1829 3883 1998 3951 οἶνον,

342 3968 430 4022 ἐὰν
465 3967 555 4023 διὰ
586 3969 1013 4045 προσκόμματος
1046 3969 1215 4042 ἐσθίῃ·
1250 3992 1276 4019 ››
1329 3971 1438 4023 καί·
1476 3993 1504 4020 ‹‹
1561 3969 1735 4024 Καλὸν
1801 3971 2000 4044 μένειν,

343 4057 417 4118 ὡς
449 4057 622 4131 κάγώ’
658 4081 686 4108 ›)
719 4056 846 4112 ἀλλ’
905 4060 934 4112 6'
989 4079 1048 4113 τε
1108 4059 1394 4133 χρώμενος
1457 4061 1576 4130 μετ’
1630 4058 1998 4133 εὐχαροιτίας,

341 4142 451 4198 ὅτε
481 4143 546 4198 αὖ
609 4147 682 4217 μὴ
732 4148 1043 4220 χρώμενος,
1096 4144 1184 4200 καί
1234 4145 1394 4207 αὐτὸς
1455 4148 1572 4218 μετ’
1627 4146 1998 4221 εὐχαριστίας,

2108 3175 2492 3245 ῙΠΟΓιυὶδ(Ῑ“).ι
2523 3174 2920 3229 Simulautem
2939 3176 3204 3244 proxime
3229 3176 3560 3242 exauditur,
3579 3177 3768 3231 sifue-

2108 3267 2245 3321 ritis
2276 3264 2623 3319 obedientes
2646 3281 2658 3316 :
2683 3263 3170 3334 quandoquidem
3213 3266 3393 3320 etiam
3424 3282 3491 3319 ex
3524 3267 3768 3320 veritate

2110 3355 2258 3427 legis
2289 3353 2480 3408 eidem
2503 3353 2752 3407 Domino
2783 3353 3116 3420 obedimus,
3143 3355 3242 3424 qui
3302 3355 3573 3426 przecipit
3621 3356 3772 3409 emi-

2111 3460 2245 3498 nus.
2275 3442 2339 3505 ›ι‹
2381 3441 2657 3512 Nunquid
2707 3446 2902 3495 autem
2957 3441 3028 3495 de
3090 3441 3381 3511 ejusmodi
3427 3443 3771 3496 hominibus

2109 3534 2320 3588 merito
2349 3538 2550 3603 aperte
2577 3555 2603 3582 ιι
2635 3532 2780 3586 dicit
2804 3531 3075 3601 Spiritus,
3110 3531 3270 3601 quod
3314 3533 3373 3585 in
3423 3533 3768 3602 posteriori-

2111 3622 2221 3676 bus
2254 3620 2619 3691 temporibus
2655 3619 2937 3674 deﬁcient
2958 3620 3200 3688 quidam
3226 3636 3260 3674 a
3290 3619 3426 3686 ﬁde,
3451 3619 3770 3674 attenden-

2111 3715 2200 3764 tes
2226 3709 2533 3779 spiritibus
2579 3709 2818 3769 erroris,
2882 3713 2940 3761 et
2989 3708 3274 3762 doctrinis
3314 3709 3767 3778 daemoniorum,

2113 3799 2172 3852 in
2217 3798 2515 3869 hypocrisi
2574 3796 3053 3866 falsiloquorum,
3103 3797 3490 3852 cauteriatam
3541 3797 3770 3852 haben-

2113 3887 2260 3940 tium
2287 3885 2806 3949 conscientiam,et
2837 3885 3284 3955 prohibentium
3315 3886 3563 3954 nubere,
3584 3887 3764 3941 absti-

2114 3991 2254 4028 nere
2286 3992 2319 4029 a
2350 3975 2517 4041 cibis,
2537 3991 2685 4044 quos
2715 3975 2868 4028 Deus
2899 3975 3116 4028 creavit
3141 3974 3215 4028 ad
3247 3975 3764 4045 participationem

2111 4081 2246 4118 cum
2278 4064 2602 4135 gratiarum
2627 4063 2859 4118 actione
2917 4063 3220 4130 fidelibus,
3254 4069 3312 4118 et
3365 4065 3464 4134 qui
3512 4080 3764 4135 agnove-

2113 4152 2598 4217 runtveritatem,
2651 4151 2812 4221 quod
2870 4151 3064 4206 omnis
3122 4158 3397 4206 creatura
3453 4153 3552 4206 Dei
3613 4153 3767 4208 bona

413 4272 499 4348 (ει)
533 4273 748 4348 Matth;
766 4290 883 4348 xi_x_,
899 4273 1072 4348 9,113)
1099 4275 1285 4348 Roma
1327 4276 1515 4348 vin}.
1548 4274 1644 4348 ,(ο)
1702 4274 1850 4348 Ibid.
1911 4275 1994 4333 12.

2108 4277 2140 4345 l)
2195 4278 2362 4332 Joan.
2427 4294 2512 4346 Ill,
2584 4278 2637 4343 6,
2671 4277 2734 4348 (ε)
2766 4277 2790 4330 I
2820 4277 2948 4331 Cor.
2994 4294 3094 4344 vn,
3131 4278 3219 4333 14.
3248 4281 3321 4347 (f)
3351 4280 3520 4334 Rom.
3556 4295 3649 4345 vn,
3708 4279 3761 4334 4.

344 4341 407 4406 ›χ‹
437 4345 498 4398 Ρ.
534 4346 636 4397 550
668 4344 779 4397 ED.
804 4341 1095 4415 POTTER,
1128 4346 1366 4398 462-463
1400 4346 1511 4399 ED.
1546 4346 1777 4401 PARIS.

411 4466 520 4536 174-)
547 4467 644 4520 ‘Hv
679 4462 965 4536 δείκνυσιν.
1001 4468 1166 4523 Conf.
1197 4471 1363 4524 Rom.
1395 4485 1490 4536 vn,
1518 4473 1570 4534 7,
1606 4471 1693 4524 l3.
1876 4517 1878 4519 .

414 4541 523 4632 (75)
564 4535 936 4632 [Ἱκροστάξεώς.
970 4540 1250 4632 Superius
1282 4541 1472 4632 legem
1520 4541 1821 4630 describit,
1885 4537 1985 4594 λόο

338 4630 434 4683 γον
493 4609 676 4686 ὀρθὸν,
737 4610 1133 4686 προστακτικὸν
1178 4613 1284 4686 ’μὲν
1335 4609 1409 4665 ὧν
1457 4611 1737 4680 ποιητέον,
1770 4612 1984 4686 ἀπαγο-

339 4677 584 4753 ρευτικὸν
634 4677 690 4733 δὲ
735 4677 821 4753 ,ὧν
881 4679 942 4734 ού
998 4677 1278 4748 ποιητέονο
1342 4706 1368 4733 ‹‹
1404 4677 1626 4738 rectam
1669 4677 1984 4750 ratione-In,

342 4752 472 4824 qua}
503 4752 774 4878 praecipit
804 4770 873 4807 ea
920 4769 1050 4823 quaa
1105 4755 1233 4808 fieri
1292 4761 1544 4826 oportet,
1604 4761 1661 4809 et
1717 4756 1992 4837 prohibet

342 4842 468 4878 num
522 4841 630 4878 ieri
662 4840 780 4878 non
815 4830 1066 4878 onortet.
1097 4848 1124 4876 »
1153 4828 1357 4878 Strom.
1403 4844 1439 4878 ι.
1501 4843 1632 4878 nan.
1672 4829 1790 4878 350.
1842 4826 1982 4878 edit.

337 4842 468 4950 qua;
503 4824 630 4878 ﬁeri
662 4840 780 4879 non
815 4830 1066 4895 oportet.
1097 4848 1124 4876 »
1153 4824 1357 4881 Strom'.
1403 4844 1439 4895 ι,
1501 4843 1632 4899 pag,
1672 4824 1790 4894 330,
1842 4826 1982 4882 edit.

385 4913 522 4950 aris.

385 4913 522 4952 al‘lS.

407 4968 518 5038 (76)
547 4965 619 5039 Τὸ
653 4967 973 5039 μυστήριον.
1008 4968 1269 5038 Respicit
1289 4969 1499 5039 Ephes.
1530 4987 1581 5028 v.
1610 4969 1700 5022 3‘2.

408 5041 518 5108 (77‘)
541 5038 610 5091 Τὸ
643 5038 1006 5112 γεννώμενον.
1043 5041 1302 5110 Respicit
1339 5038 1553 5094 Christi
1584 5041 1780 5109 verba,
1815 5043 1982 5097 Joan.

386 5127 422 5164 Ῑ.
458 5127 509 5164 0.

339 5113 511 5251 ΜΗΘ)
546 5179 623 5236 0-3
662 5179 848 5251 μόνον.
884 5181 1069 5234 Sensu
1126 5187 1234 5248 est,
1297 5181 1376 5248 id,
1423 5181 1581 5252 quod
1633 5183 1760 5251 jam
1838 5184 1987 5239 dixit

332 5260 558 5320 auctor,
591 5252 1046 5325 intelligendum
1069 5269 1218 5320 esse,
1250 5277 1276 5301 ‹‹
1306 5270 1427 5308 non
1455 5255 1648 5307 solum
1681 5255 1751 5308 de
1783 5254 1986 5311 liberis

333 5325 433 5394 qui
469 5342 537 5379 ex
567 5331 759 5396 partu,
788 5323 891 5396 sed
924 5323 1102 5378 etiam
1135 5325 1206 5380 de
1249 5326 1320 5379 iis
1352 5326 1450 5394 qui
1493 5342 1562 5379 ex
1590 5325 1862 5382 doctrina
1882 5345 1985 5383 na-

334 5395 598 5452 scuntur.
627 5395 879 5451 Proinde
902 5416 930 5443 «
955 5402 1192 5468 sanctos
1218 5422 1244 5446 ››
1272 5397 1488 5451 liberos
1525 5413 1651 5450 esse
1667 5414 1845 5468 opera
1871 5400 1985 5453 Deo

332 5475 515 5537 grata,
550 5486 680 5538 quze
733 5466 1086 5539 proveniunt
1138 5485 1208 5522 ex
1263 5469 1480 5531 anima,
1517 5466 1721 5537 quain
1754 5471 1986 5524 Domini

335 5537 638 5611 sermones
669 5537 1136 5610 desponderunt.
1162 5561 1187 5588 »ι
1204 5540 1467 5611 Respicit
1487 5546 1684 5594 autem
1709 5541 1861 5594 ICor
1889 5558 1982 5608 vn,

336 5609 418 5685 1:5,
453 5626 568 5679 quo
601 5611 728 5666 loco
761 5609 1025 5666 afﬁrmat
1054 5609 1393 5685 Apostolus,
1454 5617 1798 5685 sanctorum
1855 5611 1984 5685 ἅγια

333 5675 676 5754 εἶναι-τέκνα,
705 5703 735 5733 «
755 5686 994 5740 sanctos
1015 5675 1145 5736 esse
1174 5675 1431 5739 liberos:
1455 5702 1484 5731 ››
1516 5681 1675 5751 quod
1707 5675 1984 5741 Clemens

2017 4475 2064 4538 D
2097 4473 2170 4554 ad
2197 4474 2459 4554 animam
2486 4489 2592 4542 per
2607 4472 2906 4554 Evangelii
2939 4471 3272 4554 doctrinam
3299 4475 3415 4529 Deo
3434 4473 3762 4546 desponsa-

2099 4551 2217 4599 tam
2247 4545 2576 4616 applicans,
2611 4543 2763 4617 dicit
2777 4543 2906 4617 ejus
2922 4565 2950 4594 «
2979 4544 3200 4599 liberos
3226 4563 3240 4610 ;
3265 4564 3289 4596 ι
3318 4543 3759 4617 nempe'opera,

2098 4632 2225 4672 esse
2249 4638 2276 4664 «
2313 4621 2535 4686 sancta.
2572 4637 2599 4663 »
2636 4615 2892 4670 Proinde
2911 4632 3055 4686 qua)
3089 4621 3400 4686 sequntur,
3434 4615 3547 4670 hoc
3577 4615 3754 4672 modo

2098 4685 2516 4758 distinguenda
2592 4691 2730 4740 sunt
2784 4704 2796 4740 :
2852 4684 3055 4740 Λύτίκα
3114 4684 3241 4758 ἃγία
3299 4687 3363 4758 τά
3412 4687 3573 4741 τὲκνα
3607 4730 3621 4756 ,
3701 4688 3756 4742 αἱ

2097 4756 2472 4836 εύαρεστὴσεις
2504 4758 2582 4824 τῷ
2607 4827 2617 4836 ⁸
2641 4761 2776 4827 Θεῷ,
2809 4760 2917 4810 τῶν
2975 4756 3259 4830 Κυριακῶν
3299 4756 3483 4832 λόγων
3517 4779 3758 4836 νυμφευο

2099 4827 2303 4882 σάντων
2333 4829 2443 4900 τὴν
2465 4827 2674 4900 ψυχήν.

2171 4902 2280 4972 (79)
2319 4894 2926 4972 Κατὰτῆνᾷμάλή-θειαν
2964 4902 3056 4972 τοῦ
3113 4898 3309 4972 νόμου.
3359 4901 3451 4955 Sic
3507 4903 3548 4955 D
3609 4905 3756 4958 Pau-

2098 4967 2190 5047 lus
2224 4973 2325 5047 Gal
2383 4990 2441 5027 ιι.
2474 4973 2563 5047 ⁸14.
2597 4968 2712 5026 Οόκ
2761 4967 3152 5042 ὀρθοποδοῦσιν
3183 4967 3337 5047 ’πρὸς
3365 4972 3466 5040 τήν
3499 4971 3759 5042 ἀλήθειαν

2093 5045 2189 5096 τοῦ
2221 5042 2287 5095 Εὖ
2297 5040 2571 5114 αγγελίου.

2168 5115 2277 5186 (80)
2332 5111 2645 5186 Πόὲὃςοθενἱ
2703 5113 3042 5186 «Eminus,
3109 5137 3136 5163 ››
3193 5131 3406 5184 nempe
3468 5115 3529 5169 in
3573 5115 3748 5186 lege:

2097 5180 2597 5256 quemadmodum
2629 5180 2809 5255 ἐγγύς.
2849 5205 2874 5233 α
2903 5201 3138 5255 prope.-
3160 5203 3288 5241 esse
3311 5180 3752 5256 dicuntur,qum

2099 5255 2237 5312 sunt
2269 5259 2326 5311 in
2357 5255 2696 5328 Evangelio;
2723 5256 3009 5310 relatione
3035 5257 3264 5312 scilicet
3294 5257 3366 5312 ad
3385 5255 3750 5311 Christianos

2097 5329 2268 5384 facta.

2167 5402 2276 5470 (81)
2299 5404 2610 5470 ’Ἄντικρυα
2643 5396 2888 5470 Ῥητῷς.Δ
2927 5399 2951 5451 Ι
3003 5399 3190 5470 Τὶῐη,Δ
3213 5415 3283 5464 ιν,
3311 5397 3410 5452 ubi
3439 5413 3604 5470 mox,
3654 5415 3745 5448 κε-

2094 5465 2575 5539 καυτηριασμένων
2650 5468 2751 5536 τήν
2814 5465 2953 5522 ἰδίαν
3020 5465 3350 5534 συνείδησιν,
3421 5465 3747 5539 κωλυόντων

2095 5562 2231 5614 γαμ.
2256 5538 2334 5598 ’ln
2367 5538 2440 5596 iis
2472 5559 2604 5614 quae
2635 5548 2986 5611 sequuntur,
3020 5558 3090 5596 ex
3125 5539 3397 5614 epistolis
3430 5538 3506 5614 ad
3535 5540 3750 5593 Roma-

2095 5610 2203 5671 nos
2228 5621 2286 5669 et
2305 5610 2661 5678 Corinthios,
2691 5610 2813 5668 non
2872 5619 2992 5668 tam
3022 5612 3198 5670 verba
3243 5610 3534 5681 Apostoli,
3567 5624 3750 5680 quam

2094 5686 2457 5743 sententiam
2489 5683 2746 5741 exhibet.
