4034 6148
271 316 412 374 1187

1501 310 1913 367 CLEMENTIS
1946 312 2446 370 ALEXANDRINI

3537 309 3684 366 1188

258 447 367 508 est,
402 443 460 495 et
488 436 643 495 nihil
674 441 765 494 est
816 436 1213 511 rejiciendum
1262 435 1420 508 quod
1471 435 1726 490 sumitur
1774 450 1909 490 cum

2026 434 2161 507 μετά
2183 455 2241 490 τε
2270 433 2562 512 ἐγκρατοῦς
2582 432 2961 503 ἀπολαύσεως,
3035 433 3237 508 βιούτω
3292 431 3429 489 κατὰ
3483 429 3677 509 λόγον.

256 530 585 603 gratiarum
617 528 876 583 actione.
913 528 1327 583 Sanctiﬁcatur
1357 525 1511 578 enim
1536 540 1643 594 per
1671 522 1914 578 verbum

259 621 361 675 Dei
383 625 441 674 et
465 618 799 674 orationem
822 608 898 688 (a)
919 617 947 671 ?
965 638 993 666 »
1028 617 1280 672 Omnino
1312 614 1490 685 igitur
1517 628 1638 668 non
1669 617 1759 667 est
1777 628 1916 683 pro-

256 706 589 764 hibendum
615 707 787 779 jungi
813 704 1415 772 matrimonio,neque
1438 701 1715 756 carnibus
1734 700 1913 768 vesci,

257 803 360 852 aut
387 797 592 851 vinum
626 796 848 850 bibere.
880 793 1173 862 Scriptum
1188 797 1277 845 est
1299 789 1458 844 enim
1485 805 1497 843 :
1520 811 1548 838 «
1578 790 1804 844 Bonum
1826 793 1916 843 est

256 902 502 942 carnem
535 901 656 940 non
688 880 1139 948 comedere,nec
1171 880 1372 933 vinum
1424 877 1649 945 bibere,
1684 878 1733 933 si
1779 878 1914 948 quis

254 974 528 1030 comedat
552 989 659 1044 per
688 967 1117 1025 oﬂ‘endiculum
1140 967 1348 1036 (b)»Et
1369 967 1653 1021 :«Bonum
1680 971 1770 1020 est
1783 980 1912 1019 ma-

254 1079 398 1120 nere
431 1063 586 1117 sicut
607 1076 710 1131 ego
735 1058 859 1129 (0).»
898 1056 1009 1111 Sed
1040 1062 1096 1110 et
1129 1056 1229 1127 qui
1263 1056 1507 1124 utitur,u
1537 1071 1671 1109 cum
1693 1054 1913 1126 gratia-

254 1168 390 1206 rum
420 1151 656 1207 actione
687 1148 786 1217 (d),
814 1165 841 1196 η
898 1150 957 1199 et
1008 1145 1110 1217 qui
1153 1161 1361 1199 rursus
1395 1160 1517 1199 non
1543 1143 1750 1209 utitur,
1784 1142 1913 1213 ipse

257 1256 492 1312 quoque
520 1260 547 1288 «
580 1253 714 1293 cum
740 1236 1062 1307 gratiarum
1090 1234 1345 1301 actione,
1377 1254 1405 1284 υ
1439 1236 1499 1289 et
1527 1248 1658 1288 cum
1696 1230 1910 1286 mode-

253 1336 384 1385 rata
412 1345 478 1384 ac
514 1325 869 1396 temperanti
900 1324 1052 1379 vivat
1072 1324 1474 1396 perceptione,
1502 1322 1634 1393 logo
1667 1337 1774 1376 seu
1822 1333 1911 1375 ra-

2024 525 2119 579 Καὶ
2179 524 2419 589 καθόλου
2470 531 2637 580 πᾶσαι
2696 525 2751 578 αἱ
2809 522 3093 578 ἐπιστολαὶ
3152 526 3248 578 τοῦ
3303 521 3676 589 ’Δποστόλου,

2020 614 2343 691 σωφροσύνη
2421 614 2511 668 καὶ
2576 613 2892 688 ἐγκράτειαν
2954 609 3303 666 διδάσκουσαι
3338 655 3353 680 ,
3434 610 3560 685 περί
3614 631 3676 667 τε

2020 702 2388 778 γάμων,περί
2434 724 2493 758 τε
2555 700 2924 770 παιδοποιίας,
2980 700 3105 774 περί
3133 721 3193 756 τε
3247 699 3401 755 οἷ’κου
3458 697 3677 771 διοική-

2021 812 2178 860 σεως,
2237 791 2434 867 μυρίας
2494 792 2623 854 ὅσας
2678 791 2903 852 ἐντολάς
2978 790 3330 865 περιέχουσαι
3367 834 3382 857 ,
3431 787 3681 862 οὐδαμοῦ

2020 881 2199 955 γάμον
2231 882 2500 951 ἠθέτησαν
2550 881 2642 935 τὸν
2703 881 2978 957 σώφρονα’
3023 878 3169 935 ἀλλὰ
3197 880 3297 948 τὴν
3349 877 3680 934 ἀκολουθίαν

2021 969 2288 1038 σώζουσαι
2318 973 2414 1024 τοῦ
2443 968 2617 1042 νόμου
2646 970 2784 1045 πρὸς
2841 970 2904 1023 τὸ
2958 967 3319 1043 Εὐαγγέλιον,
3371 964 3680 1043 ἀποδέχον-

2016 1077 2105 1112 ται
2137 1057 2409 1132 έκάτερον,
2437 1058 2531 1112 τόν
2560 1078 2620 1113 τε
2650 1059 2991 1135 εὐχαρίστως
3043 1062 3124 1128 τῷ
3181 1061 3301 1129 Θεῷ
3354 1058 3517 1133 γάμῳ
3574 1077 3676 1112 κε-

2020 1147 2302 1220 χρημένον
2330 1146 2648 1223 σωφρόνως,
2693 1148 2786 1202 τόν
2837 1167 2898 1201 τε
2946 1145 3226 1222 εύνουχίᾳ,
3277 1145 3355 1207 ὡς
3415 1146 3444 1199 ὁ
3474 1143 3679 1218 Κύριος

2023 1233 2306 1309 βούλεται,
2341 1229 2697 1308 συμϐιοῦντα,
2720 1235 2901 1300 καθὼς
2935 1258 2965 1287 ι(
2995 1232 3204 1304 ἐκλήθη
3234 1230 3461 1297 ἕκαστος
3491 1257 3513 1287 ι
3552 1232 3681 1287 ἐλό-

2022 1342 2182 1395 μενος
2210 1323 2520 1385 ἄπταίστως
2548 1328 2638 1378 καί
2687 1322 2939 1386 τελείως.
2985 1348 3014 1375 ‹‹
3065 1323 3160 1377 Καὶ
3219 1323 3288 1392 ἦν
3337 1324 3449 1396 (82)
3506 1324 3542 1391 ἡ
3599 1324 3675 1396 γῆ

255 1417 404 1472 tioni
436 1414 876 1471 convenienter.
912 1415 1002 1481 Et,
1034 1417 1100 1468 ut
1124 1412 1187 1467 in
1215 1427 1449 1467 summa
1479 1411 1911 1477 dicam,omnes

2025 1413 2111 1465 τοῦ
2170 1407 2365 1466 Ἰακὼϐ
2414 1411 2780 1484 ἐπαινουμένη
2842 1414 2990 1488 παρά
3043 1417 3216 1467 πᾶσαν
3283 1412 3386 1479 τήν
3457 1417 3584 1486 γῆν,
3641 1432 3672 1460 η

250 1504 522 1577 Αροειοιὶ
556 1502 846 1575 epistolas,
904 1520 1036 1574 qua;
1084 1502 1556 1557 moderationem
1589 1500 1805 1555 docent
1854 1502 1914 1554 et

252 1593 707 1659 continentiam,
742 1608 878 1647 cum
911 1596 968 1646 et
1021 1592 1093 1646 de
1124 1590 1525 1658 matrimonio,
1557 1594 1618 1645 et
1659 1588 1732 1644 de
1761 1587 1910 1643 libe-

251 1700 455 1739 rorum
485 1682 920 1754 procreatione,
953 1685 1012 1736 et
1045 1681 1116 1735 de
1140 1681 1355 1736 domus
1394 1678 1913 1735 administratione

253 1770 717 1828 innumerabilia
756 1775 1054 1842 praecepta
1082 1769 1446 1838 contineant,
1480 1782 1776 1838 nusquam
1806 1766 1908 1820 ho-

254 1867 495 1918 nestum
514 1859 1004 1929 moderatumque
1021 1858 1468 1914 matrimonium
1483 1855 1917 1928 prohibuerunt

255 1955 358 2005 aut
378 1950 740 2021 abrogarunt
762 1966 775 2002 :
797 1948 900 2003 sed
922 1948 1068 2020 legis
1099 1964 1235 2002 cum
1266 1945 1581 2018 Evangelio
1614 1948 1916 1999 servantes

256 2038 751 2099 convenientiam,
788 2046 1110 2107 utrumque
1142 2035 1465 2091 admittunt
1496 2050 1509 2089 :
1545 2038 1605 2088 et
1622 2049 1779 2100 eum,
1812 2030 1914 2102 qui

255 2131 373 2184 Deo
406 2127 633 2201 agendo
654 2126 894 2200 gratias,
928 2126 1233 2181 moderate
1263 2127 1451 2179 utitur
1479 2122 1861 2178 matrimonio
1896 2137 1910 2186 ;

255 2224 315 2273 et
344 2234 502 2284 eum,
536 2217 659 2288 qui,
692 2221 759 2271 ut
787 2215 912 2270 vult
941 2215 1248 2279 Dominus,
1308 2214 1447 2267 vivit
1500 2213 1562 2266 in
1621 2210 1913 2278 castitate,

258 2306 1043 2378 quemadmodumuvocatus
1055 2309 1144 2359 est
1167 2300 1913 2373 unusquisque»inoffense

255 2401 315 2451 et
334 2395 595 2467 perfecte
626 2395 871 2467 eligens.
890 2416 919 2444 «
943 2395 1013 2447 Et
1041 2398 1168 2448 erat
1195 2398 1352 2447 terra
1366 2390 1543 2446 Iacob
1566 2389 1907 2445 laudatasu-

254 2500 363 2557 pra
393 2500 631 2540 omnem
656 2490 874 2539 terram
894 2484 984 2553 (θ),
1013 2506 1040 2531 ι»
1070 2482 1268 2553 inquit
1297 2480 1605 2552 propheta,
1640 2479 1766 2550 ipse
1816 2493 1915 2531 vas

259 2572 502 2643 Spiritus
528 2571 714 2644 gloria
760 2570 1049 2625 afﬁciens.
1108 2570 1439 2624 Insectatur
1469 2572 1667 2621 autem
1699 2563 1915 2635 aliquis

260 2661 727 2732 generationem,
760 2659 822 2714 in
880 2675 1012 2714 eam
1047 2659 1198 2713 199
1230 2656 1436 2711 dicens
1468 2655 1776 2710 interitum
1807 2669 1914 2709 ca-

265 2748 424 2816 dere,
456 2765 705 2819 eamque
737 2748 931 2819 perire
959 2764 971 2801 :
1007 2752 1065 2801 et
1111 2746 1427 2816 detorquet
1473 2743 1693 2815 aliquis
1738 2741 1812 2799 ad
1844 2741 1913 2797 fl-

255 2837 475 2893 liorum
524 2837 998 2909 procreationem
1053 2834 1203 2889 illud
1261 2834 1485 2889 dictum
1543 2831 1912 2887 Servatoris:

260 2946 288 2973 «
324 2928 450 2980 Non
482 2930 754 2995 oportere
782 2924 844 2977 in
887 2928 1046 2977 terra
1075 2922 1386 2977 thesauros
1416 2920 1762 2985 recondere,
1811 2918 1913 2974 ubi

258 3015 424 3068 tinea
456 3019 514 3068 et
539 3028 734 3085 aerugo
769 3011 1089 3067 demolitur
1117 3011 1188 3082 (f)
1222 3027 1236 3077 ;
1273 3032 1300 3059 ››
1353 3026 1463 3065 nec
1495 3007 1791 3064 erubescit
1819 3007 1912 3063 his

259 3102 479 3158 addere
501 3118 591 3168 ea,
628 3117 760 3172 qum
791 3100 936 3156 dicit
965 3100 1255 3172 propheta
1279 3116 1292 3154 :
1333 3120 1354 3146 ι
1380 3100 1599 3155 Omnes
1628 3114 1729 3153 vos
1760 3097 1915 3152 sicut

258 3190 679 3246 vestimentum
708 3189 1105 3255 veterascetis,
1137 3193 1197 3244 et
1228 3189 1387 3243 tinea
1410 3204 1511 3243 vos
1534 3186 1743 3243 exedet
1772 3188 1905 3255 (a).-

2029 3160 2278 3264 μίξονταί
2309 3194 2440 3266 (88).
2480 3219 2499 3243 ι

265 3279 376 3335 Sed
404 3295 597 3349 neque
629 3294 739 3333 nos
762 3278 1225 3333 contradicimus
1257 3277 1597 3348 Scripturaa,
1626 3290 1820 3344 neque
1851 3273 1914 3327 in

254 3372 461 3424 nostra
490 3383 739 3440 corpora
759 3366 970 3422 cadere
999 3365 1329 3433 interitum,
1355 3381 1543 3436 eaque
1580 3380 1708 3418 esse
1731 3362 1911 3427 ﬂuxa,

258 3472 566 3530 negamus.
601 3457 872 3511 Fortasse
896 3461 1095 3510 autem
1127 3454 1222 3523 iis,
1284 3470 1432 3524 quos
1464 3453 1545 3507 ibi
1588 3451 1917 3521 alloquitur

257 3545 570 3618 propheta,
604 3551 670 3599 ut
696 3541 1758 3616 peccatoribus,przndicitinteritum.
1782 3540 1913 3594 Ser-

259 3641 425 3690 vator
454 3641 654 3689 autem
686 3633 758 3689 de
806 3632 1131 3687 liberorum
1182 3631 1591 3702 procreatione
1628 3630 1712 3684 nil
1744 3628 1912 3695 dixit,

260 3724 365 3780 sed
398 3724 472 3779 ad
503 3722 966 3795 impertiendum
990 3738 1055 3777 ac
1077 3719 1637 3776 communicandum
1658 3735 1760 3775 eos
1772 3719 1910 3774 hor-

249 3819 428 3880 tatur,
464 3812 564 3883 qui
617 3812 811 3866 solum
864 3810 1077 3882 opibus
1117 3809 1444 3874 abundare,
1496 3809 1807 3881 egentibus
1850 3807 1915 3871 ιι(

252 3907 455 3957 autem
486 3900 773 3956 nolebant
814 3914 987 3971 opem
1036 3900 1213 3954 ferre.
1272 3898 1668 3963 Quamobrem
1720 3899 1910 3954 dicit:

255 4012 283 4040 ‹‹
318 3989 661 4062 Operamini
694 4004 813 4043 non
838 3987 1060 4053 cibum,
1118 3986 1217 4057 qui
1243 3986 1437 4057 perit;
1470 3986 1574 4041 sed
1627 4002 1785 4053 eum,
1811 3987 1912 4057 qui

249 4084 453 4134 manet
473 4079 536 4133 in
568 4076 744 4131 vitam
765 4082 1053 4130 aeternam
1075 4074 1173 4140 (Ιι).
1194 4096 1221 4123 ››
1242 4074 1527 4129 Similiter
1554 4082 1753 4131 autem
1767 4076 1907 4131 affe-

2019 1520 2180 1576 φησιν
2215 1501 2243 1554 ὁ
2272 1502 2588 1578 προφήτης,
2643 1501 2705 1556 τὸ
2765 1505 2956 1563 σκεῦος
3011 1505 3109 1556 τοῦ
3156 1499 3463 1572 πνεύματος
3514 1498 3677 1560 αὐτὸς

2020 1585 2256 1658 δοξάζων
2291 1592 2423 1661 (83).
2457 1591 2792 1665 Κατατρέχει
2850 1587 2907 1644 δέ
2960 1610 3045 1651 τις
3096 1589 3375 1666 γενέσεως,
3431 1589 3676 1664 φθαρτὴν

2018 1678 2106 1732 καὶ
2135 1675 2530 1751 ἀπολλυμένην
2564 1675 2757 1754 λέγων·
2815 1679 2905 1733 καὶ
2942 1679 3182 1754 βιάζεταί
3221 1699 3326 1744 τις,
3378 1676 3467 1733 ἐπὶ
3486 1696 3681 1732 τεκνο-

2019 1765 2206 1828 ποιίας
2228 1765 2405 1841 λέγων
2432 1767 2704 1842 εῗρηκέναι
2762 1767 2853 1822 τὸν
2912 1769 3164 1843 Σωτῆρα·
3199 1790 3228 1819 ‹‹
3261 1766 3384 1821 Ἐπὶ
3437 1772 3539 1843 γῆς
3596 1765 3676 1838 μή

2025 1856 2391 1930 θησαυρίζειν,
2436 1856 2579 1912 ’ὀπου
2633 1858 2731 1926 σής
2784 1857 2876 1912 καὶ
2933 1856 3136 1932 βρῶσις
3185 1854 3447 1935 ἄφανίζει·
3500 1878 3529 1906 n
3583 1853 3681 1909 καὶ

2023 1946 2090 1999 τὰ
2135 1948 2232 1999 τοῦ
2279 1947 2568 2022 προφήτου
2625 1945 3146 2022 προσπαρατιθέναι,
3199 1944 3417 2008 τούτοις
3445 1944 3546 1999 οὐκ
3593 1942 3678 1998 αἷ-

2023 2031 2301 2108 σχύνεται’
2337 2057 2364 2085 ‹‹
2394 2034 2592 2096 Πάντες
2624 2034 2780 2107 ὑμεῖς
2838 2035 2914 2098 ὡς
2958 2035 3178 2107 ἱμάτιον
3235 2033 3680 2104 πλαιωθήσεσθι,

2022 2122 2113 2177 καὶ
2144 2123 2246 2190 σὴς
2278 2122 2546 2198 βρώσεται
2577 2125 2691 2198 (84)
2726 2124 2885 2197 ὑμᾶς.
2939 2147 2969 2176 ››
3027 2121 3187 2179 Ἀλλ’
3226 2121 3354 2178 οὐδὲ
3382 2124 3549 2195 ἡμεῖς
3580 2121 3679 2176 ἀν-

2021 2210 2316 2285 τιλέγομεν
2347 2215 2416 2285 τῇ
2460 2212 2670 2287 Γραφῇ,
2731 2212 2816 2268 δτι
2863 2213 3071 2291 φθαρτὰ
3112 2215 3251 2284 ἡμῖν
3306 2212 3376 2267 τὰ
3430 2212 3691 2285 σώματα,

2022 2301 2110 2355 καὶ
2145 2299 2299 2377 φύσει
2332 2300 2546 2376 ρευστά.
2579 2301 2731 2356 Τάχα
2753 2299 2799 2356 δ’
2830 2302 2915 2372 ἂν,
2955 2302 3044 2357 καὶ
3096 2304 3180 2364 οἷς
3239 2298 3538 2377 διελέγετο,
3610 2300 3691 2362 ὡς

2025 2387 2409 2463 ἁμαρτωλοῖς,
2468 2390 2804 2467 προφητεύει
2868 2389 3092 2466 φθοράν.
3146 2391 3204 2447 Ὀ
3264 2396 3462 2461 Σωτηρ
3521 2386 3581 2444 δὶ
3628 2385 3692 2444 οὖ

2023 2477 2148 2552 περὶ
2194 2478 2544 2539 τεκνοποιίας
2603 2476 2840 2551 εἴρηκεν,
2902 2477 3028 2534 ἀλλ’
3087 2479 3165 2542 εἷς
3228 2476 3521 2553 μετάδοσιν
3579 2498 3690 2533 κοι-

2023 2565 2221 2630 νωνίας
2294 2568 2623 2642 προτρέπων
2680 2568 2807 2629 τοὺς
2888 2569 3114 2622 κτᾶσθαι
3177 2568 3341 2641 μόνον
3412 2569 3515 2635 τῆν
3591 2570 3689 2622 τοῦ

2024 2653 2270 2709 πλούτου
2292 2675 2634 2729 περιουσιαν,
2668 2655 2977 2733 ἐπικουρεῖν
3012 2653 3069 2710 δέ
3096 2661 3213 2718 τοῖς
3266 2653 3553 2729 δεομένοις
3610 2655 3687 2729 μή

2028 2740 2430 2819 βουλομένους.
2522 2744 2615 2799 Διό
2675 2766 2838 2823 φησιν
2873 2764 2887 2777 ·
2948 2770 2976 2797 ‹‹
3044 2746 3368 2821 Ἐργάζεσθε
3449 2745 3525 2819 μή
3584 2748 3683 2813 τήν

2024 2832 2417 2905 ἀπολλυμένην
2479 2835 2593 2908 (85)
2627 2835 2854 2909 βρῶσιν,
2919 2831 3066 2889 ἀλλὰ
3119 2835 3219 2904 τήν
3281 2833 3548 2908 μένουσαν
3610 2833 3686 2898 είς

2026 2924 2172 2992 ζωὴν
2204 2922 2447 2979 αἰώνιον.
2498 2923 2802 2997 »Ὁμοίως
2850 2921 2908 2979 δέ
2964 2924 3182 2979 κάκεῖνο
3232 2923 3544 2998 νομίζουσι,
3622 2922 3686 2978 τὸ

2023 3010 2187 3087 ῥητὸν
2213 3015 2403 3084 (86),«
2435 3013 2501 3069 Οἱ
2538 3013 2648 3066 υἱοὶ
2708 3016 2817 3086 (87)
2845 3017 2944 3069 τοῦ
3001 3012 3198 3076 αἰῶνος
3249 3013 3475 3083 ἐκείνου,
3538 3036 3569 3064 ››
3621 3013 3685 3066 τὸ

2022 3101 2145 3173 περί
2168 3104 2372 3176 νεκρῶν
2414 3101 2780 3171 ἀναστάσεως,
2834 3127 2861 3154 ‹‹
2911 3101 3035 3158 οὔτε
3091 3107 3380 3179 γαμοῦσιν,
3427 3101 3553 3157 οὕτε
3598 3121 3692 3178 γα·

2560 3191 2735 3249 Ἀλλά
2781 3193 2845 3248 τὸ
2904 3192 3167 3267 ἐρώτημα
3224 3191 3503 3248 τοῦτοκαὶ
3560 3190 3685 3252 τοὺς

2023 3280 2468 3353 πυνθανομένους
2498 3280 2694 3344 αὐτοὺς
2755 3280 2843 3337 έᾶν
2902 3280 3362 3355 ἆναπεμπάσηταί
3418 3302 3525 3349 τις,
3586 3280 3686 3336 οὐκ

2023 3367 2502 3443 ἀποδοκιμάζοντα
2550 3372 2640 3425 τὸν
2693 3369 2870 3446 γάμον
2920 3368 3141 3445 εὐρησει
3171 3371 3260 3425 τὸν
3320 3370 3540 3446 Κύριον,
3602 3370 3682 3424 θε-

2023 3458 2325 3532 ραπεύοντα
2356 3455 2413 3514 δὲ
2440 3460 2541 3528 τήν
2588 3458 2725 3514 κατὰ
2780 3459 2882 3527 τήν
2935 3459 3221 3515 ἀνάστασιν
3268 3464 3370 3527 τῆς
3417 3463 3679 3533 σαρκικῆς

2021 3545 2313 3620 ἐπιθυμίας
2343 3545 2694 3622 προσδοκίαν,
2727 3547 2808 3605 Τὸ
2846 3544 2923 3618 δὲ,
2957 3572 2985 3601 ‹‹
3042 3548 3111 3604 Οἱ
3162 3546 3273 3602 υἱοὶ
3324 3543 3423 3602 τού
3481 3544 3677 3608 αἰῶνος

2018 3635 2240 3704 τούτου,
2273 3659 2300 3686 ››
2360 3636 2422 3690 ού
2482 3635 2620 3712 πρὸς
2668 3634 3088 3706 ἀντιδιαστολήν
3146 3640 3253 3691 τῶν
3306 3632 3483 3691 ἄλλου
3528 3634 3679 3696 τινὸς

2020 3724 2218 3787 αἰῶνος
2247 3725 2377 3780 υἱῶν
2413 3725 2652 3802 εἴρηκεν,
2711 3724 2837 3781 ἀλλ’
2898 3725 3090 3796 ἐπίσης
3149 3730 3254 3798 τῷ·
3298 3725 3366 3782 Οἱ
3395 3724 3447 3779 έν
3501 3723 3681 3795 τούτῳ

2019 3811 2313 3890 γενόμενοι
2340 3820 2421 3887 τῷ
2452 3815 2638 3883 αἰῶνι,
2692 3812 2782 3870 διὰ
2809 3816 2909 3883 τὴν
2942 3816 3149 3891 γένεσιν
3183 3814 3295 3869 υἱοὶ
3354 3812 3524 3881 ὄντες,
3555 3834 3675 3889 γεν-

2019 3908 2154 3958 νῶσι
2184 3904 2270 3958 καὶ
2303 3908 2617 3979 γεννῶνται·
2651 3902 2768 3959 ἐπεὶ
2798 3906 2874 3978 μή
2892 3902 3284 3981 ἂνευγενέσεώς
3310 3924 3395 3966 τις
3421 3897 3683 3957 τόνδετὸν

2024 3992 2145 4068 βίον
2179 3992 2586 4069 παρελεύσεται“
2622 3992 2748 4049 ἀλλ’
2783 3992 2883 4064 ἣδε
2912 3997 2946 4063 ἡ
2976 3996 3306 4068 γένεσις,τὴν
3341 3992 3539 4066 ὁμοίαν
3562 3990 3684 4046 ἐπι-

2019 4077 2297 4156 δεχομένη
2323 4083 2554 4160 φθορὰν,
2606 4082 2707 4138 ούκ
2737 4081 2815 4138 ἔτι
2876 4080 3129 4155 ἀναμένει
3187 4082 3280 4137 τὸν
3336 4082 3470 4153 ἅπαξ
3521 4075 3684 4135 τοῦδε

247 4174 397 4222 runt
425 4168 605 4222 etiam
636 4165 788 4219 illud
810 4165 1031 4219 dictum
1068 4162 1140 4217 de
1170 4164 1608 4218 resurrectione
1636 4171 1909 4219 mortuo-

2025 4174 2114 4224 τοῦ
2149 4169 2272 4246 βίου
2303 4172 2737 4247 κεχωρισμένον.
2773 4196 2800 4223 ‹‹
2835 4172 2931 4233 Εἷς
2968 4170 3061 4244 μὲν
3095 4171 3186 4225 οὗν
3218 4171 3245 4225 ὁ
3275 4170 3461 4242 Πατὴρ
3493 4171 3685 4241 ἡμῶν,

249 4274 386 4313 rum
412 4274 425 4313 :
454 4280 482 4308 ‹‹
518 4255 648 4312 Filii
682 4254 844 4309 illius
870 4252 1072 4309 seaculi
1104 4270 1214 4308 nec
1242 4252 1498 4321 nubunt,
1532 4270 1641 4309 nec
1670 4254 1906 4309 nubun-

246 4363 347 4427 tur
368 4346 451 4418 (i).
487 4368 515 4395 »
535 4344 646 4400 Sed
671 4343 823 4399 hanc
853 4342 1379 4415 interrogationem
1401 4347 1460 4396 et
1488 4358 1587 4398 eos
1610 4343 1908 4413 quiinter-

323 4462 400 4531 (a)
432 4462 458 4515 Ι
486 4460 634 4516 Tim.
670 4475 744 4525 iv,
779 4463 829 4526 1,
864 4462 918 4525 2,
948 4459 1085 4531 3,74,
1120 4461 1172 4514 5.
1206 4457 1285 4528 (b)
1312 4459 1480 4531 Rom.
1541 4474 1654 4525 xiv,
1712 4463 1800 4514 21.

1852 4463 2191 4538 ῳ)-Ινη(]οι·.
2233 4468 2357 4538 vri,
2415 4468 2474 4522 8.
2543 4467 2625 4538 (ἀ)

2016 4258 2044 4312 ὁ
2076 4257 2129 4314 ἐν
2174 4263 2292 4321 τοῖς
2320 4258 2595 4335 οὐρανοῖςο
2654 4284 2682 4313 ››
2726 4258 2876 4316 ἀλλὰ
2929 4260 3017 4315 καὶ
3052 4259 3299 4314 ἁπάντων
3331 4258 3516 4333 Πατὴρ
3546 4257 3683 4312 κατᾶ

2017 4345 2383 4425 δημιουργίαν
2443 4348 2628 4412 αὖτός.
2666 4374 2694 4402 α
2756 4349 2851 4419 Μὴ
2902 4347 3169 4419 καλέσητε
3222 4350 3337 4421 (89)
3402 4348 3495 4402 οὖν
3556 4346 3687 4419 ὑμῖν

253 4528 340 4586 19.
377 4536 446 4612 (ﬂ
474 4532 675 4587 Matth.
700 4549 774 4599 v1,
808 4534 895 4585 19.
930 4530 1016 4601 (g)
1040 4530 1152 4584 lsa.
1186 4547 1238 4596 ι,
1269 4533 1321 4584 9.
1351 4528 1416 4592 ’κ
1461 4530 1526 4584 Ρ.
1558 4532 1656 4584 551
1693 4532 1805 4586 ΕΙ).
1856 4528 1912 4588 Pl

2025 4537 2152 4603 ‘ER,
2181 4537 2309 4605 463,
2340 4528 2449 4592 tot
2499 4528 2618 4594 Ei):
2654 4538 2883 4594 PABIS.
2917 4528 3297 4612 (ιηἰοεωβιέι,
3330 4528 3420 4594 27'.
3452 4539 3513 4609 (ἱ)
3542 4528 3681 4594 Luc;

252 4620 349 4671 xx,
382 4605 471 4657 35.

325 4717 439 4796 (Sg)
474 4714 572 4796 Kal
601 4716 692 4796 ἦν.
727 4715 920 4796 én‘ad
953 4715 1155 4796 E_zech.
1190 4732 1284 4780 xx,
1327 4716 1380 4796 ti,
1423 4713 1672 4771 alludit?
1690 4716 1907 4796 Lowrn.

2025 4719 2194 4796 aurpii

253 4787 581 4842 —’Monuit
611 4788 681 4842 cl.
722 4787 969 4843 Grabius
994 4787 1121 4858 haec
1152 4793 1389 4858 sumpta
1420 4803 1549 4842 esse
1571 4804 1639 4842 ex
1659 4789 1913 4858 epistola

254 4858 683 4933 D.__Bt_1rpabte._
710 4875 837 4933 cap.
872 4874 954 4933 It:
991 4855 1158 4933 ηάλιν
1188 4854 1372 4929 ’ὲτερος
1414 4854 1712 4933 προφήτηξ
1736 4856 1907 4933 λέγει’

256 4927 423 5000 «Καὶ
454 4927 520 4994 ἦν
550 4930 583 4991 ἡ
617 4931 688 5000 γῆ
892 4923 1085 4983 Ἰακὼϐ
1140 4916 1503 4999 ἐπαινουμένη
1537 4916 1707 4999 ’τὲαρὰ
1736 4916 1906 4987 πᾶσαν

250 4999 351 5072 τήγ
382 5003 507 5072 γῆν,
539 4996 770 5072 »Τοῦτο
803 4996 971 5071 λέγει,
1004 5000 1068 5053 τὸ
1099 5004 1288 5062 σκεῦος
1341 4996 1438 5053 τοῦ
1469 4996 1778 5071 πνεύματος
1811 5003 1912 5058 αὖ·

256 5071 376 5138 τοῖ’),
396 5066 441 5121 ’ὅ
467 5066 698 5143 δοξάζει·
732 5092 759 5117 ‹‹
792 5066 1053 5143 Βυτειῃη
1084 5072 1236 5127 alius
1268 5073 1556 5143 propheta
1586 5066 1766 5130 dicit:
1793 5100 1819 5126 «
1845 5080 1916 5132 Et

256 5166 283 5193 ‹‹
316 5147 445 5195 erat
469 5139 1097 5212 terraJacobglaudata
1121 5159 1227 5212 per
1247 5139 1485 5199 omnem
1510 5148 1914 5204 terram.»Hoc

256 5213 527 5281 dicit,vas
560 5210 802 5285 spiritus
834 5209 1180 5285 illius,quod
1203 5216 1560 5285 magniﬁcat.
1598 5240 1624 5265 »
1650 5218 1755 5273 Ubi
1788 5220 1913 5276 ίιωο

258 5285 503 5341 adnotat
535 5280 887 5355 Menardus:
954 5302 990 5355 ιι⁸
1038 5280 1230 5355 Locus
1281 5280 1551 5355 svumptus
1581 5288 1815 5343 videtur
1844 5309 1915 5346 ex

259 5358 454 5427 capite
500 5353 672 5427 tertio
711 5351 1086 5427 _Sophoni_m:
1141 5352 1236 5427 Καὶ
1274 5351 1532 5427 ’θήσομαι
1591 5358 1788 5419 αὐτοὺς
1835 5360 1913 5421 εἷς

256 5420 547 5501 καύχημα,
573 5424 670 5501 *καὶ
701 5420 1062 5501 ρνομαστοξς,
1094 5423 1184 5501 καὶ
1216 5420 1360 5496 πάσῄ
1492 5428 1589 5501 γῇ..
1639 5430 1709 5501 Et,
1739 5420 1913 5501 ρωιιῤ

254 5490 461 5569 post"?
493 5490 640 5553 Διότι
701 5490 862 5569 δώσω
888 5491 1048 5569 ,ὑμᾶς
1106 5490 1445 5564 ὀνομαστοὺς
1488 5490 1578 5550 καὶ
1635 5497 1711 5559 εἰς
1739 5490 1755 5500 ’
1783 5500 1913 5554 καύ-

256 5568 332 5642 ir,
345 5590 421 5639 μα
450 5574 579 5624 πᾶσι
609 5571 728 5642 τοῖς
761 5568 1047 5642 λαοῖς-τῇς
1078 5569 1201 5642 γῆς.
1238 5586 1265 5642 )_)

504 5639 822 5722 Uvas-1.33105
877 5633 1042 5699 αὐτὸς
1091 5633 1177 5691 ’8.
1238 5636 1465 5722 ἓατδιιξ
1551 5641 1786 5722 mpnuit
1837 5643 1913 5702 cl.

263 5704 513 5767 Grabius
543 5704 924 5767 scribendum
955 5726 1083 5768 esse
1125 5724 1196 5768 ex
1252 5704 1541 5778 Barnaba,
1601 5710 1917 5788 Πνεύματος

2229 4792 2963 4882 ἐρώσεταιᾷξζατοαφάγεται,
2987 4798 3098 4882 lsa.

2064 4860 2342 4956 1(8ξ)Τῆν
2385 4866 2478 4956 ἀπ.
2514 4866 2625 4951 Τῂν
2668 4860 2868 4956 βρῶσιν
2902 4860 3022 4956 τίῆν¹
3056 4863 3474 4939 ἀπολλυμένην,
3532 4863 3686 4921 ἀλλὰ

2019 4936 2117 5002 τὴν
2151 4936 2349 5009 βρῶσιν
2380 4939 2481 5005 τήν
2518 4936 2782 5021 μένούσαν
2810 4937 2887 4999 εἰς
2919 4943 2965 5007 ζ.
2998 4940 3164 4996 Joan.
3283 4936 3292 4939 ’
3409 4936 3416 4937 ί

2093 5008 2205 5084 (86)
2235 5006 2466 5084 rem.
2500 5011 3032 5084 Simpliciorgordo‘
3053 5017 3146 5066 est
3177 5027 3192 5065 :
3247 5006 3320 5084 Τὸ
3370 5007 3537 5084 pqr-33v
3569 5079 3581 5084 _
3616 5007 3684 5061 τὸ

2019 5077 2146 5165 περὶ
2176 5077 2380 5165 νεκρῶξγ
2402 5077 2773 5143 ἀναστάσεως·
2808 5081 2876 5138 υἱ
2928 5078 3038 5135 υἱοὶ
3092 5084 3190 5135 τοῦ
3220 5077 3435 5141 αἰῶνός
3468 5079 3684 5134 ἐκείνου

2023 5150 2145 5204 οὔτε
2174 5170 2241 5224 γα
2249 5150 2300 5224 μ,
2343 5152 2617 5224 vasunc.

2096 5220 2208 5293 (87)
2241 5221 2307 5279 Οἱ
2367 5221 2478 5277 υἱοί
2558 5224 2622 5279 Ol.
2680 5220 2738 5278 δέ
2779 5221 3215 5293 καταξιωθέντες,
3267 5224 3406 5279 Luc.
3454 5239 3553 5293 xx.
3587 5222 3679 5275 35.

2024 5289 2133 5368 Sed
2162 5289 2223 5349 in
2251 5295 2551 5368 sententia
2572 5296 2825 5368 praeced.
2854 5289 3084 5352 dixerat
3109 5295 3204 5352 :Oi
3223 5294 3331 5368 υἱοί
3352 5296 3453 5368 toi}
3475 5289 3681 5368 atavoc

2020 5362 2237 5418 τούτου·
2273 5366 2431 5421 unde
2454 5362 2749 5432 Clemens,
2774 5383 2805 5422 e
2835 5368 3125 5423 memoria
3155 5367 3383 5424 scilicet
3415 5364 3682 5435 Scriptu-

2021 5451 2148 5489 ram
2182 5438 2466 5497 recitans.
2494 5438 2647 5495 hanc
2677 5439 2994 5494 lectionem
3024 5439 3292 5495 hausisse
3313 5436 3568 5492 videtur.

2097 5508 2207 5582 (88)
2239 5506 2592 5582 Γαμίζονται.
2621 5509 3111 5582 κἘκγαμίσκονται,
3143 5512 3279 5582 Luc.
3391 5577 3404 5582 _
3472 5570 3481 5582 __

2095 5573 2485 5657 (89)
2538 5581 2638 5637 Καὶ
2696 5573 2904 5657 πατέρα
2935 5581 3012 5654 μὴ
3068 5573 3337 5651 καλέσητε
3384 5577 3541 5650 ὑμῶν
3593 5573 3687 5633 ἐπὶ

2020 5651 2123 5718 τῆς
2154 5655 2283 5725 γῆς,
2304 5651 2509 5709 Matth.

2681 4469 2849 4523 Rom.
2908 4480 3022 4537 xiv,
3075 4470 3161 4521 19.
3193 4467 3268 4539 (a)
3302 4464 3565 4539 Sophon.
3595 4480 3685 4531 ιιι,
3776 4505 3795 4511 -
