4034 6148
324 326 469 383 1189

320 448 408 504 ἰπὶ
442 453 570 516 ,τῆς
615 453 721 522 γῆς
776 447 982 521 πατέρα
1014 494 1030 520 ,
1066 470 1092 498 ››
1169 443 1327 524 φησίν
1363 463 1376 477 ⁶

318 535 602 612 ἤγήσησθε
633 539 724 591 τὸν
759 537 1050 612 σπείραντα
1111 537 1250 608 ὑμᾶς
1294 535 1392 602 τήν
1443 533 1579 588 κατᾶ
1615 532 1800 605 ,σάρκα
1853 553 1986 585 σπου

323 628 418 699 ραν
477 629 577 690 τῆς
635 624 826 688 οὐσίας
885 626 1038 696 ὑμῶν
1077 669 1090 692 ,
1152 624 1299 679 ἀλλά
1359 625 1632 677 συναίτιον
1687 622 1984 695 γενέσεως,

325 714 540 784 μᾶλλον
577 712 634 768 δὲ
689 711 938 768 διάκονον
1003 713 1282 788 γενέσεως.
1343 712 1533 773 Glitio;
1585 710 1676 765 οὖν
1733 709 1991 782 ἐπιστρα-

322 805 514 881 φέντας
549 805 698 875 ἡμᾶς
735 804 890 865 αὐθις
924 804 998 867 ὡς
1021 805 1088 858 τὰ
1137 801 1329 857 παιδία
1387 806 1500 876 (90)
1562 800 1803 874 γενέσθαι
1859 800 1989 859 ϐού-

327 889 480 946 λεται
516 935 530 960 ,
588 892 679 946 τὸν
740 887 912 953 ὄντως
965 893 1176 967 Πατέρα
1234 891 1553 967 ἐπιγνόντας
1593 934 1606 956 ,
1666 888 1734 944 δι’
1794 888 1987 952 ὕδατος

323 980 804 1054 ἀναγεννηθέντας,
862 978 1043 1051 ἄλλης
1087 981 1290 1050 ταύτης
1352 978 1522 1052 οὔσης
1583 979 1634 1034 έν
1690 983 1761 1053 τῇ
1819 979 1990 1034 κτίσει

327 1073 554 1141 σπορᾶς.
617 1068 722 1125 Ναί
773 1089 958 1140 φησιν’
1023 1095 1050 1122 ‹‹
1085 1071 1146 1127 Ὁ
1196 1067 1406 1146 ἄγαμος
1464 1074 1577 1142 (91)
1639 1073 1875 1143 μεριμνᾷ
1925 1068 1992 1123 τὰ

326 1161 425 1212 τοῦ
469 1156 697 1226 Κυρίουθ
739 1159 767 1210 6
802 1156 859 1211 δὲ
887 1161 1170 1233 γαμήσας,
1206 1163 1325 1220 πῶς
1379 1159 1554 1234 ἀρέσει
1590 1163 1658 1232 τῇ
1691 1158 1925 1234 γυναικί.
1960 1182 1986 1208 ››

330 1247 398 1304 Τί
443 1244 536 1315 δέ;
571 1245 672 1300 οὐκ
715 1244 882 1318 ἔξεστι
942 1247 1034 1301 καὶ
1095 1253 1164 1322 τῇ
1220 1248 1429 1325 γυναικὶ
1487 1251 1624 1302 κατά
1683 1249 1811 1303 Θεὸν
1869 1247 1994 1324 ἀρέ-

333 1354 585 1403 σκοντας,
633 1333 978 1410 εὐχαριστεῖν
1039 1337 1118 1408 τῷ
1170 1335 1335 1410 Θεῷ;
1387 1336 1517 1413 οὐχὶ
1563 1335 1620 1392 δὲ
1650 1337 1852 1414 ἐφεῖται
1901 1337 1991 1391 καὶ

331 1429 412 1496 τῷ
468 1423 836 1499 γεγαμηκότι,
898 1426 990 1479 σὺν
1048 1427 1138 1480 καὶ
1197 1431 1267 1501 τῇ
1326 1428 1571 1502 συζυγίᾳ,
1607 1433 1872 1503 μεριμνᾷν
1925 1428 1994 1482 τὰ

335 1517 432 1569 τοῦ
464 1512 708 1582 Κυρίου;
764 1513 940 1570 Ἀλλὰ
991 1518 1234 1591 καθάπερ
1292 1518 1411 1572 «Ἡ
1459 1516 1671 1592 ἄγαμος
1723 1521 1834 1589 (9‘2)
1895 1537 1992 1590 με·-

336 1606 506 1678 ριμνᾷ
547 1603 614 1656 τὰ
641 1608 737 1657 τοῦ
790 1603 1014 1678 Κυρίου,
1036 1602 1128 1659 ’ίνα
1224 1605 1353 1680 ἁγία
1400 1607 1492 1660 καὶ
1549 1612 1628 1678 τῷ
1661 1608 1874 1679 σώματι
1901 1607 1990 1660 καὶ

333 1695 413 1763 τῷ
468 1690 779 1764 πνεύματι·
812 1715 841 1743 ››
901 1692 1047 1748 οὕτω
1119 1694 1209 1748 καὶ
1264 1697 1298 1764 ἡ
1356 1695 1714 1771 γεγαμημένη
1773 1697 1839 1751 τὰ
1894 1699 1992 1751 τοῦ

1667 319 2116 376 STROMATUM
2151 321 2289 375 LIB.
2333 321 2428 374 III.

1442 444 1592 499 οἶον⁹
1656 443 1747 511 Μὴ
1810 439 1982 496 αἶ’τιον

2108 448 2332 515 rogant,
2368 441 2415 496 si
2449 441 2583 514 quis
2625 441 3108 508 consideraverit,
3142 442 3404 498 inveniet
3434 444 3749 499 Dominum

3611 318 3749 373 1190

2097 548 2218 586 non
2247 531 2564 601 reprobare
2590 531 3171 588 matrimonium.sed
3190 533 3518 587 remedium
3539 535 3748 588 afferre

2098 621 2527 692 exspectationi
2560 621 2817 675 carnalis
2839 621 3181 692 cupiditatis
3204 621 3265 674 in
3289 623 3746 678 resurrectione.

2097 710 2251 763 Illud
2275 715 2495 773 autem,
2521 732 2548 758 «
2581 711 2719 764 ﬁliis
2752 710 2932 780 hujus
2964 710 3165 764 saiculi
3192 711 3292 780 (α),
3323 731 3350 757 ››
3372 727 3491 764 non
3511 710 3749 766 dixitad

2099 799 2546 854 distinctionem
2579 799 2832 870 alicujus
2854 799 3006 854 alius
3037 799 3261 862 saeculi,
3285 800 3386 855 sed
3412 801 3655 870 perinde
3684 817 3750 854 ac

2101 889 2148 943 si
2183 888 2439 942 diceret:
2475 890 2584 954 Qui
2616 889 2678 944 in
2708 890 2819 944 hoc
2861 890 2985 944 nati
3033 895 3173 944 sunt
3208 889 3445 955 saeculo,
3479 906 3614 944 cum
3647 907 3752 960 per

2098 980 2544 1050 generationem
2586 981 2707 1034 sint
2738 981 2866 1043 ﬁlii,
2903 986 2960 1034 et
2988 981 3236 1052 gignunt
3283 985 3342 1035 et
3390 981 3747 1053 gignuntur;

2099 1069 2383 1139 quoniam
2410 1085 2530 1122 non
2562 1069 2782 1139 absque
2809 1070 3189 1141 generatione
3218 1070 3370 1124 hanc
3401 1069 3543 1140 quid
3573 1069 3750 1124 vitam

2097 1157 2615 1229 prsetergreditur:
2650 1157 2753 1211 sed
2785 1158 2910 1211 haac
2941 1158 3269 1230 generatio,
3306 1175 3436 1229 quas
3493 1157 3749 1212 similem

2099 1246 2348 1316 suscipit
2378 1245 2707 1313 interitum,
2733 1262 2852 1299 non
2882 1246 3140 1316 amplius
3165 1246 3447 1316 competit
3474 1245 3525 1300 ei
3551 1245 3651 1315 qui
3675 1245 3746 1300 ab

2101 1333 2210 1388 hac
2222 1334 2338 1388 vita
2351 1340 2440 1389 est
2453 1340 2778 1406 separatus.
2795 1354 2815 1381 α
2836 1336 2869 1390 U
2882 1352 2994 1390 nus
3008 1340 3098 1390 est
3111 1337 3425 1408 ergoPater
3436 1340 3638 1390 noster
3649 1333 3750 1405 qui

2101 1423 2267 1478 estin
2287 1423 2449 1478 caelis
2468 1425 2525 1476 b:
2551 1446 2576 1473 »
2597 1424 2698 1478 sed
2717 1425 2766 1479 is
2785 1424 2910 1495 ipse
2924 1440 3160 1495 quoque
3174 1427 3347 1479 Pater
3370 1429 3458 1479 est
3482 1425 3750 1479 omnium

2100 1526 2207 1582 per
2223 1511 2606 1566 creationem.
2627 1533 2655 1560 «
2682 1513 2758 1565 Ne
2788 1512 3135 1566 voraveritis
3170 1528 3332 1584 ergo,
3352 1512 3564 1583 inquit,
3589 1513 3752 1567 vobis

2101 1603 2332 1670 patrem
2360 1615 2540 1670 super
2562 1603 2779 1654 terram
2801 1599 2892 1670 (ε).
2923 1622 2948 1648 »
2973 1601 3146 1664 Quasi
3173 1599 3414 1656 diceret.
3441 1602 3519 1654 Ne
3553 1601 3752 1654 existi-

2101 1687 2276 1741 metis
2309 1703 2442 1740 eum
2475 1730 2492 1757 ,
2524 1688 2625 1758 qui
2660 1688 2885 1743 carnali
2918 1706 3021 1743 vos
3076 1689 3224 1744 sevit
3267 1695 3419 1757 satu,
3451 1696 3753 1745 auctorem

337 1777 532 1854 ἀνδρὸς
589 1780 678 1834 καὶ
727 1780 794 1836 τὰ
839 1786 936 1836 τοῦ
986 1784 1186 1858 Κυρίου
1245 1790 1483 1860 μεριμνᾷ
1513 1785 1564 1839 ἐν
1599 1783 1922 1860 Κυριῳ,⁹ίνα
1960 1786 1995 1862 ᾗ

2109 1780 2166 1828 et
2195 1792 2434 1829 causam
2458 1781 2665 1829 vestras
2685 1777 3090 1843 essentize,sed
3112 1777 3490 1848 adjuvantem
3516 1795 3754 1834 causam

337 1868 461 1944 ἁγία
506 1868 595 1923 καὶ
652 1874 733 1942 τῷ
790 1871 1004 1944 σώματι
1059 1873 1146 1927 καὶ
1208 1878 1287 1946 τῷ
1344 1875 1627 1947 πνεύματι’
1663 1872 1828 1952 ἄμφω
1889 1876 1993 1952 γὰρ

332 1959 476 2033 ἅγιαι
510 1956 561 2012 ἓν
598 1958 803 2034 Κυρίῳ,
837 1963 872 2030 ἡ
909 1961 1003 2033 μὲν
1039 1961 1112 2024 ὡς
1153 1965 1312 2036 γυνή,
1370 1965 1403 2033 ἡ
1465 1961 1522 2018 δὲ
1575 1965 1650 2026 ὡς
1708 1966 1991 2040 παρθένος.

332 2047 472 2120 Πρὸς
525 2045 793 2122 ἐντροπὴν
855 2046 913 2104 δὲ
963 2051 1050 2104 καὶ
1109 2052 1385 2122 ἀνακοπὴν
1463 2057 1568 2106 τῶν
1648 2053 1992 2131 εόεπιφόρων

332 2136 408 2198 είς
464 2139 552 2193 τὸν
624 2137 876 2216 δεύτερον
955 2143 1132 2217 γάμον
1212 2142 1493 2218 ἁρμοδίως
1563 2147 1590 2200 6
1651 2144 1992 2208 Ἀπόστολος

337 2227 630 2300 ὑπέρτονον
684 2229 990 2308 φθέγγεται,
1024 2233 1113 2287 καὶ
1173 2233 1364 2288 αὐτίκα
1423 2234 1575 2311 φησὶ·
1613 2260 1631 2284 ι
1667 2240 1776 2288 Πᾶν
1814 2236 1989 2309 ἁμάρ-

332 2338 483 2390 τημα
532 2319 685 2380 ἐκτὸς
741 2325 839 2374 τοῦ
897 2323 1152 2394 σώματος
1208 2320 1375 2378 ἔστιν’
1407 2325 1435 2379 6
1470 2322 1526 2379 δὲ
1579 2323 1858 2400 πορνεύων
1916 2324 1994 2386 εἰς

331 2405 394 2460 τὸ
427 2403 564 2461 ἴδιον
600 2412 762 2481 σῶμα
802 2411 1117 2484 ἁμαρτάνει,
1157 2437 1185 2464 ››
1231 2413 1293 2468 Ei
1346 2411 1403 2468 δὲ
1453 2412 1706 2490 πορνείαν
1763 2414 1853 2468 τὸν
1898 2414 1994 2489 γά-

343 2515 446 2567 μον
475 2495 662 2568 τολμᾷ
685 2517 768 2558 τις
810 2497 1010 2576 λέγειν,
1051 2499 1216 2556 πάλιν
1270 2501 1358 2556 ἐπὶ
1405 2502 1496 2556 τὸν
1555 2503 1723 2574 νόμον
1784 2503 1871 2556 καὶ
1902 2502 1994 2556 τὸν

338 2583 544 2660 Κύριον
603 2585 944 2662 ἀνατρέχων,
1003 2589 1341 2668 βλασφημεῖο
1401 2591 1475 2652 ὡς
1532 2592 1634 2666 γὰρ
1685 2593 1720 2659 ἡ
1769 2589 1996 2644 πλεονεο

333 2671 422 2744 ξία
469 2673 700 2747 πορνεία
759 2673 992 2750 λέγεται,
1025 2682 1092 2750 τῇ
1125 2679 1414 2754 αὐταρκείᾳ
1469 2677 1878 2749 έναντιουμένη,
1906 2679 1994 2731 καὶ

337 2759 412 2823 ὠς
443 2758 873 2836 εἷδωλολατρεία
903 2763 963 2818 ἐκ
995 2770 1092 2819 τοῦ
1144 2767 1264 2828 ἑνὸς
1321 2767 1398 2828 εἷς
1445 2766 1569 2828 τοὺς
1600 2763 1847 2826 πολλοὺς
1879 2764 1996 2820 ἐπι-

337 2849 569 2918 νέμησίς
617 2847 730 2901 ἐστι
791 2856 945 2905 Θεοῦ⁸
1009 2851 1180 2914 οὕτως
1236 2857 1270 2923 ἡ
1327 2855 1551 2928 πορνεία
1611 2855 1670 2909 ἐκ
1725 2859 1820 2909 τοῦ
1881 2855 1995 2909 ἑνὸς

333 2937 514 3010 γάμου
546 2935 623 2999 είς
651 2937 777 3001 τοὺς
806 2938 1055 3001 πολλούς
1087 2940 1230 2996 ἐστιν
1263 2937 1554 3003 ἔκπτωσιςο
1609 2947 1823 3018 τριχῶς
1871 2943 1994 3018 γὰρ,

338 3023 412 3085 ὡς
447 3023 742 3099 εἲρήκαμεν
779 3026 856 3097 ,ἥ
908 3049 966 3082 τε
996 3030 1220 3106 πορνεία
1263 3031 1297 3100 ἦ
1353 3053 1409 3086 τε
1444 3032 1666 3107 μοιχεία
1715 3033 1861 3108 παρᾶ
1914 3036 1994 3105 τῷ

339 3112 668 3186 Ἀποστόλῳ
723 3111 1058 3188 λαμϐάνεται
1093 3163 1107 3176 .
1171 3119 1292 3175 Ἐπὶ
1351 3121 1558 3175 τούτων
1621 3123 1648 3176 6
1703 3123 1997 3199 προφήτης

338 3201 492 3279 φησί’
542 3206 738 3267 «Ταῖς
788 3207 1078 3282 ἁμαρτίαις
1129 3209 1285 3282 ὓμῶν
1337 3209 1626 3286 ἐπράθητε.
1660 3234 1682 3264 ι
1739 3212 1841 3267 Καὶ
1890 3210 1996 3265 πά-

340 3290 448 3345 λιν·
484 3315 513 3345 ι(
547 3296 926 3367 Κατεμιάνθης
958 3296 1011 3351 ἐν
1042 3302 1112 3372 γῇ
1157 3299 1446 3375 ἀλλοτρίῃ·
1486 3325 1514 3352 ››
1543 3303 1644 3371 τήν
1692 3322 1751 3355 τε
1797 3321 1996 3355 κοινω-

335 3380 453 3434 νίαν
490 3381 685 3456 μιαρὰν
748 3384 1082 3458 ἡγούμενος,
1115 3389 1214 3456 τήν
1246 3388 1530 3464 ἀλλοτρίῳ
1589 3391 1806 3462 σώματι
1858 3410 1994 3462 συμ-

341 3468 664 3540 πλακεῖσαν,
696 3474 784 3527 καὶ
824 3476 898 3546 μὴ
931 3480 1010 3547 τῷ
1039 3479 1175 3532 κατὰ
1227 3479 1476 3554 συζυγίαν
1520 3479 1595 3542 εἷς
1644 3476 1993 3534 παιδοποιίαν

341 3555 635 3633 διδομένῳ.
670 3563 830 3626 ’Όθεν
863 3565 949 3618 καὶ
981 3567 1008 3619 6
1041 3566 1406 3636 Ἀπόστολος,
1440 3592 1468 3618 ‹‹
1495 3567 1783 3642 Βούλομαι
1816 3568 1932 3634 οὖν,
1962 3587 1990 3620 ιι

351 3650 538 3722 φησὶ,
598 3653 930 3725 «νεωτέρας
986 3661 1202 3729 γαμεῖν,
1263 3664 1619 3732 τεκνογονεῖν,
1675 3654 1996 3712 οἷκοδεσπο-

349 3743 459 3793 τεῖν
497 3783 511 3808 ,
572 3737 846 3812 μηδεμίαν
911 3745 1168 3821 ἀφορμὴν
1245 3744 1454 3801 διδόναι
1513 3751 1590 3818 τῷ
1645 3747 2000 3818 ἀντικειμένῳ

351 3825 633 3901 λοιδορίας
679 3832 860 3907 χάριν.
904 3831 1046 3904 ἽΙδη
1079 3834 1181 3908 γάρ
1213 3856 1354 3896 τινες
1403 3830 1764 3908 ἔξετράπησαν
1821 3835 1999 3889 ὀπίσω

350 3921 445 3970 τοῦ
481 3924 711 3975 Σατανᾶ.
747 3945 775 3971 ››
807 3922 914 3978 Ναὶ
943 3923 1048 3995 μὴν
1082 3928 1194 3996 (93)
1244 3924 1332 3978 καὶ
1379 3925 1472 3978 τὸν
1500 3931 1600 3993 τῆς
1630 3929 1755 3996 μιᾶς
1803 3945 1999 3998 γυναι-

347 4004 444 4066 κὸς
475 4003 644 4087 ἄνδρα
674 4011 784 4080 (94)
818 4010 956 4064 πάνυ
989 4009 1317 4087 ἀποδέχεται
1351 4055 1366 4080 ,
1418 4011 1516 4066 κᾶν
1545 4008 1910 4086 πρεσϐύτερος
1941 4014 1996 4083 ᾗ,

352 4087 449 4140 κᾶν
495 4085 771 4160 διάκονος,
820 4093 915 4147 κᾶν
964 4092 1156 4157 λαῖκὸς
1189 4085 1585 4164 ἀνεπιλήπτως
1634 4085 2000 4170 γάμῳίχρώ·

357 4195 532 4246 μενος·
573 4201 598 4230 ιι
630 4183 946 4250 Σωθήσεται
978 4181 1035 4237 δὲ
1066 4180 1156 4237 διὰ
1183 4190 1282 4250 τῆς
1339 4183 1704 4258 τεκνογονίας.
1743 4206 1770 4234 ››
1831 4182 2000 4238 Πάλιν

349 4283 409 4318 τε
439 4261 502 4316 αὖ
535 4265 562 4318 6
597 4269 791 4341 Σωτὴρ
825 4272 933 4340 (95)
964 4270 1091 4333 τοὺς
1124 4269 1441 4340 Ἰουδαίους,
1473 4296 1501 4324 ι(
1534 4274 1717 4348 γενεὰν
1744 4296 1772 4324 »
1833 4271 1999 4326 εἷ’πὼν

2103 1865 2528 1935 generationis.
2560 1865 2648 1920 vel
2699 1865 3038 1920 ministrum
3084 1867 3300 1937 potius.
3333 1868 3424 1922 Sic
3466 1884 3600 1941 ergo
3646 1885 3755 1924 nos

2103 1971 2308 2008 rursus
2335 1971 2650 2009 conversos
2705 1955 2829 2010 vult
2858 1956 3013 2009 efﬁci
3073 1962 3138 2010 ut
3168 1973 3405 2026 pueros,
3461 1974 3618 2023 eum,
3652 1957 3753 2029 qui

2102 2059 2234 2097 vere
2249 2044 2422 2098 Pater
2444 2049 2553 2110 est,
2579 2050 2989 2116 agnoscentes,
3010 2052 3389 2117 regeneratos
3410 2063 3516 2118 per
3537 2063 3752 2118 aquam

2101 2149 2235 2188 cum
2269 2133 2392 2187 haec
2426 2133 2502 2186 sit
2545 2134 2664 2188 alia
2705 2134 2854 2188 satio
2906 2135 2968 2188 in
3017 2135 3338 2190 creatione.
3393 2141 3485 2198 At,
3538 2137 3754 2206 inquit,

2103 2223 2270 2288 «Qui
2307 2229 2398 2277 est
2448 2223 2686 2288 caelebs,
2743 2231 2912 2278 curat
2959 2242 3088 2294 quas
3149 2231 3288 2280 sunt
3339 2227 3569 2280 Domini
3604 2244 3618 2293 ;
3652 2226 3753 2297 qui

2102 2318 2301 2368 autem
2335 2312 2504 2367 duxit
2544 2329 2812 2377 uxorem,
2847 2312 3142 2382 quomodo
3197 2313 3456 2385 placebit
3497 2314 3689 2370 uxori.
3728 2338 3750 2367 ι

2101 2402 2252 2468 Quid
2282 2418 2418 2457 vero
2441 2402 2469 2457 ‘I
2497 2418 2701 2457 annon
2732 2401 2874 2455 licet
2903 2402 3081 2456 etiam
3132 2403 3238 2466 eis,
3286 2403 3387 2472 qui
3429 2402 3758 2458 secundum

2106 2492 2289 2546 Deum
2322 2491 2562 2560 placent
2593 2491 2781 2555 uxori,
2813 2492 2930 2545 Deo
2983 2490 3200 2562 gratias
3261 2506 3433 2562 agere
3463 2491 3492 2545 ?
3545 2495 3756 2548 Annon

2105 2581 2471 2652 permittitur
2501 2581 2680 2634 etiam
2709 2581 2783 2644 ei,
2817 2580 2916 2650 qui
2960 2597 3204 2637 uxorein
3253 2581 3438 2649 duxit,
3472 2598 3593 2637 una
3623 2599 3756 2638 cum

2103 2669 2377 2740 conjugio
2408 2670 2587 2724 etiam
2635 2686 2763 2723 esse
2823 2669 3140 2724 sollicitum
3196 2670 3266 2725 de
3321 2671 3395 2724 iis
3455 2689 3586 2741 quas
3620 2676 3760 2726 sunt

2105 2757 2390 2812 Domini?
2419 2758 2530 2812 Sed
2574 2757 3075 2828 quemadmodum
3126 2782 3146 2808 α
3185 2777 3316 2830 quae
3361 2776 3479 2815 non
3531 2761 3754 2832 nupsit,

2107 2846 2361 2901 sollicita
2393 2853 2482 2901 est
2511 2847 2582 2902 de
2615 2848 2708 2913 iis,
2745 2865 2875 2919 qua)
2909 2854 3048 2902 sunt
3079 2849 3333 2912 Domini,
3354 2854 3418 2904 ut
3459 2849 3536 2904 sit
3556 2855 3760 2905 sancta

2103 2952 2348 3007 corpore
2381 2941 2439 2990 et
2469 2936 2679 3008 spiritu
2699 2937 2806 3004 (d):
2835 2957 2859 2986 ι
2891 2938 2973 2991 ita
2990 2938 3165 2993 etiam
3190 2955 3320 3008 quae
3344 2939 3565 3010 nupsit,
3600 2945 3658 2993 et
3687 2939 3760 2994 de

2103 3025 2197 3091 iis,
2231 3042 2364 3096 qum
2388 3032 2526 3080 sunt
2558 3026 2774 3089 mariti,
2809 3032 2867 3080 et
2897 3025 2968 3080 de
3001 3027 3094 3093 iis,
3129 3045 3262 3098 quae
3304 3033 3444 3082 sunt
3497 3028 3756 3096 Domini,

2107 3119 2198 3168 est
2229 3114 2290 3168 in
2323 3115 2574 3168 Domino
2599 3115 2874 3175 sollicita,
2899 3120 2965 3168 ut
2997 3115 3073 3168 sit
3105 3121 3309 3170 sancta
3340 3122 3397 3170 et
3427 3134 3673 3190 corpore
3699 3122 3758 3171 et

2108 3203 2337 3274 spiritu.
2370 3203 2570 3258 Ambae
2594 3205 2754 3259 enim
2787 3209 2926 3258 sunt
2956 3209 3175 3260 sancta:
3217 3206 3280 3259 in
3307 3207 3557 3262 Domino
3585 3224 3597 3262 :
3631 3208 3756 3262 haec

2105 3293 2344 3363 quidem
2404 3297 2469 3346 ut
2514 3309 2681 3360 uxor,
2715 3293 2819 3348 illa
2844 3310 2978 3348 vero
3010 3298 3078 3348 ut
3105 3295 3284 3365 virgo.
3347 3294 3433 3349 Ad
3493 3311 3594 3350 eos
3651 3314 3757 3351 au-

2103 3386 2223 3436 tem
2255 3381 2479 3453 pudore
2508 3382 2859 3438 afﬁciendos
2903 3389 2962 3437 et
3014 3383 3449 3454 reprimendos,
3487 3385 3587 3455 qui
3621 3391 3760 3439 sunt

2103 3471 2392 3542 proclives
2424 3471 2495 3526 ad
2529 3472 2820 3526 secundas
2849 3472 3109 3543 nuptias,
3143 3478 3277 3543 apte
3301 3472 3618 3542 Apostolus
3640 3473 3759 3528 alto

2107 3561 2362 3630 quodam
2396 3567 2534 3615 tono
2569 3561 2901 3632 eloquitur;
2928 3561 3123 3631 inquit
3145 3561 3305 3614 enim
3327 3577 3346 3614 :
3373 3581 3396 3610 «
3423 3563 3567 3616 Ecce
3584 3578 3760 3616 omne

2107 3655 2418 3721 peccatum
2451 3655 2542 3703 est
2573 3655 2738 3704 extra
2769 3667 2984 3719 corpus
3011 3667 3022 3716 ;
3059 3650 3157 3721 qui
3189 3656 3387 3704 autem
3411 3649 3758 3720 fornicatur,

2108 3738 2169 3792 in
2203 3738 2506 3809 pr0prium
2534 3755 2748 3808 corpus
2770 3743 2976 3808 peccat
2998 3740 3086 3807 (θ).
3111 3760 3138 3785 ι»
3166 3739 3222 3791 Si
3247 3739 3379 3808 quis
3411 3744 3610 3794 autem
3642 3756 3761 3795 ma-

2112 3826 2456 3881 trimonium
2499 3826 2679 3880 audet
2737 3826 2933 3881 dicere
2989 3826 3467 3895 fornicationem,
3528 3846 3756 3897 rursus,

2111 3915 2302 3981 legem
2335 3921 2391 3969 et
2421 3916 2736 3970 Dominum
2788 3914 3108 3979 insectans.
3145 3916 3476 3972 maledictis
3508 3918 3760 3988 impetit.

2112 4003 2622 4070 Quemadmodum
2647 4005 2807 4058 enim
2831 4005 3075 4059 avaritia
3104 4008 3166 4072 »14
3197 4012 3255 4061 et
3285 4007 3457 4077 plura
3506 4006 3765 4062 habendi

2113 4095 2408 4165 cupiditas
2423 4093 3206 4165 diciturfornicatio,utquaa
3221 4095 3634 4150 adverseretur
3649 4096 3766 4150 suf-

2112 4183 2389 4238 ﬁcientia
2416 4199 2427 4235 :
2462 4189 2520 4237 et
2551 4189 2616 4236 ut
2649 4183 2926 4238 idolatria
2949 4190 3038 4238 est
3067 4184 3140 4237 ab
3163 4201 3281 4239 uno
3324 4185 3384 4238 in
3419 4183 3641 4238 multos
3665 4185 3769 4238 Dei

2112 4272 2472 4337 distributio,
2506 4273 2587 4326 ita
2629 4271 2944 4326 fornicatio
2977 4278 3067 4327 est
3112 4273 3185 4327 ab
3216 4290 3334 4328 uno
3384 4273 3769 4328 matrimonio

423 4380 797 4462 (@133ch
828 4386 917 4462 34,
949 4387 1043 4462 (ολ
1063 4389 1264 4444 Matth.
1299 4404 1460 4457 χχιιι,
1494 4393 1544 4445 9.
1573 4391 1647 4462 (ε)
1676 4389 1823 4445 Ibid.
1855 4390 1937 4462 (ἀ)
1966 4390 1990 4442 Ι

2108 4405 2150 4443 r.
2176 4403 2269 4452 vn,
2303 4387 2392 4454 32,
2422 4388 2511 4454 33,
2542 4387 2629 4440 35.
2663 4386 2734 4456 (e)
2765 4387 2789 4439 Ι
2826 4387 2955 4442 Cor.
3015 4405 3090 4455 vr,
3149 4390 3234 4442 18.
3284 4387 3347 4451 ›ι‹
3382 4389 3444 4442 Ρ.
3504 4391 3608 4442 552
3656 4389 3767 4444 ΕΙ).

353 4453 647 4521 POTTER,
678 4457 805 4524 464,
836 4453 1082 4514 465’ED.
1117 4462 1344 4516 PARIS.

425 4567 537 4637 (90)
595 4567 682 4629 Ὡς
737 4568 806 4623 τὰ
867 4567 1107 4631 παιδία.
1169 4573 1430 4645 Respicit
1485 4575 1702 4632 Christi
1762 4575 1983 4631 dictum

425 4638 557 4692 ltth.
587 4657 744 4696 XVIII.
778 4660 847 4696 9:
883 4643 1000 4696 Ἐὰν
1041 4646 1117 4696 ιιῆ
1151 4646 1422 4696 στοαωῇτε
1455 4687 1469 4696 .
1515 4647 1604 4696 καὶ
1656 4647 1884 4696 γένησθε
1932 4649 1995 4696 ὡς

2119 4569 2644 4659 συγκεχωρημένου,
2705 4570 3012 4696 μονονουχὶ
3045 4569 3102 4625 δὲ
3131 4572 3220 4626 καὶ
3251 4569 3389 4626 κατὰ
3417 4571 3515 4639 τὴν
3572 4572 3771 4642 Διαθή-

2121 4665 2219 4696 ιιην
2250 4663 2349 4696 την
2374 4642 2573 4696 Καινήν
2609 4659 2622 4696 :
2655 4647 2696 4696 'l‘
2777 4642 2914 4696 πρὸς
2972 4643 3170 4696 ταύτας
3230 4644 3399 4696 εἰπεῖν
3459 4643 3650 4696 ἔνουσι
3678 4645 3771 4696 τὰς

356 4638 847 4722 Li‘atth.mxv11l,.g:
883 4643 1005 4722 '_E&v_
1041 4646 1117 4722 μῇ
1151 4638 1422 4722 πραξρῄτε
1455 4687 1486 4722 ,_
1515 4647 1611 4722 καί
1656 4647 1884 4722 γένησθε
1932 4638 2008 4707 ὡς

353 4708 422 4798 τα
452 4707 664 4796 παιυδία,
714 4707 805 4767 οὐ⁷
836 4715 911 4787 μὴ
962 4707 1245 4788 εἰσέλθητέ
1298 4707 1376 4778 εἰς
1429 4707 1529 4786 τήν
1589 4707 1866 4792 βασιλείαν
1897 4722 2005 4772 τῶν

353 4798 629 4848 ουρανων.

427 4854 540 4922 (91)
581 4855 652 4934 :0
711 4855 942 4934 ᾅγᾳμος.
997 4859 1060 4915 Ὁ
1103 4857 1316 4934 ἄγαμος
1360 4864 1602 4934 μεριμνᾷ
1629 4859 1696 4914 τὰ
1740 4865 1836 4915 τοῦ
1888 4866 2005 4914 Κυ-

353 4918 648 5008 ρξόυέπῶς
702 4918 1016 5008 ἀέέᾶειᾼζτῷ-
1356 4918 1721 5008 δὲ’γΪαμνςσ-ας
1772 4937 2009 5008 μεριμνᾷ

447 4999 544 5049 τοῦ
575 4998 813 5072 κόσμδυν
841 5005 960 5064 πῶς
981 4998 1170 5077 ’ἀρέσει
1199 4998 1268 5077 τῇ
1297 4998 1588 5078 γυναικί,Ἰ
1607 4998 1750 5060 Cor.
1773 4998 1881 5070 'VI'I,
1903 4998 2003 5072 ‘32,

426 5139 631 5221 (921,5
653 5138 893 5221 ἔγαμρς.
936 5149 1006 5221 _'ll
1063 5143 1271 5221 ᾂγαμος
1332 5150 1574 5221 μεριμνᾷ
1626 5146 1692 5200 τὰ
1747 5146 1859 5221 τοξι-
1902 5152 2006 5199 Κυ-

353 5205 494 5294 ρίου,
520 5205 614 5265 ίίνα
643 5211 679 5287 ᾖ
709 5205 834 5288 ἆγίά
862 5215 979 5294 καὶ.
1007 5205 1215 5288 σώματι
1259 5205 1368 5272 καὶ
1404 5205 1715 5288 ’πνεύματυ
1750 5221 1784 5285 ἡ
1819 5215 1876 5272 δὲ
1899 5239 2005 5294 γα-

356 5281 584 5369 ιςιῆἢσαξσζ
623 5281 872 5369 [μεριμνᾷ
923 5287 992 5341 τηὲι
1037 5281 1138 5342 τοῦ
1194 5289 1406 5362 κόσμου
1441 5331 1456 5359 ,
1517 5281 1634 5352 πῶς
1692 5281 1871 5365 ἀρέσει
1913 5281 2007 5360 ’τῷ

352 5352 526 5426 ἀνδρί.
563 5357 584 5409 Ι
618 5352 890 5426 (ἷοίίνιί,
926 5363 1017 5415 34.

417 5429 532 5502 (93)
569 5427 672 5502 Ναὶ
709 5431 1039 5502 μήνη-00111⁸.
1076 5435 1099 5486 I
1129 5433 1274 5488 Tim.
1310 5453 1367 5502 ιι,
1402 5439 1457 5502 2,
1492 5438 1577 5490 12.

423 5498 535 5578 (94)
570 5498 717 5578 Μιᾷέ
747 5523 802 5575 γ.
837 5499 919 5560 ἄν.
949 5504 1228 5578 Clemens
1267 5498 1450 5570 infra,
1475 5505 1651 5578 paulo
1683 5510 1820 5578 ante
1866 5504 2006 5578 libri

354 5564 606 5639 hujusce
637 5564 820 5652 ﬁnem
854 5592 867 5629 :
900 5575 958 5629 Τί
995 5571 1304 5652 δὶιλέγουσι
1338 5564 1492 5652 ,πρὸξ
1515 5583 1683 5652 ταῦτα
1713 5575 1766 5652 0}
1793 5577 1890 5652 τοᾷ
1918 5573 2006 5628 νό-

355 5655 460 5709 μου
492 5644 943 5721 κατατρὲχοντις,
993 5645 1085 5701 καὶ
1139 5644 1237 5702 τοῦ
1286 5644 1468 5724 γάμου
1498 5647 1572 5710 ὡς
1629 5645 1767 5701 κατᾶ
1816 5644 2002 5719 νόμων

2121 4642 2219 4714 ιιην
2250 4642 2573 4718 τῆνΚαινῇν
2598 4659 2622 4718 _;
2655 4642 2718 4696 Τί
2777 4642 2914 4718 πρὸς
2953 4642 3170 4718 ’ταύτας
3230 4644 3399 4718 εἰπεῖν
3459 4643 3650 4718 ἔχουσι
3678 4645 3775 4718 τας

2117 4711 2444 4789 νομοθεσίας
2470 4712 2651 4789 οἱτὴγ
2684 4711 2889 4789 σπορὰν
2950 4714 3038 4768 καὶ
3097 4717 3198 4782 τήν
3254 4711 3776 4789 γένέσινξμυσαττό-

2122 4784 2294 4860 μενον
2330 4785 2444 4838 ἐπεὶ
2475 4785 2563 4838 καὶ
2595 4784 2685 4837 τὸν
2733 4784 3028 4860 ἐπίσκοπον
3081 4790 3178 4860 τοῦ
3209 4784 3362 4860 οέκου
3391 4784 3578 4860 καλῶς
3610 4794 3773 4852 προῖο

2119 4857 2382 4935 στᾶμενρν
2423 4900 2436 4920 ,
2499 4857 2787 4935 νομοθετεῖ
2836 4864 2936 4926 τῆς
2997 4857 3324 4935 Ἐκκλησίας
3400 4859 3770 4935 ἀφηγεῖσθαι·

2118 4927 2262 4984 οἷκον
2294 4927 2351 4982 δὲ
2381 4927 2666 5011 κυριακὸν.
2707 4933 2836 4997 μιᾶς
2896 4929 3148 5011 γνναικὸς
3194 4927 3468 4998 συνίστησῖ
3502 4927 3721 5004 σύζυγία
3755 4951 3770 4999 ;

2119 5025 2147 5054 «
2180 5002 2327 5067 Quid
2361 5006 2558 5075 autem
2598 5000 2670 5054 ad
2705 5001 2829 5075 ᾔτει)
2863 5000 3088 5075 dicunt,
3125 5003 3225 5072 qui
3276 5003 3338 5075 in
3391 5003 3576 5075 legem
3610 5000 3774 5059 inve—

2117 5076 2361 5133 huntur,
2389 5071 2523 5125 etin
2559 5073 3028 5139 matrimonium,
3058 5079 3123 5146 ut
3145 5071 3303 5143 quod
3328 5075 3405 5128 sit
3433 5071 3477 5129 εἰ
3497 5076 3623 5146 lege
3649 5083 3774 5146 tan:

2119 5153 2243 5200 tum
2275 5159 2648 5204 concessum.
2684 5161 2802 5197 non
2837 5150 3035 5198 autem
3063 5145 3123 5198 in
3156 5147 3310 5199 Novo
3358 5145 3774 5200 Testamento?

2117 5217 2268 5281 Quid
2297 5215 2372 5269 ad
2405 5214 2509 5267 has
2542 5214 2702 5285 leges
2733 5216 2956 5274 dicent.
2991 5217 3090 5286 qui
3126 5219 3417 5272 sationem
3449 5218 3775 5286 abhorrent

2117 5296 2172 5343 et
2195 5286 2640 5359 generationem
2665 5303 2677 5352 ;
2697 5303 2830 5340 cum
2849 5285 3194 5358 episcopum
3213 5305 3472 5358 quoque,
3499 5287 3642 5359 «qui
3669 5285 3774 5338 do-

2115 5357 2238 5415 Inui
2267 5364 2423 5412 recte
2454 5357 2674 5435 praesit,
2708 5379 2735 5407 υ
2778 5357 3070 5435 _Ecclesiae
3117 5357 3378 5435 ducem;
3400 5357 3764 5435 constituat;

2115 5433 2359 5487 domum
2391 5434 2590 5482 autem
2623 5429 2995 5486 Dominicam
3027 5431 3204 5484 unius
3234 5427 3505 5484 mulieris
3545 5427 3766 5481 consti-

2116 5510 2243 5558 tuat
2273 5499 2624 5570 conjugium
2658 5499 2684 5552 ‘I
2717 5525 2737 5551 ι

2187 5576 2298 5644 (95)
2331 5569 2548 5644 Σωτήρ.
2573 5571 2743 5642 Conf,
2766 5573 2972 5631 Matth.
3004 5587 3106 5638 xu,
3139 5572 3206 5625 39
3233 5587 3246 5637 ;
3276 5586 3365 5635 xv,
3397 5569 3454 5637 2,
3487 5570 3558 5636 9;
3591 5569 3768 5623 Marc.

2116 5661 2214 5714 vn,
2250 5647 2304 5712 5,
2338 5646 2392 5700 7.
