4034 6148
319 229 454 287 1191

1546 222 1962 279 ΟΙιΒὶίΕΝΤῐΒ
1998 223 2501 280 ΔιεχΔΝυιιιιιι

3595 223 3740 281 1192

316 354 392 409 ad
421 352 596 425 plura
626 347 946 423 prolapsio.
980 344 1191 400 Tribus
1233 343 1393 399 enim
1440 343 1657 412 modis,
1705 350 1772 399 ut
1817 343 1970 399 dixi-

2091 365 2113 395 κ
2143 345 2388 419 πονηρὰν
2421 344 2512 399 καὶ
2566 338 2897 420 μοιχαλίὸα,
2929 367 2957 396 »ι
3018 341 3259 401 διδάσκει
3321 345 3399 419 μὴ
3428 344 3735 422 ἔγνωκότας

316 439 876 509 mus,i‘ornicatioet
909 434 1275 490 adulterium
1329 433 1566 488 simitur
1617 433 1773 505 apud
1822 436 1979 505 Apo-

318 532 558 587 stolum.
594 530 673 583 De
724 527 816 581 his
848 525 993 580 dicit
1027 522 1354 595 propheta:
1411 545 1437 571 «
1465 523 1730 577 Peccatis
1772 522 1980 577 vestris

318 616 637 675 venundati
663 616 824 670 estis.
861 635 889 663 »
913 615 985 668 Et
1012 628 1220 667 rursus
1246 627 1259 664 :
1284 633 1311 659 ‹‹
1341 610 1609 665 Pollutus
1641 628 1703 666 es
1734 611 1795 665 in
1822 616 1981 666 terra

320 706 611 776 alienata)
639 723 651 771 ;
679 727 705 753 ››
733 703 1218 774 conjunctionem
1256 700 1607 755 sceleratam
1653 700 1980 765 existimas,

320 814 452 869 quas
484 812 619 851 cum
650 793 850 849 alieno
882 807 1128 863 corpore
1153 790 1309 845 facta
1340 795 1449 856 est,
1490 796 1550 843 et
1581 806 1699 844 non
1731 806 1865 844 cum
1889 806 1979 853 eo,

322 885 481 959 quod
495 886 669 941 datur
682 883 745 937 in
760 880 1137 953 conjugio,ad
1149 879 1470 933 liberorum
1486 878 1978 949 procreationem.

327 977 497 1034 Unde
518 978 695 1032 etiam
720 972 1066 1045 Apostolus:
1087 994 1114 1020 «
1141 969 1305 1034 Volo,
1342 969 1844 1041 inquit,juniores
1867 985 1982 1023 nu-

322 1068 485 1134 bere,
511 1065 666 1121 ﬁlios
692 1076 1027 1134 procreare,
1051 1058 1253 1114 domui
1277 1074 1553 1129 praeesse,
1583 1057 1813 1112 nullam
1837 1056 1980 1112 dare

323 1156 698 1212 occasionem
731 1149 1068 1207 adversario
1091 1147 1391 1203 maledicti
1422 1146 1626 1217 gratia.
1658 1148 1784 1201 lam
1817 1146 1982 1201 enim

323 1244 598 1317 quadam
630 1242 997 1297 diverterunt
1040 1242 1175 1308 post
1205 1237 1482 1291 Satanam
1514 1236 1611 1307 (b).
1646 1256 1671 1285 »ι
1726 1235 1879 1300 Quin
1924 1240 1984 1290 et

322 1334 503 1389 unius
535 1346 772 1404 quoque
796 1328 999 1384 uxoris
1016 1326 1204 1380 virum
1229 1325 1433 1395 utique
1459 1324 1749 1392 admittit;
1775 1341 1879 1379 seu
1907 1323 1985 1378 sit

321 1420 651 1493 presbyter,
689 1435 793 1473 seu
826 1417 1135 1481 diaconus,
1170 1430 1275 1469 seu
1308 1413 1517 1474 laicus.
1553 1419 1729 1467 utens
1775 1412 1983 1467 matri-

214 1544 225 1557 -
321 1511 523 1567 monio
552 1510 701 1565 citra
729 1505 1263 1577 reprehensionem
1300 1520 1313 1557 :
1362 1523 1389 1552 ιι
1420 1501 1757 1557 Servabitur
1782 1507 1982 1557 autem

322 1617 429 1672 per
445 1599 706 1655 ﬁliorum
732 1594 1206 1668 procreationem
1230 1594 1321 1663 (c).
1350 1616 1370 1643 ι
1396 1593 1465 1645 Et
1484 1608 1691 1646 rursus
1713 1592 1984 1646 Servator

2082 433 2252 504 νόμον
2295 434 2369 495 ὡς
2396 434 2424 487 6
2453 432 2625 505 νόμος
2682 431 2960 508 βούλεται·
3012 460 3040 486 ιι
3074 433 3371 490 παοαδόσει
3421 432 3480 490 δὲ
3526 439 3594 509 τῇ
3624 439 3733 490 τῶν

2082 516 2461 596 πρεσϐυτέρων
2492 567 2505 591 ,
2563 522 2653 577 καὶ
2707 522 3030 597 ἑντάλμασιν
3082 523 3388 599 ἀνθρώπων
3422 546 3447 578 ι
3506 545 3738 594 κατηκο-

2085 608 2449 681 λουθηκότας,
2488 612 2770 686 μοιχεύειν
2797 613 2888 668 τὸν
2921 613 3114 686 νόμον,
3147 614 3259 689 οὐχ
3310 614 3387 677 ὡς
3435 610 3603 683 ἄνδρα
3646 612 3740 668 καὶ

2083 698 2271 773 κύριον
2302 701 2406 769 τῆς
2450 701 2741 777 παρθενίας
2786 701 2964 759 αὐτῶν
3017 699 3335 775 δεδομένον.
3366 702 3519 779 Τάχα
3551 699 3609 757 δὲ
3647 701 3740 758 καὶ

2085 786 2397 861 ἐπιθυμίαις
2449 786 2897 863 δεδουλωμένους
2941 789 3276 853 ἀλλοκοτοις
3328 789 3475 846 οἶδεν
3519 791 3739 861 αὐτοὺς,

2086 873 2158 931 δι’
2210 876 2271 940 ἃς
2329 878 2419 933 καὶ
2478 884 2725 955 συνεχῶς
2785 877 3151 953 δουλούμενοι
3228 885 3344 942 ταῖς
3404 881 3690 955 ἁμαρτίαις
3725 927 3743 955 ,

2085 964 2486 1041 ἐπιπράσκοντο
2536 974 2657 1030 τοῖς
2717 967 3081 1046 ἀλλοφύλοις⁹
3139 968 3255 1024 ἐπεὶ
3313 969 3461 1043 παρᾶ
3513 990 3574 1044 γε
3624 974 3743 1032 τοῖς

2089 1052 2379 1118 Ἰουδαίοις
2430 1056 2529 1111 οὐκ
2596 1057 2733 1125 ἦσαν
2818 1054 3271 1133 ἀποδεδειγμέναι
3325 1060 3440 1130 (96)
3494 1062 3743 1133 γυναῖκες

2082 1144 2285 1213 κοιναὶ,
2318 1143 2466 1200 ἀλλὰ
2496 1146 2584 1201 καὶ
2616 1148 2652 1215 ἠ
2688 1145 2916 1221 μοιχεία
2955 1147 3318 1221 ἀπηγόρευτο.
3353 1147 3415 1204 Ὀ
3447 1143 3503 1200 δὲ
3550 1145 3741 1201 εἰπών·

2088 1238 2383 1288 «Γυναῖκα
2441 1232 2625 1308 ἔγημα
2660 1277 2674 1303 ,
2734 1235 2823 1289 καὶ
2883 1234 2946 1290 οὐ
3007 1233 3242 1308 δύναμαι
3300 1233 3477 1299 ἐλθεῖν
3553 1234 3628 1296 εἰς
3679 1235 3744 1290 τὸ

2087 1320 2302 1377 δεῖπνον
2336 1323 2399 1377 τὸ
2433 1324 2606 1392 θεῖον,
2643 1321 2946 1399 ὑπόδειγμα
2967 1325 3034 1393 ἦν
3090 1323 3169 1386 εἲς
3218 1320 3450 1400 ἔλεγχον
3498 1328 3605 1378 τῶν
3654 1321 3748 1378 διὰ

2084 1409 2287 1481 ἡδονὰς
2323 1410 2705 1488 ἀφισταμένων
2728 1419 2828 1482 τῆς
2862 1412 3007 1472 Θείας
3038 1412 3292 1482 ἐντολῆςο
3327 1412 3441 1468 ἐπεὶ
3470 1411 3746 1485 τούτῳτῷ

2087 1497 2239 1573 λόγῳ
2314 1497 2430 1563 οὔθ’
2484 1500 2537 1555 οἱ
2593 1501 2702 1576 πρὸ
2760 1504 2858 1570 τῆς
2914 1501 3212 1576 παρουσίας
3273 1498 3475 1556 δίκαιοι
3532 1498 3643 1555 οὔθ’
3694 1502 3748 1555 οἱ

2091 1589 2226 1661 μετὰ
2279 1590 2378 1657 τὴν
2436 1589 2735 1666 παρουσίαν
2795 1590 3175 1666 γεγαμηκότες
3213 1635 3229 1661 ,
3286 1588 3383 1646 κᾶν
3444 1588 3745 1646 ἂποστολοι

324 1689 527 1745 dicens
574 1687 805 1743 Iudaeos
839 1707 867 1735 ιι
897 1683 1340 1756 generationem
1387 1696 1626 1753 pravam
1660 1685 1717 1734 et
1747 1680 1980 1735 adulte-

2092 1679 2218 1733 ὼσι.
2281 1678 2647 1747 σωθήσονται.
2707 1676 2813 1734 Κᾶν
2871 1677 3044 1734 ἐκεῖνο
3100 1679 3515 1755 προκομίσωσιν
3568 1679 3747 1751 αὖθις,

324 1794 474 1844 ram,
508 1797 537 1826 »
570 1777 743 1831 docet
794 1790 893 1829 eos
940 1772 1131 1844 legem
1184 1787 1307 1825 non
1356 1770 1720 1843 cognovisse,
1766 1774 1834 1823 ut
1883 1769 1977 1823 lex

324 1867 483 1921 vult:
518 1887 544 1914 ιι
580 1863 683 1919 sed
738 1862 1041 1917 seniorum
1095 1858 1494 1925 traditionem,
1556 1863 1615 1912 et
1664 1857 1977 1911 hominum

326 1958 624 2027 praecepta
646 1956 983 2022 sequentes,
1003 1969 1028 1999 ι
1058 1947 1395 2002 adulterare
1413 1946 1625 2018 legem,
1647 1945 1894 2016 perinde
1914 1962 1982 2000 ac

335 2044 383 2098 si
407 2059 528 2097 non
553 2046 709 2095 esset
727 2040 864 2094 data
884 2039 971 2091 vir
992 2043 1050 2092 et
1080 2036 1355 2091 dominus
1374 2051 1577 2089 eorum
1610 2034 1983 2106 virginitatis.

334 2133 606 2187 Fortasse
628 2135 826 2184 autem
851 2144 951 2182 eos
968 2140 1205 2198 quoque
1224 2124 1563 2179 innuitesse
1582 2123 1794 2178 alienis
1815 2139 1984 2177 man-

2093 1767 2167 1828 ὡς
2221 1766 2311 1820 καὶ
2344 1768 2371 1821 6
2403 1770 2693 1845 προφήτης
2753 1767 2935 1845 φητίψ
3002 1793 3024 1819 ι
3061 1769 3447 1837 Ἐπαλαιώθην
3502 1767 3553 1822 ἐν
3611 1774 3747 1822 πᾶσι

2091 1860 2209 1917 τοῖς
2240 1853 2467 1929 ἐχθροῖς
2502 1876 2628 1929 μου·
2664 1880 2692 1909 ι)
2729 1855 2963 1932 ἐχθροὺς
2998 1859 3094 1919 τὰς
3152 1857 3417 1931 ἁμαρτίας
3473 1856 3750 1912 ἀκουέτω-

2096 1964 2212 1999 σαν.
2275 1943 2387 2001 Μία
2445 1942 2502 2000 δὲ.
2556 1966 2640 2007 τις
2695 1944 2978 2020 ἁμαρτία,
3028 1944 3139 2021 ούχ
3194 1947 3223 2001 6
3278 1946 3478 2019 γάμος,
3534 1943 3664 2000 ἀλλ’
3712 1946 3750 2015 ἦ

2096 2032 2339 2108 πορνεία·
2374 2033 2491 2089 ἐπεὶ
2534 2033 2624 2089 καὶ
2682 2035 2783 2103 τὴν
2834 2033 3035 2109 γὲνεσιν
3090 2031 3394 2090 εἰπάτωσαν
3450 2033 3750 2109 ἁμαρτίαν,

2098 2120 2188 2175 καὶ
2216 2120 2311 2175 τὸν
2340 2128 2442 2191 τῆς
2471 2122 2732 2197 γενέσεως
2762 2124 3008 2193 κτίστην·

330 2221 556 2292 cipatos
587 2216 1031 2290 cupiditatibus.
1065 2221 1308 2287 propter
1337 2230 1485 2284 quas
1515 2212 1753 2268 assidue
1784 2229 2023 2284 quoque
2050 2213 2371 2268 servientes
2404 2215 2683 2285 peccatis,
2724 2215 3134 2270 vendebantur
3188 2214 3560 2287 alienigenis.
3604 2215 3753 2269 Nam

331 2310 487 2382 apud
514 2308 746 2364 Judaeos
778 2322 897 2361 non
929 2311 1101 2361 erant
1128 2303 1402 2360 admissas
1451 2318 1801 2358 communes
1856 2302 2178 2357 mulieres:
2211 2319 2415 2357 verum
2472 2303 2771 2375 probitum
2823 2310 2949 2360 erat
2977 2305 3356 2360 adulterium.
3386 2304 3494 2369 Qui
3552 2308 3754 2359 autem

331 2399 510 2455 dicit:
546 2422 571 2447 «
605 2398 852 2452 Uxorem
887 2394 1048 2460 duxi,
1080 2410 1199 2447 non
1232 2409 1475 2464 possum
1506 2392 1704 2446 venire
1737 2391 1813 2460 (ἀ)
1847 2413 1873 2439 ››
1906 2390 1979 2445 ad
2012 2390 2268 2446 divinam
2301 2407 2551 2460 orenam,
2586 2398 2675 2447 est
2720 2392 2960 2464 quidem
3016 2393 3353 2465 exemplum
3401 2392 3475 2447 ad
3506 2409 3606 2447 eos
3658 2408 3757 2446 ar—

329 2487 615 2559 guendos,
649 2487 748 2557 qui
781 2490 1023 2556 propter
1052 2482 1388 2553 voluptates
1417 2479 1801 2535 abscedunta
1829 2479 2025 2534 divino
2058 2479 2338 2535 mandato
2364 2496 2377 2533 :
2402 2480 2622 2552 alioqui
2658 2498 2769 2536 nec
2801 2482 2900 2552 qui
2939 2482 3088 2553 justi
3138 2481 3307 2536 fuere
3351 2487 3488 2536 ante
3537 2479 3755 2535 adven-

332 2583 481 2639 tum,
512 2591 620 2630 nec
650 2573 750 2645 qui
784 2578 917 2644 post
941 2572 1256 2627 adventum
1307 2585 1521 2624 uxores
1568 2568 1885 2634 duxerunt,
1921 2568 2333 2632 servabuntur,
2375 2569 2608 2623 etiamsi
2654 2570 2776 2624 sint
2831 2570 3106 2641 apostoli.
3143 2569 3307 2635 Quod
3340 2570 3390 2624 si
3422 2569 3572 2624 illud
3600 2573 3759 2624 attu—

333 2664 532 2730 lerint,
567 2662 724 2735 quod
755 2660 1045 2733 propheta
1074 2674 1310 2730 quoque
1341 2658 1487 2712 dicit
1520 2674 1532 2711 :
1566 2679 1594 2707 «
1626 2657 1948 2712 Invetaravi
1981 2656 2138 2711 inter
2166 2672 2374 2711 omnes
2423 2657 2698 2713 inimicos
2746 2675 2912 2713 meos
2942 2660 3031 2730 (e),
3072 2682 3091 2707 ι
3155 2675 3260 2730 per
3311 2658 3588 2714 inimicos
3616 2673 3758 2729 pec-

330 2759 461 2808 cata
491 2751 845 2823 intelligant.
879 2751 1071 2804 Unum
1112 2747 1410 2819 quoddam
1470 2754 1665 2802 autem
1727 2752 1816 2800 est
1872 2751 2357 2817 peccatum,non
2416 2747 2891 2815 matrimonium,
2949 2747 3053 2803 sed
3110 2746 3472 2803 fornicatio:
3529 2746 3757 2817 alioqui

331 2840 776 2915 generationem
807 2853 1042 2909 quoque
1075 2837 1276 2892 dicant
1300 2841 1633 2908 peccatum,
1665 2840 1724 2890 et
1752 2841 2081 2891 creatorem
2110 2835 2531 2907 generationis.

1821 2962 2053 3017 CAPUT
2103 2961 2253 3018 XIII.

506 3063 647 3120 Julii
673 3064 920 3121 Cassiani
944 3062 1191 3117 haeretici
1219 3061 1396 3116 verbis
1424 3061 1716 3131 respondet
1744 3079 1767 3126 ;
1795 3063 1930 3116 item
1973 3059 2089 3116 loco
2120 3077 2281 3131 quem
2311 3079 2380 3116 ea:
2404 3063 2690 3133 evangelio
2728 3063 3044 3133 apocrypho
3073 3062 3218 3118 idem
3238 3062 3572 3117 addumerat.

402 3181 640 3236 Talibus
669 3179 1037 3252 argumentis
1084 3179 1271 3233 utitur
1316 3194 1553 3248 quoque
1601 3177 1791 3232 Julius
1838 3178 1977 3232 Cas-

2156 3174 2445 3238 Τοιούτοις
2493 3175 2774 3251 ἐπιχειρεῖ
2828 3177 3116 3246 καὶὸτῆς
3174 3174 3453 3246 δοκήσεως
3510 3173 3754 3249 ἑξόρχων

334 3271 557 3337 sianus,
609 3268 710 3339 qui
774 3268 887 3323 fuit
937 3267 1216 3338 princeps
1266 3272 1440 3320 sectas
1494 3267 1870 3321 Docetarum.
1922 3267 1989 3320 In

333 3374 511 3430 opere
568 3362 724 3412 certe
783 3359 858 3410 De
910 3357 1254 3411 continentia
1287 3393 1301 3419 ,
1359 3353 1451 3408 vel
1526 3355 1603 3408 De
1678 3356 1930 3408 castitate
1970 3395 1985 3422 ,

333 3448 426 3502 his
456 3446 649 3501 verbis
698 3446 873 3501 dicit:
928 3467 955 3495 ιι
985 3449 1099 3498 Nec
1133 3444 1292 3498 dicat
1340 3443 1581 3513 aliquis,
1616 3442 1774 3512 quod
1828 3458 1983 3512 quo-

330 3536 492 3591 niam
551 3536 694 3590 talia
752 3534 1043 3589 habemus
1101 3532 1409 3597 membra,
1481 3536 1548 3585 ut
1604 3531 1780 3586 aliter
1836 3532 1987 3601 ﬁgu-

330 3631 458 3680 rata
482 3625 559 3679 sit
611 3624 855 3685 femina,
889 3622 1062 3677 aliter
1116 3637 1251 3676 vero
1306 3620 1644 3675 masculus:
1697 3620 1802 3675 illa
1849 3620 1982 3689 qui-

329 3714 466 3769 dem
496 3711 570 3768 ad
603 3711 1074 3783 suscipiendum,
1107 3710 1204 3764 hic
1234 3727 1370 3765 vero
1418 3709 1493 3764 ad
1541 3708 1981 3774 seminandum,

331 3802 566 3869 αοοψ
599 3817 947 3855 concessam
981 3815 1108 3854 esse
1141 3816 1176 3854 a
1216 3800 1332 3853 Deo
1382 3798 1895 3854 consuetudinem.
1926 3797 1984 3852 Si

329 3891 491 3947 enim
523 3905 558 3944 a
590 3890 727 3955 Deo,
760 3888 834 3944 ad
860 3904 1036 3959 quem
1072 3887 1390 3952 tendimus,
1427 3892 1583 3941 esset
1612 3887 1737 3941 baac
1766 3887 1984 3941 consti-

327 3979 499 4043 tutio,
526 3995 648 4033 non
679 3978 885 4033 beatos
927 3976 1176 4031 dixisset
1211 3991 1343 4031 esse
1397 3976 1742 4042 eunuchos;
1788 3991 1983 4046 neque

324 4067 621 4140 propheta
636 4067 935 4130 dixissset,
961 4081 1062 4120 eos
1084 4087 1108 4114 ιι
1130 4081 1251 4119 non
1284 4080 1414 4119 esse
1432 4063 1703 4119 arborem
1736 4064 1985 4136 intrugi-

322 4157 514 4213 feram
534 4157 605 4226 If)
630 4172 644 4221 ;
673 4176 701 4204 ››
722 4154 1087 4209 transferens
1109 4153 1181 4208 ab
1205 4152 1414 4208 arbore
1433 4152 1506 4208 ab
1529 4153 1856 4219 hominem,
1879 4152 1982 4223 qui

326 4262 435 4302 sua
467 4250 676 4317 sponte
708 4249 768 4298 et
798 4260 868 4298 ex
924 4243 1198 4298 instituto
1231 4258 1294 4297 se
1345 4248 1565 4297 castrat
1612 4242 1715 4297 tali
1758 4243 1979 4315 cogita-

329 4337 515 4392 tione.
550 4357 578 4385 »
612 4337 681 4389 Et
710 4351 818 4406 pro
850 4333 1037 4406 impia
1073 4332 1356 4405 opinione
1404 4333 1597 4389 adhuc
1647 4332 1979 4400 decertans,

333 4423 679 4496 subjungit:
723 4420 1029 4487 Quomodo
1077 4426 1275 4476 autem
1306 4437 1427 4476 non
1449 4421 1588 4492 jure
1618 4420 1750 4492 quis
1779 4438 1981 4492 repre-

330 4513 392 4568 hi
414 4512 612 4566 nderit
663 4511 1054 4579 Servatorem,
1106 4510 1154 4565 si
1186 4527 1295 4565 nos
1326 4509 1787 4577 transformavit,
1821 4515 1879 4564 et
1908 4510 1980 4565 ab
2008 4551 2057 4617 D

327 4615 529 4654 errore
561 4600 854 4666 liberavit,
881 4604 939 4655 et
958 4616 992 4654 a
1018 4599 1442 4671 conjunctione
1472 4597 1897 4667 membrorum,
1922 4603 1981 4653 et

328 4686 899 4755 additamentorum,
933 4693 993 4741 et
1021 4686 1434 4759 pudendorum
1453 4687 1481 4743 ?
1501 4709 1528 4737 »
1554 4688 1614 4741 in
1639 4687 1748 4741 hoc
1770 4687 1978 4742 eadem

327 4774 657 4830 decernens
714 4793 847 4831 cum
905 4775 1198 4831 Tatiano:
1257 4776 1354 4830 hic
1400 4781 1602 4831 autem
1651 4774 1873 4847 prodiit
1911 4791 1980 4830 ex

327 4862 532 4919 schola
557 4863 874 4921 Valentini.
899 4867 1217 4937 Propterea
1240 4864 1384 4920 dicit
1407 4864 1755 4921 Cassianus:
1783 4887 1811 4915 ιι
1834 4864 1979 4919 Cum

2095 3265 2329 3329 Ἰούλιος
2387 3269 2731 3330 Κασσιανός·
2790 3268 2846 3323 ἐν
2907 3272 3036 3344 γοῦν
3096 3272 3176 3339 τῷ
3230 3267 3358 3341 Περῖ
3421 3263 3757 3341 ἐγκρατείας,

2096 3353 2132 3423 ἢ
2168 3354 2295 3427 Hegi
2350 3353 2667 3430 εύνουχίας,
2727 3356 2864 3411 κατά
2914 3354 3057 3426 λέξιν
3119 3354 3304 3432 φησίν·
3367 3377 3395 3403 ‹‹
3426 3354 3523 3408 Καὶ
3564 3350 3759 3425 μηδεὶς

2097 3442 2326 3517 λεγέτω,
2349 3443 2432 3499 ὅτι
2456 3443 2671 3500 ἐπειδὰν
2708 3450 2931 3501 τοιαῦτα
2961 3445 3129 3518 μόρια
3152 3443 3410 3520 ἔσχομεν,
3435 3444 3509 3505 ὡς
3539 3443 3636 3511 τήν
3659 3440 3759 3513 μὶν

2101 3531 2328 3602 θήλειαν
2357 3533 2532 3595 οὕτως
2561 3554 2671 3609 σχη
2684 3535 2961 3607 ματίσθαι,
2992 3534 3086 3588 τὸν
3118 3530 3175 3587 δὲ
3205 3531 3400 3609 ἄρῥενα
3432 3531 3626 3598 οὕτως,
3647 3530 3751 3600 τήν

2098 3621 2192 3693 μὲν
2225 3622 2361 3696 πρὸς
2398 3623 2461 3678 τὸ
2520 3620 2799 3699 δέχεσθαι,
2856 3623 2949 3678 τὸν
3010 3621 3069 3677 δὲ
3123 3622 3262 3695 πρὸς
3314 3621 3379 3675 τὸ
3428 3619 3749 3693 ἐνσπείρειν,

2092 3712 2541 3785 συγκεχωρῆσθαι
2599 3715 2712 3785 (97)
2765 3714 2829 3767 τὸ
2879 3718 2981 3781 τῆς
3037 3709 3264 3783 ὁμιλίας
3299 3710 3447 3784 παρᾶ
3496 3712 3648 3765 Θεοῦ.
3683 3706 3747 3764 Εἰ

2090 3799 2190 3873 γὰρ
2220 3800 2288 3868 ἦν
2324 3800 2467 3874 παρᾶ
2522 3805 2679 3871 Θεοῦ,
2738 3801 2815 3865 εἷς
2854 3801 2914 3855 ’ὸν
2942 3797 3270 3873 σπεύδομεν,
3302 3801 3337 3868 ἡ
3368 3799 3592 3866 τοιαύτη
3626 3793 3748 3852 δια-

2092 3888 2279 3956 σκευή,
2327 3888 2427 3943 οὐκ
2474 3889 2533 3943 ἂν
2584 3888 2907 3963 ἐμακάρισεν
2964 3887 3094 3951 τοὺς
3150 3888 3473 3963 εὐνούχους·
3534 3883 3743 3941 ούδ⁹ἃν

2092 3977 2121 4031 6
2150 3979 2442 4052 προφήτης
2490 3978 2720 4052 εἰρήκει,
2777 4002 2805 4029 ιι
2831 3979 2909 4051 μή
2942 3975 3078 4031 εἶναι
3110 3974 3271 4049 ξύλον
3299 3972 3543 4051 ἄκαρπον
3572 3976 3681 4046 (98)
3714 3996 3743 4025 ιι

2089 4063 2308 4126 αὐτούς·
2372 4061 2695 4137 μεταλαϐὼν
2735 4066 2841 4120 ἀπὸ
2898 4068 2996 4119 τοῦ
3056 4060 3280 4138 δένδρου
3336 4062 3426 4119 ἐπὶ
3482 4063 3577 4117 τὸν
3606 4061 3748 4116 κατᾶ

2088 4153 2403 4230 προαίρεσίν
2455 4156 2743 4229 ἄνθρωπον
2803 4155 2990 4210 ἑαυτὸν
3048 4161 3149 4223 τῆς
3216 4154 3477 4224 τοιαύτης
3533 4151 3740 4214 ἑννοίας

2090 4242 2482 4318 εύνουχίζοντα
2546 4247 2701 4317 (99).
2764 4268 2792 4295 ››
2860 4243 2962 4299 Καὶ
3013 4239 3090 4298 ἔτι
3147 4243 3618 4318 ἐπαγωνιζόμενος
3667 4242 3738 4314 τῇ

2090 4328 2233 4403 ἀθέῳ
2260 4328 2408 4404 δόξῃ,
2429 4330 2693 4408 ἐπιφέρει·
2745 4336 2923 4395 «Πῶς
2956 4328 3013 4387 δδ
3070 4332 3173 4387 οὐκ
3232 4331 3292 4387 ἂν
3351 4330 3444 4385 καὶ
3499 4328 3743 4403 εὐλόγως

2086 4439 2172 4480 τις
2202 4419 2424 4491 αἰτιῷτο
2449 4419 2542 4475 τὸν
2570 4427 2823 4496 Σωτῆρα,
2859 4420 2905 4475 εἰ
2940 4418 3273 4494 μετὲπλασεν
3305 4422 3476 4492 ἡμᾶς,
3508 4418 3601 4474 καὶ
3643 4423 3742 4487 τῆς

2087 4506 2301 4578 πλάνης
2330 4508 2639 4582 ἀπήλλαξε,
2672 4509 2764 4565 καὶ
2792 4516 2894 4579 τῆς
2922 4508 3208 4571 κοινωνίας
3236 4512 3344 4563 τῶν
3392 4506 3605 4585 μορίων
3652 4506 3739 4561 καὶ

2086 4599 2479 4672 προσθεμάτων
2508 4599 2595 4653 καὶ
2631 4596 2855 4654 αἰδοίων
2889 4618 2903 4667 ;
2935 4623 2964 4652 ››
3008 4600 3077 4654 τὰ
3119 4596 3482 4674 παραπλήσια
3508 4600 3591 4667 τῷ
3640 4598 3744 4653 Ta-

2084 4690 2254 4758 τιανῷ
2282 4688 2420 4742 κατᾶ
2448 4690 2608 4742 τοῦτο
2657 4684 3025 4763 δογματίζων·
3054 4688 3083 4742 6
3115 4683 3162 4740 δ’
3192 4685 3252 4741 ἐκ
3297 4692 3399 4755 τῆς
3447 4684 3742 4743 Οὐαλεντί-

2086 4795 2181 4829 νου
2232 4774 2541 4853 ἐξεφοίτησε
2598 4775 2837 4851 σχολῆς.
2895 4776 2995 4830 Διὰ
3052 4774 3214 4830 τοῦτό
3269 4794 3354 4829 τοι
3388 4773 3749 4836 όΚασσιανός

2089 4884 2244 4940 φησι.
2268 4888 2295 4916 (ι
2314 4869 2554 4928 Πυνθανς,
2568 4866 2738 4938 μένης
2754 4867 2831 4938 (1)
2847 4870 2914 4934 τῆ
2929 4887 2953 4923 ς
2968 4861 3274 4937 Σαλώμης,
3288 4861 3422 4918 πότε
3432 4864 3748 4939 γνωσθήσε-

404 4987 626 5063 (a)_l_s_a.
660 4992 795 5063 ιη).
826 4990 901 5063 (b)
937 4990 1130 5063 IiTim.
1164 5009 1216 5051 v.
1253 4993 1339 5059 14,
1373 4994 1457 5047 15.
1511 4992 1578 5061 (c)
1612 4991 1632 5045 Ι
1663 4990 1808 5048 Tim.
1844 5008 1907 5062 ιι,
1966 4993 1981 5044 1

2107 4990 2188 5063 (d)
2224 4992 2359 5048 Luc.
2414 5009 2528 5062 xxv,
2587 4995 2677 5049 20.
2737 4994 2800 5063 (ε)
2861 4992 3017 5048 Psal.
3067 5009 3140 5060 v1,
3173 4991 3314 5054 8.4‘
3351 4991 3414 5045 P.
3474 4991 3578 5045 553
3633 4989 3747 5045 ΕΙ).

327 5059 625 5125 ΡΟΤΤΕΗ,
656 5059 780 5125 465,
813 5062 915 5113 466
951 5062 1061 5116 ED.
1094 5064 1322 5119 PARlS.
1357 5066 1425 5134 (f)
1446 5059 1557 5118 lsa.
1590 5079 1699 5128 LVI,
1731 5065 1782 5119 3.

399 5186 514 5263 (96)
552 5179 1082 5263 Δ’,Αποδεδειγμίιναμ
1132 5188 1222 5263 vel
1277 5189 1473 5263 potius
1510 5184 1979 5263 idneSaSsyuévat,

331 5254 787 5339 εῢζᾴποδὲχομαι
824 5280 838 5321 ;
859 5254 1427 5339 31tsupe‘riusfpag.
1462 5262 1586 5313 546.

402 5334 514 5401 (97)
548 5328 1038 5410 Συγκεχωρῇσθαι.
1070 5328 1246 5410 "Flor.
1300 5328 1471 5397 edit.,
1524 5328 1982 5402 συγκεχωρίσθαι,

333 5398 533 5459 errore
566 5398 709 5460 satis
731 5398 1020 5457 'évidenti.
1069 5398 1339 5453 Summo.

549 5475 848 5549 Ἀκαρπον,
878 5466 1091 5549 Ξηρόν,
1124 5471 1233 5549 188.ἶ

407 5536 518 5618 (99)
581 5536 843 5604 Ἑσιύτὸν⁷
898 5536 998 5611 τῆς
1077 5536 1345 5609 τοιαύτης
1434 5536 1643 5601 ἐννοίας
1735 5540 1986 5618 εὐνουχί-

2094 5192 2272 5261 ζοντα.
2305 5189 2446 5261 Vide
2506 5189 2765 5261 similem
2821 5189 3069 5261 phrasin
3113 5207 3169 5261 ρ,
3202 5191 3300 5245 451
3361 5191 3500 5246 edit.
3534 5188 3747 5253 Paris.,

2092 5259 2486 5332 εὐνουχίζοντα
2506 5259 2692 5314 ἑαυτὸν
2726 5258 2903 5330 πάσης
2934 5258 3250 5328 ἐπιθυμίας.
3297 5262 3523 5317 Lowm.

2162 5330 2711 5402 (1)’ῐιυνθανομὲνης.
2751 5332 3025 5388 Clemens
3074 5334 3377 5389 Romanus
3424 5332 3533 5388 sub
3569 5330 3754 5402 finem

2094 5399 2467 5494 pest'eriuris'
2602 5404 2941 5494 Corinthios
2992 5403 3272 5494 Epistolas
3298 5420 3311 5457 :
3341 5399 3753 5494 ἠιξπερωτζθξὶξ

2093 5471 2199 5621 γὰρ
2259 5473 2474 5537 αὐτὸςὸ
2507 5474 2706 5549 Κύριος
2767 5473 2871 5529 ὑπό
2927 5471 3099 5542 τινός,
3160 5473 3295 5528 πότε
3343 5471 3488 5543 ἥξει’
3519 5471 3756 5542 αὑτοῦὴ

2135 5543 2370 5619 ασιλεία,
2403 5546 2571 5602 εἶπεν
2602 5547 2768 5605 Ὀταν
2796 5544 2943 5601 ἔσται
2971 5546 3039 5601 τὰ
3088 5543 3208 5615 δύο,
3262 5538 3340 5617 ἔν,
3387 5543 3482 5600 καὶ
3535 5543 3601 5599 τὸ
3651 5538 3758 5614 ἔξω
