  <div class='ocr_page' id='page_1' title='image "/cluster/home/n/w/nwhite01/storage/ocr_20150623/8/mdp.39015008686480/604.png"; bbox 0 0 4034 6148; ppageno 0'>
   <div class='ocr_carea' id='block_1_1' title="bbox 310 257 454 314">
    <p class='ocr_par' dir='ltr' id='par_1_1' title="bbox 310 257 454 314">
     <span class='ocr_line' id='line_1_1' title="bbox 310 257 454 314; baseline -0.014 0"><span class='ocrx_word' id='word_1_1' title='bbox 310 257 454 314; x_wconf 77' lang='grc'><strong>1193</strong></span> 
     </span>
    </p>
   </div>
   <div class='ocr_carea' id='block_1_2' title="bbox 1643 263 2402 321">
    <p class='ocr_par' dir='ltr' id='par_1_2' title="bbox 1643 263 2402 321">
     <span class='ocr_line' id='line_1_2' title="bbox 1643 263 2402 321; baseline 0.003 -5"><span class='ocrx_word' id='word_1_2' title='bbox 1643 263 2091 320; x_wconf 74' lang='lat' dir='ltr'>STROMATUM</span> <span class='ocrx_word' id='word_1_3' title='bbox 2126 267 2260 321; x_wconf 80' lang='lat' dir='ltr'>LIB.</span> <span class='ocrx_word' id='word_1_4' title='bbox 2303 266 2402 319; x_wconf 90' lang='lat' dir='ltr'>III.</span> 
     </span>
    </p>
   </div>
   <div class='ocr_carea' id='block_1_3' title="bbox 3597 271 3736 326">
    <p class='ocr_par' dir='ltr' id='par_1_3' title="bbox 3597 271 3736 326">
     <span class='ocr_line' id='line_1_3' title="bbox 3597 271 3736 326; baseline 0.007 -1"><span class='ocrx_word' id='word_1_5' title='bbox 3597 271 3736 326; x_wconf 72' lang='grc'><strong>1194</strong></span> 
     </span>
    </p>
   </div>
   <div class='ocr_carea' id='block_1_4' title="bbox 290 378 1942 465">
    <p class='ocr_par' dir='ltr' id='par_1_4' title="bbox 290 378 1942 458">
     <span class='ocr_line' id='line_1_4' title="bbox 290 378 1942 458; baseline 0.001 -22"><span class='ocrx_word' id='word_1_6' title='bbox 290 427 318 436; x_wconf 77' lang='grc'>-</span> <span class='ocrx_word' id='word_1_7' title='bbox 351 383 502 436; x_wconf 87' lang='grc' dir='ltr'>αιτά</span> <span class='ocrx_word' id='word_1_8' title='bbox 557 379 682 455; x_wconf 83' lang='grc' dir='ltr'><strong>περὶ</strong></span> <span class='ocrx_word' id='word_1_9' title='bbox 723 381 794 435; x_wconf 82' lang='grc' dir='ltr'>ὧν</span> <span class='ocrx_word' id='word_1_10' title='bbox 827 379 1016 457; x_wconf 80' lang='grc' dir='ltr'><strong>ἤρετο,</strong></span> <span class='ocrx_word' id='word_1_11' title='bbox 1073 378 1176 458; x_wconf 73' lang='grc' dir='ltr'><strong>ἔφη</strong></span> <span class='ocrx_word' id='word_1_12' title='bbox 1211 383 1239 435; x_wconf 88' lang='grc' dir='ltr'>ὁ</span> <span class='ocrx_word' id='word_1_13' title='bbox 1282 380 1507 456; x_wconf 78' lang='grc' dir='ltr'>Κύριος·</span> <span class='ocrx_word' id='word_1_14' title='bbox 1566 385 1732 440; x_wconf 86' lang='grc' dir='ltr'><strong>’Όταν</strong></span> <span class='ocrx_word' id='word_1_15' title='bbox 1789 383 1853 438; x_wconf 82' lang='grc' dir='ltr'><strong>τὸ</strong></span> <span class='ocrx_word' id='word_1_16' title='bbox 1880 389 1942 452; x_wconf 80' lang='grc' dir='ltr'>τῆ</span> 
     </span>
    </p>
   </div>
   <div class='ocr_carea' id='block_1_5' title="bbox 2063 378 3734 465">
    <p class='ocr_par' dir='ltr' id='par_1_5' title="bbox 2094 389 3734 465">
     <span class='ocr_line' id='line_1_5' title="bbox 2094 389 3734 465; baseline 0.005 -22"><span class='ocrx_word' id='word_1_17' title='bbox 2094 390 2486 457; x_wconf 74' lang='lat' dir='ltr'>interrogaret</span> <span class='ocrx_word' id='word_1_18' title='bbox 2540 389 2796 456; x_wconf 89' lang='lat' dir='ltr'>Salome,</span> <span class='ocrx_word' id='word_1_19' title='bbox 2828 391 3064 460; x_wconf 85' lang='lat' dir='ltr'>quando</span> <span class='ocrx_word' id='word_1_20' title='bbox 3091 399 3522 465; x_wconf 81' lang='lat' dir='ltr'>cognoscentur</span> <span class='ocrx_word' id='word_1_21' title='bbox 3540 412 3628 463; x_wconf 92' lang='lat' dir='ltr'>ea,</span> <span class='ocrx_word' id='word_1_22' title='bbox 3662 396 3734 451; x_wconf 91' lang='lat' dir='ltr'>de</span> 
     </span>
    </p>
   </div>
   <div class='ocr_carea' id='block_1_6' title="bbox 307 467 1974 547">
    <p class='ocr_par' dir='ltr' id='par_1_6' title="bbox 307 467 1974 547">
     <span class='ocr_line' id='line_1_6' title="bbox 307 467 1974 547; baseline -0.001 -19"><span class='ocrx_word' id='word_1_23' title='bbox 307 471 582 547; x_wconf 75' lang='grc' dir='ltr'>αἰσχύνης</span> <span class='ocrx_word' id='word_1_24' title='bbox 614 467 818 542; x_wconf 78' lang='grc' dir='ltr'><strong>ἔνδυμα</strong></span> <span class='ocrx_word' id='word_1_25' title='bbox 850 473 1152 540; x_wconf 71' lang='grc' dir='ltr'><strong>πατήσητε,</strong></span> <span class='ocrx_word' id='word_1_26' title='bbox 1185 470 1275 524; x_wconf 83' lang='grc' dir='ltr'><strong>καὶ</strong></span> <span class='ocrx_word' id='word_1_27' title='bbox 1324 470 1451 526; x_wconf 81' lang='grc' dir='ltr'><strong>ὅταν</strong></span> <span class='ocrx_word' id='word_1_28' title='bbox 1503 471 1726 544; x_wconf 76' lang='grc' dir='ltr'><strong>γένηται</strong></span> <span class='ocrx_word' id='word_1_29' title='bbox 1781 473 1849 526; x_wconf 77' lang='grc' dir='ltr'><strong>τὰ</strong></span> <span class='ocrx_word' id='word_1_30' title='bbox 1879 470 1974 527; x_wconf 73' lang='grc' dir='ltr'>δύο</span> 
     </span>
    </p>
   </div>
   <div class='ocr_carea' id='block_1_7' title="bbox 299 558 1976 636">
    <p class='ocr_par' dir='ltr' id='par_1_7' title="bbox 299 558 1976 636">
     <span class='ocr_line' id='line_1_7' title="bbox 299 558 1976 636; baseline -0.001 -19"><span class='ocrx_word' id='word_1_31' title='bbox 299 583 385 631; x_wconf 91' lang='grc' dir='ltr'>εν,</span> <span class='ocrx_word' id='word_1_32' title='bbox 411 560 598 616; x_wconf 78' lang='grc' dir='ltr'><strong>καὶτὸ</strong></span> <span class='ocrx_word' id='word_1_33' title='bbox 641 558 800 635; x_wconf 74' lang='grc' dir='ltr'>ἁρῥεν</span> <span class='ocrx_word' id='word_1_34' title='bbox 835 561 972 632; x_wconf 83' lang='grc' dir='ltr'><strong>μετὰ</strong></span> <span class='ocrx_word' id='word_1_35' title='bbox 1012 563 1113 624; x_wconf 78' lang='grc' dir='ltr'><strong>τῆς</strong></span> <span class='ocrx_word' id='word_1_36' title='bbox 1173 558 1422 629; x_wconf 76' lang='grc' dir='ltr'>θηλείας,</span> <span class='ocrx_word' id='word_1_37' title='bbox 1457 560 1579 615; x_wconf 75' lang='grc' dir='ltr'><strong>οὕτε</strong></span> <span class='ocrx_word' id='word_1_38' title='bbox 1634 560 1790 636; x_wconf 75' lang='grc' dir='ltr'><strong>ἄῤῥεν</strong></span> <span class='ocrx_word' id='word_1_39' title='bbox 1851 561 1976 616; x_wconf 81' lang='grc' dir='ltr'><strong>οὕτε</strong></span> 
     </span>
    </p>
   </div>
   <div class='ocr_carea' id='block_1_8' title="bbox 311 647 1974 723">
    <p class='ocr_par' dir='ltr' id='par_1_8' title="bbox 311 647 1974 723">
     <span class='ocr_line' id='line_1_8' title="bbox 311 647 1974 723; baseline -0.001 -19"><span class='ocrx_word' id='word_1_40' title='bbox 311 649 476 720; x_wconf 85' lang='grc' dir='ltr'><strong>θῆλυ.</strong></span> <span class='ocrx_word' id='word_1_41' title='bbox 543 673 571 700; x_wconf 82' lang='grc' dir='ltr'><strong>›ι</strong></span> <span class='ocrx_word' id='word_1_42' title='bbox 637 652 860 722; x_wconf 82' lang='grc' dir='ltr'><strong>Πρῶτον</strong></span> <span class='ocrx_word' id='word_1_43' title='bbox 924 648 1020 719; x_wconf 78' lang='grc' dir='ltr'>μὶν</span> <span class='ocrx_word' id='word_1_44' title='bbox 1081 649 1170 702; x_wconf 80' lang='grc' dir='ltr'>οὖν</span> <span class='ocrx_word' id='word_1_45' title='bbox 1231 647 1283 702; x_wconf 82' lang='grc' dir='ltr'><strong>ἐν</strong></span> <span class='ocrx_word' id='word_1_46' title='bbox 1340 654 1459 712; x_wconf 84' lang='grc' dir='ltr'><strong>τοῖς</strong></span> <span class='ocrx_word' id='word_1_47' title='bbox 1513 647 1974 723; x_wconf 76' lang='grc' dir='ltr'><strong>παραδιδομένοις</strong></span> 
     </span>
    </p>
   </div>
   <div class='ocr_carea' id='block_1_9' title="bbox 300 738 1968 815">
    <p class='ocr_par' dir='ltr' id='par_1_9' title="bbox 300 738 1968 815">
     <span class='ocr_line' id='line_1_9' title="bbox 300 738 1968 815; baseline -0.001 -21"><span class='ocrx_word' id='word_1_48' title='bbox 300 745 438 813; x_wconf 79' lang='grc' dir='ltr'><strong>ἡμῖν</strong></span> <span class='ocrx_word' id='word_1_49' title='bbox 495 741 776 813; x_wconf 77' lang='grc' dir='ltr'><strong>τετταρσιν</strong></span> <span class='ocrx_word' id='word_1_50' title='bbox 843 739 1203 814; x_wconf 85' lang='grc' dir='ltr'><strong>ΕὐαγγεΛίοις</strong></span> <span class='ocrx_word' id='word_1_51' title='bbox 1260 739 1363 794; x_wconf 82' lang='grc' dir='ltr'>οὐκ</span> <span class='ocrx_word' id='word_1_52' title='bbox 1418 738 1621 815; x_wconf 81' lang='grc' dir='ltr'><strong>ἔχομεν</strong></span> <span class='ocrx_word' id='word_1_53' title='bbox 1670 742 1732 795; x_wconf 88' lang='grc' dir='ltr'><strong>τὸ</strong></span> <span class='ocrx_word' id='word_1_54' title='bbox 1783 740 1968 812; x_wconf 69' lang='grc' dir='ltr'><strong>ῥητὸν,</strong></span> 
     </span>
    </p>
   </div>
   <div class='ocr_carea' id='block_1_10' title="bbox 306 825 1970 903">
    <p class='ocr_par' dir='ltr' id='par_1_10' title="bbox 306 825 1970 903">
     <span class='ocr_line' id='line_1_10' title="bbox 306 825 1970 903; baseline 0 -19"><span class='ocrx_word' id='word_1_55' title='bbox 306 827 437 884; x_wconf 83' lang='grc' dir='ltr'>ἀλλ’</span> <span class='ocrx_word' id='word_1_56' title='bbox 466 828 519 883; x_wconf 78' lang='grc' dir='ltr'>ἐν</span> <span class='ocrx_word' id='word_1_57' title='bbox 558 833 638 899; x_wconf 88' lang='grc' dir='ltr'>τῷ</span> <span class='ocrx_word' id='word_1_58' title='bbox 686 828 802 882; x_wconf 88' lang='grc' dir='ltr'><strong>κατ’</strong></span> <span class='ocrx_word' id='word_1_59' title='bbox 863 827 1216 901; x_wconf 72' lang='grc' dir='ltr'><strong>Αἷγυπτίους·</strong></span> <span class='ocrx_word' id='word_1_60' title='bbox 1255 825 1440 882; x_wconf 82' lang='grc' dir='ltr'><strong>ἔπειτα</strong></span> <span class='ocrx_word' id='word_1_61' title='bbox 1496 827 1553 882; x_wconf 75' lang='grc' dir='ltr'>δὲ</span> <span class='ocrx_word' id='word_1_62' title='bbox 1604 830 1812 903; x_wconf 79' lang='grc' dir='ltr'>ἀγνοεῖν</span> <span class='ocrx_word' id='word_1_63' title='bbox 1875 851 1970 901; x_wconf 89' lang='grc' dir='ltr'>μοι</span> 
     </span>
    </p>
   </div>
   <div class='ocr_carea' id='block_1_11' title="bbox 305 915 1964 992">
    <p class='ocr_par' dir='ltr' id='par_1_11' title="bbox 305 915 1964 992">
     <span class='ocr_line' id='line_1_11' title="bbox 305 915 1964 992; baseline -0.001 -20"><span class='ocrx_word' id='word_1_64' title='bbox 305 916 484 987; x_wconf 75' lang='grc' dir='ltr'><strong>δοκεῖ,</strong></span> <span class='ocrx_word' id='word_1_65' title='bbox 518 917 602 972; x_wconf 78' lang='grc' dir='ltr'><strong>ὅτι</strong></span> <span class='ocrx_word' id='word_1_66' title='bbox 634 918 805 988; x_wconf 79' lang='grc' dir='ltr'><strong>θυμὸν</strong></span> <span class='ocrx_word' id='word_1_67' title='bbox 855 917 949 988; x_wconf 75' lang='grc' dir='ltr'>μὲν</span> <span class='ocrx_word' id='word_1_68' title='bbox 999 916 1195 992; x_wconf 42' lang='grc' dir='ltr'><strong>ἁριἷενα</strong></span> <span class='ocrx_word' id='word_1_69' title='bbox 1245 919 1449 991; x_wconf 80' lang='grc' dir='ltr'><strong>ὁρμην,</strong></span> <span class='ocrx_word' id='word_1_70' title='bbox 1483 917 1710 986; x_wconf 80' lang='grc' dir='ltr'><strong>θήλειαν</strong></span> <span class='ocrx_word' id='word_1_71' title='bbox 1761 915 1819 972; x_wconf 74' lang='grc' dir='ltr'>δὲ</span> <span class='ocrx_word' id='word_1_72' title='bbox 1869 920 1964 987; x_wconf 83' lang='grc' dir='ltr'>τήν</span> 
     </span>
    </p>
   </div>
   <div class='ocr_carea' id='block_1_12' title="bbox 301 1003 1962 1081">
    <p class='ocr_par' dir='ltr' id='par_1_12' title="bbox 301 1003 1962 1081">
     <span class='ocr_line' id='line_1_12' title="bbox 301 1003 1962 1081; baseline 0 -20"><span class='ocrx_word' id='word_1_73' title='bbox 301 1006 595 1078; x_wconf 72' lang='grc' dir='ltr'>ἐπιθυμίαν</span> <span class='ocrx_word' id='word_1_74' title='bbox 658 1004 950 1060; x_wconf 79' lang='grc' dir='ltr'><strong>αἰνίττεται</strong></span> <span class='ocrx_word' id='word_1_75' title='bbox 1007 1008 1089 1067; x_wconf 81' lang='grc' dir='ltr'><strong>οἷς</strong></span> <span class='ocrx_word' id='word_1_76' title='bbox 1150 1005 1489 1081; x_wconf 68' lang='grc' dir='ltr'><strong>ἐνεργήσασι,</strong></span> <span class='ocrx_word' id='word_1_77' title='bbox 1528 1003 1783 1078; x_wconf 70' lang='grc' dir='ltr'><strong>μετάνοια</strong></span> <span class='ocrx_word' id='word_1_78' title='bbox 1837 1003 1962 1061; x_wconf 74' lang='grc' dir='ltr'><strong>ἕπε·</strong></span> 
     </span>
    </p>
   </div>
   <div class='ocr_carea' id='block_1_13' title="bbox 297 1093 1965 1169">
    <p class='ocr_par' dir='ltr' id='par_1_13' title="bbox 297 1093 1965 1169">
     <span class='ocr_line' id='line_1_13' title="bbox 297 1093 1965 1169; baseline 0.001 -20"><span class='ocrx_word' id='word_1_79' title='bbox 297 1117 387 1150; x_wconf 89' lang='grc' dir='ltr'>ται</span> <span class='ocrx_word' id='word_1_80' title='bbox 439 1096 527 1149; x_wconf 77' lang='grc' dir='ltr'><strong>καὶ</strong></span> <span class='ocrx_word' id='word_1_81' title='bbox 590 1093 850 1168; x_wconf 76' lang='grc' dir='ltr'><strong>αἰσχύνη.</strong></span> <span class='ocrx_word' id='word_1_82' title='bbox 907 1095 1070 1150; x_wconf 80' lang='grc' dir='ltr'><strong>“()ταν</strong></span> <span class='ocrx_word' id='word_1_83' title='bbox 1133 1094 1247 1163; x_wconf 79' lang='grc' dir='ltr'><strong>οὖν,</strong></span> <span class='ocrx_word' id='word_1_84' title='bbox 1312 1096 1451 1166; x_wconf 67' lang='grc' dir='ltr'><strong>μήτε</strong></span> <span class='ocrx_word' id='word_1_85' title='bbox 1506 1116 1590 1156; x_wconf 86' lang='grc' dir='ltr'>τις</span> <span class='ocrx_word' id='word_1_86' title='bbox 1653 1099 1800 1169; x_wconf 79' lang='grc' dir='ltr'><strong>θυμῇ</strong></span> <span class='ocrx_word' id='word_1_87' title='bbox 1837 1100 1965 1168; x_wconf 73' lang='grc' dir='ltr'><strong>μήτ’</strong></span> 
     </span>
    </p>
   </div>
   <div class='ocr_carea' id='block_1_14' title="bbox 298 1177 1966 1257">
    <p class='ocr_par' dir='ltr' id='par_1_14' title="bbox 298 1177 1966 1257">
     <span class='ocr_line' id='line_1_14' title="bbox 298 1177 1966 1257; baseline 0 -19"><span class='ocrx_word' id='word_1_88' title='bbox 298 1183 565 1255; x_wconf 76' lang='grc' dir='ltr'><strong>ἐπιθυμίᾳ</strong></span> <span class='ocrx_word' id='word_1_89' title='bbox 623 1182 1023 1257; x_wconf 66' lang='grc' dir='ltr'>χαρισάμενος,</span> <span class='ocrx_word' id='word_1_90' title='bbox 1057 1181 1089 1235; x_wconf 75' lang='grc' dir='ltr'>’ἁ</span> <span class='ocrx_word' id='word_1_91' title='bbox 1123 1180 1188 1250; x_wconf 76' lang='grc' dir='ltr'>δὴ</span> <span class='ocrx_word' id='word_1_92' title='bbox 1223 1183 1313 1236; x_wconf 88' lang='grc' dir='ltr'><strong>καὶ</strong></span> <span class='ocrx_word' id='word_1_93' title='bbox 1372 1182 1422 1255; x_wconf 79' lang='grc' dir='ltr'>ἐξ</span> <span class='ocrx_word' id='word_1_94' title='bbox 1481 1177 1636 1246; x_wconf 77' lang='grc' dir='ltr'><strong>ἔθους</strong></span> <span class='ocrx_word' id='word_1_95' title='bbox 1690 1183 1780 1238; x_wconf 85' lang='grc' dir='ltr'><strong>καὶ</strong></span> <span class='ocrx_word' id='word_1_96' title='bbox 1836 1204 1966 1256; x_wconf 90' lang='grc' dir='ltr'><strong>τρο-</strong></span> 
     </span>
    </p>
   </div>
   <div class='ocr_carea' id='block_1_15' title="bbox 300 1270 1960 1351">
    <p class='ocr_par' dir='ltr' id='par_1_15' title="bbox 300 1270 1960 1351">
     <span class='ocr_line' id='line_1_15' title="bbox 300 1270 1960 1351; baseline -0.001 -24"><span class='ocrx_word' id='word_1_97' title='bbox 300 1276 405 1351; x_wconf 79' lang='grc' dir='ltr'>φῆς</span> <span class='ocrx_word' id='word_1_98' title='bbox 436 1279 610 1340; x_wconf 82' lang='grc' dir='ltr'><strong>κακῆς</strong></span> <span class='ocrx_word' id='word_1_99' title='bbox 645 1271 949 1342; x_wconf 74' lang='grc' dir='ltr'><strong>αὐξήσαντα</strong></span> <span class='ocrx_word' id='word_1_100' title='bbox 1002 1270 1298 1341; x_wconf 74' lang='grc' dir='ltr'><strong>ἐπισκιαξει</strong></span> <span class='ocrx_word' id='word_1_101' title='bbox 1350 1271 1441 1326; x_wconf 86' lang='grc' dir='ltr'><strong>καὶ</strong></span> <span class='ocrx_word' id='word_1_102' title='bbox 1493 1270 1820 1346; x_wconf 78' lang='grc' dir='ltr'><strong>ἐγκαλύπτει</strong></span> <span class='ocrx_word' id='word_1_103' title='bbox 1870 1273 1960 1326; x_wconf 84' lang='grc' dir='ltr'><strong>τὸν</strong></span> 
     </span>
    </p>
   </div>
   <div class='ocr_carea' id='block_1_16' title="bbox 301 1358 1957 1437">
    <p class='ocr_par' dir='ltr' id='par_1_16' title="bbox 301 1358 1957 1437">
     <span class='ocr_line' id='line_1_16' title="bbox 301 1358 1957 1437; baseline -0.001 -21"><span class='ocrx_word' id='word_1_104' title='bbox 301 1361 599 1437; x_wconf 84' lang='grc' dir='ltr'><strong>λογισμὸν,</strong></span> <span class='ocrx_word' id='word_1_105' title='bbox 631 1358 758 1415; x_wconf 83' lang='grc' dir='ltr'>ἀλλ’</span> <span class='ocrx_word' id='word_1_106' title='bbox 810 1358 1224 1433; x_wconf 78' lang='grc' dir='ltr'><strong>ἀποδυσάμενος</strong></span> <span class='ocrx_word' id='word_1_107' title='bbox 1254 1362 1354 1430; x_wconf 77' lang='grc' dir='ltr'>τήν</span> <span class='ocrx_word' id='word_1_108' title='bbox 1407 1359 1468 1415; x_wconf 78' lang='grc' dir='ltr'><strong>ἐκ</strong></span> <span class='ocrx_word' id='word_1_109' title='bbox 1511 1361 1719 1415; x_wconf 76' lang='grc' dir='ltr'><strong>τούτων</strong></span> <span class='ocrx_word' id='word_1_110' title='bbox 1755 1360 1957 1435; x_wconf 82' lang='grc' dir='ltr'><strong>ἀχλὺν,</strong></span> 
     </span>
    </p>
   </div>
   <div class='ocr_carea' id='block_1_17' title="bbox 295 1450 1956 1525">
    <p class='ocr_par' dir='ltr' id='par_1_17' title="bbox 295 1450 1956 1525">
     <span class='ocr_line' id='line_1_17' title="bbox 295 1450 1956 1525; baseline -0.001 -19"><span class='ocrx_word' id='word_1_111' title='bbox 295 1451 355 1506; x_wconf 72' lang='grc' dir='ltr'>ἐκ</span> <span class='ocrx_word' id='word_1_112' title='bbox 379 1450 663 1525; x_wconf 77' lang='grc' dir='ltr'><strong>μετανοίας</strong></span> <span class='ocrx_word' id='word_1_113' title='bbox 694 1450 1124 1524; x_wconf 83' lang='grc' dir='ltr'>καταισχυνθεὶς,</span> <span class='ocrx_word' id='word_1_114' title='bbox 1159 1455 1372 1522; x_wconf 77' lang='grc' dir='ltr'><strong>πνεῦμα</strong></span> <span class='ocrx_word' id='word_1_115' title='bbox 1409 1451 1496 1504; x_wconf 83' lang='grc' dir='ltr'><strong>καὶ</strong></span> <span class='ocrx_word' id='word_1_116' title='bbox 1529 1452 1716 1525; x_wconf 79' lang='grc' dir='ltr'><strong>ψυχὴν</strong></span> <span class='ocrx_word' id='word_1_117' title='bbox 1769 1451 1956 1505; x_wconf 68' lang='grc' dir='ltr'><strong>ἑνώσει</strong></span> 
     </span>
    </p>
   </div>
   <div class='ocr_carea' id='block_1_18' title="bbox 296 1538 1952 1612">
    <p class='ocr_par' dir='ltr' id='par_1_18' title="bbox 296 1538 1952 1612">
     <span class='ocr_line' id='line_1_18' title="bbox 296 1538 1952 1612; baseline -0.002 -16"><span class='ocrx_word' id='word_1_118' title='bbox 296 1542 435 1596; x_wconf 79' lang='grc' dir='ltr'>κατᾶ</span> <span class='ocrx_word' id='word_1_119' title='bbox 460 1541 562 1609; x_wconf 77' lang='grc' dir='ltr'>τήν</span> <span class='ocrx_word' id='word_1_120' title='bbox 593 1543 690 1593; x_wconf 80' lang='grc' dir='ltr'>τοῦ</span> <span class='ocrx_word' id='word_1_121' title='bbox 748 1538 927 1612; x_wconf 78' lang='grc' dir='ltr'>Λόγου</span> <span class='ocrx_word' id='word_1_122' title='bbox 991 1540 1258 1608; x_wconf 58' lang='grc' dir='ltr'><strong>ὑπακοήν</strong></span> <span class='ocrx_word' id='word_1_123' title='bbox 1318 1539 1463 1604; x_wconf 88' lang='grc' dir='ltr'><strong>τότε,</strong></span> <span class='ocrx_word' id='word_1_124' title='bbox 1519 1539 1594 1600; x_wconf 87' lang='grc' dir='ltr'>ὡς</span> <span class='ocrx_word' id='word_1_125' title='bbox 1649 1540 1677 1593; x_wconf 89' lang='lat'>6</span> <span class='ocrx_word' id='word_1_126' title='bbox 1737 1539 1952 1600; x_wconf 85' lang='grc' dir='ltr'>Παῦλός</span> 
     </span>
    </p>
   </div>
   <div class='ocr_carea' id='block_1_19' title="bbox 301 1623 1951 1708">
    <p class='ocr_par' dir='ltr' id='par_1_19' title="bbox 301 1623 1951 1708">
     <span class='ocr_line' id='line_1_19' title="bbox 301 1623 1951 1708; baseline -0.003 -25"><span class='ocrx_word' id='word_1_127' title='bbox 301 1651 486 1708; x_wconf 73' lang='grc' dir='ltr'><strong>φησιν,</strong></span> <span class='ocrx_word' id='word_1_128' title='bbox 533 1653 560 1680; x_wconf 87' lang='grc'><em>‹‹</em></span> <span class='ocrx_word' id='word_1_129' title='bbox 589 1627 702 1684; x_wconf 84' lang='grc' dir='ltr'><strong>Οὐκ</strong></span> <span class='ocrx_word' id='word_1_130' title='bbox 734 1631 810 1701; x_wconf 84' lang='grc'>(2)</span> <span class='ocrx_word' id='word_1_131' title='bbox 843 1623 919 1682; x_wconf 82' lang='grc' dir='ltr'><strong>ἔνι</strong></span> <span class='ocrx_word' id='word_1_132' title='bbox 951 1627 1003 1681; x_wconf 79' lang='grc' dir='ltr'><strong>ἐν</strong></span> <span class='ocrx_word' id='word_1_133' title='bbox 1031 1629 1166 1699; x_wconf 77' lang='grc' dir='ltr'><strong>ἡμῖν</strong></span> <span class='ocrx_word' id='word_1_134' title='bbox 1227 1628 1329 1682; x_wconf 77' lang='grc' dir='ltr'>οὐκ</span> <span class='ocrx_word' id='word_1_135' title='bbox 1388 1624 1567 1702; x_wconf 73' lang='grc' dir='ltr'><strong>ἅρρεν,</strong></span> <span class='ocrx_word' id='word_1_136' title='bbox 1599 1627 1666 1681; x_wconf 80' lang='grc' dir='ltr'>οὐ</span> <span class='ocrx_word' id='word_1_137' title='bbox 1726 1627 1887 1695; x_wconf 73' lang='grc' dir='ltr'><strong>θῆλυ.</strong></span> <span class='ocrx_word' id='word_1_138' title='bbox 1922 1652 1951 1679; x_wconf 88' lang='grc'><strong>››</strong></span> 
     </span>
    </p>
   </div>
   <div class='ocr_carea' id='block_1_20' title="bbox 295 1712 1947 1790">
    <p class='ocr_par' dir='ltr' id='par_1_20' title="bbox 295 1712 1947 1790">
     <span class='ocr_line' id='line_1_20' title="bbox 295 1712 1947 1790; baseline -0.002 -17"><span class='ocrx_word' id='word_1_139' title='bbox 295 1719 602 1773; x_wconf 81' lang='grc' dir='ltr'><strong>Ἀποστᾶσα</strong></span> <span class='ocrx_word' id='word_1_140' title='bbox 657 1717 758 1790; x_wconf 75' lang='grc' dir='ltr'><strong>γὰρ</strong></span> <span class='ocrx_word' id='word_1_141' title='bbox 817 1712 979 1770; x_wconf 66' lang='grc' dir='ltr'><strong>τοδδε</strong></span> <span class='ocrx_word' id='word_1_142' title='bbox 1024 1719 1123 1770; x_wconf 79' lang='grc' dir='ltr'><strong>τοῦ</strong></span> <span class='ocrx_word' id='word_1_143' title='bbox 1182 1717 1495 1789; x_wconf 77' lang='grc' dir='ltr'><strong>σχήματος,</strong></span> <span class='ocrx_word' id='word_1_144' title='bbox 1543 1715 1588 1786; x_wconf 81' lang='grc' dir='ltr'>ᾦ</span> <span class='ocrx_word' id='word_1_145' title='bbox 1621 1712 1947 1788; x_wconf 82' lang='grc' dir='ltr'>διακρίνεται</span> 
     </span>
    </p>
   </div>
   <div class='ocr_carea' id='block_1_21' title="bbox 291 1802 1944 1884">
    <p class='ocr_par' dir='ltr' id='par_1_21' title="bbox 291 1802 1944 1884">
     <span class='ocr_line' id='line_1_21' title="bbox 291 1802 1944 1884; baseline -0.001 -22"><span class='ocrx_word' id='word_1_146' title='bbox 291 1828 354 1862; x_wconf 87' lang='grc' dir='ltr'><strong>το</strong></span> <span class='ocrx_word' id='word_1_147' title='bbox 387 1805 544 1884; x_wconf 60' lang='grc' dir='ltr'><strong>ἄρρεν</strong></span> <span class='ocrx_word' id='word_1_148' title='bbox 574 1807 663 1861; x_wconf 72' lang='grc' dir='ltr'><strong>καὶ</strong></span> <span class='ocrx_word' id='word_1_149' title='bbox 695 1807 757 1860; x_wconf 85' lang='grc' dir='ltr'><strong>τὸ</strong></span> <span class='ocrx_word' id='word_1_150' title='bbox 789 1805 952 1876; x_wconf 80' lang='grc' dir='ltr'><strong>θῆλυ,</strong></span> <span class='ocrx_word' id='word_1_151' title='bbox 985 1806 1138 1879; x_wconf 72' lang='grc' dir='ltr'><strong>ψυχὴ</strong></span> <span class='ocrx_word' id='word_1_152' title='bbox 1186 1809 1264 1878; x_wconf 82' lang='grc'>(3)</span> <span class='ocrx_word' id='word_1_153' title='bbox 1299 1803 1638 1878; x_wconf 83' lang='grc' dir='ltr'><strong>μετατίθεται</strong></span> <span class='ocrx_word' id='word_1_154' title='bbox 1690 1803 1766 1866; x_wconf 59' lang='grc' dir='ltr'><strong>εἲς</strong></span> <span class='ocrx_word' id='word_1_155' title='bbox 1812 1802 1944 1860; x_wconf 74' lang='grc' dir='ltr'>ἕνω-</span> 
     </span>
    </p>
   </div>
   <div class='ocr_carea' id='block_1_22' title="bbox 291 1892 1944 1969">
    <p class='ocr_par' dir='ltr' id='par_1_22' title="bbox 291 1892 1944 1969">
     <span class='ocr_line' id='line_1_22' title="bbox 291 1892 1944 1969; baseline -0.001 -19"><span class='ocrx_word' id='word_1_156' title='bbox 291 1919 398 1966; x_wconf 83' lang='grc' dir='ltr'><strong>σιν,</strong></span> <span class='ocrx_word' id='word_1_157' title='bbox 451 1894 562 1950; x_wconf 71' lang='grc' dir='ltr'>οὔθ’</span> <span class='ocrx_word' id='word_1_158' title='bbox 621 1892 804 1968; x_wconf 70' lang='grc' dir='ltr'><strong>ἕτερον</strong></span> <span class='ocrx_word' id='word_1_159' title='bbox 866 1893 1016 1950; x_wconf 80' lang='grc' dir='ltr'><strong>οὖσα.</strong></span> <span class='ocrx_word' id='word_1_160' title='bbox 1077 1896 1294 1969; x_wconf 86' lang='grc' dir='ltr'><strong>Ἢγεῖτα</strong></span> <span class='ocrx_word' id='word_1_161' title='bbox 1352 1892 1742 1968; x_wconf 77' lang='grc' dir='ltr'><strong>δὲὸγενναῖος</strong></span> <span class='ocrx_word' id='word_1_162' title='bbox 1786 1894 1944 1956; x_wconf 84' lang='grc' dir='ltr'><strong>οὗτος</strong></span> 
     </span>
    </p>
   </div>
   <div class='ocr_carea' id='block_1_23' title="bbox 295 1981 1939 2059">
    <p class='ocr_par' dir='ltr' id='par_1_23' title="bbox 295 1981 1939 2059">
     <span class='ocr_line' id='line_1_23' title="bbox 295 1981 1939 2059; baseline -0.003 -19"><span class='ocrx_word' id='word_1_163' title='bbox 295 1985 792 2059; x_wconf 83' lang='grc' dir='ltr'><strong>ΠΛατωνικώτερον</strong></span> <span class='ocrx_word' id='word_1_164' title='bbox 826 1988 922 2057; x_wconf 76' lang='grc'><strong>(4),</strong></span> <span class='ocrx_word' id='word_1_165' title='bbox 957 1984 1103 2038; x_wconf 86' lang='grc' dir='ltr'><strong>θείαν</strong></span> <span class='ocrx_word' id='word_1_166' title='bbox 1139 1983 1298 2037; x_wconf 81' lang='grc' dir='ltr'><strong>οὖσαν</strong></span> <span class='ocrx_word' id='word_1_167' title='bbox 1343 1985 1442 2051; x_wconf 82' lang='grc' dir='ltr'>τήν</span> <span class='ocrx_word' id='word_1_168' title='bbox 1477 1985 1660 2058; x_wconf 75' lang='grc' dir='ltr'><strong>ψυχὴν</strong></span> <span class='ocrx_word' id='word_1_169' title='bbox 1714 1981 1939 2051; x_wconf 77' lang='grc' dir='ltr'><strong>ἄνωθεν,</strong></span> 
     </span>
    </p>
   </div>
   <div class='ocr_carea' id='block_1_24' title="bbox 291 2069 1940 2148">
    <p class='ocr_par' dir='ltr' id='par_1_24' title="bbox 291 2069 1940 2148">
     <span class='ocr_line' id='line_1_24' title="bbox 291 2069 1940 2148; baseline -0.001 -21"><span class='ocrx_word' id='word_1_170' title='bbox 291 2073 550 2146; x_wconf 80' lang='grc' dir='ltr'><strong>ἐπιθυμίᾳ</strong></span> <span class='ocrx_word' id='word_1_171' title='bbox 606 2075 964 2145; x_wconf 73' lang='grc' dir='ltr'><strong>θηλυνθεῖσαν</strong></span> <span class='ocrx_word' id='word_1_172' title='bbox 1021 2069 1179 2148; x_wconf 79' lang='grc' dir='ltr'><strong>δεῦρο</strong></span> <span class='ocrx_word' id='word_1_173' title='bbox 1249 2071 1402 2142; x_wconf 77' lang='grc' dir='ltr'><strong>ἥκειν</strong></span> <span class='ocrx_word' id='word_1_174' title='bbox 1464 2071 1540 2133; x_wconf 78' lang='grc' dir='ltr'><strong>εἷς</strong></span> <span class='ocrx_word' id='word_1_175' title='bbox 1595 2073 1797 2146; x_wconf 75' lang='grc' dir='ltr'><strong>γένεσιν</strong></span> <span class='ocrx_word' id='word_1_176' title='bbox 1849 2071 1940 2126; x_wconf 85' lang='grc' dir='ltr'><strong>καὶ</strong></span> 
     </span>
    </p>
   </div>
   <div class='ocr_carea' id='block_1_25' title="bbox 297 2164 518 2240">
    <p class='ocr_par' dir='ltr' id='par_1_25' title="bbox 297 2164 518 2240">
     <span class='ocr_line' id='line_1_25' title="bbox 297 2164 518 2240; baseline 0 -22"><span class='ocrx_word' id='word_1_177' title='bbox 297 2164 518 2240; x_wconf 69' lang='grc' dir='ltr'><strong>φθοράν.</strong></span> 
     </span>
    </p>
   </div>
   <div class='ocr_carea' id='block_1_26' title="bbox 2083 478 3731 555">
    <p class='ocr_par' dir='ltr' id='par_1_26' title="bbox 2083 478 3731 555">
     <span class='ocr_line' id='line_1_26' title="bbox 2083 478 3731 555; baseline 0.005 -23"><span class='ocrx_word' id='word_1_178' title='bbox 2083 478 2301 548; x_wconf 85' lang='lat' dir='ltr'>quibus</span> <span class='ocrx_word' id='word_1_179' title='bbox 2326 478 2746 550; x_wconf 78' lang='lat' dir='ltr'>interrogabat,</span> <span class='ocrx_word' id='word_1_180' title='bbox 2772 480 2855 533; x_wconf 91' lang='lat' dir='ltr'>ait</span> <span class='ocrx_word' id='word_1_181' title='bbox 2875 480 3161 535; x_wconf 80' lang='lat' dir='ltr'>Dominus</span> <span class='ocrx_word' id='word_1_182' title='bbox 3189 499 3201 548; x_wconf 90' lang='grc'>;</span> <span class='ocrx_word' id='word_1_183' title='bbox 3222 484 3466 546; x_wconf 88' lang='lat' dir='ltr'>Quando</span> <span class='ocrx_word' id='word_1_184' title='bbox 3488 485 3731 555; x_wconf 89' lang='lat' dir='ltr'>pudoris</span> 
     </span>
    </p>
   </div>
   <div class='ocr_carea' id='block_1_27' title="bbox 2082 565 3730 639">
    <p class='ocr_par' dir='ltr' id='par_1_27' title="bbox 2082 565 3730 639">
     <span class='ocr_line' id='line_1_27' title="bbox 2082 565 3730 639; baseline 0.007 -21"><span class='ocrx_word' id='word_1_185' title='bbox 2082 565 2497 621; x_wconf 85' lang='lat' dir='ltr'>indumentum</span> <span class='ocrx_word' id='word_1_186' title='bbox 2521 567 3028 635; x_wconf 83' lang='lat' dir='ltr'>conculcaveritis,</span> <span class='ocrx_word' id='word_1_187' title='bbox 3072 575 3129 623; x_wconf 92' lang='lat' dir='ltr'>et</span> <span class='ocrx_word' id='word_1_188' title='bbox 3157 571 3396 639; x_wconf 84' lang='lat' dir='ltr'>quando</span> <span class='ocrx_word' id='word_1_189' title='bbox 3429 573 3545 628; x_wconf 91' lang='lat' dir='ltr'>duo</span> <span class='ocrx_word' id='word_1_190' title='bbox 3576 574 3730 630; x_wconf 89' lang='lat' dir='ltr'>facta</span> 
     </span>
    </p>
   </div>
   <div class='ocr_carea' id='block_1_28' title="bbox 2079 654 3727 726">
    <p class='ocr_par' dir='ltr' id='par_1_28' title="bbox 2079 654 3727 726">
     <span class='ocr_line' id='line_1_28' title="bbox 2079 654 3727 726; baseline 0.006 -19"><span class='ocrx_word' id='word_1_191' title='bbox 2079 654 2302 710; x_wconf 82' lang='lat' dir='ltr'>fuerint</span> <span class='ocrx_word' id='word_1_192' title='bbox 2332 672 2538 721; x_wconf 90' lang='lat' dir='ltr'>unum,</span> <span class='ocrx_word' id='word_1_193' title='bbox 2570 663 2628 710; x_wconf 91' lang='lat' dir='ltr'>et</span> <span class='ocrx_word' id='word_1_194' title='bbox 2655 657 2990 711; x_wconf 86' lang='lat' dir='ltr'>masculum</span> <span class='ocrx_word' id='word_1_195' title='bbox 3013 674 3147 712; x_wconf 90' lang='lat' dir='ltr'>cum</span> <span class='ocrx_word' id='word_1_196' title='bbox 3171 659 3412 726; x_wconf 85' lang='lat' dir='ltr'>femina,</span> <span class='ocrx_word' id='word_1_197' title='bbox 3437 677 3546 715; x_wconf 91' lang='lat' dir='ltr'>nec</span> <span class='ocrx_word' id='word_1_198' title='bbox 3569 679 3727 717; x_wconf 89' lang='lat' dir='ltr'>mas-</span> 
     </span>
    </p>
   </div>
   <div class='ocr_carea' id='block_1_29' title="bbox 2078 744 3724 816">
    <p class='ocr_par' dir='ltr' id='par_1_29' title="bbox 2078 744 3724 816">
     <span class='ocr_line' id='line_1_29' title="bbox 2078 744 3724 816; baseline 0.004 -19"><span class='ocrx_word' id='word_1_199' title='bbox 2078 744 2279 799; x_wconf 91' lang='lat' dir='ltr'>culum</span> <span class='ocrx_word' id='word_1_200' title='bbox 2313 762 2421 799; x_wconf 93' lang='lat' dir='ltr'>nec</span> <span class='ocrx_word' id='word_1_201' title='bbox 2453 745 2796 800; x_wconf 91' lang='lat' dir='ltr'>femineum.</span> <span class='ocrx_word' id='word_1_202' title='bbox 2830 766 2856 794; x_wconf 83' lang='lat'><strong>»</strong></span> <span class='ocrx_word' id='word_1_203' title='bbox 2883 747 3149 800; x_wconf 91' lang='lat' dir='ltr'>Primum</span> <span class='ocrx_word' id='word_1_204' title='bbox 3175 747 3436 816; x_wconf 89' lang='lat' dir='ltr'>quidem,</span> <span class='ocrx_word' id='word_1_205' title='bbox 3467 749 3529 801; x_wconf 92' lang='lat' dir='ltr'>in</span> <span class='ocrx_word' id='word_1_206' title='bbox 3553 750 3724 804; x_wconf 90' lang='lat' dir='ltr'>nobis</span> 
     </span>
    </p>
   </div>
   <div class='ocr_carea' id='block_1_30' title="bbox 2077 833 3720 906">
    <p class='ocr_par' dir='ltr' id='par_1_30' title="bbox 2077 833 3720 906">
     <span class='ocr_line' id='line_1_30' title="bbox 2077 833 3720 906; baseline 0.004 -21"><span class='ocrx_word' id='word_1_207' title='bbox 2077 833 2305 887; x_wconf 74' lang='lat' dir='ltr'>traditis</span> <span class='ocrx_word' id='word_1_208' title='bbox 2339 839 2591 903; x_wconf 85' lang='lat' dir='ltr'>quatuor</span> <span class='ocrx_word' id='word_1_209' title='bbox 2630 834 2960 906; x_wconf 86' lang='lat' dir='ltr'>Evangeliis</span> <span class='ocrx_word' id='word_1_210' title='bbox 3008 851 3127 888; x_wconf 91' lang='lat' dir='ltr'>non</span> <span class='ocrx_word' id='word_1_211' title='bbox 3159 836 3448 890; x_wconf 87' lang='lat' dir='ltr'>habemus</span> <span class='ocrx_word' id='word_1_212' title='bbox 3493 838 3603 890; x_wconf 89' lang='lat' dir='ltr'>hoc</span> <span class='ocrx_word' id='word_1_213' title='bbox 3631 838 3720 891; x_wconf 92' lang='lat' dir='ltr'>di-</span> 
     </span>
    </p>
   </div>
   <div class='ocr_carea' id='block_1_31' title="bbox 2074 923 3718 997">
    <p class='ocr_par' dir='ltr' id='par_1_31' title="bbox 2074 923 3718 997">
     <span class='ocr_line' id='line_1_31' title="bbox 2074 923 3718 997; baseline 0.004 -22"><span class='ocrx_word' id='word_1_214' title='bbox 2074 926 2256 986; x_wconf 91' lang='lat' dir='ltr'>ctum,</span> <span class='ocrx_word' id='word_1_215' title='bbox 2293 924 2395 976; x_wconf 90' lang='lat' dir='ltr'>sed</span> <span class='ocrx_word' id='word_1_216' title='bbox 2434 923 2495 977; x_wconf 92' lang='lat' dir='ltr'>in</span> <span class='ocrx_word' id='word_1_217' title='bbox 2540 939 2630 989; x_wconf 92' lang='lat' dir='ltr'>eo,</span> <span class='ocrx_word' id='word_1_218' title='bbox 2683 923 2841 993; x_wconf 88' lang='lat' dir='ltr'>quod</span> <span class='ocrx_word' id='word_1_219' title='bbox 2890 929 2979 978; x_wconf 91' lang='lat' dir='ltr'>est</span> <span class='ocrx_word' id='word_1_220' title='bbox 3026 925 3354 979; x_wconf 89' lang='lat' dir='ltr'>secundum</span> <span class='ocrx_word' id='word_1_221' title='bbox 3401 927 3718 997; x_wconf 62' lang='lat' dir='ltr'>Egyptios.</span> 
     </span>
    </p>
   </div>
   <div class='ocr_carea' id='block_1_32' title="bbox 2075 1010 3720 1083">
    <p class='ocr_par' dir='ltr' id='par_1_32' title="bbox 2075 1010 3720 1083">
     <span class='ocr_line' id='line_1_32' title="bbox 2075 1010 3720 1083; baseline 0.004 -20"><span class='ocrx_word' id='word_1_222' title='bbox 2075 1010 2298 1064; x_wconf 91' lang='lat' dir='ltr'>Deinde</span> <span class='ocrx_word' id='word_1_223' title='bbox 2330 1011 2473 1065; x_wconf 88' lang='lat' dir='ltr'>mihi</span> <span class='ocrx_word' id='word_1_224' title='bbox 2506 1011 2737 1066; x_wconf 90' lang='lat' dir='ltr'>videtur</span> <span class='ocrx_word' id='word_1_225' title='bbox 2767 1013 3058 1082; x_wconf 85' lang='lat' dir='ltr'>ignorare,</span> <span class='ocrx_word' id='word_1_226' title='bbox 3091 1013 3240 1067; x_wconf 91' lang='lat' dir='ltr'>iram</span> <span class='ocrx_word' id='word_1_227' title='bbox 3267 1014 3528 1083; x_wconf 83' lang='lat' dir='ltr'>quidem,</span> <span class='ocrx_word' id='word_1_228' title='bbox 3565 1032 3720 1070; x_wconf 87' lang='lat' dir='ltr'>mas-</span> 
     </span>
    </p>
   </div>
   <div class='ocr_carea' id='block_1_33' title="bbox 2072 1100 3720 1174">
    <p class='ocr_par' dir='ltr' id='par_1_33' title="bbox 2072 1100 3720 1174">
     <span class='ocr_line' id='line_1_33' title="bbox 2072 1100 3720 1174; baseline 0.003 -20"><span class='ocrx_word' id='word_1_229' title='bbox 2072 1100 2266 1155; x_wconf 87' lang='lat' dir='ltr'>culam</span> <span class='ocrx_word' id='word_1_230' title='bbox 2290 1102 2752 1172; x_wconf 81' lang='lat' dir='ltr'>appetitionem;</span> <span class='ocrx_word' id='word_1_231' title='bbox 2779 1102 3061 1157; x_wconf 84' lang='lat' dir='ltr'>feminam</span> <span class='ocrx_word' id='word_1_232' title='bbox 3083 1119 3240 1169; x_wconf 91' lang='lat' dir='ltr'>vero,</span> <span class='ocrx_word' id='word_1_233' title='bbox 3262 1103 3596 1174; x_wconf 80' lang='lat' dir='ltr'>significare</span> <span class='ocrx_word' id='word_1_234' title='bbox 3616 1122 3720 1159; x_wconf 92' lang='lat' dir='ltr'>cu-</span> 
     </span>
    </p>
   </div>
   <div class='ocr_carea' id='block_1_34' title="bbox 2068 1189 3718 1264">
    <p class='ocr_par' dir='ltr' id='par_1_34' title="bbox 2068 1189 3718 1264">
     <span class='ocr_line' id='line_1_34' title="bbox 2068 1189 3718 1264; baseline 0.004 -22"><span class='ocrx_word' id='word_1_235' title='bbox 2068 1189 2378 1259; x_wconf 91' lang='lat' dir='ltr'>piditatem</span> <span class='ocrx_word' id='word_1_236' title='bbox 2405 1207 2417 1243; x_wconf 90' lang='lat'>:</span> <span class='ocrx_word' id='word_1_237' title='bbox 2453 1207 2702 1260; x_wconf 91' lang='lat' dir='ltr'>quorum</span> <span class='ocrx_word' id='word_1_238' title='bbox 2724 1191 3130 1261; x_wconf 88' lang='lat' dir='ltr'>operationem</span> <span class='ocrx_word' id='word_1_239' title='bbox 3159 1193 3507 1262; x_wconf 62' lang='lat' dir='ltr'>paenitentia</span> <span class='ocrx_word' id='word_1_240' title='bbox 3531 1200 3589 1247; x_wconf 92' lang='lat' dir='ltr'>et</span> <span class='ocrx_word' id='word_1_241' title='bbox 3611 1211 3718 1264; x_wconf 91' lang='lat' dir='ltr'>pu-</span> 
     </span>
    </p>
   </div>
   <div class='ocr_carea' id='block_1_35' title="bbox 2068 1277 3716 1352">
    <p class='ocr_par' dir='ltr' id='par_1_35' title="bbox 2068 1277 3716 1352">
     <span class='ocr_line' id='line_1_35' title="bbox 2068 1277 3716 1352; baseline 0.002 -21"><span class='ocrx_word' id='word_1_242' title='bbox 2068 1277 2176 1331; x_wconf 91' lang='lat' dir='ltr'>dor</span> <span class='ocrx_word' id='word_1_243' title='bbox 2201 1285 2668 1348; x_wconf 91' lang='lat' dir='ltr'>consequuntur.</span> <span class='ocrx_word' id='word_1_244' title='bbox 2694 1281 2838 1333; x_wconf 90' lang='lat' dir='ltr'>Cum</span> <span class='ocrx_word' id='word_1_245' title='bbox 2861 1281 2995 1350; x_wconf 90' lang='lat' dir='ltr'>quis</span> <span class='ocrx_word' id='word_1_246' title='bbox 3023 1297 3158 1350; x_wconf 90' lang='lat' dir='ltr'>ergo</span> <span class='ocrx_word' id='word_1_247' title='bbox 3182 1295 3376 1349; x_wconf 91' lang='lat' dir='ltr'>neque</span> <span class='ocrx_word' id='word_1_248' title='bbox 3399 1280 3500 1334; x_wconf 67' lang='lat' dir='ltr'>ira)</span> <span class='ocrx_word' id='word_1_249' title='bbox 3523 1297 3716 1352; x_wconf 90' lang='lat' dir='ltr'>neque</span> 
     </span>
    </p>
   </div>
   <div class='ocr_carea' id='block_1_36' title="bbox 2065 1367 3715 1438">
    <p class='ocr_par' dir='ltr' id='par_1_36' title="bbox 2065 1367 3715 1438">
     <span class='ocr_line' id='line_1_36' title="bbox 2065 1367 3715 1438; baseline 0.004 -18"><span class='ocrx_word' id='word_1_250' title='bbox 2065 1367 2375 1436; x_wconf 82' lang='lat' dir='ltr'>cupiditati</span> <span class='ocrx_word' id='word_1_251' title='bbox 2401 1367 2758 1436; x_wconf 85' lang='lat' dir='ltr'>obsequens,</span> <span class='ocrx_word' id='word_1_252' title='bbox 2783 1385 2914 1438; x_wconf 71' lang='lat' dir='ltr'>quea</span> <span class='ocrx_word' id='word_1_253' title='bbox 2935 1369 3174 1438; x_wconf 89' lang='lat' dir='ltr'>quidem</span> <span class='ocrx_word' id='word_1_254' title='bbox 3200 1375 3258 1422; x_wconf 94' lang='lat' dir='ltr'>et</span> <span class='ocrx_word' id='word_1_255' title='bbox 3281 1369 3715 1426; x_wconf 88' lang='lat' dir='ltr'>consuetudine</span> 
     </span>
    </p>
   </div>
   <div class='ocr_carea' id='block_1_37' title="bbox 2064 1454 3716 1530">
    <p class='ocr_par' dir='ltr' id='par_1_37' title="bbox 2064 1454 3716 1530">
     <span class='ocr_line' id='line_1_37' title="bbox 2064 1454 3716 1530; baseline 0.002 -21"><span class='ocrx_word' id='word_1_256' title='bbox 2064 1461 2123 1509; x_wconf 91' lang='lat' dir='ltr'>et</span> <span class='ocrx_word' id='word_1_257' title='bbox 2150 1455 2310 1509; x_wconf 91' lang='lat' dir='ltr'>mala</span> <span class='ocrx_word' id='word_1_258' title='bbox 2327 1454 2676 1510; x_wconf 86' lang='lat' dir='ltr'>educatione</span> <span class='ocrx_word' id='word_1_259' title='bbox 2693 1461 2902 1521; x_wconf 62' lang='lat' dir='ltr'>auctae,</span> <span class='ocrx_word' id='word_1_260' title='bbox 2935 1457 3296 1511; x_wconf 88' lang='lat' dir='ltr'>obumbrant</span> <span class='ocrx_word' id='word_1_261' title='bbox 3318 1464 3374 1510; x_wconf 93' lang='lat' dir='ltr'>et</span> <span class='ocrx_word' id='word_1_262' title='bbox 3395 1463 3716 1530; x_wconf 82' lang='lat' dir='ltr'>contegunt</span> 
     </span>
    </p>
   </div>
   <div class='ocr_carea' id='block_1_38' title="bbox 2062 1544 3709 1616">
    <p class='ocr_par' dir='ltr' id='par_1_38' title="bbox 2062 1544 3709 1616">
     <span class='ocr_line' id='line_1_38' title="bbox 2062 1544 3709 1616; baseline 0.004 -20"><span class='ocrx_word' id='word_1_263' title='bbox 2062 1545 2373 1610; x_wconf 90' lang='lat' dir='ltr'>rationem,</span> <span class='ocrx_word' id='word_1_264' title='bbox 2410 1544 2513 1598; x_wconf 91' lang='lat' dir='ltr'>sed</span> <span class='ocrx_word' id='word_1_265' title='bbox 2543 1561 2673 1614; x_wconf 73' lang='lat' dir='ltr'>quae</span> <span class='ocrx_word' id='word_1_266' title='bbox 2705 1561 2775 1599; x_wconf 80' lang='lat' dir='ltr'>ex</span> <span class='ocrx_word' id='word_1_267' title='bbox 2805 1545 2876 1598; x_wconf 91' lang='lat' dir='ltr'>iis</span> <span class='ocrx_word' id='word_1_268' title='bbox 2898 1546 3296 1616; x_wconf 83' lang='lat' dir='ltr'>proficiscitur</span> <span class='ocrx_word' id='word_1_269' title='bbox 3325 1563 3546 1602; x_wconf 85' lang='lat' dir='ltr'>exuens</span> <span class='ocrx_word' id='word_1_270' title='bbox 3569 1549 3709 1602; x_wconf 84' lang='lat' dir='ltr'>cali-</span> 
     </span>
    </p>
   </div>
   <div class='ocr_carea' id='block_1_39' title="bbox 2058 1633 3708 1706">
    <p class='ocr_par' dir='ltr' id='par_1_39' title="bbox 2058 1633 3708 1706">
     <span class='ocr_line' id='line_1_39' title="bbox 2058 1633 3708 1706; baseline 0.003 -20"><span class='ocrx_word' id='word_1_271' title='bbox 2058 1633 2280 1704; x_wconf 81' lang='lat' dir='ltr'>ginem,</span> <span class='ocrx_word' id='word_1_272' title='bbox 2313 1639 2371 1688; x_wconf 91' lang='lat' dir='ltr'>et</span> <span class='ocrx_word' id='word_1_273' title='bbox 2395 1634 2620 1704; x_wconf 90' lang='lat' dir='ltr'>pudore</span> <span class='ocrx_word' id='word_1_274' title='bbox 2650 1635 2895 1688; x_wconf 87' lang='lat' dir='ltr'>affectus</span> <span class='ocrx_word' id='word_1_275' title='bbox 2927 1651 2997 1689; x_wconf 87' lang='lat' dir='ltr'>ex</span> <span class='ocrx_word' id='word_1_276' title='bbox 3029 1635 3399 1705; x_wconf 72' lang='lat' dir='ltr'>pmnitentia,</span> <span class='ocrx_word' id='word_1_277' title='bbox 3433 1636 3708 1706; x_wconf 88' lang='lat' dir='ltr'>spiritum</span> 
     </span>
    </p>
   </div>
   <div class='ocr_carea' id='block_1_40' title="bbox 2059 1720 3704 1792">
    <p class='ocr_par' dir='ltr' id='par_1_40' title="bbox 2059 1720 3704 1792">
     <span class='ocr_line' id='line_1_40' title="bbox 2059 1720 3704 1792; baseline 0.001 -18"><span class='ocrx_word' id='word_1_278' title='bbox 2059 1724 2118 1774; x_wconf 92' lang='lat' dir='ltr'>et</span> <span class='ocrx_word' id='word_1_279' title='bbox 2146 1720 2408 1774; x_wconf 88' lang='lat' dir='ltr'>animam</span> <span class='ocrx_word' id='word_1_280' title='bbox 2438 1721 2662 1774; x_wconf 91' lang='lat' dir='ltr'>unierit</span> <span class='ocrx_word' id='word_1_281' title='bbox 2682 1721 2744 1773; x_wconf 93' lang='lat' dir='ltr'>in</span> <span class='ocrx_word' id='word_1_282' title='bbox 2767 1720 3108 1775; x_wconf 86' lang='lat' dir='ltr'>obedientia</span> <span class='ocrx_word' id='word_1_283' title='bbox 3138 1722 3271 1792; x_wconf 87' lang='lat' dir='ltr'>Logi</span> <span class='ocrx_word' id='word_1_284' title='bbox 3296 1738 3402 1776; x_wconf 93' lang='lat' dir='ltr'>seu</span> <span class='ocrx_word' id='word_1_285' title='bbox 3422 1723 3704 1790; x_wconf 89' lang='lat' dir='ltr'>rationis;</span> 
     </span>
    </p>
   </div>
   <div class='ocr_carea' id='block_1_41' title="bbox 2058 1808 3704 1874">
    <p class='ocr_par' dir='ltr' id='par_1_41' title="bbox 2058 1808 3704 1874">
     <span class='ocr_line' id='line_1_41' title="bbox 2058 1808 3704 1874; baseline 0.002 -12"><span class='ocrx_word' id='word_1_286' title='bbox 2058 1814 2220 1874; x_wconf 86' lang='lat' dir='ltr'>tunc,</span> <span class='ocrx_word' id='word_1_287' title='bbox 2255 1814 2320 1862; x_wconf 94' lang='lat' dir='ltr'>ut</span> <span class='ocrx_word' id='word_1_288' title='bbox 2343 1809 2426 1862; x_wconf 90' lang='lat' dir='ltr'>ait</span> <span class='ocrx_word' id='word_1_289' title='bbox 2449 1808 2688 1874; x_wconf 87' lang='lat' dir='ltr'>Paulus,</span> <span class='ocrx_word' id='word_1_290' title='bbox 2723 1831 2748 1857; x_wconf 83' lang='lat'><strong><em>«</em></strong></span> <span class='ocrx_word' id='word_1_291' title='bbox 2786 1825 2905 1862; x_wconf 89' lang='lat' dir='ltr'>non</span> <span class='ocrx_word' id='word_1_292' title='bbox 2938 1809 3092 1863; x_wconf 93' lang='lat' dir='ltr'>inest</span> <span class='ocrx_word' id='word_1_293' title='bbox 3119 1811 3180 1863; x_wconf 92' lang='lat' dir='ltr'>in</span> <span class='ocrx_word' id='word_1_294' title='bbox 3202 1810 3374 1864; x_wconf 89' lang='lat' dir='ltr'>nobis</span> <span class='ocrx_word' id='word_1_295' title='bbox 3405 1827 3516 1865; x_wconf 91' lang='lat' dir='ltr'>nec</span> <span class='ocrx_word' id='word_1_296' title='bbox 3535 1828 3704 1866; x_wconf 85' lang='lat' dir='ltr'>mas-</span> 
     </span>
    </p>
   </div>
   <div class='ocr_carea' id='block_1_42' title="bbox 2057 1895 3708 1961">
    <p class='ocr_par' dir='ltr' id='par_1_42' title="bbox 2057 1895 3708 1961">
     <span class='ocr_line' id='line_1_42' title="bbox 2057 1895 3708 1961; baseline 0.002 -11"><span class='ocrx_word' id='word_1_297' title='bbox 2057 1897 2247 1961; x_wconf 89' lang='lat' dir='ltr'>culus,</span> <span class='ocrx_word' id='word_1_298' title='bbox 2290 1913 2400 1950; x_wconf 91' lang='lat' dir='ltr'>nec</span> <span class='ocrx_word' id='word_1_299' title='bbox 2428 1895 2669 1950; x_wconf 87' lang='lat' dir='ltr'>femina.</span> <span class='ocrx_word' id='word_1_300' title='bbox 2703 1918 2730 1944; x_wconf 87' lang='lat'>»</span> <span class='ocrx_word' id='word_1_301' title='bbox 2762 1897 3066 1951; x_wconf 83' lang='lat' dir='ltr'>Recedens</span> <span class='ocrx_word' id='word_1_302' title='bbox 3099 1898 3258 1951; x_wconf 90' lang='lat' dir='ltr'>enim</span> <span class='ocrx_word' id='word_1_303' title='bbox 3302 1898 3503 1953; x_wconf 90' lang='lat' dir='ltr'>anima</span> <span class='ocrx_word' id='word_1_304' title='bbox 3533 1898 3604 1953; x_wconf 92' lang='lat' dir='ltr'>ab</span> <span class='ocrx_word' id='word_1_305' title='bbox 3637 1915 3708 1953; x_wconf 91' lang='lat' dir='ltr'>ea</span> 
     </span>
    </p>
   </div>
   <div class='ocr_carea' id='block_1_43' title="bbox 2056 1983 3706 2056">
    <p class='ocr_par' dir='ltr' id='par_1_43' title="bbox 2056 1983 3706 2056">
     <span class='ocr_line' id='line_1_43' title="bbox 2056 1983 3706 2056; baseline 0.002 -19"><span class='ocrx_word' id='word_1_306' title='bbox 2056 1984 2262 2056; x_wconf 70' lang='lat' dir='ltr'>figura,</span> <span class='ocrx_word' id='word_1_307' title='bbox 2296 2000 2414 2054; x_wconf 89' lang='lat' dir='ltr'>qua</span> <span class='ocrx_word' id='word_1_308' title='bbox 2445 1983 2804 2038; x_wconf 87' lang='lat' dir='ltr'>discernitur</span> <span class='ocrx_word' id='word_1_309' title='bbox 2834 1985 3136 2039; x_wconf 87' lang='lat' dir='ltr'>masculus</span> <span class='ocrx_word' id='word_1_310' title='bbox 3157 1985 3477 2052; x_wconf 89' lang='lat' dir='ltr'>etfemina,</span> <span class='ocrx_word' id='word_1_311' title='bbox 3503 1987 3706 2040; x_wconf 87' lang='lat' dir='ltr'>tradu-</span> 
     </span>
    </p>
   </div>
   <div class='ocr_carea' id='block_1_44' title="bbox 2052 2072 3706 2137">
    <p class='ocr_par' dir='ltr' id='par_1_44' title="bbox 2052 2072 3706 2137">
     <span class='ocr_line' id='line_1_44' title="bbox 2052 2072 3706 2137; baseline 0.002 -12"><span class='ocrx_word' id='word_1_312' title='bbox 2052 2073 2206 2126; x_wconf 88' lang='lat' dir='ltr'>citur</span> <span class='ocrx_word' id='word_1_313' title='bbox 2233 2072 2307 2126; x_wconf 88' lang='lat' dir='ltr'>ad</span> <span class='ocrx_word' id='word_1_314' title='bbox 2335 2073 2640 2137; x_wconf 89' lang='lat' dir='ltr'>unionem,</span> <span class='ocrx_word' id='word_1_315' title='bbox 2674 2089 2811 2127; x_wconf 91' lang='lat' dir='ltr'>cum</span> <span class='ocrx_word' id='word_1_316' title='bbox 2843 2089 2913 2128; x_wconf 91' lang='lat' dir='ltr'>ea</span> <span class='ocrx_word' id='word_1_317' title='bbox 2942 2079 3220 2128; x_wconf 89' lang='lat' dir='ltr'>neutrum</span> <span class='ocrx_word' id='word_1_318' title='bbox 3254 2075 3348 2128; x_wconf 90' lang='lat' dir='ltr'>sit.</span> <span class='ocrx_word' id='word_1_319' title='bbox 3389 2075 3706 2130; x_wconf 82' lang='lat' dir='ltr'>Existimat</span> 
     </span>
    </p>
   </div>
   <div class='ocr_carea' id='block_1_45' title="bbox 2051 2161 3706 2234">
    <p class='ocr_par' dir='ltr' id='par_1_45' title="bbox 2051 2161 3706 2234">
     <span class='ocr_line' id='line_1_45' title="bbox 2051 2161 3706 2234; baseline 0.002 -19"><span class='ocrx_word' id='word_1_320' title='bbox 2051 2167 2248 2216; x_wconf 89' lang='lat' dir='ltr'>autem</span> <span class='ocrx_word' id='word_1_321' title='bbox 2278 2161 2374 2215; x_wconf 90' lang='lat' dir='ltr'>hic</span> <span class='ocrx_word' id='word_1_322' title='bbox 2408 2162 2491 2215; x_wconf 91' lang='lat' dir='ltr'>vir</span> <span class='ocrx_word' id='word_1_323' title='bbox 2520 2162 2842 2232; x_wconf 71' lang='lat' dir='ltr'>praeclarus</span> <span class='ocrx_word' id='word_1_324' title='bbox 2867 2163 3022 2232; x_wconf 88' lang='lat' dir='ltr'>plus,</span> <span class='ocrx_word' id='word_1_325' title='bbox 3049 2180 3227 2234; x_wconf 89' lang='lat' dir='ltr'>quam</span> <span class='ocrx_word' id='word_1_326' title='bbox 3260 2179 3366 2234; x_wconf 93' lang='lat' dir='ltr'>par</span> <span class='ocrx_word' id='word_1_327' title='bbox 3388 2164 3484 2232; x_wconf 90' lang='lat' dir='ltr'>sit,</span> <span class='ocrx_word' id='word_1_328' title='bbox 3509 2164 3706 2220; x_wconf 89' lang='lat' dir='ltr'>Plato-</span> 
     </span>
    </p>
   </div>
   <div class='ocr_carea' id='block_1_46' title="bbox 290 2250 3705 2325">
    <p class='ocr_par' dir='ltr' id='par_1_46' title="bbox 290 2250 3705 2325">
     <span class='ocr_line' id='line_1_46' title="bbox 290 2250 3705 2325; baseline 0 -17"><span class='ocrx_word' id='word_1_329' title='bbox 290 2254 446 2322; x_wconf 91' lang='lat' dir='ltr'>nice,</span> <span class='ocrx_word' id='word_1_330' title='bbox 478 2253 760 2320; x_wconf 88' lang='lat' dir='ltr'>animam,</span> <span class='ocrx_word' id='word_1_331' title='bbox 794 2269 932 2309; x_wconf 90' lang='lat' dir='ltr'>cum</span> <span class='ocrx_word' id='word_1_332' title='bbox 963 2253 1040 2309; x_wconf 91' lang='lat' dir='ltr'>sit</span> <span class='ocrx_word' id='word_1_333' title='bbox 1063 2252 1136 2308; x_wconf 91' lang='lat' dir='ltr'>ab</span> <span class='ocrx_word' id='word_1_334' title='bbox 1169 2251 1337 2307; x_wconf 90' lang='lat' dir='ltr'>initio</span> <span class='ocrx_word' id='word_1_335' title='bbox 1367 2250 1582 2320; x_wconf 89' lang='lat' dir='ltr'>divina,</span> <span class='ocrx_word' id='word_1_336' title='bbox 1638 2252 1960 2325; x_wconf 87' lang='lat' dir='ltr'>cupiditate</span> <span class='ocrx_word' id='word_1_337' title='bbox 1991 2250 2412 2317; x_wconf 80' lang='lat' dir='ltr'>effeminatam,</span> <span class='ocrx_word' id='word_1_338' title='bbox 2448 2250 2564 2305; x_wconf 86' lang='lat' dir='ltr'>huc</span> <span class='ocrx_word' id='word_1_339' title='bbox 2605 2250 2806 2304; x_wconf 90' lang='lat' dir='ltr'>venire</span> <span class='ocrx_word' id='word_1_340' title='bbox 2836 2251 2911 2305; x_wconf 91' lang='lat' dir='ltr'>ad</span> <span class='ocrx_word' id='word_1_341' title='bbox 2940 2252 3384 2322; x_wconf 88' lang='lat' dir='ltr'>generationem</span> <span class='ocrx_word' id='word_1_342' title='bbox 3432 2258 3490 2306; x_wconf 91' lang='lat' dir='ltr'>et</span> <span class='ocrx_word' id='word_1_343' title='bbox 3517 2252 3705 2308; x_wconf 91' lang='lat' dir='ltr'>inter-</span> 
     </span>
    </p>
   </div>
   <div class='ocr_carea' id='block_1_47' title="bbox 293 2343 464 2400">
    <p class='ocr_par' dir='ltr' id='par_1_47' title="bbox 293 2343 464 2400">
     <span class='ocr_line' id='line_1_47' title="bbox 293 2343 464 2400; baseline 0.012 -4"><span class='ocrx_word' id='word_1_344' title='bbox 293 2343 464 2400; x_wconf 89' lang='lat' dir='ltr'>itum.</span> 
     </span>
    </p>
   </div>
   <div class='ocr_carea' id='block_1_48' title="bbox 1777 2430 2204 2485">
    <p class='ocr_par' dir='ltr' id='par_1_48' title="bbox 1777 2430 2204 2485">
     <span class='ocr_line' id='line_1_48' title="bbox 1777 2430 2204 2485; baseline -0.005 0"><span class='ocrx_word' id='word_1_345' title='bbox 1777 2430 2008 2485; x_wconf 85' lang='lat' dir='ltr'>CAPUT</span> <span class='ocrx_word' id='word_1_346' title='bbox 2055 2431 2177 2483; x_wconf 85' lang='lat' dir='ltr'><strong>XIV</strong></span> <span class='ocrx_word' id='word_1_347' title='bbox 2193 2473 2204 2484; x_wconf 91' lang='lat'>.</span> 
     </span>
    </p>
   </div>
   <div class='ocr_carea' id='block_1_49' title="bbox 1376 2517 2598 2587">
    <p class='ocr_par' dir='ltr' id='par_1_49' title="bbox 1376 2517 2598 2587">
     <span class='ocr_line' id='line_1_49' title="bbox 1376 2517 2598 2587; baseline -0.004 -14"><span class='ocrx_word' id='word_1_348' title='bbox 1376 2521 1435 2573; x_wconf 89' lang='lat' dir='ltr'>II</span> <span class='ocrx_word' id='word_1_349' title='bbox 1463 2520 1586 2575; x_wconf 82' lang='lat' dir='ltr'>Cor.</span> <span class='ocrx_word' id='word_1_350' title='bbox 1618 2535 1699 2586; x_wconf 81' lang='lat' dir='ltr'>x1,</span> <span class='ocrx_word' id='word_1_351' title='bbox 1747 2518 1801 2586; x_wconf 89' lang='lat'>3,</span> <span class='ocrx_word' id='word_1_352' title='bbox 1840 2524 1893 2572; x_wconf 88' lang='lat' dir='ltr'>et</span> <span class='ocrx_word' id='word_1_353' title='bbox 1923 2517 2061 2587; x_wconf 85' lang='lat' dir='ltr'>Eph.</span> <span class='ocrx_word' id='word_1_354' title='bbox 2095 2535 2170 2583; x_wconf 87' lang='lat' dir='ltr'>1v,</span> <span class='ocrx_word' id='word_1_355' title='bbox 2213 2519 2303 2580; x_wconf 81' lang='grc'><strong>24,</strong></span> <span class='ocrx_word' id='word_1_356' title='bbox 2332 2517 2598 2584; x_wconf 69' lang='lat' dir='ltr'>Exponit.</span> 
     </span>
    </p>
   </div>
   <div class='ocr_carea' id='block_1_50' title="bbox 357 2615 1940 2693">
    <p class='ocr_par' dir='ltr' id='par_1_50' title="bbox 357 2615 1940 2693">
     <span class='ocr_line' id='line_1_50' title="bbox 357 2615 1940 2693; baseline -0.004 -18"><span class='ocrx_word' id='word_1_357' title='bbox 357 2619 564 2675; x_wconf 82' lang='grc' dir='ltr'><strong>Αὐτίκα</strong></span> <span class='ocrx_word' id='word_1_358' title='bbox 626 2617 865 2693; x_wconf 86' lang='grc' dir='ltr'><strong>βιάζεται</strong></span> <span class='ocrx_word' id='word_1_359' title='bbox 921 2617 1015 2671; x_wconf 91' lang='grc' dir='ltr'>τὸν</span> <span class='ocrx_word' id='word_1_360' title='bbox 1064 2617 1279 2672; x_wconf 78' lang='grc' dir='ltr'>Παῦλον</span> <span class='ocrx_word' id='word_1_361' title='bbox 1327 2617 1387 2671; x_wconf 78' lang='grc' dir='ltr'>ἐκ</span> <span class='ocrx_word' id='word_1_362' title='bbox 1435 2624 1535 2686; x_wconf 82' lang='grc' dir='ltr'>τῆς</span> <span class='ocrx_word' id='word_1_363' title='bbox 1579 2617 1790 2684; x_wconf 80' lang='grc' dir='ltr'>ἀπάτης</span> <span class='ocrx_word' id='word_1_364' title='bbox 1839 2615 1940 2682; x_wconf 76' lang='grc' dir='ltr'><strong>τὴν</strong></span> 
     </span>
    </p>
   </div>
   <div class='ocr_carea' id='block_1_51' title="bbox 288 2698 1939 2780">
    <p class='ocr_par' dir='ltr' id='par_1_51' title="bbox 288 2698 1939 2780">
     <span class='ocr_line' id='line_1_51' title="bbox 288 2698 1939 2780; baseline -0.003 -19"><span class='ocrx_word' id='word_1_365' title='bbox 288 2709 496 2780; x_wconf 73' lang='grc' dir='ltr'><strong>γένεσιν</strong></span> <span class='ocrx_word' id='word_1_366' title='bbox 531 2707 840 2761; x_wconf 79' lang='grc' dir='ltr'><strong>συνιστάναι</strong></span> <span class='ocrx_word' id='word_1_367' title='bbox 873 2706 948 2776; x_wconf 72' lang='grc'>(5)</span> <span class='ocrx_word' id='word_1_368' title='bbox 981 2704 1160 2778; x_wconf 71' lang='grc' dir='ltr'><strong>λέγειν</strong></span> <span class='ocrx_word' id='word_1_369' title='bbox 1192 2703 1281 2758; x_wconf 71' lang='grc' dir='ltr'>διιὲι⁹</span> <span class='ocrx_word' id='word_1_370' title='bbox 1309 2704 1536 2758; x_wconf 75' lang='grc' dir='ltr'><strong>τούτων·</strong></span> <span class='ocrx_word' id='word_1_371' title='bbox 1591 2728 1618 2755; x_wconf 81' lang='grc' dir='ltr'>ιι</span> <span class='ocrx_word' id='word_1_372' title='bbox 1649 2698 1939 2773; x_wconf 78' lang='grc' dir='ltr'><strong>Φοϐοῦμαι</strong></span> 
     </span>
    </p>
   </div>
   <div class='ocr_carea' id='block_1_52' title="bbox 291 2789 1941 2868">
    <p class='ocr_par' dir='ltr' id='par_1_52' title="bbox 291 2789 1941 2868">
     <span class='ocr_line' id='line_1_52' title="bbox 291 2789 1941 2868; baseline -0.003 -20"><span class='ocrx_word' id='word_1_373' title='bbox 291 2793 348 2848; x_wconf 77' lang='grc' dir='ltr'>δὲ</span> <span class='ocrx_word' id='word_1_374' title='bbox 382 2796 480 2866; x_wconf 79' lang='grc' dir='ltr'><strong>μὴ,</strong></span> <span class='ocrx_word' id='word_1_375' title='bbox 514 2795 589 2854; x_wconf 86' lang='grc' dir='ltr'>ὡς</span> <span class='ocrx_word' id='word_1_376' title='bbox 623 2795 651 2847; x_wconf 98' lang='lat'>6</span> <span class='ocrx_word' id='word_1_377' title='bbox 682 2789 804 2868; x_wconf 80' lang='grc' dir='ltr'><strong>ὄφις</strong></span> <span class='ocrx_word' id='word_1_378' title='bbox 837 2795 911 2864; x_wconf 83' lang='grc' dir='ltr'>(θ)</span> <span class='ocrx_word' id='word_1_379' title='bbox 945 2789 1082 2847; x_wconf 78' lang='grc' dir='ltr'>Εὕαν</span> <span class='ocrx_word' id='word_1_380' title='bbox 1111 2790 1470 2860; x_wconf 78' lang='grc' dir='ltr'><strong>ἐξηπάτησεν,</strong></span> <span class='ocrx_word' id='word_1_381' title='bbox 1502 2794 1680 2865; x_wconf 83' lang='grc' dir='ltr'>φθαρῇ</span> <span class='ocrx_word' id='word_1_382' title='bbox 1710 2791 1777 2844; x_wconf 81' lang='grc' dir='ltr'><strong>τὰ</strong></span> <span class='ocrx_word' id='word_1_383' title='bbox 1803 2792 1941 2859; x_wconf 75' lang='grc' dir='ltr'><strong>νοή-</strong></span> 
     </span>
    </p>
   </div>
   <div class='ocr_carea' id='block_1_53' title="bbox 293 2877 1939 2954">
    <p class='ocr_par' dir='ltr' id='par_1_53' title="bbox 293 2877 1939 2954">
     <span class='ocr_line' id='line_1_53' title="bbox 293 2877 1939 2954; baseline -0.004 -18"><span class='ocrx_word' id='word_1_384' title='bbox 293 2903 435 2954; x_wconf 85' lang='grc' dir='ltr'><strong>ματα</strong></span> <span class='ocrx_word' id='word_1_385' title='bbox 468 2883 621 2953; x_wconf 81' lang='grc' dir='ltr'>ὑμῶν</span> <span class='ocrx_word' id='word_1_386' title='bbox 655 2881 760 2934; x_wconf 86' lang='grc' dir='ltr'>ἀπὸ</span> <span class='ocrx_word' id='word_1_387' title='bbox 790 2887 890 2942; x_wconf 84' lang='grc' dir='ltr'><strong>τῆς</strong></span> <span class='ocrx_word' id='word_1_388' title='bbox 925 2877 1240 2946; x_wconf 85' lang='grc' dir='ltr'>ἁπλότητος</span> <span class='ocrx_word' id='word_1_389' title='bbox 1268 2881 1366 2940; x_wconf 61' lang='grc' dir='ltr'><strong>τῆς</strong></span> <span class='ocrx_word' id='word_1_390' title='bbox 1399 2879 1476 2939; x_wconf 84' lang='grc' dir='ltr'><strong>εἷς</strong></span> <span class='ocrx_word' id='word_1_391' title='bbox 1505 2879 1596 2932; x_wconf 88' lang='grc' dir='ltr'><strong>τὸν</strong></span> <span class='ocrx_word' id='word_1_392' title='bbox 1626 2878 1875 2951; x_wconf 83' lang='grc' dir='ltr'><strong>Χριστόν.</strong></span> <span class='ocrx_word' id='word_1_393' title='bbox 1912 2903 1939 2929; x_wconf 91' lang='grc'>››</span> 
     </span>
    </p>
   </div>
   <div class='ocr_carea' id='block_1_54' title="bbox 307 2965 1938 3042">
    <p class='ocr_par' dir='ltr' id='par_1_54' title="bbox 307 2965 1938 3042">
     <span class='ocr_line' id='line_1_54' title="bbox 307 2965 1938 3042; baseline -0.003 -17"><span class='ocrx_word' id='word_1_394' title='bbox 307 2968 467 3025; x_wconf 85' lang='grc' dir='ltr'>Αλλᾶ</span> <span class='ocrx_word' id='word_1_395' title='bbox 513 2969 602 3023; x_wconf 83' lang='grc' dir='ltr'><strong>καὶ</strong></span> <span class='ocrx_word' id='word_1_396' title='bbox 644 2971 671 3023; x_wconf 89' lang='grc' dir='ltr'>ὁ</span> <span class='ocrx_word' id='word_1_397' title='bbox 705 2968 907 3042; x_wconf 81' lang='grc' dir='ltr'><strong>Κύριος</strong></span> <span class='ocrx_word' id='word_1_398' title='bbox 964 2966 1051 3020; x_wconf 81' lang='grc' dir='ltr'>ἐπὶ</span> <span class='ocrx_word' id='word_1_399' title='bbox 1102 2966 1168 3020; x_wconf 73' lang='grc' dir='ltr'><strong>τὰ</strong></span> <span class='ocrx_word' id='word_1_400' title='bbox 1220 2990 1248 3017; x_wconf 94' lang='grc'>‹‹</span> <span class='ocrx_word' id='word_1_401' title='bbox 1279 2965 1673 3037; x_wconf 72' lang='grc' dir='ltr'><strong>πεπλανημένα</strong></span> <span class='ocrx_word' id='word_1_402' title='bbox 1713 2991 1741 3017; x_wconf 75' lang='grc'>››</span> <span class='ocrx_word' id='word_1_403' title='bbox 1800 2967 1938 3038; x_wconf 86' lang='grc' dir='ltr'>ὁμο-</span> 
     </span>
    </p>
   </div>
   <div class='ocr_carea' id='block_1_55' title="bbox 294 3053 1943 3132">
    <p class='ocr_par' dir='ltr' id='par_1_55' title="bbox 294 3053 1943 3132">
     <span class='ocr_line' id='line_1_55' title="bbox 294 3053 1943 3132; baseline -0.002 -20"><span class='ocrx_word' id='word_1_404' title='bbox 294 3056 650 3132; x_wconf 71' lang='grc' dir='ltr'><strong>λογουμένως</strong></span> <span class='ocrx_word' id='word_1_405' title='bbox 683 3082 709 3108; x_wconf 91' lang='grc'>‹‹</span> <span class='ocrx_word' id='word_1_406' title='bbox 742 3055 899 3126; x_wconf 73' lang='grc' dir='ltr'><strong>ἠλθεο</strong></span> <span class='ocrx_word' id='word_1_407' title='bbox 932 3081 960 3108; x_wconf 85' lang='grc'><strong>››</strong></span> <span class='ocrx_word' id='word_1_408' title='bbox 987 3055 1384 3127; x_wconf 71' lang='grc' dir='ltr'><strong>πεπλανημένα</strong></span> <span class='ocrx_word' id='word_1_409' title='bbox 1416 3053 1472 3110; x_wconf 77' lang='grc' dir='ltr'>δὲ</span> <span class='ocrx_word' id='word_1_410' title='bbox 1503 3055 1602 3110; x_wconf 85' lang='grc' dir='ltr'><strong>οὐκ</strong></span> <span class='ocrx_word' id='word_1_411' title='bbox 1631 3055 1831 3120; x_wconf 78' lang='grc' dir='ltr'><strong>ἄνωθεν</strong></span> <span class='ocrx_word' id='word_1_412' title='bbox 1867 3056 1943 3118; x_wconf 83' lang='grc' dir='ltr'><strong>εἷς</strong></span> 
     </span>
    </p>
   </div>
   <div class='ocr_carea' id='block_1_56' title="bbox 288 3143 1940 3222">
    <p class='ocr_par' dir='ltr' id='par_1_56' title="bbox 288 3143 1940 3222">
     <span class='ocr_line' id='line_1_56' title="bbox 288 3143 1940 3222; baseline -0.002 -20"><span class='ocrx_word' id='word_1_413' title='bbox 288 3148 388 3216; x_wconf 79' lang='grc' dir='ltr'>τήν</span> <span class='ocrx_word' id='word_1_414' title='bbox 451 3145 607 3219; x_wconf 79' lang='grc' dir='ltr'><strong>δεῦρο</strong></span> <span class='ocrx_word' id='word_1_415' title='bbox 665 3145 886 3222; x_wconf 82' lang='grc' dir='ltr'><strong>γὲνεσιν,</strong></span> <span class='ocrx_word' id='word_1_416' title='bbox 947 3145 1171 3214; x_wconf 87' lang='grc' dir='ltr'><strong>κτίστης</strong></span> <span class='ocrx_word' id='word_1_417' title='bbox 1230 3145 1333 3219; x_wconf 86' lang='grc' dir='ltr'>γὰρ</span> <span class='ocrx_word' id='word_1_418' title='bbox 1381 3147 1416 3213; x_wconf 80' lang='grc' dir='ltr'><strong>ἡ</strong></span> <span class='ocrx_word' id='word_1_419' title='bbox 1462 3143 1665 3219; x_wconf 70' lang='grc' dir='ltr'><strong>γένεσις</strong></span> <span class='ocrx_word' id='word_1_420' title='bbox 1721 3149 1798 3218; x_wconf 80' lang='grc'>(7)</span> <span class='ocrx_word' id='word_1_421' title='bbox 1851 3144 1940 3198; x_wconf 86' lang='grc' dir='ltr'><strong>καὶ</strong></span> 
     </span>
    </p>
   </div>
   <div class='ocr_carea' id='block_1_57' title="bbox 2121 2613 3699 2686">
    <p class='ocr_par' dir='ltr' id='par_1_57' title="bbox 2121 2613 3699 2686">
     <span class='ocr_line' id='line_1_57' title="bbox 2121 2613 3699 2686; baseline 0.001 -17"><span class='ocrx_word' id='word_1_422' title='bbox 2121 2617 2246 2669; x_wconf 85' lang='lat' dir='ltr'>Jam</span> <span class='ocrx_word' id='word_1_423' title='bbox 2263 2631 2399 2668; x_wconf 90' lang='lat' dir='ltr'>vero</span> <span class='ocrx_word' id='word_1_424' title='bbox 2419 2614 2510 2667; x_wconf 90' lang='lat' dir='ltr'>vel</span> <span class='ocrx_word' id='word_1_425' title='bbox 2529 2613 2773 2668; x_wconf 89' lang='lat' dir='ltr'>invitum</span> <span class='ocrx_word' id='word_1_426' title='bbox 2798 2613 2952 2684; x_wconf 87' lang='lat' dir='ltr'>cogit</span> <span class='ocrx_word' id='word_1_427' title='bbox 2971 2613 3221 2668; x_wconf 91' lang='lat' dir='ltr'>Paulum</span> <span class='ocrx_word' id='word_1_428' title='bbox 3251 2614 3699 2686; x_wconf 88' lang='lat' dir='ltr'>generationem</span> 
     </span>
    </p>
   </div>
   <div class='ocr_carea' id='block_1_58' title="bbox 2053 2700 3701 2771">
    <p class='ocr_par' dir='ltr' id='par_1_58' title="bbox 2053 2700 3701 2771">
     <span class='ocr_line' id='line_1_58' title="bbox 2053 2700 3701 2771; baseline 0.001 -15"><span class='ocrx_word' id='word_1_429' title='bbox 2053 2719 2120 2756; x_wconf 89' lang='lat' dir='ltr'>ex</span> <span class='ocrx_word' id='word_1_430' title='bbox 2153 2701 2500 2771; x_wconf 89' lang='lat' dir='ltr'>deceptione</span> <span class='ocrx_word' id='word_1_431' title='bbox 2532 2700 2845 2769; x_wconf 84' lang='lat' dir='ltr'>deducere,</span> <span class='ocrx_word' id='word_1_432' title='bbox 2879 2718 3014 2755; x_wconf 91' lang='lat' dir='ltr'>cum</span> <span class='ocrx_word' id='word_1_433' title='bbox 3054 2701 3234 2754; x_wconf 91' lang='lat' dir='ltr'>dicit:</span> <span class='ocrx_word' id='word_1_434' title='bbox 3289 2726 3307 2750; x_wconf 82' lang='lat'><strong>-</strong></span> <span class='ocrx_word' id='word_1_435' title='bbox 3347 2703 3562 2756; x_wconf 90' lang='lat' dir='ltr'>Vereor</span> <span class='ocrx_word' id='word_1_436' title='bbox 3588 2719 3701 2757; x_wconf 89' lang='lat' dir='ltr'>au-</span> 
     </span>
    </p>
   </div>
   <div class='ocr_carea' id='block_1_59' title="bbox 2052 2790 3700 2862">
    <p class='ocr_par' dir='ltr' id='par_1_59' title="bbox 2052 2790 3700 2862">
     <span class='ocr_line' id='line_1_59' title="bbox 2052 2790 3700 2862; baseline 0 -16"><span class='ocrx_word' id='word_1_437' title='bbox 2052 2797 2194 2858; x_wconf 91' lang='lat' dir='ltr'>tem,</span> <span class='ocrx_word' id='word_1_438' title='bbox 2227 2806 2303 2844; x_wconf 91' lang='lat' dir='ltr'>ne</span> <span class='ocrx_word' id='word_1_439' title='bbox 2330 2790 2484 2845; x_wconf 85' lang='lat' dir='ltr'>sicut</span> <span class='ocrx_word' id='word_1_440' title='bbox 2513 2806 2758 2861; x_wconf 89' lang='lat' dir='ltr'>serpens</span> <span class='ocrx_word' id='word_1_441' title='bbox 2789 2793 2964 2846; x_wconf 89' lang='lat' dir='ltr'>Evam</span> <span class='ocrx_word' id='word_1_442' title='bbox 2995 2791 3248 2862; x_wconf 89' lang='lat' dir='ltr'>decepit,</span> <span class='ocrx_word' id='word_1_443' title='bbox 3285 2793 3546 2862; x_wconf 87' lang='lat' dir='ltr'>corrupti</span> <span class='ocrx_word' id='word_1_444' title='bbox 3579 2793 3700 2846; x_wconf 90' lang='lat' dir='ltr'>sint</span> 
     </span>
    </p>
   </div>
   <div class='ocr_carea' id='block_1_60' title="bbox 2054 2879 3696 2951">
    <p class='ocr_par' dir='ltr' id='par_1_60' title="bbox 2054 2879 3696 2951">
     <span class='ocr_line' id='line_1_60' title="bbox 2054 2879 3696 2951; baseline -0.003 -16"><span class='ocrx_word' id='word_1_445' title='bbox 2054 2896 2266 2935; x_wconf 90' lang='lat' dir='ltr'>sensus</span> <span class='ocrx_word' id='word_1_446' title='bbox 2284 2879 2459 2933; x_wconf 87' lang='lat' dir='ltr'>vestri</span> <span class='ocrx_word' id='word_1_447' title='bbox 2483 2895 2516 2934; x_wconf 93' lang='lat' dir='ltr'>a</span> <span class='ocrx_word' id='word_1_448' title='bbox 2533 2879 2931 2950; x_wconf 85' lang='lat' dir='ltr'>simplicitate,</span> <span class='ocrx_word' id='word_1_449' title='bbox 2962 2897 3094 2950; x_wconf 65' lang='lat' dir='ltr'>qua)</span> <span class='ocrx_word' id='word_1_450' title='bbox 3116 2880 3277 2934; x_wconf 88' lang='lat' dir='ltr'>estin</span> <span class='ocrx_word' id='word_1_451' title='bbox 3293 2880 3522 2935; x_wconf 88' lang='lat' dir='ltr'>Christo</span> <span class='ocrx_word' id='word_1_452' title='bbox 3546 2880 3640 2951; x_wconf 90' lang='lat' dir='ltr'>(a).</span> <span class='ocrx_word' id='word_1_453' title='bbox 3667 2902 3696 2929; x_wconf 83' lang='lat'>»</span> 
     </span>
    </p>
   </div>
   <div class='ocr_carea' id='block_1_61' title="bbox 2053 2968 3698 3039">
    <p class='ocr_par' dir='ltr' id='par_1_61' title="bbox 2053 2968 3698 3039">
     <span class='ocr_line' id='line_1_61' title="bbox 2053 2968 3698 3039; baseline 0.001 -17"><span class='ocrx_word' id='word_1_454' title='bbox 2053 2968 2162 3022; x_wconf 91' lang='lat' dir='ltr'>Sed</span> <span class='ocrx_word' id='word_1_455' title='bbox 2195 2973 2422 3022; x_wconf 90' lang='lat' dir='ltr'>certum</span> <span class='ocrx_word' id='word_1_456' title='bbox 2456 2973 2563 3035; x_wconf 89' lang='lat' dir='ltr'>est,</span> <span class='ocrx_word' id='word_1_457' title='bbox 2597 2968 2911 3023; x_wconf 91' lang='lat' dir='ltr'>Dominum</span> <span class='ocrx_word' id='word_1_458' title='bbox 2961 2985 3198 3039; x_wconf 91' lang='lat' dir='ltr'>quoque</span> <span class='ocrx_word' id='word_1_459' title='bbox 3230 2991 3251 3018; x_wconf 79' lang='grc' dir='ltr'>ι</span> <span class='ocrx_word' id='word_1_460' title='bbox 3286 2969 3517 3023; x_wconf 87' lang='lat' dir='ltr'>venisse</span> <span class='ocrx_word' id='word_1_461' title='bbox 3554 2994 3574 3018; x_wconf 72' lang='grc' dir='ltr'>ι</span> <span class='ocrx_word' id='word_1_462' title='bbox 3623 2969 3698 3023; x_wconf 91' lang='lat' dir='ltr'>ad</span> 
     </span>
    </p>
   </div>
   <div class='ocr_carea' id='block_1_62' title="bbox 2052 3056 3698 3126">
    <p class='ocr_par' dir='ltr' id='par_1_62' title="bbox 2052 3056 3698 3126">
     <span class='ocr_line' id='line_1_62' title="bbox 2052 3056 3698 3126; baseline 0.001 -15"><span class='ocrx_word' id='word_1_463' title='bbox 2052 3074 2140 3118; x_wconf 82' lang='lat' dir='ltr'>ea.</span> <span class='ocrx_word' id='word_1_464' title='bbox 2158 3073 2324 3126; x_wconf 59' lang='lat' dir='ltr'>«quas</span> <span class='ocrx_word' id='word_1_465' title='bbox 2337 3056 2853 3126; x_wconf 88' lang='lat' dir='ltr'>aberraverant(b).</span> <span class='ocrx_word' id='word_1_466' title='bbox 2867 3057 3698 3122; x_wconf 67' lang='lat' dir='ltr'>nAberraveruntautemmon</span> 
     </span>
    </p>
   </div>
   <div class='ocr_carea' id='block_1_63' title="bbox 2051 3145 3696 3218">
    <p class='ocr_par' dir='ltr' id='par_1_63' title="bbox 2051 3145 3696 3218">
     <span class='ocr_line' id='line_1_63' title="bbox 2051 3145 3696 3218; baseline 0 -18"><span class='ocrx_word' id='word_1_467' title='bbox 2051 3147 2123 3200; x_wconf 88' lang='lat' dir='ltr'>ab</span> <span class='ocrx_word' id='word_1_468' title='bbox 2155 3145 2274 3199; x_wconf 89' lang='lat' dir='ltr'>alto</span> <span class='ocrx_word' id='word_1_469' title='bbox 2299 3145 2573 3214; x_wconf 86' lang='lat' dir='ltr'>repetitia</span> <span class='ocrx_word' id='word_1_470' title='bbox 2593 3145 2818 3216; x_wconf 81' lang='lat' dir='ltr'>origine</span> <span class='ocrx_word' id='word_1_471' title='bbox 2840 3147 2901 3198; x_wconf 91' lang='lat' dir='ltr'>in</span> <span class='ocrx_word' id='word_1_472' title='bbox 2935 3162 3086 3209; x_wconf 90' lang='lat' dir='ltr'>eam,</span> <span class='ocrx_word' id='word_1_473' title='bbox 3113 3163 3243 3216; x_wconf 62' lang='lat' dir='ltr'>quae</span> <span class='ocrx_word' id='word_1_474' title='bbox 3267 3146 3362 3200; x_wconf 89' lang='lat' dir='ltr'>hic</span> <span class='ocrx_word' id='word_1_475' title='bbox 3388 3152 3494 3211; x_wconf 86' lang='lat' dir='ltr'>est,</span> <span class='ocrx_word' id='word_1_476' title='bbox 3519 3163 3696 3218; x_wconf 85' lang='lat' dir='ltr'>gene-</span> 
     </span>
    </p>
   </div>
   <div class='ocr_carea' id='block_1_64' title="bbox 281 3232 1942 3328">
    <p class='ocr_par' dir='ltr' id='par_1_64' title="bbox 281 3232 1934 3309">
     <span class='ocr_line' id='line_1_64' title="bbox 281 3232 1934 3309; baseline -0.001 -20"><span class='ocrx_word' id='word_1_477' title='bbox 281 3234 451 3296; x_wconf 87' lang='grc' dir='ltr'><strong>κτίσις</strong></span> <span class='ocrx_word' id='word_1_478' title='bbox 488 3239 585 3289; x_wconf 77' lang='grc' dir='ltr'><strong>τοῦ</strong></span> <span class='ocrx_word' id='word_1_479' title='bbox 620 3233 1085 3309; x_wconf 85' lang='grc' dir='ltr'><strong>Παντοκράτορος,</strong></span> <span class='ocrx_word' id='word_1_480' title='bbox 1143 3235 1203 3296; x_wconf 79' lang='grc' dir='ltr'>ὃς</span> <span class='ocrx_word' id='word_1_481' title='bbox 1263 3234 1364 3288; x_wconf 78' lang='grc' dir='ltr'><strong>οὐκ</strong></span> <span class='ocrx_word' id='word_1_482' title='bbox 1420 3232 1480 3288; x_wconf 83' lang='grc' dir='ltr'>ἄν</span> <span class='ocrx_word' id='word_1_483' title='bbox 1530 3256 1662 3289; x_wconf 87' lang='grc' dir='ltr'><strong>ποτε</strong></span> <span class='ocrx_word' id='word_1_484' title='bbox 1692 3234 1741 3307; x_wconf 81' lang='grc' dir='ltr'>ἐξ</span> <span class='ocrx_word' id='word_1_485' title='bbox 1776 3236 1934 3307; x_wconf 85' lang='grc' dir='ltr'><strong>ἀμει-</strong></span> 
     </span>
    </p>
   </div>
   <div class='ocr_carea' id='block_1_65' title="bbox 2063 3232 3696 3328">
    <p class='ocr_par' dir='ltr' id='par_1_65' title="bbox 2063 3234 3696 3306">
     <span class='ocr_line' id='line_1_65' title="bbox 2063 3234 3696 3306; baseline 0.001 -18"><span class='ocrx_word' id='word_1_486' title='bbox 2063 3235 2343 3288; x_wconf 73' lang='lat' dir='ltr'>rationem</span> <span class='ocrx_word' id='word_1_487' title='bbox 2375 3239 2488 3298; x_wconf 87' lang='lat' dir='ltr'>(est</span> <span class='ocrx_word' id='word_1_488' title='bbox 2517 3234 2674 3287; x_wconf 90' lang='lat' dir='ltr'>enim</span> <span class='ocrx_word' id='word_1_489' title='bbox 2698 3235 2998 3306; x_wconf 79' lang='lat' dir='ltr'>generatio</span> <span class='ocrx_word' id='word_1_490' title='bbox 3022 3240 3291 3288; x_wconf 90' lang='lat' dir='ltr'>creatura</span> <span class='ocrx_word' id='word_1_491' title='bbox 3311 3235 3696 3305; x_wconf 88' lang='lat' dir='ltr'>Omnipoten-</span> 
     </span>
    </p>
   </div>
   <div class='ocr_carea' id='block_1_66' title="bbox 279 3321 1928 3398">
    <p class='ocr_par' dir='ltr' id='par_1_66' title="bbox 279 3321 1928 3398">
     <span class='ocr_line' id='line_1_66' title="bbox 279 3321 1928 3398; baseline 0.001 -20"><span class='ocrx_word' id='word_1_492' title='bbox 279 3323 450 3378; x_wconf 85' lang='grc' dir='ltr'>νὸνων</span> <span class='ocrx_word' id='word_1_493' title='bbox 485 3323 562 3387; x_wconf 81' lang='grc' dir='ltr'><strong>εἰς</strong></span> <span class='ocrx_word' id='word_1_494' title='bbox 588 3325 656 3378; x_wconf 77' lang='grc' dir='ltr'>τὰ</span> <span class='ocrx_word' id='word_1_495' title='bbox 686 3322 860 3398; x_wconf 88' lang='grc' dir='ltr'><strong>χείρω</strong></span> <span class='ocrx_word' id='word_1_496' title='bbox 889 3325 1112 3398; x_wconf 76' lang='grc' dir='ltr'><strong>κατάγοι</strong></span> <span class='ocrx_word' id='word_1_497' title='bbox 1143 3323 1352 3397; x_wconf 80' lang='grc' dir='ltr'><strong>ψυχήν⁶</strong></span> <span class='ocrx_word' id='word_1_498' title='bbox 1385 3321 1511 3377; x_wconf 79' lang='grc' dir='ltr'>ἀλλ’</span> <span class='ocrx_word' id='word_1_499' title='bbox 1543 3322 1617 3385; x_wconf 66' lang='grc' dir='ltr'>εἷς</span> <span class='ocrx_word' id='word_1_500' title='bbox 1654 3323 1781 3386; x_wconf 75' lang='grc' dir='ltr'><strong>τοὺς</strong></span> <span class='ocrx_word' id='word_1_501' title='bbox 1831 3345 1928 3379; x_wconf 86' lang='grc' dir='ltr'><strong>πε-</strong></span> 
     </span>
    </p>
   </div>
   <div class='ocr_carea' id='block_1_67' title="bbox 280 3411 1926 3487">
    <p class='ocr_par' dir='ltr' id='par_1_67' title="bbox 280 3411 1926 3487">
     <span class='ocr_line' id='line_1_67' title="bbox 280 3411 1926 3487; baseline 0 -21"><span class='ocrx_word' id='word_1_502' title='bbox 280 3413 668 3483; x_wconf 71' lang='grc' dir='ltr'><strong>πλανημένους</strong></span> <span class='ocrx_word' id='word_1_503' title='bbox 705 3411 773 3466; x_wconf 81' lang='grc' dir='ltr'><strong>τὰ</strong></span> <span class='ocrx_word' id='word_1_504' title='bbox 818 3413 1094 3484; x_wconf 77' lang='grc' dir='ltr'><strong>νοήματα,</strong></span> <span class='ocrx_word' id='word_1_505' title='bbox 1155 3411 1229 3473; x_wconf 79' lang='grc' dir='ltr'><strong>εἷς</strong></span> <span class='ocrx_word' id='word_1_506' title='bbox 1288 3414 1460 3484; x_wconf 76' lang='grc' dir='ltr'><strong>ἡμᾶς,</strong></span> <span class='ocrx_word' id='word_1_507' title='bbox 1494 3413 1521 3467; x_wconf 90' lang='grc' dir='ltr'><strong>ὁ</strong></span> <span class='ocrx_word' id='word_1_508' title='bbox 1553 3412 1750 3487; x_wconf 69' lang='grc' dir='ltr'><strong>Σωτὴρ</strong></span> <span class='ocrx_word' id='word_1_509' title='bbox 1805 3412 1926 3485; x_wconf 82' lang='grc' dir='ltr'><strong>ἀφί-</strong></span> 
     </span>
    </p>
   </div>
   <div class='ocr_carea' id='block_1_68' title="bbox 279 3498 1930 3578">
    <p class='ocr_par' dir='ltr' id='par_1_68' title="bbox 279 3498 1930 3578">
     <span class='ocr_line' id='line_1_68' title="bbox 279 3498 1930 3578; baseline -0.001 -22"><span class='ocrx_word' id='word_1_510' title='bbox 279 3521 424 3557; x_wconf 88' lang='grc' dir='ltr'><strong>κετο·</strong></span> <span class='ocrx_word' id='word_1_511' title='bbox 460 3501 493 3554; x_wconf 79' lang='grc' dir='ltr'>ἃ</span> <span class='ocrx_word' id='word_1_512' title='bbox 523 3498 588 3568; x_wconf 76' lang='grc' dir='ltr'>δὴ</span> <span class='ocrx_word' id='word_1_513' title='bbox 624 3499 682 3554; x_wconf 73' lang='grc' dir='ltr'><strong>ἐκ</strong></span> <span class='ocrx_word' id='word_1_514' title='bbox 710 3507 812 3568; x_wconf 86' lang='grc' dir='ltr'>τῆς</span> <span class='ocrx_word' id='word_1_515' title='bbox 855 3502 993 3555; x_wconf 80' lang='grc' dir='ltr'><strong>κατὰ</strong></span> <span class='ocrx_word' id='word_1_516' title='bbox 1037 3501 1132 3562; x_wconf 77' lang='grc' dir='ltr'><strong>τὰς</strong></span> <span class='ocrx_word' id='word_1_517' title='bbox 1184 3499 1406 3562; x_wconf 78' lang='grc' dir='ltr'><strong>ἐντολὰς</strong></span> <span class='ocrx_word' id='word_1_518' title='bbox 1451 3507 1732 3575; x_wconf 82' lang='grc' dir='ltr'><strong>παρακοῆς</strong></span> <span class='ocrx_word' id='word_1_519' title='bbox 1766 3499 1930 3578; x_wconf 80' lang='grc' dir='ltr'>ἐφθά-</span> 
     </span>
    </p>
   </div>
   <div class='ocr_carea' id='block_1_69' title="bbox 281 3584 1924 3666">
    <p class='ocr_par' dir='ltr' id='par_1_69' title="bbox 281 3584 1924 3666">
     <span class='ocr_line' id='line_1_69' title="bbox 281 3584 1924 3666; baseline 0.001 -24"><span class='ocrx_word' id='word_1_520' title='bbox 281 3611 373 3666; x_wconf 81' lang='grc' dir='ltr'>ρη,</span> <span class='ocrx_word' id='word_1_521' title='bbox 433 3587 882 3666; x_wconf 73' lang='grc' dir='ltr'>φιληδονούντων</span> <span class='ocrx_word' id='word_1_522' title='bbox 939 3593 1124 3662; x_wconf 73' lang='grc' dir='ltr'><strong>ἡμῶνο</strong></span> <span class='ocrx_word' id='word_1_523' title='bbox 1182 3591 1329 3665; x_wconf 80' lang='grc' dir='ltr'><strong>τάχα</strong></span> <span class='ocrx_word' id='word_1_524' title='bbox 1383 3610 1490 3644; x_wconf 85' lang='grc' dir='ltr'>που</span> <span class='ocrx_word' id='word_1_525' title='bbox 1545 3584 1924 3665; x_wconf 75' lang='grc' dir='ltr'><strong>προλαϐόντος</strong></span> 
     </span>
    </p>
   </div>
   <div class='ocr_carea' id='block_1_70' title="bbox 277 3678 1925 3754">
    <p class='ocr_par' dir='ltr' id='par_1_70' title="bbox 277 3678 1925 3754">
     <span class='ocr_line' id='line_1_70' title="bbox 277 3678 1925 3754; baseline -0.003 -17"><span class='ocrx_word' id='word_1_526' title='bbox 277 3682 358 3754; x_wconf 87' lang='grc'>(8)</span> <span class='ocrx_word' id='word_1_527' title='bbox 390 3682 551 3751; x_wconf 79' lang='grc' dir='ltr'><strong>ἡμῶν</strong></span> <span class='ocrx_word' id='word_1_528' title='bbox 609 3679 700 3734; x_wconf 88' lang='grc' dir='ltr'>τὸν</span> <span class='ocrx_word' id='word_1_529' title='bbox 758 3678 944 3754; x_wconf 87' lang='grc' dir='ltr'><strong>καιρὸν</strong></span> <span class='ocrx_word' id='word_1_530' title='bbox 1003 3682 1100 3732; x_wconf 78' lang='grc' dir='ltr'><strong>τοῦ</strong></span> <span class='ocrx_word' id='word_1_531' title='bbox 1156 3678 1612 3753; x_wconf 85' lang='grc' dir='ltr'><strong>πρωτοπλάστου,</strong></span> <span class='ocrx_word' id='word_1_532' title='bbox 1670 3678 1760 3733; x_wconf 87' lang='grc' dir='ltr'><strong>καὶ</strong></span> <span class='ocrx_word' id='word_1_533' title='bbox 1817 3679 1925 3752; x_wconf 85' lang='grc' dir='ltr'><strong>πρὸ</strong></span> 
     </span>
    </p>
   </div>
   <div class='ocr_carea' id='block_1_71' title="bbox 2046 3323 3694 3394">
    <p class='ocr_par' dir='ltr' id='par_1_71' title="bbox 2046 3323 3694 3394">
     <span class='ocr_line' id='line_1_71' title="bbox 2046 3323 3694 3394; baseline 0.001 -17"><span class='ocrx_word' id='word_1_534' title='bbox 2046 3325 2143 3393; x_wconf 88' lang='lat' dir='ltr'>tis,</span> <span class='ocrx_word' id='word_1_535' title='bbox 2177 3324 2277 3394; x_wconf 88' lang='lat' dir='ltr'>qui</span> <span class='ocrx_word' id='word_1_536' title='bbox 2311 3340 2617 3393; x_wconf 89' lang='lat' dir='ltr'>nunquam</span> <span class='ocrx_word' id='word_1_537' title='bbox 2646 3340 2715 3377; x_wconf 85' lang='lat' dir='ltr'>ex</span> <span class='ocrx_word' id='word_1_538' title='bbox 2748 3323 3093 3378; x_wconf 87' lang='lat' dir='ltr'>melioribus</span> <span class='ocrx_word' id='word_1_539' title='bbox 3131 3324 3204 3377; x_wconf 89' lang='lat' dir='ltr'>ad</span> <span class='ocrx_word' id='word_1_540' title='bbox 3253 3324 3548 3378; x_wconf 88' lang='lat' dir='ltr'>deteriora</span> <span class='ocrx_word' id='word_1_541' title='bbox 3598 3325 3694 3378; x_wconf 87' lang='lat' dir='ltr'>de-</span> 
     </span>
    </p>
   </div>
   <div class='ocr_carea' id='block_1_72' title="bbox 2039 3412 3692 3484">
    <p class='ocr_par' dir='ltr' id='par_1_72' title="bbox 2039 3412 3692 3484">
     <span class='ocr_line' id='line_1_72' title="bbox 2039 3412 3692 3484; baseline -0.001 -17"><span class='ocrx_word' id='word_1_542' title='bbox 2039 3412 2571 3483; x_wconf 86' lang='lat' dir='ltr'>duxeritanimam)</span> <span class='ocrx_word' id='word_1_543' title='bbox 2596 3413 2730 3478; x_wconf 92' lang='lat' dir='ltr'>;sed</span> <span class='ocrx_word' id='word_1_544' title='bbox 2752 3414 2825 3468; x_wconf 92' lang='lat' dir='ltr'>ad</span> <span class='ocrx_word' id='word_1_545' title='bbox 2847 3429 2968 3479; x_wconf 91' lang='lat' dir='ltr'>eos,</span> <span class='ocrx_word' id='word_1_546' title='bbox 2988 3413 3088 3484; x_wconf 90' lang='lat' dir='ltr'>qui</span> <span class='ocrx_word' id='word_1_547' title='bbox 3105 3412 3378 3466; x_wconf 91' lang='lat' dir='ltr'>sensibus</span> <span class='ocrx_word' id='word_1_548' title='bbox 3401 3430 3504 3467; x_wconf 90' lang='lat' dir='ltr'>seu</span> <span class='ocrx_word' id='word_1_549' title='bbox 3528 3414 3692 3484; x_wconf 85' lang='lat' dir='ltr'>cogi-</span> 
     </span>
    </p>
   </div>
   <div class='ocr_carea' id='block_1_73' title="bbox 2036 3501 3692 3570">
    <p class='ocr_par' dir='ltr' id='par_1_73' title="bbox 2036 3501 3692 3570">
     <span class='ocr_line' id='line_1_73' title="bbox 2036 3501 3692 3570; baseline -0.001 -14"><span class='ocrx_word' id='word_1_550' title='bbox 2036 3503 2360 3558; x_wconf 87' lang='lat' dir='ltr'>tationibus</span> <span class='ocrx_word' id='word_1_551' title='bbox 2407 3501 2846 3569; x_wconf 88' lang='lat' dir='ltr'>aberraverant,</span> <span class='ocrx_word' id='word_1_552' title='bbox 2890 3502 2964 3556; x_wconf 88' lang='lat' dir='ltr'>ad</span> <span class='ocrx_word' id='word_1_553' title='bbox 3019 3518 3149 3567; x_wconf 90' lang='lat' dir='ltr'>nos,</span> <span class='ocrx_word' id='word_1_554' title='bbox 3197 3501 3464 3570; x_wconf 90' lang='lat' dir='ltr'>inquam,</span> <span class='ocrx_word' id='word_1_555' title='bbox 3530 3501 3692 3555; x_wconf 91' lang='lat' dir='ltr'>venit</span> 
     </span>
    </p>
   </div>
   <div class='ocr_carea' id='block_1_74' title="bbox 2037 3589 3687 3660">
    <p class='ocr_par' dir='ltr' id='par_1_74' title="bbox 2037 3589 3687 3660">
     <span class='ocr_line' id='line_1_74' title="bbox 2037 3589 3687 3660; baseline -0.002 -15"><span class='ocrx_word' id='word_1_556' title='bbox 2037 3593 2337 3657; x_wconf 61' lang='lat' dir='ltr'>Se&#39;rvator;</span> <span class='ocrx_word' id='word_1_557' title='bbox 2381 3591 2479 3659; x_wconf 91' lang='lat' dir='ltr'>qui</span> <span class='ocrx_word' id='word_1_558' title='bbox 2513 3590 2754 3660; x_wconf 91' lang='lat' dir='ltr'>quidem</span> <span class='ocrx_word' id='word_1_559' title='bbox 2787 3608 2858 3645; x_wconf 84' lang='lat' dir='ltr'>ex</span> <span class='ocrx_word' id='word_1_560' title='bbox 2897 3596 3100 3645; x_wconf 88' lang='lat' dir='ltr'>nostra</span> <span class='ocrx_word' id='word_1_561' title='bbox 3130 3590 3192 3644; x_wconf 91' lang='lat' dir='ltr'>in</span> <span class='ocrx_word' id='word_1_562' title='bbox 3225 3589 3537 3660; x_wconf 74' lang='lat' dir='ltr'>praeceptis</span> <span class='ocrx_word' id='word_1_563' title='bbox 3559 3590 3687 3643; x_wconf 85' lang='lat' dir='ltr'>ino-</span> 
     </span>
    </p>
   </div>
   <div class='ocr_carea' id='block_1_75' title="bbox 2035 3678 3692 3749">
    <p class='ocr_par' dir='ltr' id='par_1_75' title="bbox 2035 3678 3692 3749">
     <span class='ocr_line' id='line_1_75' title="bbox 2035 3678 3692 3749; baseline -0.001 -15"><span class='ocrx_word' id='word_1_564' title='bbox 2035 3679 2337 3735; x_wconf 89' lang='lat' dir='ltr'>bedientia</span> <span class='ocrx_word' id='word_1_565' title='bbox 2366 3680 2626 3749; x_wconf 91' lang='lat' dir='ltr'>corrupti</span> <span class='ocrx_word' id='word_1_566' title='bbox 2654 3685 2813 3748; x_wconf 92' lang='lat' dir='ltr'>sunt,</span> <span class='ocrx_word' id='word_1_567' title='bbox 2849 3680 2989 3734; x_wconf 90' lang='lat' dir='ltr'>dum</span> <span class='ocrx_word' id='word_1_568' title='bbox 3020 3679 3200 3734; x_wconf 88' lang='lat' dir='ltr'>nimis</span> <span class='ocrx_word' id='word_1_569' title='bbox 3232 3678 3398 3734; x_wconf 88' lang='lat' dir='ltr'>avide</span> <span class='ocrx_word' id='word_1_570' title='bbox 3429 3678 3692 3749; x_wconf 84' lang='lat' dir='ltr'>volupta-</span> 
     </span>
    </p>
   </div>
   <div class='ocr_carea' id='block_1_76' title="bbox 376 3803 1942 3879">
    <p class='ocr_par' dir='ltr' id='par_1_76' title="bbox 376 3803 1942 3875">
     <span class='ocr_line' id='line_1_76' title="bbox 376 3803 1942 3875; baseline -0.001 -16"><span class='ocrx_word' id='word_1_571' title='bbox 376 3803 439 3868; x_wconf 65' lang='grc' dir='ltr'>ἰ(</span> <span class='ocrx_word' id='word_1_572' title='bbox 471 3807 532 3860; x_wconf 86' lang='grc' dir='ltr'>Ρ.</span> <span class='ocrx_word' id='word_1_573' title='bbox 567 3807 671 3859; x_wconf 82' lang='grc'>554</span> <span class='ocrx_word' id='word_1_574' title='bbox 692 3806 804 3859; x_wconf 86' lang='grc' dir='ltr'>ΕΙ).</span> <span class='ocrx_word' id='word_1_575' title='bbox 839 3805 1129 3859; x_wconf 83' lang='lat' dir='ltr'>POTTER.</span> <span class='ocrx_word' id='word_1_576' title='bbox 1154 3805 1396 3858; x_wconf 85' lang='grc'><strong>466-467</strong></span> <span class='ocrx_word' id='word_1_577' title='bbox 1428 3805 1538 3858; x_wconf 84' lang='grc' dir='ltr'>ΕΙ).</span> <span class='ocrx_word' id='word_1_578' title='bbox 1565 3804 1792 3859; x_wconf 81' lang='lat' dir='ltr'>PARIS.</span> <span class='ocrx_word' id='word_1_579' title='bbox 1828 3806 1902 3875; x_wconf 84' lang='grc' dir='ltr'>(α)</span> <span class='ocrx_word' id='word_1_580' title='bbox 1930 3806 1942 3858; x_wconf 94' lang='grc'>]</span> 
     </span>
    </p>
   </div>
   <div class='ocr_carea' id='block_1_77' title="bbox 2063 3803 3136 3879">
    <p class='ocr_par' dir='ltr' id='par_1_77' title="bbox 2063 3805 3136 3879">
     <span class='ocr_line' id='line_1_77' title="bbox 2063 3805 3136 3879; baseline -0.002 -19"><span class='ocrx_word' id='word_1_581' title='bbox 2063 3823 2138 3861; x_wconf 74' lang='lat' dir='ltr'>or.</span> <span class='ocrx_word' id='word_1_582' title='bbox 2171 3823 2251 3872; x_wconf 64' lang='grc' dir='ltr'><strong>χι,</strong></span> <span class='ocrx_word' id='word_1_583' title='bbox 2281 3809 2332 3862; x_wconf 91' lang='lat'>3.</span> <span class='ocrx_word' id='word_1_584' title='bbox 2382 3807 2465 3879; x_wconf 74' lang='grc' dir='ltr'>(ὸ)</span> <span class='ocrx_word' id='word_1_585' title='bbox 2499 3805 2700 3860; x_wconf 83' lang='lat' dir='ltr'>Matth.</span> <span class='ocrx_word' id='word_1_586' title='bbox 2733 3821 2892 3872; x_wconf 84' lang='lat' dir='ltr'>xvm,</span> <span class='ocrx_word' id='word_1_587' title='bbox 2931 3808 3018 3873; x_wconf 94' lang='grc'>11,</span> <span class='ocrx_word' id='word_1_588' title='bbox 3053 3806 3136 3858; x_wconf 86' lang='grc'><strong>12.</strong></span> 
     </span>
    </p>
   </div>
   <div class='ocr_carea' id='block_1_78' title="bbox 287 3923 1930 4003">
    <p class='ocr_par' dir='ltr' id='par_1_78' title="bbox 287 3923 1930 4003">
     <span class='ocr_line' id='line_1_78' title="bbox 287 3923 1930 4003; baseline 0.001 -21"><span class='ocrx_word' id='word_1_589' title='bbox 287 3928 360 3990; x_wconf 85' lang='grc' dir='ltr'>ὼς</span> <span class='ocrx_word' id='word_1_590' title='bbox 392 3931 463 4003; x_wconf 33' lang='grc' dir='ltr'>το.</span> <span class='ocrx_word' id='word_1_591' title='bbox 483 3923 610 3990; x_wconf 76' lang='grc' dir='ltr'><strong>ἔσω,</strong></span> <span class='ocrx_word' id='word_1_592' title='bbox 634 3930 730 4003; x_wconf 71' lang='grc' dir='ltr'><strong>καὶ</strong></span> <span class='ocrx_word' id='word_1_593' title='bbox 761 3929 824 3983; x_wconf 91' lang='grc' dir='ltr'><strong>τὸ</strong></span> <span class='ocrx_word' id='word_1_594' title='bbox 855 3926 1013 4003; x_wconf 74' lang='grc' dir='ltr'><strong>ἄρσεν</strong></span> <span class='ocrx_word' id='word_1_595' title='bbox 1058 3926 1191 3999; x_wconf 77' lang='grc' dir='ltr'><strong>μετὰ</strong></span> <span class='ocrx_word' id='word_1_596' title='bbox 1237 3933 1339 4003; x_wconf 80' lang='grc' dir='ltr'>τῆς</span> <span class='ocrx_word' id='word_1_597' title='bbox 1388 3925 1612 3996; x_wconf 80' lang='grc' dir='ltr'><strong>θηλείας</strong></span> <span class='ocrx_word' id='word_1_598' title='bbox 1639 3925 1930 4003; x_wconf 15' lang='grc' dir='ltr'><strong>-οὕτεᾲόἷρ-</strong></span> 
     </span>
    </p>
   </div>
   <div class='ocr_carea' id='block_1_79' title="bbox 286 3999 1930 4073">
    <p class='ocr_par' dir='ltr' id='par_1_79' title="bbox 286 3999 1930 4073">
     <span class='ocr_line' id='line_1_79' title="bbox 286 3999 1930 4073; baseline 0.002 -20"><span class='ocrx_word' id='word_1_599' title='bbox 286 4021 374 4054; x_wconf 89' lang='grc' dir='ltr'>σεο</span> <span class='ocrx_word' id='word_1_600' title='bbox 402 3999 526 4055; x_wconf 74' lang='grc' dir='ltr'><strong>οὔτε</strong></span> <span class='ocrx_word' id='word_1_601' title='bbox 556 4001 720 4070; x_wconf 79' lang='grc' dir='ltr'><strong>θῆλυ·</strong></span> <span class='ocrx_word' id='word_1_602' title='bbox 755 4025 782 4053; x_wconf 87' lang='grc'>‹‹</span> <span class='ocrx_word' id='word_1_603' title='bbox 818 3999 1216 4073; x_wconf 80' lang='lat' dir='ltr'>Interrogatus</span> <span class='ocrx_word' id='word_1_604' title='bbox 1246 4001 1405 4054; x_wconf 90' lang='lat' dir='ltr'>enim</span> <span class='ocrx_word' id='word_1_605' title='bbox 1437 4017 1470 4055; x_wconf 88' lang='lat' dir='ltr'>a</span> <span class='ocrx_word' id='word_1_606' title='bbox 1499 4001 1754 4070; x_wconf 88' lang='lat' dir='ltr'>quodam</span> <span class='ocrx_word' id='word_1_607' title='bbox 1805 3999 1930 4072; x_wconf 84' lang='lat' dir='ltr'>ipse</span> 
     </span>
    </p>
   </div>
   <div class='ocr_carea' id='block_1_80' title="bbox 285 4073 1928 4144">
    <p class='ocr_par' dir='ltr' id='par_1_80' title="bbox 285 4073 1928 4144">
     <span class='ocr_line' id='line_1_80' title="bbox 285 4073 1928 4144; baseline 0 -17"><span class='ocrx_word' id='word_1_608' title='bbox 285 4073 594 4144; x_wconf 83' lang='lat' dir='ltr'>Dominus.</span> <span class='ocrx_word' id='word_1_609' title='bbox 639 4075 875 4144; x_wconf 87' lang='lat' dir='ltr'>quando</span> <span class='ocrx_word' id='word_1_610' title='bbox 916 4079 1232 4127; x_wconf 87' lang='lat' dir='ltr'>venturum</span> <span class='ocrx_word' id='word_1_611' title='bbox 1283 4078 1440 4126; x_wconf 89' lang='lat' dir='ltr'>esset</span> <span class='ocrx_word' id='word_1_612' title='bbox 1482 4088 1732 4144; x_wconf 80' lang='lat' dir='ltr'>regnum</span> <span class='ocrx_word' id='word_1_613' title='bbox 1778 4075 1928 4144; x_wconf 82' lang='lat' dir='ltr'>ejus,</span> 
     </span>
    </p>
   </div>
   <div class='ocr_carea' id='block_1_81' title="bbox 282 4142 1931 4213">
    <p class='ocr_par' dir='ltr' id='par_1_81' title="bbox 282 4142 1931 4213">
     <span class='ocr_line' id='line_1_81' title="bbox 282 4142 1931 4213; baseline 0.001 -17"><span class='ocrx_word' id='word_1_614' title='bbox 282 4143 466 4197; x_wconf 87' lang='lat' dir='ltr'>dixit:</span> <span class='ocrx_word' id='word_1_615' title='bbox 501 4145 642 4198; x_wconf 89' lang='lat' dir='ltr'>Cum</span> <span class='ocrx_word' id='word_1_616' title='bbox 657 4142 781 4198; x_wconf 75' lang='lat' dir='ltr'>duo</span> <span class='ocrx_word' id='word_1_617' title='bbox 817 4151 990 4198; x_wconf 91' lang='lat' dir='ltr'>erunt</span> <span class='ocrx_word' id='word_1_618' title='bbox 1019 4159 1228 4209; x_wconf 89' lang='lat' dir='ltr'>unum,</span> <span class='ocrx_word' id='word_1_619' title='bbox 1261 4149 1319 4196; x_wconf 92' lang='lat' dir='ltr'>et</span> <span class='ocrx_word' id='word_1_620' title='bbox 1339 4142 1498 4212; x_wconf 92' lang='lat' dir='ltr'>quod</span> <span class='ocrx_word' id='word_1_621' title='bbox 1523 4142 1665 4197; x_wconf 83' lang='lat' dir='ltr'>foris</span> <span class='ocrx_word' id='word_1_622' title='bbox 1685 4149 1747 4197; x_wconf 86' lang='lat' dir='ltr'>ut</span> <span class='ocrx_word' id='word_1_623' title='bbox 1772 4142 1931 4213; x_wconf 78' lang='lat' dir='ltr'>quod</span> 
     </span>
    </p>
   </div>
   <div class='ocr_carea' id='block_1_82' title="bbox 281 4214 1930 4284">
    <p class='ocr_par' dir='ltr' id='par_1_82' title="bbox 281 4214 1930 4284">
     <span class='ocr_line' id='line_1_82' title="bbox 281 4214 1930 4284; baseline 0.001 -16"><span class='ocrx_word' id='word_1_624' title='bbox 281 4214 464 4274; x_wconf 81' lang='lat' dir='ltr'>intus.</span> <span class='ocrx_word' id='word_1_625' title='bbox 492 4216 894 4269; x_wconf 90' lang='lat' dir='ltr'>etmasculum</span> <span class='ocrx_word' id='word_1_626' title='bbox 917 4231 1051 4268; x_wconf 91' lang='lat' dir='ltr'>cum</span> <span class='ocrx_word' id='word_1_627' title='bbox 1073 4215 1318 4280; x_wconf 88' lang='lat' dir='ltr'>femina,</span> <span class='ocrx_word' id='word_1_628' title='bbox 1339 4230 1534 4282; x_wconf 90' lang='lat' dir='ltr'>neque</span> <span class='ocrx_word' id='word_1_629' title='bbox 1563 4231 1712 4274; x_wconf 86' lang='lat' dir='ltr'>mas.</span> <span class='ocrx_word' id='word_1_630' title='bbox 1736 4231 1930 4284; x_wconf 82' lang='lat' dir='ltr'>neque</span> 
     </span>
    </p>
   </div>
   <div class='ocr_carea' id='block_1_83' title="bbox 281 4285 1932 4340">
    <p class='ocr_par' dir='ltr' id='par_1_83' title="bbox 281 4285 1932 4340">
     <span class='ocr_line' id='line_1_83' title="bbox 281 4285 1932 4340; baseline 0.001 -1"><span class='ocrx_word' id='word_1_631' title='bbox 281 4285 524 4339; x_wconf 88' lang='lat' dir='ltr'>femina.</span> <span class='ocrx_word' id='word_1_632' title='bbox 562 4308 590 4334; x_wconf 75' lang='grc' dir='ltr'>υ</span> <span class='ocrx_word' id='word_1_633' title='bbox 624 4286 728 4339; x_wconf 89' lang='lat' dir='ltr'>Ubi</span> <span class='ocrx_word' id='word_1_634' title='bbox 763 4286 1088 4339; x_wconf 88' lang='lat' dir='ltr'>Cotelerius</span> <span class='ocrx_word' id='word_1_635' title='bbox 1121 4285 1244 4339; x_wconf 68' lang='lat' dir='ltr'>haec</span> <span class='ocrx_word' id='word_1_636' title='bbox 1301 4285 1579 4339; x_wconf 85' lang='lat' dir='ltr'>adnotat:</span> <span class='ocrx_word' id='word_1_637' title='bbox 1641 4308 1668 4334; x_wconf 86' lang='lat'><strong>«</strong></span> <span class='ocrx_word' id='word_1_638' title='bbox 1702 4285 1932 4340; x_wconf 87' lang='lat' dir='ltr'>Similia</span> 
     </span>
    </p>
   </div>
   <div class='ocr_carea' id='block_1_84' title="bbox 284 4355 1928 4428">
    <p class='ocr_par' dir='ltr' id='par_1_84' title="bbox 284 4355 1928 4428">
     <span class='ocr_line' id='line_1_84' title="bbox 284 4355 1928 4428; baseline 0 -18"><span class='ocrx_word' id='word_1_639' title='bbox 284 4355 604 4428; x_wconf 68' lang='lat' dir='ltr'>Egyptiaci</span> <span class='ocrx_word' id='word_1_640' title='bbox 664 4357 960 4427; x_wconf 84' lang='lat' dir='ltr'>Evangelii</span> <span class='ocrx_word' id='word_1_641' title='bbox 996 4357 1255 4411; x_wconf 88' lang='lat' dir='ltr'>citantur</span> <span class='ocrx_word' id='word_1_642' title='bbox 1315 4373 1382 4411; x_wconf 91' lang='lat' dir='ltr'>ac</span> <span class='ocrx_word' id='word_1_643' title='bbox 1442 4363 1819 4426; x_wconf 83' lang='lat' dir='ltr'>exponuntur</span> <span class='ocrx_word' id='word_1_644' title='bbox 1866 4358 1928 4410; x_wconf 93' lang='lat' dir='ltr'>in</span> 
     </span>
    </p>
   </div>
   <div class='ocr_carea' id='block_1_85' title="bbox 281 4427 1932 4498">
    <p class='ocr_par' dir='ltr' id='par_1_85' title="bbox 281 4427 1932 4498">
     <span class='ocr_line' id='line_1_85' title="bbox 281 4427 1932 4498; baseline 0 -17"><span class='ocrx_word' id='word_1_645' title='bbox 281 4427 686 4482; x_wconf 84' lang='lat' dir='ltr'>Alexandrino</span> <span class='ocrx_word' id='word_1_646' title='bbox 718 4428 1064 4498; x_wconf 86' lang='lat' dir='ltr'>presbytero</span> <span class='ocrx_word' id='word_1_647' title='bbox 1124 4444 1254 4498; x_wconf 86' lang='lat' dir='ltr'>pag.</span> <span class='ocrx_word' id='word_1_648' title='bbox 1315 4430 1438 4490; x_wconf 78' lang='grc'><strong>445,</strong></span> <span class='ocrx_word' id='word_1_649' title='bbox 1500 4431 1626 4492; x_wconf 74' lang='grc' dir='ltr'><strong>4ὅ2,</strong></span> <span class='ocrx_word' id='word_1_650' title='bbox 1686 4430 1812 4496; x_wconf 82' lang='grc'><strong>453,</strong></span> <span class='ocrx_word' id='word_1_651' title='bbox 1874 4434 1932 4481; x_wconf 88' lang='lat' dir='ltr'>et</span> 
     </span>
    </p>
   </div>
   <div class='ocr_carea' id='block_1_86' title="bbox 281 4498 1932 4570">
    <p class='ocr_par' dir='ltr' id='par_1_86' title="bbox 281 4498 1932 4570">
     <span class='ocr_line' id='line_1_86' title="bbox 281 4498 1932 4570; baseline 0.001 -19"><span class='ocrx_word' id='word_1_652' title='bbox 281 4516 338 4570; x_wconf 90' lang='lat' dir='ltr'>p.</span> <span class='ocrx_word' id='word_1_653' title='bbox 375 4502 494 4553; x_wconf 85' lang='lat'>799.</span> <span class='ocrx_word' id='word_1_654' title='bbox 524 4498 636 4554; x_wconf 90' lang='lat' dir='ltr'>col.</span> <span class='ocrx_word' id='word_1_655' title='bbox 673 4500 695 4552; x_wconf 92' lang='grc'>1</span> <span class='ocrx_word' id='word_1_656' title='bbox 737 4499 875 4552; x_wconf 87' lang='lat' dir='ltr'>Vide</span> <span class='ocrx_word' id='word_1_657' title='bbox 908 4499 1160 4553; x_wconf 90' lang='lat' dir='ltr'>Oracula</span> <span class='ocrx_word' id='word_1_658' title='bbox 1190 4498 1478 4570; x_wconf 86' lang='lat' dir='ltr'>Sibyllina</span> <span class='ocrx_word' id='word_1_659' title='bbox 1525 4499 1627 4552; x_wconf 93' lang='lat' dir='ltr'>lib.</span> <span class='ocrx_word' id='word_1_660' title='bbox 1664 4515 1726 4565; x_wconf 85' lang='grc' dir='ltr'>ιι,</span> <span class='ocrx_word' id='word_1_661' title='bbox 1760 4516 1809 4554; x_wconf 94' lang='lat' dir='ltr'>v.</span> <span class='ocrx_word' id='word_1_662' title='bbox 1846 4503 1932 4566; x_wconf 89' lang='grc'><strong>70,</strong></span> 
     </span>
    </p>
   </div>
   <div class='ocr_carea' id='block_1_87' title="bbox 287 4569 1936 4640">
    <p class='ocr_par' dir='ltr' id='par_1_87' title="bbox 287 4569 1936 4640">
     <span class='ocr_line' id='line_1_87' title="bbox 287 4569 1936 4640; baseline 0.001 -18"><span class='ocrx_word' id='word_1_663' title='bbox 287 4574 374 4624; x_wconf 89' lang='grc'><strong>71.</strong></span> <span class='ocrx_word' id='word_1_664' title='bbox 407 4593 433 4618; x_wconf 88' lang='grc'>››</span> <span class='ocrx_word' id='word_1_665' title='bbox 469 4569 715 4624; x_wconf 91' lang='lat' dir='ltr'>Grabius</span> <span class='ocrx_word' id='word_1_666' title='bbox 743 4571 1029 4640; x_wconf 77' lang='lat' dir='ltr'>Spicilegii</span> <span class='ocrx_word' id='word_1_667' title='bbox 1061 4587 1194 4630; x_wconf 73' lang='lat' dir='ltr'>saec.</span> <span class='ocrx_word' id='word_1_668' title='bbox 1232 4587 1270 4636; x_wconf 81' lang='grc' dir='ltr'>ι,</span> <span class='ocrx_word' id='word_1_669' title='bbox 1298 4569 1358 4640; x_wconf 26' lang='grc' dir='ltr'><strong>ίρ.</strong></span> <span class='ocrx_word' id='word_1_670' title='bbox 1394 4572 1517 4634; x_wconf 81' lang='grc'><strong>264,</strong></span> <span class='ocrx_word' id='word_1_671' title='bbox 1553 4569 1628 4624; x_wconf 89' lang='lat' dir='ltr'>ad</span> <span class='ocrx_word' id='word_1_672' title='bbox 1658 4570 1814 4624; x_wconf 91' lang='lat' dir='ltr'>hunc</span> <span class='ocrx_word' id='word_1_673' title='bbox 1848 4570 1936 4623; x_wconf 83' lang='lat' dir='ltr'>lo-</span> 
     </span>
    </p>
   </div>
   <div class='ocr_carea' id='block_1_88' title="bbox 284 4641 1933 4714">
    <p class='ocr_par' dir='ltr' id='par_1_88' title="bbox 284 4641 1933 4714">
     <span class='ocr_line' id='line_1_88' title="bbox 284 4641 1933 4714; baseline 0 -19"><span class='ocrx_word' id='word_1_674' title='bbox 284 4641 748 4714; x_wconf 53' lang='lat' dir='ltr'>cuanvangclii</span> <span class='ocrx_word' id='word_1_675' title='bbox 784 4641 1125 4714; x_wconf 12' lang='lat' dir='ltr'>secundum,</span> <span class='ocrx_word' id='word_1_676' title='bbox 1154 4641 1451 4714; x_wconf 56' lang='lat' dir='ltr'>ngyptios</span> <span class='ocrx_word' id='word_1_677' title='bbox 1483 4641 1608 4694; x_wconf 67' lang='lat' dir='ltr'>haec</span> <span class='ocrx_word' id='word_1_678' title='bbox 1643 4641 1887 4695; x_wconf 91' lang='lat' dir='ltr'>adnotat</span> <span class='ocrx_word' id='word_1_679' title='bbox 1921 4658 1933 4695; x_wconf 95' lang='lat'>:</span> 
     </span>
    </p>
   </div>
   <div class='ocr_carea' id='block_1_89' title="bbox 288 4711 1938 4783">
    <p class='ocr_par' dir='ltr' id='par_1_89' title="bbox 288 4711 1938 4783">
     <span class='ocr_line' id='line_1_89' title="bbox 288 4711 1938 4783; baseline 0.004 -23"><span class='ocrx_word' id='word_1_680' title='bbox 288 4734 314 4783; x_wconf 63' lang='grc' dir='ltr'>(ι</span> <span class='ocrx_word' id='word_1_681' title='bbox 337 4711 585 4766; x_wconf 90' lang='lat' dir='ltr'>Videtur</span> <span class='ocrx_word' id='word_1_682' title='bbox 606 4711 893 4779; x_wconf 87' lang='lat' dir='ltr'>Christus,</span> <span class='ocrx_word' id='word_1_683' title='bbox 913 4713 1053 4766; x_wconf 93' lang='lat' dir='ltr'>dum</span> <span class='ocrx_word' id='word_1_684' title='bbox 1073 4711 1238 4770; x_wconf 83' lang='lat' dir='ltr'>dixit.</span> <span class='ocrx_word' id='word_1_685' title='bbox 1271 4711 1566 4783; x_wconf 81' lang='lat' dir='ltr'>«regnum</span> <span class='ocrx_word' id='word_1_686' title='bbox 1592 4729 1766 4767; x_wconf 90' lang='lat' dir='ltr'>suum</span> <span class='ocrx_word' id='word_1_687' title='bbox 1797 4720 1938 4767; x_wconf 92' lang='lat' dir='ltr'>tunc</span> 
     </span>
    </p>
   </div>
   <div class='ocr_carea' id='block_1_90' title="bbox 291 4782 1936 4855">
    <p class='ocr_par' dir='ltr' id='par_1_90' title="bbox 291 4782 1936 4855">
     <span class='ocr_line' id='line_1_90' title="bbox 291 4782 1936 4855; baseline 0.002 -19"><span class='ocrx_word' id='word_1_688' title='bbox 291 4782 438 4849; x_wconf 81' lang='lat' dir='ltr'>fore,</span> <span class='ocrx_word' id='word_1_689' title='bbox 469 4800 599 4837; x_wconf 90' lang='lat' dir='ltr'>cum</span> <span class='ocrx_word' id='word_1_690' title='bbox 632 4800 760 4838; x_wconf 89' lang='lat' dir='ltr'>mas</span> <span class='ocrx_word' id='word_1_691' title='bbox 792 4785 969 4837; x_wconf 82' lang='lat' dir='ltr'>fuerit</span> <span class='ocrx_word' id='word_1_692' title='bbox 999 4801 1127 4838; x_wconf 91' lang='lat' dir='ltr'>cum</span> <span class='ocrx_word' id='word_1_693' title='bbox 1164 4782 1410 4842; x_wconf 61' lang='lat' dir='ltr'>femina.</span> <span class='ocrx_word' id='word_1_694' title='bbox 1436 4800 1629 4855; x_wconf 86' lang='lat' dir='ltr'>neque</span> <span class='ocrx_word' id='word_1_695' title='bbox 1653 4801 1800 4855; x_wconf 82' lang='lat' dir='ltr'>mas,</span> <span class='ocrx_word' id='word_1_696' title='bbox 1833 4801 1936 4839; x_wconf 91' lang='lat' dir='ltr'>ne-</span> 
     </span>
    </p>
   </div>
   <div class='ocr_carea' id='block_1_91' title="bbox 296 4854 1937 4924">
    <p class='ocr_par' dir='ltr' id='par_1_91' title="bbox 296 4854 1937 4924">
     <span class='ocr_line' id='line_1_91' title="bbox 296 4854 1937 4924; baseline 0.001 -17"><span class='ocrx_word' id='word_1_697' title='bbox 296 4871 410 4924; x_wconf 92' lang='lat' dir='ltr'>que</span> <span class='ocrx_word' id='word_1_698' title='bbox 440 4855 685 4920; x_wconf 82' lang='lat' dir='ltr'>femina,</span> <span class='ocrx_word' id='word_1_699' title='bbox 723 4877 747 4902; x_wconf 67' lang='grc' dir='ltr'><strong>ε›</strong></span> <span class='ocrx_word' id='word_1_700' title='bbox 807 4855 865 4908; x_wconf 90' lang='lat' dir='ltr'>id</span> <span class='ocrx_word' id='word_1_701' title='bbox 924 4855 1284 4921; x_wconf 80' lang='lat' dir='ltr'>insinuasse,</span> <span class='ocrx_word' id='word_1_702' title='bbox 1344 4854 1502 4924; x_wconf 87' lang='lat' dir='ltr'>quod</span> <span class='ocrx_word' id='word_1_703' title='bbox 1559 4855 1620 4907; x_wconf 89' lang='lat' dir='ltr'>in</span> <span class='ocrx_word' id='word_1_704' title='bbox 1653 4854 1937 4910; x_wconf 81' lang='lat' dir='ltr'>canOnico</span> 
     </span>
    </p>
   </div>
   <div class='ocr_carea' id='block_1_92' title="bbox 290 4925 1938 4996">
    <p class='ocr_par' dir='ltr' id='par_1_92' title="bbox 290 4925 1938 4996">
     <span class='ocr_line' id='line_1_92' title="bbox 290 4925 1938 4996; baseline 0.001 -17"><span class='ocrx_word' id='word_1_705' title='bbox 290 4926 603 4996; x_wconf 80' lang='lat' dir='ltr'>Evangelia</span> <span class='ocrx_word' id='word_1_706' title='bbox 636 4926 802 4980; x_wconf 69' lang='lat' dir='ltr'>Luca:</span> <span class='ocrx_word' id='word_1_707' title='bbox 835 4943 962 4996; x_wconf 88' lang='lat' dir='ltr'>cap.</span> <span class='ocrx_word' id='word_1_708' title='bbox 996 4943 1090 4991; x_wconf 77' lang='lat' dir='ltr'>xx,</span> <span class='ocrx_word' id='word_1_709' title='bbox 1125 4928 1211 4992; x_wconf 94' lang='lat'>35,</span> <span class='ocrx_word' id='word_1_710' title='bbox 1247 4925 1424 4980; x_wconf 90' lang='lat' dir='ltr'>claris</span> <span class='ocrx_word' id='word_1_711' title='bbox 1465 4925 1657 4980; x_wconf 85' lang='lat' dir='ltr'>verbis</span> <span class='ocrx_word' id='word_1_712' title='bbox 1705 4927 1778 4981; x_wconf 93' lang='lat' dir='ltr'>ab</span> <span class='ocrx_word' id='word_1_713' title='bbox 1811 4926 1938 4993; x_wconf 86' lang='lat' dir='ltr'>ipso</span> 
     </span>
    </p>
   </div>
   <div class='ocr_carea' id='block_1_93' title="bbox 291 4997 1941 5069">
    <p class='ocr_par' dir='ltr' id='par_1_93' title="bbox 291 4997 1941 5069">
     <span class='ocr_line' id='line_1_93' title="bbox 291 4997 1941 5069; baseline 0.001 -19"><span class='ocrx_word' id='word_1_714' title='bbox 291 5013 635 5066; x_wconf 85' lang='lat' dir='ltr'>expressum</span> <span class='ocrx_word' id='word_1_715' title='bbox 695 4997 994 5069; x_wconf 87' lang='lat' dir='ltr'>legimus:</span> <span class='ocrx_word' id='word_1_716' title='bbox 1056 4997 1166 5063; x_wconf 84' lang='lat' dir='ltr'>Illi,</span> <span class='ocrx_word' id='word_1_717' title='bbox 1225 4999 1322 5066; x_wconf 83' lang='lat' dir='ltr'>qui</span> <span class='ocrx_word' id='word_1_718' title='bbox 1378 4998 1541 5065; x_wconf 73' lang='lat' dir='ltr'>digni</span> <span class='ocrx_word' id='word_1_719' title='bbox 1597 4997 1941 5051; x_wconf 76' lang='lat' dir='ltr'>habebuntur</span> 
     </span>
    </p>
   </div>
   <div class='ocr_carea' id='block_1_94' title="bbox 284 5069 1939 5138">
    <p class='ocr_par' dir='ltr' id='par_1_94' title="bbox 284 5069 1939 5138">
     <span class='ocr_line' id='line_1_94' title="bbox 284 5069 1939 5138; baseline 0 -15"><span class='ocrx_word' id='word_1_720' title='bbox 284 5070 480 5124; x_wconf 62' lang='lat' dir='ltr'>saeculo</span> <span class='ocrx_word' id='word_1_721' title='bbox 513 5069 628 5134; x_wconf 77' lang='lat' dir='ltr'>illo,</span> <span class='ocrx_word' id='word_1_722' title='bbox 664 5075 712 5122; x_wconf 87' lang='lat' dir='ltr'>et</span> <span class='ocrx_word' id='word_1_723' title='bbox 742 5069 1140 5122; x_wconf 75' lang='lat' dir='ltr'>resurrectione</span> <span class='ocrx_word' id='word_1_724' title='bbox 1192 5085 1260 5121; x_wconf 73' lang='lat' dir='ltr'>ea:</span> <span class='ocrx_word' id='word_1_725' title='bbox 1315 5071 1566 5132; x_wconf 75' lang='lat' dir='ltr'>mortuis,</span> <span class='ocrx_word' id='word_1_726' title='bbox 1628 5085 1802 5138; x_wconf 83' lang='lat' dir='ltr'>neque</span> <span class='ocrx_word' id='word_1_727' title='bbox 1831 5086 1939 5123; x_wconf 85' lang='lat' dir='ltr'>nu-</span> 
     </span>
    </p>
   </div>
   <div class='ocr_carea' id='block_1_95' title="bbox 289 5139 1942 5208">
    <p class='ocr_par' dir='ltr' id='par_1_95' title="bbox 289 5139 1942 5208">
     <span class='ocr_line' id='line_1_95' title="bbox 289 5139 1942 5208; baseline 0.001 -16"><span class='ocrx_word' id='word_1_728' title='bbox 289 5141 434 5205; x_wconf 83' lang='lat' dir='ltr'>bent,</span> <span class='ocrx_word' id='word_1_729' title='bbox 476 5155 651 5208; x_wconf 83' lang='lat' dir='ltr'>neque</span> <span class='ocrx_word' id='word_1_730' title='bbox 703 5139 899 5194; x_wconf 82' lang='lat' dir='ltr'>ducent</span> <span class='ocrx_word' id='word_1_731' title='bbox 959 5155 1175 5193; x_wconf 72' lang='lat' dir='ltr'>umores.</span> <span class='ocrx_word' id='word_1_732' title='bbox 1227 5139 1663 5194; x_wconf 84' lang='lat' dir='ltr'>Abstinentiam</span> <span class='ocrx_word' id='word_1_733' title='bbox 1715 5140 1942 5194; x_wconf 88' lang='lat' dir='ltr'>scilicet</span> 
     </span>
    </p>
   </div>
   <div class='ocr_carea' id='block_1_96' title="bbox 287 5210 1939 5282">
    <p class='ocr_par' dir='ltr' id='par_1_96' title="bbox 287 5210 1939 5282">
     <span class='ocr_line' id='line_1_96' title="bbox 287 5210 1939 5282; baseline 0 -16"><span class='ocrx_word' id='word_1_734' title='bbox 287 5227 319 5266; x_wconf 89' lang='lat' dir='ltr'>a</span> <span class='ocrx_word' id='word_1_735' title='bbox 348 5211 645 5282; x_wconf 80' lang='lat' dir='ltr'>conjugali</span> <span class='ocrx_word' id='word_1_736' title='bbox 670 5210 1012 5270; x_wconf 83' lang='lat' dir='ltr'>concubitu,</span> <span class='ocrx_word' id='word_1_737' title='bbox 1048 5210 1166 5264; x_wconf 90' lang='lat' dir='ltr'>sive</span> <span class='ocrx_word' id='word_1_738' title='bbox 1186 5211 1604 5282; x_wconf 86' lang='lat' dir='ltr'>virginitatem.</span> <span class='ocrx_word' id='word_1_739' title='bbox 1641 5211 1796 5266; x_wconf 88' lang='lat' dir='ltr'>dicto</span> <span class='ocrx_word' id='word_1_740' title='bbox 1829 5213 1939 5266; x_wconf 89' lang='lat' dir='ltr'>isto</span> 
     </span>
    </p>
   </div>
   <div class='ocr_carea' id='block_1_97' title="bbox 285 5282 1939 5354">
    <p class='ocr_par' dir='ltr' id='par_1_97' title="bbox 285 5282 1939 5354">
     <span class='ocr_line' id='line_1_97' title="bbox 285 5282 1939 5354; baseline 0.001 -18"><span class='ocrx_word' id='word_1_741' title='bbox 285 5300 538 5354; x_wconf 59' lang='lat' dir='ltr'>propriae</span> <span class='ocrx_word' id='word_1_742' title='bbox 573 5282 831 5336; x_wconf 91' lang='lat' dir='ltr'>intendit</span> <span class='ocrx_word' id='word_1_743' title='bbox 874 5283 1161 5350; x_wconf 85' lang='lat' dir='ltr'>Servator,</span> <span class='ocrx_word' id='word_1_744' title='bbox 1197 5305 1224 5332; x_wconf 87' lang='lat'>»</span> <span class='ocrx_word' id='word_1_745' title='bbox 1259 5289 1404 5350; x_wconf 92' lang='lat' dir='ltr'>etc.,</span> <span class='ocrx_word' id='word_1_746' title='bbox 1440 5299 1571 5353; x_wconf 65' lang='lat' dir='ltr'>qua)</span> <span class='ocrx_word' id='word_1_747' title='bbox 1613 5283 1770 5353; x_wconf 87' lang='lat' dir='ltr'>apud</span> <span class='ocrx_word' id='word_1_748' title='bbox 1800 5300 1939 5338; x_wconf 85' lang='lat' dir='ltr'>auc-</span> 
     </span>
    </p>
   </div>
   <div class='ocr_carea' id='block_1_98' title="bbox 283 5354 1028 5408">
    <p class='ocr_par' dir='ltr' id='par_1_98' title="bbox 283 5354 1028 5408">
     <span class='ocr_line' id='line_1_98' title="bbox 283 5354 1028 5408; baseline -0.001 -2"><span class='ocrx_word' id='word_1_749' title='bbox 283 5360 472 5408; x_wconf 89' lang='lat' dir='ltr'>torem</span> <span class='ocrx_word' id='word_1_750' title='bbox 505 5354 690 5408; x_wconf 89' lang='lat' dir='ltr'>videri</span> <span class='ocrx_word' id='word_1_751' title='bbox 726 5360 1028 5408; x_wconf 81' lang='lat' dir='ltr'>poterunt.</span> 
     </span>
    </p>
   </div>
   <div class='ocr_carea' id='block_1_99' title="bbox 359 5417 1937 5495">
    <p class='ocr_par' dir='ltr' id='par_1_99' title="bbox 359 5417 1937 5495">
     <span class='ocr_line' id='line_1_99' title="bbox 359 5417 1937 5495; baseline -0.001 -16"><span class='ocrx_word' id='word_1_752' title='bbox 359 5429 435 5491; x_wconf 84' lang='lat'>(2)</span> <span class='ocrx_word' id='word_1_753' title='bbox 465 5423 600 5481; x_wconf 78' lang='grc' dir='ltr'>υύκ.</span> <span class='ocrx_word' id='word_1_754' title='bbox 639 5417 843 5495; x_wconf 43' lang='lat' dir='ltr'>Gal-at,</span> <span class='ocrx_word' id='word_1_755' title='bbox 878 5441 965 5492; x_wconf 85' lang='grc' dir='ltr'><strong>ιιι,</strong></span> <span class='ocrx_word' id='word_1_756' title='bbox 987 5493 997 5495; x_wconf 95' lang='lat'>_</span> <span class='ocrx_word' id='word_1_757' title='bbox 1019 5426 1089 5478; x_wconf 85' lang='lat'>28</span> <span class='ocrx_word' id='word_1_758' title='bbox 1117 5441 1128 5478; x_wconf 89' lang='lat'>:</span> <span class='ocrx_word' id='word_1_759' title='bbox 1172 5421 1286 5478; x_wconf 83' lang='grc' dir='ltr'>Οὐκ</span> <span class='ocrx_word' id='word_1_760' title='bbox 1312 5417 1387 5476; x_wconf 77' lang='grc' dir='ltr'><strong>ἔνι</strong></span> <span class='ocrx_word' id='word_1_761' title='bbox 1447 5423 1602 5495; x_wconf 82' lang='grc' dir='ltr'><strong>ἄρσεν</strong></span> <span class='ocrx_word' id='word_1_762' title='bbox 1633 5423 1720 5478; x_wconf 81' lang='grc' dir='ltr'><strong>καὶ</strong></span> <span class='ocrx_word' id='word_1_763' title='bbox 1775 5423 1937 5494; x_wconf 80' lang='grc' dir='ltr'><strong>θῆλυ’</strong></span> 
     </span>
    </p>
   </div>
   <div class='ocr_carea' id='block_1_100' title="bbox 283 5493 1516 5568">
    <p class='ocr_par' dir='ltr' id='par_1_100' title="bbox 283 5493 1516 5568">
     <span class='ocr_line' id='line_1_100' title="bbox 283 5493 1516 5568; baseline 0.003 -23"><span class='ocrx_word' id='word_1_764' title='bbox 283 5495 474 5556; x_wconf 75' lang='grc' dir='ltr'><strong>πάντες</strong></span> <span class='ocrx_word' id='word_1_765' title='bbox 506 5496 606 5568; x_wconf 75' lang='grc' dir='ltr'>γὰρ</span> <span class='ocrx_word' id='word_1_766' title='bbox 641 5496 798 5568; x_wconf 82' lang='grc' dir='ltr'><strong>ὑμεῖς</strong></span> <span class='ocrx_word' id='word_1_767' title='bbox 830 5493 948 5548; x_wconf 84' lang='grc' dir='ltr'><strong>ἐστε</strong></span> <span class='ocrx_word' id='word_1_768' title='bbox 983 5493 1035 5548; x_wconf 80' lang='grc' dir='ltr'><strong>ἐν</strong></span> <span class='ocrx_word' id='word_1_769' title='bbox 1072 5495 1292 5565; x_wconf 75' lang='grc' dir='ltr'><strong>Χριστῷ</strong></span> <span class='ocrx_word' id='word_1_770' title='bbox 1315 5493 1516 5563; x_wconf 78' lang='grc' dir='ltr'><strong>Ἰησοῦ.</strong></span> 
     </span>
    </p>
   </div>
   <div class='ocr_carea' id='block_1_101' title="bbox 355 5568 1942 5642">
    <p class='ocr_par' dir='ltr' id='par_1_101' title="bbox 355 5568 1942 5642">
     <span class='ocr_line' id='line_1_101' title="bbox 355 5568 1942 5642; baseline 0.001 -22"><span class='ocrx_word' id='word_1_771' title='bbox 355 5569 432 5636; x_wconf 77' lang='grc'>(3)</span> <span class='ocrx_word' id='word_1_772' title='bbox 463 5569 653 5642; x_wconf 76' lang='grc' dir='ltr'><strong>Ψυχή.</strong></span> <span class='ocrx_word' id='word_1_773' title='bbox 690 5569 965 5624; x_wconf 88' lang='lat' dir='ltr'>Clemens</span> <span class='ocrx_word' id='word_1_774' title='bbox 999 5568 1174 5634; x_wconf 84' lang='lat' dir='ltr'>infra,</span> <span class='ocrx_word' id='word_1_775' title='bbox 1211 5569 1415 5622; x_wconf 80' lang='lat' dir='ltr'>Strom.</span> <span class='ocrx_word' id='word_1_776' title='bbox 1467 5585 1540 5634; x_wconf 82' lang='grc' dir='ltr'>ιν,</span> <span class='ocrx_word' id='word_1_777' title='bbox 1571 5585 1626 5638; x_wconf 88' lang='lat' dir='ltr'>p.</span> <span class='ocrx_word' id='word_1_778' title='bbox 1658 5570 1780 5635; x_wconf 86' lang='lat'>506,</span> <span class='ocrx_word' id='word_1_779' title='bbox 1815 5571 1942 5639; x_wconf 82' lang='lat'>507,</span> 
     </span>
    </p>
   </div>
   <div class='ocr_carea' id='block_1_102' title="bbox 557 5681 1190 5746">
    <p class='ocr_par' dir='ltr' id='par_1_102' title="bbox 557 5681 1190 5746">
     <span class='ocr_line' id='line_1_102' title="bbox 557 5681 1190 5746; baseline 0.003 -3"><span class='ocrx_word' id='word_1_780' title='bbox 557 5687 818 5746; x_wconf 71' lang='grc' dir='ltr'><strong>Ρλτιιοι..</strong></span> <span class='ocrx_word' id='word_1_781' title='bbox 868 5686 980 5744; x_wconf 80' lang='lat' dir='ltr'>Gn.</span> <span class='ocrx_word' id='word_1_782' title='bbox 1027 5681 1190 5744; x_wconf 88' lang='lat' dir='ltr'>Vlll.</span> 
     </span>
    </p>
   </div>
   <div class='ocr_carea' id='block_1_103' title="bbox 2046 3926 3688 4003">
    <p class='ocr_par' dir='ltr' id='par_1_103' title="bbox 2046 3926 3688 4003">
     <span class='ocr_line' id='line_1_103' title="bbox 2046 3926 3688 4003; baseline -0.002 -17"><span class='ocrx_word' id='word_1_783' title='bbox 2046 3931 2184 3986; x_wconf 82' lang='lat' dir='ltr'>edit.</span> <span class='ocrx_word' id='word_1_784' title='bbox 2219 3933 2404 3986; x_wconf 85' lang='lat' dir='ltr'>Paris.</span> <span class='ocrx_word' id='word_1_785' title='bbox 2435 3949 2447 3986; x_wconf 89' lang='lat'>:</span> <span class='ocrx_word' id='word_1_786' title='bbox 2493 3927 2669 3985; x_wconf 84' lang='grc' dir='ltr'>Ἀλλὰ</span> <span class='ocrx_word' id='word_1_787' title='bbox 2705 3934 2785 4002; x_wconf 76' lang='grc' dir='ltr'><strong>τῷ</strong></span> <span class='ocrx_word' id='word_1_788' title='bbox 2844 3926 3135 4003; x_wconf 76' lang='grc' dir='ltr'><strong>Βασιλείδῃ</strong></span> <span class='ocrx_word' id='word_1_789' title='bbox 3168 3931 3202 3997; x_wconf 78' lang='grc' dir='ltr'>ἡ</span> <span class='ocrx_word' id='word_1_790' title='bbox 3239 3928 3489 4003; x_wconf 64' lang='grc' dir='ltr'><strong>ὑποθεσις</strong></span> <span class='ocrx_word' id='word_1_791' title='bbox 3517 3949 3688 4003; x_wconf 77' lang='grc' dir='ltr'><strong>προα-</strong></span> 
     </span>
    </p>
   </div>
   <div class='ocr_carea' id='block_1_104' title="bbox 2089 4000 3691 4084">
    <p class='ocr_par' dir='ltr' id='par_1_104' title="bbox 2089 4000 3691 4084">
     <span class='ocr_line' id='line_1_104' title="bbox 2089 4000 3691 4084; baseline 0 -29"><span class='ocrx_word' id='word_1_792' title='bbox 2089 4005 2391 4084; x_wconf 62' lang='grc' dir='ltr'><strong>αρτήσασὰν</strong></span> <span class='ocrx_word' id='word_1_793' title='bbox 2424 4022 2559 4084; x_wconf 50' lang='grc' dir='ltr'><strong>φησι</strong></span> <span class='ocrx_word' id='word_1_794' title='bbox 2615 4003 2714 4084; x_wconf 69' lang='grc' dir='ltr'><strong>τὴν</strong></span> <span class='ocrx_word' id='word_1_795' title='bbox 2733 4000 2952 4080; x_wconf 42' lang='grc' dir='ltr'>ν⁷ψυχήν</span> <span class='ocrx_word' id='word_1_796' title='bbox 2981 4000 3442 4084; x_wconf 34' lang='grc' dir='ltr'>ηένὶἕτξρῳηβίῳ,</span> <span class='ocrx_word' id='word_1_797' title='bbox 3471 4000 3569 4084; x_wconf 58' lang='grc' dir='ltr'>τῂν</span> <span class='ocrx_word' id='word_1_798' title='bbox 3597 4002 3691 4055; x_wconf 79' lang='grc' dir='ltr'>κό-</span> 
     </span>
    </p>
   </div>
   <div class='ocr_carea' id='block_1_105' title="bbox 2042 4023 3695 4145">
    <p class='ocr_par' dir='ltr' id='par_1_105' title="bbox 2042 4023 3695 4145">
     <span class='ocr_line' id='line_1_105' title="bbox 2089 4023 3691 4084; baseline 0 -29"><span class='ocrx_word' id='word_1_799' title='bbox 2089 4023 2391 4075; x_wconf 73' lang='grc' dir='ltr'><strong>αρτησχσαν</strong></span> <span class='ocrx_word' id='word_1_800' title='bbox 2425 4023 2559 4076; x_wconf 79' lang='grc' dir='ltr'><strong>φησι</strong></span> <span class='ocrx_word' id='word_1_801' title='bbox 2615 4023 2714 4069; x_wconf 85' lang='grc' dir='ltr'>την</span> <span class='ocrx_word' id='word_1_802' title='bbox 2769 4023 2952 4074; x_wconf 60' lang='grc' dir='ltr'><strong>ψυκην</strong></span> <span class='ocrx_word' id='word_1_803' title='bbox 3008 4023 3059 4054; x_wconf 91' lang='grc' dir='ltr'><strong>εν</strong></span> <span class='ocrx_word' id='word_1_804' title='bbox 3089 4023 3256 4071; x_wconf 83' lang='grc' dir='ltr'><strong>ετερῳ</strong></span> <span class='ocrx_word' id='word_1_805' title='bbox 3314 4023 3442 4084; x_wconf 63' lang='lat' dir='ltr'>Pup,</span> <span class='ocrx_word' id='word_1_806' title='bbox 3471 4023 3569 4067; x_wconf 88' lang='grc' dir='ltr'>την</span> <span class='ocrx_word' id='word_1_807' title='bbox 3597 4023 3691 4055; x_wconf 71' lang='lat' dir='ltr'>xo-</span> 
     </span>
     <span class='ocr_line' id='line_1_106' title="bbox 2042 4023 3695 4145; baseline 0 -17"><span class='ocrx_word' id='word_1_808' title='bbox 2042 4023 2198 4128; x_wconf 48' lang='grc' dir='ltr'><strong>λασιν</strong></span> <span class='ocrx_word' id='word_1_809' title='bbox 2263 4074 2551 4144; x_wconf 66' lang='grc' dir='ltr'><strong>ὑπομένειν</strong></span> <span class='ocrx_word' id='word_1_810' title='bbox 2612 4070 2850 4134; x_wconf 62' lang='grc' dir='ltr'><strong>ἐκιταῦθω</strong></span> <span class='ocrx_word' id='word_1_811' title='bbox 2916 4097 2943 4122; x_wconf 88' lang='grc'><em>‹‹</em></span> <span class='ocrx_word' id='word_1_812' title='bbox 2980 4074 3090 4128; x_wconf 87' lang='lat' dir='ltr'>Sed</span> <span class='ocrx_word' id='word_1_813' title='bbox 3152 4073 3695 4145; x_wconf 21' lang='lat' dir='ltr'>Basilidaaﬂdogma</span> 
     </span>
    </p>
   </div>
   <div class='ocr_carea' id='block_1_106' title="bbox 2043 4144 3690 4217">
    <p class='ocr_par' dir='ltr' id='par_1_106' title="bbox 2043 4144 3690 4217">
     <span class='ocr_line' id='line_1_107' title="bbox 2043 4144 3690 4217; baseline -0.001 -17"><span class='ocrx_word' id='word_1_814' title='bbox 2043 4147 2182 4201; x_wconf 90' lang='lat' dir='ltr'>dicti</span> <span class='ocrx_word' id='word_1_815' title='bbox 2217 4147 2478 4201; x_wconf 91' lang='lat' dir='ltr'>animam</span> <span class='ocrx_word' id='word_1_816' title='bbox 2505 4188 2518 4213; x_wconf 95' lang='lat'>,</span> <span class='ocrx_word' id='word_1_817' title='bbox 2551 4163 2680 4217; x_wconf 68' lang='lat' dir='ltr'>quae</span> <span class='ocrx_word' id='word_1_818' title='bbox 2733 4146 2898 4216; x_wconf 90' lang='lat' dir='ltr'>prius</span> <span class='ocrx_word' id='word_1_819' title='bbox 2928 4150 3273 4216; x_wconf 88' lang='lat' dir='ltr'>peccaverat</span> <span class='ocrx_word' id='word_1_820' title='bbox 3302 4146 3363 4199; x_wconf 93' lang='lat' dir='ltr'>in</span> <span class='ocrx_word' id='word_1_821' title='bbox 3403 4144 3522 4199; x_wconf 90' lang='lat' dir='ltr'>alia</span> <span class='ocrx_word' id='word_1_822' title='bbox 3551 4144 3690 4216; x_wconf 88' lang='lat' dir='ltr'>vita,</span> 
     </span>
    </p>
   </div>
   <div class='ocr_carea' id='block_1_107' title="bbox 2041 4218 2762 4288">
    <p class='ocr_par' dir='ltr' id='par_1_107' title="bbox 2041 4218 2762 4288">
     <span class='ocr_line' id='line_1_108' title="bbox 2041 4218 2762 4288; baseline 0 -16"><span class='ocrx_word' id='word_1_823' title='bbox 2041 4218 2137 4272; x_wconf 92' lang='lat' dir='ltr'>hic</span> <span class='ocrx_word' id='word_1_824' title='bbox 2169 4218 2526 4288; x_wconf 90' lang='lat' dir='ltr'>supplicium</span> <span class='ocrx_word' id='word_1_825' title='bbox 2559 4218 2700 4288; x_wconf 88' lang='lat' dir='ltr'>pati.</span> <span class='ocrx_word' id='word_1_826' title='bbox 2735 4239 2762 4266; x_wconf 85' lang='grc'><strong>››</strong></span> 
     </span>
    </p>
   </div>
   <div class='ocr_carea' id='block_1_108' title="bbox 2111 4286 3689 4359">
    <p class='ocr_par' dir='ltr' id='par_1_108' title="bbox 2111 4286 3689 4359">
     <span class='ocr_line' id='line_1_109' title="bbox 2111 4286 3689 4359; baseline -0.002 -18"><span class='ocrx_word' id='word_1_827' title='bbox 2111 4291 2184 4358; x_wconf 89' lang='grc'>(4)</span> <span class='ocrx_word' id='word_1_828' title='bbox 2218 4286 2706 4359; x_wconf 67' lang='grc' dir='ltr'><strong>ΙῙᾸατιυνικώτερον</strong></span> <span class='ocrx_word' id='word_1_829' title='bbox 2743 4331 2754 4343; x_wconf 96' lang='grc'><strong>.</strong></span> <span class='ocrx_word' id='word_1_830' title='bbox 2817 4287 3223 4359; x_wconf 80' lang='lat' dir='ltr'>Theodoretus</span> <span class='ocrx_word' id='word_1_831' title='bbox 3277 4292 3550 4359; x_wconf 81' lang='grc' dir='ltr'><strong>Θεραπευτ</strong></span> <span class='ocrx_word' id='word_1_832' title='bbox 3585 4325 3608 4359; x_wconf 16' lang='grc' dir='ltr'><strong>,ν</strong></span> <span class='ocrx_word' id='word_1_833' title='bbox 3631 4286 3689 4352; x_wconf 88' lang='grc' dir='ltr'><strong>ε’,</strong></span> 
     </span>
    </p>
   </div>
   <div class='ocr_carea' id='block_1_109' title="bbox 2041 4355 3690 4443">
    <p class='ocr_par' dir='ltr' id='par_1_109' title="bbox 2041 4355 3690 4443">
     <span class='ocr_line' id='line_1_110' title="bbox 2041 4355 3690 4443; baseline -0.003 -31"><span class='ocrx_word' id='word_1_834' title='bbox 2041 4355 2242 4443; x_wconf 50' lang='grc' dir='ltr'>1)έὸῌῆ</span> <span class='ocrx_word' id='word_1_835' title='bbox 2271 4404 2283 4415; x_wconf 95' lang='grc'><em>.</em></span> <span class='ocrx_word' id='word_1_836' title='bbox 2323 4355 2642 4443; x_wconf 31' lang='grc' dir='ltr'><strong>Πυιθαγόραζς</strong></span> <span class='ocrx_word' id='word_1_837' title='bbox 2675 4356 2733 4443; x_wconf 53' lang='lat' dir='ltr'>de</span> <span class='ocrx_word' id='word_1_838' title='bbox 2779 4358 2868 4410; x_wconf 87' lang='grc' dir='ltr'>καὶ</span> <span class='ocrx_word' id='word_1_839' title='bbox 2923 4357 3159 4443; x_wconf 31' lang='grc' dir='ltr'>Πλιῇτωνὶ</span> <span class='ocrx_word' id='word_1_840' title='bbox 3205 4355 3380 4443; x_wconf 40' lang='grc' dir='ltr'>δῆνμὸν</span> <span class='ocrx_word' id='word_1_841' title='bbox 3438 4376 3558 4443; x_wconf 59' lang='grc' dir='ltr'><strong>τινα</strong></span> <span class='ocrx_word' id='word_1_842' title='bbox 3588 4358 3690 4443; x_wconf 54' lang='lat' dir='ltr'>diu:</span> 
     </span>
    </p>
   </div>
   <div class='ocr_carea' id='block_1_110' title="bbox 1966 4424 3687 4532">
    <p class='ocr_par' dir='ltr' id='par_1_110' title="bbox 1966 4424 3687 4532">
     <span class='ocr_line' id='line_1_111' title="bbox 1966 4424 3687 4532; baseline 0 -52"><span class='ocrx_word' id='word_1_843' title='bbox 1966 4424 2160 4532; x_wconf 74' lang='grc' dir='ltr'><strong>Βχῶν</strong></span> <span class='ocrx_word' id='word_1_844' title='bbox 2220 4424 2900 4520; x_wconf 42' lang='grc' dir='ltr'><strong>ἀσωμάτιιὶνέἰσαγουσιι,</strong></span> <span class='ocrx_word' id='word_1_845' title='bbox 2957 4430 3046 4518; x_wconf 68' lang='grc' dir='ltr'><strong>καξ</strong></span> <span class='ocrx_word' id='word_1_846' title='bbox 3102 4429 3198 4518; x_wconf 68' lang='grc' dir='ltr'>τὰς</span> <span class='ocrx_word' id='word_1_847' title='bbox 3258 4424 3528 4502; x_wconf 75' lang='grc' dir='ltr'><strong>ἆμαρτάδι</strong></span> <span class='ocrx_word' id='word_1_848' title='bbox 3581 4424 3687 4510; x_wconf 66' lang='grc' dir='ltr'><strong>τινὶ</strong></span> 
     </span>
    </p>
   </div>
   <div class='ocr_carea' id='block_1_111' title="bbox 2043 4519 2083 4552">
    <p class='ocr_par' dir='ltr' id='par_1_111' title="bbox 2043 4519 2083 4552">
     <span class='ocr_line' id='line_1_112' title="bbox 2043 4519 2083 4552; baseline 0 0"><span class='ocrx_word' id='word_1_849' title='bbox 2043 4519 2083 4552; x_wconf 85' lang='grc' dir='ltr'>π</span> 
     </span>
    </p>
   </div>
   <div class='ocr_carea' id='block_1_112' title="bbox 2088 4498 3688 4574">
    <p class='ocr_par' dir='ltr' id='par_1_112' title="bbox 2088 4498 3688 4574">
     <span class='ocr_line' id='line_1_113' title="bbox 2088 4498 3688 4574; baseline 0.001 -23"><span class='ocrx_word' id='word_1_850' title='bbox 2088 4498 2458 4574; x_wconf 36' lang='grc' dir='ltr'><strong>εριπεσ-ουσας,</strong></span> <span class='ocrx_word' id='word_1_851' title='bbox 2491 4498 2759 4573; x_wconf 75' lang='grc' dir='ltr'><strong>τιμωρίας</strong></span> <span class='ocrx_word' id='word_1_852' title='bbox 2811 4501 2974 4574; x_wconf 76' lang='grc' dir='ltr'><strong>γάριν</strong></span> <span class='ocrx_word' id='word_1_853' title='bbox 3006 4499 3082 4560; x_wconf 52' lang='grc' dir='ltr'><strong>εἷθς</strong></span> <span class='ocrx_word' id='word_1_854' title='bbox 3131 4498 3688 4574; x_wconf 40' lang='grc' dir='ltr'><strong>σώματα-’καταπέμο</strong></span> 
     </span>
    </p>
   </div>
   <div class='ocr_carea' id='block_1_113' title="bbox 2044 4571 3690 4644">
    <p class='ocr_par' dir='ltr' id='par_1_113' title="bbox 2044 4571 3690 4644">
     <span class='ocr_line' id='line_1_114' title="bbox 2044 4571 3690 4644; baseline 0.001 -20"><span class='ocrx_word' id='word_1_855' title='bbox 2044 4581 2235 4632; x_wconf 88' lang='grc' dir='ltr'><strong>πεσθαι</strong></span> <span class='ocrx_word' id='word_1_856' title='bbox 2267 4571 2515 4644; x_wconf 70' lang='grc' dir='ltr'><strong>λέγουσι.</strong></span> <span class='ocrx_word' id='word_1_857' title='bbox 2553 4571 2580 4622; x_wconf 69' lang='grc' dir='ltr'><strong>ι‹</strong></span> <span class='ocrx_word' id='word_1_858' title='bbox 2609 4571 2968 4644; x_wconf 83' lang='lat' dir='ltr'>Pythagoras</span> <span class='ocrx_word' id='word_1_859' title='bbox 2999 4578 3194 4626; x_wconf 88' lang='lat' dir='ltr'>autem</span> <span class='ocrx_word' id='word_1_860' title='bbox 3218 4588 3285 4626; x_wconf 92' lang='lat' dir='ltr'>ac</span> <span class='ocrx_word' id='word_1_861' title='bbox 3315 4572 3480 4625; x_wconf 89' lang='lat' dir='ltr'>Plato</span> <span class='ocrx_word' id='word_1_862' title='bbox 3501 4587 3690 4644; x_wconf 82' lang='lat' dir='ltr'>popu-</span> 
     </span>
    </p>
   </div>
   <div class='ocr_carea' id='block_1_114' title="bbox 2046 4643 3691 4714">
    <p class='ocr_par' dir='ltr' id='par_1_114' title="bbox 2046 4643 3691 4714">
     <span class='ocr_line' id='line_1_115' title="bbox 2046 4643 3691 4714; baseline 0 -17"><span class='ocrx_word' id='word_1_863' title='bbox 2046 4643 2169 4697; x_wconf 92' lang='lat' dir='ltr'>lum</span> <span class='ocrx_word' id='word_1_864' title='bbox 2193 4643 2509 4714; x_wconf 88' lang='lat' dir='ltr'>quemdam</span> <span class='ocrx_word' id='word_1_865' title='bbox 2534 4643 2866 4700; x_wconf 86' lang='lat' dir='ltr'>animarum</span> <span class='ocrx_word' id='word_1_866' title='bbox 2889 4660 3134 4714; x_wconf 92' lang='lat' dir='ltr'>corpore</span> <span class='ocrx_word' id='word_1_867' title='bbox 3155 4643 3483 4697; x_wconf 90' lang='lat' dir='ltr'>carentium</span> <span class='ocrx_word' id='word_1_868' title='bbox 3504 4643 3691 4697; x_wconf 90' lang='lat' dir='ltr'>intro-</span> 
     </span>
    </p>
   </div>
   <div class='ocr_carea' id='block_1_115' title="bbox 2047 4714 3691 4787">
    <p class='ocr_par' dir='ltr' id='par_1_115' title="bbox 2047 4714 3691 4787">
     <span class='ocr_line' id='line_1_116' title="bbox 2047 4714 3691 4787; baseline 0 -19"><span class='ocrx_word' id='word_1_869' title='bbox 2047 4716 2297 4780; x_wconf 91' lang='lat' dir='ltr'>ducunt,</span> <span class='ocrx_word' id='word_1_870' title='bbox 2328 4733 2566 4787; x_wconf 79' lang='lat' dir='ltr'>easque,</span> <span class='ocrx_word' id='word_1_871' title='bbox 2601 4724 2915 4786; x_wconf 89' lang='lat' dir='ltr'>postquam</span> <span class='ocrx_word' id='word_1_872' title='bbox 2955 4716 3027 4787; x_wconf 16' lang='lat' dir='ltr'>&quot;in</span> <span class='ocrx_word' id='word_1_873' title='bbox 3085 4721 3388 4786; x_wconf 86' lang='lat' dir='ltr'>peccatum</span> <span class='ocrx_word' id='word_1_874' title='bbox 3451 4714 3691 4787; x_wconf 82' lang='lat' dir='ltr'>aliquod</span> 
     </span>
    </p>
   </div>
   <div class='ocr_carea' id='block_1_116' title="bbox 2048 4784 3689 4859">
    <p class='ocr_par' dir='ltr' id='par_1_116' title="bbox 2048 4784 3689 4859">
     <span class='ocr_line' id='line_1_117' title="bbox 2048 4784 3689 4859; baseline 0 -21"><span class='ocrx_word' id='word_1_875' title='bbox 2048 4787 2387 4859; x_wconf 86' lang='lat' dir='ltr'>inciderint,</span> <span class='ocrx_word' id='word_1_876' title='bbox 2419 4784 2694 4859; x_wconf 79' lang='lat' dir='ltr'>supplicii</span> <span class='ocrx_word' id='word_1_877' title='bbox 2727 4784 2906 4842; x_wconf 75' lang='lat' dir='ltr'>causa</span> <span class='ocrx_word' id='word_1_878' title='bbox 2936 4784 3142 4840; x_wconf 83' lang='lat' dir='ltr'>dicunt</span> <span class='ocrx_word' id='word_1_879' title='bbox 3171 4787 3231 4839; x_wconf 92' lang='lat' dir='ltr'>in</span> <span class='ocrx_word' id='word_1_880' title='bbox 3281 4801 3529 4856; x_wconf 90' lang='lat' dir='ltr'>corpora</span> <span class='ocrx_word' id='word_1_881' title='bbox 3559 4784 3689 4839; x_wconf 85' lang='lat' dir='ltr'>des-</span> 
     </span>
    </p>
   </div>
   <div class='ocr_carea' id='block_1_117' title="bbox 2047 4858 2302 4912">
    <p class='ocr_par' dir='ltr' id='par_1_117' title="bbox 2047 4858 2302 4912">
     <span class='ocr_line' id='line_1_118' title="bbox 2047 4858 2302 4912; baseline 0.008 -3"><span class='ocrx_word' id='word_1_882' title='bbox 2047 4858 2247 4912; x_wconf 84' lang='lat' dir='ltr'>tinari.</span> <span class='ocrx_word' id='word_1_883' title='bbox 2276 4880 2302 4906; x_wconf 86' lang='lat'>»</span> 
     </span>
    </p>
   </div>
   <div class='ocr_carea' id='block_1_118' title="bbox 2121 4925 3696 4998">
    <p class='ocr_par' dir='ltr' id='par_1_118' title="bbox 2121 4925 3696 4998">
     <span class='ocr_line' id='line_1_119' title="bbox 2121 4925 3696 4998; baseline -0.003 -16"><span class='ocrx_word' id='word_1_884' title='bbox 2121 4930 2195 4998; x_wconf 86' lang='lat'>(5)</span> <span class='ocrx_word' id='word_1_885' title='bbox 2229 4927 2564 4985; x_wconf 83' lang='grc' dir='ltr'><strong>Συνιστάναι.</strong></span> <span class='ocrx_word' id='word_1_886' title='bbox 2601 4929 2835 4983; x_wconf 79' lang='lat' dir='ltr'>Rectius</span> <span class='ocrx_word' id='word_1_887' title='bbox 2866 4929 3232 4998; x_wconf 63' lang='lat' dir='ltr'>prmteritum</span> <span class='ocrx_word' id='word_1_888' title='bbox 3264 4927 3411 4997; x_wconf 85' lang='lat' dir='ltr'>perf.</span> <span class='ocrx_word' id='word_1_889' title='bbox 3445 4925 3696 4979; x_wconf 72' lang='grc' dir='ltr'><strong>συνεστί-</strong></span> 
     </span>
    </p>
   </div>
   <div class='ocr_carea' id='block_1_119' title="bbox 2048 5001 2905 5058">
    <p class='ocr_par' dir='ltr' id='par_1_119' title="bbox 2048 5001 2905 5058">
     <span class='ocr_line' id='line_1_120' title="bbox 2048 5001 2905 5058; baseline 0.004 -8"><span class='ocrx_word' id='word_1_890' title='bbox 2048 5019 2157 5058; x_wconf 82' lang='grc' dir='ltr'><strong>ναι,</strong></span> <span class='ocrx_word' id='word_1_891' title='bbox 2194 5023 2220 5049; x_wconf 93' lang='grc'>‹‹</span> <span class='ocrx_word' id='word_1_892' title='bbox 2251 5007 2542 5056; x_wconf 73' lang='lat' dir='ltr'>constare,</span> <span class='ocrx_word' id='word_1_893' title='bbox 2576 5023 2605 5049; x_wconf 87' lang='lat'>»</span> <span class='ocrx_word' id='word_1_894' title='bbox 2637 5001 2905 5054; x_wconf 77' lang='lat' dir='ltr'>SYLBURC.</span> 
     </span>
    </p>
   </div>
   <div class='ocr_carea' id='block_1_120' title="bbox 2121 5064 3693 5145">
    <p class='ocr_par' dir='ltr' id='par_1_120' title="bbox 2121 5064 3693 5145">
     <span class='ocr_line' id='line_1_121' title="bbox 2121 5064 3693 5145; baseline -0.003 -22"><span class='ocrx_word' id='word_1_895' title='bbox 2121 5074 2194 5140; x_wconf 87' lang='grc'>(6)</span> <span class='ocrx_word' id='word_1_896' title='bbox 2227 5073 2338 5145; x_wconf 51' lang='lat' dir='ltr'>My},</span> <span class='ocrx_word' id='word_1_897' title='bbox 2374 5071 2448 5131; x_wconf 86' lang='grc' dir='ltr'>ὡς</span> <span class='ocrx_word' id='word_1_898' title='bbox 2481 5073 2508 5125; x_wconf 90' lang='lat'>6</span> <span class='ocrx_word' id='word_1_899' title='bbox 2542 5091 2630 5145; x_wconf 85' lang='grc' dir='ltr'>οφ.</span> <span class='ocrx_word' id='word_1_900' title='bbox 2684 5072 2916 5145; x_wconf 68' lang='grc' dir='ltr'><strong>Μήπως,</strong></span> <span class='ocrx_word' id='word_1_901' title='bbox 2951 5070 3023 5131; x_wconf 85' lang='grc' dir='ltr'>ὡς</span> <span class='ocrx_word' id='word_1_902' title='bbox 3056 5070 3082 5123; x_wconf 88' lang='grc' dir='ltr'>ὁ</span> <span class='ocrx_word' id='word_1_903' title='bbox 3115 5065 3240 5145; x_wconf 54' lang='grc' dir='ltr'><strong>ὄφις</strong></span> <span class='ocrx_word' id='word_1_904' title='bbox 3297 5064 3436 5123; x_wconf 76' lang='grc' dir='ltr'><strong>Εὕαν</strong></span> <span class='ocrx_word' id='word_1_905' title='bbox 3465 5065 3693 5145; x_wconf 49' lang='grc' dir='ltr'><strong>ἐξηπά-</strong></span> 
     </span>
    </p>
   </div>
   <div class='ocr_carea' id='block_1_121' title="bbox 2047 5141 3692 5216">
    <p class='ocr_par' dir='ltr' id='par_1_121' title="bbox 2047 5141 3692 5216">
     <span class='ocr_line' id='line_1_122' title="bbox 2047 5141 3692 5216; baseline 0 -21"><span class='ocrx_word' id='word_1_906' title='bbox 2047 5161 2208 5209; x_wconf 79' lang='grc' dir='ltr'><strong>τησεν</strong></span> <span class='ocrx_word' id='word_1_907' title='bbox 2265 5141 2316 5196; x_wconf 79' lang='grc' dir='ltr'><strong>ἐν</strong></span> <span class='ocrx_word' id='word_1_908' title='bbox 2370 5147 2438 5216; x_wconf 78' lang='grc' dir='ltr'><strong>τῇ</strong></span> <span class='ocrx_word' id='word_1_909' title='bbox 2497 5141 2803 5216; x_wconf 81' lang='grc' dir='ltr'><strong>πανουργίᾳ</strong></span> <span class='ocrx_word' id='word_1_910' title='bbox 2862 5142 3059 5208; x_wconf 82' lang='grc' dir='ltr'><strong>αὑτοῦ,</strong></span> <span class='ocrx_word' id='word_1_911' title='bbox 3113 5141 3256 5195; x_wconf 79' lang='grc' dir='ltr'>οὕτω</span> <span class='ocrx_word' id='word_1_912' title='bbox 3309 5150 3398 5216; x_wconf 72' lang='grc' dir='ltr'>φθ.</span> <span class='ocrx_word' id='word_1_913' title='bbox 3457 5142 3515 5196; x_wconf 91' lang='grc' dir='ltr'>ΙΙ</span> <span class='ocrx_word' id='word_1_914' title='bbox 3569 5142 3692 5195; x_wconf 74' lang='lat' dir='ltr'>Cor.</span> 
     </span>
    </p>
   </div>
   <div class='ocr_carea' id='block_1_122' title="bbox 2050 5216 2214 5269">
    <p class='ocr_par' dir='ltr' id='par_1_122' title="bbox 2050 5216 2214 5269">
     <span class='ocr_line' id='line_1_123' title="bbox 2050 5216 2214 5269; baseline 0.006 -1"><span class='ocrx_word' id='word_1_915' title='bbox 2050 5232 2128 5269; x_wconf 73' lang='grc' dir='ltr'>χι.</span> <span class='ocrx_word' id='word_1_916' title='bbox 2164 5216 2214 5269; x_wconf 82' lang='grc'>5.</span> 
     </span>
    </p>
   </div>
   <div class='ocr_carea' id='block_1_123' title="bbox 2116 5256 3698 5359">
    <p class='ocr_par' dir='ltr' id='par_1_123' title="bbox 2116 5256 3698 5359">
     <span class='ocr_line' id='line_1_124' title="bbox 2116 5256 3698 5359; baseline -0.005 -21"><span class='ocrx_word' id='word_1_917' title='bbox 2116 5256 2458 5359; x_wconf 47' lang='grc' dir='ltr'><strong>ξῚῙΚτίστης</strong></span> <span class='ocrx_word' id='word_1_918' title='bbox 2511 5287 2613 5359; x_wconf 73' lang='grc' dir='ltr'><strong>γὰρ</strong></span> <span class='ocrx_word' id='word_1_919' title='bbox 2711 5305 2762 5358; x_wconf 89' lang='grc' dir='ltr'><strong>γ.</strong></span> <span class='ocrx_word' id='word_1_920' title='bbox 2917 5286 3102 5359; x_wconf 30' lang='grc' dir='ltr'><strong>κειστιή</strong></span> <span class='ocrx_word' id='word_1_921' title='bbox 3146 5282 3247 5356; x_wconf 77' lang='grc' dir='ltr'><strong>γὰρ</strong></span> <span class='ocrx_word' id='word_1_922' title='bbox 3279 5284 3314 5350; x_wconf 78' lang='grc' dir='ltr'><strong>ἡ</strong></span> <span class='ocrx_word' id='word_1_923' title='bbox 3347 5279 3572 5359; x_wconf 66' lang='grc' dir='ltr'><strong>γένεσις,</strong></span> <span class='ocrx_word' id='word_1_924' title='bbox 3611 5283 3698 5359; x_wconf 50' lang='lat' dir='ltr'>‘ut</span> 
     </span>
    </p>
   </div>
   <div class='ocr_carea' id='block_1_124' title="bbox 2053 5346 3694 5430">
    <p class='ocr_par' dir='ltr' id='par_1_124' title="bbox 2053 5346 3694 5430">
     <span class='ocr_line' id='line_1_125' title="bbox 2053 5346 3694 5430; baseline -0.007 -20"><span class='ocrx_word' id='word_1_925' title='bbox 2053 5346 2204 5430; x_wconf 66' lang='lat' dir='ltr'>infra</span> <span class='ocrx_word' id='word_1_926' title='bbox 2234 5375 2290 5430; x_wconf 86' lang='lat' dir='ltr'>p_.</span> <span class='ocrx_word' id='word_1_927' title='bbox 2351 5346 2474 5417; x_wconf 71' lang='grc'>202,</span> <span class='ocrx_word' id='word_1_928' title='bbox 2524 5346 2866 5430; x_wconf 43' lang='lat' dir='ltr'>uicto-(7&amp;9</span> <span class='ocrx_word' id='word_1_929' title='bbox 2926 5357 2954 5410; x_wconf 91' lang='lat'>6</span> <span class='ocrx_word' id='word_1_930' title='bbox 3009 5346 3238 5427; x_wconf 59' lang='grc' dir='ltr'><strong>κόσμος,</strong></span> <span class='ocrx_word' id='word_1_931' title='bbox 3295 5346 3484 5416; x_wconf 78' lang='grc' dir='ltr'><strong>κτἰστὴ</strong></span> <span class='ocrx_word' id='word_1_932' title='bbox 3538 5346 3694 5415; x_wconf 81' lang='grc' dir='ltr'>καὶὴ</span> 
     </span>
    </p>
   </div>
   <div class='ocr_carea' id='block_1_125' title="bbox 2052 5427 3641 5500">
    <p class='ocr_par' dir='ltr' id='par_1_125' title="bbox 2052 5427 3641 5500">
     <span class='ocr_line' id='line_1_126' title="bbox 2052 5427 3641 5500; baseline 0.013 -20"><span class='ocrx_word' id='word_1_933' title='bbox 2052 5427 2330 5500; x_wconf 76' lang='grc' dir='ltr'><strong>εὐνουχία.</strong></span> <span class='ocrx_word' id='word_1_934' title='bbox 2347 5430 2637 5500; x_wconf 49' lang='grc' dir='ltr'>ΔΞὶιξωδυῐιϐ.</span> <span class='ocrx_word' id='word_1_935' title='bbox 2777 5427 2786 5430; x_wconf 42' lang='grc'><strong><em>-</em></strong></span> <span class='ocrx_word' id='word_1_936' title='bbox 2840 5427 2848 5430; x_wconf 37' lang='grc'><strong><em>-</em></strong></span> <span class='ocrx_word' id='word_1_937' title='bbox 3401 5494 3412 5500; x_wconf 87' lang='grc'>,</span> <span class='ocrx_word' id='word_1_938' title='bbox 3428 5493 3489 5500; x_wconf 36' lang='grc' dir='ltr'>Α,</span> <span class='ocrx_word' id='word_1_939' title='bbox 3603 5488 3641 5500; x_wconf 81' lang='lat'>..</span> 
     </span>
    </p>
   </div>
   <div class='ocr_carea' id='block_1_126' title="bbox 2057 5488 3693 5626">
    <p class='ocr_par' dir='ltr' id='par_1_126' title="bbox 2057 5488 3693 5626">
     <span class='ocr_line' id='line_1_127' title="bbox 2123 5488 3693 5582; baseline -0.016 -12"><span class='ocrx_word' id='word_1_940' title='bbox 2123 5501 2193 5582; x_wconf 84' lang='grc'>(8)</span> <span class='ocrx_word' id='word_1_941' title='bbox 2218 5488 2630 5567; x_wconf 70' lang='grc' dir='ltr'>ΪΙρολαδόντος.</span> <span class='ocrx_word' id='word_1_942' title='bbox 2693 5499 2841 5556; x_wconf 87' lang='lat' dir='ltr'>Vid.</span> <span class='ocrx_word' id='word_1_943' title='bbox 2902 5499 3262 5571; x_wconf 73' lang='lat' dir='ltr'>principium</span> <span class='ocrx_word' id='word_1_944' title='bbox 3301 5493 3496 5564; x_wconf 67' lang='lat' dir='ltr'>p.470</span> <span class='ocrx_word' id='word_1_945' title='bbox 3551 5488 3693 5545; x_wconf 92' lang='lat' dir='ltr'>edit.</span> 
     </span>
     <span class='ocr_line' id='line_1_128' title="bbox 2057 5572 2490 5626; baseline 0.005 -2"><span class='ocrx_word' id='word_1_946' title='bbox 2057 5572 2240 5626; x_wconf 75' lang='lat' dir='ltr'>Paris.</span> <span class='ocrx_word' id='word_1_947' title='bbox 2270 5573 2490 5626; x_wconf 79' lang='lat' dir='ltr'>Lowru.</span> 
     </span>
    </p>
   </div>
   <div class='ocr_carea' id='block_1_127' title="bbox 2103 5587 2490 5628">
    <p class='ocr_par' dir='ltr' id='par_1_127' title="bbox 2103 5587 2490 5628">
     <span class='ocr_line' id='line_1_129' title="bbox 2103 5587 2490 5628; baseline 0.005 -2"><span class='ocrx_word' id='word_1_948' title='bbox 2103 5587 2240 5626; x_wconf 76' lang='lat' dir='ltr'>al‘lS.</span> <span class='ocrx_word' id='word_1_949' title='bbox 2272 5587 2490 5628; x_wconf 71' lang='lat' dir='ltr'>LOVVTH.</span> 
     </span>
    </p>
   </div>
   <div class='ocr_carea' id='block_1_128' title="bbox 3332 5683 3411 5740">
    <p class='ocr_par' dir='ltr' id='par_1_128' title="bbox 3332 5683 3411 5740">
     <span class='ocr_line' id='line_1_130' title="bbox 3332 5683 3411 5740; baseline 0 0"><span class='ocrx_word' id='word_1_950' title='bbox 3332 5683 3411 5740; x_wconf 87' lang='lat'>38</span> 
     </span>
    </p>
   </div>
  </div>
