4034 6148
371 227 510 284 1195

1602 227 2012 283 οιιωιιιιτιε
2047 227 2547 284 ΔΙιΕΧΔΝΟΒῙΝῙ

3639 230 3789 288 1196

366 358 489 410 tem
519 367 1049 426 persequeremur;
1081 366 1215 404 cum
1245 350 1451 420 utique
1478 350 1883 421 protOplastus
1911 366 2004 405 no-

2126 345 2272 421 ὥρας
2301 354 2400 418 τῆς
2426 345 2523 405 τοῦ
2554 348 2736 425 γάμου
2768 349 2996 426 χάριτος
3040 351 3363 427 ὀρεχθέντος
3409 352 3502 407 καὶ
3545 349 3780 429 διαμαρ-

370 448 493 499 ster
523 450 756 514 tempus
787 441 1189 513 praevenisset,
1225 445 1282 492 et
1310 446 1445 494 ante
1486 439 1750 494 debitum
1785 445 2019 510 tempus

367 532 733 590 matrimonii
754 530 1008 602 gratiam
1033 528 1379 600 appetiisset
1399 535 1457 583 et
1477 529 1815 584 aberrasset
1838 545 1851 582 :
1876 544 2017 599 quo-

367 622 527 677 niam
544 644 571 671 α
589 621 930 691 quicunque
947 617 1161 689 aspicit
1176 617 1491 673 mulierem
1506 618 1579 672 ad
1594 618 2023 688 concupiscen-

365 710 506 765 dum
525 724 678 774 eam,
692 709 819 779 jam
836 708 1165 763 moechatus
1180 712 1270 761 est
1292 723 1423 761 eam
1449 707 1545 777 ια),
1568 728 1595 756 ››
1610 714 1676 761 ut
1693 706 1791 777 qui
1817 706 2019 761 volun-

362 798 503 855 tatis
534 804 768 868 tempus
795 813 916 852 non
969 795 1413 867 exspectaverit.
1460 798 1515 851 Is
1548 797 1672 866 ipse
1703 812 1840 866 ergo
1893 799 2019 850 erat

362 887 670 953 Dominus,
705 887 806 957 qui
841 891 982 940 tunc
1004 901 1240 956 quoque
1263 884 1585 940 damnabat
1602 884 2012 955 cupiditatem,

362 993 493 1048 quin
533 976 820 1049 praevenit
847 974 1317 1030 matrimonium.
1353 975 1499 1028 Cum
1532 990 1668 1045 ergo
1697 974 1841 1028 dicit
1866 975 2016 1044 Apo-

360 1065 582 1124 stolus:
612 1087 639 1116 ι(
673 1064 907 1119 lnduite
937 1080 1153 1118 novum
1189 1063 1516 1127 hominem,
1550 1063 1652 1133 qui
1683 1062 2012 1117 secundum

359 1157 543 1212 Deum
576 1159 812 1210 creatur
832 1154 929 1224 (b),
966 1174 993 1202 »
1018 1152 1191 1207 nobis
1214 1152 1377 1220 dicit,
1403 1152 1503 1221 qui
1525 1151 1598 1207 ab
1624 1152 2014 1222 Omnipoten-

359 1245 437 1300 tis
485 1244 789 1300 voluntate
839 1242 1020 1297 efﬁcti
1070 1258 1298 1309 sumus,
1352 1242 1505 1296 sicut
1552 1257 1759 1296 sumus
1807 1240 2008 1296 efficti.

356 1356 387 1386 κ
408 1335 681 1389 Veterem
716 1356 738 1385 ι
771 1336 971 1388 autem
1008 1331 1173 1395 dixit,
1202 1347 1324 1385 non
1356 1330 1683 1402 respiciens
1718 1329 1793 1385 ad
1822 1346 2009 1402 gene-

351 1424 646 1479 rationem
685 1426 744 1477 et
790 1420 1325 1493 regenerationem,
1379 1419 1482 1475 sed
1530 1418 1606 1475 ad
1653 1419 1832 1473 vitam
1883 1420 2009 1474 ino-

353 1512 668 1568 bedientiae
689 1516 748 1565 et
766 1509 1140 1565 obedientiae.
1170 1531 1190 1557 α
1217 1509 1504 1564 Pelliceas
1527 1530 1554 1557 »
1578 1513 1777 1563 autem
1804 1529 1831 1554 ι»
1854 1508 2006 1562 tuni-

354 1618 456 1658 cas
478 1603 546 1674 (ο)
571 1623 598 1650 ››
632 1600 933 1655 existimat
961 1598 1278 1653 Cassianus
1318 1614 1447 1653 esse
1478 1613 1761 1669 corpora:
1796 1597 1855 1650 in
1889 1612 2004 1667 quo

2121 437 2331 502 τόντος·
2377 440 2461 494 ὅτι
2517 462 2544 493 ι
2574 442 2684 502 ΙΙᾶς
2717 441 2747 495 ὁ
2785 441 3003 515 βλέπων
3034 446 3263 516 γυναῖκα
3302 441 3441 517 πρὸς
3485 442 3549 498 τὸ
3590 441 3777 508 ἐπιθυ-

2127 528 2296 598 μῆσαι
2346 532 2420 600 (9)
2475 526 2586 598 ἤδη
2642 529 2963 605 ἐμοίχευσεν
3021 530 3215 599 αύτὴν,
3248 555 3276 583 ››
3332 532 3434 585 οὐκ
3488 532 3777 604 ἀναμεῖνας

2120 616 2213 668 τὸν
2272 616 2460 690 καιρὸν
2525 616 2860 690 θελήματος.
2919 619 2981 675 Ὁ
3035 619 3197 681 αὐτὸς
3259 620 3349 673 οὗν
3380 620 3450 689 ἦν
3493 621 3521 675 ὁ
3553 620 3774 696 Κύριος,

2120 705 2207 758 καὶ
2239 703 2365 759 τότε
2423 705 2623 781 κρίνων
2680 707 2779 774 τήν
2829 702 3222 783 προλαϐοῦσαν
3279 710 3372 763 τὸν
3426 710 3602 784 γάμον
3664 715 3774 784 (10)

2121 791 2435 864 ἐπιθυμίαν.
2474 796 2640 852 ⁶Οταν
2699 793 2791 851 οὖν
2852 798 2880 850 ὁ
2912 795 3253 859 Ἀπόστολος
3312 795 3464 872 εἴπῃ·
3526 822 3556 851 ι(
3590 798 3773 855 Ἐνδύο

2120 883 2281 937 σασθε
2326 884 2418 938 τὸν
2478 885 2663 939 καινὸν
2724 886 3033 959 ἄνθρωπον,
3072 887 3169 941 τὸν
3216 887 3357 941 κατὰ
3402 887 3529 942 Θεὸν
3586 890 3771 957 κτιζὸ-

2122 992 2278 1043 μενον
2304 976 2436 1045 (11),
2458 996 2487 1024 ››
2510 976 2647 1044 ἡμῖν
2673 971 2842 1049 λέγει,
2861 981 2981 1037 τοῖς
3007 973 3415 1048 πεπλασμένοις
3436 977 3539 1031 ὑπὸ
3560 983 3661 1047 τῆς
3673 982 3771 1033 τοῦ

2119 1062 2565 1137 Παντοκράτορος
2588 1062 2909 1137 βουλήσεως
2934 1063 3009 1128 ὡς
3029 1066 3409 1138 πεπλάσμεθα.
3433 1090 3462 1117 ‹‹
3482 1064 3768 1121 Παλαιὸν»

2118 1144 2195 1215 δὲ,
2231 1148 2297 1202 οὐ
2318 1150 2454 1222 πρὸς
2482 1152 2688 1226 γένεσιν
2720 1151 2808 1206 καὶ
2841 1152 3194 1227 ἀναγέννησίν
3225 1174 3413 1228 φησιν,
3444 1152 3592 1210 ἀλλὰ
3631 1154 3771 1229 πρὸς

2115 1235 2206 1290 τὸν
2240 1236 2359 1311 βίον
2389 1237 2483 1294 τόν
2509 1237 2645 1293 τεέν
2678 1244 2956 1314 παρακοῇ,
2987 1241 3080 1295 τόν
3107 1261 3168 1297 τε
3215 1239 3268 1297 ἐν
3321 1242 3561 1316 ὑπακοῇ.
3612 1267 3643 1294 ι(
3670 1244 3768 1300 Χι-

2111 1328 2286 1387 τῶνας
2347 1328 2461 1399 (12)
2490 1351 2520 1379 ››
2578 1325 2635 1382 δὲ
2681 1352 2710 1380 ιι
2746 1326 3099 1404 δερματίνους
3132 1353 3163 1383 ››
3221 1332 3442 1406 ἡγεῖται
3472 1332 3500 1385 ὁ
3531 1337 3769 1389 Κασσια-

2112 1413 2205 1475 νὸς
2236 1417 2352 1487 (13)
2381 1416 2448 1470 τὰ
2477 1417 2726 1489 σώματα,
2760 1419 2882 1493 περὶ
2917 1416 2990 1473 ὧν
3025 1418 3246 1496 ὕστερον
3296 1421 3388 1475 καὶ
3434 1424 3625 1475 τοῦτον
3675 1421 3766 1476 καὶ

2110 1501 2239 1564 τοὺς
2298 1504 2509 1575 ὁμοίως
2568 1506 2720 1578 αύτῷ
2776 1503 3255 1582 δογματίζοντας,
3308 1508 3766 1583 πεπλανημένους

2113 1590 2498 1664 ἀποδείξομεν,
2528 1596 2653 1649 ὅταν
2704 1596 2829 1672 περὶ
2879 1605 2981 1667 τῆς
3025 1597 3316 1674 ἀνθρώπου
3363 1600 3618 1675 γενέσεως
3662 1599 3765 1667 τήν

350 1696 557 1763 postea
586 1698 646 1745 et
677 1705 834 1755 eum,
870 1694 923 1742 et
958 1689 1057 1759 qui
1085 1687 1242 1742 idem
1268 1703 1401 1741 cum
1428 1704 1496 1742 eo
1520 1686 1807 1753 sentiunt,
1841 1685 2004 1740 aber-

2110 1678 2693 1784 ἐξήγησινιὲπομένως
2739 1691 2857 1748 τοῖς
2905 1684 3288 1763 προλεχθῆναι
3339 1686 3638 1761 δεομένοις,
3666 1708 3768 1761 μι-

350 1796 513 1835 rasse
545 1778 948 1842 ostendemus,
983 1793 1117 1831 cum
1148 1776 1220 1829 de
1243 1780 1376 1829 ortu
1397 1774 1680 1838 hominis,
1706 1775 1778 1828 iis
1794 1790 2000 1829 conse-

350 1874 623 1940 quenter,
657 1883 789 1935 quaa
811 1865 976 1937 prius
1008 1865 1261 1919 dicenda
1280 1869 1441 1929 sunt,
1474 1862 1889 1936 aggrediemur
1910 1879 2002 1917 ex-

348 1959 728 2030 positionem.
761 1977 790 2005 «
824 1954 1133 2020 Quoniam,
1168 1954 1385 2023 inquit.
1421 1955 1521 2023 qui
1553 1970 1587 2008 a
1634 1951 1885 2006 terrenis
1912 1967 2001 2005 re-

344 2054 585 2119 guntur,
618 2053 677 2101 et
723 2051 1029 2119 generant,
1057 2050 1115 2099 et
1139 2048 1540 2117 generantur:
1574 2045 1772 2097 Nostra
1815 2048 1999 2095 autem

348 2137 690 2192 conversatio
746 2141 821 2190 est
875 2137 933 2189 in
986 2135 1138 2200 c0310,
1182 2150 1250 2187 ea:
1296 2148 1405 2201 quo
1449 2133 1611 2185 etiam
1659 2130 2000 2185 Salvatorem

346 2232 717 2296 exspectamus
737 2225 836 2296 (ἀ).
874 2247 901 2274 ››
928 2226 1105 2278 Recte
1137 2238 1272 2293 ergo
1296 2238 1406 2275 nos
1436 2221 1562 2274 haec
1580 2234 1817 2289 quoque
1840 2218 1998 2272 dicta

346 2332 474 2371 esse
506 2315 750 2372 scimus.
780 2313 1060 2383 quoniam
1093 2316 1159 2364 ut
1187 2310 1451 2379 hospites
1484 2313 1542 2362 et
1565 2307 1802 2362 advenas
1826 2322 1994 2377 pere-

344 2404 650 2476 grinantes
683 2402 968 2456 debemus
1007 2399 1184 2452 vitam
1232 2398 1543 2451 instituere
1570 2413 1582 2462 ;
1614 2396 1714 2466 qui
1746 2410 1994 2449 uxorem

341 2492 585 2553 habent,
617 2496 682 2545 ut
711 2506 832 2544 non
867 2486 1192 2553 habentes;
1240 2486 1340 2555 qui
1390 2484 1716 2556 possident,
1768 2489 1834 2538 ut
1872 2500 1993 2538 non

341 2579 717 2652 possidentes
745 2577 882 2646 ;qui
903 2576 1124 2630 liberos
1153 2580 1491 2645 procreant,
1526 2579 1592 2627 ut
1609 2572 1892 2629 mortales
1913 2573 1991 2644 gi-

340 2673 612 2742 gnentes,
645 2672 711 2721 ut
740 2663 1007 2720 relicturi
1045 2664 1475 2735 possessiones,
1524 2667 1590 2718 ut
1635 2662 1814 2717 etiam
1859 2660 1989 2716 sine

2112 1770 2540 1843 ταχειριζόμεθα
2597 1775 2728 1845 (14)·
2796 1798 2825 1827 ‹‹
2886 1775 3086 1846 Ἐπεὶ,
3145 1776 3331 1853 φησὶν,
3392 1778 3444 1832 οἱ
3498 1777 3599 1832 ὑπὸ
3654 1780 3771 1833 τῶν

2111 1855 2317 1931 γηΐνων
2380 1859 2799 1935 βασιλευόμενοι
2854 1863 2944 1918 καὶ
3005 1870 3230 1940 γεννῶσι
3268 1909 3282 1936 ,
3334 1866 3426 1922 καὶ
3479 1870 3765 1943 γεννῶται·

2107 1947 2298 2019 Ἠμῶν
2358 1946 2416 2003 δὲ
2458 1951 2521 2005 τὸ
2579 1949 2888 2024 πολίτευμα
2944 1951 2996 2008 ἐν
3058 1952 3270 2028 οὐρανῷ
3325 1958 3459 2027 (15),
3494 1954 3547 2025 ἐξ
3575 1953 3638 2010 οῦ
3667 1956 3766 2011 καὶ

2111 2039 2346 2111 Σωτῆρα
2391 2036 2832 2114 ἀπεκδεχόμεθα·
2867 2065 2897 2094 ››
2954 2041 3149 2106 Καλῶς
3207 2041 3303 2098 οὖν
3362 2043 3613 2120 εἰρῆσθαι
3667 2045 3769 2099 καὶ

2104 2129 2272 2180 ταῦτα
2327 2124 2482 2199 ἴσμεν
2538 2130 2742 2201 ἡμεῖς·
2804 2128 2922 2185 ἐπεὶ
2974 2132 3049 2193 ὡς
3109 2132 3249 2202 ξένοι
3302 2131 3391 2187 καὶ
3449 2129 3760 2208 παρεπιδη-

2110 2218 2335 2286 μοῦντες
2360 2218 2472 2289 (16)
2503 2216 2886 2274 πολιτεύεσθαι
2910 2219 3227 2296 ὀφείλομεν·
3256 2222 3309 2276 οἱ
3331 2223 3765 2296 γαμοῦντεςῌἹ)

2104 2304 2179 2366 ὡς
2204 2305 2278 2374 μὴ
2297 2310 2614 2378 γαμοῦντες·
2641 2308 2693 2361 οἱ
2713 2309 3009 2382 κτώμενοι.
3039 2310 3114 2373 ὡς
3137 2310 3215 2383 μὴ
3237 2311 3532 2384 κτώμενοι·
3557 2312 3610 2365 οἱ
3636 2330 3760 2364 παι-

2104 2389 2473 2462 δοποιοῦντες,
2504 2395 2579 2456 ὡς
2607 2396 2836 2466 θνητοὺς
2866 2403 3180 2472 γεννῶντες,
3215 2400 3291 2461 ὡς
3342 2398 3758 2473 κατελείψοντες

2100 2481 2167 2536 τὰ
2194 2484 2450 2554 κτήματα
2484 2526 2499 2552 ,
2532 2483 2606 2545 ὡς
2646 2483 2736 2539 καί
2765 2483 2889 2540 ἄνευ
2945 2487 3205 2561 γυναικὸς
3266 2487 3626 2562 βιωσόμενοι,
3655 2487 3749 2542 ἐὰν

2103 2567 2213 2644 δὲῃ·
2243 2569 2305 2624 οὐ
2352 2574 2679 2646 προσπάθῶς
2719 2572 2790 2647 τῇ
2842 2577 3030 2645 κτήσει
3080 2575 3384 2652 χρώμενοι,
3427 2578 3544 2651 μετ’
3588 2575 3755 2651 εὐχα-

2101 2659 2308 2734 ριστίας
2340 2658 2386 2714 δ’
2418 2661 2629 2731 ἀπάσης
2659 2663 2795 2736 (18)⁹
2825 2662 2915 2717 καὶ
2949 2663 3509 2742 μεγαλοφρονοῦντες.

338 2772 521 2812 uxore
553 2754 782 2817 victuri,
813 2753 860 2809 si
894 2769 1042 2824 opus
1074 2753 1186 2819 sit;
1218 2768 1341 2807 non
1373 2768 1509 2807 cum
1542 2750 1861 2807 immodico
1893 2750 2109 2806 aﬂ‘ectu
2136 2751 2514 2822 possessione
2544 2757 2800 2822 utentes,
2834 2753 2939 2809 sed
2968 2771 3104 2811 cum
3143 2756 3469 2829 gratiarum
3497 2756 3755 2824 actione,

340 2850 399 2901 et
427 2845 627 2901 animo
650 2843 905 2900 excelso.

1851 2938 2085 2994 CAPUT
2122 2939 2240 2993 XV.

1219 3038 1252 3092 Ι
1277 3038 1398 3097 Cor.
1430 3053 1525 3103 vn,
1556 3039 1620 3104 1;
1660 3039 1791 3093 Luc.
1823 3053 1936 3104 xiv,
1967 3036 2036 3089 26
2061 3052 2076 3105 ;
2105 3038 2212 3092 Isa.
2245 3053 2353 3106 LVI,
2387 3040 2440 3106 2,
2475 3039 2528 3106 3,
2561 3039 2851 3109 explicat"

408 3156 478 3210 Ει
498 3170 704 3208 rursus
736 3169 871 3208 cum
901 3151 1079 3207 dicit:
1115 3174 1142 3201 ‹‹
1175 3153 1403 3207 Βοιιιιιιι
1435 3157 1524 3207 est
1565 3152 1792 3207 homini
1835 3168 1978 3206 uxo-

2170 3149 2337 3212 Αὖθίς
2378 3169 2456 3220 τε,
2518 3149 2645 3206 ὅταν
2706 3155 2803 3228 φῇ·
2864 3175 2894 3203 ‹‹
2927 3154 3110 3209 Καλὸν
3170 3154 3444 3229 ἀνθρώπῳ
3498 3156 3754 3232 γυναικὸς

336 3260 463 3299 rem
490 3260 610 3299 non
642 3248 903 3315 tangere,
938 3241 1040 3296 sed
1072 3246 1315 3313 propter
1348 3241 1775 3297 fornicationes
1802 3257 1986 3296 unus-

339 3334 589 3405 quisque
622 3349 788 3388 suam
818 3347 1063 3386 uxorem
1095 3331 1311 3385 habeat
1333 3331 1397 3403 (ε)
1423 3349 1435 3399 ;
1470 3354 1489 3378 ι
1517 3331 1578 3385 id
1601 3330 1779 3385 veluti
1802 3346 1983 3401 expo-

335 3439 507 3492 nens,
528 3439 733 3478 rursus
751 3420 894 3477 dicit
914 3438 925 3474 :
947 3443 974 3471 «
1000 3422 1079 3475 Ne
1096 3437 1197 3474 vos
1218 3425 1409 3474 tentet
1426 3420 1669 3475 Satanas
1686 3420 1778 3490 (ν).
1803 3442 1830 3469 ››
1856 3421 1981 3474 Νοιι

337 3512 496 3568 enim
520 3512 615 3580 iis,
641 3510 742 3583 qui
764 3511 1142 3566 continenter
1161 3515 1411 3564 utuntur
1430 3508 1812 3564 matrimonio
1835 3525 1979 3580 pro-

332 3607 465 3674 pter
478 3601 664 3657 solam
680 3601 1002 3655 liberorum
1015 3598 1582 3671 *procreationem,
1604 3597 1764 3665 dicit,
1791 3619 1819 3646 »
1841 3614 1981 3669 pro-

331 3697 464 3762 pter
485 3690 1027 3761 intemperantiam:
1046 3711 1072 3738 ››
1096 3688 1201 3743 sed
1224 3688 1427 3758 iis.qui
1453 3688 1632 3742 ﬁnem
1658 3687 1981 3741 liberorum

328 3779 758 3851 procreationis
770 3778 1020 3849 cupiunt
1033 3778 1600 3844 transillre:ne,cum
1620 3777 1870 3831 nimium
1883 3792 1985 3830 an-

328 3869 528 3923 nuerit
556 3874 762 3925 noster
788 3866 1182 3933 adversarius,
1206 3868 1422 3921 excitet
1451 3866 1877 3938 appetitionem
1908 3865 1982 3921 ad

324 3957 552 4013 alienas
570 3958 919 4028 voluptates.
936 3958 1205 4011 Fortasse
1228 3962 1427 4011 autem
1453 3956 1737 4027 quoniam
1758 3956 1853 4020 iis,
1878 3955 1982 4025 qui

316 4047 479 4119 juste
494 4047 940 4115 vivunt,resistit
956 4052 1197 4117 propter
1210 4046 1679 4104 aemulationem.
1705 4051 1764 4100 et
1783 4044 1981 4099 adver-

324 4153 424 4193 sus
438 4155 539 4193 eos
551 4135 1074 4193 contenditvolens
1093 4152 1192 4191 eos
1207 4134 1280 4189 ad
1300 4151 1438 4190 suos
1453 4134 1693 4189 ordines
1711 4132 1948 4188 traduce
1960 4163 1979 4174 -

2103 3239 2179 3311 μὴ
2213 3239 2494 3294 ἅπτεσθαι·
2546 3237 2636 3295 διὰ
2677 3238 2735 3295 δὲ
2786 3241 2885 3304 τὰς
2915 3242 3169 3319 πορνείας
3215 3240 3440 3307 ἕκαστος
3489 3246 3588 3315 τὴν
3624 3247 3751 3302 δαυ-

2095 3331 2195 3382 τοῦ
2249 3333 2478 3405 γυναῖκα
2530 3328 2727 3404 ἐχέτω·
2788 3353 2817 3381 ››
2877 3332 2992 3385 οἷον
3051 3329 3482 3409 ἐπεξηγούμενος
3512 3378 3525 3405 ,
3584 3333 3751 3390 πάλιν

2091 3414 2264 3492 λέγει·
2331 3441 2357 3469 ‹‹
2392 3420 2508 3473 Ἵνα
2570 3419 2646 3490 μή
2708 3420 2940 3495 πειράζῃ
3004 3420 3146 3494 ὑμᾶς
3204 3423 3232 3476 ὁ
3289 3428 3550 3487 Σατανᾶς,
3584 3446 3612 3474 »
3665 3425 3747 3481 Οὐ

2086 3505 2187 3579 γὰρ
2218 3504 2654 3581 τοῖςέγκρατῶς
2709 3510 3024 3583 χρωμένοις
3053 3514 3133 3583 τῷ
3187 3510 3350 3585 γάμῳ
3405 3510 3495 3566 ἐπὶ
3549 3508 3744 3566 παιδο-

2093 3595 2249 3666 ποιίᾳ
2284 3595 2419 3670 μόνῃ
2440 3641 2456 3666 ,
2490 3620 2517 3649 ‹‹
2544 3593 2634 3651 διὰ
2661 3598 2760 3666 τήν
2791 3599 3046 3675 ἀκρασίαν
3082 3644 3096 3670 ,
3130 3624 3157 3653 ››
3217 3600 3377 3679 φησὶν
3405 3644 3420 3670 ,
3454 3599 3601 3657 ἀλλὰ
3625 3606 3743 3664 τοῖς

2090 3685 2180 3739 καὶ
2208 3705 2345 3760 περα
2374 3683 2726 3749 παιδοποιίας
2755 3682 3065 3764 προϐαίνειν
3119 3687 3495 3762 ἐπιθυμοῦσιν·
3548 3691 3624 3752 ὡς
3665 3691 3742 3762 μή

2090 3771 2235 3829 πολὺ
2268 3773 2550 3837 ἐπινεύσας
2583 3776 2611 3830 ὁ
2644 3773 2714 3829 δι’
2746 3774 2979 3840 ἐναντίας
3016 3819 3031 3845 ,
3090 3777 3370 3853 ἐκκυμήνῃ
3410 3780 3509 3848 τήν
3570 3776 3741 3852 ὄρεξιν

2097 3861 2173 3925 εἷς
2207 3861 2508 3939 ἀλλοτρίας
2536 3861 2765 3933 ἡδονάς.
2797 3867 2957 3942 Τάχα
2990 3864 3047 3921 δὲ
3078 3864 3166 3921 ἐπὶ
3196 3870 3308 3940 (19)
3356 3873 3473 3929 τοῖς
3520 3864 3744 3931 δικαίως

2094 3951 2302 4028 βιοῦσιν
2333 3953 2641 4010 ἀνθίσταται
2677 3951 2766 4009 διὰ
2795 3954 2964 4024 ζῆλον
3008 3956 3098 4010 καί
3131 3955 3573 4031 ἀντιφιλονεικεῖ,
3606 3957 3743 4011 ὑπά-

2087 4042 2270 4118 γεσθαι
2295 4041 2523 4105 τούτους
2567 4047 2646 4114 τῷ
2675 4044 2867 4098 ἑαυτοῦ
2909 4046 3147 4118 τάγματι
3178 4042 3543 4120 βουλόμενος,
3572 4045 3741 4123 ἀφορ-

2091 4131 2194 4204 μὰς
2223 4127 2296 4185 δι’
2326 4130 2635 4207 ἐγκρατείας
2680 4130 2942 4188 ἐπιπόνου
2988 4131 3249 4209 παρέχειν
3276 4134 3496 4197 τούτοις
3544 4134 3739 4210 βούλε-

388 4284 534 4350 ›χ‹ι>.
577 4282 677 4336 555
726 4281 841 4354 Eo.
873 4280 1167 4354 POTTER,
1216 4281 1459 4334 1.67-468
1489 4280 1601 4354 ED.
1638 4278 1877 4354 ranis.
1937 4276 2004 4349 (α)

2098 4277 2254 4335 Iatth.
2309 4295 2360 4346 v,
2421 4280 2510 4334 28.
2569 4280 2889 4352 (b)Ephes.
2941 4299 3014 4354 ιν,
3048 4285 3137 4341 24.
3172 4284 3243 4354 (c)
3302 4285 3445 4341 Gen.
3505 4301 3591 4353 ιιι,
3647 4285 3737 4339 21.

320 4349 639 4427 (ἀ)⁷ΡιιὶιὶΡ.
669 4370 752 4419 ιιι,
784 4353 874 4407 20.
910 4351 977 4423 (c)
1010 4354 1033 4406 Ι
1063 4353 1193 4406 Cor.
1227 4367 1325 4422 vu,
1361 4355 1411 4419 1,
1445 4354 1497 4405 2.
1533 4352 1602 4423 (Γ)
1635 4349 1781 4405 Ibid.
1817 4352 1870 4404 5.

383 4502 458 4572 (9)
489 4500 877 4572 Ἐπιθυμῆσαι,
911 4497 1282 4572 Ἐπιθυμῆσαι
1317 4494 1504 4564 αὐτῆς,
1545 4497 1746 4572 Matth.

380 4568 494 4642 (i0)
524 4571 623 4625 Τὸν
654 4568 852 4642 γάμον.
884 4571 1074 4625 Etiam
1105 4569 1359 4642 genitivo
1418 4585 1561 4625 casu
1616 4568 1729 4641 legi
1761 4571 1959 4640 potest

306 4645 406 4697 τοῦ
433 4641 632 4715 γάμου.
664 4641 824 4715 SYLB.

382 4711 889 4784 (11)’Κτιζόμενον.
927 4715 993 4768 Α.
1028 4712 1271 4768 mavult.
1331 4711 1638 4784 κτισθέντα,
1688 4716 1959 4784 tempore

310 4778 634 4856 préeterito.
656 4778 827 4839 ειυς.
862 4785 1071 4856 Ephes.
1099 4801 1181 4856 iv,
1216 4784 1284 4856 24
1311 4800 1323 4837 :
1377 4782 1486 4856 Kal.
1520 4778 1840 4837 ἐνδύσασθαὶ
1864 4782 1958 4837 τὸν

311 4853 495 4909 καινὸν
526 4855 833 4927 ἄνθρωπον,
861 4853 954 4907 τὸν
986 4854 1121 4908 κατᾶ
1152 4854 1280 4908 Θεὸν
1314 4853 1612 4927 κτισθένταἲ

384 4928 498 4997 (12)
529 4922 949 4997 ΧιτῶναςξΕοε
1003 4927 1265 4997 scilicet,
1293 4943 1440 4996 quos
1492 4922 1713 4992 ἐποίησε
1762 4922 1958 4997 Κύριος

313 4996 341 5051 ὁ
374 4992 502 5057 Θεὸς
533 4999 611 5066 τῷ
641 4992 817 5068 Ἄδαμ
843 4996 929 5048 καὶ
962 4999 1030 5068 τῇ
1062 4996 1274 5068 γυναικὶ
1310 4992 1474 5050 αὐτοῦ
1510 5042 1521 5053 .
1558 4999 1712 5052 Gen.
1748 4992 1953 5061 111,321.

381 5070 494 5141 (t3)
528 5066 846 5141 Kaaatzvéq.
882 5066 1045 5122 Hunc
1075 5066 1271 5124 locum
1321 5070 1583 5140 respexit
1634 5069 1957 5140 Procopius

309 5140 369 5195 in
391 5140 529 5211 ’cap.
565 5156 629 5211 ιιι
661 5140 976 5211 Geneseos,
1031 5157 1086 5209 p.
1144 5144 1232 5206 76,
1267 5141 1552 5196 versionis
1586 5141 1825 5207 Latinae,
1852 5141 1955 5195 ubi

308 5208 552 5285 quidem
583 5210 797 5265 citatur
837 5229 880 5285 Au
913 5208 1185 5285 Clemens
1217 5212 1279 5285 i_n
1313 5214 1505 5285 primo
1564 5228 1840 5285 sermone
1864 5230 1889 5285 _;
1924 5233 1952 5262 ››

307 5281 410 5340 εέἀ
443 5285 678 5340 Graecus
699 5282 924 5357 _textus
982 5295 1091 5336 ms.
1148 5281 1345 5347 habet,
1380 5282 1619 5353 Κλήμης
1674 5281 1725 5334 ἐν
1783 5282 1954 5357 τρίτῳ

307 5357 652 5426 Στρωματεῖ.
689 5352 953 5426 ΕΒΑΒψ-ε.

377 5414 487 5503 (14)
544 5419 1080 5503 Μεταχειριζόμεθα.
1142 5422 1575 5495 Congruentius
1625 5439 1949 5498 ματαχειρι-

306 5500 548 5572 σώμεθα.
571 5500 852 5572 Sarranae.

376 5563 487 5645 (15)
518 5570 761 5646 Οὐρανῷ.
785 5565 1075 5639 Οὐρανοῖς,
1098 5563 1314 5635 Philip.
1348 5581 1408 5632 ιι,
1446 5568 1535 5619 20.

2145 4491 2447 4571 (1ῥ)Ξξ.νοι
2506 4492 2611 4571 xui“
2655 4513 2855 4571 παρεπ·
2916 4498 3179 4571 Respicit
3222 4500 3416 4571 rHebr.
3478 4518 3558 4571 xl,
3620 4502 3730 4571 i3;

2070 4561 2664 4644 'onloyﬁgav'rsqﬁft
2698 4561 2837 4635 ξένοι
2885 4568 2977 4644 καὶ
3020 4561 3409 4644 παραπίδημοί
3459 4561 3595 4626 εἰσιν
3644 4569 3728 4625 ἐπὶ

2067 4641 2169 4704 τῆς
2197 4638 2520 4709 γῆςηΟοιιῑ.
2554 4640 2579 4692 Ι
2609 4641 2766 4695 Petr.
2804 4657 2868 4708 ιι,
2900 4643 2984 4696 1|.

2068 4708 2260 4834 299g?)
2284 4708 2725 4834 gignit-05%“.
2776 4713 3092 4784 Respicere
3149 4713 3386 4770 videtur
3410 4715 3437 4769 Ι
3468 4716 3600 4772 Cor.
3634 4730 3724 4783 vn,

2146 4822 2158 4846 ’
2192 4820 2280 4847 VU,
2308 4820 2392 4834 υισ

2139 4852 2246 4930 (18_)
2302 4853 2403 4930 Τῇ.
2434 4851 2622 4930 κτήσει
2685 4852 3019 4930 χρώμενοι,
3094 4855 3210 4930 μετ’
3269 4855 3627 4930 εὐχαριστίας
3677 4851 3728 4930 δ’

2066 4921 2161 4974 ἀπ.
2197 4925 2307 4977 Pro
2336 4921 2405 4993 τῇ
2435 4923 2621 4990 κτήσει
2785 4921 2964 4981 scribi
3011 4921 3200 5001 possit
3250 4921 3524 5001 τῇῖιτίσει
3572 4927 3730 5001 χρώ·

2071 4944 2161 4974 απ.
2197 4944 2307 4977 ι’Γο
2336 4944 2405 4993 τῃ
2435 4944 2621 4990 κτησει
2654 4944 2749 4996 χρ.
2785 4944 2964 4981 εει-ιω
2988 4944 3200 5052 I‘possn
3250 4947 3320 4998 τῃ
3350 4944 3524 4981 κτίσει
3574 4944 3730 5001 χρω-

2071 5012 2244 5075 μενοι.
2280 5002 2903 5075 {creatura-utentes.
2924 5019 2963 5075 »_
3035 5015 3131 5075 am
3162 5000 3461 5075 respicere
3492 5000 3730 5075 videtur

2065 5065 2090 5118 Ι
2119 5066 2368 5143 Τὶιηριὶι.
2406 5083 2508 5143 ιν,.
2529 5068 2582 5129 3,
2615 5068 2647 5119 4
2675 5085 2689 5135 ;
2730 5072 2793 5143 ΖΑ
2826 5068 2853 5120 ὁ
2879 5070 3006 5128 Θεὸς
3038 5062 3240 5143 ἔκτισεν
3264 5062 3356 5131 ἐἷς
3406 5070 3724 5143 μεταληψιν

2070 5136 2203 5212 μετᾷ
2226 5135 2664 5212 εύχαριστίμαςμι..
2727 5135 2811 5212 δέτι
2852 5144 2971 5212 -πᾶν
3019 5140 3221 5212 κτίσμα
3276 5135 3417 5195 Θεοῦ
3458 5135 3726 5204 καλὸνξ...

2070 5202 2203 5278 μετᾶ
2232 5202 2581 5334 εὐχαριστίας
2611 5202 3055 5281 λαμϐανόμενον.
3093 5202 3184 5267 8ἱό
3236 5214 3512 5269 Clemens
3544 5202 3727 5284 supe-

2070 5281 2186 5334 rius
2218 5298 2275 5334 ι).
2342 5284 2406 5334 35
2442 5299 2456 5334 :
2489 5279 2633 5334 υύγὶ
2668 5280 2757 5333 καὶ
2789 5281 2841 5333 οἱ
2883 5281 3112 5334 παλαιοὶ
3142 5280 3346 5334 δίκαιοι
3380 5283 3727 5334 εὖγαοίστωε

2063 5281 2186 5367 rius
2218 5279 2406 5367 p.335
2442 5299 2456 5337 :
2489 5279 2841 5367 dei‘x'aipo't
2875 5279 3112 5336 παλαιοὶ
3142 5280 3346 5337 δίκαιοι
3380 5279 3729 5367 εὐχαρίστως

2061 5356 2160 5418 τῆς
2215 5346 2438 5412 κτίσεως
2517 5346 2969 5423 μετελάμϐανονς
3026 5377 3055 5403 ‹‹
3088 5357 3292 5411 Nonne
3334 5346 3484 5427 jusii
3524 5346 3726 5411 'etiam

2061 5429 2290 5549 mttere:
2312 5428 2653 5533 greaturam
2684 5440 2820 5480 cum
2850 5427 3174 5500 gratiarum
3206 5428 3439 5483 actione
3470 5427 3728 5499 partici-

2062 5511 2137 5549 na
2182 5511 2257 5549 an
2320 5518 2389 5549 .››

2104 5511 2284 5550 anan:
2313 5511 2341 5550 '.’
2363 5518 2389 5544 ν)

2062 5511 2423 5638 Ρᾶςῖἶῗὶέπὶί.
2456 5567 2757 5638 Interpres
2788 5567 2931 5641 legit
2959 5567 3094 5638 ἐπεί,
3127 5590 3155 5618 ‹‹
3190 5570 3499 5641 quoniam.
3548 5592 3578 5621 ››
