4034 6148
278 261 432 316 ί1197

1629 259 2076 316 STROMA'I‘UM
2108 258 2245 313 LIB.
2287 255 2390 313 III.

3567 261 3707 317 1198

284 400 396 436 ται.
430 379 676 444 Εἰκότως
710 380 802 437 οὗν
836 400 992 460 φησν
1025 402 1059 436 ι
1088 385 1348 456 Κρεῖττον
1377 385 1572 457 γαμεῖν
1617 382 1728 453 (20)
1772 379 1807 448 ἢ
1839 399 1942 434 πυ-

2073 395 2142 447 re,
2174 395 2282 451 per
2310 377 2672 435 laboriosam
2699 380 3135 438 continentiam
3165 383 3250 438 eis
3279 383 3403 440 vult
3440 383 3708 455 praebere

290 475 537 545 ροῦσθαι,
572 492 597 523 ο
663 470 815 535 ὅπως
873 494 901 523 ιι
938 472 966 525 6
1000 472 1133 546 ἀνὴρ
1193 468 1442 542 ἀποδιδῷ
1497 469 1566 544 τῇ
1600 470 1817 544 γυναικὶ
1846 470 1945 535 τὴν

282 559 543 633 ὀφειλὴν,
574 560 664 615 καὶ
695 563 729 630 ή
762 561 898 635 γυνή
944 565 1024 633 τῷ
1081 557 1258 635 ἀνδρὶ,
1289 561 1381 615 καὶ
1443 561 1519 632 μή
1570 560 1945 633 ἀποστερῶσιν

282 646 576 717 ’ἀλλήλους
612 670 640 700 ››
669 655 771 717 τῆς
792 646 881 703 διὰ
907 656 1009 718 τῆς
1033 649 1179 712 θείας
1207 652 1316 720 (21)
1350 648 1428 709 εἲς
1451 647 1657 723 γένεσιν
1692 645 1942 717 δοθείσης

291 744 569 820 βοηθείας.
603 769 632 797 ‹‹
663 746 762 808 Ὃς
794 742 841 799 δ’
871 743 934 799 ἂν
967 746 1044 817 μή
1092 749 1323 818 μισήσῃ,
1357 767 1387 796 υ
1447 743 1599 821 φασὶ,
1659 766 1688 795 ‹‹
1719 744 1945 818 πατέρα,

285 833 322 903 ἢ
361 835 593 908 μητέρα,
642 833 678 903 ἢ
723 839 980 909 γυναῖκα,
1011 833 1048 903 ἢ
1078 834 1256 902 τέκνα,
1310 833 1444 905 ἐμὸς
1496 834 1633 887 εἶναι
1697 834 1947 905 μαθητής

294 922 358 978 o6
417 920 684 980 8~3v¢tat.
721 946 749 974 υ
803 923 875 977 O6
932 924 996 978 τὸ
1052 925 1205 999 γένος
1266 927 1440 994 μισεῖν
1503 920 1947 995 παρακελεύεταιο

283 1041 326 1076 Ἰ
352 1019 505 1094 Τίμα
539 1044 566 1072 ››
597 1022 725 1095 γὰρ,
772 1022 930 1098 φησὶ,
993 1042 1018 1074 α
1049 1021 1255 1096 πατέρα
1283 1021 1370 1075 καὶ
1436 1019 1643 1094 μητέρα
1701 1024 1836 1090 (22),
1860 1016 1952 1074 ’ίνα

292 1110 349 1164 εὗ
381 1129 466 1164 σοι
498 1109 749 1183 γένηταιο
786 1132 813 1160 »
859 1107 1029 1177 ἀλλὰ,
1084 1110 1160 1183 μή
1209 1109 1441 1185 ἀπάγου,
1474 1108 1661 1185 φησὶν,
1714 1107 1944 1182 ἀλόγοις

295 1199 519 1272 ὁρμαῖς,
588 1195 728 1271 μηδὲ
762 1200 870 1269 μὴν
917 1203 1035 1260 τοῖς
1086 1195 1401 1261 πολιτικοῖς
1459 1194 1600 1252 ἔθεσι
1660 1196 1950 1251 συνάπτου⁶

299 1288 450 1348 οἶκος
487 1288 598 1357 (23)
638 1286 733 1359 μὲν
790 1288 893 1361 γὰρ
946 1286 1006 1343 ἐκ
1058 1287 1249 1363 γὲνους
1305 1286 1639 1354 συνίσταται,
1670 1284 1863 1349 πόλεις
1896 1282 1955 1339 δὲ

300 1375 352 1448 ἐξ
386 1375 574 1431 οἳκων⁶
608 1375 789 1440 καθὼς
814 1396 906 1430 και
938 1376 965 1431 6
997 1375 1213 1438 Παῦλος
1253 1374 1382 1440 τοὺς
1409 1375 1533 1449 περὶ
1576 1373 1753 1450 γάμον
1782 1374 1955 1449 ἀσχο-

302 1463 607 1538 λουμένους
627 1488 656 1516 ‹‹
678 1464 875 1538 κόσμῳ
905 1463 1146 1535 ἀρέσκειν
1168 1468 1315 1538 »(24)
1340 1459 1464 1541 ἔφη.
1501 1462 1616 1519 [Ιάλ
1628 1486 1671 1517 ιν
1699 1465 1727 1518 6
1754 1462 1956 1538 Κύριός

302 1579 487 1640 φησιν·
519 1585 547 1612 ‹‹
579 1561 642 1617 Ὀ
679 1563 864 1635 γήμας
897 1561 973 1634 μὴ
1025 1556 1360 1617 ἐκϐαλλὲτιιν
1394 1562 1483 1616 καὶ
1520 1562 1548 1615 6
1585 1562 1659 1634 μὴ
1693 1562 1951 1636 γαμήσας

306 1652 383 1724 μὴ
413 1648 655 1725 γαμείτω
685 1654 818 1723 (25)·
857 1672 880 1703 υ
916 1651 944 1704 6
969 1652 1105 1705 κατᾶ
1135 1650 1389 1726 πρόθεσιν
1423 1648 1712 1725 εὖνουχίας
1743 1646 1956 1722 ὁμολο-

300 1742 473 1817 γήσας
509 1740 585 1812 μή
616 1746 813 1814 γῆμαι,
848 1738 1058 1814 ἄγαμος
1087 1737 1409 1812 διαμενέτω.
1436 1740 1797 1816 Ἀμφοτέροις
1826 1741 1955 1815 γοῦν

305 1839 334 1893 6
366 1838 531 1900 αὐτὸς
562 1838 764 1913 Κύριος
797 1833 886 1891 διὰ
909 1841 1006 1891 τοῦ
1036 1839 1321 1915 προφήτου
1352 1835 1574 1892 Ἡσαΐου
1611 1837 1708 1898 τὰς
1754 1835 1957 1890 καταλ-

308 1924 524 1998 λήλους
581 1922 798 1981 δίδωσιν
859 1924 1207 2002 ἐπαγγελίας,
1267 1923 1375 1981 ὧδὲ
1431 1947 1547 1988 πως
1576 1923 1769 2001 λέγων’
1802 1925 1956 1993 «Mi;

311 2015 517 2092 λεγέτω
546 2017 574 2071 6
608 2015 896 2092 εὐνοῦχος,
930 2016 1014 2070 ὅτι
1053 2015 1213 2086 ξύλον
1247 2015 1365 2090 εῗμὶ
1418 2018 1531 2090 (26)
1588 2014 1770 2089 ξηρόν’
1831 2011 1960 2069 τάδε

311 2113 458 2191 λέγει
512 2118 540 2172 6
587 2115 787 2192 Κύριος
842 2121 960 2179 τοῖς
1020 2115 1321 2193 εὐνούχοις
1381 2117 1504 2174 Ἐὰν
1565 2116 1839 2195 φυλάξητε
1891 2115 1959 2170 τὰ

311 2200 554 2261 σάϐϐατα
586 2227 714 2279 μου,
754 2206 844 2260 καὶ
903 2207 1174 2277 ποιήσητε
1224 2205 1397 2262 πάντα
1452 2205 1550 2260 ὅσα
1604 2204 1956 2279 ἐντέλλομαι,

306 2299 471 2357 δώσω
507 2304 636 2377 ὑμῖν
666 2302 836 2359 τόπον
892 2303 1176 2380 κρείττονα
1232 2305 1365 2359 υἱῶν
1419 2303 1506 2359 καὶ
1562 2305 1890 2380 θυγατέρωψ
1925 2327 1957 2356 n

300 2391 365 2447 οὐ
396 2394 499 2468 γὰρ
548 2387 714 2465 μόνον
742 2395 777 2463 ἡ
811 2392 1067 2469 εὐνουχία
1099 2392 1323 2463 δικαιοῖ,
1358 2391 1484 2448 οὐδὲ
1515 2394 1621 2468 μὴν
1648 2394 1711 2449 τὸ
1739 2398 1835 2448 τοῦ
1867 2391 1956 2448 εὖ·

301 2480 513 2558 νοῦχου
547 2477 839 2553 σάϐϐατον,
873 2482 963 2538 ἐὰν
996 2483 1072 2556 μὴ
1132 2485 1340 2558 ποιήσῃ
1398 2483 1493 2546 τὰς
1550 2481 1792 2545 ἐντολάς.
1825 2484 1955 2543 Τοῖς

307 2582 585 2655 γαμήσασι
620 2577 677 2634 δὲ
723 2577 991 2656 ἰπιφέρει,
1020 2579 1116 2633 καὶ
1172 2597 1358 2657 φησιν’
1426 2600 1448 2630 ι
1477 2579 1540 2632 Οἱ
1571 2577 1815 2633 ἐκλεκτοί
1846 2579 1957 2648 (27)

302 2686 417 2740 μου
448 2664 510 2721 o6
570 2666 886 2720 πονὲσουσιν
918 2664 996 2726 εἷς
1052 2665 1231 2735 κενὸν,
1290 2662 1415 2719 οὐδὶ
1468 2665 1954 2732 τεκνοποιήτουσιν

311 2762 391 2825 εἷς
445 2764 682 2836 κατάραν
718 2806 732 2831 ,
820 2761 903 2816 ὅτι
953 2760 1169 2834 σπέρμα
1227 2759 1595 2835 εὐλογημένον
1653 2758 1794 2813 ἐστὶν
1853 2758 1956 2814 ὑπὸ

314 2850 512 2924 Κυρίου
543 2853 673 2922 (28).
711 2873 738 2899 ››
769 2851 863 2921 Τῷ
903 2851 1007 2925 γάρ
1060 2848 1197 2903 κατὰ
1250 2848 1426 2922 Λόγον
1477 2846 1957 2921 τεκνοποισαμὲνῳ

313 2939 405 2993 καὶ
483 2937 957 3011 ἀναθρεψαμὲνῳ,
1016 2936 1106 2992 καὶ
1184 2933 1529 2991 παιδεύσαντι
1604 2937 1656 2991 ἐν
1725 2936 1907 3011 Κυρίῳ
1942 2980 1955 3007 ,

309 3033 550 3109 καθάπερ
580 3033 671 3089 καὶ
700 3037 780 3105 τῷ
810 3032 900 3088 διὰ
946 3039 1046 3102 τῆς
1098 3032 1339 3103 ἀληθοῦς
1369 3034 1733 3108 κατηχήσεως
1761 3035 1955 3110 γεννή-

2058 470 2456 524 occasionem.
2482 470 2686 524 Merito
2712 486 2848 542 ergo
2871 470 3045 525 dicit:
3086 494 3106 520 ι
3143 472 3349 527 Melius
3380 479 3470 527 est
3502 473 3710 529 matri-

2057 557 2261 611 monio
2275 557 2452 629 jungi
2495 574 2673 628 quam
2696 560 2787 612 uri
2806 560 2908 630 (a),
2941 579 2973 612 ι
3004 565 3072 615 ut
3103 582 3129 610 α
3162 561 3251 613 vir
3306 562 3516 617 reddat
3542 563 3711 618 debi-

2058 650 2185 700 tum
2210 646 2400 710 uxori,
2455 652 2514 701 et
2561 664 2711 702 uxor
2748 649 2893 715 viro,
2927 655 2985 704 et
3014 664 3090 703 ne
3144 648 3508 704 frustrentur
3561 651 3713 705 invi-

2057 750 2188 789 cem
2210 736 2287 805 (b)
2311 756 2341 785 »
2374 727 2485 791 hoc
2507 736 2708 792 divino
2741 737 2815 792 ad
2836 738 3282 810 generationem
3306 737 3441 793 dato
3465 738 3712 794 auxilio.

2062 843 2089 875 ι
2119 824 2227 888 Qui
2282 828 2503 893 autem,
2559 826 2862 897 inquiunt,
2921 844 3042 881 non
3094 827 3286 882 oderit
3333 832 3584 899 patrem,
3628 828 3717 882 vel

2060 920 2337 981 matrem,
2371 913 2463 968 vel
2511 930 2781 983 uxorem,
2815 915 2906 971 vel
2934 916 3113 983 ﬁlios,
3147 932 3269 970 non
3303 921 3501 987 potest
3543 932 3719 971 meus

2060 1017 2189 1056 esse
2222 1001 2552 1073 discipulus
2574 1004 2664 1073 (c).
2699 1025 2730 1052 ››
2769 1005 2895 1059 Non
2938 1004 3113 1075 jubet
3160 1004 3355 1059 odisse
3405 1005 3717 1075 proprium

2060 1107 2287 1163 genus:
2324 1112 2352 1141 κ
2387 1093 2622 1147 Honora
2652 1112 2678 1144 ι
2715 1093 2897 1160 enim,
2933 1093 3151 1165 inquit,
3181 1116 3207 1143 «
3242 1099 3475 1165 patrem
3506 1099 3565 1147 et
3592 1110 3717 1148 ma-

2060 1184 2235 1248 trem,
2258 1184 2326 1235 ut
2350 1179 2455 1235 tibi
2472 1180 2846 1252 benesit(d):
2880 1204 2909 1232 ››
2939 1181 3043 1238 sed
3072 1199 3147 1237 ne
3163 1181 3496 1249 abducaris,
3522 1182 3720 1252 inquit

2059 1284 2168 1339 per
2183 1267 2578 1338 appetitiones
2601 1285 2636 1323 a
2657 1269 2888 1324 ratione
2907 1269 3156 1338 alienas,
3181 1270 3285 1325 sed
3307 1285 3504 1341 neque
3530 1269 3719 1324 civili-

2061 1356 2175 1410 bus
2193 1355 2459 1411 moribus
2480 1357 2804 1412 conformis
2828 1358 2955 1414 ﬁas.
2978 1359 3199 1414 Domus
3216 1358 3376 1413 enim
3399 1363 3631 1413 constat
3649 1374 3721 1414 ex

2059 1461 2298 1517 genere,
2332 1448 2596 1504 civitates
2640 1454 2840 1504 autem
2890 1464 2963 1505 ex
2993 1450 3307 1517 domibus;
3336 1449 3720 1521 quemadmo-

2060 1534 2204 1589 dum
2234 1536 2455 1592 Paulus
2477 1555 2716 1609 quoque
2739 1555 2858 1594 eos.
2886 1539 2987 1610 qui
3017 1544 3390 1610 occupantur
3410 1539 3473 1594 in
3506 1538 3716 1593 matri-

2061 1624 2285 1690 monio,
2316 1649 2336 1673 ιι
2362 1627 2586 1682 mundo
2604 1628 2754 1682 dixit
2775 1628 3010 1699 placere
3029 1629 3114 1698 (θ).
3143 1650 3172 1678 ››
3196 1630 3422 1682 Rursus
3446 1627 3722 1682 dicitDo-

2062 1713 2294 1769 minus:
2318 1736 2345 1764 ς(
2369 1715 2478 1779 Qui
2493 1733 2737 1770 uxorem
2760 1717 2948 1785 duxit,
2974 1733 3050 1771 ne
3073 1717 3366 1787 expellat;
3391 1721 3450 1772 et
3473 1716 3574 1785 qui
3599 1731 3721 1770 non

2065 1801 2341 1871 duxit,ne
2361 1802 2538 1858 ducat
2557 1805 2628 1874 (Γ)
2656 1822 2669 1871 ;
2692 1826 2719 1852 ιι
2735 1806 2839 1876 qui
2857 1822 2928 1860 ex
2944 1807 3249 1876 proposito
3267 1804 3559 1860 castitatis
3582 1820 3722 1875 pro-

2066 1889 2260 1946 fessus
2274 1897 2363 1946 est
2378 1908 2625 1947 uxorem
2648 1909 2769 1947 non
2793 1893 3008 1948 ducere
3035 1895 3182 1950 τοι
3220 1899 3461 1948 maneat
3482 1892 3718 1949 caelebs.

2071 1980 2345 2051 Utrisque
2367 1998 2504 2053 ergo
2522 1982 2681 2035 idem
2706 1983 2991 2037 Dominus
3007 1999 3114 2053 per
3132 1983 3485 2054 prOpbetam
3506 1982 3721 2037 Isaiam

2067 2070 2487 2124 convenientes
2534 2069 2637 2125 dat
2683 2071 3113 2141 promissiones
3159 2071 3242 2125 sic
3274 2070 3478 2126 dicens
3515 2086 3527 2123 :
3579 2092 3607 2120 α
3640 2072 3721 2125 Ne

2069 2156 2228 2214 dicat
2257 2159 2602 2213 eunuchus:
2627 2159 2767 2214 Sum
2793 2159 3022 2232 lignum
3045 2159 3279 2214 aridum
3304 2177 3318 2224 ;
3345 2182 3372 2209 »
3398 2159 3526 2214 haec
3561 2159 3722 2213 enim

2069 2246 2211 2301 dicit
2240 2247 2527 2302 Dominus
2559 2248 2848 2302 eunuchis
2875 2264 2889 2301 :
2924 2247 2981 2301 Si
3026 2247 3428 2302 custodieritis
3479 2247 3724 2302 sabbata

2070 2352 2224 2404 mea,
2258 2342 2318 2390 et
2343 2335 2605 2390 feceritis
2645 2352 3016 2405 quaecunque
3041 2335 3344 2405 praecipio,
3370 2335 3522 2389 dabo
3554 2335 3721 2389 vobis

2069 2424 2267 2480 locum
2282 2424 2593 2478 meliorem
2608 2423 2748 2478 tiliis
2770 2429 2828 2477 et
2849 2424 3086 2478 filiabus
3104 2424 3201 2493 (g).
3223 2445 3251 2472 »
3276 2424 3401 2477 Non
3421 2423 3549 2478 sola
3561 2424 3722 2478 enim

2059 2512 2354 2583 justiﬁcat
2377 2512 2636 2572 castitas,
2676 2510 2779 2565 sed
2810 2528 2919 2565 nec
2950 2511 3262 2565 sabbatum
3285 2510 3570 2575 eunuchi,
3604 2512 3721 2566 nisi

2065 2601 2275 2655 fecerit
2295 2598 2592 2654 mandata.
2619 2599 2805 2653 Infert
2824 2606 3024 2655 autem
3042 2599 3137 2663 iis,
3154 2599 3255 2669 qui
3274 2616 3522 2654 uxorem
3547 2600 3724 2655 duxe-

2069 2693 2229 2752 runt,
2247 2694 2306 2741 et
2326 2687 2469 2741 dicit
2488 2703 2501 2742 :
2520 2710 2545 2735 ιι
2563 2687 2747 2741 Electi
2763 2687 2877 2742 mei
2893 2704 3013 2741 non
3028 2687 3382 2742 laborabunt
3399 2688 3459 2742 in
3477 2705 3718 2755 vanum,

2070 2793 2266 2847 neque
2290 2775 2687 2848 procreabunt
2711 2777 2865 2833 filios
2890 2778 2953 2832 in
2977 2778 3614 2848 exsecrationem,quia
3634 2794 3722 2833 se-

2068 2882 2208 2922 men
2230 2872 2321 2921 est
2339 2865 2720 2921 benedictum
2740 2883 2775 2922 a
2791 2867 3042 2923 Domino
3065 2867 3158 2940 (b).
3185 2890 3204 2915 ι
3233 2867 3298 2921 Ei
3321 2866 3613 2938 enim,qui
3638 2883 3724 2922 se-

2070 2955 2332 3012 cundum
2357 2956 2551 3027 Logon
2574 2956 2730 3011 ﬁlios
2753 2957 3085 3028 procreavit
3106 2962 3164 3011 et
3185 2956 3474 3024 educavit,
3502 2961 3560 3010 et
3582 2973 3714 3011 eru-

2069 3045 2245 3100 diviti
2268 3045 2585 3109 nDomino,
2615 3045 2769 3100 sicut
2798 3045 2977 3100 etiam
3009 3045 3082 3111 ei,
3112 3046 3212 3116 qui
3244 3046 3449 3118 genuit
3482 3062 3590 3117 per
3618 3062 3717 3101 ve-

314 3143 508 3192 σαντι,
566 3121 738 3177 κεῖταί
787 3142 871 3185 τις
930 3121 1143 3194 μισθὸς,
1198 3120 1380 3195 ὥσπερ
1437 3123 1529 3177 καὶ
1580 3126 1662 3195 τῷ
1719 3121 1959 3196 ἐκλεκτῷ

2078 3150 2206 3189 ram
2239 3133 2598 3188 catechesim
2621 3139 2679 3188 et
2699 3134 3162 3201 institutionem,
3188 3150 3419 3189 merces
3451 3136 3726 3205 quaedam

312 3219 604 3295 σπέρματι.
639 3218 845 3276 ’Ἄλλοι
878 3217 935 3274 δὲ
966 3243 995 3273 ‹‹
1019 3220 1256 3295 κατάραν
1279 3244 1308 3272 ››
1337 3221 1438 3289 τήν
1470 3216 1789 3275 παιδοπιίαν
1821 3216 1962 3275 ἐκδὲ-

308 3329 524 3385 χονται,
564 3309 655 3364 καὶ
705 3307 767 3364 o6
799 3314 1025 3364 συνιεῖσι
1080 3310 1200 3364 κατ’
1258 3309 1435 3363 αὐτῶν
1495 3307 1715 3363 ἐκείνων
1761 3307 1957 3385 λέγου-

309 3419 404 3453 σαν
430 3399 530 3468 τὴν
567 3398 802 3476 Γραφήν.
854 3399 917 3452 Οἱ
945 3397 1047 3474 γὰρ
1103 3402 1185 3471 τῷ
1241 3394 1357 3453 ὄντι
1414 3401 1510 3452 τοῦ
1563 3397 1770 3472 Κυρίου
1813 3396 1962 3454 ἐκλε-

308 3488 434 3543 κτοὶ
491 3485 553 3540 οὐ
612 3484 1032 3562 δογματίζουσιν
1066 3532 1081 3559 ,
1142 3484 1268 3542 οὐδὲ
1321 3490 1706 3542 τεκνοποιοῢσι
1760 3487 1826 3542 τὰ
1884 3488 1960 3550 εἲς

2072 3228 2161 3278 est
2182 3221 2507 3294 proposita,
2531 3222 2686 3276 sicut
2706 3222 2885 3276 etiam
2909 3221 3096 3277 electo
3121 3223 3357 3277 semini.
3383 3223 3498 3277 Alii
3524 3230 3725 3279 autem

2072 3333 2100 3364 κ
2118 3311 2586 3367 exsecrationem
2600 3331 2627 3360 ››
2642 3309 2706 3374 ›ι‹
2721 3311 3022 3382 accipiunt
3043 3327 3171 3365 esse
3192 3312 3384 3382 ipsam
3400 3311 3724 3367 liberorum

2067 3400 2545 3473 procreationem
2559 3405 2748 3455 etnon
2763 3398 3399 3471 intelliguntadversus
3415 3399 3548 3454 illos
3562 3401 3724 3470 ipsos

2069 3506 2138 3545 ea
2169 3488 2365 3544 dicere
2396 3488 2782 3559 Scripturam.
2811 3488 2918 3553 Qui
2953 3487 3113 3542 enim
3143 3493 3284 3543 sunt
3316 3503 3521 3542 revera
3547 3488 3721 3543 electi

380 3594 445 3659 ιχ(
473 3588 535 3642 P.
561 3589 672 3659 556
698 3587 810 3642 ΕΙ).
845 3588 1137 3654 POTTER,
1169 3586 1245 3658 (a)
1280 3588 1302 3640 Ι
1330 3587 1458 3642 Cor.
1492 3603 1587 3654 vn,
1619 3589 1672 3640 9.
1708 3587 1781 3653 (ὁ)
1811 3587 1959 3643 Ibid.

2077 3589 2130 3642 5.
2162 3588 2229 3656 (ο)
2260 3587 2397 3641 Luc.
2447 3602 2561 3648 xxv,
2594 3588 2683 3641 26.
2746 3586 2821 3655 (d)
2846 3585 3027 3641 Exod.
3060 3602 3156 3653 xx,
3191 3587 3277 3653 i2.
3310 3584 3378 3656 (e)
3409 3585 3433 3638 Ι
3462 3584 3593 3640 Cor.
3622 3601 3720 3652 vn,

311 3657 501 3730 33.”(f)
532 3657 681 3715 Ibid.
716 3661 803 3727 10,
834 3662 918 3714 ll.
952 3659 1027 3729 (g)
1059 3657 1314 3726 Isa.'Lv1,
1343 3659 1432 3724 8i,
1463 3659 1517 3713 5.
1551 3659 1637 3729 (h)
1664 3659 1777 3712 Isa.
1800 3675 1924 3725 va,
1958 3660 2048 3715 23.

384 3756 497 3824 (20)
558 3756 816 3826 Κρεῖττον
868 3758 1063 3829 γαμεῖν
1079 3800 1107 3829 Α.
1183 3758 1445 3827 Κρεῖσσον
1521 3751 1621 3827 γᾶρ
1690 3751 1800 3807 ἐστι
1867 3774 1964 3828 γα-

319 3832 511 3898 μῆσαι,
537 3829 557 3882 Ι
589 3829 719 3883 Cor.
744 3845 839 3893 vn,
869 3827 920 3883 9.
957 3829 1021 3881 In
1052 3827 1145 3891 iis,
1180 3844 1310 3897 quae
1340 3833 1691 3898 sequuntur,
1726 3827 1968 3881 sensum

316 3899 341 3951 Ι
365 3900 494 3955 Cor.
529 3916 627 3967 vn,
658 3901 713 3967 3,
747 3902 801 3966 5,
835 3905 892 3953 et
922 3900 1057 3955 Luc.
1080 3915 1194 3965 xw,
1226 3901 1313 3967 26,
1348 3897 1542 3952 verbis
1571 3898 1814 3969 paulum
1845 3916 1969 3953 mu-

316 3970 474 4037 tatis,
507 3970 764 4026 exhibet.

389 4035 500 4111 (21)
532 4039 646 4106 Τῆς
679 4038 768 4095 διὰ
794 4045 895 4111 τῆς
926 4040 1095 4100 Θείας.
1129 4043 1272 4095 Post
1309 4035 1398 4093 διὰ
1452 4044 1552 4107 τῆς
1613 4037 1759 4102 θείας
1814 4041 1968 4096 desi-

318 4110 561 4184 deratur
591 4110 931 4184 οἰκονομίας,
965 4112 1054 4184 vel
1090 4112 1284 4167 simile
1308 4112 1488 4183 quid;
1520 4117 1623 4166 aut
1649 4112 1968 4184 legendum

318 4179 411 4234 διὰ
436 4185 537 4234 τοῦ
589 4179 931 4247 Θείουίεειι,
964 4179 1054 4236 διὰ
1100 4186 1199 4235 τοῦ
1238 4179 1393 4239 Θεοῦ.
1459 4179 1737 4239 ὃγιΒῦιὶϐῘ
1764 4215 1833 4224 --
1866 4184 1971 4239 Vel

318 4252 707 4309 scribendum
736 4251 902 4320 τῆσδε
930 4260 1030 4320 τῆς
1056 4253 1222 4318 θείας,
1254 4259 1483 4310 mutato
1514 4250 1603 4307 διά
1634 4255 1696 4309 in
1728 4250 1804 4308 δε.

393 4325 502 4399 (2'2)
536 4324 753 4399 Πατέρα
776 4325 874 4399 καῖ
904 4323 1115 4398 μητέρα
1147 4370 1160 4383 .
1215 4324 1320 4380 Τὸν
1374 4323 1581 4399 πατέρα
1628 4345 1724 4380 σου
1754 4323 1845 4380 καὶ
1871 4325 1971 4394 τὴν

320 4394 689 4468 μητερα-σου,
718 4396 900 4468 Exod.

388 4468 501 4536 (23)
531 4466 716 4525 Οἶκος.
752 4467 851 4521 His
912 4466 1104 4522 verbis
1160 4467 1412 4538 probare
1468 4468 1611 4532 vult,
1673 4469 1969 4523 civitatem

316 4538 569 4611 intelligi
628 4539 858 4593 Christo
890 4555 997 4611 per
1028 4559 1056 4589 ι(
1086 4545 1319 4610 patrem
1353 4562 1381 4589 »
1425 4540 1778 4611 etreliquos
1836 4557 1970 4611 pro-

316 4610 619 4735 pinquos;
654 4625 721 4665 ac
768 4610 1018 4681 proinde
1070 4625 1207 4665 eum
1264 4610 1715 4682 prmcipientem
1773 4633 1801 4661 «
1837 4610 1970 4665 adio
2004 4620 2048 4684 D

362 4680 540 4735 abere
572 4688 801 4735 patrem
833 4706 885 4735 ι.
918 4687 1053 4735 etc..
1088 4682 1334 4735 iussisse
1392 4699 1466 4735 ne
1497 4682 1770 4735 civilibus
1829 4699 1970 4735 con-

362 4680 551 4753 abere
572 4680 801 4751 patrem
833 4706 885 4748 ι,
918 4687 1053 4749 etc.,
1079 4680 1334 4753 jussisse
1392 4680 1468 4736 ne
1497 4682 1770 4737 civilibus
1829 4699 1970 4737 con-

320 4752 739 4807 suetudinibus
779 4752 1116 4808 conformes
1147 4770 1435 4809 essemus.

393 4825 504 4896 (211-)
563 4821 770 4896 Κόσμῳ
825 4823 1091 4894 ἀρέσκειν.
1153 4824 1415 4896 Respicit
1470 4825 1494 4877 Ι
1547 4826 1676 4880 Cor.
1731 4841 1829 4896 VII,
1870 4825 1971 4879 33:

316 4893 380 4949 Ὁ
406 4891 472 4947 ’δὲ
514 4891 768 4969 γαμήσας
823 4891 1063 4970 μεριμνᾷ
1103 4896 1170 4949 τὰ
1209 4891 1307 4949 τοῦ
1350 4894 1584 4966 κόσμου,
1625 4898 1746 4956 πῶς
1798 4891 1975 4969 ἀρέσει

316 4961 388 5019 ri
417 4965 651 5019 γυναικί.

314 4986 385 5022 τη
417 4985 626 5022 γυναικί
639 5010 651 5022 .

350 4987 921 5120 ῃᾷἕῇίῗᾟήμᾳς
979 5034 1247 5120 γαμείτω.
1309 5038 1525 5120 Harum
1559 5038 1976 5120 ‘sentatiar‘um

318 5109 486 5180 prior
516 5109 669 5164 sumi
699 5110 893 5180 potuit
920 5109 1055 5164 cum
1083 5127 1154 5164 ex
1182 5109 1534 5181 Evangeliis,
1555 5114 1680 5181 tum
1701 5126 1767 5163 ex
1792 5112 1813 5162 I
1844 5111 1973 5164 Cor.

320 5178 421 5245 vn,
462 5184 528 5235 lO
585 5186 672 5253 ll.
700 5178 817 5235 Sed
874 5181 977 5235 ubi
1010 5182 1135 5235 haec
1164 5178 1385 5235 verba?
1412 5178 1518 5253 Kal
1542 5179 1576 5253 Δὁ
1613 5180 1688 5250 μὴ
1722 5182 1976 5253 γαμήσας

318 5253 398 5323 μή
429 5250 700 5324 γαμείτω.
726 5253 872 5307 dicit
894 5253 1182 5324 Dominus
1196 5252 1507 5324 ?_Respicit
1531 5251 1681 5324 forte
1705 5250 1979 5308 Clemens

320 5320 343 5379 Ῐ
372 5320 632 5389 Ου’ῐίνιι,
666 5325 698 5377 8
731 5340 743 5377 ε
780 5323 938 5395 Λέγω
969 5320 1027 5376 δὲ
1055 5328 1173 5384 τοῖς
1216 5320 1449 5397 ἀγάμοις
1480 5321 1571 5376 καὶ
1600 5328 1717 5382 ταῖς
1751 5325 1977 5414 χήραις,

321 5413 325 5414 ,
364 5391 412 5414 ,,‘
435 5395 447 5411 ἶ
587 5393 599 5411 ’
678 5399 702 5410 η’
793 5392 806 5414 Ἰ
986 5393 1031 5414 ’κ
1210 5393 1220 5414 Ι
1452 5393 1477 5414 (Ι
1706 5394 1716 5413 Ι
1959 5397 1974 5414 ι

317 5391 487 5469 καλρν
542 5393 731 5469 αὐτοῖς
790 5391 930 5448 ἐστιν
978 5393 1068 5469 ,ἐὰν
1133 5391 1384 5469 μείνωσιν
1440 5393 1623 5469 ὥσπερ
1655 5391 1844 5469 κάγὼ,
1887 5397 1980 5451 vel

317 5467 515 5538 potius
548 5468 750 5521 Matth.
784 5484 906 5538 ylx,
967 5467 1058 5538 12,
1118 5467 1259 5538 quia
1316 5488 1343 5517 ιι
1378 5467 1614 5522 Domini
1646 5468 1823 5523 verba
1853 5489 1881 5518 »
1916 5484 1979 5522 se

318 5536 569 5593 recitare
602 5538 766 5592 dicit.

534 5606 686 5684 Είμί,
719 5607 1223 5684 Ἐγῴῂείμιιξῃρὸν⁵
1256 5605 1386 5684 τάδρ
1431 5605 1576 5684 λέγω
1627 5607 1828 5684 Κύριος
1859 5611 1978 5684 τοῖς

324 5673 629 5755 εὐνοιξλγοις·
662 5673 909 5755 ’ᾨσοὶᾳᾶν
935 5673 1280 5755 ῂυλᾶξωνςιαι
1316 5680 1383 5755 τᾲ
1430 5673 1675 5733 σάϐϐατα
1711 5673 1855 5755 ¹μου,
1885 5679 1974 5755 καὶ

323 5745 655 5817 ἆκλὲξὼνται
684 5749 719 5805 ἂ
746 5749 853 5825 ἐγὼ
895 5745 1061 5820 θέλω,
1095 5745 1202 5805 καὶ
1257 5750 1578 5824 ἀντέχονται
1633 5745 1739 5821 τῆς
1789 5745 1979 5821 διαθή-

2073 3770 2176 3822 κης
2207 3771 2335 3824 μου,
2367 3748 2527 3824 δώσω
2549 3750 2747 3824 ,αὐτοῖς
2779 3749 2831 3824 ἐν
2861 3755 2942 3824 τῷ
2973 3749 3109 3824 οἴκῳ
3143 3772 3269 3824 μου,
3303 3751 3395 3806 καὶ
3422 3750 3480 3824 ,ἐν
3508 3756 3586 3822 τῷ
3612 3749 3722 3824 τεῖ-

2076 3842 2165 3899 χει
2197 3822 2304 3899 μου
2332 3823 2499 3877 τόπον
2537 3822 2865 3899 ονομαστὸν,
2897 3822 3127 3897 κρείττω
3146 3822 3290 3877 υἱῶν
3347 3822 3437 3878 καὶ
3496 3822 3722 3896 θυγατὲ-

2077 3915 2206 3971 ρων.
2241 3898 2353 3971 ΙειιΖ
2385 3912 2495 3971 L_v1_,
2528 3898 2579 3962 3,
2612 3899 2665 3971 4,
2709 3899 2759 3971 5.

2147 3971 2260 4036 (27)
2291 3966 2360 4021 Οἱ
2413 3963 2680 4036 ἐκλεκτοί.
2740 3966 2810 4021 Οἳ
2862 3963 3110 4019 ἐκλεκτοί
3147 3984 3251 4036 μου
3310 3963 3372 4018 o6
3426 3964 3726 4036 κοπιάσου-

2075 4034 2165 4092 σιν
2192 4034 2270 4098 εἷς
2299 4038 2478 4099 κενὸν,
2511 4035 2638 4091 οὐδὲ
2679 4034 3163 4105 τεκνοποιήσουσιν
3198 4036 3273 4095 εἰς
3304 4034 3561 4109 κατάραν.
3614 4038 3722 4092 Isa.

2079 4128 2201 4173 va,
2226 4114 2327 4165 23:
2355 4133 2380 4160 «
2406 4110 2587 4165 Electi
2609 4110 2727 4164 mei
2748 4127 2869 4164 non
2894 4109 3252 4165 laborabunt
3271 4109 3507 4164 frustra.
3530 4124 3725 4177 neque

2077 4182 2448 4255 generabunt
2469 4183 2530 4235 in
2550 4182 3134 4255 conturbationem,»
3157 4180 3327 4255 Apud
3349 4181 3411 4234 D.
3438 4180 3726 4249 Hierony-

2078 4252 2242 4309 mum
2270 4269 2283 4306 :
2316 4276 2341 4302 (ε
2378 4253 2561 4307 Electi
2586 4254 2699 4308 mei
2722 4269 2842 4307 non
2866 4252 3223 4307 laborabunt
3244 4252 3305 4305 in
3348 4267 3587 4317 vanum,
3619 4267 3726 4304 ne-

2079 4342 2194 4396 que
2229 4323 2381 4378 filios
2411 4324 2779 4396 generabunt
2804 4325 2863 4378 in
2890 4323 3445 4396 maledictionem._»
3480 4322 3593 4396 Sed
3614 4319 3731 4375 tol-

2076 4392 2255 4451 lenda
2272 4392 2502 4449 videtur
2525 4396 2861 4450 disctinctio
2884 4396 3007 4463 illa,
3032 4400 3166 4465 post
3189 4417 3209 4442 ι
3243 4394 3417 4448 electi
3440 4392 3581 4459 mei,
3613 4414 3640 4442 »
3666 4396 3733 4446 ut

2078 4467 2392 4523 conveniat
2411 4483 2545 4521 cum
2567 4468 2765 4521 Graeco
2792 4464 3141 4521 LXX.Po’rro
3165 4464 3325 4535 quod
3351 4466 3412 4519 in
3431 4479 3729 4535 commen-

2078 4538 2229 4594 tario
2263 4537 2560 4608 duplicem
2590 4537 2910 4592 lectionem
2931 4538 3164 4592 videtur
3184 4534 3537 4608 agnoscere,
3590 4534 3731 4608 dum

2080 4606 2443 4680 exponitwin
2498 4609 2854 4680 praecedenti
2909 4625 3078 4663 versu
3122 4649 3136 4674 ,
3197 4606 3253 4657 ‹‹⁷
3285 4609 3477 4680 Opera
3527 4606 3732 4677 populi

2081 4679 2185 4736 Dei
2216 4685 2619 4746 veterascent;
2655 4703 2682 4729 ››
2715 4685 2807 4735 et:
2834 4702 2862 4730 «
2886 4682 3267 4734 Veterascere
3288 4679 3517 4733 faciunt
3540 4694 3564 4743 ;-
3584 4697 3608 4728 ι
3633 4684 3693 4731 et
3717 4692 3731 4730 :

2083 4774 2111 4803 α
2145 4752 2335 4822 Opera
2356 4751 2559 4822 populi
2588 4751 2685 4805 Dei
2710 4767 2832 4805 non
2854 4757 3244 4812 veterascent.
3269 4749 3557 4822 boctueri
3577 4749 3735 4822 vide-

2085 4814 2208 4908 tur,
2228 4814 2387 4910 quod
2408 4814 2659 4911 legimus
2690 4823 2847 4911 apud
2875 4822 3227 4911 Procopium
3249 4838 3261 4875 :
3281 4820 3377 4911 ~'I‘g‘z
3392 4814 3545 4910 ἔργα,
3577 4817 3736 4909 φήσὶ,

2082 4897 2191 4962 τῶν
2223 4888 2616 4962 πόνων-αὖτῶν
2650 4888 3181 4962 οἶπαλαιώσου-σιν,
3215 4888 3556 4962 1061:7366»
3591 4888 3734 4962 ’ἆμεέ

2084 4960 2361 5028 τάϐλτ,τον
2404 4959 2584 5035 ἕξουσι
2630 4965 2728 5031 τὴν
2780 4968 2888 5018 τῶν
2950 4961 3267 5032 παρακτέων
3302 4959 3445 5017 636w
3480 4959 3738 5035 quodex

2087 5037 2305 5108 Cyrillo
2334 5037 2566 5091 videtur
2596 5053 2747 5096 esse.
2772 5037 2941 5108 cujus
2964 5037 3259 5107 interpres
3280 5037 3460 5091 habet
3487 5054 3500 5103 ;
3526 5057 3560 5108 ra
3596 5036 3738 5089 Cur-

2090 5107 2227 5181 sum,
2252 5109 2314 5162 in
2345 5108 2523 5164 rebus
2553 5109 2831 5181 gerendis
2852 5107 3157 5181 habebunt
3181 5115 3407 5163 certum
3430 5114 3491 5181 et
3519 5107 3738 5160 immu-

2089 5180 2353 5236 tabilem.
2394 5202 2420 5228 »
2451 5179 2613 5235 Idem
2647 5182 2825 5235 etiam
2857 5179 3062 5233 vertit:
3089 5202 3115 5228 ‹‹
3148 5181 3349 5250 Neque
3381 5179 3738 5250 tilios‘gene-

2089 5252 2308 5307 rabunt
2336 5251 2409 5306 ad
2442 5253 2893 5307 detestationem
2924 5267 2936 5317 ;
2972 5272 3000 5299 ››
3033 5250 3190 5321 quod
3217 5245 3480 5321 quidem,
3508 5245 3584 5306 εἰξ
3610 5245 3738 5321 ἀνρ-

2088 5321 2334 5391 παρξίαν,
2368 5322 2427 5378 h.
2472 5342 2522 5378 e.
2557 5347 2583 5372 «
2628 5330 2693 5378 ut
2726 5340 2853 5378 esse
2885 5315 3196 5382 desistant,
3234 5315 3256 5371 Β
3301 5328 3359 5375 et
3388 5322 3566 5391 linem
3600 5315 3742 5370 sub-

2091 5390 2321 5469 stantiae
2353 5411 2474 5449 suae
2505 5395 2781 5469 habeant.
2819 5393 2929 5469 ξοά
2965 5393 3090 5448 haec
3111 5390 3466 5469 de_spiritali
3495 5401 3741 5469 genera-

2091 5466 2706 5540 tione‘interpretatur
2735 5466 3038 5540 H.-I_)intu_s
3063 5482 3076 5527 ;
3099 5486 3139 5540 _«
3172 5460 3531 5540 deinaturali
3563 5460 3741 5511 etiam

2090 5537 2279 5609 accipi
2308 5533 2480 5609 posse
2502 5543 2694 5609 putat,
2723 5536 2991 5609 scribens
3006 5536 3070 5589 in
3099 5533 3334 5609 Isaiam,
3356 5533 3537 5609 cujus
3554 5542 3743 5598 expo-

2092 5601 2369 5663 sitio'nein
2392 5608 2488 5662 hic
2502 5601 2838 5663 Clementis
2866 5607 3033 5661 locns
3055 5603 3389 5659 confirmat.
3424 5601 3452 5651 ἡ
3474 5601 3744 5656 COLLRC'I‘.

2161 5681 2276 5751 (28)
2311 5678 2488 5733 Ἐστὶν
2521 5679 2629 5734 ὐπὸ
2662 5677 2883 5752 Κυρίου.
2914 5674 3046 5729 Ὑπὸ
3076 5676 3211 5729 Θεοῦ
3240 5671 3376 5743 ἐστι,
3407 5675 3520 5731 Isa.
