4034 6148
340 226 480 283 1199

1582 230 1991 287 CLBMBN'HB
2024 227 2529 285 ALEXANDle

3614 237 3762 293 1200

335 351 600 417 Domini,
631 368 752 420 non
784 351 1058 423 dogmata
1085 350 1437 418 decernunt,
1470 370 1581 408 nec
1612 353 1767 409 filios
1793 352 1959 425 progi

2104 348 2361 425 κατάραν,
2412 349 2593 425 ὥσπερ
2624 349 2681 404 αἱ
2712 348 2967 423 αἱρέσεις.
3017 351 3304 427 Εὖνοῦχος
3354 353 3558 423 τοίνυν,
3589 357 3699 434 οὐχ
3728 359 3760 414 6

331 441 657 513 gnunt.qui
682 446 820 495 sunt
853 440 927 494 ad
950 441 1439 507 exsecrationem,
1473 448 1539 496 ut
1572 443 1849 497 haereses.
1874 444 1986 496 Eu-

330 531 565 585 nuchus
588 546 744 600 ergo,
777 545 897 583 non
922 530 1023 598 qui
1052 545 1156 599 per
1174 530 1290 583 vim
1313 530 1539 587 excisas
1564 531 1742 586 habet
1765 536 1984 602 partes,

332 620 436 675 sed
464 635 574 673 nec
597 618 697 688 qui
730 617 946 673 caelebs
972 624 1080 682 est,
1116 617 1307 673 dictus
1339 626 1447 687 est,
1482 620 1585 675 sed
1617 621 1718 691 qui
1746 637 1865 674 non
1895 620 1986 692 gi-

330 708 457 780 gnit
485 707 815 762 veritatem.
854 707 1100 779 Lignum
1157 708 1254 763 hic
1312 710 1479 780 prius
1537 717 1663 765 erat
1714 709 1982 776 aridum;

332 795 381 850 si
413 802 615 850 autem
646 796 796 868 Logo
842 796 1157 864 obedierit,
1218 804 1277 852 et
1333 798 1580 854 sabbata
1635 798 1987 853 custodierit

328 901 437 956 per
451 884 875 941 abstinentiam
893 902 927 940 a
943 887 1223 957 peccatis,
1248 893 1308 941 et
1326 887 1535 942 fecerit
1551 888 1848 954 mandata,
1873 888 1987 942 erit

330 974 739 1030 honorabilior
769 976 865 1044 iis,
893 978 995 1047 qui
1016 977 1240 1047 absque
1272 979 1584 1033 rectavitaa
1607 979 1983 1032 institutione

332 1061 458 1117 solo
473 1079 749 1117 sermone
769 1063 1143 1118 erudiuntur.
1170 1086 1196 1112 ‹‹
1227 1063 1443 1133 Filioli,
1467 1064 1768 1119 modicum
1790 1065 1983 1120 adhuc

331 1168 464 1206 sum
489 1151 791 1208 vobiscum
818 1156 913 1222 (a),
938 1175 966 1202 »
989 1153 1190 1224 inquit
1213 1154 1508 1225 Magister.
1542 1155 1732 1218 Quare
1763 1153 1982 1209 Paulus

328 1256 564 1312 quoque
582 1241 850 1298 scribens
867 1242 943 1297 ad
960 1242 1214 1308 Galatas,
1233 1242 1404 1297 dicit:
1426 1264 1453 1293 ‹‹
1469 1242 1660 1297 Filioli
1674 1242 1814 1310 mei,
1831 1259 1980 1313 quos

325 1329 543 1385 iterum
598 1331 885 1402 parturio,
918 1331 1107 1386 donec
1155 1331 1447 1386 formetur
1496 1333 1559 1386 in
1617 1332 1779 1387 vobis
1811 1332 1979 1386 Chri-

325 1424 452 1474 stus
468 1419 566 1489 (b).
592 1442 622 1469 ››
646 1421 870 1475 Rursus
898 1420 973 1475 ad
997 1421 1333 1476 Corinthios
1358 1421 1624 1476 scribens
1648 1437 1661 1474 :
1687 1442 1715 1471 «
1737 1421 1793 1475 Si
1816 1421 1978 1475 enim

324 1506 525 1563 decies
568 1508 733 1563 mille
781 1510 1152 1582 paedagogos,
1188 1532 1216 1561 »
1266 1511 1482 1581 inquit,
1538 1534 1564 1561 «
1603 1511 1869 1565 habeatis
1916 1510 1978 1564 in

322 1597 576 1665 Christo,
611 1598 715 1653 sed
746 1615 867 1653 non
899 1599 1118 1653 multos
1158 1605 1375 1671 patres.
1426 1602 1493 1654 In
1525 1600 1756 1655 Christo
1815 1600 1975 1654 enim

2103 439 2621 512 κατηναγκασμένος
2673 439 2742 493 τὰ
2796 439 2961 513 μόρια
2996 483 3010 509 ,
3065 437 3193 495 οὐδὲ
3254 443 3363 515 μὴν
3422 444 3452 498 6
3504 442 3757 522 ἄγαμος,

2101 525 2339 603 εἴρηται,
2372 523 2500 583 ἀλλ’
2533 529 2561 582 ὁ
2584 523 2779 603 ἄγονος
2824 526 3111 598 ἀληθείας.
3141 527 3327 585 Ξύλον
3378 532 3541 596 οὗτος
3590 535 3750 610 ξηρὸν

2099 618 2164 684 ἦν
2197 616 2486 691 πρότερον
2549 616 2857 679 ὑπακούσας
2912 614 2969 672 Si
3016 616 3094 691 τῷ
3126 620 3313 694 Λόγῳ,
3366 623 3457 676 καὶ
3516 622 3753 698 φυλάξας

2096 704 2163 760 τὰ
2194 700 2438 760 σάϐϐατα
2466 705 2606 760 κατὰ
2658 706 2873 780 ἀκοχήν
2931 709 3371 782 ἁμαρτημάτων,
3403 710 3494 765 καὶ
3522 716 3752 783 ποιήσας

2095 796 2190 856 τὰς
2237 795 2481 868 ἐντολὰς,
2523 796 2873 870 ἐντιμότερος
2930 794 3076 852 ἔσται
3131 803 3242 853 τῶν
3293 799 3418 855 ἄνευ
3475 801 3754 868 πολιτείας

2099 883 2269 959 ὀρθῆς
2322 882 2477 959 λόγῳ
2535 885 2689 958 μόνῳ
2745 884 3183 959 παιδευομένων.
3245 912 3269 941 ιι
3303 890 3501 946 Τεκνία
3559 894 3752 965 (29),»

2096 972 2281 1049 φησὶν,
2320 995 2347 1022 ‹‹
2378 970 2564 1046 ὀλίγον
2595 970 2674 1027 ἔτι
2707 975 2822 1045 μεθ’
2871 973 3025 1045 ὑμῶν
3082 974 3223 1047 εἰμι,
3255 998 3285 1026 υ
3333 977 3363 1029 ὁ
3394 973 3752 1040 Διδάσκαλος.

2097 1060 2189 1115 Διὸ
2220 1060 2311 1115 καὶ
2340 1059 2587 1131 Παῦλος,
2623 1061 2721 1116 Γα)
2738 1062 2890 1123 άταις
2922 1061 3287 1132 ἐπιστέλλων,
3320 1064 3474 1140 φησί·
3509 1090 3537 1117 ιι
3560 1068 3753 1122 Τεκνία

2101 1168 2231 1223 μου,
2266 1149 2358 1213 οὓς
2391 1149 2558 1205 πάλιν
2600 1147 2807 1218 ὠδίνω,
2837 1151 3000 1225 ἄχρις
3032 1152 3099 1205 οὗ
3132 1157 3403 1231 μορφωθῇ
3433 1156 3664 1229 Χριστὸς
3697 1155 3749 1212 έν

2100 1240 2251 1312 ὑμῖν.
2285 1263 2313 1291 ››
2366 1238 2538 1294 Πάλιν
2568 1260 2628 1293 τε
2673 1240 2737 1294 αὗ
2768 1240 3080 1309 Κορινθίοις
3129 1242 3381 1316 γράφων,
3434 1267 3462 1295 ‹‹
3493 1244 3614 1299 Ἐὰν
3647 1245 3747 1320 γὰρ

2099 1327 2326 1403 μυρίους
2386 1325 2767 1404 παιδαγωγοὺς
2840 1322 3010 1403 ἔχητε
3064 1327 3117 1384 έν
3171 1336 3397 1404 Χριστῷ
3429 1376 3442 1399 ,
3480 1356 3501 1384 ι
3557 1333 3749 1409 λέγει,

2096 1440 2123 1469 ‹‹
2156 1415 2285 1472 ἀλλ’
2316 1417 2379 1471 οὗ
2405 1415 2658 1479 πολλοὺς
2687 1416 2923 1492 πατέρας
2950 1438 2961 1450 ·
2998 1418 3050 1473 ἐν
3078 1420 3180 1493 γὰρ
3229 1418 3449 1495 Χριστῷ
3497 1424 3608 1496 (30)
3660 1421 3752 1478 διὰ

2090 1509 2190 1560 τοῦ
2247 1503 2585 1581 Εὐαγγελίου
2654 1504 2764 1580 ἐγὼ
2827 1506 2965 1578 ὑμᾶς
3024 1506 3306 1581 ἐγέννησα.
3341 1532 3371 1560 υ
3431 1510 3529 1564 Διὰ
3580 1515 3747 1565 τοῦτο

2094 1620 2122 1647 ‹‹
2184 1594 2284 1649 οὐκ
2342 1594 2700 1649 εἰσελεύσεται
2756 1594 3018 1670 εὐνοῦχος
3079 1599 3193 1669 (31)
3270 1597 3348 1660 εἷς
3418 1599 3749 1669 Ἐκκλησίαν

318 1703 428 1758 per
443 1688 824 1759 Evangelium
848 1704 951 1760 ego
974 1706 1075 1744 vos
1096 1690 1272 1758 genui
1298 1691 1387 1761 (ε).
1413 1711 1442 1738 ››
1466 1692 1785 1760 Pr0pterea
1809 1711 1836 1739 ι(
1856 1704 1960 1743 nor

2094 1687 2249 1754 Θεοῦ,
2280 1708 2307 1735 ››
2340 1685 2368 1738 ὁ
2399 1680 2597 1757 ἄγονος
2626 1683 2716 1738 καὶ
2747 1680 2990 1758 ἄκαρπος
3020 1684 3110 1739 καὶ
3141 1684 3396 1757 πολιτείᾳ
3424 1689 3514 1742 καὶ
3564 1687 3736 1763 λόγῳ·

321 1775 692 1848 ingrediatur
713 1778 1026 1832 eunuchus
1044 1778 1105 1832 in
1122 1779 1447 1834 Ecclesiam
1469 1778 1568 1833 Dei
1597 1779 1696 1848 (ἀ),
1714 1800 1743 1829 ››
1767 1778 1960 1848 quies

2088 1771 2214 1828 ἀλλ’
2252 1794 2274 1823 ι
2309 1773 2360 1826 οἱ
2394 1796 2421 1823 ››
2457 1773 2552 1844 μὲν
2582 1796 2609 1824 ‹‹
2643 1770 3052 1848 εὖνουχίσαντες
3085 1773 3306 1837 ἑαυτοὺς
3342 1800 3369 1826 ››
3426 1776 3531 1831 ἀπὸ
3559 1780 3746 1848 πάσης

321 1865 565 1933 sterilis,
599 1871 658 1920 et
678 1882 800 1920 non
824 1866 941 1921 fert
958 1866 1238 1934 fructum,
1273 1884 1382 1922 nec
1413 1868 1543 1921 vitae
1577 1867 1973 1935 institutione,

320 1968 433 2008 nec
467 1968 762 2009 sermone.
797 1954 910 2009 Sed
936 1975 960 2006 ι
987 1954 1088 2025 qui
1113 1971 1175 2009 se
1202 1979 1221 2003 -
1255 1955 1498 2025 quidem
1530 1977 1557 2003 ‹‹
1579 1960 1919 2010 castrarunt
1947 1976 1976 2004 »

2088 1861 2355 1935 ἁμαρτίας
2384 1885 2412 1913 ‹‹
2448 1859 2538 1915 διὰ
2565 1863 2667 1930 τὴν
2708 1861 2989 1936 βασιλείαν
3037 1863 3148 1917 τῶν
3190 1864 3461 1939 οὐρανῶν,
3492 1888 3520 1917 »ι
3560 1866 3751 1939 μακά-

2088 1971 2197 2024 ριοι
2231 1951 2381 2005 οὗτοί
2415 1948 2572 2015 εἰσιν,
2604 1950 2658 2005 οἱ
2685 1954 2785 2004 τοῦ
2814 1950 3024 2023 κόσμου
3054 1952 3438 2021 νηστεύοντες.

321 2040 395 2096 ab
429 2042 593 2097 omni
624 2047 866 2115 peccato
894 2064 921 2093 α
957 2047 1200 2115 propter
1228 2058 1477 2114 regnum
1509 2043 1793 2097 cmlorum
1816 2044 1906 2114 (θ),
1941 2064 1971 2093 ››
1997 2042 2039 2096 ii
2073 2047 2214 2097 sunt
2242 2041 2423 2107 beati,
2456 2040 2557 2111 qui
2588 2056 2623 2095 a
2651 2040 2876 2096 mundo
2900 2041 3204 2114 jejunant.

1818 2188 2049 2243 CAPUT
2086 2188 2209 2242 XVI
2232 2230 2245 2243 .

1036 2287 1235 2341 Jerem.
1267 2302 1364 2353 xx,
1399 2287 1503 2353 14;
1535 2286 1657 2340 Job.
1691 2302 1804 2354 XIV,
1832 2287 1897 2353 3;
1928 2285 2077 2341 Psal.
2119 2302 2172 2340 L.
2206 2288 2275 2351 5;
2325 2286 2357 2340 Ι
2383 2286 2504 2340 Cor.
2538 2302 2615 2351 ix,
2647 2286 2738 2354 27,
2773 2287 3021 2356 imponit.

389 2431 417 2459 «
442 2409 817 2466 Exsecranda
848 2430 877 2459 »
910 2415 1110 2466 autem
1142 2431 1171 2460 ‹‹
1204 2410 1333 2465 dies
1363 2410 1425 2464 in
1457 2426 1575 2481 qua
1604 2415 1779 2465 natus
1817 2426 1971 2477 sum,

318 2504 380 2554 et
406 2502 473 2552 ut
497 2514 620 2553 non
645 2500 723 2554 sit
749 2499 1008 2571 optanda
1047 2500 1139 2569 (Γ),
1174 2521 1203 2549 ››
1248 2499 1444 2569 inquit
1491 2500 1815 2555 Jeremias:
1850 2515 1974 2554 non

316 2586 585 2642 absolute
598 2588 1021 2643 exsecrandam
1036 2588 1241 2643 dicens
1261 2589 1727 2660 generationem,
1747 2588 1851 2643 sed
1865 2605 1969 2659 po-

314 2674 443 2747 puli
465 2683 706 2748 peccata
727 2694 880 2750 agre
900 2677 1099 2731 ferens
1122 2683 1181 2732 et
1202 2677 1687 2733 inobedientiam.
1716 2677 1968 2748 Subjun-

315 2764 403 2835 git
430 2764 632 2836 itaque
667 2782 681 2820 :
721 2784 742 2813 ι
772 2767 889 2820 Cur
918 2766 1078 2821 enim
1129 2771 1304 2821 natus
1336 2783 1469 2821 sum
1499 2772 1565 2820 ut
1588 2766 1849 2821 viderem
1884 2766 1969 2821 la-

314 2851 489 2908 bores
511 2860 569 2908 et
586 2854 840 2920 dolores,
871 2860 931 2908 et
950 2854 1012 2908 in
1034 2860 1318 2926 perpetuo
1340 2855 1558 2927 probro
1578 2855 1821 2911 fuerunt
1842 2854 1969 2910 dies

317 2944 437 2997 mei
457 2943 574 3014 (g)?
599 2966 618 2992 ο
648 2943 800 3007 Quin
825 2943 1004 2999 etiam
1028 2960 1256 3012 omnes,
1282 2946 1382 3015 qui
1403 2945 1807 3016 praedicabant
1827 2945 1971 2999 veri-

317 3037 501 3088 tatem
540 3038 784 3105 prOpter
815 3049 1041 3101 eorum,
1084 3035 1184 3105 qui
1237 3034 1580 3103 audiebant,
1619 3035 1964 3090 inobedien-

2154 2432 2183 2459 «
2214 2406 2639 2479 Ἐπικατάρατος
2702 2406 2761 2462 δὲ
2815 2410 2850 2478 ἠ
2908 2409 3091 2483 ἡμέρα
3148 2409 3200 2464 έν
3257 2409 3294 2485 ᾖ
3330 2408 3584 2487 έτέχθην·
3637 2419 3744 2474 καὶ

2084 2497 2162 2569 μὴ
2194 2495 2332 2552 ἔστω
2388 2495 2648 2552 έπευκτέα
2700 2499 2835 2570 (32),
2865 2520 2892 2548 »
2925 2498 2953 2552 6
2983 2498 3249 2572 Ἱερεμίας
3278 2501 3463 2578 φησίνο
3519 2499 3582 2555 οὗ
3635 2502 3743 2571 τήν

2080 2585 2289 2662 γένεσιν
2321 2584 2513 2649 ἁπλῶς
2559 2585 2950 2661 έπικατάρατον
3000 2585 3201 2662 λέγων,
3235 2587 3380 2644 ’ἀλλ’
3428 2587 3741 2645 ἀποδυσπε-

2077 2679 2185 2728 τῶν
2216 2674 2303 2729 ἐπὶ
2333 2679 2451 2736 τοῖς
2492 2675 2852 2750 ἁμαρτήμασι
2901 2677 2999 2729 τοῦ
3056 2674 3195 2730 λαοῦ
3247 2677 3338 2730 καί
3367 2679 3437 2750 τῇ
3472 2676 3740 2749 ἀπειθείᾳ·

2078 2764 2321 2839 ἐπιφέρει
2381 2766 2533 2838 γοῦν·
2591 2787 2619 2815 ‹‹
2675 2763 2773 2817 Διά
2824 2764 2877 2818 τί
2933 2763 3035 2838 γὰρ
3092 2763 3388 2835 ἐγεννήθην
3446 2770 3582 2838 (33),
3639 2769 3741 2821 τοῦ

2082 2852 2304 2929 βλέπειν
2363 2852 2569 2914 κόπους
2624 2852 2714 2906 καὶ
2775 2850 2998 2923 πόνους,
3056 2852 3147 2907 καὶ
3208 2850 3513 2909 διετέλεσαν
3545 2852 3596 2909 ὲν
3652 2853 3744 2910 αἱ-

2078 2940 2255 3017 σχύνῃ
2290 2941 2344 2996 αἱ
2378 2941 2581 3016 ἡμέραι
2618 2962 2721 3014 μου
2756 2961 2769 3011 ;
2804 2964 2832 2993 ››
2864 2940 3071 2999 Αὐτίκα
3100 2938 3293 3005 πάντες
3342 2943 3399 2996 οἳ
3429 2942 3737 3018 κηρύσσον-

2076 3051 2165 3092 τες
2193 3033 2291 3100 τήν
2322 3029 2613 3101 ἀληθειαν,
2646 3028 2734 3084 διὰ
2780 3029 2880 3098 τὴν
2910 3029 3183 3085 ἀπείθειαν
3231 3035 3341 3103 τῷν
3399 3032 3733 3104 ἀκουόντων,

310 3120 477 3189 tiam,
500 3123 921 3192 quaerebantur
939 3123 1013 3178 ad
1035 3140 1291 3195 poenam,
1319 3130 1379 3179 et
1398 3124 1712 3179 veniebant
1728 3125 1789 3178 in
1804 3124 1958 3195 peri-

314 3209 503 3232 Δ..1....
625 3213 734 3232 Π--α
766 3213 911 3232 __r__
953 3229 1063 3232 _-,_
1105 3213 1211 3232 n__!x
1261 3219 1429 3232 _1_,,,,
1476 3214 1630 3232 ,,,n,°
1692 3230 1829 3232 ,A-__,
1876 3229 1924 3232 _-

2076 3116 2369 3173 ἐδιώκοντό
2398 3139 2458 3174 τε
2482 3119 2568 3173 καὶ
2602 3115 2960 3174 ἐκινδύνευον.
3018 3142 3043 3173 α
3079 3119 3180 3173 Διὰ
3221 3118 3275 3174 τί
3304 3121 3407 3196 γὰρ
3462 3120 3562 3176 οὐκ
3619 3119 3737 3196 ἐγέ-

2076 3228 2183 3232 μ---
2227 3211 2335 3232 Ιαιὶ
2367 3210 2394 3232 ,ί
2440 3210 2618 3232 i-_l_-__
2653 3210 2749 3232 -.ῬΑ
2786 3206 2992 3232 μ--.--Ῑ-
3033 3229 3126 3232 ,A-..
3167 3211 3295 3232 -1”-
3321 3230 3332 3232 μ
3388 3210 3410 3228 π
3458 3231 3475 3232 η
3568 3211 3583 3232 ἱ
3626 3207 3676 3232 ﬂ
3713 3230 3721 3232 _

309 3209 530 3267 culum.
562 3234 591 3261 ‹‹
622 3213 739 3268 Cur
757 3213 921 3267 enim
952 3229 1074 3268 non
1104 3213 1217 3267 fuit
1237 3219 1441 3268 uterus
1460 3214 1667 3269 matris
1689 3230 1837 3268 mete
1870 3229 1960 3268 se-

2075 3228 2190 3263 νετο
2225 3211 2336 3280 (34)
2366 3210 2401 3277 ἡ
2437 3210 2621 3282 μήτρα
2649 3210 2749 3276 τῆς
2783 3206 2993 3282 μητρός
3028 3229 3135 3281 μου
3162 3211 3359 3287 τάφος,
3388 3210 3480 3265 ἳνα
3513 3211 3591 3284 μὴ
3626 3207 3728 3264 ἴδω

306 3298 601 3370 pulcrum,
626 3319 701 3357 ne
723 3303 983 3357 viderem
1005 3302 1392 3358 afﬂictionem
1414 3303 1588 3358 Jacob
1607 3308 1665 3357 et
1692 3302 1960 3357 laborem

2075 3298 2160 3353 τὸν
2198 3297 2409 3372 μόχθον
2440 3300 2536 3351 τοῦ
2560 3291 2776 3367 Ἰακὼϐ,
2807 3296 2897 3351 καὶ
2926 3297 3019 3352 τὸν
3059 3297 3232 3353 κόπον
3262 3302 3360 3354 τοῦ
3403 3296 3590 3376 γένους
3624 3300 3731 3355 Ἰσ-

305 3393 540 3467 generis
558 3393 740 3449 Israel
755 3394 874 3465 (h)?
896 3415 923 3443 »
942 3395 1025 3448 ait
1044 3392 1260 3448 Esdras
1274 3395 1584 3464 propheta.
1606 3415 1633 3443 «
1649 3392 1858 3447 Nullus
1872 3396 1960 3447 est

2075 3386 2215 3461 ραήλ
2249 3405 2264 3456 ;
2297 3410 2325 3439 ››
2358 3383 2588 3461 Ἔσδρας
2617 3387 2645 3440 6
2676 3387 2966 3464 προφήτης
3000 3385 3169 3462 λέγει.
3205 3409 3227 3438 ε
3255 3385 3450 3451 Οὐδεὶς
3484 3392 3595 3462 (35)
3624 3408 3728 3443 κα-

305 3498 341 3538 a
356 3482 530 3538 sorde
548 3482 805 3537 mundus
824 3504 844 3531 ι
869 3481 1094 3549 aitJob,
1114 3504 1141 3532 α
1163 3498 1272 3536 nec
1287 3482 1334 3535 si
1351 3482 1427 3536 sit
1444 3481 1685 3553 quidem
1703 3480 1959 3536 unadies

2075 3477 2231 3550 θαρὸς
2260 3475 2366 3530 ἀπὸ
2397 3473 2593 3550 ῥύπου,
2629 3500 2651 3528 ι
2687 3469 2815 3531 Ἰώό
2846 3496 3030 3553 φησιν,
3084 3498 3110 3530 α
3143 3474 3259 3531 οὐδ’
3291 3476 3337 3531 εί
3373 3476 3475 3549 μία
3527 3478 3713 3551 ἡμέρα

305 3571 424 3627 vita
452 3572 582 3644 ejus
604 3573 689 3642 (ί).
707 3590 734 3623 ι
772 3570 983 3626 Dicant
1012 3587 1147 3643 ergo
1171 3570 1365 3641 nobis,
1387 3570 1488 3625 ubi
1518 3570 1845 3626 fornicatus
1868 3574 1960 3625 est

2075 3566 2246 3636 ἡζωή
2289 3563 2474 3619 αὐτοῦ.
2510 3586 2538 3615 ››
2583 3566 2900 3640 Λεγέτωσαν
2950 3566 3112 3639 ἡμῖν,
3150 3570 3257 3620 ποῦ
3308 3564 3626 3642 ἐπόρνευσεν
3657 3566 3726 3620 τὸ

378 3724 454 3795 (α)
483 3724 648 3795 Joan.
674 3739 800 3795 xm,
825 3722 917 3795 533.
951 3722 1034 3795 (b)_
1058 3723 1242 3778 Galat.
1278 3740 1347 3789 Iv,
1384 3725 1468 3777 19.
1492 3723 1570 3795 A(c)
1603 3722 1625 3777 Ι
1657 3724 1786 3778 Cor.
1821 3740 1893 3790 ιν,
1930 3723 2017 3778 15.
2051 3719 2130 3792 (d)
2162 3719 2331 3773 Deut.
2378 3733 2540 3787 χχιιι,
2576 3721 2626 3773 1.
2650 3718 2722 3789 (ε)
2752 3718 2953 3774 Matth.
2987 3735 3106 3787 xix,
3142 3721 3228 3775 12.
3261 3719 3332 3793 (f)
3362 3721 3477 3776 Jer.
3508 3737 3603 3789 xx,
3628 3722 3718 3779 14.

306 3793 559 3867 (ω’Πιὶἁ.
594 3796 679 3849 18.
708 3794 790 3866 (h)
824 3794 896 3848 IV
926 3793 1090 3850 Esdr.
1124 3811 1177 3859 v,
1210 3796 1298 3849 35.
1328 3795 1390 3866 (ἱ)
1420 3793 1548 3849 Job.
1581 3812 1695 3862 xiv,
1727 3797 1782 3864 4,
1814 3797 1865 3851 5.

2068 3942 2289 4015 Psalm.
2321 3958 2389 4015 L:
2422 3961 2447 3993 α
2481 3941 2634 3996 Dicit
2682 3947 2741 3997 et
2778 3941 2894 3997 alio
2954 3941 3083 4015 loco
3126 3943 3433 4015 Propheta
3465 3959 3479 3999 :
3537 3946 3717 4001 Nemo

2072 4013 2326 4087 mundus
2343 4014 2405 4087 in
2426 4019 2752 4085 conspectu
2773 4019 2896 4080 tuo,
2913 4029 3031 4087 nec
3050 4013 3271 4087 infans,
3282 4017 3454 4087 cujus
3477 4020 3566 4070 est
3582 4016 3718 4071 uni-

2065 4102 2138 4156 us
2168 4086 2285 4140 diei
2318 4086 2435 4140 vita
2464 4084 2643 4156 super
2672 4091 2914 4140 terram.
2940 4107 2969 4135 »
3002 4084 3057 4140 S.
3090 4084 3426 4141 Bernardus
3442 4104 3619 4142 serm.
3643 4088 3715 4142 70

2065 4155 2127 4211 in
2151 4157 2498 4211 Canticum:
2531 4155 2557 4205 ἐξ
2594 4158 2709 4211 Nec
2736 4157 2934 4212 infans
2981 4162 3142 4212 certe
3188 4157 3367 4213 unius
3419 4157 3537 4214 diei
3584 4158 3712 4213 sine

2066 4228 2237 4283 sorde
2265 4233 2355 4283 est
2384 4242 2562 4298 super
2593 4235 2832 4283 terram.
2868 4250 2896 4278 ››
2932 4226 3071 4282 Vide
3102 4227 3207 4282 lib.
3245 4246 3300 4283 ιγ
3329 4230 3529 4285 Strom.
3576 4229 3712 4294 Qui-

2062 4298 2199 4371 dam
2233 4300 2293 4371 in
2328 4300 2595 4371 margine
2625 4299 2916 4354 adnotant
2943 4304 3122 4371 caput
3150 4316 3222 4354 xv
3266 4300 3396 4360 Job.
3428 4301 3531 4356 alii
3579 4317 3710 4355 xxv.

2062 4370 2176 4443 Sed
2205 4370 2421 4425 absunt
2441 4369 2483 4425 a'
2505 4371 2711 4443 Latina
2737 4369 3173 4443 vulgatazihaec
3191 4372 3521 4443 apud_LXX
3549 4388 3712 4443 repe-

301 4447 337 4514 ἠ
369 4438 551 4519 ἡμέρα
581 4444 632 4499 ἐν
664 4443 701 4519 ᾖ
732 4438 1054 4519 ἐτέχθηνηέν
1105 4442 1266 4519 αὐτῇ·
1301 4442 1547 4519 ἡμήμέρα
1595 4443 1646 4497 ἐν
1697 4442 1732 4517 ᾗ
1775 4438 1950 4498 ἔτεκέν

2075 4442 2298 4519 fiuntur
2323 4458 2463 4519 cap._
2484 4458 2576 4519 xiv
2597 4441 2815 4519 ‘Jobkv.
2844 4438 2880 4495 Ξ
2898 4459 2942 4519 _:_
2970 4438 3067 4501 Τίς
3106 4438 3247 4519 ’γάρί
3277 4438 3516 4519 καθαρὸς
3538 4438 3708 4519 ’ἔσται

307 4507 435 4589 uisi
471 4507 931 4589 μήτηριιρυ-’έμῆ
964 4507 1101 4589 ἔστω
1131 4507 1626 4589 ἐπέυκτῆ-Ἶθὶῖθηι·
1659 4507 1756 4585 πὶ,
1788 4519 1894 4589 14--
1981 4586 2007 4589 -
2060 4511 2164 4589 ἀπὸ
2194 4507 2420 4589 ῥέπε)υέ
2448 4508 2609 4589 Ἀλλ’
2657 4508 2859 4589 οὐδεὶς,
2894 4511 2982 4589 ἐὰν
3033 4507 3142 4565 καῖ’
3183 4507 3281 4589 ιιία
3311 4507 3494 4589 ἡμέρα
3530 4514 3557 4566 ὁ
3594 4514 3710 4589 βίος

1351 4582 1513 4641 Ἱνατί
1569 4582 1747 4641 τοῦτο’
1784 4586 1947 4659 ἐξῆλ-

2075 4582 2219 4659 ιύτ-οῦ
2241 4582 2329 4659 ἐπὶ
2350 4584 2448 4650 τῆς
2474 4588 2595 4659 γῆς·
2623 4606 2649 4633 ‹‹
2671 4585 2994 4659 Quisenim
3015 4582 3275 4659 mundus
3298 4582 3413 4639 erit
3428 4582 3467 4641 δ
3489 4582 3662 4659 sorde
3684 4585 3713 4642 ἵ

2056 4656 2167 4711 Sed
2190 4655 2414 4722 nullus,
2444 4655 2492 4708 si
2516 4661 2575 4709 et
2595 4671 2749 4710 unus
2775 4655 2900 4710 dies
2939 4655 3057 4710 vita
3102 4659 3232 4726 ejus
3255 4656 3315 4710 in
3339 4663 3501 4712 terra
3548 4680 3575 4706 ››
3606 4658 3710 4712 La-

2056 4728 2181 4782 tina
2204 4726 2358 4797 vulg.
2388 4742 2452 4779 :«
2487 4725 2627 4790 Quis
2652 4732 2849 4797 potest
2893 4728 3087 4782 facere
3133 4725 3424 4783 mundum
3470 4728 3543 4783 de
3590 4728 3707 4791 ima

300 4807 437 4856 ante
468 4802 641 4857 verba
670 4798 937 4857 Ieremia
970 4818 1040 4857 ex
1069 4798 1196 4872 cap.
1220 4818 1315 4859 xx.
1349 4819 1397 4856 v.
1436 4803 1501 4854 14
1534 4806 1593 4854 et
1622 4804 1707 4863 18,
1742 4798 1941 4856 existi-
2052 4799 2275 4872 mundo
2289 4803 2643 4872 conceptum
2662 4798 3140 4872 semine‘fnonne
3159 4804 3240 4872 tu.
3258 4800 3362 4870 qui
3385 4799 3550 4872 solus
3568 4815 3631 4854 es
3648 4799 3705 4854 1"»

300 4873 481 4928 mavit
509 4874 791 4928 Hervetus
848 4874 944 4928 hic
984 4869 1157 4928 citari
1186 4872 1451 4943 ejusdem
1497 4872 1707 4943 capitis
1757 4873 1941 4943 septi-
2052 4872 2133 4943 Ex
2162 4871 2404 4943 Hebraeo
2431 4869 2505 4923 ad
2528 4869 2769 4923 verbum
2786 4886 2805 4943 _:
2821 4892 2868 4943 λ‹‹
2899 4870 3067 4943 Quis,
3088 4870 3265 4943 dabit
3312 4871 3608 4943 mundum
3637 4887 3708 4926 ex

298 4960 463 4998 mum
493 4944 790 4998 decimum
815 4961 827 4998 ;
853 4968 878 4993 ‹‹
906 4945 1012 5010 Qui
1036 4961 1154 4999 non
1180 4939 1272 4998 me
1294 4939 1591 4998 interfecit
1610 4960 1644 4998 ει
1663 4939 1848 5007 vultu,
1876 4949 1943 4999 ut
2051 4940 2402 4995 immundo?
2426 4956 2502 4994 ne
2522 4957 2680 4994 unus
2698 4940 2959 5011 quidem.
2991 4963 3017 4989 n
3039 4939 3495 5012 Olympiodorus
3518 4942 3581 4996 in
3601 4944 3713 4996 Ea:-

298 5015 469 5070 ﬁeret
484 5014 834 5070 mihimater
849 5016 1338 5086 measepulcrum
1362 5032 1374 5081 ;
1394 5037 1420 5063 »
1444 5015 1696 5086 ideoque
1720 5031 1939 5071 nomen
2041 5015 2317 5086 positione
2346 5028 2381 5086 a
2410 5012 2610 5086 Niceta
2639 5019 2932 5086 contexta;
2967 5026 3086 5081 qua
3117 5012 3446 5086 USi_Stlml!S
3492 5028 3707 5086 maml-

294 5086 494 5167 Esdra?
526 5101 661 5170 cum
692 5086 965 5170 {eremia‘
973 5080 1392 5170 commutavit:
1426 5080 1939 5170 at_eadem'verba
2046 5080 2287 5170 scripta.
2317 5084 2400 5170 sic
2423 5082 2702 5170 explanat
2721 5080 3099 5170 hunc‘lo'c’um
3123 5080 3362 5170 εἈύτήἠ
3386 5083 3705 5170 ἆγθρωπίνη

384 3946 497 4019 (29)
516 3943 729 4019 Τεκνία.
759 3946 1096 4019 ᾼηιιιεινιιη,
1121 3944 1470 4019 simpliciori
1501 3943 1957 4019 οι-ςίᾇιιθκτεκνία,

312 4013 400 4092 ἔτι
429 4013 622 4092 μικρὸν
656 4016 773 4092 μεθ’
834 4015 985 4087 ὑμῶν
1043 4015 1180 4088 εἰμι,
1238 4013 1403 4090 ξρησίν
1436 4016 1464 4068 6
1495 4013 1853 4078 Διδάσκαλος’
1889 4033 1960 4072 ex

309 4091 476 4146 Joan.
509 4089 630 4144 xm.
667 4089 940 4143 SYLBURG.

401 4162 491 4233 30)
522 4162 766 4233 Χριστῷ.
795 4160 1022 4233 Χριστῷ
1054 4157 1259 4233 ξι-ησοῦ,
1290 4159 1440 4233 I_Co.
1465 4174 1548 4233 _Iv,
1584 4161 1669 4213 15.

401 4162 491 4233 30)
522 4162 766 4231 Χριστῷ.
795 4162 1022 4232 Χριστῷ
1056 4162 1259 4225 Ἰησοῦ,
1290 4162 1313 4211 Ι
1343 4162 1440 4214 C0.
1477 4174 1548 4225 ιν,
1584 4162 1669 4213 15.

378 4162 491 4305 131)
549 4231 830 4305 Εὐνοῦχος
864 4274 878 4288 .
931 4225 1166 4289 Θλαδίας
1199 4274 1216 4300 ,
1274 4224 1400 4282 οὐδὲ
1454 4227 1903 4301 ἆποκεκομμένος
1938 4272 1954 4296 ,

307 4305 477 4359 Deut.

375 4378 489 4446 (32)
546 4371 999 4444 Ἐπικατάρατος.
1036 4412 1049 4425 .
1085 4412 1100 4426 .
1159 4369 1416 4425 ἐπευκτέα
1450 4415 1464 4429 .
1522 4372 1952 4433 Ἐπικατά”ατος

375 4447 551 4497 θεμὲοα
581 4444 632 4497 ἐν
664 4443 701 4497 ἦ
732 4443 959 4497 ἐτέγθην
1003 4441 1054 4496 έν
1105 4442 1266 4497 αὐτῆ·
1301 4444 1334 4497 ἡ
1366 4442 1547 4497 ’ἔιμέοα
1595 4443 1646 4497 ἐν
1697 4442 1732 4497 ἦ
1775 4402 1950 4497 ἔτεκέν

373 4586 484 4661 (33)
542 4586 641 4642 Διᾶ
694 4586 747 4641 τί
797 4586 924 4661 γᾶρᾼ
960 4586 1250 4659 ἐγεννήθην
1280 4628 1293 4642 .

300 4659 394 4712 θον
427 4657 482 4712 ἐγ
519 4661 767 4731 μήτρᾳςς
802 4657 949 4731 lbid_.

371 4732 480 4795 (34)
508 4727 606 4803 Διά
632 4727 683 4783 τί
714 4730 817 4803 γὰρ
876 4729 974 4783 οὐκ
1029 4727 1107 4803 ἐγ.
1167 4729 1457 4793 Quoniam
1514 4729 1713 4783 attulit
1768 4731 1943 4803 paulo

292 5157 674 5230 reperiuntur
702 5156 784 5210 lib
806 5172 895 5230 _iv
925 5156 1091 5211 Esdr.
1141 5174 1269 5228 cap.
1303 5175 1353 5216 v.
1385 5160 1558 5230 v.35,
1613 5159 1674 5213 in
1732 5158 1938 5215 Latina

291 5228 574 5296 editione,
607 5243 750 5301 nam
793 5228 991 5301 Graeca
1043 5244 1165 5301 non
1196 5235 1404 5301 exstat.
1438 5229 1530 5283 Sic
1562 5245 1698 5301 ergo
1729 5238 1886 5286 verte
1917 5246 1930 5286 :

287 5324 315 5351 ‹‹
347 5304 539 5368 Quare
570 5316 691 5355 non
725 5298 903 5354 fiebat
923 5298 1133 5371 matrix
1154 5300 1361 5353 matris
1390 5316 1536 5354 meae
1562 5298 1703 5354 mihi
1735 5302 1932 5371 sepul-

284 5389 472 5439 crum,
507 5379 573 5428 ut
602 5388 723 5427 non
754 5370 1013 5443 viderem
1034 5369 1309 5443 laborem
1330 5371 1527 5436 Jacob,
1562 5376 1621 5426 et
1650 5369 1931 5443 defatiga-

282 5446 504 5503 tionem
536 5444 770 5517 generis
821 5440 998 5517 |sr_ael
1029 5440 1057 5495 ?
1114 5440 1308 5510 inquit
1366 5443 1576 5496 Esdras
1606 5440 1920 5512 propheta.

282 5519 489 5573 Nullus
522 5515 627 5571 est.
666 5539 694 5566 ››
729 5521 843 5571 etc.
879 5515 1146 5567 COLLECT.

310 5606 319 5615 ’
352 5591 466 5659 (35)
501 5583 717 5647 Οὐδείς.
751 5584 1100 5659 Ambrosius
1122 5581 1183 5659 in
1217 5598 1232 5659 ι
1260 5581 1469 5659 Lucae;
1501 5605 1541 5659 «_
1557 5583 1737 5637 Nemo
1757 5600 1928 5639 mun-

281 5653 392 5714 dus
413 5653 456 5714 α’
468 5659 663 5725 sorde,
698 5674 807 5713 nec
830 5657 878 5713 si
909 5656 1088 5712 unius
1119 5653 1235 5707 diei
1254 5653 1396 5725 ivitm
1425 5653 1501 5709 sit
1529 5653 1590 5709 in
1626 5659 1803 5723 terra,
1822 5673 1926 5711 nu-

280 5729 500 5783 merosi
528 5724 765 5786 menses
795 5731 923 5803 ejus
966 5727 1040 5785 ab
1085 5726 1214 5798 ipso
1244 5724 1273 5781 ?
1300 5747 1331 5777 ››
1370 5726 1436 5783 D.
1469 5728 1831 5801 Augustinus
1861 5728 1925 5783 in

2044 5149 2292 5229 γέννησις
2322 5154 2429 5229 ρύκ
2458 5149 2581 5229 ἄνευ
2611 5152 2783 5229 fixi-nou
2812 5153 2900 5207 καὶ
2926 5153 3127 5229 61.1.39;
3140 5150 3220 5215 ίας
3267 5149 3556 5229 τυγχάνει,
3580 5149 3705 5216 ὅθεν

2043 5220 2130 5279 καὶ
2170 5220 2484 5299 βαπτίζεται
2526 5220 2619 5299 τάξ
2655 5225 2828 5299 βρέφη
2866 5220 2999 5299 ,τὸν
3039 5220 3128 5299 δίᾲ
3185 5230 3285 5292 τῆς
3305 5220 3709 5299 Δςὲέᾷραϐάσελως

2041 5291 3037 5372 τοῦᾳᾊδᾶμρύπον-ἀποπλυνόμενα.
3070 5291 3248 5372 Τρῦτο
3407 5291 3557 5372 λέγει
3604 5292 3704 5372 διὰ

2041 5369 2102 5421 τὸ
2132 5362 2485 5443 ἠσθενηκενμαι
2515 5368 2615 5443 τὴν
2650 5367 2815 5443 φύσιν.
2857 5362 2916 5420 ἐκ
2966 5371 3077 5443 τῆς.
3115 5365 3168 5420 ἐν
3220 5363 3400 5443 ’ᾼδὰμ
3445 5362 3704 5443 παραϐά-

2041 5436 2175 5512 σεως
2204 5438 2293 5494 καὶ
2322 5436 2607 5512 ἐὐό-λισθον
2635 5436 2910 5512 γεγονέναι
2942 5437 3019 5498 εἰς
3050 5436 3340 5512 ἁμαρτίαν,
3361 5436 3464 5512 ’καὶ
3509 5436 3703 5511 μέντοι

2041 5460 2175 5500 eam:
2204 5461 2293 5494 και
2326 5460 2607 5494 ευοΛισυον
2673 5460 2910 5512 εγονεναι
2942 5460 3019 5498 εις
3050 5460 3340 5512 αμαρτιαν,
3373 5460 3464 5494 και
3509 5460 3703 5511 μεντοι

2038 5512 2127 5565 καὶ
2160 5511 2247 5587 διὰ
2276 5517 2378 5579 τήν
2410 5510 2468 5565 ἐκ
2497 5460 2818 5587 φιληδονίας
2844 5508 3124 5587 γέννησιν,
3148 5507 3215 5587 οὗ
3251 5510 3360 5587 μὴν
3392 5511 3468 5571 ὡς
3500 5531 3703 5565 συνου-

2038 5583 2314 5654 σιωμένης
2344 5584 2480 5653 ἡμῖν
2509 5580 2615 5648 τῆς
2653 5580 2943 5649 ἀςιαρτίας·
2982 5580 3057 5652 μή
3104 5580 3311 5654 γένοιτο
3335 5582 3361 5654 il
3421 5585 3699 5651 Conucr,

2038 5686 2107 5696 ——
2128 5656 2402 5710 Clemens
2418 5657 2723 5724 Rpmanus
2743 5654 3005 5724 Epistolas
3023 5653 3243 5724 prioris
3273 5653 3348 5709 ad
3376 5654 3707 5724 Corinthws

2036 5743 2165 5799 cap.
2220 5728 2326 5783 17:
2360 5718 2485 5783 Ἰὼὸ
2515 5723 2581 5795 ἧν
2614 5718 2821 5785 δίκαια-ς
2876 5722 2968 5777 καὶ
3023 5718 3340 5798 ἔμεμπτος,
3396 5720 3702 5795 ἀληθινὸς.
