4034 6148
290 183 453 242 ωας
1630 191 1915 249 ΒΤΒΟΜΔ

2028 191 2080 245 Μ
2116 189 2252 245 LIB.
2293 189 2393 245 III.
3582 189 3724 245 1206

284 308 424 380 νητὶ
453 310 567 384 (49)
609 312 1059 391 στεφανούμενοι.
1111 315 1181 383 ᾜ
1238 311 1306 386 δή
1360 334 1504 380 τινες
1554 317 1664 389 (50)
1716 314 1807 370 καὶ
1855 320 1915 381 τί

2028 356 2040 381 ι
2071 319 2270 371 autem
2300 318 2368 367 ut
2394 311 2910 384 incorruptibilem
2930 312 3030 383 (α),
3061 334 3088 362 ››
3113 311 3176 367 in
3208 311 3371 369 lucta
3388 313 3717 377 vincentes.

287 399 573 471 παρθένου
595 403 698 472 τήν
750 403 930 478 χήραν
985 402 1062 466 εἲς
1116 403 1432 480 ἐγκράτειαν
1468 405 1837 481 προτείνουσι,
1868 425 1915 459 κι

2074 419 2195 457 non
2226 406 2425 457 autem
2458 401 2584 456 sine
2615 401 2856 471 pulvere
2879 417 3160 456 coronam
3187 404 3569 474 accipientes.
3590 406 3720 462 Jam

298 488 944 568 ταμεγαλοφρονήσασαν
970 495 1039 563 ἧς
1066 493 1387 570 πεπείραται
1415 491 1639 565 ἡδονῆς.

2063 489 2347 546 nonnulli
2371 507 2607 561 quoque
2625 490 2952 560 praeferunt
2973 490 3210 545 viduam
3227 492 3457 565 virgini,
3478 499 3543 549 ut
3563 512 3717 566 quae,

2065 597 2248 651 quam
2284 585 2525 651 experta
2555 584 2665 648 est,
2698 580 3058 651 voluptatem
3102 596 3317 652 magno
3350 583 3550 638 animo
3577 601 3720 640 con-

2062 670 2392 742 tempserit.

1784 790 2020 848 CAPUT
2057 790 2227 845 XVII.

290 887 408 951 Qui
440 888 668 958 nuptias
692 893 744 944 et
767 892 1177 960 generationem
1200 891 1376 947 malas
1425 897 1697 960 asserunt,
1728 892 1774 946 ii
1803 897 1855 945 et
1884 892 1985 944 Dei
2032 890 2359 1014 crteationem
2407 893 2459 941 et
2502 889 2681 957 ipsam
2723 886 3016 958 Evangelii
3056 887 3514 957 dispensationem
3558 890 3714 944 vim-

1899 977 2075 1014 neran
2107 1003 2120 1014 .

1894 977 2120 1033 peram.

364 1054 431 1113 Ei
458 1053 515 1112 δὲ
544 1058 579 1127 ἡ
611 1058 818 1130 γένεσις
869 1059 1057 1129 κακὸν,
1108 1059 1160 1116 ἰν
1214 1065 1368 1133 κακῷ
1418 1060 1691 1136 λεγόντων
1722 1061 1775 1115 οἱ
1808 1056 1915 1135 βλά

2132 1058 2230 1113 Sin
2245 1062 2443 1113 autem
2459 1074 2515 1111 m
2525 1057 2686 1112 alum
2701 1063 2791 1112 est
2800 1059 3101 1130 generatio
3111 1059 3193 1126 ,in
3204 1057 3363 1112 malo
3376 1057 3709 1130 blasphemi

286 1164 507 1223 σφημοι
563 1147 656 1202 τὸν
712 1149 975 1224 γενέσεως
1034 1149 1398 1227 μετειλθφότα
1450 1150 1680 1226 Κύριον,
1711 1149 1762 1204 ἐν
1793 1147 1915 1204 κακὲ

2057 1147 2263 1203 dicant
2282 1147 2467 1202 fuisse
2486 1147 2802 1202 Dominum
2822 1147 2923 1217 qui
2941 1147 3362 1219 fuitparticeps
3383 1149 3711 1219 generatio-

275 1234 388 1303 τήν
414 1236 751 1308 γεννήσασαν
807 1238 1105 1310 Παρθένον.
1164 1236 1334 1311 Οἷ¹μοι
1391 1243 1499 1294 τῶν
1552 1240 1768 1294 κακῶνί
1808 1237 1914 1313 βλα

2052 1237 2235 1307 nis,in
2255 1236 2413 1291 malo
2441 1236 2734 1307 Virginem
2754 1253 2885 1305 quae
2908 1237 3131 1309 genuit.
3152 1237 3255 1290 Hei
3273 1236 3418 1290 mihi
3438 1234 3450 1289 Ι
3476 1242 3621 1308 quot
3651 1242 3710 1293 et

278 1326 571 1396 σφημοῦσι
599 1325 663 1381 τὸ
707 1323 968 1400 βούλημα
1022 1331 1119 1383 τοῦ
1173 1333 1328 1399 Θεοῦ,
1386 1330 1477 1383 καὶ
1523 1328 1586 1383 τὸ
1640 1329 1941 1402 μυστήριον

272 1414 384 1476 τῆς
415 1410 666 1483 κτίσεως,
715 1414 816 1481 τὴν
864 1414 1067 1490 γένεσιν
1120 1411 1531 1479 διαϐάλλοντες.
1582 1416 1678 1471 Διὰ
1705 1419 1874 1470 ταῦτα
1903 1418 1937 1484 ἡ

279 1524 313 1553 ‹‹
367 1497 593 1571 δόκησις
645 1527 667 1554 1
703 1504 993 1577 Κασσιανῷ
1022 1508 1135 1579 (51)
1168 1503 1258 1561 διὰ
1298 1510 1466 1562 ταῦτα
1511 1507 1602 1561 καὶ
1634 1505 1938 1577 Μαρκίωνι,

276 1589 371 1644 ναὶ
409 1590 517 1662 μὴν
548 1590 637 1646 καὶ
688 1591 1034 1666 Οὗαλεντίνῳ
1090 1595 1151 1648 τὸ
1209 1599 1370 1667 σῶμα
1424 1595 1488 1650 τὸ
1539 1593 1796 1669 ψυχικόν·
1830 1592 1937 1665 ὅτι,

271 1677 441 1755 φασὶν
495 1680 523 1735 6
581 1678 863 1755 ἄνθρωπος
923 1706 952 1734 ιι
993 1684 1376 1758 παρωμοιὼθη
1432 1688 1552 1747 τοῖς
1605 1685 1873 1753 κτήνεσιν,
1907 1707 1935 1735 ››

268 1765 355 1829 εἷς
414 1764 755 1841 συνδυασμὸν
816 1770 1230 1847 ἀφικνούμενος.
1302 1769 1463 1828 Ἀλλ’
1531 1771 1658 1826 ’ὁταν
1718 1765 1933 1825 ἐπιϐαί-

265 1874 384 1910 νειν
444 1853 720 1929 ἀλλοτρίᾳ
771 1859 957 1934 κοίτῃ,
1021 1858 1258 1935 ὀργήσας
1316 1859 1391 1922 ὡς
1456 1858 1702 1930 ἀληθῶς,
1764 1859 1932 1929 θελή-

266 1964 368 2019 σῃ,
403 1944 529 2000 τότε
583 1950 662 2018 τῷ
719 1944 834 2002 ὄντι
891 1948 919 2002 6
974 1953 1227 2010 τοιοῦτος
1285 1949 1651 2024 ἐκθηριοῦταν
1691 1972 1712 2000 ι
1745 1950 1933 2005 Ἵπποι

2052 1331 2276 1397 quanta
2323 1324 2518 1379 malal
2571 1325 2672 1378 Dei
2721 1324 3087 1379 voluntatem
3136 1324 3469 1379 maledictis
3507 1326 3706 1382 inces-

2050 1420 2211 1479 sunt,
2256 1420 2316 1470 et
2360 1413 2713 1484 mysterium
2762 1414 3103 1483 creationis,
3153 1414 3295 1468 dum
3342 1414 3704 1470 invehuntur

2046 1506 2108 1559 in
2121 1502 2815 1577 generationem.Ethinc
2829 1524 2856 1552 ‹‹
2872 1503 3123 1557 Docesin
3139 1524 3167 1551 »
3182 1503 3696 1575 ﬁngitCassianus;

2046 1594 2187 1649 hinc
2206 1595 2384 1648 etiam
2404 1592 2774 1661 Marcioni,et
2792 1592 3102 1647 Valentino
3122 1608 3358 1662 quoque
3378 1596 3467 1646 est
3482 1608 3697 1663 corpus

2044 1683 2343 1748 animale;
2378 1682 2661 1753 quoniam
2692 1681 2891 1746 homo,
2929 1682 3232 1751 inquiunt,
3273 1697 3516 1752 operam
3549 1680 3697 1736 dans

1969 1809 2014 1873 Β
2044 1773 2268 1833 veneri,
2290 1794 2316 1821 ‹‹
2343 1770 2709 1826 assimilatus
2732 1770 3127 1841 estjumentis
3148 1771 3278 1840 (b).»
3301 1770 3478 1840 Atqui
3501 1770 3700 1840 profe-

2044 1868 2157 1926 cto,
2179 1879 2316 1917 cum
2339 1861 2588 1916 libidine
2610 1876 2742 1914 vere
2760 1858 3086 1925 insaniens,
3103 1859 3303 1914 aliena
3323 1859 3473 1915 inire
3497 1860 3698 1915 volue-

2041 1955 2138 2012 rit.
2161 1951 2224 2013 νῐ(
2254 1959 2394 2008 tunc
2421 1967 2644 2012 revera.
2671 1950 2770 2021 qui
2803 1950 2939 2005 talis
2990 1955 3098 2015 est,
3134 1951 3451 2004 efferatur:
3485 1971 3513 1999 «
3546 1950 3696 2022 Equi

2039 2044 2102 2097 in
2134 2041 2387 2096 feminas
2414 2040 2682 2094 furentes
2722 2038 2860 2093 facti
2916 2042 3075 2104 sunt,
3110 2038 3523 2109 unusquisque
3554 2039 3695 2094 hin-

2039 2131 2242 2187 niebat
2270 2131 2342 2185 ad
2371 2145 2616 2185 uxorem
2650 2128 2904 2200 proximi
2957 2127 3048 2181 sui
3080 2129 3169 2199 (c)'
3200 2149 3226 2175 »
3257 2126 3422 2192 Quod
3454 2128 3503 2183 si
3536 2128 3695 2184 dicat

2039 2226 2400 2292 serpentem,
2433 2235 2469 2273 a
2495 2218 2687 2272 brutis
2718 2216 3126 2271 animantibus
3175 2221 3417 2286 accepta
3454 2217 3690 2272 consilii

2040 2310 2130 2365 sui
2161 2309 2413 2374 ratione,
2447 2306 2673 2361 Adamo
2716 2305 3085 2375 persuasisse
3129 2305 3284 2359 202
3315 2310 3381 2358 ut
3409 2321 3545 2359 cum
3576 2307 3693 2361 Eva

2035 2398 2195 2453 coire
2222 2395 2608 2458 consentiret,
2633 2398 2915 2463 tanquam
2940 2392 3184 2461 alioqui,
3210 2397 3275 2445 ut
3305 2392 3548 2462 quidam
3574 2396 3691 2448 exi-

2037 2487 2300 2550 stimant,
2328 2483 2676 2555 protoplasti
2700 2482 2812 2536 hac
2830 2486 3042 2535 natura
3062 2481 3227 2534 usuri
3251 2497 3371 2535 non
3391 2480 3648 2537 fuissent
3673 2500 3686 2537 :

2031 2590 2241 2629 rursus
2269 2573 2638 2642 vituperatur
2667 2571 2909 2635 creatio,
2941 2575 3007 2623 ut
3035 2586 3166 2639 quas
3198 2569 3446 2623 rationis
3478 2585 3688 2641 exper-

2032 2663 2182 2717 tium
2213 2660 2613 2717 animantium
2640 2664 2854 2714 natura
2879 2658 3152 2713 homines
3182 2657 3390 2713 fecerit
3419 2657 3686 2714 imbecil-

2029 2749 2229 2813 liores,
2265 2764 2517 2818 quorum
2550 2747 2821 2818 exempla
2852 2748 3154 2801 consecuti
3181 2752 3338 2812 sunt,
3364 2747 3463 2817 qui
3496 2763 3531 2802 a
3561 2748 3679 2803 Deo

2028 2838 2206 2909 primi
2232 2836 2468 2891 formati
2498 2837 2684 2891 fuere.
2711 2836 2811 2890 Sin
2839 2841 3037 2890 autem
3060 2841 3273 2890 natura
3301 2835 3543 2905 quidem
3576 2852 3677 2891 eos

2029 2928 2183 2983 sicut
2209 2926 2384 2981 bruta
2439 2925 2683 2980 deduxit
2739 2925 2812 2980 ad
2870 2925 3131 2980 ﬁliorum
3165 2923 3673 2996 procreationem;

265 2032 616 2105 θηλυμανεῖς
672 2033 1026 2112 ἐγενήθησαν,
1105 2032 1331 2100 ἕκαστος
1415 2035 1505 2092 ἐπὶ
1556 2038 1655 2107 τήν
1703 2042 1935 2111 γυναῖκα

263 2127 371 2178 τοῦ
400 2122 637 2195 πλησίον
700 2129 811 2199 (52)
865 2126 1242 2200 ἐχρεμέτιζον.
1277 2150 1305 2179 ››
1364 2126 1477 2184 Κᾶν
1524 2127 1632 2182 ἀπὸ
1660 2131 1768 2182 τῶν
1799 2125 1935 2183 ἀλό-

264 2232 387 2286 γων
441 2214 595 2284 ζώων
656 2216 755 2285 τὴν
814 2213 1159 2286 ἐπιτήδευσιν
1217 2224 1318 2287 τῆς
1377 2212 1932 2294 συμϐουλίαςὸὅφις

266 2298 545 2378 εἲληφὼς,
602 2303 692 2359 καὶ
750 2304 1089 2377 παραπείσας
1160 2308 1231 2379 τῇ
1305 2305 1562 2377 κοινωνίᾳ
1631 2307 1733 2374 τῆς
1788 2303 1930 2366 Εὔας

261 2391 690 2462 συγκαταθέσθαι
747 2392 842 2447 τὸν
903 2390 1097 2467 Ἀδὰμ,
1159 2392 1293 2469 λέγῃ
1363 2394 1438 2458 ὡς
1513 2392 1575 2449 ἂν
1637 2396 1713 2467 μή
1775 2392 1929 2467 φύσει

257 2477 430 2554 ταύτῃ
488 2482 851 2556 κεχρημένων
909 2487 1018 2537 τῶν
1076 2484 1552 2557 πρωτοπλαστων,
1602 2483 1677 2546 ὡς
1721 2480 1929 2551 ἀξιοῦσί

262 2586 433 2631 τινες·
474 2571 509 2638 ἡ
561 2571 736 2633 κτίσις
795 2570 959 2627 πάλιν
1024 2570 1456 2646 βλασφημεῖται,
1515 2569 1927 2645 ἀσθενεστέρους

264 2656 398 2719 τοὺς
456 2658 780 2733 ἀνθρώπους
835 2667 934 2726 τῆς
994 2664 1103 2714 τῶν
1157 2659 1373 2734 ἀλόγων
1422 2661 1635 2733 φύσεως
1690 2678 1928 2728 πεποιη-

265 2751 421 2816 κυῖα,
483 2749 565 2807 οἷς
632 2744 1122 2817 κατηκολούθησαν
1205 2749 1261 2801 οἱ
1346 2744 1772 2821 πρωτόπλαστοι
1828 2750 1925 2801 τοῦ

275 2836 431 2889 Θεοῦ.
467 2832 534 2888 Εἴ
564 2831 621 2889 δὲ
670 2837 706 2904 ἡ
767 2835 860 2906 μὲν
921 2834 1081 2909 φύσις
1132 2835 1262 2910 ἦγεν
1322 2833 1542 2900 αὐτοὺς,
1596 2835 1671 2896 ὡς
1718 2836 1810 2889 καὶ
1856 2836 1924 2890 τὰ

256 2921 470 2996 ἄλογα,
523 2922 663 2998 πρὸς
719 2921 1101 2989 παιδοποιίαν,
1155 2922 1483 2994 ἐκινήθησαν
1533 2921 1591 2979 δὲ
1641 2929 1834 2988 θᾶττον
1884 2926 1920 2996 ἢ

267 3016 549 3085 προσῆκον
599 3010 692 3082 ἦν,
740 3008 818 3067 ἔτι
866 3008 978 3067 νέοι
1027 3013 1351 3090 πεφυκότες,
1403 3012 1581 3086 ἀπάτῃ
1609 3013 1915 3088 παραχθέν-

2028 3016 2172 3071 moti
2203 3020 2402 3071 autem
2434 3020 2576 3070 sunt
2604 3014 2779 3069 citius
2809 3030 2989 3085 quam
3029 3014 3310 3086 oportuit,
3341 3012 3550 3070 fraude
3580 3014 3672 3069 in-

259 3117 371 3161 τεςσ
404 3097 586 3154 δικαία
619 3100 714 3173 μὲν
745 3103 781 3171 ἡ
827 3101 1002 3175 κρίσις
1051 3106 1149 3156 τοῦ
1197 3107 1331 3156 Θεοῦ
1371 3100 1460 3157 ἰπὶ
1488 3101 1616 3164 τοὺς
1645 3103 1753 3157 οὐκ
1784 3103 1915 3156 ἀνα-

2028 3104 2209 3166 ducti,
2242 3120 2377 3159 cum
2408 3103 2601 3158 adhuc
2632 3108 2833 3158 essent
2848 3103 3100 3174 juvenes
3124 3120 3138 3170 ;
3162 3104 3394 3174 justum
3427 3102 3673 3175 quidem

264 3187 547 3262 μείναντας
573 3190 637 3244 τὸ
690 3187 972 3265 βούλημα.
1032 3191 1163 3266 ἁγία
1220 3188 1277 3245 δὲ
1333 3192 1368 3260 ἡ
1420 3192 1643 3266 γένεσις,
1695 3188 1765 3246 δι’
1793 3192 1855 3261 ἢν
1886 3193 1914 3247 ὁ

2028 3197 2117 3248 est
2146 3193 2249 3248 Dei
2272 3192 2569 3264 judicium
2600 3192 2663 3246 in
2694 3208 2795 3247 eos
2826 3193 2927 3263 qui
2950 3208 3072 3246 non
3095 3197 3514 3263 exspectarunt
3541 3192 3673 3264 ejus

257 3277 469 3349 κόσμος
530 3277 872 3349 συνέστηκεν,
926 3276 999 3334 δι’
1043 3281 1105 3349 ἣν
1156 3280 1211 3334 αἱ
1264 3279 1463 3347 οὐσίαι,
1495 3277 1565 3333 δι’
1612 3280 1673 3349 ἣν
1725 3278 1914 3358 a196-

2028 3282 2384 3337 voluntatem
2411 3299 2422 3335 :
2448 3287 2651 3337 sancta
2671 3286 2763 3336 est
2781 3286 2981 3337 autem
3006 3282 3333 3354 generatio,
3357 3298 3464 3353 per
3487 3298 3667 3353 quam

258 3386 393 3436 σεις,
427 3364 498 3421 δι’
537 3368 599 3436 ἣν
648 3364 898 3442 ἄγγελοι,
958 3366 1029 3423 δι’
1083 3369 1147 3438 ἣν
1205 3366 1481 3442 δυνάμεις,
1518 3366 1589 3423 δι’
1614 3371 1682 3439 ἣν
1714 3370 1909 3444 ψυχαὶ,

2028 3370 2280 3427 mundus
2297 3371 2701 3442 consistit,per
2718 3387 2896 3442 quam
2920 3370 3216 3436 essentiae,
3233 3386 3339 3441 per
3360 3386 3540 3441 quam
3563 3387 3666 3425 na-

2022 3468 2189 3527 turae,
2221 3478 2329 3532 per
2351 3477 2531 3531 quam
2561 3460 2775 3531 angeli,
2821 3477 2928 3532 per
2977 3476 3156 3530 quam
3190 3463 3532 3530 potestates,
3564 3475 3671 3529 per

2021 3566 2200 3621 quam
2230 3550 2464 3616 animai,
2496 3567 2601 3620 per
2630 3566 2810 3620 quam
2856 3554 3170 3621 praecepta,
3202 3564 3308 3619 per
3338 3564 3516 3618 quam
3548 3547 3665 3613 lex,

261 3452 330 3510 δι’
376 3454 444 3525 ἥν
496 3454 737 3525 ἐντολαὶ,
786 3453 857 3511 δι’
901 3460 963 3526 ἢν
1009 3452 1201 3531 νόμος,
1251 3455 1321 3512 δι’
1350 3459 1412 3527 ἣν
1443 3458 1506 3513 τὸ
1558 3457 1909 3533 Εὐαγγέλιον,

259 3541 331 3600 δι’
356 3546 418 3615 ἢν
449 3548 485 3615 ἠ
516 3550 715 3621 γνῶσις
759 3551 861 3602 τοῦ
910 3551 1064 3607 Θεοῦ.
1119 3571 1149 3600 ‹‹
1181 3548 1283 3605 Καὶ
1333 3553 1478 3602 πᾶσα
1525 3547 1653 3621 σὰρξ
1684 3547 1908 3623 χόρτος,

256 3634 348 3690 καὶ
375 3639 523 3691 πᾶσα
579 3632 709 3705 δόξα
766 3636 1055 3709 ἀνθρώπου
1112 3636 1189 3700 ὡς
1238 3633 1399 3700 ἄνθος
1459 3636 1684 3712 χόρτου·
1740 3637 1830 3691 καὶ
1879 3638 1908 3692 6

262 3724 355 3796 μὶν
385 3726 500 3797 (53)
532 3719 736 3801 χόρτος
767 3723 1099 3801 ξηραίνεται,
1148 3725 1212 3779 τὸ
1266 3722 1324 3780 δὲ
1356 3723 1516 3786 ἄνθος
1560 3725 1906 3789 καθαπίπτει·

2019 3655 2126 3709 per
2156 3654 2334 3709 quam
2366 3638 2765 3710 Evangelium,
2790 3654 2896 3708 per
2922 3654 3100 3708 quam
3126 3638 3226 3693 Dei
3258 3637 3514 3710 cognitio
3548 3657 3574 3688 ιι
3597 3640 3667 3692 Et

2019 3727 2217 3781 omnis
2245 3742 2381 3780 caro
2411 3725 2636 3792 fenum,
2671 3732 2729 3781 et
2758 3726 2949 3781 omnis
2977 3726 3166 3799 gloria
3191 3726 3321 3797 ejus
3352 3726 3523 3798 quasi
3554 3725 3666 3781 ﬂos

324 3842 388 3908 ›ι‹
415 3846 480 3899 Ρ.
512 3847 615 3900 559
647 3846 760 3902 ED.
821 3846 1113 3913 POTTER,
1146 3847 1250 3900 47o
1273 3847 1387 3901 ED.
1417 3845 1490 3916 (a)
1516 3846 1542 3899 I
1568 3849 1701 3903 Cor.
1734 3864 1810 3913 ιχ,
1841 3848 1915 3914 27,

2035 3890 2047 3902 .
2078 3845 2151 3915 (b)
2184 3844 2334 3901 Psal.
2362 3861 2554 3912 XLVIII,
2586 3846 2649 3898 13
2676 3848 2763 3899 21.
2798 3845 2865 3915 (οι
2889 3845 3105 3899 Jerem.
3136 3862 3187 3913 v,
3220 3846 3271 3900 8.

258 3955 426 4012 πάντα
457 3957 854 4035 ἐγκρατεύεται,
914 3958 977 4015 οὐ
1033 3960 1249 4035 πάντων
1310 3958 1677 4035 ἀπεχόμενος.
1706 3964 1905 4035 Neque

259 4035 455 4085 tamen
488 4032 814 4102 rejicienda
845 4039 935 4087 est
961 4034 1197 4102 vulgata
1216 4032 1489 4099 versio,'«
1523 4033 1595 4088 ab
1627 4032 1906 4089 omnibus

261 4118 320 4156 se
335 4102 594 4177 abstinet
608 4120 621 4168 ;
634 4127 667 4177 δι
683 4121 861 4173 quam
875 4105 1037 4159 vides
1051 4102 1536 4177 Chrysostomum
1551 4106 1903 4177 exprimere;

262 4179 318 4248 et
334 4171 754 4248 advertendum
790 4181 901 4233 est.
924 4171 1611 4248 haareticos,quibuscum
1630 4171 1910 4248 ‘disputat

260 4244 856 4320 Clemens,_abstinere
875 4262 909 4301 a
929 4247 1257 4320 cibis.quos
1276 4249 1427 4320 Deus
1445 4249 1690 4312 creavit;
1711 4244 1907 4320 ipsum

260 4319 456 4388 autem
480 4316 647 4376 velle.
674 4322 739 4371 ut
764 4333 882 4371 non
907 4316 1146 4388 penitus
1169 4318 1599 4384 abstineamus,
1629 4316 1908 4375 sed—con-

2018 3958 2493 4038 Stcirawtppocﬁvnq
2525 3960 2677 4023 αὖθις
2708 3960 2991 4038 παρθένος
3049 3982 3077 4010 ιι
3109 3962 3215 4026 Qui
3249 3961 3407 4038 enim
3440 3978 3661 4019 concu-

2016 4034 2161 4106 pivit
2191 4032 2498 4106 et‘postear
2517 4050 2579 4087 se
2606 4034 2919 4106 continuit,
2953 4032 3141 4106 instar
3166 4039 3257 4088 est
3289 4033 3496 4099 vidum,
3529 4053 3661 4106 quae

2016 4105 2122 4177 per
2151 4105 2602 4176 temperantiam
2636 4122 2842 4159 rursus
2873 4105 3030 4176 virgo
3074 4105 3168 4159 sit.
3204 4127 3231 4153 ››
3264 4105 3662 4163 Tertullianus

2017 4176 2126 4249 Sub
2159 4177 2337 4231 finem
2372 4176 2472 4231 lib.
2506 4195 2524 4230 ι
2553 4177 2645 4230 Ad
2674 4193 2987 4249 uxoremru
3021 4177 3146 4249 Non
3173 4182 3400 4249 tantum
3426 4178 3660 4249 virgini-

2016 4248 2127 4304 bus
2157 4249 2360 4303 datum
2384 4248 2783 4320 opinor.Licet
2804 4248 2862 4301 in
2885 4247 3004 4301 illis
3030 4247 3339 4320 integritas
3370 4247 3578 4317 solida,
3604 4254 3663 4304 et

2018 4325 2142 4375 tota
2162 4319 2443 4375 sanctitas
2466 4319 2537 4374 de
2561 4320 2829 4390 proximo
2859 4320 3053 4373 visura
3079 4319 3155 4373 sit
3176 4320 3384 4374 taciem
3417 4320 3541 4387 Dei,
3575 4326 3659 4375 ta-

261 4387 519 4442 tinenter
538 4394 799 4462 utamur,
823 4387 1021 4462 idest,
1048 4406 1183 4444 cum
1204 4391 1613 4446 moderatione
1644 4398 1901 4461 utamur,
1938 4395 1981 4460 D
2012 4409 2151 4447 men
2181 4392 2356 4446 vidua
2386 4387 2574 4445 habet
2593 4391 2821 4461 aliquid
2839 4390 3181 4462 operosius;
3207 4391 3346 4461 quia
3378 4390 3548 4447 facile
3571 4396 3661 4447 est

259 4474 391 4584 gum
426 4475 577 4529 opus
599 4460 713 4515 erit
736 4477 748 4526 ;
776 4465 835 4516 et
858 4460 1286 4527 abstineamus,
1310 4479 1443 4518 cum
1466 4480 1616 4533 opus
1645 4464 1901 4521 nonerit.

301 4546 526 4584 onusc-r.

301 4546 526 4585 OLLBCT.

328 4600 440 4672 (49)
471 4599 746 4671 Ἀκονητί.
798 4603 1187 4660 Scribendum
1235 4605 1434 4677 potius
1474 4602 1706 4677 ἀκονιτί,
1739 4623 1775 4662 a
1800 4604 1900 4659 κό-

260 4690 356 4731 νις.

327 4742 439 4814 (50)
468 4742 543 4819 Ἦ
575 4738 641 4812 δή
671 4763 835 4806 τινες.
860 4745 1014 4819 Flor.
1049 4742 1346 4817 edit.,i§8n
1370 4766 1531 4815 τινες,
1566 4748 1736 4819 «jam
1768 4748 1901 4819 qui-

263 4813 411 4899 dam.
424 4837 451 4863 »
465 4815 664 4899 minus
679 4822 834 4899 apte.
851 4813 1564 4899 Synnas—'Vultauctor
1577 4813 1899 4899 ntonnullos

260 4886 489 4961 viduam
518 4886 732 4961 virgini
758 4889 1058 4959 praeferre,
1110 4907 1179 4946 eo
1225 4891 1384 4961 quod
1423 4892 1730 4947 difﬁcilius
1760 4894 1835 4946 sit
1867 4908 1901 4947 a

259 4957 651 5038 voluptatibus
670 4957 1023 5031 temperare,
1039 4979 1187 5033 quas
1209 4957 1698 5038 ciperti_fuimus.
1720 4980 1898 5038 quam

263 5029 328 5103 ab
358 5029 498 5089 illis.
532 5047 680 5101 quas
711 5029 1019 5102 nunquam
1057 5029 1380 5089 sensim-us.
1414 5034 1689 5089 Clemens
1722 5029 1893 5103 intra,

261 5102 452 5179 Strom.
484 5119 585 5179 vni,
622 5118 750 5174 pag.
788 5105 891 5179 7&4
945 5105 1085 5179 edit.
1144 5106 1330 5179 Paris.
1364 5122 1392 5179 :_
1419 5104 1683 5179 Μεγιστον
1715 5102 1895 5179 γᾶρᾲέν

259 5170 756 5250 πείραμγενόμένον,
790 5173 930 5250 εἶτα-
952 5175 1308 5250 ἀποσχέσθαι.
1341 5174 1417 5250 ’τίΔ
1447 5170 1546 5249 γὰρ
1600 5170 1753 5249 μὲγοί.
1788 5170 1839 5231 εἴ
1867 5175 1899 5230 ἆ

267 5240 510 5319 μήὀῖδὶν
537 5240 645 5310 τις,
679 5243 1055 5319 ἐγκρατεόοιτο
1084 5240 1159 5307 :"«
1196 5251 1299 5303 Est
1328 5240 1487 5303 enim
1515 5240 1610 5305 res
1643 5240 1900 5306 maxima

264 5333 383 5393 cum
412 5318 543 5390 quis
575 5319 936 5393 voluptatem
965 5325 1240 5391 expertus
1260 5320 1459 5393 fuerit,
1483 5321 1765 5393 deinceps
1796 5323 1897 5377 ab-

267 5388 496 5463 stinere.
531 5390 681 5457 Quid
713 5388 1205 5463 enimgmag'num,
1249 5392 1296 5447 si
1344 5393 1476 5463 quis
1508 5410 1569 5448 se
1600 5388 1901 5449 contineat

267 5458 329 5540 ab
355 5460 429 5540 iis
461 5480 592 5540 qua:
619 5461 922 5540 non_novit
941 5462 970 5517 ?
996 5458 1024 5513 ii
1046 5458 1230 5540 _Pau_lo
1257 5458 1413 5540 ante,
1449 5482 1506 5540 p,
1533 5468 1645 5540 742
1670 5465 1772 5540 :_'O
1793 5464 1897 5540 γὰρ

270 5526 623 5604 ἱπιθυμῆσας,
672 5533 760 5588 καὶ
818 5532 1108 5609 κατασχὼν
1166 5526 1650 5612 ἑαυτοῦ,’κᾶθάπερ
1680 5538 1713 5606 ἡ
1748 5526 1900 5612 χήρα

2013 4481 2133 4518 non
2163 4470 2444 4534 appetere
2474 4462 2631 4533 quod
2662 4463 2914 4527 nescias,
2940 4468 2997 4517 et
3026 4462 3281 4517 aversari
3314 4462 3472 4531 quod
3502 4462 3661 4519 desi-

2010 4535 2308 4590 deraveris
2363 4550 2694 4604 nunquam.
2747 4534 3066 4589 Floriosior
3104 4534 3492 4601 continentia,
3525 4551 3657 4605 quas

2002 4607 2105 4679 jus
2132 4622 2307 4679 suum
2338 4606 2538 4679 sentit,
2585 4622 2716 4679 quas
2766 4605 2923 4679 quod
2969 4604 3183 4679 viderit
3218 4605 3659 4679 novit.__Poterit

2010 4676 2171 4749 virgo
2192 4677 2425 4732 felicior
2446 4677 2646 4749 haberi
2667 4695 2679 4743 ;
2705 4683 2765 4732 at
2779 4677 2953 4731 vidua
2971 4677 3351 4749 laboriosior;
3372 4676 3476 4749 illa
3498 4678 3657 4749 quod

2008 4748 2233 4804 bonum
2265 4765 2500 4819 semper
2520 4748 2750 4813 habuit,
2775 4749 2888 4803 ista
2909 4748 3067 4818 quod
3098 4748 3319 4803 bonum
3348 4748 3458 4802 sibi
3491 4748 3657 4805 inve-

2011 4822 2118 4875 nit.
2147 4843 2174 4869 »
2206 4820 2533 4891 Cyprianus
2556 4822 2630 4874 De
2652 4821 2790 4873 bono
2806 4822 3092 4890 patientiae
3116 4836 3134 4872 :
3156 4842 3184 4891 φ)
3216 4821 3434 4874 Tuetur
3454 4820 3515 4874 in
3538 4821 3652 4875 vir-

2007 4890 2507 4964 ginibusbeatam
2540 4892 2960 4964 integritatem,
2990 4892 3051 4945 in
3072 4890 3267 4964 viduis
3296 4891 3653 4964 laboriosam

2009 4963 2360 5019 castitatem.
2388 4987 2407 5010 -
2433 4963 2823 5034 Hieronymus
2839 4963 3440 5034 epist.adGerontiam
3458 4980 3471 5017 :
3492 4987 3512 5012 ιι
3532 4964 3651 5017 Vir-

2008 5036 2224 5108 ginitas
2248 5034 2307 5088 in
2332 5034 2653 5108 eofacilior
2674 5038 2782 5101 est,
2809 5037 2971 5108 quod,
2988 5034 3183 5108 carnis
3211 5035 3505 5108 incentiva
3529 5052 3652 5108 non

2009 5106 2207 5171 novit;
2234 5110 2291 5159 et
2319 5106 2575 5179 viduitas
2603 5106 2663 5159 in
2695 5122 2761 5159 eo
2786 5106 3115 5175 sollicitior,
3142 5106 3298 5177 quod
3321 5107 3651 5179 praeteritas

2008 5179 2208 5234 animo
2241 5178 2450 5231 recolit
2478 5178 2827 5247 voluptates.
2863 5200 2890 5227 ››

2079 5251 2197 5321 (51),
2224 5252 2527 5321 Κασσιανῷ.
2580 5248 2683 5303 llle
2734 5250 3007 5321 superius
3053 5249 3275 5306 dicitur
3326 5253 3426 5315 τῆς
3473 5247 3652 5314 Δοκή-

2007 5341 2141 5382 σεως
2169 5319 2378 5389 ἅρχων,
2400 5344 2426 5373 ‹‹
2453 5326 2626 5377 sectae
2649 5319 2996 5377 Docetarum
3020 5322 3317 5394 princeps,
3345 5343 3366 5371 ι
3392 5335 3523 5392 pag.
3546 5321 3649 5372 465

2010 5395 2149 5451 edit.
2182 5395 2367 5451 Paris.

2079 5466 2192 5538 (52)
2221 5462 2489 5536 Πλησίον.
2520 5460 2764 5535 Πλησίον
2797 5463 2983 5533 αὐτοῦ,
3014 5467 3227 5538 Jerem.

2080 5530 2187 5610 (53)
2217 5530 2340 5593 Καῖ
2370 5539 2398 5593 ὁ
2450 5559 2508 5611 μ.
2568 5530 2677 5595 Isa.
2737 5555 2845 5595 XL:
2903 5530 3198 5611 Έξηράνθη
3231 5533 3259 5586 ὁ
3292 5531 3516 5607 χόρτος,
3557 5530 3645 5586 καὶ
