4034 6148
293 210 433 267 120⁸7

1544 209 1954 264 CLEMENTIS
1988 209 2495 265 ALEXANDBINI

3566 206 3724 263 1208

291 336 466 401 femi;
490 338 551 390 et
570 333 776 390 fenum
798 330 1040 404 quidem
1066 330 1534 400 exsiccatur,ilos
1556 338 1755 387 autem
1775 331 1938 387 deci-

2055 327 2201 384 ἀλλά
2246 329 2311 384 τὸ
2357 329 2510 405 ῥῆμα
2548 333 2647 385 τοῦ
2697 328 2899 405 Κυρίου
2956 330 3123 402 μένει,
3164 350 3194 381 ιο
3241 331 3304 384 τὸ
3354 334 3552 406 χρῖσαν
3604 333 3720 401 τήν

294 424 514 489 dit,sed
530 425 773 481 verbum
796 422 1029 477 Domini
1052 427 1282 486 manet;
1303 426 1432 488 tab,»
1454 421 1610 491 quod
1627 421 1795 476 unxit
1810 422 1937 476 ani-

294 533 453 573 mam
487 521 543 570 et
574 511 996 583 uniitspiritui.
1018 510 1321 576 Quomodo
1347 517 1568 579 autem,
1593 528 1725 582 quae
1757 518 1847 566 est
1876 513 1937 565 in

293 605 558 661 Ecclesia
588 608 811 668 nostra,
842 601 1174 657 moonomia
1221 600 1294 655 ad
1348 601 1528 655 ﬁnem
1559 601 1800 672 perduci
1834 618 1938 671 po-

293 695 508 749 tuisset
535 693 761 763 absque
806 707 1075 761 corpore,
1122 707 1259 746 cum
1308 691 1487 745 etiam
1535 691 1685 761 ipse,
1718 690 1818 760 qui
1851 696 1942 744 est

292 788 469 854 caput
489 782 787 847 Ecclesia),
810 780 873 834 in
896 796 1072 834 carne
1101 779 1341 849 quidem
1365 779 1637 833 informis
1665 784 1719 833 et
1742 778 1937 849 specie

290 888 500 927 carens
530 871 709 925 vitam
740 870 995 935 transiit,
1030 876 1094 923 ut
1133 868 1374 924 doceret
1403 885 1511 923 nos
1543 868 1838 939 respicere
1864 866 1938 921 ad

290 967 565 1015 naturam
598 959 809 1013 divinae
836 974 1027 1012 causaa
1050 956 1367 1011 informem
1396 961 1455 1009 et
1484 955 1895 1025 incorpoream
1914 953 1942 1008 ‘I

296 1072 323 1099 ‹‹
354 1048 545 1104 Arbor
566 1048 726 1103 enim
749 1048 903 1113 vitm,
922 1069 950 1096 ι)
974 1046 1169 1116 inquit
1189 1046 1498 1118 propheta,
1524 1069 1543 1093 ι
1571 1050 1661 1099 est
1690 1045 1751 1098 in
1784 1044 1938 1098 bono

291 1137 588 1195 desiderio
602 1138 733 1208 (b),n
755 1136 975 1191 docens
990 1135 1148 1189 bona
1164 1140 1223 1189 et
1242 1134 1464 1189 munda
1486 1133 1941 1203 desideria,quaa

294 1233 435 1283 sunt
462 1227 524 1282 in
550 1226 799 1281 Domino
826 1225 1073 1279 vivente.
1104 1224 1232 1279 Jam
1264 1240 1399 1278 vero
1434 1223 1640 1277 volunt
1667 1223 1772 1276 viri
1804 1238 1940 1277 cum

291 1333 475 1372 uxore
498 1316 559 1371 in
581 1314 964 1371 matrimonio
987 1312 1507 1378 consuetudinem,
1524 1329 1655 1383 quae
1675 1312 1832 1367 dicta
1853 1317 1944 1366 est

293 1427 321 1456 α
355 1404 633 1477 cognitio,
670 1427 695 1453 υ
732 1420 860 1458 esse
892 1409 1239 1474 peccatum:
1274 1418 1404 1457 eam
1437 1402 1656 1473 quippe
1687 1400 1940 1455 indicari

292 1510 363 1548 ex
393 1510 496 1548 esu
518 1516 545 1543 (ι
571 1493 713 1565 ligni
735 1493 877 1547 boni
901 1492 1120 1547 etmali
1139 1492 1233 1563 (ο),
1255 1514 1282 1540 ››
1306 1508 1413 1562 per
1444 1491 1941 1562 signiﬁcationem

290 1583 467 1655 hujus
491 1582 757 1638 vocabuli
786 1602 807 1630 ι
834 1581 1104 1654 cognovit
1123 1582 1220 1650 (ἀ),
1245 1603 1270 1629 ι»
1294 1597 1426 1651 quas
1450 1576 1714 1635 mandati
1748 1585 1942 1634 trans-

289 1673 656 1745 gressionem
687 1676 873 1727 notat.
909 1671 964 1725 Si
996 1676 1195 1725 autem
1252 1670 1364 1724 hoc
1412 1670 1496 1724 ita
1536 1675 1644 1734 est,
1679 1669 1941 1723 veritatis

290 1778 526 1833 quoque
557 1761 836 1833 cognitio,
872 1764 962 1814 est
1016 1775 1151 1814 esus
1200 1758 1344 1831 ligni
1391 1759 1542 1813 vita).
1578 1760 1779 1812 Potest
1808 1774 1945 1830 ergo

286 1851 607 1906 honestum
637 1866 706 1905 ac
736 1848 1110 1904 moderatum
1136 1849 1586 1903 matrimonium
1613 1847 1775 1901 illius
1799 1864 1948 1917 quo-

291 1956 405 2009 que
437 1939 582 2010 ligni
612 1955 742 1993 esse
765 1937 1081 2009 particeps.
1105 1936 1281 1991 Nobis
1300 1943 1494 1991 autem
1520 1937 1686 2007 prius
1717 1935 1944 1990 dictum

291 2033 400 2094 est,
422 2027 579 2097 quod
602 2027 741 2081 licet
762 2027 911 2081 bene
934 2031 988 2080 et
1014 2025 1168 2080 male
1192 2026 1277 2079 uti
1306 2026 1685 2080 matrimonio
1712 2041 1725 2078 :
1751 2030 1810 2079 et
1834 2024 1945 2078 hoc

291 2121 381 2171 est
410 2116 639 2187 lignum
671 2137 698 2165 ι(
734 2114 1110 2187 cognitionis,
1146 2137 1168 2166 ι
1207 2115 1254 2168 si
1289 2131 1406 2168 non
1441 2112 1946 2185 transgrediamur

290 2204 450 2277 leges
483 2204 870 2260 matrimonii.
906 2203 1057 2269 Quid
1088 2219 1223 2257 vero
1248 2203 1275 2258 Ἰ
1304 2219 1505 2257 annon
1537 2203 1807 2257 Servator
1836 2218 1943 2255 no-

294 2299 435 2360 ster,
462 2293 617 2347 sicut
634 2293 917 2357 animam,
937 2293 1019 2347 ita
1039 2292 1217 2345 etiam
1241 2308 1455 2362 corpus
1472 2291 1699 2345 curavit
1720 2289 1791 2344 ab
1810 2290 1946 2344 aﬂ‘e-

292 2382 591 2437 ctionibus
609 2382 636 2437 ‘I
657 2384 855 2452 Neque
874 2397 1010 2435 vero
1035 2381 1081 2434 si
1107 2386 1265 2435 esset
1286 2396 1420 2434 caro
1444 2379 1686 2433 inimica
1706 2378 1941 2445 animae,

294 2472 602 2526 inimicam
633 2488 739 2542 per
769 2469 1040 2524 sanitatis
1070 2469 1512 2523 restitutionem
1542 2467 1821 2523 adversus
1853 2468 1945 2538 ip-

298 2576 423 2615 sam
458 2560 791 2615 muniisset.
843 2579 869 2606 «
906 2558 1023 2611 Hoc
1067 2562 1266 2611 autem
1317 2556 1469 2623 dico,
1516 2556 1748 2619 fratres,
1783 2555 1944 2626 quod

286 2649 350 2711 ›Χ‹
373 2665 509 2704 caro
538 2653 596 2703 et
626 2646 866 2718 sanguis
898 2661 1143 2718 regnum
1177 2645 1279 2700 Dei
1311 2661 1430 2700 non
1464 2651 1716 2716 possunt
1744 2644 1942 2715 possi-

290 2737 453 2804 dere,
472 2754 667 2808 neque
687 2736 985 2806 corruptio
1002 2734 1785 2806 possidetincorruptionem
1809 2734 1940 2806 (3).»

288 2826 603 2880 Peccatum
637 2824 819 2890 enim,
852 2840 986 2878 cum
1018 2824 1096 2877 sit
1121 2848 1140 2871 ι
1177 2824 1498 2894 corruptio,
1533 2846 1562 2873 »
1594 2840 1715 2878 non
1746 2828 1943 2895 potest

285 2914 504 2968 habere
537 2913 880 2968 societatem
912 2927 1048 2965 cum
1071 2934 1097 2960 «
1124 2912 1593 2983 incorruptione,
1630 2935 1657 2961 ››
1690 2930 1821 2984 quin
1854 2918 1945 2969 est

279 3002 533 3072 justitia.
568 3023 595 3049 «
630 3000 794 3055 Adeo
828 2998 1014 3069 stulti,
1049 3020 1076 3048 »
1113 2999 1329 3070 inquit,
1378 3022 1405 3050 ‹‹
1439 3001 1625 3056 estis?
1653 3018 1788 3057 cum
1823 3002 1940 3073 spi-

282 3089 403 3145 ritu
432 3088 748 3161 coeperitis,
796 3104 956 3145 nunc
1006 3105 1183 3144 carne
1235 3091 1736 3146 consummamini
1764 3092 1828 3163 (f)
1852 3090 1879 3144 ?
1910 3111 1938 3139 ››
1972 3073 2015 3140 C

2045 421 2233 493 ψυχὴν
2286 420 2374 474 καὶ
2436 421 2643 492 ἐνῷσαν
2696 424 2777 492 τῷ
2833 418 3125 492 πνεύματι.
3180 424 3303 482 Πῶς
3339 416 3382 474 δ’
3437 422 3557 476 ανευ
3608 424 3721 476 τοῦ

2046 507 2300 580 σώματος
2399 508 2536 563 κατὰ
2585 510 2684 578 τὴν
2742 508 3072 580 Ἐκκλησίαν
3127 509 3246 563 καθ’
3298 511 3448 581 ἡμᾶς
3490 509 3721 564 οἰκονο-

2049 596 2145 669 μία
2199 596 2359 659 τὲλος
2417 592 2743 669 ἐλὰμϐανεν,
2803 597 2942 653 ὅπου
3001 619 3060 672 γε
3118 597 3208 653 καὶ
3240 597 3395 659 οὗτὸς
3427 600 3462 667 ἡ
3495 598 3714 676 κεφαλῆ

2042 692 2144 754 τῆς
2178 683 2505 756 Ἐκκλησίας
2549 686 2602 741 ἐν
2661 686 2820 760 σαρκὶ
2885 687 2981 759 μὲν
3031 685 3211 756 ἀηδὴς
3241 690 3353 759 (54)
3384 684 3718 756 διελήλυθεν

2045 775 2137 829 καὶ
2188 772 2457 852 ἄμορφος,
2503 775 2579 837 εἰς
2625 777 2687 831 τὸ
2734 772 2911 837 ἀειδὲς
2952 777 3043 830 καὶ
3095 776 3387 849 ἀσώματον
3429 782 3527 845 τῆς
3560 776 3719 840 θείας

2046 862 2223 925 αἰτίας
2280 859 2613 919 ἀποϐλέπειν
2671 867 2821 937 ἡμᾶς
2873 860 3187 934 διδασκωνς
3246 888 3275 915 ι(
3322 860 3549 940 Δένδρον
3606 866 3713 940 γαρ

2050 957 2217 1022 ζωῆς,
2274 977 2302 1005 ››
2364 952 2527 1029 φησὶν
2606 954 2635 1008 ὁ
2708 954 2999 1030 προφήτης
3056 958 3193 1026 (55),
3254 977 3283 1005 «
3334 952 3386 1007 ἐν
3442 951 3718 1026 ἐπιθυμίᾳ

2046 1041 2227 1117 ἀγαθῇ
2275 1042 2503 1118 γίνεται,
2549 1065 2579 1093 ››
2638 1038 2905 1096 διδάσκων
2964 1040 3262 1116 ἐπιθυμίας
3319 1041 3561 1104 ἀστείους
3616 1043 3714 1098 καὶ

2046 1130 2285 1205 καθαρὰς
2317 1130 2411 1191 τὰς
2441 1130 2493 1184 ἐν
2538 1134 2613 1202 τῷ
2647 1135 2806 1199 ζῶντι
2857 1129 3072 1205 Κυρίῳ.
3139 1127 3285 1201 ’Ἠδη
3342 1128 3401 1186 δὲ
3457 1129 3715 1195 ἐθέλουσι

2046 1220 2146 1288 τήν
2204 1215 2394 1293 ἀνδρὸς
2448 1219 2584 1273 κατά
2663 1217 2841 1295 γάμον
2926 1218 3061 1293 πρὸς
3142 1223 3375 1293 γυναῖκα
3454 1218 3711 1291 ὁμιλίαν,

2055 1332 2076 1358 ιι
2112 1311 2372 1382 γνῶσιν»
2422 1307 2741 1382 εὶρημὲνης,
2802 1307 3067 1383 ἁμαρτίαν
3130 1308 3286 1362 εἶναι’
3346 1307 3549 1378 ταύτην
3605 1309 3712 1382 γὰρ

2052 1395 2156 1451 ὑπὸ
2186 1402 2286 1466 τῆς
2341 1396 2598 1472 βρώσεως
2644 1396 2942 1469 μηνύεσθαι
2991 1422 3019 1449 (ι
3050 1400 3148 1452 τοῦ
3197 1396 3362 1468 ξύλου
3406 1400 3501 1452 τοῦ
3531 1396 3708 1452 καλοῦ

2050 1485 2141 1539 καὶ
2174 1489 2439 1561 πονηροῦ,
2476 1510 2502 1535 »ι
2566 1482 2655 1540 διὰ
2708 1491 2809 1555 τῆς
2856 1489 2955 1541 τοῦ
3013 1510 3040 1537 (ι
3070 1481 3206 1560 ἔγνω
3240 1509 3269 1537 »
3302 1484 3570 1558 σημασίας
3597 1506 3704 1540 πα-

2036 1568 2280 1651 ράϐασιν
2331 1573 2556 1644 ἐντολῆς
2602 1571 2979 1631 διδάσκουσαν.
3013 1573 3077 1631 Ei
3109 1571 3167 1629 δὲ
3196 1578 3380 1647 τοῦτο,
3419 1574 3510 1629 καὶ
3541 1576 3573 1644 ἡ
3606 1581 3709 1644 τῆς

2055 1660 2316 1733 ἀληθείας
2348 1667 2550 1737 γνῶσις
2611 1662 2814 1738 βρῶσίς
2871 1662 2981 1717 ἐστι
3037 1666 3135 1718 τοῦ
3192 1662 3358 1733 ξύλου
3405 1670 3503 1732 τῆς
3535 1668 3707 1731 ζωῆς.

2056 1752 2240 1807 Ἔστιν
2294 1752 2385 1806 οὖν
2444 1751 2694 1807 κάκείνου
2748 1756 2846 1807 τοῦ
2904 1751 3068 1823 ξύλου
3119 1747 3447 1825 μεταλαϐεῖν
3478 1752 3565 1806 τὸν
3596 1752 3710 1806 σώ-

2055 1861 2227 1919 φρονα
2254 1840 2453 1917 γάμον.
2505 1841 2833 1918 Προείρηται
2891 1838 2949 1897 δέ
3005 1843 3140 1914 ἡμῖν
3186 1842 3259 1904 ὠς
3287 1841 3377 1896 καὶ
3408 1839 3586 1902 καλῶς
3612 1844 3709 1895 καί

2054 1936 2235 1995 κακῶς
2264 1926 2375 1986 ἔστι
2436 1933 2743 2007 χρήσασθαι
2802 1936 2882 2005 τῷ
2936 1933 3120 2008 γάμῳ·
3181 1931 3271 1985 καὶ
3327 1933 3476 1986 τοῦτ’
3505 1924 3614 1985 ἔστι
3641 1931 3711 1985 τὸ

2055 2019 2216 2091 ξύλον
2278 2045 2305 2073 ‹‹
2352 2023 2450 2090 τῆς
2498 2021 2775 2096 γνώσεως,
2811 2046 2840 2073 ››
2898 2021 2986 2076 ἐὰν
3050 2022 3127 2095 μὴ
3185 2026 3587 2094 παρανομῶμεν
3612 2019 3708 2075 τὸν

2053 2111 2257 2184 γάμον.
2290 2110 2350 2164 Τί
2384 2107 2440 2165 δὲ
2468 2131 2482 2179 ;
2535 2110 2661 2186 οὐχὶ
2696 2112 2723 2165 ὁ
2758 2112 2979 2187 Σωτὴρ,
3030 2111 3212 2186 ὥσπερ
3241 2112 3343 2179 τήν
3375 2112 3583 2185 ψυχὴν,
3612 2108 3707 2164 οὕ-

2051 2221 2130 2255 τω
2163 2197 2219 2254 δὲ
2248 2200 2339 2255 καὶ
2379 2200 2441 2254 τὸ
2500 2205 2659 2273 σῶμα
2711 2201 2830 2255 ἱᾶτο
2885 2205 2993 2255 τῶν
3050 2204 3233 2255 παθῶν
3266 2220 3278 2269 ;
3314 2199 3427 2257 Οὐκ
3456 2198 3516 2253 ἂν
3549 2196 3628 2270 δὲ,
3660 2198 3710 2254 εί

2053 2288 2228 2364 ἐχθρὰ
2259 2291 2293 2358 ἡ
2328 2289 2455 2361 σὰρξ
2512 2288 2578 2358 ἦν
2635 2296 2738 2359 τῆς
2796 2293 3005 2365 ψυχῆς,
3063 2289 3401 2366 ἐπετείχιζεν
3434 2289 3572 2362 αὐτῇ
3604 2289 3703 2357 τὴν

2052 2376 2253 2451 ἐχθρὰν
2284 2374 2355 2431 δι’
2385 2375 2593 2451 ύγιείας
2647 2376 2938 2447 ἐπικιάζων
2999 2380 3129 2452 (56).
3193 2402 3219 2429 ‹‹
3250 2382 3419 2433 Τοῦτο
3452 2374 3509 2432 δὲ
3535 2399 3703 2455 φημι,

2051 2464 2303 2542 ἀδελφοί,
2337 2465 2420 2521 ὅτι
2452 2467 2579 2541 σάρξ
2610 2466 2699 2520 καὶ
2751 2470 2891 2540 αἷμα
2951 2467 3225 2543 βασιλείαν
3262 2471 3396 2521 Θεοῦ
3425 2465 3701 2542 κληρονο-

2056 2558 2224 2627 μῆσαι
2254 2552 2313 2607 οὐ
2346 2550 2562 2609 δύναται
2614 2559 2746 2628 (57)·
2810 2553 2936 2609 οὐδὲ
2968 2557 3001 2624 ἡ
3036 2555 3211 2633 φθορά
3255 2556 3355 2623 τήν
3409 2553 3703 2632 ἀφθαρσίαν

2052 2645 2412 2716 κληρονομεῖ·
2443 2667 2472 2695 ››
2504 2646 2538 2712 ἡ
2570 2644 2673 2719 γὰρ
2707 2643 2965 2719 ἁμαρτία,
3011 2669 3038 2695 ι(
3075 2643 3249 2722 φθορά
3282 2667 3308 2695 ››
3342 2643 3495 2713 οὗσα,
3528 2644 3590 2699 οὐ
3617 2640 3708 2697 δύ-

2051 2753 2200 2787 ναται
2250 2732 2537 2787 κοινωνίαν
2569 2730 2716 2809 ἔχειν
2752 2733 2889 2806 μετά
2937 2739 3038 2802 τῆς
3096 2755 3126 2788 ιι
3154 2733 3471 2812 ἀφθαρσίας,
3500 2757 3519 2784 ι
3580 2732 3705 2803 ἥτις

2052 2820 2164 2877 ἐστὶ
2197 2820 2537 2893 δικαιοσύνη.
2600 2846 2626 2871 ‹‹
2659 2822 2847 2882 Οὕτως
2897 2822 3143 2893 ἀνόητοι,
3174 2846 3201 2874 ›ι
3263 2821 3452 2899 φησὶν,
3483 2845 3511 2874 ι(
3544 2818 3703 2890 icti;

2052 2909 2403 2986 ἐναρξάμενοι
2458 2910 2748 2982 πνεύματι,
2787 2910 2878 2964 νῦν
2934 2910 3091 2985 σαρκὶ
3155 2908 3456 2966 ἐπιτελεῖ-τε
3485 2913 3640 2985 (58);
3674 2933 3704 2960 ››

1754 3263 1985 3318 CAPUT
2050 3263 2246 3319 XVIII.

285 3363 433 3416 Duas
454 3366 723 3415 extremas
749 3362 1030 3430 opiniones
1054 3376 1163 3416 esse
1190 3362 1484 3415 vitandas:
1532 3359 1777 3429 primam
1836 3361 2060 3415 illorum
2115 3363 2214 3430 qui
2270 3361 2544 3417 Creatoris
2597 3362 2724 3416 odio
2768 3378 2803 3416 a
2848 3363 3060 3431 nuptiis
3107 3362 3422 3427 abstinent;
3469 3361 3702 3416 alteram

925 3432 1149 3485 illorum
1175 3435 1273 3502 qui
1295 3433 1422 3487 hinc
1444 3434 1775 3486 occasionem
1796 3433 2075 3502 arripiunt
2093 3434 2326 3501 nefariis
2358 3433 2679 3488 libidinibus
2707 3432 3055 3502 indulgendi.

353 3588 647 3644 Justitiam
670 3604 805 3660 ergo
829 3592 887 3643 et
907 3587 1115 3642 salutis
1139 3586 1533 3654 harmoniam,
1571 3603 1703 3657 quae
1735 3592 1825 3641 est
1845 3602 1937 3640 ve-

282 3677 548 3733 neranda
581 3678 890 3748 firmaque,
915 3676 1016 3732 alii
1042 3676 1301 3747 quidem,
1329 3681 1394 3730 ut
1423 3677 1820 3743 ostendimus,
1842 3676 1935 3730 ni-

281 3766 469 3821 mium
499 3765 910 3832 intenderunt,
963 3765 1308 3835 blaspheme
1358 3782 1425 3820 ac
1473 3765 1759 3820 maledice
1800 3782 1933 3820 cum

284 3856 490 3925 quavis
521 3855 826 3926 impietate
858 3855 1254 3925 suscipientes
1298 3855 1765 3921 continentiam;
1796 3872 1932 3910 cum

283 3944 379 4015 pie
412 3943 617 3999 liceret
647 3945 998 4005 castitatem.
1024 3959 1154 4014 quae
1178 3942 1505 3997 secundum
1534 3960 1740 3998 sanam
1768 3960 1931 4015 regu-

283 4032 402 4088 lam
422 4032 1027 4102 instituitur,eligere;
1051 4030 1274 4103 gratias
1295 4030 1531 4100 quidem
1557 4030 1785 4103 agendo
1804 4048 1931 4102 pro-

284 4126 416 4191 pter
436 4121 631 4175 datam
655 4121 799 4191 ipsis
819 4119 1089 4190 gratiam,
1116 4136 1236 4173 non
1261 4118 1533 4173 habendo
1564 4124 1761 4173 autem
1796 4118 1931 4173 odio

282 4214 635 4276 creaturam,
660 4224 853 4278 neque
886 4224 987 4261 eos
1014 4206 1411 4278 aspernando,
1444 4207 1759 4277 quijuncti
1795 4214 1933 4262 sunt

281 4296 665 4355 matrimonio
691 4314 704 4364 ;
738 4300 828 4351 est
856 4295 1015 4350 enim
1040 4303 1272 4350 creatus
1301 4294 1579 4362 mundus,
1613 4301 1811 4351 creata
1841 4300 1932 4349 est

348 4450 411 4513 ιι(
438 4452 497 4505 Ρ.
525 4452 629 4504 560
658 4449 768 4504 ΕΣ).
804 4448 1094 4503 POTTER.
1131 4449 1225 4501 471
1262 4448 1372 4502 ED.
1403 4447 1635 4502 PARIS.
1663 4446 1741 4519 (a)
1773 4448 1884 4501 Isa.
1917 4462 2008 4517 XL,

277 4539 352 4591 1v,
388 4526 436 4578 l.
472 4522 541 4592 (e)
574 4522 595 4575 l
625 4522 755 4576 Cor.
788 4537 879 4590 xv,
908 4522 997 4585 50,
1038 4522 1083 4572 l.
1116 4519 1184 4591 (fl
1217 4519 1401 4574 Galat.
1437 4535 1521 4588 ιιι,
1548 4520 1598 4572 3.

278 4671 342 4743 τὸ
390 4666 560 4743 εἰὶνθοςΔ
594 4666 823 4737 ἐξέπεσε,
874 4668 936 4723 τὸ
990 4664 1047 4722 δὶ
1101 4666 1253 4743 ῥῆμα
1290 4670 1386 4722 τοῦ
1416 4671 1550 4723 Θεοῦ
1580 4668 1741 4739 ἡμῶν
1778 4666 1926 4739 μένει

282 4742 359 4801 εἲς
384 4741 477 4794 τὸν
510 4738 699 4793 αἶ’ὦνα.

354 4814 464 4884 (54)
495 4808 734 4884 Ἀηδῇςη
758 4812 923 4884 Haud
948 4812 1100 4884 scio,
1129 4828 1204 4867 an
1235 4813 1428 4867 verius
1462 4807 1667 4878 ἀειδής.
1700 4816 1766 4865 ut
1797 4827 1929 4884 mox

283 4881 572 4955 sequitur,
602 4883 664 4935 τὸ
713 4881 902 4944 ἀειδὲς.
937 4883 1210 4939 SYLBURG.
1246 4915 1309 4955 _—
1345 4886 1543 4955 Recte,
1570 4899 1708 4955 nam
1743 4882 1929 4955 respi-y

282 4950 597 5013 cit-auctor
647 4955 755 5024 lsa.
789 4973 905 5021 Lm,
940 4956 1009 5008 3:
1063 4955 1133 5008 Τὸ
1193 4952 1333 5015 εἶδος
1392 4950 1561 5007 αὐτοῦ
1613 4950 1803 5024 ἄτιμον
1838 4950 1926 5006 καὶ

281 5024 534 5098 ἐκλεῖπον
565 5023 709 5096 παρά
734 5024 859 5098 τοὺς
891 5024 1041 5085 υἱοὺς
1072 5030 1177 5079 τῶν
1212 5027 1540 5098 ἀνφρώπων.
1574 5023 1713 5091 Quae
1753 5026 1929 5081 verba

282 5100 354 5155 de
385 5095 617 5151 Christo
649 5095 922 5164 explicat,
956 5113 1089 5151 cum
1139 5095 1294 5154 aliis
1321 5095 1618 5164 'Patribus,
1650 5098 1927 5155 Clemens

282 5171 459 5227 etiam
490 5172 692 5220 noster
710 5167 952 5241 Alfa‘dag.
1014 5168 1140 5241 lib,
1174 5187 1257 5237 ιιι,
1319 5171 1426 5224 sub
1487 5172 1668 5226 finem
1709 5186 1835 5241 cap.
1876 5173 1922 5235 l,

279 5244 485 5299 Strom.
522 5255 580 5295 ιι.
615 5254 671 5307 p.
707 5236 809 5289 368
840 5239 979 5291 edit.
1014 5239 1197 5294 Paris.

350 5314 465 5385 (55)
500 5308 1210 5385 llposljtr,c._Sal_omonem
1246 5310 1534 5383 designat.
1559 5311 1729 5380 cujus
1750 5309 1926 5364 verba

282 5379 421 5441 sunt
450 5379 615 5436 Prov.
631 5379 760 5452 'xin.
779 5381 873 5452 l2.
902 5379 1191 5452 Eumdem
1214 5379 1564 5452 propnetam
1595 5379 1761 5435 v0cat
1791 5395 1921 5451 pag.

278 5458 378 5510 471
412 5460 472 5508 et
500 5451 696 5523 p.674
724 5449 864 5523 edit.
899 5449 1085 5523 Paris.
1119 5449 1335 5523 Lovv'rni

351 5527 466 5598 (56)
500 5520 518 5523 “
547 5521 931 5591 Ἐπισκιάζων.
1046 5522 1434 5578 Scribendum
1535 5520 1923 5592 ἐπισκευάζων,

2116 3584 2225 3651 Τὴν
2260 3580 2609 3655 δικαιοσύνην
2670 3586 2850 3641 τοίνυν
2899 3586 2989 3641 καὶ
3046 3587 3145 3654 τὴν
3173 3586 3435 3658 ἁομονίαν
3465 3590 3563 3641 τοῦ
3593 3606 3704 3641 σω-

2043 3671 2261 3744 τηρίου,
2313 3675 2515 3745 σεμνὴν
2566 3674 2724 3729 ὀῦσαν
2772 3674 2862 3729 καὶ
2916 3670 3159 3751 βεϐαίαν,
3194 3675 3245 3729 οἱ
3283 3678 3377 3748 μεν
3406 3674 3701 3745 ἐπέτειναν,

2047 3759 2122 3820 ὡς
2164 3758 2505 3833 ἐπεδείξαμεν
2566 3766 2694 3835 (59),
2759 3762 3105 3841 βλασφήμως
3155 3760 3509 3838 ἐκδεχόμενοι
3567 3765 3703 3837 μετὰ

2044 3849 2221 3918 πάσης
2284 3850 2580 3919 ἀθεότητος
2633 3854 2734 3919 τὴν
2786 3851 3121 3926 ἐγκράτειαν·
3180 3852 3294 3922 ἐξὸν
3355 3851 3697 3922 ἐλέσθαιτὴν

2045 3936 2332 4013 εύνουχίαν
2391 3940 2528 3992 κατά
2596 3941 2687 3994 τὸν
2769 3941 2894 4015 ὑγιῆ
2971 3942 3169 3995 κανόνα
3230 3943 3346 4013 μετ’
3403 3940 3690 4002 εύσεόείας·

2045 4025 2470 4101 εὐχαριστοῦντα
2508 4031 2624 4103 (60)
2684 4030 2779 4101 μὲν
2839 4029 2927 4083 ἐπὶ
2985 4033 3053 4104 τῇ
3112 4027 3331 4105 δοθείσῃ
3392 4031 3595 4105 χάριτι,
3629 4029 3689 4084 ού

2046 4120 2307 4187 μισοῦντα
2364 4114 2421 4171 δὲ
2467 4119 2566 4187 τήν
2616 4118 2814 4189 κτίσιν,
2867 4113 2992 4174 οὐδέ
3042 4118 3422 4188 ἐξουθενοῦντα
3457 4119 3583 4182 τοὺς
3610 4140 3695 4193 γει

2039 4207 2381 4281 γαμηκότας·
2443 4208 2660 4269 κτιστὸς
2713 4208 2816 4281 γὰρ
2872 4208 2900 4261 ὁ
2975 4206 3208 4280 κόσμος,
3265 4211 3457 4278 κτιστὴ
3515 4209 3602 4263 καὶ
3662 4211 3690 4277 ἦ

2042 4293 2320 4370 εὐνουχία·
2386 4292 2553 4369 ἄμφω
2612 4292 2668 4349 δί
2708 4294 3178 4370 εὐχαριστούντων
3236 4295 3287 4350 ἐν
3343 4298 3425 4358 οἷς
3466 4296 3694 4372 ἐτάχθηο

2041 4449 2092 4515 6,
2147 4451 2201 4514 7,
2253 4449 2308 4501 8.
2358 4448 2432 4519 (b)
2474 4452 2635 4503 Prov.
2670 4465 2793 4520 xm,
2831 4452 2914 4505 l2.
2948 4450 3018 4521 (ο)
3055 4450 3196 4505 Gen.
3229 4467 3317 4518 ιιι,
3345 4454 3398 4506 5.
3432 4451 3513 4522 (d)
3547 4452 3686 4506 Gen.

2040 4668 2199 4739 quod
2221 4670 2511 4745 _Her_'vetus
2543 4669 2721 4724 etiam
2743 4670 3117 4745 inversionis
3143 4688 3264 4727 suae
3287 4672 3555 4745 margine
3586 4672 3690 4727 ad-

2041 4740 2281 4796 notavit.
2316 4741 2534 4795 Sensus
2564 4748 2690 4795 est:
2728 4764 2755 4790 ‹‹
2788 4742 3085 4797 Christum
3127 4744 3393 4799 noluisse
3424 4740 3689 4811 carnem,

2041 4813 2311 4867 restituta
2333 4812 2386 4866 ei
2410 4812 3045 4877 sanitate,validiorem
3070 4815 3357 4882 fecisso,si
3385 4832 3455 4871 ea
3474 4817 3689 4871 anima:

2039 4883 2228 4937 hostis
2252 4889 2425 4937 esset.
2462 4906 2489 4931 η

2109 4958 2234 5030 (57)-
2281 4953 2525 5030 Δύναται.
2587 4951 2865 5022 Δύνανται,
2926 4957 2949 5009 I
2999 4957 3126 5012 Cor.
3183 4974 3273 5023 xv,
3307 4961 3396 5025 50,
3430 4958 3586 5030 quod
3620 4960 3686 5013 Α·

2038 5027 2285 5081 ωειιιιὶι.
2322 5026 2482 5080 SYLB.

2116 5101 2224 5165 (58)
2257 5096 2611 5169 Ἐπιτελεῖτε.
2644 5096 2810 5169 Vulg.
2856 5097 3004 5153 Bibl.
3049 5100 3171 5155 Gal.
3208 5117 3291 5167 In,
3327 5097 3687 5168 ἐπιτελεῖσθε,

2036 5167 2227 5223 forma
2259 5168 2600 5240 deponenti,
2634 5167 2904 5223 SYLa‘UnG.

2108 5236 2363 5315 (59;__‘-.2:‘_
2402 5236 2766 5309 ἐπεδείξαμεν.
2828 5240 3090 5310 Respicit
3145 5242 3396 5315 hujusce
3457 5241 3595 5297 libri
3625 5259 3684 5314 p.

2035 5312 2139 5364 442
2167 5310 2305 5365 edit.
2336 5313 2520 5367 Paris.

2108 5381 2738 5477 (60i’bezptqr‘nBvu.
2823 5381 3084 5477 Respicit
3165 5385 3312 5477 illud
3371 5384 3686 5477 apostoli:

2034 5449 2143 5504 Πᾶν
2175 5449 2395 5527 κτίσμιῖ
2433 5449 2623 5508 καλὸν.
2671 5494 2683 5506 .
2729 5495 2742 5508 .
2788 5492 2800 5505 .
2847 5449 2960 5524 μετ’
3019 5454 3365 5532 εὐχαριστίας
3394 5449 3685 5528 λαμϐανό-

2037 5543 2221 5595 μενον.
