4034 6148
309 236 332 291 1
341 235 448 290 209

1651 235 2093 293 STROMATUM
2129 235 2264 290 LIB.
2305 234 2402 292 III.

3580 236 3726 294 1210

304 382 421 429 σαν,
481 359 527 414 tl
583 359 912 434 γινώσκουσι
968 359 1060 414 καὶ
1114 359 1196 436 ἔφ’
1245 361 1326 420 οἷς
1383 359 1712 435 ἐτάχθησαν.
1749 361 1816 417 Ol.
1874 357 1942 415 δὲ.

2069 361 2248 416 etiam
2281 357 2520 416 castitas
2553 379 2567 428 ;
2596 362 2768 416 ambo
2801 366 3000 417 autem
3054 368 3230 436 agant
3277 363 3496 435 gratias
3537 363 3598 417 in
3631 365 3726 434 iis,

303 449 712 526 ἀφηνιάσαντες,
768 445 1072 519 ἐξύϐρισαν,
1107 473 1134 500 ‹‹
1176 447 1339 503 ’ίπποι
1397 448 1743 521 θηλυμανεῖς
1807 474 1834 500 ››
1883 453 1962 520 τῷ

306 536 422 595 ὄντι
454 565 480 591 ‹‹
511 537 821 614 γενόμενοι,
853 537 944 592 καὶ
977 536 1065 592 ἐπὶ
1113 537 1208 599 τὰς
1265 542 1373 592 τῶν
1432 538 1669 608 πλησίον
1701 537 1958 613 χρεμετί-

309 634 566 699 ζοντες·››
599 625 750 681 αὐτοί
804 647 862 680 τε
919 626 1302 700 ἀκατασχέτως
1359 625 1642 702 ἐχόμενοι,
1705 629 1790 682 καὶ
1837 627 1962 689 τοὺς

307 715 546 788 πλησίον
575 715 950 777 ἀναπείθοντες
1010 713 1350 791 φιληδονεῖν·
1413 715 1622 779 ἀθλίως
1681 715 1959 778 ἐπαίοντες

309 805 526 860 ἐκείνων
586 806 693 858 τῶν
758 807 1002 880 Γραφῶν·
1054 827 1077 856 α
1135 804 1234 857 Τὸν
1295 805 1383 858 σὸν
1438 803 1645 878 κλῆρον
1696 803 1830 880 βάλε
1907 805 1957 859 ἐν

304 897 464 968 ἡμῖν·
522 894 698 948 κοινὸν
761 891 817 948 δὲ
867 893 1154 968 βαλάντιον
1215 893 1543 965 κτησώμεθα
1595 893 1810 960 πάντες,
1868 895 1956 948 καὶ

308 983 646 1058 μαρσίππιον
677 979 731 1036 ἓν
775 983 1061 1056 γενηθήτω
1092 984 1251 1055 ἡμῖν.
1288 1006 1314 1032 ››
1355 983 1452 1036 Διὰ
1480 981 1706 1045 τούτους
1742 984 1768 1037 ὁ
1800 983 1959 1045 αὐτὸς

303 1074 617 1150 προφήτης,
644 1065 1040 1143 συμϐουλεύων
1073 1073 1234 1144 ἡμῖν,
1280 1073 1447 1147 Λέγει·
1477 1096 1504 1123 ‹‹
1541 1074 1634 1142 Mi,
1684 1072 1960 1146 πορεύθῇς

301 1163 353 1219 ἐν
384 1160 494 1234 ὁδῷ
528 1166 644 1234 μετ’
673 1161 874 1216 αὐτῶν·
933 1158 1180 1215 ἕκκλινον
1245 1166 1359 1234 (61)
1416 1161 1509 1215 τὸν
1567 1159 1710 1216 πόδα
1750 1183 1846 1216 σου
1903 1162 1962 1217 ἐκ

301 1256 410 1308 τῶν
438 1245 642 1327 τρίϐων
677 1249 963 1306 αὐτῶν.οὐ
1023 1249 1126 1325 γὰρ
1176 1247 1378 1312 ἀδίκως
1436 1249 1729 1306 ἐκτείνεται
1773 1249 1962 1306 δίκτυα

303 1345 629 1416 πτερωτοῖς·
664 1338 817 1394 αὐτοὶ
849 1341 952 1413 γὰρ
1009 1338 1253 1411 αἱμάτων
1299 1339 1642 1416 μετέχοντες,
1703 1341 1963 1413 θησαυρί-

301 1435 482 1500 ζουσιν
542 1429 753 1490 ἑαυτοῖς
815 1429 973 1483 κακά·
1036 1452 1064 1480 ››
1121 1431 1417 1500 τουτέστι,
1481 1433 1581 1498 τῆς
1633 1430 1962 1506 ἀκαθαρσίας

300 1517 772 1590 ἀντιποιούμενοι,
806 1517 897 1572 καὶ
951 1516 1079 1581 τοὺς
1137 1515 1375 1588 πλησίον
1424 1519 1492 1573 τὰ
1547 1519 1715 1592 ’ὀμοια
1746 1516 1962 1574 ἐκδιδά-

302 1628 541 1677 σκοντες,
578 1630 604 1658 ‹.
639 1605 998 1679 πολεμισταὶ,
1027 1614 1269 1676 πλῆκται
1299 1613 1417 1668 ταῖς
1473 1609 1663 1682 οὐραῖς
1691 1609 1893 1675 αὐτῶν,
1930 1632 1958 1659 ›)

301 1698 438 1753 κατᾶ
465 1698 554 1752 τὸν
604 1698 892 1772 προφήτην
947 1699 1078 1768 (62),
1136 1698 1196 1758 ἅς
1254 1697 1479 1771 κέρκους
1538 1696 1808 1767 Ἕλληνες
1861 1719 1958 1752 κα·

305 1786 518 1844 λοῦσιν.
555 1786 672 1843 Εἶεν
703 1783 749 1839 δ’
781 1785 863 1853 ἂν,
897 1785 989 1846 οὕς
1034 1785 1328 1840 αἰνίσσεται
1359 1789 1392 1855 ἡ
1439 1789 1768 1864 προφητεία,
1799 1808 1960 1841 κατα-

303 1881 506 1953 φερεῖς,
541 1875 815 1949 ἀκρατεῖς,
849 1875 901 1928 οἱ
950 1879 1070 1936 ταῖς
1131 1874 1314 1948 οὐραῖς
1375 1874 1552 1930 αὐτῶν
1610 1875 1966 1949 πολεμισταὶ,

316 1963 544 2024 σκότους
575 1962 664 2015 καὶ
688 1985 714 2012 ‹‹
750 1961 914 2035 ὀργῆς
944 1960 1123 2018 τέκνα.
1161 1987 1187 2012 ››
1218 1964 1523 2037 μιαιφόνοι,
1557 1965 1736 2018 αὐτῶν
1770 1968 1882 2036 ,63)
1909 1986 1967 2019 τε

303 2052 580 2118 αὐθένται,
615 2050 704 2105 καὶ
757 2055 866 2105 τῶν
925 2049 1162 2120 πλησίον
1213 2050 1562 2128 ἀνδροφόνοι.
1615 2078 1642 2104 (ι
1699 2055 1963 2110 Ἐκκαθα-

301 2159 429 2214 ρατε
457 2141 556 2209 τὴν
586 2137 820 2194 παλαιὰν
859 2139 1059 2211 ζύμην,
1085 2138 1176 2194 ’ίνα
1233 2141 1330 2209 ἦτε
1387 2140 1505 2196 νέον
1564 2142 1808 2219 φύραμα,
1842 2167 1870 2194 »
1935 2144 1962 2198 ὁ

301 2228 641 2289 ’Δπόσ-τολος
693 2230 829 2301 ἡμῖν
889 2223 1083 2300 ἐμϐοᾷ.
1141 2230 1242 2284 Καὶ
1300 2230 1489 2294 πάλιν,
1541 2230 1838 2287 ἀσχάλλων
1873 2231 1962 2287 ἐπὶ

302 2318 576 2380 τοιούτοις
627 2318 758 2386 τισὶ,
817 2315 1176 2388 διατάττεται,
1209 2343 1237 2370 ‹‹
1295 2322 1389 2389 Μὴ
1449 2321 1959 2397 συναναμίγνυσθαι,

316 2405 403 2460 ἐάν
429 2428 510 2468 τις
531 2405 768 2480 ἀδελφὸς
796 2407 1210 2480 ἀνομαζόμενος
1263 2410 1299 2479 ἢ
1343 2411 1541 2485 πόρνος
1572 2412 1750 2482 (64),ἤ
1794 2409 1960 2465 πλεο-

307 2498 516 2567 νέκτης,
548 2494 1049 2572 ἤείδωλολάτρης,
1111 2498 1146 2566 ἢ
1204 2497 1484 2573 λοίδορος,
1533 2497 1569 2568 ἤ
1623 2501 1876 2572 μέθυσος,
1923 2499 1956 2568 ἦ

304 2587 498 2660 ἅρπαξ,
555 2587 636 2657 τῷ
687 2585 922 2658 τοιούτῳ
972 2584 1113 2658 μηδέ
1178 2588 1494 2651 συνεσθίειν.
1529 2588 1673 2657 Ἐγὼ
1727 2588 1826 2661 γὰρ
1873 2586 1962 2641 διὰ

311 2676 490 2747 νόμου
519 2676 676 2746 νόμῳ
697 2676 983 2744 ἀπέθανον,
1014 2697 1039 2726 ιο
1078 2675 1242 2749 λέγει·
1279 2700 1305 2727 ‹‹
1338 2677 1431 2729 ἳνα
1469 2680 1585 2745 Θεῷ
1617 2679 1787 2744 ζήσω.
1824 2680 1959 2746 Χρι-

310 2768 422 2834 στῷ
454 2762 1010 2836 συνεσταύρωμαι,ζῶ
1043 2760 1098 2815 δὲ
1129 2763 1228 2816 οὐκ
1257 2759 1333 2817 ἔτι
1359 2763 1489 2835 ἐγὼ,
1509 2788 1536 2812 »ι
1568 2763 1642 2824 ὡς
1675 2761 1808 2831 ἔζων
1823 2764 1960 2818 κατὰ

305 2853 402 2912 τὰς
424 2850 736 2922 ἐπιθυμίας·
777 2874 803 2902 (ι
834 2854 898 2922 ζῇ
933 2847 990 2902 δὲ
1022 2849 1073 2902 ἐν
1105 2849 1226 2920 ἐμοὶ
1280 2851 1507 2921 Χριστὸς
1539 2874 1567 2901 ››
1603 2847 1692 2905 διὰ
1718 2854 1816 2918 τῆς
1847 2857 1956 2906 τῶν

303 2937 538 2992 ἐντολῶν
597 2939 843 3005 ὑπακοῆς
904 2939 1080 3011 ἁγνῶς
1131 2939 1218 2992 καὶ
1277 2937 1577 3010 μακαρίως.
1639 2943 1799 2994 ’Ὠστε
1834 2940 1958 2995 τότε

299 3029 394 3100 μὲν
428 3023 562 3096 ἔζων
595 3026 646 3081 ἐν
680 3027 832 3100 σαρκῖ
871 3031 1165 3100 σαρκικῶς·
1199 3050 1226 3078 .‹
1282 3027 1311 3081 6
1370 3026 1428 3081 δὲ
1471 3031 1558 3080 νῦν
1595 3034 1670 3098 ζῶ
1693 3027 1744 3083 ἐν
1773 3031 1949 3104 σαρκί,

2069 449 2132 504 in
2163 449 2378 520 quibus
2412 456 2550 504 sunt
2577 451 2872 516 collocati,
2931 452 2978 505 si
3038 454 3212 507 modo
3241 470 3309 508 ea
3353 471 3588 524 quoque
3620 471 3731 510 no-
3810 448 3811 451 “

2069 545 2229 600 runt,
2263 539 2323 593 in
2351 539 2566 610 quibus
2597 545 2737 594 sunt
2768 540 3060 595 collocati.
3086 541 3199 595 Alii
3233 549 3430 596 autem
3455 545 3727 598 effrenati

2069 645 2132 683 se
2164 628 2504 698 petulanter
2533 635 2592 682 et
2621 629 2952 684 insolenter
2971 637 3514 701 gesserunt,revera
3537 655 3562 680 ‹‹
3590 622 3731 688 θ’ῐΐθ-

2070 717 2146 772 cti
2179 719 2314 788 equi
2349 718 2409 772 in
2441 719 2695 774 feminas
2727 719 3116 787 insanientes,
3140 727 3198 775 et
3218 721 3291 775 ad
3325 723 3728 792 proximorum

2070 823 2310 862 suorum
2344 824 2555 862 uxores
2575 808 2917 864 hinnientes
2939 812 3046 879 (a);
3073 832 3100 858 ››
3134 817 3198 864 ut
3219 811 3393 881 quiet
3413 811 3522 880 ipsi
3542 811 3731 865 conti-

2070 896 2196 951 neri
2232 913 2351 951 non
2383 898 2634 967 possint,
2668 904 2727 952 et
2754 899 3040 969 proximis
3073 900 3195 954 suis
3228 898 3628 970 persuadeant
3659 905 3724 953 ut

2069 986 2214 1040 dent
2242 1003 2483 1057 operam
2516 987 2801 1059 voluptati
2835 1007 2848 1055 ;
2883 989 3204 1044 infeliciter
3245 989 3378 1044 illas
3411 989 3726 1044 audientes

2071 1075 2402 1147 Scripturas
2439 1093 2451 1130 τ
2486 1099 2513 1126 ‹‹
2541 1079 2679 1143 Quas
2706 1080 2811 1132 tibi
2845 1080 3074 1152 obtigit,
3098 1085 3328 1150 partem
3359 1097 3514 1152 pone
3528 1080 3734 1134 nobis-

2070 1181 2230 1231 cum,
2265 1183 2612 1222 crumenam
2662 1174 2862 1222 autem
2892 1186 3074 1223 unam
3129 1169 3542 1240 possideamus
3574 1186 3729 1224 com-

2069 1271 2338 1322 munem,
2365 1260 2424 1309 et
2451 1273 2639 1311 unum
2672 1258 2775 1312 flat
2803 1257 2974 1312 nobis
3001 1258 3372 1329 marsupium
3403 1259 3503 1328 (b).
3524 1279 3552 1308 »
3587 1260 3726 1312 Pro-

2068 1349 2203 1414 pter
2232 1360 2332 1398 eos
2363 1344 2520 1398 idem
2538 1347 2829 1417 propheta
2858 1346 3202 1413 dicit,nobis
3226 1347 3620 1402 consulens:«
3649 1349 3729 1401 Ne

2068 1432 2466 1488 ambulaveris
2498 1435 2558 1488 in
2590 1435 2681 1489 via
2711 1452 2846 1489 cum
2866 1435 3290 1506 ipsis,declina
3320 1436 3533 1508 pedem
3559 1441 3726 1490 tuum

2071 1538 2106 1576 a
2127 1522 2357 1576 semitis
2391 1526 2752 1578 eorum.Non
2786 1525 2945 1578 enim
2980 1524 3199 1595 injuste
3230 1526 3558 1581 tenduntur
3577 1526 3729 1579 retia

2068 1612 2365 1682 pennatis.
2398 1613 2514 1683 Ipsi
2549 1614 2732 1681 enim,
2783 1631 2916 1668 cum
2940 1615 3059 1668 sint
3103 1616 3458 1686 sanguinum
3491 1615 3728 1687 partici-

1994 1747 2042 1810 B
2072 1717 2200 1772 pes,
2229 1701 2540 1756 thesauros
2570 1703 2864 1758 malorum
2897 1703 3009 1757 sibi
3063 1705 3398 1759 recondunt
3421 1705 3488 1772 lc)
3515 1723 3528 1771 ;
3554 1725 3581 1752 »
3616 1705 3729 1758 hoc

2081 1793 2162 1810 --Δ
2224 1789 2328 1810 -;ιξ
2367 1791 2703 1810 -l‘l‘-_1___a-,
2737 1791 2956 1810 2..-”_-_
2980 1791 3166 1810 JSA!-__
3240 1797 3285 1810 -1
3322 1791 3540 1810 ,,.,_i!__
3565 1808 3617 1810 _A
3657 1791 3697 1810 ,2

2077 1793 2185 1855 est,
2221 1789 2332 1843 sibi
2362 1791 2707 1844 aﬂ'ectantes
2736 1791 3196 1854 immunditiam,
3231 1797 3291 1845 et
3320 1791 3621 1862 proximos
3653 1791 3732 1844 si-

2074 1877 2243 1931 milia
2291 1877 2608 1945 docentes,
2679 1878 3019 1945 bellatores,
3080 1896 3462 1950 percussores
3522 1879 3728 1934 caudis

2075 1967 2197 2020 suis
2228 1967 2328 2036 (d),
2361 1972 2425 2020 ut
2449 1967 2532 2020 ait
2560 1968 2867 2038 propheta,
2903 1985 3049 2038 quas
3102 1969 3345 2038 quidem
3395 1969 3578 2023 Graeci
3606 1967 3728 2038 κέρ-

2068 2072 2199 2115 κους
2226 2055 2548 2126 appellant.
2587 2057 2829 2110 Fuerint
2858 2061 3058 2111 autem
3116 2058 3176 2112 ii.
3226 2074 3375 2127 quos
3436 2056 3729 2129 significat

2068 2145 2403 2215 prophetia,
2441 2145 2769 2208 libidinosi,
2803 2146 3289 2216 intemperantes,
3309 2147 3409 2216 qui
3441 2154 3580 2201 sunt
3595 2163 3729 2202 cau-

2069 2233 2158 2288 dis
2190 2234 2314 2288 suis
2345 2249 2660 2306 pugnaces,
2694 2234 3075 2289 tenebrarum
3115 2258 3140 2282 ‹‹
3177 2235 3399 2304 iraeque
3433 2235 3540 2289 filii
3577 2237 3666 2304 (e),
3698 2255 3723 2285 ι

2067 2323 2225 2378 caede
2257 2323 2492 2394 polluti,
2528 2339 2743 2376 manus
2785 2322 2897 2376 sibi
2949 2324 3286 2388 afferentes,
3323 2328 3380 2376 et
3411 2322 3725 2377 homicidae

2067 2414 2563 2483 propinquorum.
2590 2433 2617 2458 ‹‹
2643 2412 2971 2482 Expurgate
2990 2427 3126 2482 ergo
3149 2417 3313 2466 vetus
3336 2410 3719 2479 fermentum,

2065 2509 2131 2556 ut
2161 2502 2288 2556 sitis
2319 2518 2469 2556 nova
2499 2501 2846 2571 conspersio
2875 2502 2964 2570 (fl,
3002 2525 3021 2548 ι
3050 2501 3222 2555 nobis
3255 2501 3546 2556 exclamat
3567 2504 3724 2573 Apo-

2066 2593 2276 2646 stolus.
2310 2595 2379 2646 Et
2421 2608 2650 2659 rursus,
2684 2598 2925 2662 propter
2953 2593 3242 2662 quosdam
3283 2592 3577 2663 ejusmodi
3610 2594 3721 2648 ho-

2062 2682 2257 2736 mines
2288 2682 2965 2754 indignans.praacipit,«
2985 2684 3062 2737 Ne
3090 2683 3422 2737 conversari
3451 2683 3714 2754 quidem,

2062 2769 2109 2823 si
2143 2771 2278 2840 quis
2307 2771 2490 2825 frater
2509 2770 2853 2826 nominetur
2880 2771 2966 2825 vel
3000 2771 3345 2838 fornicator,
3371 2772 3460 2826 vel
3483 2789 3714 2843 avarus,

2060 2859 2149 2913 vel
2181 2859 2514 2923 idolotatra,
2549 2860 2641 2914 vel
2686 2860 3034 2928 maledicus,
3058 2861 3146 2916 vel
3179 2861 3469 2927 ebriosus,
3499 2861 3590 2915 vel
3622 2878 3719 2917 ra-

2060 2954 2194 3020 ptor
2219 2967 2232 3015 ;
2258 2966 2393 3004 cum
2426 2965 2518 3016 eo,
2551 2950 2648 3020 qui
2682 2955 2768 3004 est
2803 2951 2956 3018 talis,
2983 2967 3057 3004 ne
3085 2968 3205 3006 una
3235 2951 3477 3022 quidem
3517 2968 3716 3006 come-

2063 3037 2223 3092 dere.
2259 3039 2373 3109 Ego
2407 3038 2565 3092 enim
2597 3055 2702 3108 per
2729 3039 2916 3109 legem
2951 3040 3064 3112 legi
3098 3045 3368 3094 mortuus
3401 3057 3590 3105 sum,»
3624 3041 3717 3095 in-

291 3116 342 3171 ἐν
376 3117 551 3170 πίστει
585 3120 660 3184 ζῶ
680 3120 748 3189 τῇ
779 3120 876 3170 τοῦ
907 3117 1036 3169 ὶὶοὖ
1066 3120 1161 3170 τοῦ
1181 3120 1336 3174 Θεοῦ.
1358 3117 1620 3180 »ι-«Είς
1636 3116 1758 3173 ὁδὸν
1784 3118 1942 3183 ἐθνῶν

2063 3126 2228 3196 quit;
2263 3148 2289 3175 «
2315 3132 2379 3180 ut
2409 3127 2526 3180 Deo
2555 3126 2762 3194 vivam,
2795 3144 2929 3182 cum
2943 3128 3172 3182 Christo
3197 3145 3330 3183 sum
3361 3129 3712 3197 cruciﬁxus;

297 3206 374 3279 μὴ
400 3204 693 3274 ἀπέλθητε,
743 3204 832 3259 καὶ
893 3203 969 3266 εἰς
1014 3202 1176 3259 πόλιν
1232 3211 1586 3280 Σαμαρειτῶν
1621 3209 1697 3280 μὴ
1757 3208 1942 3264 εἰσέλ-

292 3305 440 3363 θητε·
477 3300 632 3363 »τῆς
691 3292 933 3355 ἐναντίας
991 3291 1271 3356 πολιτείας
1317 3295 1636 3368 ἀποτρέπων
1698 3299 1865 3369 ἡμᾶς,
1917 3299 1945 3352 ὁ

285 3381 490 3455 Κύριος
516 3381 686 3456 λέγει’
723 3381 836 3437 ἐπεὶ
871 3407 898 3434 ‹‹
927 3385 960 3452 ἡ
992 3385 1336 3462 καταστροφή
1369 3381 1578 3460 ἀνδρῶν
1611 3387 1942 3460 παρανόμων

288 3474 451 3542 κακή·
485 3471 577 3526 καὶ
607 3471 764 3526 αὗταί
797 3472 930 3527 εἶσιν
962 3474 1017 3527 αἱ
1045 3471 1160 3528 ὁδοὶ
1187 3479 1297 3547 (65)
1327 3476 1542 3529 πάντων
1592 3477 1700 3530 τῶν
1761 3498 1946 3531 συντε-

291 3558 534 3615 λούντων
565 3561 633 3615 τὰ
663 3561 1378 3636 ἀνομα.»-‹‹υύαἰ(66)τῷ
1404 3564 1672 3638 ἀνθρώπῳ
1694 3565 1936 3638 ἐκείνῳ,-

282 3651 448 3727 φησῖν
496 3651 524 3704 ὁ
587 3650 805 3724 Κύριος·
867 3675 892 3702 ι(
944 3652 1112 3706 καλὸν
1171 3655 1234 3721 ἦν
1264 3653 1411 3724 αὐτῷ
1459 3655 1505 3708 εἰ
1554 3655 1629 3727 μή
1663 3655 1940 3730 ἐγεννήθη,

280 3741 314 3810 ἢ
374 3736 468 3794 ἕνα
518 3743 625 3792 τῶν
688 3737 956 3794 ἐκλεκτῶν
1020 3762 1126 3812 μου
1183 3739 1555 3796 σκανδαλίσαι·
1601 3749 1845 3818 κρεῖττον
1872 3745 1938 3814 ἦν

279 3825 434 3898 αὐτῷ
495 3833 842 3903 περιτεθῆναι
907 3827 1103 3900 μύλον,
1153 3830 1244 3884 καὶ
1300 3835 1794 3901 καταποντισθῆναι
1863 3835 1940 3896 είς

280 3916 584 3982 θάλασσαν,
617 3914 652 3986 ἤ
684 3914 775 3971 ἕνα
802 3922 909 3972 τῶν
942 3916 1210 3972 ἐκλεκτῶν
1266 3939 1371 3990 μου
1402 3916 1714 3992 διαστρέψαι
1744 3926 1874 3995 (67).
1910 3947 1938 3976 ››

286 4005 518 4079 «Τὸ-(ἀρ
550 4002 722 4077 ὄνομα
750 4010 847 4060 τοῦ
864 4011 998 4061 Θεοῦ
1033 4009 1247 4083 βλασφη
1261 4013 1438 4077 μεῖται
1471 4006 1539 4061 δι’
1570 4008 1940 4085 αὐτούς(68).››

2057 3215 2182 3269 vivo
2213 3220 2411 3269 autem
2441 3231 2562 3269 non
2593 3214 2850 3286 amplius
2881 3232 3008 3287 ego,
3035 3237 3060 3266 υ
3093 3222 3159 3270 ut
3186 3217 3449 3273 vivebam
3481 3234 3587 3288 per
3607 3234 3704 3273 cu-

2054 3305 2333 3376 piditates
2359 3321 2372 3369 ;
2395 3327 2422 3354 «
2457 3305 2594 3358 vivit
2623 3310 2822 3359 autem
2855 3305 2917 3359 in
2949 3322 3040 3360 me
3072 3307 3358 3371 Christus,
3390 3329 3417 3355 »
3449 3312 3608 3362 caste
3642 3313 3706 3376 ἢ(

2055 3399 2114 3449 et
2142 3394 2310 3448 beate
2341 3411 2447 3465 per
2475 3393 2876 3449 obedientiam
2896 3396 3554 3466 praeceptorum.Quare
3569 3401 3711 3451 tunc

2054 3483 2294 3554 quidem
2327 3483 2389 3538 in
2421 3499 2597 3538 carne
2620 3483 2880 3539 vivebam
2899 3484 3217 3539 carnaliter
3242 3501 3253 3537 :
3288 3507 3314 3533 ‹‹
3341 3484 3708 3555 quodautem

2052 3589 2213 3626 nunc
2233 3574 2362 3626 vivo
2394 3573 2452 3627 in
2473 3589 2675 3639 carne,
2709 3573 2771 3627 in
2805 3573 2920 3628 fide
2951 3573 3074 3628 vivo
3099 3573 3229 3628 Filii
3253 3573 3457 3642 Dei(g).
3482 3594 3618 3624 ι-«ι
3639 3575 3705 3628 In

2053 3659 2204 3715 viam
2236 3661 2498 3733 gentium
2531 3678 2605 3716 ne
2638 3661 2925 3726 abieritis,
2959 3668 3018 3717 et
3059 3679 3132 3717 ne
3192 3661 3608 3734 ingrediamini
3641 3666 3702 3717 in

2051 3750 2260 3805 urbem
2293 3750 2795 3805 Samaritanorum
2822 3752 2919 3821 (h),
2953 3773 2979 3799 ι»
2999 3752 3346 3806 acontraria
3376 3752 3508 3805 vitm
3527 3752 3702 3806 insti-

2052 3839 2280 3893 tutione
2331 3856 2438 3893 nos
2495 3839 2814 3895 dehortans
2871 3840 3015 3895 dicit
3043 3841 3329 3895 Dominus
3362 3859 3376 3905 ;
3412 3841 3698 3911 quoniam

2053 3948 2080 3976 «
2118 3928 2461 3999 Iniquorum
2490 3929 2750 3984 virorum
2783 3930 2939 3984 mala
2979 3936 3068 3984 est
3097 3931 3496 3996 conversatio;
3522 3936 3581 3984 et
3604 3931 3694 3985 haa

2056 4025 2196 4072 sunt
2225 4020 2334 4074 via)
2365 4020 2656 4086 omnium,
2690 4021 2788 4090 qui
2823 4036 2910 4088 ea,
2961 4038 3093 4091 quae
3144 4026 3285 4075 sunt
3312 4021 3538 4091 iniqua,
3573 4020 3696 4075 effl-

345 4105 419 4192 έιτ
440 4108 632 4192 13.356}
661 4109 768 4160 ED.
807 4109 1229 4192 P9T$E3L472
1251 4111 1363 4192 ED_.
1399 4111 1628 4192 ranis.
1663 4113 1738 4192 (α)
1768 4114 1942 4192 Jeren

2057 4161 2068 4181 ,
2105 4121 2156 4192 8.
2215 4119 2290 4188 'b)
2327 4121 2488 4174 Prov.
2524 4137 2561 4185 ῐ,
2607 4122 2691 4175 14.
2729 4122 2796 4191 (c)
2821 4121 2966 4176 Ibid.
3028 4125 3113 4191 15,
3150 4123 3236 4187 16,
3287 4125 3372 4177 17.
3401 4123 3578 4192 Apoc.
3611 4137 3690 4187 1x,

284 4180 370 4230 10.
405 4179 473 4247 (e)
506 4178 718 4245 Ephes.
749 4194 810 4243 ιι,
846 4181 896 4232 3.
931 4182 1000 4248 (fy
1032 4181 1053 4233 Ι
1083 4181 1212 4234 Cor.
1248 4197 1298 4248 v,
1325 4184 1374 4234 7.
1408 4183 1486 4250 (g)
1523 4178 1804 4250 Galatﬁu,
1836 4189 1922 4253 19,

2058 4178 2155 4260 ’(νι)
2187 4178 2388 4246 Matth.
2425 4209 2481 4255 x,
2513 4178 2566 4246 5'.

484 4271 798 4353 ’ξΕκκλινον⁸
833 4274 1126 4353 ’Έκκλινον
1161 4274 1238 4343 δέ,
1272 4280 1570 4344 Proverb.,
1616 4281 1715 4335 ubi
1765 4299 1923 4353 mox,

273 4345 425 4399 αὐτοὶ
452 4344 555 4418 γὰρ
589 4344 639 4397 ol.
669 4345 837 4421 φόνου
869 4349 1188 4421 μετέχοντες
1229 4360 1353 4417 θησ.

343 4417 804 4497 (ὃξξζηροφῇτην.
837 4417 1269 4497 Αροοὲίιγρεθοε
1292 4426 1594 4497 auctorem
1627 4422 1917 4497 designat;

270 4489 486 4544 alludit
516 4489 811 4562 siquidem
842 4489 915 4544 ad
949 4489 1129 4562 Apoc.
1167 4511 1241 4560 Ix,
1268 4497 1352 4547 10·
1392 4495 1606 4548 Lowrn.

339 4563 454 4636 (‘63)
476 4558 824 4636 _éﬁr’&v.__Sic
850 4558 1235 4636 scribendum
1266 4582 1370 4636 pro
1405 4565 1567 4635 Vulg.
1600 4563 1795 4620 αὐτῶν.

339 4632 451 4701 (64)
476 4631 666 4704 ὈνομιΪ
701 4629 735 4697 ἢ
758 4652 816 4704 π.
850 4631 1038 4704 Ὀνομ.
1071 4635 1186 4704 ﬁn.
1219 4639 1244 4690 Ι
1268 4629 1401 4690 Cor.
1431 4629 1522 4690 v11.

336 4706 446 4773 (65)
483 4704 581 4780 Καὶ
616 4701 769 4756 αὗταί
802 4705 934 4757 εἰσιν
981 4701 1040 4758 αἱ
1072 4701 1214 4762 ὅδοί.
1271 4707 1438 4762 Αὕται
1501 4705 1554 4760 αἱ
1613 4702 1733 4759 ὁδοί
1791 4705 1913 4780 εἶσι,

269 4775 546 4829 Proverb.

335 4848 457 4921 (66)_
477 4844 629 4899 Οὐαί.
663 4846 879 4901 Christi
912 4847 983 4901 de
1003 4850 1158 4921 rJuda
1183 4851 1486 4920 proditore
1517 4849 1694 4905 verba
1723 4852 1916 4921 appli-

265 4923 360 4972 cat
389 4917 461 4972 ad
495 4935 596 4972 eos
649 4933 875 4975 omnes.
911 4920 1012 4989 qui
1045 4917 1250 4976 electis
1281 4921 1566 4976 scandala
1602 4917 1911 4989 objiciunt.

263 4989 445 5043 Porro
474 4991 599 5043 haec
631 4990 954 5059 sumpsisse
977 4992 1208 5047 videtur
1237 5009 1266 5046 e
1315 4993 1636 5048 Clementis
1662 4995 1912 5048 Romani

264 5061 462 5138 priore
485 5061 559 5138 ad
590 5060 1233 5138 CorinthiosEpistola,
1265 5081 1394 5138 cap.
1426 5083 1550 5138 va1
1579 5081 1592 5138 ς
1625 5063 1754 5138 Εἴπε
1783 5063 1907 5138 γάρ·

259 5113 396 5203 ξ)ύαῖ
453 5135 534 5202 τῷ
593 5130 868 5203 ἀνθρώπῳ
923 5113 1131 5203 ἐκεῖνῳ·
1190 5113 1369 5188 καλὸεξ
1417 5136 1481 5203 ἦν
1534 5133 1678 5202 αὐτῷ
1709 5134 1752 5187 εἷ
1796 5113 1912 5189 ὀὐκ

259 5200 273 5218 ν
408 5203 438 5229 λ
509 5199 517 5202 '
619 5204 633 5225 κ
691 5199 714 5224 τι
843 5199 904 5214 ·-
1082 5199 1091 5203 '
1237 5209 1259 5219 -ο
1442 5199 1450 5203 '
1654 5199 1694 5222 ἐκ
1781 5205 1792 5224 ι

255 5214 563 5278 εγεννηθηζ
599 5206 632 5271 ἡ
679 5223 785 5278 Δενοι
841 5221 944 5254 τευν
1033 5203 1467 5278 ἐκλεκτωνλμου
1535 5204 1906 5261 σκανοκλισαι·

253 5273 496 5345 κρεῖττον
530 5275 596 5342 ἦν
637 5273 799 5346 αὐτῷ,
836 5283 1189 5346 ,περιτεθῆναι
1246 5273 1443 5346 μύλον,
1499 5279 1587 5332 καὶ
1641 5298 1907 5332 καταπον-

253 5341 503 5421 τισθῇναι
539 5341 616 5401 εἰς
641 5341 1094 5421 τήν-θαλασταν,
1224 5341 1317 5404 ἕνα
1372 5341 1477 5404 τῶν
1536 5354 1741 5420 μικρῶν
1803 5371 1906 5421 μου

252 5415 627 5472 σκανδαλίσαι·
660 5439 681 5467 ι
718 5417 870 5473 Dixit
917 5419 1110 5473 enim:
1149 5415 1241 5478 Vm
1275 5423 1499 5477 homini
1533 5415 1658 5477 illi':
1685 5415 1903 5478 bonum

257 5496 382 5575 erat
411 5492 461 5543 ei
493 5493 540 5573 si
566 5497 883 5575 natusn‘on
907 5488 1133 5553 fuisset,
1170 5511 1348 5575 quam
1373 5503 1437 5548 ut
1458 5511 1642 5549 unum
1675 5510 1762 5574 .ex
1783 5495 1902 5575 ele-

255 5557 367 5634 ctis
396 5563 539 5617 meis
571 5560 1028 5634 scandalizaret;
1071 5557 1284 5620 melius
1335 5572 1479 5634 erat,
1515 5573 1578 5620 ut
1634 5565 1687 5620 ei
1749 5566 1905 5622 mola

256 5628 823 5705 circumponeretur,
857 5632 997 5689 etin
1023 5650 1188 5692 mare
1231 5628 1692 5714 demerg'e'retur,
1725 5653 1901 5710 quam

2036 4293 2102 4342 ut
2129 4306 2316 4344 unum
2349 4290 2420 4344 de
2437 4289 2670 4360 pusillis
2699 4291 2850 4345 meis
2883 4291 3326 4346 scandalizaret.
3363 4312 3390 4340 »
3423 4291 3530 4346 Ubi
3563 4292 3690 4346 hac

2035 4361 2282 4433 adnotat
2310 4362 2671 4415 Cotelerius:
2703 4384 2729 4409 ‹‹
2764 4363 2928 4426 Quod
2960 4364 3223 4433 antiquis
3253 4380 3372 4418 non
3418 4362 3688 4417 insolens

2032 4430 2384 4506 fuit,_multa
2415 4433 2756 4488 testimonia
2805 4433 2864 4487 in
2887 4451 3071 4488 unum
3102 4430 3411 4506 coniungit
3433 4452 3446 4489 :
3471 4450 3685 4504 nempe

1958 4504 2002 4564 D
2035 4503 2234 4557 Matth.
2260 4521 2408 4569 xxvn,
2443 4507 2546 4570 24;
2582 4508 2718 4559 Luc.
2773 4521 2906 4568 xvn,
2941 4509 3010 4572 2;
3072 4503 3270 4560 Matth.
3332 4503 3487 4570 xvm,
3523 4508 3573 4567 6,
3616 4503 3687 4560 et

2034 4574 2209 4628 Marc.
2251 4591 2326 4637 IX,
2359 4577 2448 4628 4-2.
2502 4577 2580 4629 Ac
2613 4576 2673 4628 in
2725 4577 2934 4644 Marco,
2983 4583 3084 4631 aut
3143 4577 3204 4631 in
3263 4578 3433 4638 Luca.
3467 4583 3570 4631 aut
3621 4577 3682 4632 in

2034 4650 2287 4718 utroque
2319 4646 2612 4716 reperisse
2661 4646 2892 4700 videtur
2929 4653 3182 4714 περιτεθῆ
3246 4665 3350 4718 pro
3394 4649 3682 4702 hodierno

2033 4717 2354 4785 περίκειται·
2381 4719 2582 4787 sicque
2610 4718 2671 4772 in
2706 4719 2857 4772 Luca
2903 4720 3143 4774 exhibet
3192 4717 3378 4774 codex
3435 4722 3685 4785 Evange-

2033 4787 2247 4843 liorum
2275 4805 2390 4862 ms.
2427 4788 2527 4859 qui
2559 4794 2649 4842 est
2695 4789 3074 4862 Bibliotheca)
3126 4791 3318 4862 Regiaa
3349 4792 3507 4847 2247.
3543 4792 3684 4846 Vul-

2029 4866 2200 4934 gata._
2223 4882 2247 4911 α
2271 4861 2630 4934 imponatur.
2667 4881 2694 4909 »
2729 4861 2915 4914 Verbo
2975 4863 3154 4934 etiam
3196 4861 3538 4934 ιηξεριτεθιῆνοιι
3572 4864 3681 4918 uti-

2029 4937 2126 4984 tur
2144 4931 2614 5005 Theophylactus
2630 4947 2766 5005 eum
2787 4933 3207 5005 evangelistam
3231 4931 3683 4990 enarrans.nec-

2028 5018 2148 5074 non
2182 5003 2565 5074 Origenesad
2599 5003 2848 5074 Matthzei
2882 5003 3008 5074 cap.
3043 5021 3199 5059 xvm.
3234 5008 3304 5060 Et
3321 5021 3456 5060 vero
3472 5006 3678 5061 eadem

2028 5072 2362 5148 divinorum
2421 5073 2804 5148 Eloquiorum
2861 5072 3174 5148 compages
3206 5079 3456 5132 struitur
3485 5095 3518 5132 a
3550 5078 3680 5132 Cle-

2027 5151 2224 5220 mente
2256 5143 2656 5220 A_le_xandrino
2671 5145 2743 5198 ad
2768 5145 2949 5201 ﬁnem
2981 5143 3250 5204 centonis
3273 5152 3326 5219 3,
3355 5150 3677 5220 ubicogno-

2023 5216 2204 5269 minis
2227 5215 2317 5269 sui
2351 5215 2597 5270 Romani
2632 5222 2969 5281 mutuatur;
3012 5225 3124 5274 etc.
3158 5241 3182 5269 ι)

2094 5287 2390 5363 (δη-Ἕνα
2448 5291 2555 5363 ξῶν
2616 5283 2888 5363 ἐκλεκτῶν
2960 5310 3065 5361 μου
3127 5287 3460 5363 διαστρέψαι.
3527 5288 3675 5363 _Cle-

2022 5353 2197 5432 Πιέηέ
2225 5361 2421 5432 Πρω-ι
2449 5353 2674 5432 ἕνα-τών
2714 5364 2922 5432 μικρῶν
2953 5353 3058 5432 μου
3115 5353 3490 5415 σκανδαλίσω.
3524 5360 3669 5432 Dein

2022 5429 2205 5494 addit,
2234 5429 2297 5482 τὸ
2329 5430 2507 5503 σχίμα
2541 5429 2691 5501 ὑμῶν
2725 5429 2970 5491 πολλοὺς
3002 5431 3330 5503 διέπρεψεν,
3356 5455 3383 5483 τι
3412 5430 3672 5503 schisma

2019 5509 2274 5574 vestrum
2310 5502 2526 5558 multos
2549 5505 2845 5574 pervertit.
2869 5527 2896 5554 »
2931 5507 3093 5561 Unde
3114 5502 3545 5560 AleXandrinus
3562 5517 3667 5555 no-

2020 5578 2140 5627 ster
2172 5569 2847 5647 Sucrjcpéuparsumpsisse
2878 5578 3124 5632 videtur.

2089 5646 2202 5716 (68)
2233 5644 2460 5708 Αὐτούς.
2493 5644 2678 5719 Ὑμᾶς,
2709 5651 2876 5706 Rom.
2910 5665 2968 5715 Il,
3009 5650 3096 5703 24.
