4034 6148
307 186 444 245 1211

1541 195 1952 251 CLEMENTIB
1985 195 2491 254 ALEXANDBINI

3585 203 3734 258 1212

301 313 469 369 ciunt
485 311 577 385 (α).
591 315 827 369 s—«Vae
841 314 1069 369 homini
1088 314 1235 380 illi,»
1254 316 1450 386 inquit
1471 315 1787 383 Dominus;
1804 340 1831 367 «
1850 317 1943 372 bo-

2066 317 2222 371 ’Όθεν
2251 316 2510 392 γενναίως
2570 319 2598 373 6
2631 315 2986 388 ’Λπόστολος,
3011 343 3041 372 ‹‹
3084 322 3334 397 Ἔγραψα
3366 323 3515 395 ὑμῖν,
3547 346 3576 376 ιο
3617 346 3732 404 φη-

302 420 449 458 num
474 410 634 458 esset
653 404 783 470 ei,si
807 421 926 458 non
951 409 1124 458 natus
1155 409 1334 471 esset,
1368 422 1545 475 quam
1579 412 1643 460 ut
1672 423 1855 460 unum
1890 424 1960 462 ex

303 492 509 548 electis
526 493 674 546 meis
699 491 1442 562 scandalizaret(b).Melius
1474 496 1962 561 esset,uteimola

301 583 872 653 circumponere'tur,
911 589 970 638 et
1001 583 1061 638 in
1091 584 1242 638 mari
1287 585 1748 657 demergeretur,
1779 604 1958 657 quam

300 677 365 728 ut
397 688 582 726 unum
615 688 682 726 ex
717 671 867 726 meis
899 678 1263 743 perverteret
1292 674 1386 744 (e).
1413 675 1640 729 Nomen
1673 675 1833 729 enim
1855 672 1958 729 Dei

294 761 748 832 blasphematur
777 768 1020 834 propter
1069 764 1231 834 ipsos
1257 765 1360 835 (ἀ).
1412 787 1440 814 »
1477 765 1642 820 Unde
1674 766 1957 836 praaclare

293 852 615 923 Apostolus
651 869 662 906 :
697 876 724 902 ‹‹
763 853 1050 924 Scripsi,»
1087 853 1304 924 inquit,
1329 877 1354 902 ‹‹
1390 855 1552 909 vobis
1586 856 1648 910 in
1681 856 1953 926 epistola,

291 957 413 996 non
440 941 776 996 conversari
827 958 961 996 cum
995 940 1454 997 fornicatoribus
1485 944 1572 1013 (e),
1603 967 1630 993 ››
1663 961 1850 1014 usque
1882 945 1955 999 ad

288 1031 474 1086 illud:
511 1053 536 1083 ιι
569 1032 793 1103 Corpus
824 1037 1022 1086 autem
1078 1049 1200 1086 non
1231 1032 1633 1098 fornicationi,
1669 1034 1771 1088 sed
1832 1036 1952 1089 Do-

292 1123 476 1188 mino,
511 1127 569 1178 et
599 1123 884 1178 Dominus
917 1124 1152 1193 corpori
1175 1123 1265 1193 if).
1297 1145 1324 1172 ››
1359 1126 1428 1177 Et
1460 1124 1617 1195 quod
1637 1126 1950 1181 matrimo-

290 1213 458 1269 nium
491 1229 612 1268 non
649 1213 808 1268 dicat
833 1215 986 1270 203
1039 1213 1518 1280 fornicationem,
1571 1215 1831 1271 ostendit
1861 1233 1949 1287 eo,

290 1303 448 1375 quod
475 1303 815 1375 subjungit:
852 1324 879 1350 ‹‹
919 1307 1004 1358 An
1034 1303 1301 1368 nescitis,
1354 1304 1510 1374 quod
1561 1305 1659 1374 qui
1689 1305 1953 1359 adhaaret

289 1393 803 1454 meretrici,unum
825 1397 915 1446 est
933 1393 1294 1463 corpus(g).?n
1314 1395 1401 1446 An
1419 1393 1794 1448 meretricem
1817 1393 1951 1465 quis

287 1483 445 1538 dicet
458 1481 1123 1554 virginem.priusquam
1149 1481 1336 1536 nubat
1355 1482 1382 1536 ?
1396 1484 1499 1536 «Et
1515 1500 1588 1536 ne
1603 1483 1947 1547 fnaudetis,»

285 1572 644 1642 inquit,-vos
660 1571 1060 1638 invicem,nisi
1078 1588 1147 1625 ex
1165 1588 1462 1626 consensu
1481 1572 1553 1625 ad
1569 1573 1941 1642 tempus(hi:n

2072 405 2180 472 σὶν,
2214 428 2243 458 (‹
2274 408 2326 460 ἐν
2353 412 2422 481 τῇ
2455 406 2745 482 ἐπιστολῇ,
2779 410 2856 481 μὴ
2881 412 3369 485 συναναμίγνυσθαι
3427 413 3677 487 πόρνοις,
3702 436 3731 465 ››

2069 492 2173 557 ἕως
2205 522 2233 548 ‹‹
2268 499 2339 552 Τὸ
2380 496 2438 554 δὲ
2496 505 2678 572 σῶμα,
2741 500 2805 554 οὐ
2837 505 2905 575 τῇ
2959 501 3206 574 πορνείᾳ,
3240 500 3388 557 ἀλλὰ
3415 507 3494 574 τῷ
3524 506 3730 578 Κυρίῳ,

2069 587 2158 639 και
2184 586 2211 639 6
2246 586 2443 662 Κύριος
2486 593 2562 659 τῷ
2594 590 2865 661 σώματι.»
2904 589 3005 646 Καὶ
3037 591 3122 644 ὅτι
3153 590 3216 644 οὐ
3247 591 3340 645 τὸν
3377 592 3556 665 γάμον
3588 613 3726 666 πορ-

2068 675 2214 728 νείαν
2252 674 2419 750 λέγει,
2448 677 2710 755 ἐπιφέρει·
2744 703 2772 730 ‹‹
2803 679 2873 734 ’Ἠ
2927 677 3026 733 οὐκ
3080 676 3287 749 οῖδατε,
3319 680 3401 734 ὅτι
3447 683 3475 734 6
3503 679 3728 736 κολλώ-

2073 785 2236 836 μενος
2265 769 2333 838 τῇ
2366 765 2543 840 πόρνῃ
2571 765 2625 821 ἓν
2660 769 2821 840 σῶμά
2879 766 3019 822 ἐστιν
3055 787 3068 836 ;
3104 791 3130 820 ››
3157 770 3228 825 ’Ή
3260 768 3466 842 πόρνην
3497 790 3579 832 τις
3613 769 3732 846 ἐρεῖ

2064 854 2165 920 τήν
2197 856 2489 930 παρθένον,
2523 855 2649 928 πρὶν
2683 855 2718 924 ἢ
2748 863 2926 932 γῆμαι
2961 877 2974 925 ;
3009 881 3037 908 ‹‹
3075 857 3176 912 Καὶ
3211 859 3287 931 μή
3321 859 3728 935 ἀποστέρεῖτεω

2065 944 2306 1021 φησίν,‹‹
2350 944 2659 1015 ἀλλήλους,
2709 947 2758 1000 εἷ’
2818 949 2893 1019 μὴ
2956 947 3016 1002 ἐκ
3075 951 3186 1021 (69)
3235 950 3531 1026 συμφώνου
3588 950 3735 1024 πρός

2061 1034 2269 1108 καιρόν·
2316 1059 2342 1085 ››
2377 1033 2466 1089 διὰ
2495 1043 2595 1104 τῆς
2627 1059 2651 1089 ι
2687 1037 3032 1111 ἀποστερεῖτε
3059 1061 3085 1088 »ι
3136 1036 3332 1108 λέξεως
3362 1039 3425 1092 τὸ
3447 1038 3730 1116 ὀφείλημα

2060 1127 2158 1177 τοῦ
2188 1126 2372 1197 γάμου
2400 1126 2498 1192 τὴν
2532 1121 2885 1178 παιδοποιίαν
2947 1123 3248 1200 ἐμφαίνων·
3302 1127 3435 1202 ὅπερ
3495 1127 3546 1181 ἐν
3602 1133 3729 1189 τοῖς

2061 1206 2366 1286 ⁴ἔμπροσθεν
2399 1209 2700 1284 ἐδήλωσεν,
2736 1212 2925 1268 εἰπών·
2965 1239 2985 1264 ιι
3019 1217 3095 1286 Τῇ
3127 1214 3341 1288 γυναικὶ
3395 1217 3422 1268 6
3453 1214 3588 1289 ἀνὴρ
3623 1217 3725 1282 τήν

2065 1299 2292 1378 ὀφειλὴν
2329 1304 2440 1375 (70)
2476 1299 2809 1356 ἀποδιδότω·
2847 1304 3061 1376 ὁμοίως
3093 1301 3149 1357 δὲ
3177 1304 3267 1357 καὶ
3300 1305 3334 1373 ἡ
3366 1305 3499 1378 γυνή
3528 1308 3606 1376 τῷ
3630 1305 3723 1358 ἀν-

2062 1386 2168 1462 δρί·
2204 1411 2230 1443 ιο
2270 1393 2386 1463 μεθ’
2413 1392 2480 1460 ἢν
2513 1389 2710 1444 ἔκτισιν
2752 1391 2886 1445 κατᾶ
2915 1393 3014 1461 τήν
3049 1391 3326 1467 οἰκουρίαν
3358 1393 3445 1447 καὶ
3504 1393 3602 1461 τὴν
3663 1392 3715 1446 έν

2062 1481 2285 1552 Χριστῴ
2326 1479 2504 1534 πίστιν
2566 1479 2786 1555 βοηθός.
2850 1479 2955 1534 Καὶ
3013 1474 3090 1534 ἔτι
3151 1481 3472 1558 σαφέστερον
3524 1481 3714 1536 εἶπών·

2069 1593 2093 1624 α
2116 1575 2242 1633 Τοῖς
2261 1570 2602 1646 γεγαμηκόσι
2633 1569 3030 1646 παραγγέλλω,
3063 1570 3164 1626 οὐκ
3220 1571 3351 1646 ἐγὼ,
3385 1571 3510 1628 ἀλλ’
3551 1575 3578 1628 ὁ
3606 1571 3716 1628 Κύ-

288 1677 394 1732 per
415 1660 761 1722 dictionem,
796 1683 824 1710 «
849 1660 1156 1725 fraudetis,
1185 1683 1212 1709 ››
1236 1661 1560 1716 ostendens
1583 1661 1943 1716 matrimonii

2062 1681 2200 1736 ριος,
2234 1665 2467 1735 γυναῖκα
2500 1661 2605 1714 ἀπὸ
2636 1657 2831 1736 ἀνδρὸς
2865 1662 2940 1732 μή
2993 1668 3355 1736 χωρισθῆναιο
3393 1662 3480 1716 ἐὰν
3515 1659 3571 1716 δὲ
3621 1663 3719 1715 καὶ

292 1749 560 1804 debitum
585 1766 716 1804 esse
740 1749 1063 1804 liberorum
1101 1751 1578 1820 procreationem
1603 1767 1615 1804 :
1637 1750 1795 1820 quod
1817 1751 1951 1820 qui-

290 1838 424 1894 dem
458 1839 520 1892 in
550 1839 783 1908 iis,quaa
813 1840 1179 1908 praecedunt,
1202 1839 1483 1907 ostendit,
1518 1839 1722 1894 dicens
1756 1856 1768 1892 :
1794 1840 1950 1894 «Mu-

287 1927 420 1981 lieri
450 1928 537 1980 vir
565 1927 833 1981 debitum
860 1928 1109 1993 reddat;
1169 1929 1446 1983 similiter
1503 1936 1701 1984 autem
1738 1929 1953 1983 mulier

287 2032 525 2087 quoque
560 2017 680 2070 viro
710 2016 773 2087 (ι)
800 2023 992 2087 ;»post
1023 2034 1200 2088 quam
1234 2017 1948 2081 exsolutionem,indomo

285 2105 772 2166 custodienda.et
801 2108 862 2162 in
895 2125 963 2163 ea
985 2126 1119 2179 quae
1152 2115 1242 2164 est
1272 2111 1333 2164 in
1367 2109 1599 2164 Christo
1619 2108 1755 2175 ﬁde,
1776 2107 1948 2179 adju-

285 2196 399 2250 trix
422 2202 532 2251 est.
569 2199 639 2251 Et
667 2196 860 2252 adhuc
888 2199 1172 2270 apertius.
1209 2199 1452 2254 dicens:
1488 2220 1514 2248 ‹‹
1554 2198 1650 2259 lis,
1679 2198 1779 2268 qui
1812 2202 1952 2252 sunt

277 2285 478 2358 juncti
536 2287 942 2354 matrimonio,
1005 2289 1305 2359 praecipio,
1366 2287 1582 2358 inquit,
1641 2304 1762 2342 non
1821 2304 1946 2359 ego,

285 2375 389 2430 sed
424 2376 730 2443 Dominus,
751 2394 995 2432 uxorem
1028 2394 1062 2432 a
1092 2379 1216 2430 viro
1247 2393 1368 2430 non
1401 2376 1694 2447 separari;
1729 2377 1819 2431 sin
1850 2392 1950 2430 au-

290 2469 410 2520 tem
442 2473 715 2536 separata
745 2466 944 2530 fuerit,
978 2471 1219 2520 maneat
1253 2464 1524 2536 innupta,
1568 2465 1657 2520 vel
1701 2466 1825 2519 viro
1860 2483 1946 2520 re-

287 2555 677 2622 concilietur;
711 2561 772 2610 et
792 2555 980 2609 virum
1010 2571 1254 2609 uxorem
1273 2571 1392 2609 non
1429 2554 1746 2610 dimittere.
1783 2555 1944 2610 Beli-

299 2645 432 2716 quis
452 2650 651 2699 autem
685 2644 815 2700 dico
848 2661 974 2716 ego.
1009 2659 1130 2698 non
1164 2644 1488 2700 Dominus:
1524 2643 1580 2698 Si
1609 2645 1744 2715 quis
1762 2645 1949 2700 frater

297 2735 394 2805 (Ιι),
433 2755 459 2782 ››
479 2750 669 2804 usque
701 2733 774 2788 ad
808 2732 956 2787 illud
983 2749 995 2786 :
1030 2755 1056 2780 «
1092 2735 1256 2788 Nunc
1279 2741 1474 2789 autem
1496 2741 1699 2789 sancta
1721 2735 1944 2803 est(l).»

289 2822 437 2887 Quid
468 2829 665 2876 autem
689 2821 762 2876 ad
793 2822 919 2875 haec
951 2820 1176 2883 dicunt,
1203 2823 1303 2892 qui
1327 2823 1387 2876 in
1413 2822 1600 2894 legem
1652 2823 1942 2877 invehun-

285 2915 467 2972 tur,et
495 2910 556 2963 in
589 2909 1058 2973 matrimonium,
1082 2911 1249 2981 quasi
1285 2911 1361 2964 sit
1386 2911 1579 2965 solum
1599 2928 1633 2966 a
1651 2911 1778 2984 lege
1801 2929 1944 2966 con-

282 3016 541 3066 cessum,
573 3015 696 3053 non
723 3004 921 3053 autem
971 2999 1148 3053 etiam
1204 3000 1265 3054 in
1298 3002 1450 3055 Novo
1500 3002 1876 3056 Testamento
1908 3000 1936 3055 ?

280 3088 429 3154 Quid
460 3087 535 3142 ad
565 3087 672 3141 has
722 3087 882 3158 leges
913 3087 1062 3143 latas
1111 3095 1363 3160 possunt
1382 3089 1600 3155 dicere,
1622 3090 1722 3162 qui
1755 3091 1932 3145 satio-

282 3193 422 3232 nem
437 3176 763 3232 abhorrent
779 3183 838 3232 et
855 3180 1304 3251 generationem
1327 3180 1354 3235 ?
1374 3181 1896 3252 cumuepiscopum
1911 3202 1939 3230 »

279 3282 539 3338 quoque,
565 3289 594 3315 ‹‹
629 3267 728 3339 qui
761 3267 961 3323 domui
1001 3274 1160 3323 recte
1210 3270 1415 3340 prazsit
1440 3270 1556 3341 (ιη),
1586 3292 1612 3318 n
1661 3271 1940 3325 Ecclesiae

282 3355 494 3411 ducem
525 3357 880 3425 constituat;
913 3357 976 3422 ἧ(
1018 3359 1260 3413 domum
1319 3364 1516 3413 autem
1568 3360 1938 3415 Dominicam

286 3445 510 3500 «unius
532 3446 804 3501 mulieris
826 3469 852 3494 ι)
876 3448 1199 3502 constituat
1220 3448 1621 3520 conjugium.«
1657 3450 1869 3505 Omnia
1905 3470 1932 3503 ιι

279 3551 413 3607 ergo
445 3535 590 3590 dicit
620 3552 748 3592 esse
783 3558 810 3587 ‹‹
843 3537 1066 3592 munda
1096 3537 1369 3605 mundis;
1404 3539 1648 3609 pollutis
1663 3546 1864 3594 autem
1882 3545 1942 3596 et

273 3622 626 3678 infidelibus
651 3625 802 3678 nihil
826 3631 914 3679 est
935 3625 1358 3684 mundum.sed
1373 3627 1601 3698 polluta
1623 3635 1713 3683 est
1731 3645 1940 3685 eorum

279 3716 338 3766 et
358 3729 550 3781 mens,
570 3719 628 3768 et
646 3714 1013 3770 conscientia
1028 3716 1128 3785 (η).
1155 3738 1182 3764 ››
1209 3717 1287 3772 De
1312 3732 1382 3772 ea
1402 3723 1598 3772 autem
1621 3719 1940 3790 voluptate:

279 3817 411 3872 quia
427 3808 515 3857 est
525 3808 740 3873 praeter
750 3803 1160 3876 regulam:«Ne
1176 3806 1660 3877 erretis,»inquit;
1671 3831 1694 3856 α
1706 3825 1816 3863 nec
1827 3808 1944 3863 for-

283 3890 711 3964 nicatorespec
726 3893 1184 3965 idololatraeanec
1197 3895 1585 3967 adulterinec
1601 3897 1942 3970 molles’nec

284 3981 689 4038 masculorum
718 3982 1150 4050 concubitores,
1187 4001 1381 4056 neque
1413 3986 1590 4052 avari,
1623 4003 1819 4057 neque
1851 3987 1943 4040 fu-

280 4087 605 4142 res,neque
636 4071 877 4138 ebriosi,
923 4089 1115 4142 neque
1145 4073 1442 4133 maledici.
1503 4091 1612 4129 nec
1648 4082 1939 4146 raptores,

280 4178 531 4228 regnum
558 4163 662 4217 Dei
694 4162 1083 4234 possidebunt
1107 4180 1120 4228 ;
1142 4167 1324 4219 etnos
1342 4165 1581 4234 quidem
1601 4164 1788 4220 abluti
1845 4184 1940 4221 su-

279 4252 556 4325 mus(o),»
577 4253 678 4323 qui
714 4251 775 4305 in
807 4251 900 4306 his
925 4268 1160 4308 eramus
1187 4270 1198 4319 ;
1223 4253 1322 4324 qui
1348 4259 1546 4308 autem
1572 4254 1632 4308 in
1651 4255 1806 4309 hanc
1827 4255 1942 4308 tin-

277 4347 426 4415 gunt
473 4342 1021 4414 intemperantiam,
1047 4358 1116 4396 ex
1162 4344 1555 4414 temperantia
1585 4344 1646 4398 in
1679 4343 1939 4399 fornica-

2065 1754 2340 1825 χωρισθῇ,
2378 1749 2582 1822 μενέτω
2614 1748 2844 1825 ἄγαμος,
2875 1749 2910 1819 ἢ
2942 1755 3021 1822 τῷ
3079 1749 3232 1825 ἂνδρὶ
3287 1750 3713 1826 καταλλαγήτωσ

2055 1839 2146 1894 καὶ
2181 1837 2345 1913 ἄνδρα
2375 1843 2602 1912 γυναῖκα
2637 1841 2712 1911 μὴ
2743 1840 2976 1916 ἀφιέναι.
3013 1842 3150 1904 Τοῖς
3201 1839 3257 1895 δὲ
3313 1839 3531 1903 λοιποῖς
3563 1839 3716 1917 λέγω

2057 1927 2162 2003 ἐγὼ
2196 1931 2330 2000 (71),
2360 1927 2468 2002 οὐχ
2499 1929 2527 1982 6
2576 1926 2798 1996 Κύριος·
2832 1927 2900 1982 lz’i'
2923 1949 3006 1982 τις
3054 1926 3312 2006 ἀδελφὸς,
3347 1953 3374 1982 ››
3404 1927 3530 1992 ἕως·
3569 1955 3588 1980 ι
3624 1936 3721 1985 νῦν

2058 2014 2113 2072 δὲ
2139 2017 2266 2092 ἁγία
2301 2021 2406 2090 (72)
2440 2017 2568 2072 ἐστι.
2609 2041 2635 2069 ››
2667 2018 2735 2075 Τί
2768 2015 2824 2071 δὲ
2881 2015 3104 2092 λέγουσι
3139 2019 3275 2094 πρὸς
3301 2023 3468 2074 ταῦτα
3527 2021 3576 2074 o't
3623 2025 3728 2075 τοῦ

2054 2107 2227 2179 νόμου
2259 2105 2684 2180 κατατρέχοντες
2741 2105 2832 2160 καὶ
2891 2112 2987 2160 τοῦ
3020 2108 3227 2180 γάμου,
3277 2108 3349 2167 ὡς
3387 2108 3525 2162 κατᾶ
3549 2108 3728 2182 νόμον

2055 2195 2588 2270 συγκεχωρημένου,
2652 2194 2956 2269 μονονουχὶ
3005 2191 3061 2249 δὲ
3111 2196 3203 2249 καὶ
3263 2198 3378 2268 (73)
3429 2197 3564 2252 κατᾶ
3617 2199 3726 2266 τήν

2055 2286 2332 2353 Διαθήκην
2364 2285 2464 2351 τήν
2500 2285 2696 2354 Καινήν
2730 2304 2744 2354 ;
2775 2284 2839 2338 Τί
2890 2283 3026 2356 πρὸς
3083 2283 3283 2346 ταύτας
3327 2284 3496 2340 εἰπεῖν
3529 2284 3727 2362 ἔχουσι

2051 2372 2146 2434 τὰς
2180 2372 2509 2444 νομοθεσίας
2539 2372 2592 2425 οἳ
2621 2372 2720 2440 τὴν
2757 2373 2959 2445 σπορὰν
2992 2373 3081 2426 καὶ
3129 2373 3226 2440 τήν
3273 2373 3480 2448 γένεσιν
3517 2397 3721 2447 μυσατ-

2050 2462 2277 2534 τόμενοι
2312 2482 2325 2531 ;
2359 2459 2510 2514 Ἐπεὶ
2542 2460 2631 2515 καὶ
2663 2460 2756 2514 τὸν
2787 2487 2814 2511 ‹‹
2844 2460 3139 2516 ἐπίσκοπον
3181 2466 3287 2534 (74)
3317 2467 3415 2517 τοῦ
3448 2461 3598 2519 οἷ’κοο
3617 2486 3723 2520 κα-

2053 2550 2167 2614 λῶς
2196 2549 2602 2626 προϊστάμενον
2639 2573 2662 2602 n
2724 2552 3015 2623 νομοθετεῖ
3050 2554 3150 2615 τῆς
3197 2550 3526 2622 Ἐκκλησίας
3562 2553 3715 2632 ἀφη-

2050 2641 2282 2714 γεῖσθαι·
2316 2639 2466 2694 οἶκον
2499 2636 2556 2694 δὲ
2587 2639 2851 2711 Κυριακὸν
2883 2641 2997 2713 (75)
3061 2646 3187 2712 μιᾶς
3246 2644 3508 2714 γυναικὸς
3558 2643 3710 2697 συνί-

2050 2750 2206 2798 στησι
2241 2729 2486 2804 συζυγία.
2529 2749 2548 2778 ι
2616 2729 2791 2782 Πάντα
2838 2727 2929 2782 οῦν
2970 2729 3177 2806 καθαρὰ
3211 2735 3330 2790 τοῖς
3391 2733 3647 2805 καθαροῖς
3677 2757 3712 2784 ιο

2049 2816 2220 2893 λέγει⁸
2256 2843 2283 2869 ‹‹
2315 2825 2434 2880 τοῖς
2468 2817 2525 2872 δὲ
2555 2819 2958 2890 μεμιασμένοις
2985 2818 3074 2872 καὶ
3125 2819 3376 2883 ἀπίστοις
3420 2818 3575 2875 οὐδὲν
3613 2842 3715 2876 κα-

2050 2909 2232 2979 θαρὸν,
2268 2905 2414 2962 ἀλλὰ
2448 2907 2742 2980 μεμίανται
2802 2906 2978 2962 αὐτῶν
3033 2910 3122 2962 καὶ
3155 2909 3181 2962 6
3239 2912 3364 2970 νοῦς
3393 2909 3482 2964 καὶ
3514 2913 3548 2978 ἡ
3583 2932 3707 2965 συν-

2050 2995 2276 3067 είδησις.
2335 3021 2362 3048 η
2415 2997 2540 3054 Ἐπὶ
2587 2995 2644 3052 δὲ
2692 3004 2793 3067 τῆς
2852 2997 3000 3072 παρὰ
3082 2999 3174 3052 τὸν
3225 2999 3423 3053 κανόνα
3479 2997 3708 3069 ἡδονῆς·

2056 3107 2076 3136 ι
2111 3087 2205 3154 Mi}
2233 3085 2530 3155 πλανᾶσθε,
2558 3087 2787 3163 »φησίν-
2811 3110 2830 3136 ι
2852 3084 2977 3141 οὔτε
3005 3086 3219 3162 πόρνοι,
3253 3085 3377 3143 οὔτε
3404 3085 3712 3144 εἰδωλολά-

2044 3195 2190 3250 τραι,
2225 3172 2350 3230 οὔτε
2385 3176 2610 3250 μοιχοὶ,
2643 3172 2766 3230 οὕτε
2828 3175 3091 3248 μαλακοὶ,
3151 3173 3278 3231 οὔτε
3307 3176 3704 3251 ἀρσενοκοῖται,

2047 3262 2170 3320 οὔτε
2201 3264 2548 3333 πλεονέκται,
2607 3261 2731 3319 οὔτε
2773 3262 3028 3333 κλέπται,
3088 3266 3151 3320 οὐ
3215 3265 3437 3338 μέθυσοι
3469 3272 3602 3340 (76),
3637 3266 3700 3321 οὐ

2045 3353 2319 3429 λοίδοροι,
2353 3355 2465 3430 οὐχ
2489 3356 2724 3430 ἅρπαγες
2768 3353 3047 3430 βασιλείαν
3079 3359 3210 3410 Θεοῦ
3241 3354 3303 3408 οὐ
3341 3349 3695 3430 κληρονομή-

2048 3465 2252 3499 σουσιν
2284 3445 2376 3499 καὶ
2408 3446 2573 3515 ἡμεῖς
2629 3443 2721 3517 μὲν
2775 3441 3214 3514 ἀπελουσάμεθα,
3249 3467 3276 3494 ››
3326 3445 3378 3498 οἱ
3410 3443 3460 3498 ἐν
3491 3445 3707 3509 τούτοις

2044 3534 2358 3610 γενόμενοι·
2393 3535 2446 3587 οἱ
2478 3530 2535 3586 δὲ
2590 3532 2667 3595 εἷς
2719 3531 2920 3602 ταύτην
2973 3531 3340 3596 ἁπολούοντες
3384 3536 3484 3602 τήν
3541 3532 3701 3588 ἀσέλ-

2043 3644 2194 3699 γειαν
2225 3621 2285 3677 ἐκ
2317 3620 2676 3696 σωφροσύνης
2735 3620 2810 3683 είς
2868 3621 3123 3696 πορνείαν
3183 3622 3520 3695 βαπτίζουσι,
3579 3628 3699 3685 ταῖς

2044 3711 2268 3782 ἡδοναῖς
2315 3712 2404 3768 καὶ
2459 3716 2577 3773 τοῖς
2632 3713 2823 3775 πάθεσι
2884 3711 3202 3786 χαρίζεσθαι
3259 3708 3695 3787 δογματίζοντες,

2045 3804 2293 3874 ἀκρατεῖς
2345 3801 2404 3856 ἐκ
2459 3801 2756 3878 σωφρόνων
2813 3801 2944 3855 εἶναι
3035 3797 3401 3869 διδάσκοντες,
3461 3801 3548 3856 καὶ
3593 3803 3694 3870 τήν

2045 3889 2241 3947 ἐλπίδα
2269 3892 2367 3958 τήν
2403 3895 2550 3970 σφῶν
2577 3895 2698 3951 ταῖς
2719 3894 2829 3945 τῶν
2866 3888 3072 3962 μορίων
3099 3889 3505 3965 ἀναισχυντίαις
3529 3911 3702 3966 προσ-

2045 3983 2332 4056 ανέχοντες
2366 4001 2379 4013 ⁵
2438 3980 2856 4054 ἀποκηρύκτοος
2916 3980 3056 4032 εἶναι
3109 3985 3212 4048 τῆς
3273 3979 3551 4054 βασιλείας
3603 3983 3698 4033 τοῦ

2047 4074 2208 4139 Θεοῦ,
2241 4068 2365 4124 ἀλλ’
2397 4071 2500 4124 οὐκ
2531 4069 2854 4147 ἐγγράφους,
2895 4068 3024 4130 τοὺς
3057 4069 3322 4146 φοιτητὰς
3364 4068 3698 4144 παρασκευά-

2049 4163 2253 4228 ζοντες’
2289 4155 2650 4231 ψευδωνύμου
2709 4158 2964 4231 γνώσεως
3011 4157 3376 4234 προσηγορίᾳ,
3408 4159 3504 4226 τήν
3538 4157 3612 4219 εἷς
3639 4159 3700 4212 τὸ

2047 4252 2306 4322 ἐξώτερον
2337 4249 2529 4310 σκότος
2562 4247 2882 4324 ὁδοιπορίαν
2935 4248 3367 4325 ἐπανῃρημένοι.
3402 4274 3429 4300 ι(
3472 4248 3548 4305 Τὸ
3580 4247 3698 4303 λοι-

2045 4341 2169 4406 πὸν,
2205 4335 2454 4414 ἀδελφοὶ,
2483 4335 2581 4391 ὅσα
2611 4336 2797 4408 ἀληθῆ
2827 4341 2962 4410 (77),
2996 4336 3092 4391 ὅσα
3144 4338 3335 4410 σεμνὰ,
3367 4336 3465 4392 ὅσα
3497 4333 3698 4408 δίκαια,

351 4470 411 4533 -ι‹
441 4472 503 4525 Ρ.
531 4472 635 4524 562
658 4470 767 4523 ED.
795 4470 1091 4534 POTTER,
1121 4470 1224 4522 473
1249 4470 1359 4524 ΕΙ).
1385 4470 1617 4525 PARIS.
1649 4470 1726 4538 (a)
1751 4472 1918 4525 Prov.

2056 4470 2104 4534 Β,
2131 4467 2214 4521 19.
2250 4467 2322 4532 (ὃ)
2350 4465 2552 4521 Matth.
2587 4482 2737 4528 xxvr,
2768 4468 2858 4522 24.
2891 4465 2963 4538 (ο)
2988 4465 3197 4538 Matth.
3231 4481 3399 4538 vviII.
3423 4465 3478 4528 6,
3531 4481 3697 4536 seqq.

281 4541 367 4612 (d)
391 4544 558 4596 Rom.
590 4558 652 4612 Ii,
679 4542 767 4595 24.
802 4541 870 4610 (e)
901 4542 919 4594 l
953 4541 1081 4595 Cor.
1117 4557 1168 4606 v,
1206 4545 1289 4595 11.
1325 4542 1394 4610 (f)
1426 4542 1601 4596 lCor.
1635 4536 1714 4601 vi.
1753 4544 1833 4596 t3.
1858 4543 1934 4610 (gl

2059 4539 2115 4594 d.
2138 4541 2237 4612 ιθ.
2263 4538 2351 4612 (ιι)
2378 4539 2402 4612 I
2432 4538 2562 4591 Cor.
2593 4554 2685 4612 vii,
2719 4540 2770 4591 5.
2808 4538 2865 4607 (ι)
2914 4536 3063 4594 Ibid.
3097 4539 3146 4593 3.
3183 4538 3254 4607 (Ιι)
3279 4537 3425 4593 Ibid.
3463 4538 3550 4605 io,
3617 4541 3700 4604 il,

283 4608 369 4666 42’.
406 4613 466 4685 (ι)
489 4608 644 4669 Ibid.
673 4615 757 4667 ui.
794 4608 888 4683 (γη)
923 4613 948 4666 I
976 4612 1124 4666 Tim.
1157 4628 1244 4680 ιιι,
1276 4608 1397 4680 2,4
1431 4631 1443 4679 ;
1476 4613 1584 4666 Tit.
1611 4630 1648 4680 l,
1683 4615 1734 4666 6.
1767 4614 1844 4686 (η)
1875 4608 1936 4667 Ti

2082 4611 2168 4664 15.
2204 4610 2277 4682 (0)
2314 4610 2332 4663 Ι
2365 4609 2495 4663 Cor.
2521 4626 2593 4676 v1,
2625 4608 2680 4677 9,
2717 4613 2803 4678 10,
2834 4613 2918 4662 11.

383 4753 469 4813 69)
502 4748 568 4823 Ei’
593 4751 668 4821 μὴ
703 4749 780 4809 ἐκ.
814 4750 882 4808 Eii
911 4751 986 4823 μή
1016 4771 1070 4806 τι
1102 4750 1160 4805 ἄν
1198 4749 1330 4823 έκλί
1362 4754 1493 4808 Cor.
1519 4769 1614 4807 vn.

500 4819 787 4899 'Ofpemjv.
824 4819 1222 4899 ’Ocp'eilopév'qv
1249 4819 1493 4899 εὔνοιαν,
1526 4824 1676 4880 lbid.

357 4893 468 4972 (11)
502 4893 657 4972 Λέγει)
687 4893 988 4972 έΪώ-,ῘΕγάξ
1019 4893 1187 4972 λέγαὶν
1220 4896 1368 4972 Ibid-

356 4965 676 5042 (72)¹Αγία.
711 4965 1107 5042 Ξογνὶὺεξῒιάηηί
1152 4969 1282 5042 ἆγια
1318 4970 1398 5042 in
1452 4967 1606 5042 plur.
1668 4984 1941 5042 numero,

287 5055 358 5094 ex
383 5037 700 5112 lCorJvn,
738 5041 823 5112 Μς,
855 5041 954 5112 ubi
997 5043 1070 5096 ad
1101 5037 1634 5112 praecedens—rima
1665 5040 1937 5094 refertur.

350 5111 497 5187 (7:3)“
535 5107 658 5187 Ὡς-
679 5107 816 5187 κατᾶ
870 5110 1039 5187 νόμον
1103 5107 1616 5187 ’συγκεχωρημένου
1649 5152 1664 5177 ,
1741 5131 1940 5183 μονον-

284 5181 419 5256 ουχὶ
446 5177 511 5235 ’δὲ
543 5201 592 5235 κ.
622 5177 1041 5256 Scribepdum,
1096 5184 1172 5256 ὡς
1196 5177 1206 5187 ’
1231 5177 1384 5256 xuii-6'
1425 5177 1596 5256 νόμον
1659 5177 1941 5256 συγκεγω·

285 5249 527 5328 ρημὲνου
563 5250 910 5334 μόνον,-οὐχῖ
969 5249 1026 5306 δέ
1073 5255 1162 5308 καὶ
1222 5255 1358 5309 κατὰ
1403 5249 1503 5322 τὴν
1537 5249 1939 5323 Διαθῆκὴναήν

280 5326 474 5396 καινήν
509 5346 522 5390 ;
557 5326 722 5393 Quod
758 5326 958 5380 Latine
993 5342 1226 5381 versum
1255 5334 1363 5382 est.

351 5402 466 5468 (74)
491 5399 701 5455 Ἐπίσκ.
736 5397 819 5454 Cf.
857 5414 985 5467 sup.
1022 5415 1078 5468 p.
1117 5401 1218 5452 459
1252 5406 1310 5452 et
1338 5400 1442 5452 464
1474 5395 1616 5452 edit.
1651 5395 1842 5449 Paris.

374 5477 466 5537 75)
496 5471 678 5529 Οῗκον.
716 5515 728 5528 .
765 5513 777 5526 .
833 5465 1151 5542 Κυριακόνη
1188 5471 1279 5524 Sic
1341 5468 1583 5542 templa,
1618 5483 1722 5521 seu
1751 5465 1943 5521 eccle-

281 5539 403 5611 εἰτὸ,
432 5539 924 5618 Οιιῐθὶειίειηονιιῐῐι
961 5539 1558 5618 appellari_soleba_n_t
1592 5555 1603 5590 :
1656 5544 1946 5618 verumta-

283 5635 442 5688 men,
476 5624 542 5673 ut
573 5615 946 5673 Balsamonis
977 5610 1171 5672 verbis
1202 5613 1276 5671 ad
1308 5628 1440 5668 can.
1475 5611 1542 5663 74
1598 5610 1833 5664 concilii
1883 5611 1944 5666 in

2048 4749 2246 4806 Trullo
2280 4749 2466 4820 habiti
2497 4755 2665 4806 utar:
2701 4753 2807 4810 ΙΙᾶς
2859 4747 3253 4820 τόπος-Κυρίῳ,
3289 4747 3697 4819 ἀνατεθειμένος

2050 4821 2316 4904 Κυριακὸξ
2351 4819 2584 4904 λέγεται,
2642 4821 2738 4874 κᾶν
2802 4821 2876 4892 μή
2938 4817 3377 4904 ἐκκληῶαέέστίν
3435 4817 3700 4904 «pinnis

2050 4895 2216 4950 locus
2275 4893 2523 4949 Domino
2612 4899 2990 4949 consecratus
3042 4893 3387 4949 Dominicus
3459 4893 3696 4958 dicitur,

2053 4967 2284 5022 etiamsi
2317 4982 2435 5020 non
2471 4966 2544 5019 sit
2577 4965 2864 5020 ecclesia:
2896 4988 2922 5014 η
2974 4981 3041 5020 ac
3069 4965 3320 5035 proinde
3351 4965 3563 5020 domus
3597 4982 3698 5020 cu-

2045 5038 2233 5110 jusvis
2255 5037 2594 5101 Christiani,
2628 5037 2925 5110 praecipue
2957 5053 3092 5110 vero
3125 5037 3351 5110 clerici,
3384 5043 3564 5110 atque
3587 5038 3700 5091 im-

2052 5107 2261 5182 primis
2293 5109 2573 5182 episcopi,
2608 5107 2755 5170 οἶκος
2774 5107 3092 5182 Κυριακός,ι‹
3109 5109 3315 5164 domus
3337 5109 3696 5172 Dominica,»

2051 5182 2263 5237 merito
2289 5181 2610 5236 vocabitur.

2125 5255 2236 5324 (76)
2269 5247 2407 5307 Οὔτε
2569 5295 2580 5308 .
2719 5248 2961 5322 μέθυσοι.
3025 5247 3158 5304 οὕτε
3215 5245 3470 5324 κλέπται,
3528 5244 3588 5303 οῦ
3641 5268 3700 5302 τε

2051 5320 2394 5394 πλεονέκται,
2432 5320 2552 5376 οὔτε
2587 5320 2831 5394 μέθυσοι,
2873 5324 2887 5376 Ι
2919 5324 3048 5378 Cor.
3085 5340 3157 5390 VI,
3190 5323 3289 5377 ubi
3312 5339 3531 5394 merx.
3568 5364 3599 5394 ._
3635 5363 3648 5376 .
3686 5362 3700 5376 .

2053 5395 2114 5468 οὐ
2142 5390 2683 5468 κληρονομήσουσιν·
2744 5394 2836 5448 καὶ
2878 5396 3047 5448 ταῦτά
3075 5413 3216 5454 τινες
3247 5395 3364 5461 ἦτε·
3401 5390 3545 5446 ἀλλὰ
3574 5390 3708 5445 ἀπε-

2052 5465 2338 5532 λούσασθε,
2370 5465 2478 5524 etc.

2127 5544 2237 5605 (77)
2268 5541 2404 5596 *Οσα
2433 5537 2525 5596 ἀλ.
2558 5539 2699 5594 ’Όσα
2730 5536 2880 5608 ἐστὶνΔ
2903 5537 2992 5592 ἀλ.
3013 5537 3271 5608 Philipp.
3305 5553 3376 5608 Iv,
3410 5534 3511 5608 tibi
3541 5552 3705 5607 mox,

2056 5611 2088 5664 ἃ
2117 5603 2203 5664 καὶ
2237 5611 2480 5684 ἐμάθετε,
2512 5610 2601 5664 καὶ
2634 5604 2970 5683 παρελάϐετε
2999 5607 3088 5663 καὶ
3129 5603 3232 5677 iiii.—
3264 5607 3354 5662 καὶ
3404 5603 3592 5664 εἳδετι.
