4034 6148
284 233 429 290 1213

1616 232 2067 291 STROMATUM
2103 231 2239 287 LIB.
2282 232 2379 287 IV.

3567 229 3712 288 12M:

283 358 386 413 ’ὸσα
416 353 568 431 ἁγνὰ,
603 356 701 411 ὅσα
723 355 1031 435 προσφιλῆ,
1093 357 1193 412 ὅσα
1251 353 1493 436 εὔφημαο
1529 354 1584 413 εἷ’
1626 377 1709 418 τις
1753 353 1941 429 ἀρετὴ,

2059 353 2282 408 tionem
2312 353 2629 424 baptizant,
2679 351 3080 424 voluptatibus
3108 357 3168 408 et
3213 352 3521 410 affectibus
3571 371 3700 412 esse

283 445 456 501 καὶεῗ
483 467 568 508 τις
629 444 870 515 ἔπαινος,
923 451 1092 502 ταῦτα
1151 447 1458 520 λογίζεσθε,
1511 443 1608 501 ὅσα
1665 445 1755 500 καὶ
1813 443 1944 516 ἒ.μά-

193 593 197 596 ,
288 547 422 600 θετε·
488 532 520 588 ἃ
567 535 656 588 καὶ
699 529 1039 603 παρελάϐετε
1095 536 1186 590 καὶ
1243 536 1515 606 ἠκούσατε
1570 536 1660 590 καὶ
1701 531 1840 588 ἴδετε
1897 531 1948 586 ἐν

288 621 435 697 ἐμοὶ.
465 627 634 678 ταῦτα
667 623 952 698 πράσσετὲ
986 624 1075 679 καὶ
1109 626 1137 679 ὁ
1196 626 1326 688 Θεὸς
1377 633 1476 695 τῆς
1527 624 1744 700 εἶρήνης
1801 618 1945 678 ἔσται

289 713 407 786 μεθ’
457 713 638 782 ὑμῶν.
674 737 702 764 ››
757 713 856 768 Καὶ
915 714 942 768 ὁ
1002 713 1202 787 Πέτρος
1283 714 1334 770 ἐν
1511 712 1811 786 Ἐπιστολῇ
1881 711 1948 766 τὰ

285 802 454 874 ὃμοια
485 799 655 876 λέγει·
710 828 730 852 ι
793 803 954 857 "uate
1010 805 1106 871 τήν
1168 805 1344 858 πίστιν
1405 805 1555 876 ὑμῶν
1611 804 1702 858 καὶ
1751 799 1946 857 ἐλπίδα

289 893 426 946 εἶναι
454 891 532 952 εἷς
568 890 716 947 θεόν’
748 892 842 954 τὰς
873 893 1056 967 ψυχὰς
1108 893 1261 965 ὑμῶν
1309 895 1598 968 ἡγνικότες
1629 893 1680 948 ἐν
1711 897 1780 967 τῇ
1806 893 1945 946 ὑπα-

285 985 390 1054 κοῇ
421 983 519 1050 τῆς
549 980 834 1049 ἀληθείας·
867 983 942 1045 ὡς
996 983 1155 1037 τέκνὰ
1211 984 1480 1056 ὑπακοῆς,
1532 985 1608 1056 μὴ
1655 983 1942 1054 (7067.2qu-

281 1069 711 1143 τιζόμενοιταῖς
752 1070 1016 1144 πρότερον
1076 1070 1126 1126 ἐν
1173 1076 1242 1145 τῇ
1300 1072 1489 1147 ἀγνοίᾳ
1547 1073 1697 1146 ὑμῶν
1757 1071 1943 1135 ἐπίθο-

284 1158 453 1233 μίαις’
486 1157 634 1214 ἀλλά
661 1158 796 1213 κατὰ
815 1159 906 1214 τὸν
941 1157 1245 1215 καλέσαντα
1281 1162 1420 1233 ὑμᾶς
1475 1161 1624 1236 ἅγιον
1667 1161 1756 1216 καὶ
1787 1160 1939 1214 αὐτοὶ

283 1248 426 1323 ἅγιοι
501 1245 554 1301 ἐν
617 1249 760 1322 πάσῃ
817 1247 1127 1324 ἀναστροφῇ
1204 1251 1489 1324 γενήθητεο
1553 1247 1692 1305 διότι
1745 1249 1942 1326 γέγρα-

283 1356 433 1391 πται·
466 1338 656 1410 ’Ἅγιοι
688 1333 868 1401 ἔσεσθε
909 1340 1048 1412 (78),
1105 1336 1244 1394 διότι
1295 1339 1405 1414 ἐγὼ
1457 1339 1630 1413 ἃγιος.
1690 1364 1718 1390 ››
1766 1337 1943 1396 Ἀλλᾶ

276 1425 384 1501 γὰρ
419 1426 558 1499 πὲρα
587 1430 682 1481 τοῦ
716 1423 935 1489 δὲοντος
995 1431 1030 1497 ἡ
1072 1428 1206 1504 πρὸς
1234 1428 1364 1491 τοὺς
1394 1427 1786 1502 ψευδωνύμους
1839 1435 1939 1497 τῆς

285 1514 541 1588 γνώσεως
572 1514 872 1589 ὑποκριτὰς
921 1516 1186 1592 ἀναγκαία
1235 1517 1509 1592 λεγομένη
1546 1516 1832 1592 ἀντιλογία
1861 1515 1938 1578 εἷς

286 1600 492 1675 μακρὸν
527 1603 800 1678 ἀπήγαγεν
833 1605 1006 1677 ἡμᾶς,
1065 1605 1155 1658 καὶ
1215 1603 1438 1674 ἐξέτεινε
1476 1605 1569 1660 τὸν
1603 1605 1784 1680 λόγον’
1819 1605 1936 1659 ὅθεν

280 1690 636 1765 καὶὸτρίτος
686 1695 822 1764 ἡμῖν
880 1698 987 1748 τῶν
1049 1694 1186 1749 κατὰ
1240 1695 1339 1763 τήν
1392 1693 1574 1764 ἁληθῆ
1608 1695 1934 1771 φιΛοσοφίαν

279 1785 592 1855 γνωπικῶν
631 1782 1046 1856 ὑπομνημάτων
1080 1782 1445 1859 Στρωματεὺς
1502 1789 1662 1839 τοῦτο
1705 1783 1820 1858 ἔχει
1868 1783 1931 1838 τὸ

277 1869 470 1945 πέρας.

2054 443 2484 515 indulgendum
2512 443 2922 500 decernentes.
2945 443 3384 499 incontinentes
3407 461 3477 499 ex
3497 445 3702 499 mode-

2053 533 2196 587 ratis
2230 531 2356 587 ﬁeri
2391 531 2693 598 docentes,
2723 537 2781 585 et
2810 531 2870 584 in
2891 547 2991 602 spe
3013 547 3118 585 sua
3138 532 3541 588 membrorum
3566 551 3702 589 suo-

2051 639 2185 678 rum
2217 621 2600 694 impudentia:
2623 621 2782 676 afﬁxi
2808 638 2821 688 ;
2846 627 2912 674 ut
2935 637 2970 675 a
2992 637 3168 692 regno
3201 622 3304 676 Dei
3325 621 3697 693 abdicentur,

2052 729 2171 767 non
2203 719 2400 767 autem
2433 717 2496 766 ut
2528 711 2950 777 inscribantur,
2984 712 3087 782 qui
3125 711 3200 765 ad
3249 727 3350 766 eos
3387 713 3698 783 ventitant,

2052 802 2382 857 efﬁcientes
2407 819 2421 867 ;
2463 801 2572 856 sub
2604 801 2752 855 falso
2775 801 3096 856 nominatas
3124 801 3479 872 cognitionis
3503 801 3696 871 titulo,

2051 909 2203 958 eam,
2229 909 2358 963 quae
2382 891 2456 946 ad
2487 891 2810 946 exteriores
2832 891 2996 944 ducit
3015 889 3310 955 tenebras,
3336 890 3487 945 viam
3510 891 3699 963 ingre-

2049 979 2300 1034 dientes.
2315 978 2506 1044 -Quod
2522 979 2819 1049 reliquum
2833 977 3145 1033 estfratres
3158 995 3528 1049 quascunque
3543 995 3697 1047 vera,

2049 1085 2420 1139 quascunque
2443 1069 2711 1134 honesta,
2732 1084 3102 1138 quaecunque
3115 1070 3292 1134 justa,
3327 1084 3698 1139 quascunque

2047 1165 2227 1216 casta.
2243 1175 2612 1228 quacunque
2625 1158 2923 1214 amabilia.
2936 1174 3306 1228 quacunque
3319 1157 3489 1212 bonaa
3503 1158 3694 1226 famaa;

2049 1248 2096 1303 si
2115 1264 2231 1319 qua
2251 1248 2456 1316 virtus,
2484 1253 2543 1302 et
2563 1249 2611 1301 si
2637 1263 2755 1318 qua
2777 1247 2927 1309 laus.
2953 1263 3022 1301 ea
3042 1247 3414 1302 considerate
3437 1265 3451 1313 ;
3485 1265 3615 1318 qum
3639 1253 3699 1303 et

2047 1337 2495 1408 didicistis;quae
2509 1337 2688 1392 etiam
2707 1337 3019 1408 accepistis
3037 1341 3096 1392 et
3111 1337 3382 1392 audiistis
3396 1336 3694 1393 etvidistis

2046 1430 2108 1485 in
2125 1445 2240 1494 me,
2261 1445 2333 1484 ea
2347 1428 2520 1483 facite
2547 1434 2636 1493 ;et
2651 1429 2804 1482 Deus
2825 1427 2986 1498 pacis
3003 1427 3116 1482 erit
3138 1427 3442 1483 vobiscum
3457 1429 3552 1499 (a).
3581 1450 3608 1478 »
3628 1431 3698 1486 Et

2045 1520 2253 1573 Petrus
2282 1515 2506 1570 similia
2535 1515 2682 1569 dicit
2723 1516 2783 1570 in
2815 1515 3077 1586 Epistola
3102 1532 3114 1569 :
3151 1537 3177 1564 ‹‹
3207 1517 3279 1570 Ut
3327 1515 3475 1571 ﬁdes
3503 1522 3696 1573 vestra

2045 1611 2104 1661 et
2133 1621 2267 1676 spes
2300 1604 2376 1659 sit
2405 1605 2467 1658 in
2497 1606 2705 1668 Deum,
2739 1621 2875 1658 cum
2907 1605 3139 1659 animas
3158 1609 3380 1659 vestras
3401 1610 3593 1660 castas
3615 1606 3697 1660 ef-

2041 1694 2301 1751 feceritis
2324 1695 2386 1748 in
2418 1693 2760 1748 obedientia
2789 1694 3052 1748 veritatis
3074 1694 3151 1763 (b)
3177 1710 3190 1757 ;
3217 1694 3386 1764 quasi
3409 1693 3518 1748 ﬁlii
3552 1695 3695 1750 obe-

2041 1785 2302 1844 dientim,
2332 1801 2452 1838 non
2477 1783 2826 1854 conﬁgurati
2860 1782 3160 1854 prioribus
3189 1781 3523 1850 desideriis,
3558 1801 3689 1854 quin

2041 1874 2282 1930 fuerunt
2313 1874 2374 1928 in
2407 1873 2778 1944 ignorantia;
2811 1872 2915 1927 sed
2939 1872 3266 1927 secundum
3293 1888 3448 1937 eum,
3473 1874 3572 1944 qui
3591 1891 3688 1928 vo-

276 1962 428 2017 cavit
457 1968 892 2030 vos,sanctum,
943 1968 1001 2018 et
1031 1964 1142 2035 ipsi
1177 1965 1364 2020 sancti
1392 1965 1520 2019 sitis
1547 1965 1608 2019 in
1653 1964 1815 2019 omni
1867 1963 2332 2019 conversatione.
2395 1962 2684 2026 Quoniam
2727 1961 3015 2032 scriptum
3045 1965 3134 2015 est
3162 1977 3174 2014 :
3210 1983 3237 2009 ‹‹
3273 1961 3468 2015 Sancti
3499 1963 3687 2030 eritis,

278 2053 561 2123 quoniam
587 2069 692 2125 ego
723 2059 962 2108 sanctus
993 2070 1125 2108 sum
1149 2055 1242 2124 (ο).
1280 2076 1308 2103 ››
1346 2056 1764 2110 Verumtamen
1787 2070 1918 2124 quaa
1937 2052 2216 2108 adversus
2247 2052 2485 2122 eos,qui
2501 2051 2902 2124 cognitionem
2931 2049 3081 2106 falso
3114 2051 3355 2105 nomine
3379 2050 3686 2118 simulant,

277 2143 612 2198 necessario
645 2148 920 2214 suscepta
945 2147 1034 2198 est
1061 2160 1096 2198 a
1119 2143 1290 2198 nobis
1322 2143 1668 2214 disputatio,
1701 2160 1810 2199 nos
1841 2143 2096 2215 longius,
2150 2159 2330 2214 quam
2389 2157 2495 2213 par
2555 2142 2649 2208 sit,
2703 2140 2970 2205 abduxit,
3031 2146 3089 2196 et
3130 2140 3460 2196 orationem
3492 2141 3690 2196 eﬁ‘ecit

276 2233 678 2303 prolixiorem.
716 2233 878 2288 Unde
910 2233 1117 2289 tertius
1143 2250 1379 2306 quoque
1397 2233 1549 2290 liber
1576 2234 1940 2289 Stromateus
1972 2249 2199 2301 eorum,
2224 2249 2355 2304 qua;
2387 2236 2528 2287 sunt
2573 2229 2646 2285 de
2702 2247 2839 2286 vera
2886 2230 3289 2302 philosophia,
3318 2236 3690 2287 commenta-

275 2323 521 2390 riorum,
548 2323 705 2379 hunc
737 2323 919 2379 ﬁnem
951 2323 1187 2380 habeat.

347 2480 422 2553 (a)
455 2481 606 2540 Phil.
639 2499 714 2550 iv,
743 2483 795 2550 8,
831 2486 884 2538 9.
924 2485 995 2555 (b)
1026 2486 1050 2539 l
1083 2489 1231 2540 Petr.
1266 2501 1304 2550 ι,
1336 2483 1428 2549 2|,
1460 2487 1547 2540 22.
1582 2485 1652 2555 (ο)
1684 2482 1831 2539 Ibid.
1866 2483 1941 2536 14.

2047 2514 2070 2546 η,
2107 2483 2194 2536 16.

345 2610 456 2681 (78)
484 2610 666 2685 ’Ἅγιοι
693 2605 774 2666 ἓσ.
809 2613 833 2666 Ι
867 2615 1020 2668 Petr.
1058 2630 1096 2683 1,
1135 2613 1200 2666 16
1239 2630 1252 2667 :
1284 2613 1469 2684 ’Δγιοι
1493 2612 1731 2684 γένεσθε,
1762 2609 1843 2663 ὅτι
1868 2607 1976 2682 ἐγὼ
2007 2607 2162 2682 ἅγιός
2196 2607 2332 2679 εἰμι.

1247 2961 2700 3137 ΚΛΗΜΕΝΤΟΣ

700 3256 1212 3432 ΤΟΥ
1373 3257 3244 3432 ΑΛΕΞΑΝΔΡΕΩΣ

1371 3547 2561 3678 ΣΤΡΩΜΑΤΕΩΝ

869 3796 1127 3893 ΤΩΝ
1211 3800 1409 3893 ΕΙΣ
1493 3796 1834 3894 ΟΚΤΩ
1913 3798 2317 3895 ΛΟΓΟΣ
2402 3799 3092 3897 ΤΕΤΑΡΤΟΣ.

659 4182 1783 4348 CLEMENTIS
1901 4185 3295 4352 ALEXANDRINI

1436 4475 2490 4600 STROMATUM

1262 4696 1742 4792 LIBER
1877 4697 2660 4808 QUARTUS.

1643 5027 1875 5084 CAPUT
1946 5028 2250 5085 PRIMUM.

1679 5142 1823 5198 Ordo
1845 5142 2219 5198 dicendorum.

320 5264 659 5330 Ἀκόλουθον
691 5261 739 5319 δ’
770 5265 853 5333 ἄν,
889 5265 1068 5335 οἶμαι,
1101 5263 1224 5331 περί
1271 5285 1327 5319 τε
1377 5264 1678 5342 μαρτυρίου
1711 5263 1902 5320 διαλα-
1936 5287 1941 5330 1

2089 5270 2472 5341 Consequens
2495 5274 2693 5326 autem
2721 5269 3002 5344 deinceps
3025 5290 3153 5330 esse
3177 5277 3470 5341 existimo,
3503 5281 3568 5331 ut
3597 5277 3668 5333 de

251 5349 385 5425 δεῖν,
417 5355 507 5410 καὶ
537 5354 621 5416 τίς
661 5354 688 5408 ὁ
745 5351 977 5413 τέλειος·
1030 5352 1112 5414 οἷς
1173 5350 1715 5431 ἐμπεριληφοησεται
1772 5357 1907 5410 κατὰ

2047 5360 2300 5431 nartyrio
2333 5366 2677 5422 tractemus.
2711 5367 2768 5415 et
2796 5363 3074 5434 quisnam
3098 5365 3174 5419 sit
3202 5366 3518 5436 perfectus.
3544 5367 3672 5422 Una

246 5444 344 5512 τὴν
377 5445 668 5516 ἀπαίτησιν
700 5447 810 5498 τῶν
843 5440 1272 5513 λεχθησομὲνων
1304 5444 1370 5496 τὰ
1409 5446 1778 5518 παρεπόμενα,
1813 5445 1902 5500 καὶ

2052 5455 2212 5504 utem
2229 5465 2363 5505 cum
2380 5450 2472 5504 his
2494 5451 3079 5522 comprehendentur
3099 5469 3468 5524 quaecunque
3492 5459 3668 5508 natu-

249 5530 324 5592 ὡς
357 5533 565 5606 ὁμοίως
591 5555 648 5590 τε
692 5530 1099 5609 φιλοσοφητέον
1159 5527 1346 5604 δούλῳ
1375 5553 1432 5588 τε
1487 5535 1576 5587 καὶ
1609 5531 1900 5609 ἐλευθέρῳ,

2047 5536 2478 5593 adicendorum
2495 5538 2674 5612 exigit
2698 5543 2981 5607 ;utetiam
3006 5541 3161 5610 quod
3176 5557 3342 5610 mque
3369 5540 3444 5594 sit
3463 5541 3662 5611 philo-

245 5617 341 5674 κᾶν
376 5622 511 5700 ἀνὴρ
543 5624 736 5702 ἢγδνὴ
785 5622 848 5678 τὸ
879 5621 1036 5698 γένος
1068 5619 1339 5699 τυγχάνῃ·
1392 5623 1460 5677 τά
1487 5642 1545 5678 τε
1601 5621 1746 5694 ἑξῆς,
1779 5623 1902 5698 περί

2047 5626 2388 5696 ophandum
2421 5634 2478 5683 et
2509 5644 2672 5684 servo
2704 5634 2762 5684 et
2782 5630 2991 5698 libero,
3026 5629 3142 5683 sive
3166 5628 3243 5683 sit
3271 5627 3357 5683 vir
3377 5644 3518 5684 sexu
3539 5628 3660 5684 sive
