4004 6144
339 200 481 269 {215

1571 208 1991 263 σιωπῇ-πε
2027 204 2535 264 ALBIANDRINI

3636 209 3777 264 1216

341 336 584 393 femina.
617 333 690 388 Et
709 347 842 389 cum
865 346 995 403 quae
1016 331 1300 403 deinceps
1322 335 1675 402 sequuntur,
1703 335 1763 385 et
1783 330 1855 385 de
1876 329 1994 386 fide

2103 351 2164 386 τε
2191 328 2428 391 πίστεως
2450 330 2564 401 (79)
2593 328 2682 383 καὶ
2712 328 2836 404 περὶ
2887 328 2987 384 τοῖ’)
3019 332 3221 399 ζητεῖν,
3259 327 3777 404 προσαποπληρώ-

342 426 487 482 etde
506 423 915 496 inquisitione,
940 420 1589 493 absolverimus,genus
1604 419 1995 491 symbolicum

342 515 710 573 adducemus
734 532 747 578 ;
769 516 834 565 ut
853 527 987 565 cum
1012 510 1366 575 orationem,
1393 526 1523 580 quae
1548 508 1621 563 ad
1643 526 1841 564 mores
1863 526 1996 581 per-

342 606 512 667 tinet,
554 601 777 657 cursim
804 599 1299 663 concluserimus,
1354 597 1697 653 summatim
1729 598 1999 654 ostenda-

342 710 497 758 mus,
531 696 758 762 quanta
785 689 1016 771 utilitas
1047 689 1229 743 allata
1276 689 1353 743 sit
1402 688 1616 743 Graecis
1663 704 1699 742 a
1744 688 1999 743 barbara

2106 440 2317 489 σαντες,
2345 419 2410 474 τὸ
2441 413 2780 491 συμϐολικὸν
2840 417 2982 481 εἶδος
3014 422 3127 491 (80)
3182 420 3641 493 παραθησόμεθα·
3676 421 3775 492 ἶν’,

2107 509 2181 571 ὡς
2215 507 2266 564 ἐν
2328 505 2604 583 ἐπιδρομῇ
2656 509 2749 562 τὸν
2804 507 2997 578 ἠθικὸν
3058 509 3531 584 συμπεραναμενοι
3576 508 3776 585 λόγον²

2104 596 2501 676 κεφαλαιωδῶς
2529 600 2965 671 παραστήσωμεν
2993 598 3094 667 τὴν
3146 597 3224 660 είς
3262 596 3549 669 Ἓλληνας
3584 599 3651 653 ἐκ
3677 607 3779 667 τῆς

2111 685 2393 763 βαρϐάρου
2424 684 2751 763 φιλοσοφίας
2804 682 3143 749 διαδοθεῖσαν
3181 683 3469 763 ὠφέλειαν.
3502 687 3651 742 Μεθ’
3710 684 3777 755 ἤν

338 780 737 854 philosophia.
770 780 955 844 Quam
980 777 1221 849 quidem
1245 784 1562 849 postquam
1585 777 1773 831 oculis
1797 777 1994 849 subje-

2106 778 2456 833 ὖποτύπωσιν
2487 779 2521 847 ἣ
2539 798 2599 831 τε
2627 777 2763 853 πρὸς
2781 775 2912 840 τοὺς
2936 774 3215 845 Ἓλληνας
3250 776 3340 831 καὶ
3372 779 3407 845 ἡ
3466 777 3619 850 πρὸς
3647 777 3776 838 τοὺς

339 886 497 937 cero,
533 874 592 923 et
622 867 904 923 adversus
937 868 1168 922 Graecos
1200 872 1259 921 et
1288 866 1569 921 adversus
1597 866 1828 920 Judaaos
1874 872 1990 920 tra-

2102 865 2400 929 ’lo'.)8alo.:¢
2429 869 2549 922 κατ’
2579 866 2853 939 ἐπιτομὴν
2905 870 3012 920 τῶν
3047 869 3275 942 Γραφῶν
3334 862 3565 942 ἔκθεσις-
3596 886 3778 940 παρα-

339 960 514 1015 detur
529 957 955 1029 compendiosa
972 957 1411 1027 Scripturarum
1432 955 1740 1026 expositio.
1758 959 1817 1010 et
1836 972 1994 1025 quaa-

2105 956 2419 1028 δοθήσεται,
2447 956 2537 1010 καὶ
2567 955 2666 1010 ὅσα
2698 955 2750 1010 ἐν
2804 960 2922 1016 τοῖς
2977 955 3086 1027 πρὸ
3138 955 3337 1009 τούτου
3371 957 3776 1029 Στρωματεύσι

2101 1048 2239 1103 κατὰ
2266 1048 2365 1113 τὴν
2414 1050 2512 1101 τοῦ
2568 1046 2873 1118 προοιμίου
2929 1039 3186 1113 εἰσϐολὴν
3243 1045 3296 1099 ὲν
3356 1045 3435 1099 ἑνὶ
3492 1047 3781 1119 προθεμέ-

2102 1157 2226 1198 νους
2279 1138 2392 1210 (81)
2442 1134 2754 1190 τελειώσειν
2820 1135 3200 1206 ὑπομνήματι,
3266 1138 3349 1207 τῷ
3403 1133 3617 1206 πλήθει
3669 1139 3776 1189 τῶν

2102 1228 2445 1300 πραγμάτων
2519 1222 2821 1299 ἀναγκαίως
2873 1220 3196 1278 δουλεύσασι
3221 1265 3235 1293 ,
3284 1219 3616 1297 περιλαϐεῖν
3678 1222 3775 1278 οὐκ

2104 1314 2395 1388 ὶξεγένετο.
2431 1313 2550 1368 Ἐπῖ
2582 1313 2800 1374 τούτοις
2832 1311 3077 1385 ὕστερον,
3110 1312 3503 1387 πληρωθείσης
3562 1316 3644 1374 ὡς
3695 1311 3770 1367 ἔνι

2109 1405 2346 1479 μάλιστα
2373 1409 2475 1471 τῆς
2503 1401 2638 1457 κατὰ
2665 1404 2734 1456 τὰ
2761 1400 3095 1477 προκείμενα
3143 1404 3279 1473 ἡμῖν
3337 1402 3768 1471 ὑποτυπώσεως,

340 1494 779 1567 propositarum
796 1493 1043 1564 impleta
1063 1492 1488 1557 declaratione,
1511 1507 1644 1562 quas
1662 1491 1733 1546 de
1756 1495 1994 1545 natura-

2101 1495 2169 1549 τὰ
2198 1493 2320 1565 περὶ
2352 1491 2540 1567 ἀρχῶν
2596 1489 3068 1566 φυσιολοῃθὲντα
3114 1496 3234 1552 τοῖς
3276 1511 3336 1545 τε
3375 1489 3629 1559 ’Βλλησι
3657 1495 3775 1552 τοῖς

341 1583 497 1639 libus
528 1583 839 1655 principiis
865 1587 924 1637 et
951 1598 987 1636 a
1030 1582 1247 1636 Graecis
1299 1587 1358 1636 et
1403 1581 1475 1636 ab
1521 1580 1657 1635 aliis
1706 1579 1994 1634 barbaris,

2103 1602 2164 1637 τε
2189 1579 2385 1643 ἃλλοις
2422 1575 2744 1656 βαρϐάροις,
2776 1579 2901 1634 ὅσον
2933 1580 3070 1649 ἧκον
3131 1578 3210 1640 εἴς
3269 1581 3421 1652 ἡμᾶς
3477 1580 3535 1633 αἱ
3601 1574 3776 1651 δόξαι,

341 1678 519 1744 prout
546 1672 620 1727 ad
650 1688 760 1726 nos
784 1675 1183 1743 pervenerunt
1212 1670 1550 1741 opiniones,
1582 1669 1801 1723 tradita
1834 1672 1993 1733 sunt,

2105 1669 2503 1744 ἑξιστορητέον,
2525 1669 2613 1723 καὶ
2644 1668 2783 1744 πρὸς
2809 1669 2879 1722 τὰ
2930 1669 3246 1743 κυριώτατα
3272 1672 3381 1723 τῶν
3427 1673 3551 1727 τοῖς
3614 1665 3780 1746 φιλο-

344 1766 578 1833 oportet
600 1776 914 1816 recensere
943 1776 957 1826 ;
987 1765 1046 1814 et
1092 1759 1373 1815 adversus
1415 1758 1714 1829 praecipua
1765 1774 1994 1824 eorum,

2104 1760 2295 1835 σόφοις
2328 1758 2766 1831 ἑπινενοημένων
2827 1753 3205 1833 ἐγχειρητέον.
3241 1758 3343 1819 Οἷς
3402 1757 3682 1830 ἑπόμενον
3715 1754 3775 1811 ἂν

345 1866 477 1920 quas
510 1855 650 1904 sunt
696 1849 1026 1920 excogitata
1054 1864 1089 1902 a
1126 1847 1521 1918 philosophis,
1571 1846 1994 1918 argumentari.

2104 1847 2214 1918 εῗή,
2250 1849 2385 1920 μετᾶ
2410 1849 2510 1917 τήν
2544 1844 2850 1923 ἐπιδρομήν
2881 1854 2982 1915 τῆς
3016 1844 3336 1922 θεολογίας,
3364 1847 3432 1901 τὰ
3481 1848 3614 1923 περῖ
3638 1866 3776 1921 προ-

345 1938 570 2003 Quibus
613 1937 794 1991 fuerit
845 1952 1241 2005 consequens,
1290 1940 1359 1989 ut
1405 1940 1719 2005 postquam
1766 1934 1994 1988 theolo-

2103 1937 2327 2014 φητείας
2381 1933 2799 2010 παραδεδομένα
2857 1930 3137 1990 διαλαϐεῖν
3197 1937 3331 2008 (82)·
3391 1934 3468 1995 ὡς
3526 1937 3626 1989 καὶ
3682 1932 3775 1993 τὰς

345 2027 501 2098 giam
533 2025 756 2079 cursim
780 2025 1273 2095 percurrerimus,
1299 2039 1389 2089 ea,
1415 2039 1547 2093 quas
1579 2022 1651 2077 de
1683 2022 1994 2094 prophetia

2101 2026 2338 2103 Γραφδις,
2371 2028 2458 2089 αἷς
2487 2024 2946 2095 πεπιστεύκαμεν,
3005 2024 3198 2097 κυρίας
3245 2020 3409 2086 οὔσας
3467 2022 3519 2095 ἐξ
3582 2021 3774 2078 αὐθεν-

347 2114 563 2170 tradita
593 2118 751 2180 sunt,
786 2118 1109 2168 tractemus
1141 2130 1154 2178 ;
1188 2118 1255 2167 ut
1274 2128 1408 2167 cum
1431 2112 1610 2169 etiam
1641 2112 1993 2182 Scripturas,

2100 2114 2217 2178 τίας
2245 2120 2757 2189 παντοκρατορεκῆς
2817 2109 3213 2183 ἐπιδείξαντας,
3271 2114 3522 2189 προῖέναι
3568 2109 3645 2166 δι’
3682 2111 3773 2166 αύ-

346 2202 564 2275 quibus
595 2202 978 2267 credidimus,
1011 2201 1235 2257 validas
1262 2217 1330 2256 ac
1356 2205 1515 2255 ratas
1546 2216 1675 2256 esse
1723 2201 1994 2273 omnipo—

2100 2208 2208 2258 τῶν
2238 2205 2416 2277 εθρμῷ
2438 2200 2715 2271 δύνασθαι,
2757 2201 2850 2257 καὶ
2904 2204 3135 2265 ἀπάσαις
3179 2202 3413 2266 ἐντεῦθεν
3469 2206 3597 2262 ταῖς
3629 2201 3772 2275 αἱρέ-

345 2292 492 2348 tenti
526 2292 877 2347 auctoritate
900 2290 1363 2354 ostenderimus,
1388 2290 1541 2345 serie
1562 2290 1862 2361 possimus
1892 2306 1994 2362 per

2101 2312 2267 2359 σεσιν,
2298 2289 2391 2346 ’ἐνα
2422 2290 2689 2346 δεικνύναι
2722 2293 2876 2364 Θεὸν,
2937 2291 3028 2346 καὶ
3088 2290 3291 2366 Κύριον
3323 2291 3766 2365 παντοκράτορα,

345 2383 505 2454 ipsas
534 2381 830 2455 progredi,
865 2386 925 2436 et
953 2381 1091 2436 hinc
1134 2380 1409 2435 omnibus
1440 2379 1768 2434 haeresibus
1806 2397 1994 2435 unum

2100 2381 2192 2436 τὸν
2218 2379 2308 2435 διὰ
2328 2380 2499 2454 νόμου
2528 2381 2621 2435 καὶ
2650 2385 2973 2458 προφητῶν,
3004 2380 3143 2455 πρὸς
3200 2377 3259 2435 δὲ
3304 2379 3395 2434 καὶ
3452 2383 3559 2433 τοῦ
3599 2398 3768 2452 μακα-

345 2472 530 2527 Deum
548 2470 882 2538 ostendere,
904 2476 962 2525 et
984 2469 1299 2525 Dominum
1323 2469 1478 2524 204
1500 2468 1992 2539 omnipotentem,

2104 2471 2226 2547 ρίου
2257 2468 2608 2545 Εὔαγγελίου
2638 2470 2880 2546 γνησίως
2938 2470 3369 2545 κεκηρυγμένον.
3433 2466 3656 2523 Πολλαὶ
3711 2464 3766 2521 δὲ

346 2562 446 2634 qui
477 2577 584 2632 per
611 2560 802 2634 legem
830 2566 888 2616 et
912 2560 1232 2632 prophetas
1256 2564 1315 2613 et
1341 2558 1581 2615 beatum
1606 2558 1785 2613 etiam
1807 2561 1993 2614 Evan-

2100 2563 2250 2634 ἡμᾶς
2273 2561 2328 2615 αἱ
2357 2560 2495 2634 πρὸς
2552 2559 2679 2621 τοὺς
2736 2556 3083 2635 ὲτεροδόξους
3111 2557 3455 2635 ἆντιῤῥησεις
3504 2555 3762 2633 ἐκδέχον-

342 2651 566 2725 gelium
596 2650 706 2705 iuit
736 2651 965 2706 sincere
997 2649 1373 2722 praedicatus.
1425 2648 1605 2703 Multa
1651 2653 1851 2703 autem
1902 2665 1994 2704 se-

2100 2669 2212 2714 ται,
2264 2647 2636 2724 πειρωμένους
2689 2650 2757 2703 τά
2809 2669 2868 2704 τε
2924 2647 3015 2702 ὐπ’
3079 2647 3254 2703 αὐτῶν
3308 2646 3763 2723 προκομιζόμενα

341 2745 612 2812 quuntur
668 2739 843 2794 nobis
900 2739 1153 2794 dicenda
1199 2739 1481 2793 adversus
1529 2754 1651 2804 eos,
1705 2738 1805 2807 qui
1857 2742 1994 2793 sunt

2100 2735 2393 2815 ἐγγράφως
2424 2734 2761 2808 διαλύεσθαι,
2793 2735 3000 2792 πείθειν
3048 2756 3109 2790 τε
3139 2734 3333 2797 αὐτοὺς
3384 2736 3476 2790 καὶ
3509 2736 3761 2799 ἄκοντας,

340 2829 585 2883 diversas
620 2827 921 2899 opinionis
973 2827 1326 2882 conantibus
1357 2844 1427 2882 ea
1476 2827 1538 2881 in
1588 2827 1825 2897 scriptis
1873 2827 1994 2882 dis-

2102 2823 2173 2880 δι’
2203 2826 2377 2880 αὐτῶν
2409 2821 2740 2900 ἐλέγχοντας
2769 2829 2878 2879 τῶν
2918 2829 3165 2902 Γραφῶν.
3196 2823 3604 2894 Τελειωθείσης
3652 2822 3761 2877 τοί-

340 2917 589 2982 solvere,
622 2932 753 2985 quas
781 2915 854 2970 ab
886 2914 1031 2986 ipsis
1062 2917 1412 2983 afferuntur,
1444 2920 1504 2970 et
1526 2915 1614 2969 vel
1642 2916 1841 2971 invitis
1861 2933 1994 2987 per-

338 3004 613 3069 suadere,
639 3019 747 3074 per
785 3003 941 3074 ipsas
988 3004 1391 3059 convincendo
1444 3004 1797 3075 Scripturas.
1848 3007 1984 3060 Per-

336 3094 491 3149 fecto
530 3092 730 3164 itaque
763 3091 936 3147 nobis
983 3093 1257 3149 universo
1306 3094 1633 3164 proposito,
1685 3111 1818 3149 cum
1860 3094 1989 3164 jam

338 3182 825 3247 commentarios,
854 3182 1062 3252 quales
1086 3182 1341 3237 voluerit
1371 3182 1643 3254 Spiritus.
1695 3183 1769 3238 ad
1818 3198 1992 3238 usum

341 1063 577 1119 cunque
605 1047 667 1102 in
701 1046 871 1102 libris
917 1044 1417 1118 praecedentibus,
1461 1062 1594 1115 quae
1641 1044 1883 1115 quidem
1933 1044 1995 1099 in

338 1136 608 1211 prommii
638 1136 912 1208 ingressu
962 1151 1081 1189 uno
1121 1134 1549 1189 commentario
1582 1134 1997 1189 statuissemus

340 1227 669 1295 absolvere,
702 1225 804 1281 sed
847 1231 1088 1296 propter
1132 1226 1338 1279 reruni
1385 1222 1853 1289 multitudinem,
1901 1221 1997 1277 cui

340 1316 677 1373 necessario
705 1314 1084 1371 serviendum
1114 1314 1248 1381 fuit,
1277 1329 1398 1369 non
1419 1312 1592 1367 licuit
1612 1312 1999 1383 comprehen-

342 1406 502 1461 dere.
536 1409 677 1460 Post
704 1405 831 1459 haac
860 1420 895 1459 a
920 1404 1115 1471 nobis,
1158 1403 1355 1473 quoad
1388 1402 1516 1457 fieri
1548 1407 1764 1474 potest,
1796 1417 1997 1456 rerum

2099 2936 2194 2969 νυν
2224 2922 2325 2983 τῆς
2350 2915 2661 2989 προθέσεως
2704 2916 2842 2987 ἡμῖν
2891 2912 3129 2984 ἀπάσης.
3181 2911 3234 2968 ἐν
3285 2915 3370 2972 οἷς
3429 2911 3518 2967 ἐὰν
3547 2910 3753 2984 θελήσῃ

2100 3004 2164 3057 τὸ
2200 3006 2415 3075 Πνεῦμα
2448 3003 2809 3077 ὑπομνήμασι
2864 3002 3002 3076 πρὸς
3052 3002 3153 3070 τήν
3185 3000 3617 3076 κατεπεῗγουσαν
3646 2999 3753 3069 ἔξυ-

2102 3092 2510 3169 πηρετούμενοι
2565 3092 2754 3168 χρείαν
2812 3089 3020 3164 (πολλῆ
3077 3091 3181 3165 γὰρ
3230 3093 3266 3160 ἡ
3316 3093 3425 3144 τῶν
3484 3088 3759 3165 προλεγο-

2103 3183 2279 3255 μένων
2337 3180 2645 3258 ὀφείλεσθαι
2696 3188 2796 3250 τῆς
2855 3180 3115 3250 ἀληθείας
3169 3183 3282 3251 (83)
3333 3178 3589 3253 ἀνάγκη),
3638 3178 3755 3232 τότε

2021 3054 2065 3120 C

337 3272 666 3327 instantem
709 3271 1250 3327 ministraverimus
1302 3272 1594 3342 (quasdam
1647 3273 1807 3327 enim
1857 3278 1994 3328 ante

333 3360 640 3415 veritatem
673 3361 917 3416 omnino
948 3360 1182 3432 praefari
1217 3361 1461 3416 necesSe
1508 3362 1641 3428 est),
1674 3367 1816 3415 tunc
1863 3377 1996 3416 vere

334 3449 662 3522 gnosticam
696 3456 928 3505 natura;
954 3448 1369 3522 aggrediemur
1399 3449 1991 3521 contemplationem,

335 3539 529 3611 parvis
559 3544 696 3595 ante
728 3554 948 3611 magna
976 3538 1192 3593 initiati
1227 3538 1532 3610 mysteria,
1573 3544 1640 3593 ut
1684 3555 1817 3594 vere
1850 3538 1999 3593 divi-

336 3644 427 3683 nas
445 3644 747 3683 sacrorum
771 3627 1253 3699 interpretationi
1276 3627 1426 3681 nihil
1446 3627 1523 3681 sit
1540 3627 1993 3698 impedimento,

2099 3270 2167 3340 δὴ
2199 3273 2297 3341 τήν
2327 3276 2406 3342 τῷ
2441 3268 2554 3326 ὄντι
2583 3272 2886 3348 γνωστικὴν
2933 3268 3289 3344 φυσιολογίαν
3349 3269 3601 3343 μὲτειμεν
3625 3269 3753 3341 (84),

2097 3363 2165 3416 τὰ
2197 3362 2365 3436 μικρᾶ
2394 3363 2501 3436 πρὸ
2554 3367 2663 3416 τῶν
2716 3359 2972 3436 μεγάλων
3029 3363 3139 3434 (85)
3204 3360 3501 3432 μυηθέντες
3552 3378 3750 3431 μυστη-

2104 3451 2258 3527 ρίων.
2292 3450 2367 3511 ὡς
2400 3448 2571 3524 μηδὲν
2598 3447 2853 3523 ἐμποδὼν
2884 3452 2954 3523 τῇ
2988 3448 3104 3520 θείᾳ
3133 3444 3305 3510 ὄντως
3331 3447 3648 3526 ἱεροφαντίᾳ
3671 3443 3752 3520 γί-

2100 3540 2305 3607 νεσθαι,
2370 3538 2897 3614 προκεκαθαρμὲνων
2982 3539 3074 3593 καὶ
3157 3535 3750 3614 προδιατετυπωμὲνων

2100 3633 2209 3682 τῶν
2262 3630 2738 3702 προΐστορηθῆναι
2790 3626 2880 3681 καὶ
2961 3624 3448 3702 προπαραδοθῆναι
3503 3623 3750 3681 δεόντων.

2100 3719 2164 3775 Ἠ
2196 3722 2328 3793 γοῦν
2385 3717 2521 3772 κατᾶ
2565 3716 2658 3771 τὸν
2715 3723 2816 3785 τῆς
2876 3715 3140 3785 ἀληθείας
3198 3715 3396 3770 κανόνα
3452 3714 3752 3788 γνωστικ-Τκ

2100 3803 2453 3880 παραδόσεως
2487 3803 2831 3883 φνσιολογία,
2869 3803 3083 3878 μᾶλλον
3139 3802 3198 3859 δὲ
3246 3803 3528 3873 ἐποπτεία,
3562 3802 3620 3858 ἐκ
3658 3803 3750 3854 τοῦ

2096 3897 2219 3971 περὶ
2281 3895 2642 3970 κοσμογονίας
2694 3895 2928 3964 ἢρτηται
2992 3892 3185 3968 λόγου,
3272 3890 3479 3957 ἐνθένδε
3532 3884 3749 3947 ἀναϐαί-

2103 4004 2269 4039 νουσα
2323 3982 2411 4038 ἐπὶ
2459 3984 2522 4038 τὸ
2570 3981 2893 4058 θεολογικὸν
2952 3980 3112 4044 εἶδος.
3146 3982 3309 4039 ’Ὀθεν
3382 3980 3610 4043 εἰκότως
3654 3978 3747 4046 τήν

2097 4073 2281 4147 ἀρχὴν
2337 4078 2440 4140 τῆς
2493 4069 2871 4148 παραδόσεως,
2932 4070 3037 4125 ἀπὸ
3121 4077 3223 4138 τῆς
3286 4066 3746 4146 προφητευθείσης

330 4160 781 4231 templationem
798 4159 1081 4215 ascendit.
1096 4160 1259 4214 Unde
1274 4175 1639 4230 eorum,quaa
1656 4161 1989 4228 tradentur,

2100 4162 2445 4234 ποιησόμεθα
2472 4162 2750 4237 γενέσεως,
2782 4159 2836 4215 ἐν
2868 4161 3020 4235 μὲρει
3076 4158 3167 4215 καὶ
3232 4159 3298 4215 τὰ
3347 4163 3456 4214 τῶν
3515 4153 3746 4233 ἑτεροδό-

329 4249 694 4321 principium
724 4264 759 4304 a
785 4248 1107 4314 creatione,
1137 4264 1268 4319 quas
1299 4264 1334 4304 a
1357 4249 1662 4320 prophetis
1688 4248 1990 4321 descripta

2100 4251 2201 4320 ξων
2230 4251 2677 4325 παρατιθέμενοι,
2721 4249 2811 4305 καὶ
2844 4251 2918 4310 ὡς
2976 4248 3091 4304 οἷόν
3139 4269 3200 4303 τε
3244 4250 3382 4320 ἡμῖν
3442 4245 3744 4307 διαλύεσθαι

334 4343 444 4405 est,
487 4338 793 4406 ducemus,
843 4337 1326 4393 intermiscentes
1375 4354 1811 4411 nonnunquam
1857 4356 1989 4410 qua;

2100 4343 2452 4415 πειρώμενοι.
2489 4336 2662 4394 Ἀλλᾶ
2689 4340 2792 4413 γὰρ
2822 4339 2885 4393 τὸ
2921 4339 3015 4410 μὲν
3046 4338 3400 4413 γεγράψεται,
3433 4334 3499 4405 ἤν
3529 4336 3658 4397 Θεός
3685 4350 3740 4406 γε

331 4427 404 4481 ab
435 4428 530 4487 iis.
562 4428 662 4499 qui
695 4426 927 4482 diversa
970 4426 1255 4494 sentiunt,
1307 4426 1607 4493 dicuntur,
1658 4432 1736 4494 et,
1786 4427 1981 4498 quoad

2100 4426 2269 4502 ἐθέλῃ,
2328 4427 2418 4482 καὶ
2452 4427 2603 4491 ὅπως
2664 4425 2722 4482 ἄν
2783 4427 3014 4501 ἐμπνὲῃ’
3076 4426 3189 4481 νυνὶ
3250 4423 3308 4481 δὲ
3359 4425 3449 4481 ἐπὶ
3503 4426 3568 4480 τὸ
3626 4441 3739 4495 προ·

332 4531 367 4570 a
394 4516 566 4572 nobis
595 4517 722 4572 ﬁeri
753 4516 990 4589 poterit.
1017 4515 1424 4571 dissolventes.
1451 4515 1562 4570 Sed
1590 4516 1716 4571 haac
1739 4516 1980 4586 quidem

2100 4517 2347 4588 κείμενον
2410 4516 2650 4589 μετιτέον
2684 4559 2699 4585 ,
2754 4517 2842 4571 καὶ
2900 4517 2993 4571 τὸν
3042 4516 3231 4586 ἠθικὸν
3315 4511 3736 4590 ἀποπληρωτὲον

333 4620 471 4659 mox
502 4606 858 4672 scribentur,
894 4606 942 4661 si
989 4606 1143 4660 Deus
1173 4605 1334 4671 velit,
1384 4608 1442 4659 et
1482 4605 1983 4676 quemadmodum
2100 4602 2282 4680 λόγον.

340 4690 441 4748 ille
473 4692 885 4766 inspiraverit:
919 4710 1080 4750 nunc
1109 4699 1307 4749 autem
1340 4693 1804 4765 aggrediendum
1834 4700 1926 4750 est
1957 4694 2039 4764 id,
2064 4711 2143 4767 qu
2158 4694 2232 4750 od
2261 4694 2375 4749 fuit
2402 4694 2794 4768 propositum,
2843 4698 2904 4750 et
2951 4693 3311 4750 absolvenda
3368 4709 3458 4753 ea.
3519 4709 3650 4765 qua)
3675 4686 3736 4744 ad

336 4797 537 4838 mores
568 4784 849 4855 pertinet,
875 4784 1087 4839 oratio.

402 4922 467 4989 ἦ(
496 4923 560 4977 Ρ.
596 4924 841 4978 563-564
870 4925 986 4980 ΕΙ).
1020 4925 1317 4991 POTTER,
1341 4925 1583 4980 474-475
1611 4925 1724 4983 ED.
1757 4926 1987 4983 PARlS.

336 3717 503 3788 prius
530 3716 868 3788 expurgatis
901 3723 1080 3787 atque
1107 3716 1444 3772 informatis
1476 3716 1569 3776 iis.
1602 3734 1734 3788 quas
1763 3723 1998 3789 oportet

335 3811 472 3860 ante
503 3805 643 3860 sciri
674 3811 733 3860 et
762 3804 936 3860 tradi.
973 3807 1054 3860 Ac
1099 3810 1325 3860 naturae
1374 3805 1613 3876 quidem
1666 3806 1994 3862 secundum

333 3893 604 3948 veritatis
633 3893 896 3966 regulam
929 3892 1269 3964 disciplina,
1304 3910 1407 3949 seu
1448 3894 1742 3964 inspectio
1775 3897 1994 3966 potius.

331 3999 464 4054 quas
487 3998 593 4055 per
614 3983 946 4057 gnosticam
970 3981 1350 4037 traditionem
1371 3984 1720 4053 acquiritur.
1744 3984 1900 4039 facto
1923 3984 1995 4039 ab

333 4078 466 4127 ortu
497 4072 707 4127 mundi
737 4071 931 4138 initio,
972 4070 1109 4125 inde
1141 4071 1215 4125 ad
1247 4087 1445 4126 rerum
1477 4070 1809 4127 divinarum
1854 4089 1997 4127 con-

405 5070 517 5139 (79)
550 5065 765 5143 Περί-τε
796 5065 1251 5143 τέο-τειυςᾏϐοῐιῖ.
1330 5087 1387 5141 p.
1451 5072 1577 5139 497,
1623 5074 1747 5140 500,
1780 5075 1876 5126 521
1936 5077 1994 5127 et

2174 5070 2289 5141 (83)
2359 5071 2495 5143 ΑΤῶν
2544 5066 2995 5143 Ϋπρολεγομένων
3085 5066 3402 5143 ὀφείλεσθαι.
3470 5074 3573 5143 τῆς
3646 5062 3731 5143 ᾀλ.

332 5134 457 5217 525,
478 5134 632 5217 7521,:
645 5138 810 5217 edit.‘
821 5139 1005 5217 Paris.
1041 5134 1349 5217 Q§.ABIIJ_5_._'
1500 5215 1521 5217 ῃ
1563 5134 1572 5139 ’
1735 5134 1743 5140 ’

2102 5134 2317 5217 Procul
2342 5141 2520 5217 dubio
2541 5134 2880 5217 legendum,
2938 5143 3047 5194 τῶν
3106 5134 3469 5213 προλὲγεσθαι
3530 5134 3735 5217 όφειλο·

404 5214 519 5281 (80)
555 5209 634 5267 Τὸ
664 5201 1005 5284 συμβολικὸν
1040 5205 1203 5270 εἶδος.
1243 5210 1370 5284 Ιιίῒ)ἶ
1401 5215 1661 5284 v._GRAB.

2107 5213 2284 5284 μενων
2312 5219 2413 5279 τῆς
2440 5201 2723 5281 ἀληθείας,
2751 5237 2779 5265 ‹ι
2810 5229 3041 5275 eorum.
3090 5201 3221 5283 quas
3278 5201 3418 5268 ante
3446 5201 3735 5284 veritatem

407 5280 1181 5360 <81l||P°05E§V°9<-.A9°“S-
1239 5281 1609 5360 “392959599;
1669 5285 1774 5360 (θοι
1820 5284 1992 5357 ἡμᾶς)

2104 5280 2220 5360 dici
2252 5280 2609 5360 debent,»ut
2631 5286 2924 5355 interpres
2941 5280 3381 5360 quoquevertit
3408 5304 3464 5340 ;‹‹
3483 5283 3736 5358 quasdam

332 5346 559 5430 regitur
593 5346 627 5412 ὸ,
651 5346 830 5410 verbo
864 5350 1068 5407 inﬂuit
1120 5346 1458 5430 περιλαϐεῖν.
1495 5356 1603 5411 Ubi
1635 5346 1812 5430 etiam
1831 5346 1991 5423 n'ota',
2105 5357 2267 5430 enim
2297 5362 2432 5413 ante
2456 5346 2761 5414 veritatem
2789 5346 3036 5413 omnino
3061 5346 3298 5427 praefari
3320 5346 3564 5413 necesée
3585 5359 3685 5412 est.
3714 5369 3739 5397 ι)

333 5422 599 5483 médium
631 5433 691 5482 et
715 5431 1047 5497 extremum
1104 5422 1395 5497 cujusque
1455 5425 1831 5497 Στρωμοιτὲως
1870 5443 1992 5482 non

2105 5429 2377 5484 Summo.

333 5516 570 5570 semper
587 5495 1117 5572 propositioniseu
1132 5495 1418 5572 procemio
1440 5495 1991 5572 res‘po-n_dere.__SvLs.
2175 5500 2285 5572 (84)
2322 5495 2606 5572 Μέτειμεν.
2640 5499 2804 5572 conf.
2841 5498 3017 5554 Index
3046 5498 3288 5572 (imicus.

400 5560 516 5645 (8:2)
547 5560 632 5628 Τ’ἂ
661 5560 784 5640 περὶ
842 5560 1186 5645 προφητείας
1231 5583 1293 5620 π.
1356 5560 1407 5621 δ.
1458 5560 1559 5624 ΑΠ’
1607 5567 1747 5624 hinc
1796 5567 1993 5624 Ἐκλο-

2177 5560 2286 5640 (85)
2317 5570 2397 5626 Τὰ
2430 5560 2600 5645 μικρὰ
2626 5570 2733 5644 πρὸ
2775 5573 2885 5645 τῶν
2939 5590 3035 5645 μ..-
3061 5568 3230 5645 Copf.
3250 5640 3260 5645 Α
3292 5569 3567 5645 Strom._|,
3622 5579 3739 5645 pag.

332 5641 427 5716 γαὶ
456 5639 518 5697 lx
546 5661 653 5699 των
694 5639 1056 5719 προφητικῶν
1094 5659 1106 5711 ;
1145 5639 1407 5697 GRABIUS.

2105 5645 2231 5709 277,
2266 5639 2325 5698 et
2353 5639 2555 5700 Strom'.
2589 5639 2754 5720 vr,'p.
2782 5642 2909 5712 382,
2944 5640 3091 5697 edit.
3130 5640 3317 5698 Paris.
3369 5647 3425 5697 et
3453 5639 3737 5697 adnotata.
