4004 6144
294 241 434 309 1217

1623 239 2066 298 ΒΤΒΟΜΔἸἯΜ
2111 244 2244 298 LIB.
2287 246 2382 300 IV.

3575 251 3714 309 1218

1827 395 2055 452 CAPUT
2113 399 2183 454 Il.

1470 495 1578 549 Cur
1608 494 1736 550 libri
1768 497 1864 550 isti
1893 497 2212 553 Stromateis
2253 501 2531 557 dicantur.

366 616 547 669 ’Έστω
579 607 638 664 δὲ
665 609 792 682 ὑμῖν
849 610 962 681 (86)
1016 607 1082 661 τά
1135 608 1554 679 Ὑπομνήματα,
1608 609 1683 670 ὡς
1714 607 1938 663 πολλά-
1974 620 2023 684 Α

292 723 377 765 κις
407 699 655 772 εἷ’πομεν,
690 698 779 753 διὰ
820 697 947 758 τοὺς
1008 695 1232 765 ἀναίδην
1291 697 1527 770 ἀπείρως
1580 695 1945 772 ἐντυγχάνον-

291 815 408 862 τας,
439 789 690 854 ποικίλα,
721 789 797 849 ὡς
829 787 959 842 αὐτό
990 807 1095 840 που
1139 784 1382 858 τοῦνομά
1429 807 1584 863 φησι,
1620 811 1645 837 ‹‹
1683 784 1948 859 διεστρω-

300 879 454 956 μένα,
489 906 510 934 ι
551 881 639 934 ἀπ’
670 877 847 934 ἀλλου
879 876 953 938 εἶς
1003 873 1144 930 ἄλλο
1190 876 1412 950 συνεχὲς
1459 875 1733 948 μετιόντα,
1766 874 1945 950 ἕτερον

301 974 396 1044 μὲν
423 992 473 1025 τι
514 970 650 1024 κατά
703 968 795 1022 τὸν
856 967 1046 1040 εἱρμὸν
1099 969 1208 1019 τῶν
1269 963 1447 1040 λόγων
1508 968 1808 1036 μηνύοντα,
1864 965 1950 1019 ἐν-

296 1059 616 1132 δεικνύμενα
648 1056 704 1111 δὲ
734 1055 876 1112 ἄλλο
927 1076 1000 1110 τιο
1052 1079 1078 1107 ‹‹
1108 1054 1317 1126 Χρυσὸν
1349 1055 1453 1131 γὰρ
1486 1056 1536 1108 οἱ
1573 1051 1882 1127 διζήμενοι,
1919 1077 1944 1108 ν

295 1149 459 1228 φησὶν
517 1145 896 1220 Ἡράκλειτος,
959 1169 985 1196 ‹‹
1046 1147 1149 1218 γῆν
1207 1141 1424 1211 πολλὴν
1486 1143 1798 1217 ὀρύσσουσι,
1857 1143 1946 1198 καὶ

295 1238 636 1314 εὑρίσκουσιν
696 1234 907 1309 ὀλίγον·
941 1258 970 1285 ››
1021 1234 1074 1287 οἱ
1127 1229 1185 1286 δὲ
1231 1236 1328 1286 τοῦ
1383 1233 1598 1307 χρυσοῦ
1659 1231 1830 1296 ὄντως
1857 1234 1950 1306 γὲ-

294 1348 422 1389 νους
469 1327 532 1380 τὸ
581 1323 834 1399 συγγενὲς
897 1319 1324 1396 μεταλλεύοντες
1383 1321 1678 1395 εὑρήσουσι
1708 1321 1772 1376 τὸ
1801 1320 1946 1377 πολὺ

297 1415 348 1472 ἐν
381 1414 575 1489 ὀλίγῳ*
637 1413 854 1486 εὑρήσει
912 1411 1014 1487 γὰρ
1066 1411 1155 1464 τὸν
1215 1411 1516 1480 συνήσοντα
1566 1406 1659 1465 ἕνα
1697 1413 1732 1480 ἡ
1762 1412 1943 1487 γραφή

295 1509 428 1579 (87).
490 1497 951 1575 Συλλαμϐάνουσι
1015 1500 1112 1572 μὶν
1173 1497 1265 1554 οὖν
1322 1499 1462 1575 πρός
1508 1521 1566 1555 τε
1622 1500 1944 1573 ἀνάμνησιν,

293 1595 430 1669 πρός
458 1614 516 1648 τε
559 1591 790 1669 ἔμφασιν
853 1589 1112 1659 ἀληθείας
1165 1593 1244 1661 τῷ
1303 1587 1404 1662 ο¹ίῳ
1459 1610 1518 1644 τε
1573 1594 1751 1659 ζητεῖν
1812 1590 1947 1663 μετὰ

293 1684 465 1758 λόγου
497 1683 548 1738 οἱ
599 1687 706 1736 τῶν
765 1679 1179 1752 ὑπομνημάτων
1238 1683 1611 1752 Στριυματεῖς.
1647 1685 1736 1734 Δεῖ
1767 1676 1824 1733 δὲ
1854 1677 1944 1734 καὶ

293 1776 432 1848 ὑμᾶς
512 1771 728 1833 τούτοις
808 1774 1198 1844 προσεκπονεῖν
1283 1769 1374 1822 καὶ
1465 1768 1942 1845 προσεφευρίσκειν

289 1859 460 1938 ἔτερα
517 1861 634 1917 ἐπεὶ
691 1859 780 1915 καὶ
829 1863 946 1920 τοῖς
1007 1856 1130 1912 ὁδὸν
1193 1857 1468 1926 ἀπιοῦσιν,
1516 1854 1583 1926 ἤν
1616 1857 1714 1913 οὐκ
1745 1857 1942 1927 ἴσασιν,

291 1953 444 2026 ἀρκεῖ
497 1951 598 2018 τήν
657 1950 920 2026 φέρουσαν
985 1947 1339 2019 ὑποσημῆναι
1411 1947 1596 2017 μόνον·
1664 1944 1942 2022 βαδιστέον

289 2038 347 2096 δὲ
376 2042 436 2095 τὸ
471 2039 606 2112 μετά
633 2041 799 2112 τοῦτο
847 2033 982 2106 ἢδη,
1026 2035 1117 2090 καὶ
1167 2037 1267 2105 τὴν
1319 2032 1520 2104 λοιπήν
1556 2035 1768 2098 ἑαυτοῖς
1799 2035 1942 2105 ἐξευ-

296 2128 509 2206 ρητέον.
540 2129 769 2197 Ὠσπερ,
800 2124 948 2204 φασὶ,
989 2124 1079 2178 καὶ
1131 2121 1317 2197 δούλῳ
1346 2123 1453 2178 τινὶ
1485 2125 1759 2198 χρωμένῳ
1789 2123 1943 2193 ποτὶ,

295 2220 347 2272 τί
406 2219 466 2272 ἄν
522 2221 697 2271 ποιῶν
752 2213 844 2268 τὸν
905 2210 1175 2283 δεσπότην
1233 2210 1504 2285 ἀρέσαιτο,
1565 2213 1798 2268 ἀνειπεῖν
1845 2213 1945 2280 τήν

296 2307 520 2362 Πυθίαν*
585 2330 612 2358 ‹‹
645 2305 939 2378 Εὑρήσεις,
994 2302 1084 2357 ἐὰν
1137 2303 1396 2376 ζητήσῃς.
1451 2326 1479 2352 »
1537 2300 1790 2358 Χαλεπὸν
1850 2299 1942 2356 οὗν

296 2401 374 2468 τῷ
405 2392 543 2463 ὄντι,
600 2394 674 2455 ὡς
732 2387 928 2461 ἔοικεν,
989 2391 1248 2447 λανθάνον
1309 2390 1474 2446 γαλὸν
1533 2390 1783 2468 ἐξευρεῖν·
1827 2390 1944 2445 ἐπεὶ

297 2510 325 2538 ‹‹
350 2492 450 2556 τῆς
481 2486 677 2561 ἀρετῆς
708 2485 823 2557 (88)
853 2479 1020 2558 ἱδρὼς
1049 2480 1350 2558 πρόκειται·

440 2780 658 2851 Μακρὸς
690 2776 865 2851 δὲκαὶ
897 2771 1078 2835 ὅεθιος
1110 2776 1268 2851 οἶμος
1302 2773 1584 2851 ἐςῃαύτὴν,

296 2854 392 2907 Καὶ
449 2840 662 2926 τρηχὺς
721 2849 782 2902 τὸ
835 2851 1072 2922 πρῶτον·
1151 2840 1285 2914 ἔπὴν
1342 2841 1387 2898 δ’
1457 2844 1532 2905 είς
1571 2840 1753 2920 ἀκρον
1807 2840 1940 2988 ἕκη-

1461 2983 1473 2988 _
1829 2936 1939 2986 ται,

1829 2936 1915 2969 ται

292 2990 507 3063 Ῥηΐδίη
543 2989 609 3060 δὴ
644 2988 831 3045 ἔπειτα
861 2987 1040 3056 πέλει,
1072 2983 1292 3062 χαλεπή
1327 3006 1427 3060 περ
1458 2983 1635 3042 ἐοῦσα.
1672 3011 1700 3037 ››
1809 2961 1826 2988 L
1924 2961 1939 2986 ’

298 3131 322 3162 α
358 3109 526 3176 Στενή
562 3110 671 3180 (89)
707 3132 726 3159 ι
765 3107 868 3180 γὰρ
894 3107 974 3175 τῷ
1006 3099 1120 3157 ὄντι
1151 3101 1240 3156 καὶ
1269 3127 1289 3152 ι
1313 3099 1652 3174 τεθλιμμένη
1686 3104 1720 3171 ἡ
1756 3100 1880 3166 ὁδὸς
1913 3127 1940 3154 ››

294 3197 512 3272 Κυρίου·
571 3195 661 3250 καὶ
723 3219 749 3247 (ε
786 3196 1020 3269 βιαστῶν
1079 3195 1188 3264 (90)
1249 3190 1388 3246 ἐστιν
1447 3193 1480 3260 ἡ
1540 3190 1790 3266 βασιλεία
1843 3196 1939 3246 τοῦ

295 3291 448 3342 Θεοῦ.
483 3311 510 3338 ››
541 3288 723 3347 ’Ὀθεν.
785 3305 815 3337 ι(
848 3284 1028 3352 Ζήτει,
1089 3279 1245 3358 φησὶ,
1304 3281 1389 3334 καὶ
1451 3280 1721 3354 εὑρήσεις,
1758 3305 1784 3332 ››
1837 3287 1938 3350 τῆς

297 3376 589 3453 βασιλικῆς
615 3369 786 3436 ὅντως
815 3371 1075 3446 ἐχόμενος
1103 3367 1254 3439 ὁδοῦ,
1285 3369 1374 3423 καὶ
1415 3371 1490 3440 μή
1523 3370 1935 3445 παρεκτρέχων.

291 3464 539 3525 Εῗκότως
589 3463 678 3517 οῦν
727 3459 872 3516 πολὺ
920 3461 981 3514 τὸ
1022 3460 1250 3536 γόνιμον
1299 3457 1350 3512 ἐν
1403 3457 1574 3531 ὀλίγῳ
1615 3478 1937 3532 σπερματων

294 3551 777 3628 ἐμπεριεχομένων
842 3547 975 3624 τῇδε
1055 3551 1124 3622 τῇ
1205 3546 1548 3623 πραγματείᾳ
1623 3545 1938 3622 δογμάτων,

293 3644 474 3718 ὣσπερ
518 3646 627 3715 (91)
679 3664 706 3694 (ι
736 3642 798 3695 τὸ
847 3633 1196 3712 παμϐότανον
1254 3641 1352 3692 τοῦ
1409 3638 1598 3712 ἀγροῦ,
1631 3662 1660 3689 ››
1706 3637 1869 3714 φησὶν
1901 3640 1935 3708 ἡ

291 3737 500 3812 Γραφή.
561 3739 607 3802 ῌ
657 3731 747 3786 καὶ
806 3731 904 3799 τὴν
988 3727 1294 3805 ἐπιγραφὴν
1353 3726 1539 3800 κυρίαν
1602 3727 1823 3802 ἔχουσιν
1885 3729 1936 3783 οἱ

288 3828 396 3878 τῶν
456 3821 870 3896 ὑπομνημάτων
935 3822 1304 3888 Στρωματεῖς,
1365 3815 1610 3888 ἀτεχνῶς
1666 3817 1803 3870 κατὰ
1837 3817 1939 3885 τὴν

287 3911 524 3968 παλαιὰν
575 3909 781 3979 ἐκείνην
845 3907 1257 3978 ἀπηνθισμένην
1313 3903 1649 3979 προσφορὰν,
1711 3908 1834 3980 περὶ
1873 3906 1938 3973 ἧς

288 4001 316 4054 ὁ
350 3998 646 4079 Σοφοκλῆς
684 3995 899 4074 γράφει“

359 4119 457 4172 Ἠν
495 4115 589 4187 μὲν
621 4115 723 4188 γᾶιο
756 4112 871 4166 οἰὸς
906 4106 1142 4184 μαλλὸς,
1168 4107 1234 4176 ἦν
1265 4104 1321 4161 δὶ
1351 4105 1649 4180 κάμπὲλων

1973 1997 2020 2063 Β

2129 614 2347 678 Sint>X<
2384 622 2583 673 autem
2638 619 2850 682 nostri,
2900 625 2966 674 ut
3013 635 3170 692 smpe
3217 623 3499 689 diximus,
3545 643 3709 682 com-

2056 706 2356 772 mentarii,
2389 713 2630 778 propter
2661 724 2780 769 eos,
2815 709 2915 779 qui
2950 714 3171 765 temere
3223 728 3289 766 ac
3330 713 3602 783 imperite
3635 717 3709 773 ad

2058 808 2158 846 eos
2188 794 2470 866 legendos
2501 803 2640 851 sunt
2669 798 2987 864 accessuri,
3017 800 3178 855 varia
3199 806 3257 855 et
3287 802 3498 857 diversi
3529 820 3711 876 gene-

2055 882 2138 935 ris
2183 885 2453 950 materia,
2503 893 2571 940 ut
2615 887 2810 958 ipsum
2857 904 3077 944 nomen
3127 890 3370 958 indicat,
3423 894 3704 960 contexti,

2055 971 2127 1025 ab
2158 989 2275 1027 uno
2308 975 2381 1028 ad
2413 975 2575 1029 aliud
2607 976 2858 1031 subinde
2910 983 3307 1043 transeuntes,
3359 987 3417 1034 et
3447 998 3554 1052 per
3584 999 3708 1036 ser-

2054 1061 2248 1115 monis
2280 1063 2521 1132 quidem
2555 1065 2769 1120 seriem
2793 1066 2953 1120 aliud
2985 1068 3356 1138 proﬁtentes,
3390 1070 3551 1124 aliud
3571 1088 3704 1126 vero

2056 1149 2422 1206 exhibentes.
2459 1175 2485 1201 ‹‹
2519 1154 2624 1218 Qui
2658 1155 2818 1209 enim
2850 1171 3062 1210 aurum
3107 1157 3323 1227 (inquit
3353 1159 3706 1232 Heraclitus)

2056 1245 2350 1308 quaerunt,
2384 1241 2638 1296 multum
2668 1248 2838 1298 terrae
2871 1244 3124 1309 fodiunt,
3176 1251 3235 1300 et
3279 1263 3488 1316 parum
3538 1249 3705 1304 inve-

2053 1327 2266 1395 niunt;
2307 1351 2325 1376 ι
2365 1331 2466 1400 qui
2497 1337 2717 1399 autem,
2748 1349 2883 1387 cum
2916 1334 3036 1387 sint
3061 1351 3193 1389 vere
3236 1337 3399 1390 aurei
3447 1338 3702 1408 generis,

2055 1416 2213 1486 quod
2243 1426 2558 1490 cognatum
2582 1425 2691 1487 est,
2726 1427 3087 1484 scrutantur,
3121 1423 3374 1478 multum
3424 1425 3485 1478 in
3516 1441 3703 1496 pauco

2053 1503 2393 1571 invenient;
2428 1507 2689 1561 inveniet
2714 1509 2873 1561 enim
2906 1509 3199 1580 scriptura
3227 1527 3434 1578 unum,
3477 1511 3578 1581 qui
3629 1514 3707 1567 sit

2056 1608 2186 1648 eam
2213 1593 2641 1650 intellecturus.
2678 1597 2890 1651 Juvant
2917 1613 3052 1669 ergo
3084 1603 3143 1651 et
3181 1598 3253 1653 ad
3303 1600 3700 1654 revocandum

2055 1680 2116 1734 in
2150 1684 2521 1749 memoriam,
2539 1689 2597 1739 et
2613 1685 2686 1740 ad
2703 1686 3010 1740 veritatem
3032 1692 3233 1757 aperte
3256 1687 3698 1757 declarandam,

2053 1786 2211 1837 eum,
2259 1772 2361 1841 qui
2410 1772 2564 1826 valet
2611 1791 2876 1844 quaarere
2927 1791 3061 1829 cum
3108 1775 3358 1839 ratione,
3411 1778 3703 1832 Stromata

2053 1861 2637 1915 commentariorum.
2668 1863 2911 1932 Oportet
2939 1869 3137 1918 autem
3165 1881 3264 1919 vos
3297 1882 3530 1936 quoque
3553 1866 3702 1921 alla-

2050 1946 2283 2012 borare,
2317 1955 2376 2004 et
2405 1949 2496 2004 his
2542 1950 2660 2006 alia
2707 1951 3072 2014 adinvenire,
3127 1953 3408 2023 quoniam
3454 1955 3549 2017 iis,
3599 1956 3700 2026 qui

2050 2035 2142 2090 via
2170 2036 2369 2109 ignota
2409 2039 2890 2109 proficiscuntur,
2943 2041 3162 2096 sufﬁcit
3204 2049 3428 2098 rectam
3475 2045 3702 2099 solum-

2049 2127 2224 2181 modo
2257 2126 2587 2195 indicasse;
2620 2135 2825 2201 postea
2854 2135 3052 2185 autem
3107 2136 3196 2186 est
3243 2132 3699 2205 ingrediendum

2049 2219 2106 2268 et
2136 2216 2435 2286 reliquum
2453 2217 2556 2271 vim
2577 2218 2696 2272 illis
2719 2218 3161 2274 inveniendum.
3187 2221 3697 2284 Quemadmodum

2047 2303 2274 2372 dicunt,
2308 2323 2473 2360 servo
2495 2307 2816 2376 aliquando
2840 2307 3185 2371 sciscitanti,
3212 2309 3500 2378 quidnam
3517 2326 3699 2382 agen-

2047 2392 2120 2447 do
2152 2393 2480 2465 placiturus
2511 2400 2669 2449 esset
2698 2395 2960 2460 domino,
2985 2395 3363 2466 respondisse
3388 2398 3658 2468 Pythiam
3682 2415 3696 2453 :

2046 2503 2073 2530 «
2107 2483 2400 2550 Invenies,
2434 2483 2481 2536 si
2510 2483 2834 2552 quaasieris.
2872 2503 2899 2532 ››
2934 2484 3003 2536 Et
3052 2488 3140 2538 est
3179 2485 3422 2555 quidem
3470 2503 3694 2556 revera,

2044 2575 2109 2623 ut
2123 2570 2372 2636 videtur,
2393 2570 2657 2638 difficile,
2682 2571 2999 2642 pulchrum
3021 2571 3214 2627 latens
3236 2573 3520 2644 invenire,
3545 2593 3696 2646 quo-

2044 2658 2205 2714 niam
2237 2683 2263 2708 «
2294 2660 2475 2714 sudor
2503 2665 2640 2715 ante
2671 2660 2946 2715 virtutem
2979 2667 3069 2716 est
3095 2664 3362 2734 positus:
3537 2669 3546 2676 '

2157 2777 2269 2848 Via,
2292 2776 2457 2844 longa
2487 2784 2564 2831 est
2593 2784 2760 2846 atque
2784 2777 3002 2833 acclivis
3023 2778 3104 2833 ad
3132 2781 3308 2848 ipsam
3333 2797 3346 2846 ;

2149 2847 2344 2901 Ardua
2360 2865 2596 2919 namque
2609 2852 2770 2919 prius
2792 2867 2809 2904 :
2821 2850 2916 2904 sed
2935 2867 3056 2904 cum
3074 2847 3411 2920 ad’fastigia,
3446 2860 3689 2920 ventum,

2148 2989 2237 3041 Fit
2266 2990 2470 3057 facilis,
2506 3007 2626 3060 qua
2657 2991 2892 3059 difﬁcilis
2920 2992 3079 3048 valde
3107 3000 3238 3047 ante
3262 2995 3485 3050 clueret.
3522 3017 3549 3044 »

2043 3101 2143 3154 Est
2172 3103 2332 3157 enim
2363 3120 2568 3158 revera
2600 3127 2627 3154 ‹‹
2658 3112 2821 3160 arcta
2850 3107 2955 3175 (et)
2995 3114 3244 3179 angusta
3273 3109 3365 3162 via
3411 3110 3693 3179 (Domini,

2044 3192 2122 3254 et)
2153 3208 2401 3264 regnum
2427 3193 2527 3247 Dei
2551 3194 2685 3264 (est)
2708 3194 3124 3248 violentorum.
3155 3219 3180 3243 ››
3207 3197 3369 3251 Unde
3397 3214 3409 3251 :
3434 3217 3465 3250 ιι
3487 3200 3694 3264 Quaere

2045 3280 2280 3350 (inquit)
2314 3286 2370 3334 et
2402 3281 2669 3336 invenies
2710 3284 2807 3351 (a).
2847 3303 2871 3332 ν
2915 3283 2962 3336 si
2994 3288 3198 3338 teneas
3230 3285 3382 3340 viam
3408 3304 3542 3342 vere
3590 3306 3693 3344 re-

2048 3368 2226 3438 giam,
2255 3376 2315 3424 et
2342 3386 2462 3423 non
2495 3369 2610 3424 alio
2632 3369 2932 3425 deﬂectas.
2957 3373 3058 3425 Est
3079 3387 3214 3443 ergo
3238 3373 3299 3426 in
3331 3375 3537 3444 exiguo
3561 3377 3691 3446 qui-

2049 3457 2183 3510 dem
2215 3459 2404 3528 spatio
2435 3458 2623 3512 multa
2650 3458 2926 3530 genitalis
2956 3460 3126 3530 copia
3156 3461 3451 3516 seminum
3489 3479 3693 3518 eorum

2050 3545 2411 3617 dogmatum,
2447 3563 2576 3616 quae
2609 3547 3196 3617 comprehenduntur
3226 3549 3285 3603 in
3335 3551 3445 3604 hoc
3493 3568 3692 3622 opere,

2050 3634 2208 3704 quod
2227 3634 2419 3688 simile
2438 3640 2528 3688 est
2547 3658 2573 3684 ‹‹
2593 3651 2730 3705 agro
2753 3635 3028 3690 omnibus
3045 3636 3246 3691 herbis
3263 3637 3443 3708 pleno
3457 3639 3553 3708 (b),
3583 3661 3608 3686 »ι
3631 3644 3696 3694 ut

2049 3725 2132 3778 ait
2155 3725 2472 3793 Scriptura.
2494 3724 2656 3778 Unde
2680 3725 2858 3778 etiam
2877 3727 3177 3795 propriam
3202 3727 3421 3782 habent
3443 3729 3694 3800 inscrip-

2049 3813 2270 3867 tionem
2302 3812 2594 3866 Stromata
2623 3813 3206 3876 commentariorum,
3233 3816 3486 3870 similem
3519 3817 3696 3887 plane

2049 3901 2335 3955 illiveteri
2355 3899 2616 3972 undique
2653 3901 2945 3972 decerptus
2975 3901 3284 3970 oblationi,
3305 3903 3375 3958 de
3399 3921 3517 3974 qua
3546 3906 3695 3960 scri-

2045 3991 2134 4046 bit
2154 3990 2478 4061 Sophocles
2504 4007 2516 4043 :

2152 4109 2383 4177 Ovisque
2413 4108 2603 4174 vellus,
2636 4109 2940 4178 vitiumque
2971 4110 3086 4163 illic
3116 4117 3254 4166 erat.

355 4232 418 4296 ἰι
445 4235 505 4287 Ρ.
538 4234 639 4284 565
671 4230 782 4283 ED.
816 4229 1110 4292 POTTEB,
1142 4226 1243 4279 4⁸16
1275 4226 1387 4279 ΕΙ).
1419 4224 1648 4279 PARIS.
1681 4225 1759 4295 (α)
1792 4226 1940 4280 Matt]

2062 4243 2120 4295 ιι,
2156 4227 2259 4291 14ς
2293 4242 2370 4290 x1,
2406 4227 2508 4290 l2;
2540 4241 2637 4291 vn,
2673 4227 2724 4279 7.
2758 4225 2831 4296 (ὸ)
2861 4225 2988 4280 Job.
3025 4243 3076 4292 ν,
3105 4229 3192 4280 25.

365 4367 474 4435 (86)
506 4364 682 4416 Ἔστω
740 4357 799 4414 δὲ
860 4360 1008 4430 ὑμῖν.
1044 4359 1304 4435 -ᾼριὶιιξη
1362 4363 1429 4435 ut

288 4429 500 4505 ἡμῖν,’‹‹
535 4439 711 4489 erunt
739 4429 939 4488 autem
962 4429 1172 4498 nobis;
1201 4451 1225 4481 ιι
1255 4431 1452 4500 inquit
1478 4429 1746 4502 Sylburg.
1770 4431 1933 4486 Idem

291 4511 533 4562 Herveto
566 4506 744 4561 etiam
776 4505 962 4559 visum
996 4509 1103 4558 est.

359 4581 468 4647 (87)
519 4578 645 4630 Ἕνα
698 4578 732 4643 ἡ
781 4576 992 4651 γραφή.
1040 4574 1222 4651 _Dicit,
1257 4573 1367 4627 hoc
1421 4589 1594 4626 suum
1645 4574 1931 4651 scriptum

288 4645 497 4705 saltem
526 4666 710 4704 unum
743 4645 1004 4718 aliquem
1037 4647 1413 4700 inventurum
1445 4661 1596 4705 esse.
1626 4645 1726 4710 qui
1751 4645 1810 4718 id
1839 4646 1934 4700 in-

287 4723 632 4776 tellecturus
663 4721 756 4774 sit.
790 4717 1028 4799 Fatetur
1058 4719 1216 4771 enim
1249 4732 1310 4771 se
1333 4730 1673 4799 ‘paucorum
1707 4717 1933 4799 solum:

285 4792 459 4847 modo
489 4793 676 4864 gratia
703 4791 984 4864 scribere.
1043 4795 1218 4859 atque
1277 4786 1422 4864 adeo
1473 4802 1582 4856 per
1611 4787 1806 4864 operis
1838 4789 1930 4864 sui

282 4855 535 4918 formam
563 4881 630 4918 ac
663 4863 951 4941 rationem
984 4855 1196 4941 arcere.
1219 4855 1349 4941 τοὺς
1396 4855 1932 4941 ἀπ-ἐιρωςίέντυγχάῖ-

284 4955 497 4994 νοντας.
519 4934 720 4989 Simile
745 4940 853 4999 est,
878 4933 1038 5003 quod
1055 4930 1410 4987 dissimilem
1427 4929 1500 4983 ob
1524 4945 1764 4984 causam
1787 4929 1932 4986 dicit

285 5005 868 5080 Persius,princip_io
901 5011 1147 5080 sagit“
1220 5075 1230 5080 _
1389 5074 1445 5080 __
1513 5072 1527 5080 _
1603 5071 1612 5080 .

356 5081 428 5132 M.
459 5072 595 5142 Quis
621 5079 758 5145 leget
774 5072 945 5129 hac?
980 5078 1036 5128 P.
1071 5077 1148 5129 Mi
1175 5075 1230 5127 η’
1273 5079 1332 5128 tu
1378 5072 1527 5126 istud
1554 5072 1638 5126 ais
1659 5076 1688 5126 ?
1717 5074 1788 5126 M.
1823 5075 1928 5128 Ne-

427 5166 513 5203 mo
544 5149 778 5202 hercule.
813 5149 874 5200 P.
909 5148 1071 5200 Nemo
1091 5149 1118 5200 ?

357 5223 406 5275 M
471 5220 570 5274 Vel
597 5220 726 5285 duo,
755 5216 841 5271 vel
869 5234 1043 5272 nemo.

353 5293 619 5372 (88233)”;
649 5283 867 5372 ἀρετῆς(
900 5291 981 5372 lix
1014 5286 1248 5372 Hesiodi
1279 5283 1532 5368 "Ep-72a;
1564 5300 1617 5372 Σ,
1651 5285 1791 5372 ρεῗῖε

282 5354 394 5431 Τῆς
448 5354 495 5417 δ’
551 5354 748 5431 ἀρετῆς
806 5354 1009 5429 ἱδρῶτα
1091 5356 1211 5431 oeci,
1253 5354 1648 5431 (προπάροιθεν
1703 5354 1923 5424 ἔθηκαν.

285 5430 431 5516 {inte
459 5439 726 5516 virtutem
749 5447 877 5516 vera
897 5430 1258 5516 sudorem,dii
1282 5433 1627 5516 posuerunt.
1678 5503 1714 5516 γ’
1745 5493 1769 5516 ﬂ

285 5507 508 5562 Ibidem
541 5524 676 5562 mox
707 5503 790 5558 ἐπ’
820 5499 960 5573 αὖτε,
990 5519 1094 5573 pro
1149 5497 1203 5562 ἐς
1237 5496 1368 5573 quin.
1409 5504 1629 5573 exstat:
1665 5503 1723 5573 et
1745 5496 1922 5573 ’ίκηαι,

290 5596 314 5627 α
349 5579 711 5648 perveneris,
748 5599 774 5625 »
808 5591 915 5646 pro
935 5568 1143 5641 ἵκηται.
1181 5572 1328 5626 Hinc
1353 5571 1551 5625 Cebeti
1583 5571 1647 5624 in
1677 5571 1806 5624 Tab.
1833 5571 1928 5624 via

1519 4362 1641 4431 uto,
1692 4350 1830 4411 ἔστω
1889 4355 1935 4412 δ’

2056 4358 2117 4414 1d
2146 4359 2423 4431 virtutem
2439 4357 2637 4431 primo
2661 4363 2751 4412 est
2772 4352 3081 4425 δυσάνοδος,
3103 4361 3356 4431 τραχεῖα,
3379 4355 3691 4431 πετρώδης·

2045 4453 2072 4479 ‹‹
2099 4446 2343 4484 accessu
2365 4428 2649 4496 difficilis,
2670 4445 2900 4500 aspera.
2926 4428 3158 4500 saxosa.
3181 4428 3220 4481 ί
3237 4428 3347 4497 etc,
3371 4428 3509 4485 dein
3532 4449 3688 4499 vero,

2045 4507 2320 4572 superato
2352 4500 2606 4572 fastigio,
2639 4496 2779 4572 ὁδόςΔ
2797 4499 2907 4553 ἐστι
2955 4498 3098 4572 καλή
3149 4520 3207 4553 τε
3235 4496 3569 4572 καίνὸμαλή,
3602 4496 3692 4556 καὶ

2044 4569 2392 4642 εὐπόρευτος,
2448 4571 2538 4623 καὶ
2590 4569 2796 4642 καθαρά
2852 4571 3047 4632 παντὸς
3123 4572 3292 4625 κακοῦ
3375 4569 3405 4622 ι’
3459 4575 3549 4629 via
3604 4580 3696 4630 est

2042 4645 2310 4715 pulchra,
2337 4649 2394 4697 et
2417 4643 2613 4714 plana.
2640 4649 2697 4697 et
2718 4643 2933 4704 facilis.
2957 4651 3016 4699 et
3046 4644 3209 4698 omni
3241 4645 3396 4700 malo
3424 4643 3631 4701 libera.
3663 4668 3690 4697 η

2112 4718 2221 4785 (89)
2271 4720 2466 4781 Στενή,
2528 4715 2767 4770 Diversa
2823 4715 3136 4786 Scriptura)
3196 4715 3328 4771 loca
3383 4716 3445 4770 in
3501 4734 3689 4773 unum

2041 4787 2369 4858 conjungit.
2406 4787 3195 4858 Suntenimhaacsumpta
3235 4805 3305 4841 ex
3351 4787 3557 4858 Matth.
3595 4806 3689 4857 vn,

2044 4853 2354 4928 14ίΣτξνή
2405 4857 2440 4924 ἡ
2483 4853 2632 4925 πύλη
2693 4855 2783 4909 καὶ
2839 4853 3178 4928 τεθλιμμένη
3229 4859 3264 4926 ἡ
3312 4855 3445 4928 ὁδὸς.
3481 4860 3516 4926 ἡ
3551 4853 3694 4913 ἀπάζ

2039 4927 2317 5004 γρυσαῗεῖς
2346 4929 2444 5004 τὴν
2481 4929 2647 4996 ζωήν.
2681 4929 2881 5004 Matth.
2917 4926 3007 4996 x1,
3030 4931 3143 5004 ⁸12)
3193 4928 3256 5004 ᾛ
3305 4926 3554 5004 βασιλεία
3583 4934 3692 4984 τῶν

2040 4998 2283 5074 οὐρανῶν
2345 5000 2610 5074 βιάζεται,
2668 4999 2756 5052 καὶ
2834 4999 3044 5074 βιασταὶ
3106 4998 3433 5074 ἀρπάζόυσιν
3493 5002 3688 5072 αὐτήν.

2040 5071 2241 5127 Μέιῐιὶι.
2272 5071 2364 5136 v11,
2400 5076 2428 5124 7
2455 5089 2467 5126 :
2501 5074 2740 5138 Ζητεῖτε,
2767 5071 2858 5124 καὶ
2890 5071 3165 5142 εὑρήσετε.

2111 5147 2223 5213 (90)
2258 5146 2513 5234 Βιαῇέν.
2569 5142 2766 5234 geni.“
2799 5145 3089 5234 Strom.‘_v,
3122 5161 3252 5234 p’a‘g.
3429 5146 3683 5234 ;.S'trom.

2039 5231 2113 5286 vi,
2174 5231 2303 5286 pag.
2364 5216 2466 5269 689
2524 5213 2662 5268 edit.
2724 5215 2934 5282 Paris.,
2995 5213 3260 5277 libfTiq
3303 5216 3330 5270 ὁ
3378 5214 3690 5285 σωζόμενος

2038 5283 2136 5341 πλ.
2173 5283 2207 5357 p
2256 5283 2328 5340 57
2363 5286 2501 5340 edit.
2537 5286 2721 5340 Oxon.

2110 5351 2220 5444 (9Ῑ)
2249 5358 2473 5428 Ὥσπερ.
2529 5357 2679 5444 :lob'.“
2709 5375 2761 5425 ν,
2806 5360 2888 5444 ,25
2915 5374 2928 5411 :
2989 5356 3196 5444 Γνώσῃν
3230 5353 3288 5409 δὲ
3333 5357 3417 5444 δτοι
3446 5351 3591 5408 πολὺ
3622 5353 3684 5444 τῇ)

2039 5424 2254 5500 σπέρμα
2311 5424 2431 5493 eoo,
2484 5428 2567 5500 ta‘t
2633 5424 2691 5480 δὲ
2765 5429 2926 5482 τέκνα
3000 5448 3096 5482 σου
3153 5424 3320 5481 ’ἔσται
3379 5425 3559 5498 ὥσπερ
3619 5425 3683 5481 τὸ

2039 5448 2170 5500 σπερ
2222 5448 2254 5481 α
2311 5448 2428 5493 σου,
2484 5448 2552 5480 τα
2633 5448 2691 5480 οε

2039 5448 2386 5574 παμόδτανον
2417 5501 2514 5553 τοῦ
2545 5498 2737 5574 ἀγροῦ.
