4004 6144
363 209 507 264 4227

1603 207 2017 287 σιβυειςτιε
2052 205 2552 262 ALEXANDRIN!

3634 214 3802 270 1228

369 342 460 393 est
489 337 685 393 ﬁdelis
716 354 821 408 per
849 335 1235 392 dilectionem
1260 351 1274 401 ;
1307 333 1558 388 Domino
1592 336 1811 399 autem,
1863 347 1979 402 quo

2086 329 2348 399 ιπιστόν·
2382 333 2460 402 τῷ
2492 326 2540 383 δ’
2588 327 2652 383 αὖ
2711 331 2902 406 Κυρίῳ
2957 331 3058 400 τὴν
3117 327 3298 396 ἔνθεον
3341 332 3476 409 πρὸς
3507 335 3604 404 τήν
3638 334 3801 394 διδα-

368 427 556 499 ipsius
587 427 872 482 doctrinaa
903 425 1102 478 divina
1131 423 1528 496 persuadendi
1552 423 1634 476 vis
1657 423 1819 490 insit,
1843 439 1877 477 a
1902 439 2020 492 qua

368 533 443 571 ne
472 520 637 570 metu
676 513 918 585 quidem
948 513 1158 568 mortis
1188 512 1462 567 deﬁciet:
1495 512 1826 583 quinetiam
1863 511 2016 566 facto

367 605 683 660 conﬁrmat
713 603 1019 657 veritatem
1051 602 1514 674 praedicationis,
1547 606 1850 673 potentem
1880 618 2016 656 eum

367 710 496 748 esse
529 691 873 759 ostendens,
906 691 978 747 ad
1013 709 1191 763 quem
1219 691 1544 747 contendit.
1571 691 1798 746 Mireris
1819 697 2014 746 autem

364 783 494 854 ejus
525 782 929 849 dilectionem,
963 798 1142 852 quam
1173 781 1346 836 docet
1375 781 1700 850 evidenter,
1734 780 1875 836 dum
1915 798 2016 835 co-

360 877 536 945 gnato
567 871 810 942 quidem
841 871 1041 944 generi
1072 876 1235 944 grato
1267 871 1466 926 animo
1501 871 1723 938 unitur,
1757 877 1812 925 et
1835 871 2013 926 etiam

360 961 622 1033 pretioso
656 961 945 1032 sanguine
976 961 1139 1032 ipsos
1171 960 1445 1016 inﬁdeles
1474 959 1700 1031 pudore
1730 959 1933 1014 afﬁcit.
1957 961 2011 1015 Is

361 1067 496 1122 ergo
528 1055 692 1106 metu
722 1054 967 1122 pr0pter
999 1055 1362 1122 praaceptum
1405 1049 1668 1104 declinat
1712 1048 2011 1104 Christum

357 1156 595 1212 negare,
637 1145 704 1196 ut
744 1140 930 1195 metui
974 1140 1076 1194 ﬁat
1123 1139 1309 1194 testis.
1367 1138 1478 1194 Sed
1526 1154 1720 1209 neque
1769 1143 2013 1210 propter

360 1245 528 1301 spem
558 1228 855 1284 donorum
885 1235 1229 1300 paratorum
1262 1228 1441 1284 ﬁdem
1471 1228 1710 1283 vendit:
1737 1227 1840 1282 sed
1872 1245 2010 1299 pro-

358 1322 490 1388 pter
521 1333 690 1373 suam
720 1317 781 1372 in
812 1317 1133 1372 Dominum
1165 1317 1568 1386 dilectionem,
1591 1317 2007 1372 lubentissime

359 1407 469 1462 hac
499 1406 616 1462 vita
645 1406 1024 1471 exsolvetur;
1055 1406 1283 1461 habens
1331 1407 1511 1462 etiam
1559 1407 1829 1479 gratiam,
1873 1422 2008 1461 cum

357 1497 431 1563 ei,
465 1497 567 1567 qui
600 1513 842 1552 causam
870 1496 1126 1568 prwbuit
1155 1497 1296 1552 hinc
1329 1495 1610 1565 exeundi,
1636 1502 1762 1552 tum
1794 1496 1868 1562 ei,
1904 1496 2005 1568 qui

355 1584 470 1655 ipsi
500 1583 744 1639 molitus
776 1588 866 1638 est
886 1584 1178 1651 insidias;
1229 1583 1386 1655 quod
1433 1583 1505 1639 ab
1553 1585 1646 1639 his
1687 1585 1998 1639 honestam

2131 416 2358 472 σκαλίαν
2413 418 2609 489 πειθὼ,
2667 421 2732 488 ἦς
2792 418 2890 473 οὐκ
2945 410 3311 490 ἀποστήσεται
3346 420 3576 479 θανάτου
3607 422 3792 506 φόϐῳ·

2128 507 2214 560 ναὶ
2252 507 2359 579 μὴν
2419 507 2509 562 καὶ
2564 511 2662 562 τοῦ
2721 509 3074 584 κηρύγματος
3134 511 3234 579 τὴν
3295 509 3554 583 ἀλήθειαν
3581 513 3796 590 συμϐε-

2127 589 2279 650 ϐαιοῖ
2309 592 2476 671 ἔργῳ,
2512 594 2738 652 δυνατὸν
2789 597 2923 652 εἶναι
2977 598 3192 661 δεικνὺς
3221 600 3313 655 τὸν
3354 602 3494 677 πρὸς
3525 603 3583 658 ὅν
3613 589 3794 661 σπεύ-

2127 680 2206 739 δει
2238 686 2388 742 Θεόν.
2423 687 2738 759 Θαυμάσαις
2795 686 2853 742 ἂν
2909 689 3008 757 τήν
3061 690 3275 765 ἀγάπην
3315 690 3502 762 αὐτοῦ,
3535 695 3602 764 ἢν
3630 693 3794 772 ἐναρ-

2123 777 2234 848 γῶς
2292 771 2532 830 διδάσκει
2588 775 2926 851 εὐχαρίστως
2984 776 3272 850 ἑνούμενος
3326 780 3462 855 πρὸς
3504 783 3566 836 τὸ
3600 804 3790 861 συγγε-

2123 862 2232 931 νὲς,
2267 861 2329 916 ού
2363 863 2471 935 μήν
2505 862 2650 919 ἀλλά
2679 864 2767 918 καὶ
2811 869 2890 936 τῷ
2938 865 3109 939 τιμίῳ
3140 866 3332 940 α’ίματι
3363 868 3490 932 τοὺς
3524 870 3790 938 ἀπίστους

2123 947 2413 1008 δυσωπῶν.
2452 953 2623 1015 Οὗτος
2657 952 2748 1008 οὖν
2782 949 2936 1031 φόϐῳ
2983 956 3046 1009 τὸ
3095 956 3366 1030 ἀρνεΐσθαι
3401 963 3510 1033 (2'7)
3546 963 3782 1036 Χριστὸν

2123 1036 2211 1094 διά
2229 1041 2330 1108 τήν
2365 1039 2594 1110 ἐντολὴν
2624 1041 2883 1112 ἐκκλίνει,
2929 1041 3021 1098 ’ίνα
3065 1041 3131 1113 δὴ
3185 1040 3342 1123 φόϐῳ
3375 1049 3580 1122 μάρτυς
3612 1051 3782 1126 γένη-

2119 1147 2226 1182 ται·
2271 1129 2334 1183 ού
2386 1129 2495 1202 μήν
2545 1127 2670 1184 ούδὶ
2720 1129 2908 1185 ἐλπίδι
2959 1129 3175 1207 δωρεῶν
3231 1137 3654 1211 ἡτοιμασμένων
3684 1163 3784 1196 πι-

2118 1215 2372 1291 πράσκων
2401 1217 2498 1286 τήν
2527 1217 2730 1288 πίστιν,
2763 1219 2945 1294 ἀγάπῃ
2987 1218 3043 1275 δὲ
3085 1224 3222 1297 πρξς
3250 1224 3342 1279 τὸν
3378 1225 3572 1303 Κύριον
3608 1229 3784 1303 ἀσμε-

2116 1303 2344 1360 νέστατα
2392 1305 2553 1362 τοῦδε
2607 1311 2704 1362 τοῦ
2762 1308 2885 1382 βίου
2943 1308 3372 1382 ἀπολυθήσεται·
3437 1316 3596 1391 χάριν
3643 1317 3778 1382 ἴσως

2115 1393 2316 1466 καὶτῷ
2343 1397 2444 1465 τήν
2485 1395 2666 1482 αἰτίαν
2711 1399 3126 1473 παρασχομένῳ
3173 1407 3274 1471 τῆς
3325 1402 3532 1468 ἐνθένδε
3561 1405 3772 1482 ἐξόδου,

2114 1483 2204 1537 καὶ
2253 1489 2334 1556 τῷ
2389 1485 2488 1552 τήν
2545 1480 2847 1555 ἐπιϐουλὴν
2906 1491 3295 1564 τεχνασαμένῳ
3326 1492 3599 1568 ἐγνωκὼς,
3633 1480 3774 1571 πρόέ

2115 1593 2272 1650 φασιν
2307 1569 2537 1648 εὔλογον
2573 1569 2781 1648 λαϐὼν,
2827 1577 2894 1646 ἣν
2928 1576 3028 1632 οὐκ
3058 1579 3222 1642 αὐτὸς
3252 1581 3545 1658 παρέσχεν,
3579 1569 3769 1642 ἑαυτὸν

355 1673 584 1743 accepit
612 1673 764 1728 206
798 1673 1194 1738 occasionem,
1220 1689 1398 1744 quam
1420 1673 1546 1744 ipse
1572 1689 1692 1728 non
1725 1673 1978 1744 praebuit

2115 1659 2376 1762 έπιδεῖξαι
2409 1661 2630 1762 ὅςλέστι,
2681 1669 2761 1736 τῷ
2826 1666 2922 1737 μὶν
2982 1663 3051 1721 δι’
3113 1669 3418 1743 ὑπομονῆς,
3452 1671 3522 1727 δι’
3546 1674 3770 1750 ἀγάπης

353 1763 616 1834 seipsum
647 1762 997 1818 ostendendi
1044 1764 1319 1834 quisnam
1353 1763 1465 1830 sit;
1500 1763 1588 1817 illi
1621 1762 1861 1834 quidem
1900 1780 2006 1834 per

353 1851 752 1918 tolerantiam,
786 1852 1036 1906 Domino
1069 1868 1202 1906 vero
1236 1869 1342 1922 per
1373 1852 1724 1907 charitatem
1754 1868 1766 1905 :
1811 1851 1874 1915 >X<
1898 1869 2005 1923 per

353 1956 532 2010 quam
561 1940 739 1994 etiam
767 1945 1090 2010 antequam
1121 1946 1466 1995 nasceretur
1495 1941 1846 1996 manifestus
1877 1946 2004 1996 erat

351 2029 621 2094 Domino,
655 2029 756 2098 qui
786 2033 926 2083 tunc
959 2029 1086 2099 ejus
1118 2029 1486 2100 propositum
1510 2029 1690 2096 novit,
1715 2031 1817 2100 qui
1850 2047 2002 2085 mar-

352 2118 572 2188 tyrium
604 2133 887 2188 passurus
917 2117 1088 2173 foret.
1134 2119 1294 2172 Bono
1343 2119 1543 2188 itaque
1592 2119 1791 2173 animo
1843 2120 2003 2174 venit

349 2207 422 2261 ad
454 2207 711 2262 amicum
743 2207 1080 2273 Dominum,
1113 2224 1217 2278 pro
1253 2223 1368 2280 quo
1423 2213 1481 2261 et
1534 2224 1769 2278 corpus,
1821 2213 1998 2279 atque

349 2297 547 2365 etiam,
580 2301 646 2350 ut
666 2295 901 2366 judices
944 2295 1281 2366 sperabant,
1316 2296 1578 2350 animam
1625 2295 1890 2362 tradidit,
1940 2303 2000 2352 et

342 2401 376 2439 a
407 2385 710 2440 Servatore
741 2389 965 2450 nostro,
995 2407 1022 2434 «ι
1059 2401 1092 2438 o
1123 2384 1306 2439 frater
1338 2384 1573 2452 dilecte,
1611 2406 1632 2435 ι
1688 2390 1755 2439 ut
1801 2385 1994 2441 dicam

337 2473 588 2544 poetice,
618 2478 862 2545 propter
890 2474 1021 2528 vita;
1074 2473 1530 2529 similitudinem
1579 2474 1990 2545 compellatur.

336 2565 449 2617 Nos
463 2563 1602 2618 autemnconsummationemnvocamus
1618 2564 1990 2635 martyrium,

337 2668 458 2706 non
493 2652 651 2722 quod
680 2652 811 2706 vitaa
835 2671 867 2705 α
889 2653 1069 2707 ﬁnem
1095 2674 1123 2701 ››
1147 2653 1324 2706 homo
1347 2653 1664 2722 acceperit,
1690 2657 1755 2706 ut
1775 2653 1990 2723 reliqui

333 2740 680 2810 loquuntur,
699 2740 800 2795 sed
816 2740 974 2810 quod
989 2763 1015 2789 «
1033 2739 1361 2810 perfectum
1381 2756 1448 2795 ac
1466 2746 1944 2796 consummatum
1961 2763 1988 2790 ι»

333 2844 481 2898 opus
499 2827 828 2882 ostenderit
845 2828 1172 2882 charitatis.
1193 2828 1529 2892 Quinetiam
1550 2828 1730 2881 Grzeci
1751 2845 1988 2899 quoque

332 2921 556 2969 veteres
587 2914 833 2969 laudant
863 2914 1043 2968 ﬁnem
1076 2930 1306 2982 eorum,
1339 2914 1439 2984 qui
1467 2915 1686 2969 mortui
1737 2922 1877 2970 sunt
1922 2918 1983 2972 in

332 3001 509 3068 bello,
543 3019 662 3056 non
697 3001 939 3072 quidem
971 3008 1222 3058 mortem
1269 3003 1587 3058 suadentes
1637 3003 1978 3075 violentam,

2115 1749 2173 1807 δὶ
2223 1756 2426 1826 Κυρίῳ,
2461 1750 2530 1807 δι’
2562 1757 2628 1822 ἧς
2661 1752 2998 1811 ἀνεδείκνυτο
3052 1763 3134 1832 τῷ
3193 1761 3381 1834 Κυρίῳ
3410 1763 3500 1817 καὶ
3530 1749 3636 1839 πρὸ
3664 1774 3771 1836 τῆς

2113 1842 2378 1916 γενέσεως
2409 1844 2508 1912 τήν
2571 1843 2884 1920 προαίρεσιν
2942 1849 3042 1900 τοῦ
3096 1868 3543 1925 μαρτυρησαντος
3573 1852 3771 1915 εἰδότι,

2112 1929 2465 2004 Εὐθαρσήσας
2519 1930 2707 1987 τοίνυν
2770 1933 2906 2007 πρὸς
2963 1932 3123 2007 φίλον
3156 1938 3248 1993 τὸν
3274 1941 3500 2015 Κύριον,
3537 1943 3671 2016 ὑπὲρ
3705 1945 3772 2000 οὗ

2109 2018 2198 2072 καὶ
2227 2019 2289 2074 τὸ
2322 2025 2484 2092 σῶμα
2515 2020 2652 2075 ἑκὼν
2686 2019 3036 2093 ἐπιδέδωκεν,
3091 2027 3231 2101 πρὸς
3280 2025 3337 2083 δὲ
3383 2031 3473 2084 καὶ
3525 2033 3622 2102 τὴν
3657 2036 3771 2107 ψυ-

2110 2109 2244 2182 χὴν,
2275 2108 2352 2171 ὡς
2385 2110 2441 2163 ot
2490 2107 2736 2166 δικασταὶ
2795 2111 3228 2188 προσεδόκησαν,
3261 2114 3505 2192 ἔρχεται,
3541 2145 3567 2171 ‹‹
3602 2121 3767 2196 φίλε-

2106 2196 2396 2271 κασίγνητε
2449 2222 2476 2250 ››
2534 2204 2838 2270 ποιητικῶς
2897 2222 2959 2276 γε
3020 2206 3128 2276 (28)
3185 2206 3419 2270 ἀκούσας
3477 2209 3613 2282 πρὸς
3662 2215 3764 2265 τοῦ

2109 2291 2368 2361 Σωτῆρος
2391 2289 2577 2359 ἡμῶν,
2610 2285 2701 2342 διὰ
2727 2289 2826 2356 τήν
2875 2293 2972 2343 τοῦ
3031 2291 3152 2362 βίου
3194 2293 3520 2366 ὁμοιότητα.
3554 2297 3766 2354 Αὐτίκα

2107 2374 2436 2431 «τελείωσιν
2463 2401 2483 2428 ι
2509 2379 2572 2432 τὸ
2598 2378 2894 2451 μαρτύριον
2917 2379 3216 2454 καλοῦμεν,
3247 2384 3359 2458 οὐχ
3381 2387 3463 2440 ὅτι
3485 2412 3513 2438 ‹‹
3540 2389 3702 2450 τέλος
3723 2410 3754 2442 ο

2100 2468 2197 2518 τοῦ
2231 2464 2354 2540 βίου
2385 2465 2412 2520 ὁ
2444 2462 2730 2540 ἄνθρωπος
2760 2463 2977 2537 ἔλαϐεν,
3029 2469 3102 2530 ὡς
3157 2470 3209 2523 οἱ
3259 2469 3476 2543 λοιποὶ,
3508 2474 3640 2530 ἀλλ’
3671 2477 3762 2532 ὅτι

2102 2579 2130 2605 ‹‹
2152 2551 2358 2608 τέλειον
2394 2577 2421 2605 n
2453 2550 2606 2629 ἔργον
2664 2555 2876 2628 ἀγάπης
2933 2553 3252 2630 ἐνεδείξατο·
3285 2561 3373 2614 καὶ
3430 2562 3481 2615 οἱ
3520 2563 3758 2621 παλαιοὶ

2102 2638 2160 2695 δὲ
2186 2646 2293 2696 τῶν
2325 2647 2452 2718 παρ’
2502 2641 2763 2713 Ἕλλησι,
2817 2648 2924 2698 τῶν
2985 2643 3037 2699 έν
3097 2643 3330 2720 πολέμῳ
3379 2649 3756 2714 ἐπιθανόντων

2097 2729 2195 2798 τήν
2227 2729 2485 2799 τελευτὴν
2518 2730 2823 2787 ἐπαινοῦσιν
2874 2736 3008 2806 (29),
3059 2733 3120 2788 οὐ
3167 2735 3231 2790 τὸ
3275 2737 3467 2811 βιαίως
3505 2740 3766 2812 ἀποθνήσ

2099 2841 2242 2874 σκειν
2275 2815 2770 2894 συμϐουλεύοντες,
2796 2819 2924 2877 ἀλλ’
2954 2821 3038 2877 ὅτι
3069 2824 3096 2878 ὁ
3125 2824 3261 2878 κατὰ
3281 2823 3532 2899 πόλεμον
3564 2828 3750 2885 τελευ-

2093 2913 2202 2963 τῶν
2236 2907 2399 2978 ἀδεής
2451 2914 2546 2964 τοῦ
2603 2911 2781 2965 θανεῖν
2839 2909 3214 2983 ἀπήλλακται,
3277 2914 3615 2987 ἀποτμηθείς
3644 2924 3743 2974 τοῦ

2094 2999 2370 3071 σώματος,
2403 2999 2492 3053 καὶ
2524 2997 2588 3053 ού
2642 3000 2944 3075 προκαμὼν
3000 3003 3068 3074 τῇ
3128 3005 3306 3078 ψυχῇ,
3339 3002 3463 3058 οὐδὲ
3493 3027 3743 3080 καταμα-

332 3090 434 3144 sed
466 3065 622 3162 quod
665 3065 846 3162 quiin
877 3091 1034 3146 bello
1065 3092 1242 3148 vitam
1275 3093 1426 3161 ﬁnit,
1461 3098 1713 3149 mortem
1756 3111 1873 3149 non
1909 3065 1978 3149 ti:

2092 3084 2392 3157 λακισθείς,
2427 3091 2514 3142 οἷα
2543 3087 2666 3162 περὶ
2712 3088 2808 3149 τὰς
2867 3088 3057 3150 νόσους
3114 3092 3419 3165 πάσχουσιν
3449 3095 3500 3148 οἱ
3532 3092 3737 3171 ἄνθρω-

329 3196 499 3234 meus
530 3180 811 3247 recessit;
846 3187 1184 3252 amputatus
1215 3199 1483 3254 corpore,
1509 3199 1642 3238 cum
1673 3200 1782 3238 nec
1813 3184 1976 3254 prius

324 3268 523 3322 animo
555 3267 902 3336 laborasset,
938 3286 1046 3324 nec
1081 3269 1381 3325 emolli'tus
1415 3277 1591 3338 esset,
1627 3276 1692 3325 ut
1734 3270 1884 3326 solet
1914 3272 1975 3328 in

321 3357 549 3412 morbis
578 3358 843 3413 accidere
875 3359 1256 3427 hominibus;
1305 3361 1594 3415 recedunt
1624 3361 1782 3416 enim
1831 3363 1972 3416 effe-

320 3446 530 3500 minati
562 3451 620 3501 et
648 3447 836 3501 vivere
868 3448 1215 3518 cupientes;
1249 3453 1308 3502 et
1338 3448 1471 3503 ideo
1522 3466 1716 3520 neque
1760 3467 1971 3520 puram

317 3535 898 3603 emittuntanimam,
921 3537 1022 3591 sed
1041 3553 1172 3608 quae
1196 3538 1573 3609 cupiditates,
1597 3538 1773 3593 veluti
1799 3546 1970 3596 notas

313 3625 644 3696 plumbeas,
681 3642 882 3680 secum
915 3627 1104 3694 eﬂ‘ert,
1138 3627 1254 3682 nisi
1295 3627 1520 3683 fuerint
1548 3645 1752 3684 eorum
1782 3629 1968 3701 aliqui

313 3715 526 3768 virtute
556 3719 931 3785 prmstantes.
978 3717 1194 3770 Eorum
1226 3722 1446 3780 autem,
1481 3719 1581 3788 qui
1631 3719 1972 3774 moriuntur

314 3803 376 3856 in
444 3802 624 3871 bello,
701 3803 984 3859 nonnulli
1043 3821 1176 3859 cum
1255 3805 1678 3878 cupiditatibus
1753 3824 1783 3863 e
1852 3810 1969 3865 vita

314 3897 548 3958 exeunt,
585 3891 743 3962 quod
776 3891 1022 3963 perinde
1056 3899 1146 3947 est
1175 3910 1242 3948 ac
1292 3895 1339 3948 si
1389 3895 1594 3949 morbo
1646 3896 1964 3952 contabue-

312 3986 462 4036 rant.
498 3981 553 4034 Si
587 3986 784 4036 autem
820 3983 936 4035 Deo
971 3982 1244 4037 conﬁteri
1272 3983 1348 4037 sit
1391 3985 1762 4055 martyrium,
1799 4003 1964 4056 quaa-

309 4086 544 4141 cunque
569 4071 770 4125 anima
800 4087 945 4141 pure
980 4087 1112 4125 cum
1137 4071 1437 4143 agnitione
1461 4073 1562 4126 Dei
1587 4073 1762 4128 vitam
1791 4074 1964 4129 insti-

305 4159 418 4213 tuit
450 4164 506 4214 et
535 4159 846 4231 praeceptis
872 4159 1089 4231 paruit,
1117 4176 1184 4216 ea
1205 4160 1449 4230 quidem
1473 4161 1588 4216 vita
1612 4167 1670 4216 et
1687 4179 1961 4218 sermone

303 4253 393 4302 est
420 4253 664 4319 martyr,
699 4247 1238 4319 quomodocunque
1290 4248 1581 4305 liberetur
1611 4265 1645 4304 a
1674 4267 1916 4322 corpore
1943 4270 1956 4306 :

301 4335 479 4390 ﬁdem
495 4336 741 4404 scilicet,
757 4341 1041 4408 tanquam
1065 4337 1350 4410 sanguine
1362 4355 1440 4405 m,
1458 4356 1565 4410 per
1579 4344 1762 4394 totam
1778 4340 1958 4396 vitam

2085 3195 2201 3229 nov
2252 3175 2690 3232 ἀπαλλάττονται
2733 3179 2835 3251 γὰρ
2891 3178 3322 3252 θηλυκευόμειοι
3371 3184 3459 3236 καὶ
3511 3185 3731 3259 ἱμειρό-

2087 3286 2242 3337 μενοι
2269 3271 2367 3321 τοῦ
2395 3270 2515 3340 ζῇν·
2573 3263 2662 3320 διὰ
2715 3270 2883 3320 ταῦτα
2942 3264 3066 3322 οὐδὲ
3123 3270 3360 3344 καθαρὰν
3404 3270 3734 3328 ἀπολύουσιν

2081 3355 2179 3423 τὴν
2209 3355 2413 3431 ψυχήν,
2461 3352 2588 3410 ἀλλ’
2647 3354 2828 3428 ὥσπερ
2891 3351 3232 3428 μολυϐδίδας
3263 3363 3376 3431 (30)
3405 3360 3499 3422 τὰς
3544 3361 3733 3426 ἐπιθυ-

2085 3443 2212 3515 μίας
2245 3447 2361 3517 μεθ⁹
2393 3445 2589 3512 ἑαυτῆς
2623 3443 2950 3519 φερομένην,
2999 3444 3044 3498 εί
3093 3448 3168 3518 μή
3218 3468 3360 3510 τινες
3399 3449 3606 3505 τούτων
3633 3450 3730 3506 ἐλ-

2080 3531 2310 3608 λόγιμοι
2338 3536 2455 3588 κατ’
2502 3534 2698 3609 ἀρετὴν
2753 3533 3063 3609 γεγόνασιν.
3097 3537 3220 3594 Εἰσὶ
3253 3536 3308 3593 δὲ
3338 3541 3430 3594 καὶ
3463 3539 3514 3595 οἳ
3546 3540 3597 3596 έν
3624 3563 3731 3596 πο-

2079 3620 2234 3694 λέμῳ
2293 3623 2409 3695 μετ’
2468 3621 2770 3696 ἐπιθυμιῶν
2833 3625 3293 3696 ἀποθνήσκουσιν,
3355 3626 3512 3684 οὐδὲν
3573 3630 3725 3685 οὗτοι

2077 3707 2441 3785 διαφέροντες,
2474 3710 2520 3765 εἰ
2568 3711 2660 3766 καὶ
2711 3712 2858 3785 νόσῳ
2913 3715 3396 3787 κατεμαραίνοντο.
3453 3719 3518 3775 Εἴ
3544 3719 3722 3774 τοίνυν

2075 3800 2107 3868 ἡ
2142 3800 2277 3875 πρὸς
2308 3800 2436 3854 Θεὸν
2479 3798 2752 3876 ὁμολογία
2814 3805 3084 3877 μαρτυρία
3132 3803 3267 3872 ἐστὶ,
3314 3812 3457 3861 πᾶσα
3491 3810 3524 3876 ἠ
3555 3809 3723 3862 καθα-

2075 3893 2184 3961 ρῶς
2211 3887 2649 3960 πολιτευσαμένη
2697 3893 2851 3965 ψυχὴ
2907 3893 3022 3964 μετ’
3070 3891 3414 3968 ἐπιγνώσεως
3442 3893 3538 3950 τοῦ
3565 3902 3724 3966 Θεοῦ,

2073 3981 2257 4047 ἠταῖς
2314 3977 2562 4040 ἐντολαῖς
2619 3977 2978 4049 ἐπακηκουῖα,
3044 3983 3248 4055 μάρτυς
3306 3981 3416 4038 ἐστὶ
3473 3984 3561 4039 καὶ
3617 3986 3724 4060 βίῳ

2070 4068 2161 4122 καὶ
2211 4067 2384 4142 λόγῳ,
2434 4067 2583 4128 ὅπως
2641 4069 2773 4122 ποτὲ
2827 4071 2923 4121 τοῦ
2981 4069 3235 4142 σώματος
3281 4071 3718 4142 ἀπαλλάττηται·

2071 4158 2186 4210 οἷον
2221 4159 2358 4228 αἷμα
2403 4157 2502 4225 τήν
2553 4157 2734 4210 πίστιν
2790 4156 2889 4210 ἀνά
2935 4159 3031 4212 τὸν
3085 4158 3200 4231 βίον
3235 4160 3464 4230 ἅπαντα,
3497 4162 3634 4238 πρὸς
3666 4161 3725 4218 δὲ

2067 4245 2154 4298 καὶ
2188 4245 2287 4312 τὴν
2320 4241 2501 4317 ἔξοδον
2559 4243 2927 4320 προσχέουσα.
2984 4245 3189 4302 Αὐτίκα
3233 4249 3260 4302 ὁ
3311 4249 3516 4324 Κύριος
3557 4249 3607 4305 ἐν
3639 4257 3721 4323 τῷ

2068 4323 2400 4410 Εύαγγελίῴ
2421 4332 2605 4411 φησίν.
2641 4357 2669 4384 ‹‹
2713 4337 2807 4395 Ὃς
2857 4333 2914 4388 ἂν
2948 4334 3250 4411 καταλείψῃ
3279 4323 3504 4412 πατέρα,
3537 4340 3571 4409 ἢ
3603 4362 3716 4412 μη-

299 4428 357 4476 et
387 4425 563 4478 etiam
595 4425 654 4478 in
683 4424 862 4491 exitu,
915 4425 1306 4495 profundens.
1336 4427 1461 4480 Jam
1493 4427 1637 4481 dicit
1668 4427 1953 4483 Dominus

2086 4424 2210 4500 τέρα,
2242 4426 2276 4492 ἤ
2309 4421 2603 4499 ἀδελφοὺς,
2636 4446 2664 4474 ››
2696 4423 2785 4477 καὶ
2816 4423 2884 4478 τὰ
2913 4423 3058 4496 ἑξῆς,
3095 4448 3119 4479 ιι
3142 4422 3318 4481 ἕνεκεν
3351 4431 3448 4482 τοῦ
3479 4428 3716 4504 Εύαγγε-

297 4510 358 4564 in
388 4513 698 4586 Evangelio
725 4529 738 4567 :
764 4535 790 4562 ‹‹
825 4513 932 4578 Qui
955 4514 1532 4586 reliqueritpatrem,
1560 4517 1651 4571 vel
1674 4524 1946 4586 matrem,

365 4672 428 4736 ’Β
447 4672 511 4726 Ρ.
544 4675 648 4726 570
677 4674 790 4728 ΕΙ).
819 4673 1115 4740 POTTER,
1147 4675 1253 4729 480
1280 4675 1390 4730 ED.
1424 4676 1650 4731 PARlS.

327 4818 476 4904 J27)
507 4817 681 4904 Οιξξος
705 4815 804 4904 ὀὖν
865 4815 1022 4904 φόϐῳ
1073 4821 1165 4904 τδρ
1199 4821 1286 4895 ἀρ.
1321 4823 1506 4904 Scribi
1538 4827 1744 4897 possit,
1784 4825 1944 4888 οὗτος

296 4883 387 4971 σξη)
418 4883 481 4971 ςτᾷ
511 4883 780 4971 φόϐιμάρ.
830 4883 1016 4971 ι‹”111ὲ
1070 4883 1262 4971 igitur
1306 4883 1555 4971 propter
1580 4883 1942 4971 praeceptum

295 4959 593 5036 Christum
625 4961 696 5014 ob
726 4959 949 5017 metum
983 4959 1198 5036 negare
1231 4959 1511 5035 declinat,
1540 4959 1711 5025 »'etc.

363 5030 477 5100 (28)
526 5034 859 5116 HOtT‘TLX‘GKN
894 5054 972 5088 τε.
1037 5030 1602 5116 Βριἱιιεῃποιητικῶς
1631 5062 1711 5116 γε,
1744 5048 1846 5116 aut
1882 5039 1941 5116 τέ

291 5116 654 5179 supervacua
683 5109 794 5179 _est.
830 5103 1100 5179 Svnsuac'.
1135 5139 1204 5179 7-
1237 5103 1550 5179 ιιοιητὶχῶς
1595 5103 1670 5179 τί,
1696 5103 1940 5168 Ἠθίῐιδὶἱ

287 5173 836 5253 et_eo_posteriores
868 5173 1374 5253 editt_._exhib_ent.'
1398 5185 1577 5237 Porro
1610 5173 1760 5239 hanc
1785 5202 1940 5240 com-

281 5243 671 5313 pellationem
706 5244 980 5313 superius
1014 5246 1387 5305 Homericam
1415 5256 1653 5311 vocavit.

350 5318 461 5394 (29)
514 5311 890 5394 ςῐῐςιτίαινοῦσινζ
953 5316 1357 5394 Quantopere
1405 5322 1628 5378 laudati
1695 5327 1938 5394 fuerint,

280 5387 382 5453 qui
419 5387 478 5440 in
513 5386 668 5441 bello
723 5384 1204 5444 occubuissent:
1232 5389 1493 5446 declarat
1551 5395 1799 5455 insignis
1840 5384 1942 5455 illa

281 5415 382 5453 qui
419 5415 478 5440 lu
513 5415 668 5441 ucuu
723 5415 1167 5444 UUUUUUIDBCHL.
1232 5415 1493 5446 ucuml’dt
1551 5415 1660 5449 m5!
1707 5415 1799 5449 IIIS
1840 5415 1940 5455 llla

281 5456 526 5511 I’ericlis
559 5459 748 5514 oratio
781 5457 936 5530 apud
971 5458 1231 5528 Thucyd.
1295 5461 1396 5514 lib.
1456 5480 1518 5528 ιι,
1580 5472 1638 5519 et
1668 5415 1940 5525 (i’latonis

283 5530 580 5585 sententia
608 5532 668 5588 in
699 5535 1016 5590 MuneJJeno.
1047 5531 1110 5584 ll.
1146 5530 1417 5584 Susum.

355 5597 467 5666 (30)
532 5600 735 5676 Ὠσπερ
823 5593 1180 5674 μολυϐδίδας.
1264 5599 1571 5658 Platonem
1651 5607 1935 5666 imitatur.

2060 4513 2187 4570 λίου
2217 4512 2308 4567 καὶ
2357 4515 2454 4566 τοῦ
2485 4510 2754 4583 ὀνόματός
2816 4533 2943 4585 μου,
3008 4537 3037 4565 ››
3098 4518 3366 4590 μακάριος
3410 4518 3615 4574 οὑτοσίο
3652 4518 3713 4572 ού

2055 4827 2199 4902 Nam
2220 4824 2323 4902 ille
2346 4822 2701 4902 haudlonge
2727 4825 2798 4902 ab
2823 4824 2950 4880 init.
2973 4825 3076 4880 lib.
3102 4843 3172 4902 vn
3201 4830 3276 4883 De
3294 4831 3710 4902 1‘epub.,p._69_5,

2053 4897 2394 4974 aiti_To§to
2456 4894 2650 4974 μέντοι
2687 4895 2750 4948 τὸ
2807 4903 2909 4965 τῆς
2964 4896 3226 4974 τοιαύτης
3268 4894 3595 4974 ⁸φύ-σεωςξιεί
3645 4894 3704 4955 ἐκ

2049 4965 2244 5028 παιδὸς
2277 4965 2432 5046 adq-bc
2460 4965 2847 5046 κοπτόμενηονκ
2880 4965 3189 5046 περιεκόπη
3224 4965 3416 5046 Idl-tif;
3443 4973 3703 5046 γενέσεως

2051 5041 2302 5114 ξυγγενῆ,
2337 5037 2518 5114 ᾥσπερ
2554 5033 2958 5114 μολυϐδίδας,
2998 5040 3052 5114 αἳ
3085 5033 3206 5114 -δῆ,
3260 5033 3495 5114 ,ἐδωδαῖς
3527 5065 3583 5098 τε
3614 5033 3708 5097 καί

2048 5108 2172 5165 τῶν
2194 5108 2498 5190 ’τοιούτων
2533 5108 2788 5190 ιὴδοναῖς.
2821 5130 2879 5164 τε
2935 5111 3052 5190 καὶ.
3085 5108 3356 5190 λιχνείαις
3404 5121 3707 5190 προσφυεῖς

2047 5179 2548 5260 γιγνόμιιίαιηπερὶ
2607 5182 2674 5260 τά
2731 5183 2875 5260 κάτω
2933 5179 3222 5260 στρέφούσι
3259 5186 3358 5260 τήν
3392 5179 3488 5260 τῆς
3519 5179 3712 5260 ψυχῆς

2049 5254 2197 5326 ὄψιν,
2219 5254 2250 5306 '..
2287 5256 2342 5310 Si
2377 5254 2448 5309 ab
2481 5255 2589 5308 hoc
2624 5254 2867 5330 ingenio
2896 5254 3160 5330 statimia
3184 5254 3454 5330 pueritia
3483 5254 3705 5330 ampu-

2052 5335 2270 5390 tentur,
2298 5343 2428 5397 quae
2454 5332 2592 5379 sunt
2608 5327 3008 5399 generationis
3032 5327 3252 5394 afﬁnia,
3281 5353 3307 5377 »
3332 5347 3426 5384 ceu
3440 5327 3706 5399 plunibea

2090 5401 2316 5464 mulera,
2347 5422 2371 5446 ‹‹
2409 5413 2540 5467 quin
2585 5398 3072 5464 comestionibus,
3121 5406 3178 5453 et
3224 5398 3564 5470 hujusniodi
3600 5419 3705 5455 vo-

2043 5421 2399 5528 funtatihus,
2416 5475 2474 5523 et
2491 5468 3056 5528 libidinibus.atque
3071 5470 3298 5525 deliciis
3321 5472 3702 5528 inhaarentia.

2074 5468 3702 5593 uptatihus.etlibidinibus,at2uedeliciis‘inhmrentia,

2074 5543 2272 5593 nantis
2298 5541 2483 5593 aciem
2518 5539 2591 5593 ad
2627 5540 2908 5593 inferiora
2979 5547 3312 5593 etorauent.
3351 5565 3376 5590 ››
3409 5549 3516 5593 etc.

2048 5539 2272 5600 montis
2298 5541 2483 5598 aciem
2518 5539 2591 5594 ad
2627 5540 2908 5596 inferiora
2939 5539 3312 5612 detorquent,
3351 5565 3376 5590 ››
3409 5549 3516 5597 etc.
