4004 6144
273 244 414 302 1233

1597 246 2049 304 ΒΤΒΟΜΑΤΠΜ
2085 247 2221 301 LIB.
2265 249 2358 302 IV.

3549 243 3689 300 1234

269 372 376 429 Καὶ
409 371 491 427 ὅτι
534 393 595 446 γε
651 369 850 433 είκόνες
905 370 972 426 τὰ
1024 372 1235 428 παλαιὰ
1291 373 1692 448 κατορθώματα
1749 369 1827 432 εῗς
1857 367 1909 424 τὲ

2036 370 2193 427 clare
2225 377 2366 428 sunt
2393 377 2576 446 gesta,
2609 373 2680 428 ad
2714 377 2980 430 nostram
3003 373 3505 441 emendationem,
3530 388 3689 444 quaa-

270 460 531 534 ἡμεδαπά
569 460 994 536 ἐπανορθώματα
1043 460 1329 530 ἔκκεινται,
1391 461 1666 540 ἐμφαίνων
1703 461 1730 515 6
1757 459 1927 516 Ἀπό-

271 550 492 621 στολος,
529 576 555 603 ‹‹
587 553 747 606 ⁴¹Ωστε
801 550 930 614 τοὺς
960 549 1192 624 δεσμούς
1231 573 1356 624 μου,
1394 575 1420 602 »
1481 552 1640 628 φησὶ,
1700 575 1728 601 ‹‹
1764 569 1926 627 φανε-

273 641 403 715 ροὺς
448 641 500 695 ἐν
556 645 776 715 Χριστῷ
805 642 1049 716 γενέσθαι
1082 641 1132 695 ἐν
1184 639 1300 712 ὅλῳ
1329 645 1410 712 τῷ
1460 638 1783 712 πραιτωρίῳ
1835 637 1924 692 καὶ

268 735 390 792 τοῖς
421 728 644 792 λοιποῖς
674 733 826 800 πᾶσι,
857 730 946 784 καὶ
977 731 1108 792 τοὺς
1135 728 1389 791 πλείονας
1435 733 1542 783 τῶν
1587 725 1835 804 ἀδελφῶν
1870 727 1920 781 ἐν

269 819 464 894 Κυρίῳ
514 819 861 886 πεποιθόνας,
902 824 1020 880 τοῖς
1083 816 1305 891 δεσμοῖς
1366 838 1470 890 μου
1526 816 1926 892 περισσοτέρως

269 913 494 982 ποΑμᾷν
517 903 739 986 ἀφόϐως
765 909 858 962 τὸν
891 907 1052 981 λόγον
1083 912 1179 961 τοῦ
1211 911 1344 962 Θεοῦ
1371 910 1482 981 (41)
1507 905 1718 961 λαλειν·
1755 931 1782 957 ››
1807 907 1921 961 ἐπεὶ

267 998 358 1054 καὶ
387 998 454 1052 τά
487 997 758 1072 μαρτύρια
810 996 1142 1071 ἐπιστροφῆς
1200 995 1310 1050 ἐστι
1365 992 1804 1070 παραδείγματα,
1838 994 1922 1048 ἐν-

271 1087 427 1160 δόξος
473 1085 796 1162 ἡγιασμένοι.
858 1111 885 1138 ‹‹
919 1087 1057 1142 ’Όσα
1108 1086 1207 1160 γὰρ
1267 1088 1301 1154 ἡ
1358 1086 1577 1161 Γγραφή
1640 1083 1808 1157 λέγει,
1843 1084 1922 1146 εἷς

264 1177 366 1244 τήν
397 1178 505 1247 (42)
538 1176 806 1249 ἡμετέραν
861 1171 1211 1230 διδασκαλίαν
1263 1173 1494 1248 ἐγράφη,
1545 1173 1632 1227 ἶνα
1681 1172 1768 1228 διὰ
1820 1178 1921 1238 τῆς

271 1267 559 1338 ὑπομονῆς
591 1263 680 1318 καὶ
710 1271 812 1332 τῆς
844 1261 1245 1339 παρακλήσεως
1292 1267 1398 1316 τῶν
1435 1267 1660 1339 1’ραφῶν
1689 1265 1790 1330 τήν
1825 1261 1918 1317 ἐλ-

265 1353 396 1408 πίδα
422 1349 640 1427 ἔχωμεν
671 1359 770 1421 τῆς
803 1350 1224 1427 παρακλήσεως.
1255 1377 1282 1403 ››
1313 1353 1498 1407 Ἒοιγε
1531 1349 1588 1406 δέ
1617 1372 1754 1421 πως,
1788 1372 1920 1425 παρ-

268 1443 436 1513 ούσης
468 1438 801 1516 ἀλγηδόνος,
832 1443 867 1509 ἡ
902 1441 1056 1514 ψυχὴ
1105 1439 1277 1495 νεύειν
1333 1441 1423 1494 ἀπ’
1454 1439 1643 1511 αὐτῆς,
1697 1441 1782 1494 καὶ
1837 1441 1921 1494 τί-

271 1555 396 1607 μιον
424 1533 668 1608 ἡγεῖσθαι
727 1532 825 1599 τὴν
883 1529 1206 1604 ἀπαλλαγὴν
1237 1537 1337 1598 τῆς
1368 1528 1649 1604 παρούσης
1698 1525 1915 1599 ὀδύνης.

267 1625 406 1696 Ἀμε
449 1643 494 1676 ει
525 1622 642 1675 κατ’
682 1619 854 1673 ἐκεῖνο
887 1623 1105 1694 καιροῦ,
1151 1619 1240 1673 καὶ
1291 1618 1632 1690 μαθημάτων
1663 1617 1914 1691 ῥᾳθυμεῖ,

2038 461 2172 516 dam
2187 462 2354 532 quasi
2370 462 2990 534 imagines,proposita
3008 462 3230 528 sunt,hi
3242 480 3268 516 s
3281 463 3472 518 verbis
3488 467 3693 518 osten-

2037 550 2505 622 ditApostoluszu
2518 552 2732 606 Utmea
2749 551 2988 605 vincula
3000 551 3225 605 fuerint
3240 552 3301 604 in
3320 552 3549 606 Christo
3565 569 3695 607 ma-

2037 639 2252 694 nifesta
2273 641 2333 694 in
2348 641 2509 695 omni
2534 641 2810 711 praetorio
2829 640 3150 709 etreliquis
3175 639 3472 706 omnibus,
3489 646 3546 694 et
3559 641 3692 711 plu-

2035 744 2131 782 res
2141 728 2354 784 fratres
2366 730 2427 784 in
2443 730 2690 784 Domino
2703 771 2715 794 ,
2732 729 2882 784 conti
2895 729 2941 783 si
2955 729 3106 784 meis
3118 728 3390 794 vinculis,
3407 728 3695 783 auderent

2036 817 2438 874 abundantius
2458 819 2686 890 absque
2711 823 2872 872 metu
2897 817 3059 888 loqui
3091 817 3335 872 verbum
3367 817 3470 871 Dei
3504 817 3580 887 (a)
3607 834 3619 870 :
3663 839 3692 867 »

2035 907 2518 978 quandoquidem
2547 909 2832 979 martyria
2862 923 3097 978 quoque
3141 912 3282 961 sunt
3329 905 3693 976 exemplaria

2034 997 2460 1066 conversionis,
2503 997 2757 1068 gloriose
2805 996 3192 1051 sanctiﬁcata.
3234 1015 3262 1046 α
3307 996 3687 1065 Quaecunque

2035 1087 2216 1153 enim,
2247 1089 2328 1142 ait
2352 1089 2672 1159 Scriptura,
2703 1088 2775 1142 ad
2805 1091 3070 1142 nostram
3103 1087 3434 1142 doctrinam
3469 1087 3690 1156 scripta

2036 1179 2173 1227 sunt
2192 1178 2257 1227 ut
2278 1190 2382 1244 per
2402 1175 2752 1245 patientiam
2778 1180 2836 1228 et
2857 1175 3325 1230 consolationem
3351 1173 3684 1244 Scriptura-

2032 1279 2362 1333 rum,spem
2387 1263 2712 1319 habeamus
2733 1264 3160 1318 consolationis
3177 1264 3272 1330 (b).
3286 1283 3308 1313 υ
3321 1263 3562 1316 Videtur
3577 1279 3683 1317 au-

2031 1356 2149 1405 tem
2171 1351 2217 1405 si
2237 1353 2393 1407 adsit
2409 1353 2579 1407 dolor
2591 1354 2791 1408 anima
2803 1352 3241 1422 quodammodo
3256 1352 3328 1406 ab
3352 1352 3478 1422 ipso
3494 1351 3676 1406 decli-

2032 1456 2175 1494 nare
2199 1445 2257 1494 et
2273 1442 2668 1514 magnifacere
2685 1443 3008 1513 apraasenti
3025 1441 3439 1496 liberationem
3459 1440 3678 1495 moles-

2029 1529 2129 1584 tia.
2167 1529 2274 1584 lllo
2306 1537 2464 1586 certe
2496 1537 2763 1602 tempore
2795 1531 3243 1602 quiescitetiam
3265 1530 3676 1600 adisciplinis,

2029 1619 2266 1688 quando
2281 1619 2413 1674 aliae
2427 1637 2664 1691 quoque
2676 1621 2920 1674 virtutes
2935 1619 3462 1692 negliguntur.l\'on
3477 1625 3675 1673 autem

265 1711 504 1782 ὁπηνίκα
531 1708 620 1764 καὶ
649 1709 703 1762 αἱ
733 1706 900 1762 ἄλλαι
942 1705 1325 1779 ἀπημέληνται
1347 1705 1552 1780 ἀρεταί.
1586 1705 1682 1760 Καὶ
1715 1707 1779 1760 οὐ
1813 1703 1909 1776 δή·

2026 1712 2232 1777 utique
2248 1706 2501 1763 dicimus
2517 1709 2705 1778 ipsam
2720 1709 2840 1780 pati
2855 1709 3297 1763 virtutemmam
3313 1725 3421 1762 nec
3435 1724 3586 1779 aegro
3597 1712 3678 1762 tat

267 1821 372 1853 που
401 1800 499 1867 τήν
529 1796 723 1870 ἀρετὴν
757 1795 926 1862 α·5τήν
957 1795 1188 1868 πάσχειν
1231 1792 1428 1865 φαμέν·
1462 1789 1588 1847 οὐδὲ
1633 1792 1737 1867 γὰρ
1768 1798 1918 1848 νοσεῖ

263 1891 298 1958 ἡ
334 1888 518 1963 ἀρετή·
555 1887 582 1941 6
609 1883 666 1940 δὲ
695 1885 900 1962 ἀμφοῖν
936 1881 1314 1957 μετεσχηκὼς,
1349 1882 1546 1953 ἀρετῆς
1594 1884 1684 1935 καί
1727 1882 1913 1952 νόσου,

267 1977 372 2032 ὑπὸ
402 1980 497 2030 τοῦ
527 1973 940 2048 κατεπείγοντος
981 1966 1248 2035 θλίϐεται³
1282 1969 1378 2025 κᾶν
1416 1971 1492 2042 μή
1541 1969 1914 2045 καταμεγαλο-

264 2069 480 2141 φρενῶν
507 2083 651 2138 τυχῃ
683 2063 710 2117 6
746 2060 976 2134 μηδέπω
1005 2062 1105 2128 τήν
1132 2058 1238 2132 ἕξιν
1270 2066 1370 2128 τῆς
1415 2059 1728 2135 ἐγκρατείας
1759 2080 1915 2136 περι-

263 2155 668 2226 ποιησάμενος,
717 2149 1006 2223 ἐξίσταται,
1034 2147 1156 2203 *ίσον
1205 2169 1264 2203 τε
1309 2147 1611 2224 εὑρίσκεται
1660 2152 1738 2220 τῷ
1785 2149 1915 2226 φεύ-

262 2266 375 2320 γειν
407 2244 470 2299 τὸ
505 2244 580 2316 μή
614 2241 676 2297 οὗ
708 2241 1018 2312 ὑπομεῖναι,
1052 2240 1108 2294 Ὀ
1141 2236 1197 2293 δὲ
1238 2237 1398 2300 αὐτὸς
1432 2236 1598 2313 λόγος
1644 2238 1735 2293 καὶ
1789 2238 1914 2314 περὶ

261 2333 466 2395 πενίας·
501 2332 614 2386 ἐπεὶ
648 2333 735 2385 καὶ
786 2329 920 2397 αύτή
979 2333 1086 2383 τῶν
1137 2327 1467 2402 ἀναγκαίων,
1501 2331 1599 2392 τῆς
1661 2325 1912 2400 θεωρίας,

264 2422 432 2499 λέγω,
493 2421 584 2477 καὶ
636 2421 736 2489 τὴς
795 2424 1032 2491 καθαρᾶς
1087 2416 1516 2494 ἀναμαρτησίας,
1570 2414 1910 2491 ἀπασχολεῖν

268 2514 507 2589 βιάζεται
537 2511 636 2579 τὴν
669 2510 878 2585 ψυχὴν,
912 2508 1035 2582 περὶ
1077 2507 1206 2569 τοὺς
1257 2505 1563 2581 πορισμοὺς
1615 2499 1911 2579 διατρίϐειν

265 2602 660 2676 ἀναγκάζουσα,
691 2599 782 2652 τὸν
823 2599 897 2670 μή
931 2596 1062 2652 ὅλον
1109 2597 1295 2651 ἑαυτὸν
1347 2593 1416 2650 δι’
1468 2593 1684 2668 ἀγάπης
1725 2592 1913 2646 ἀνατε-

264 2691 478 2754 θεικότα
533 2693 613 2758 τῷ
670 2691 806 2758 Θεῷ·
842 2687 1025 2759 ὥσπερ
1057 2681 1294 2757 ἔμπαλιν
1343 2683 1379 2750 ἥ
1419 2680 1487 2736 ¹τε
1547 2680 1717 2756 ὑγίεια
1754 2679 1844 2733 καὶ
1873 2681 1908 2748 ἠ

259 2783 368 2832 τῶν
398 2774 716 2845 ἐπιτηδείων
760 2773 986 2850 ἀφθονία
1035 2770 1321 2843 ἐλευθέραν
1372 2769 1462 2822 καὶ
1512 2764 1910 2839 ἀνεμπόδιστον

261 2863 520 2943 φυλάσσει
549 2865 648 2930 τὴν
681 2863 888 2936 ψυχὴν,
924 2860 1014 2914 καὶ
1065 2857 1120 2912 εὖ
1171 2862 1408 2932 χρῆσθαι
1449 2859 1562 2930 (43)
1591 2861 1710 2916 τοῖς
1767 2875 1908 2943 παρ-

259 2942 375 3010 οῦσι
417 2953 802 3027 γινώσκουσαψ
858 2974 885 3000 ‹‹
918 2947 1111 3020 Θλίψιν
1168 2947 1276 3019 (44)
1319 2945 1444 3021 γὰρ,
1491 2943 1654 3018 φησὶν
1685 2945 1713 2998 6
1745 2942 1912 3000 Ἀπό-

258 3042 472 3111 στολος,
504 3046 572 3115 τῇ
624 3039 778 3113 σαρκὶ
807 3035 1015 3112 ἕξουσιν
1069 3036 1119 3090 οἱ
1173 3038 1435 3092 τοιοῦτοι.
1489 3034 1629 3108 Ἐγὼ
1663 3031 1719 3088 δὲ
1751 3033 1902 3105 ὑμῶν

257 3130 540 3212 φείδομαι·
572 3129 717 3185 θέλω
745 3128 846 3204 γὰρ
892 3127 1032 3199 ὑμᾶς
1089 3124 1424 3198 ἀμερίμνους
1483 3126 1621 3178 εῖναι
1679 3123 1813 3194 πρὸς
1841 3123 1904 3177 τὸ

259 3223 541 3299 εὔσχημον
572 3220 661 3276 καὶ
695 3215 1023 3294 εὐπάρεδρον
1072 3221 1152 3288 τῷ
1181 3216 1368 3288 Κυρίῳ
1398 3214 1834 3289 ἀπερισπάστως,
1870 3237 1898 3264 ››

257 3313 476 3369 Τούτῶν
503 3312 594 3366 οὖν
619 3309 896 3364 ἀνθεκτέον
931 3305 992 3361 ού
1026 3303 1098 3360 δι’
1139 3303 1294 3376 αὐτὰ,
1345 3303 1489 3358 ἀλλά
1514 3300 1602 3358 διά
1629 3303 1692 3358 τὸ
1725 3307 1902 3376 σῶμα·

257 3405 292 3473 ἡ
329 3400 385 3457 δὲ
412 3405 509 3456 τοῦ
541 3401 794 3472 σώματος
835 3394 1122 3468 ἐπιμέλεια
1165 3391 1254 3448 διὰ
1309 3393 1408 3462 τήν
1437 3394 1622 3467 ψυχὴν
1682 3392 1904 3467 γίνεται,

260 3493 342 3570 ἐφ’
371 3491 438 3560 ἢν
469 3493 503 3560 ἡ
537 3488 800 3565 ἀναφορά.
837 3488 922 3542 Ἐν
953 3485 1123 3559 ταύτῃ
1154 3484 1258 3559 γὰρ
1312 3487 1498 3556 μαθεῖν
1551 3481 1760 3555 ἀνάγκη
1811 3482 1905 3570 τὸν

258 3565 574 3658 γνωστικῶς
613 3575 1034 3646 πολιτευόμενον
1093 3573 1160 3627 τὰ
1215 3573 1578 3645 προσήκοντα⁶
1612 3569 1727 3624 ἐπεὶ
1757 3565 1819 3623 τό
1848 3590 1908 3644 γε

259 3673 335 3745 μὴ
397 3673 532 3724 εἶναι
587 3668 689 3736 τήν
744 3662 950 3735 ἡδονὴν
1008 3663 1204 3739 ἀγαθὸν
1267 3659 1649 3733 ὡμολόγηται,
1701 3658 1760 3714 ἐκ
1809 3662 1907 3713 τοῦ

257 3761 426 3821 κακὰς
458 3755 590 3813 εἶναί
620 3776 768 3818 τινας
827 3753 1047 3823 ἡδονάς·
1105 3750 1285 3821 τούτῳ
1335 3753 1417 3820 τῷ
1477 3748 1625 3824 λόγῳ
1679 3748 1908 3826 ἀναφαί-

253 3869 399 3903 νεται
428 3849 490 3904 τὸ
522 3847 718 3923 ἀγαθὸν
750 3842 935 3913 κακὸν,
965 3839 1054 3896 καὶ
1105 3840 1168 3894 τὸ
1198 3838 1362 3892 κακὸν
1413 3833 1634 3913 ἀγαθόν.
1687 3838 1908 3892 Ἔπειτα

256 3935 332 4006 δὲ,
393 3938 438 3992 εἰ
494 3936 645 3996 τινας
680 3934 774 4006 μὲν
825 3929 1129 4005 αἱρούμεθα
1182 3931 1292 3982 τῶν
1347 3923 1587 3996 ἡδονῶν,
1646 3925 1797 3987 τινάς
1850 3923 1908 3979 δὲ

254 4025 560 4104 φεύγομεν,
613 4023 674 4078 ού
731 4027 875 4076 πᾶσα
916 4016 1092 4089 ἡδονῆ
1145 4014 1363 4091 ἀγαθόν.
1419 4013 1670 4104 Ὁμοίως
1719 4011 1906 4104 δεκαί

254 4103 343 4171 ἐπὶ
376 4119 484 4169 τῶν
518 4110 836 4188 ἀλγηδόνων
869 4110 896 4162 6
928 4107 1088 4168 αὐτὸς
1149 4104 1336 4180 λόγος,
1370 4104 1443 4156 ὧν
1475 4103 1568 4165 τὰς
1622 4103 1716 4176 μὶν
1772 4103 1906 4158 ὑπο-

256 4205 514 4278 μένομεν,
571 4204 667 4261 τάς
727 4197 784 4253 δὲ
841 4196 1129 4272 φεύγομεν.
1174 4195 1235 4248 Ἡ
1268 4191 1324 4247 δὲ
1355 4190 1558 4266 α’ίρεσις
1614 4192 1704 4246 καὶ
1761 4194 1903 4266 φυγή

251 4294 370 4347 κατ’
403 4292 710 4360 ἐπιστήμην
765 4287 990 4359 γίνεται·
1051 4283 1189 4336 ὥστε
1245 4281 1343 4349 τὴν
1397 4280 1706 4353 ἐπιστήμην
1767 4281 1903 4335 εἶναι

249 4379 312 4436 τό
347 4379 565 4455 ἀγαθὸν,
596 4376 657 4431 ού
696 4377 795 4445 τὴν
847 4371 1075 4442 ἡδονὴν,
1123 4371 1192 4425 δι’
1248 4370 1314 4439 ἢν
1362 4369 1504 4424 ἔστιν
1565 4368 1654 4424 ὅτε
1683 4369 1772 4424 καὶ
1802 4371 1900 4438 τὴν

2023 1795 2348 1851 virtus.Sed
2364 1803 2561 1853 tamen
2577 1799 2676 1868 qui
2694 1798 3105 1868 estutriusque
3119 1798 3413 1868 particeps
3427 1802 3485 1852 et
3500 1797 3676 1850 virtu-

2024 1884 2099 1938 tis
2119 1885 2400 1953 etmorbi,
2417 1887 2650 1958 urgenti
2666 1887 2868 1941 dolore
2883 1887 3175 1957 premitur
3194 1904 3206 1953 ;
3227 1893 3285 1940 et
3299 1887 3344 1939 si
3362 1903 3483 1940 non
3499 1885 3676 1940 fuerit

2022 1974 2220 2044 magni
2237 1979 2292 2028 et
2305 1975 2522 2029 excelsi
2541 1976 2748 2042 animi,
2763 1975 2865 2046 qui
2883 1975 3152 2030 nundum
3168 1975 3551 2029 continentiae
3569 1974 3672 2027 ha-

2021 2061 2212 2117 bitum
2241 2062 2304 2126 is
2333 2065 2667 2134 acquisivit,
2701 2065 2830 2119 loco
2861 2065 3143 2135 pellitur;
3178 2070 3236 2118 et
3281 2064 3471 2119 instar
3517 2063 3668 2134 fugas

2021 2152 2322 2206 invenitur
2339 2170 2459 2208 non
2477 2153 2784 2210 tolerasse.
2809 2154 3026 2208 Eadem
3051 2158 3140 2208 est
3160 2159 3358 2208 autem
3379 2153 3557 2207 etiam
3579 2169 3673 2206 ra-

2022 2241 2103 2295 tio
2131 2241 2203 2296 de
2234 2249 2602 2312 paupertate.
2637 2245 2780 2297 Nam
2813 2243 2941 2314 ipsa
2971 2259 3206 2313 quoque
3237 2259 3270 2296 a
3295 2241 3672 2306 necessariis,

2022 2330 2548 2400 contemplatione,
2572 2331 2836 2400 inquam,
2864 2337 2920 2384 et
2942 2347 3092 2402 pura
3109 2331 3332 2401 peccati
3350 2330 3672 2397 amotione,

2021 2434 2254 2473 cessare
2286 2420 2442 2491 cogit
2469 2419 2756 2487 animam,
2789 2424 2855 2472 ut
2885 2436 3018 2488 qua)
3050 2419 3112 2472 in
3143 2419 3298 2472 victu
3347 2416 3670 2487 quaarendo

2018 2504 2237 2558 versari
2273 2521 2409 2559 eum
2437 2511 2624 2576 cogat,
2661 2506 2762 2574 qui
2793 2522 2913 2559 non
2948 2521 3011 2559 se
3036 2511 3220 2559 totum
3247 2506 3364 2558 Deo
3395 2522 3501 2574 per
3521 2504 3675 2558 dile—

2019 2593 2277 2647 ctionem
2309 2594 2669 2648 dedicaverit
2697 2615 2711 2659 ;
2738 2595 2891 2648 sieut
2913 2611 3121 2649 rursus
3141 2594 3364 2648 sanitas
3387 2600 3444 2648 et
3463 2611 3664 2649 rerum

2019 2682 2492 2736 necessariarum
2521 2681 2693 2752 copia
2725 2683 2974 2737 liberam
3007 2683 3263 2738 custodit
3289 2685 3568 2749 animam,
3603 2689 3668 2738 ut

2019 2786 2149 2838 qua;
2182 2769 2418 2826 nullum
2446 2770 2662 2826 habeat
2691 2770 3210 2843 impedimentum,
3239 2778 3298 2827 et
3327 2773 3474 2827 sciat
3504 2777 3663 2826 recte

2017 2859 2102 2914 uti
2135 2861 2311 2916 rebus
2357 2862 2772 2933 praesentibus.
2822 2886 2850 2913 «
2901 2863 3366 2918 Tribulationem
3417 2886 3445 2913 »
3501 2863 3664 2918 enim

2017 2970 2046 2999 «
2079 2950 2274 3004 carnis
2296 2950 2620 3017 habebunt,
2658 2974 2685 3002 »
2717 2953 2914 3024 inquit
2945 2953 3286 3025 Apostolus,
3321 2975 3349 3003 «
3391 2953 3492 3024 qui
3525 2958 3665 3007 sunt

2018 3039 2382 3110 hujusmodi.
2433 3043 2548 3113 Ego
2599 3047 2797 3097 autem
2842 3043 3009 3097 vobis
3057 3060 3275 3113 parco;
3327 3043 3453 3098 volo
3503 3043 3662 3097 enim

2016 3145 2118 3182 vos
2149 3145 2278 3183 esse
2310 3146 2432 3184 non
2463 3129 2770 3197 sollicitos,
2803 3136 2868 3185 ut
2893 3131 3104 3187 decore
3149 3137 3208 3186 et
3255 3133 3500 3188 honeste
3548 3133 3666 3187 Do-

2015 3218 2178 3272 mino
2213 3218 2504 3274 indivulse
2535 3218 2848 3274 assideatis
2869 3221 2962 3290 (c).
3000 3241 3027 3269 »
3051 3221 3185 3274 Haec
3215 3227 3352 3276 sunt
3384 3237 3519 3294 ergo
3541 3238 3666 3277 am-

2017 3305 2351 3377 plectenda,
2385 3324 2505 3362 non
2554 3313 2797 3379 propter
2846 3325 2928 3375 se,
2983 3308 3084 3363 sed
3126 3315 3369 3380 propter
3407 3327 3664 3382 corpus:

2016 3395 2271 3450 habetur
2300 3402 2498 3452 autem
2539 3414 2681 3452 cura
2712 3397 2974 3468 corporis
3005 3402 3246 3469 propter
3275 3399 3556 3466 animam,
3591 3399 3666 3455 ad

2018 3501 2196 3554 quam
2238 3485 2302 3540 fit
2330 3485 2561 3541 relatio.
2596 3487 2713 3541 Hac
2746 3487 2906 3540 enim
2929 3503 3106 3542 causa
3128 3503 3372 3542 necesse
3396 3492 3485 3542 est
3505 3504 3664 3556 eum,

2019 3574 2119 3643 qui
2152 3575 2330 3629 vitam
2361 3576 2624 3647 gnostice
2656 3577 2933 3642 instituit,
2966 3576 3195 3631 discere
3228 3576 3370 3647 quid
3419 3577 3497 3631 sit
3523 3593 3667 3632 con-

2015 3663 2300 3718 veniens:
2329 3681 2467 3719 nam
2499 3665 2723 3719 bonum
2757 3665 2997 3735 quidem
3047 3681 3168 3719 non
3221 3682 3349 3720 esse
3397 3666 3666 3736 volupta-

2015 3757 2157 3818 tem,
2191 3757 2353 3822 patet
2380 3769 2452 3807 ex
2473 3770 2562 3819 eo,
2589 3752 2747 3822 quod
2774 3753 2945 3808 malas
2968 3753 3088 3807 sint
3108 3771 3379 3825 quaeqam
3396 3755 3666 3826 volupta-

2015 3844 2142 3907 tes;
2177 3841 2443 3911 alioquin
2492 3841 2602 3896 hac
2648 3841 2877 3896 ratione
2918 3841 3215 3898 videretur
3261 3842 3482 3898 bonum
3533 3861 3662 3900 esse

2016 3929 2263 4000 malum,
2280 3934 2337 3984 et
2352 3930 2576 3984 malum
2596 3930 2839 3985 bonum.
2856 3932 3148 3986 Prmterea
3159 3938 3357 3986 autem
3372 3934 3417 3987 si
3433 3933 3662 4003 aliquas

2018 4019 2260 4090 quidem
2275 4021 2606 4090 expetimus
2620 4021 3212 4092 voluptates,aliquas
3230 4039 3366 4076 vero
3379 4021 3660 4095 fugimus,

2016 4113 2143 4162 tum
2176 4125 2294 4163 non
2329 4114 2418 4163 est
2438 4110 2662 4179 qumvis
2691 4109 2962 4180 voluptas
2983 4110 3224 4164 bonum.
3259 4111 3543 4165 Similiter
3567 4129 3666 4166 au-

2016 4202 2134 4251 tem
2166 4197 2374 4252 eadem
2397 4214 2654 4268 quoque,
2683 4203 2772 4252 est
2794 4198 2943 4252 ratio
2967 4199 3028 4252 in
3051 4199 3377 4265 doloribus,
3412 4217 3664 4270 quorum

2015 4284 2163 4340 alios
2195 4285 2438 4356 quidem
2470 4287 2812 4354 toleramus,
2864 4286 3014 4342 alios
3061 4304 3195 4342 vero
3246 4287 3523 4359 fugimus.
3576 4290 3666 4343 Fit

2015 4379 2214 4428 autem
2247 4375 2456 4430 electio
2484 4380 2541 4429 et
2570 4375 2706 4448 fuga
2736 4392 2806 4430 ex
2850 4377 3133 4442 scientia;
3181 4394 3248 4432 ac
3280 4365 3528 4447 proinde
3558 4376 3666 4432 bo-

251 4445 411 4525 ποιὰν
446 4445 652 4536 ἡδονὴν
706 4461 1065 4537 αἱρησόμεθα.
1103 4458 1308 4515 Αὐτίκα
1358 4461 1385 4514 ὁ
1439 4457 1641 4532 μάρτυς
1691 4455 1896 4528 ἡδονήν

2025 4479 2156 4516 ium
2181 4469 2288 4530 est,
2315 4480 2438 4518 non
2458 4464 2748 4535 voluptas,
2779 4465 2882 4519 sed
2913 4465 3183 4532 scientia,
3218 4470 3460 4536 pr0pter
3481 4482 3659 4535 quam

251 4560 350 4628 τὴν
386 4555 455 4611 δι’
487 4551 710 4616 ἐλπίδος
743 4552 832 4607 διὰ
854 4558 953 4620 τῆς
991 4547 1273 4623 παρούσης
1320 4545 1592 4618 ἀληδόνος
1644 4548 1897 4622 αἱρεῖται.

2011 4552 2343 4624 voluptates
2374 4553 2660 4623 quasdam
2707 4570 3142 4624 nonnunquam
3192 4553 3487 4626 eligimus.
3532 4556 3660 4610 Jam

335 4675 398 4738 >X¢
429 4677 491 4730 P.
523 4676 626 4730 5’73
685 4674 792 4728 ΕΙ).
838 4671 1132 4735 POTTER,
1180 4669 1282 4722 483
1330 4668 1448 4724 ΕΙ).
1485 4666 1685 4721 PARS.
1744 4666 1819 4737 (a)
1880 4667 1909 4720 Ε

2025 4668 2097 4739 ip.
2129 4685 2164 4736 ι,
2203 4669 2288 4739 13,
2350 4671 2439 4726 14.
2505 4670 2580 4741 (b)
2637 4672 2802 4726 Rom.
2863 4687 2954 4740 xv,
2985 4673 3038 4724 4.
3072 4671 3143 4741 (c)
3177 4674 3199 4723 l
3229 4671 3358 4726 Cor.
3411 4688 3508 4737 vn,
3564 4674 3659 4742 28,

251 4753 340 4819 32,
374 4751 462 4803 35.

252 4876 494 4936 πλοῦτος
550 4871 708 4928 αὐτὸν
767 4868 1054 4947 ἐφύσησεν,
1122 4863 1244 4922 οὕτε
1305 4867 1465 4947 πενία
1523 4868 1897 4926 ἐταπείνωσεν.

257 4972 285 5001 ‹‹
317 4951 530 5004 Beatus
562 4947 679 5016 hic,
722 4940 862 5016 licet
915 4943 988 5016 in_
1037 4956 1170 5016 eum
1200 4940 1464 5016 undique
1525 4943 1904 4998 mitterentur

254 5022 503 5093 sagittae,
533 5011 714 5093 tutior
737 5034 805 5093 ac
838 5013 1066 5069 firmior
1086 5011 1480 5093 nihilominus
1503 5016 1898 5093 consistebat;

253 5082 510 5162 cumque
531 5089 735 5160 jacula
773 5082 1235 5162 innumerabilia
1266 5085 1616 5162 excepisset,
1646 5087 1797 5140 nihil
1830 5086 1902 5140 de

253 5155 441 5220 animi
467 5155 680 5216 virtute
704 5157 952 5213 remisit.
989 5161 1110 5208 lmo
1142 5170 1278 5228 vero
1311 5155 1531 5210 diaboli
1563 5158 1900 5228 pharetram

251 5235 549 5300 exhausit,
585 5233 708 5302 ipse
744 5246 876 5284 vero
905 5244 1012 5281 nec
1040 5225 1330 5302 concedit,
1372 5245 1509 5302 nec‘
1535 5225 1734 5284 animo
1785 5230 1897 5284 fra-

249 5313 377 5362 ctus
405 5313 511 5375 est,
538 5297 646 5359 sed
681 5309 962 5372 tanquam
992 5297 1354 5375 gilbernator
1393 5299 1671 5375 optimus,
1706 5318 1899 5375 neque

249 5379 486 5433 furente
501 5369 682 5435 mari.
705 5369 952 5442 seseque
976 5369 1362 5442 offerentibus
1388 5369 1664 5426 fluctibus
1687 5369 1896 5426 obrue-

252 5449 426 5504 batur
453 5468 466 5514 ;
501 5464 694 5518 neque
723 5447 784 5499 in
817 5439 1222 5518 tranquilitate
1254 5447 1429 5510 atque
1479 5443 1730 5518 malacia
1776 5448 1902 5518 erat

255 5511 615 5576 desidiosior
655 5535 667 5572 :
727 5532 932 5588 parem
987 5511 1429 5588 potiusrartem
1488 5514 1563 5568 ad
1619 5515 1900 5585 temporis

255 5592 563 5646 utriusaue
595 5581 919 5645 discrimen
943 5581 1245 5638 aﬂ‘erebat.
1279 5585 1541 5641 COLLECT.

255 5611 443 5646 ULI'IUS
491 5611 563 5646 ue
595 5611 919 5645 (113011111611
943 5611 1245 5638 MUI'UUQL.
1279 5611 1369 5639 UUJ

255 5703 258 5708 -
331 5611 581 5736 (44)(ίΐοῦ
611 5663 766 5719 Θεοῦ.
798 5657 982 5716 Abest
1009 5671 1045 5712 8.
1073 5654 1290 5726 Philip.
1332 5672 1369 5713 ι.

2087 4868 2195 4938 (42)
2223 4867 2519 4942 ’Όσαᾼγᾶρι
2563 4869 2598 4936 ἡ
2648 4865 2834 4942 Γραφῇ
2877 4861 3043 4942 λέγει,
3071 4866 3150 4942 εἷς
3199 4888 3248 4922 τ.
3284 4869 3502 4942 Forsan
3557 4889 3659 4928 au-

2019 4936 2452 5025 ctor.SCri‘psit':
2483 4940 2620 4995 Ὅσα
2655 4936 2782 5011 γὰρ’
2810 4936 3037 5025 ἐγράφη,
3071 4937 3237 5025 λέγει,
3285 4939 3360 5023 εἷς
3407 4963 3465 5025 τ.Δ
3492 4945 3657 5017 Vulg.

2015 5011 2206 5086 Biblia
2264 5014 2432 5086 Rom.
2493 5029 2583 5080 xv,
2643 5011 2961 5086 προεγρᾴφη
3015 5011 3354 5086 habent-lin
3409 5011 3660 5086 utroque

2014 5082 2301 5158 membro.
2335 5077 2585 5158 V_0_x_rﬁ_é
2617 5077 3015 5152 παρακλήσεως
3064 5090 3199 5154 post
3249 5077 3467 5158 ἔχωμεν
3495 5077 3663 5142 ἂῦἒεῐ

2014 5153 2086 5208 ab
2121 5153 2330 5207 iisdem
2362 5154 2509 5208 Bibl.
2545 5155 2816 5208 SYLBURG.

2086 5226 2198 5293 (43)
2232 5221 2334 5277 Καὶ
2368 5222 2423 5277 εὖ
2457 5242 2549 5298 χρ.
2587 5227 2697 5279 Pro
2753 5223 2844 5276 καὶ
2904 5224 3107 5279 malim
3142 5226 3278 5298 τήν,
3337 5233 3404 5282 ut
3451 5245 3660 5282 sensus

2016 5296 2111 5362 sit,
2148 5320 2173 5345 ‹‹
2209 5299 2344 5350 Eam
2370 5296 2653 5362 animam,
2688 5313 2818 5366 quae
2849 5297 3244 5366 praesentibus
3263 5299 3346 5352 uti
3378 5301 3554 5358 norit.
3588 5299 3660 5352 1i-

2014 5368 2217 5423 heram
2250 5374 2307 5422 et
2336 5367 2778 5439 impedimentis
2827 5367 3155 5422 immunem
3188 5386 3294 5438 per
3343 5370 3657 5424 sanitatem

2016 5445 2074 5494 et
2102 5456 2310 5510 rerum,
2335 5440 2737 5495 necessarium
2769 5439 3001 5510 copiam
3034 5439 3319 5509 prmstari.
3356 5463 3383 5489 ››

2083 5511 2196 5580 (44)
2255 5508 2473 5583 Θλίψινμ.
2530 5513 2601 5583 In
2644 5508 3179 5583 unum:conj_ungit
3211 5511 3229 5562 Ι
3260 5510 3390 5564 Cor.
3433 5514 3654 5583 _vn,_28,

2135 5577 2224 5647 33,
2255 5583 2354 5656 ubi
2375 5577 2531 5656 ’θέλω
2563 5577 2620 5635 δὲ
2644 5600 2750 5654 pro
2783 5579 2927 5635 θέλω
2952 5577 3076 5652 γάρ,
3102 5577 3185 5640 :et
3213 5596 3348 5635 mox
3399 5577 3654 5656 εὐπρόσεὲ

2013 5649 2139 5728 δρον
2168 5671 2274 5726 pro
2307 5649 2879 5731 edndpe8pov'exstat.
