4004 6144
298 243 324 292 1
337 236 446 292 237

294 357 464 437 φησὶν
501 359 530 412 6
562 355 868 420 Χαλκιδεύς
906 359 1214 435 Εὐφορίων.

296 475 473 550 Κακρν
503 473 596 550 οὗν
631 473 701 550 ἦν
726 474 788 550 τὸ
811 470 1076 550 Απαίδευμ]
1108 473 1502 550 εῗςλεύανδρίαν

291 549 352 604 Ὁ
383 544 624 608 πλοῦτος
652 544 1041 622 ἀνθρώποισιν,
1076 545 1131 601 α⁹ί
1161 547 1210 601 τ’
1241 544 1632 624 ἄγαν’τρυιξ›οιὶ⁹

297 663 350 718 ἐν
410 668 491 735 τῷ
551 658 892 738 Ἀλεξάνδρῳ
938 663 966 717 6
1019 660 1322 739 Εὐριπίδης
1381 665 1661 721 πεποίκεν.
1722 663 1956 740 Εἴρηται

295 777 378 831 γε,
418 779 446 809 ‹‹
476 757 543 811 Ἡ
571 757 730 809 πενία
759 757 873 827 (51)
904 755 1096 832 σοφίαν
1130 753 1292 830 λάχε,
1326 752 1416 810 διὰ
1443 757 1504 811 τὸ
1538 759 1788 832 συγγενὲς
1821 760 1956 831 (52).

296 845 358 902 Ἃ
389 841 818 923 φιλοχρηματία
869 845 980 916 (53)
1031 840 1088 898 δὲ
1139 845 1203 898 ού
1260 841 1510 919 Σπάρταν
1567 845 1757 919 μόνον,
1811 844 1957 901 ἀλλὰ

293 937 468 988 πᾶσαν
500 931 664 988 πόλιν
696 928 814 986 ἔλοι
844 929 903 985 ἄν
937 956 964 982 ››
996 966 1061 974 -
1104 957 1130 985 ‹‹
1166 928 1373 990 Οὔκουν
1407 937 1517 1008 (54)
1570 935 1739 1008 μόνον
1789 938 1954 990 τοῦτο

290 1022 562 1096 νόμισμα,
622 1019 816 1083 λευκὸς
869 1019 1169 1098 ἅργυροςῆ
1206 1023 1435 1098 χρυσός,
1495 1020 1636 1079 ἔστιν
1695 1023 1952 1080 ἀλλὰκαὶ

289 1115 326 1182 ἡ
358 1111 524 1188 ἀρετή
561 1111 805 1187 βροτοῖς,
839 1133 869 1162 ››
899 1111 973 1174 ὡς
1006 1110 1172 1189 φησὶν
1209 1109 1235 1166 ὁ
1269 1113 1589 1192 Σοφοκλῆς.

1637 240 2086 300 ΒΤΒΟΜΑΤΠΜ
2125 245 2260 297 LIB.
2303 243 2394 297 IV.

1998 370 2054 436 Α
2084 364 2167 420 ait
2195 364 2536 436 Euphorion
2566 364 2971 420 Chalcidensis

3582 243 3729 299 1238

2180 484 2272 539 Nil
2293 485 2459 554 pejus
2490 484 2683 554 opibus
2711 483 3095 552 fortitudinem
3124 483 3277 539 docet

2175 557 2432 609 Homines
2461 555 2715 621 misellos,
2750 557 3034 624 nimiaque
3064 555 3311 610 luxuries
3341 572 3530 624 comes,

2069 671 2217 726 dixit
2244 671 2305 725 in
2356 671 2682 725 Alexandro
2727 671 3058 742 Euripides.
3105 671 3337 726 Dictum
3390 677 3547 726 certe
3591 680 3716 730 est:

2068 782 2096 810 «
2116 760 2456 832 Paupertati
2469 760 2679 832 obtigit
2695 759 2985 831 sapientia
3004 765 3246 832 propter
3262 761 3675 834 cognationem
3701 781 3715 828 ;

2066 866 2235 905 amor
2251 854 2449 905 autem
2467 849 2734 921 pecuniae
2753 866 2873 905 non
2893 848 3088 904 solum
3114 849 3393 920 Spartam,
3417 849 3520 905 sed
3538 849 3717 906 etiam

2065 941 2314 1008 quamvis
2344 940 2532 994 urbem
2561 939 2803 1011 ceperit.
2840 961 2869 988 »
2896 969 2964 979 —
3002 959 3028 992 ι
3051 941 3176 994 Non
3209 944 3298 994 est
3329 956 3463 1012 ergo
3496 939 3592 995 hic
3623 957 3718 995 so-

2064 1027 2189 1083 lum
2241 1045 2546 1097 nummus,
2597 1028 2801 1084 album
2843 1033 3156 1101 argentum
3205 1029 3295 1084 vel
3338 1045 3572 1100 aurum,
3614 1029 3716 1084 sed

2065 1114 2246 1172 etiam
2277 1114 2460 1170 virtus
2489 1114 2864 1185 mortalibus,
2898 1137 2926 1166 »
2959 1119 3025 1171 ut
3053 1114 3139 1171 ait
3169 1115 3508 1188 Sophocles.

1825 1232 2058 1290 CAPUT
2095 1233 2186 1288 VI.

1436 1322 1659 1394 Aliquot
1687 1323 2090 1378 beatitudinum
2122 1322 2311 1390 capita
2330 1324 2577 1393 exponit.

359 1426 421 1483 Ὁ
455 1427 652 1500 Σωτήρ
680 1427 840 1496 ἡμῶν
871 1424 898 1478 ὁ
929 1424 1084 1498 ἅγιος
1111 1421 1201 1478 καὶ
1247 1421 1333 1480 ἒπὶ
1385 1429 1494 1480 τῶν
1540 1425 1945 1496 πνευματικῶν,

2125 1429 2190 1493 ›χ‹
2227 1426 2496 1480 Servator
2524 1429 2724 1481 autem
2755 1429 2959 1480 noster
3008 1424 3111 1480 ille
3158 1430 3419 1494 sanctus,
3469 1429 3594 1480 tum
3640 1425 3714 1481 ad

288 1515 380 1568 καὶ
409 1514 633 1568 ἐπὶτῶν
667 1512 966 1583 αἰσθητῶν,
1014 1513 1113 1580 τὴν
1164 1512 1371 1584 πενίαν,
1401 1513 1490 1568 καὶ
1540 1510 1634 1567 τὸν
1684 1510 1923 1566 πλοῦτον

2058 1514 2413 1586 spiritualia,
2435 1520 2562 1568 tum
2583 1515 2656 1570 ad
2674 1515 2918 1569 sensilia
2933 1513 3249 1585 applicavit
3268 1520 3704 1586 paupertatem,

289 1603 380 1657 καὶ
414 1603 473 1656 τὲ
501 1601 716 1663 τούτοις
746 1601 934 1676 ὅμοια,
967 1594 1163 1672 ἕταξεν’
1223 1601 1390 1656 εἰπὼν
1450 1602 1578 1677 γὰρ,
1613 1624 1641 1652 ιι
1673 1598 1943 1674 Μακάριοι

290 1693 343 1747 οἱ
403 1689 756 1767 δεδιωγμένοι
811 1687 987 1745 ἕνεκεν
1051 1687 1438 1761 δικαιοσύνης,
1476 1714 1504 1741 ››
1562 1694 1747 1762 σαφῶς
1801 1691 1947 1761 ἡμᾶς

291 1779 533 1836 διδάσκει
567 1778 620 1834 ἐν
651 1782 795 1854 πάσῃ
825 1778 1132 1854 περιστάσει
1191 1781 1283 1834 τὸν
1349 1782 1595 1854 μάρτυρα
1627 1783 1830 1847 ζητεῖν·
1863 1778 1943 1845 ὃς,

287 1869 374 1924 ἐὰν
417 1870 658 1944 πτωχὼς
709 1868 745 1943 ᾖ
803 1865 893 1922 διὰ
947 1865 1319 1937 δικαιοσύνην,
1381 1892 1410 1920 ‹‹
1447 1873 1712 1942 μαρτυρεῖ
1762 1870 1944 1939 (55)»

288 1957 638 2027 δικαιοσύνην
695 1957 893 2032 ἀγαθὸν
925 1957 1077 2028 εἶναι,
1109 1958 1178 2027 ἢν
1207 1958 1512 2031 ἠγάπησεν·
1575 1980 1605 2008 «
1636 1954 1734 2011 κᾶν
1760 1958 1941 2028 πεινῇ,

283 2045 380 2102 κᾶν
410 2045 542 2122 διψῇ
578 2045 668 2102 διὰ
698 2045 1073 2117 δικαιοσύνην,
1108 2069 1136 2096 ››
1187 2051 1448 2120 μαρτυρεῖ
1481 2043 1834 2114 δικαιοσύνην
1877 2044 1942 2099 τὸ

285 2135 506 2210 ἄριστοι
561 2137 874 2211 τυγχάνειν.
932 2136 1174 2207 Ὁμείως
1232 2131 1291 2191 δὲ
1320 2135 1409 2190 καὶ
1443 2133 1710 2190 ὁκλαίων
1764 2135 1855 2189 καὶ
1913 2133 1942 2188 6

287 2228 498 2280 πενθῶν
535 2223 624 2280 διὰ
653 2223 1003 2294 δικαιοσύνην
1039 2229 1302 2299 μαρτυρεῖ
1343 2229 1423 2294 τῷ
1470 2221 1739 2299 βελτίστῳ
1787 2221 1942 2296 νόμῳ

285 2316 423 2369 εἶναι
452 2313 632 2386 καλῷ.
666 2315 757 2376 Ὠς
784 2314 875 2368 οὗν
908 2337 936 2364 ‹‹
968 2313 1096 2375 τοὺς
1147 2309 1570 2388 δεδιωγμένους.
1602 2335 1631 2365 ››
1688 2311 1832 2366 οὕτω
1884 2309 1942 2366 δὲ

282 2404 373 2458 καὶ
405 2427 433 2454 ‹‹
464 2403 592 2465 τοὺς
631 2406 927 2464 πεινῶντας
958 2403 1049 2457 καὶ
1096 2400 1224 2464 τοὺς
1281 2398 1552 2476 διψῶντας
1614 2399 1702 2456 διὰ
1733 2399 1943 2457 δικαιο-

289 2492 476 2563 σύνην,
527 2516 556 2545 »
611 2491 912 2567 μακαρίους
957 2490 1126 2566 λέγει,
1175 2493 1204 2546 ὁ
1249 2491 1340 2548 τὸν
1395 2493 1622 2566 γνήσιον
1667 2487 1940 2564 ἀποδεχό-

295 2601 456 2652 μενος
484 2583 655 2646 πόθον
689 2584 823 2654 (56),
855 2581 914 2635 ’ὸν
976 2577 1101 2635 οὐδὲ
1153 2578 1320 2652 λιμὸς
1378 2576 1634 2652 διακόψαι
1693 2577 1938 2652 ἴσχυσεν.

283 2670 393 2725 Κᾶν
456 2694 484 2723 ‹‹
539 2671 640 2739 τήν
710 2667 1060 2736 δικαιοσύνην
1119 2666 1288 2735 αὐτὴν
1347 2671 1595 2736 πεινῶσι,
1659 2667 1938 2740 μακάριοι,

292 2757 551 2831 μακάριοι
583 2782 603 2808 ι
650 2755 708 2810 δὲ
737 2756 826 2810 καὶ
879 2778 907 2805 ‹‹
951 2755 1003 2808 οἱ
1059 2755 1278 2827 πτωχοὶ
1310 2777 1338 2802 ιι
1389 2752 1496 2808 sive
1551 2777 1580 2805 ‹‹
1611 2753 1939 2826 πνεύματι»

2057 1609 2117 1658 et
2132 1603 2385 1670 divitias,
2406 1609 2465 1658 et
2486 1621 2616 1674 quae
2640 1609 2780 1658 sunt
2799 1603 2891 1658 his
2911 1603 3151 1658 similia.
3178 1605 3322 1658 Cum
3348 1605 3505 1658 enim
3529 1603 3701 1659 dixit:

2059 1711 2086 1740 «
2121 1690 2303 1758 Beati,
2324 1691 2426 1760 qui
2447 1691 2925 1761 persecutionem
2948 1691 3258 1760 patiuntur
3279 1695 3521 1761 propter
3534 1691 3710 1760 justi-

2055 1779 2202 1834 tiam
2224 1781 2321 1850 (a),
2355 1801 2384 1828 »
2416 1783 2618 1850 aperte
2649 1796 2758 1834 nos
2782 1779 2976 1846 docet,
3002 1779 3063 1833 in
3088 1779 3251 1834 omni
3275 1796 3416 1834 casu
3439 1796 3704 1849 quaerere

2054 1873 2377 1941 martyrem
2403 1885 2417 1936 ;
2452 1868 2575 1940 qui,
2610 1869 2658 1923 si
2685 1869 2864 1924 fuerit
2884 1885 3111 1941 pauper
3131 1874 3373 1940 propter
3384 1869 3705 1940 justitiam,

2058 1976 2085 2010 α
2105 1961 2354 2013 testatur
2377 1979 2404 2007 »
2423 1973 2554 2012 esse
2575 1957 2821 2025 bonum,
2847 1975 3029 2027 quam
3047 1957 3274 2024 dilexit,
3291 1957 3589 2029 justitiam
3614 1976 3628 2024 ;
3651 1963 3710 2012 et

2055 2047 2103 2102 si
2139 2069 2167 2097 «
2201 2047 2425 2103 esuriat
2453 2051 2513 2102 et
2543 2048 2706 2103 sitiat
2734 2047 3314 2120 propterjustitiam,
3358 2069 3385 2096 »
3409 2047 3707 2119 justitiam

2053 2139 2306 2192 testatur
2319 2153 2446 2192 esse
2463 2138 2774 2208 optimum.
2798 2137 3083 2192 Similiter
3098 2140 3296 2192 autem
3316 2137 3417 2207 qui
3438 2136 3542 2192 flet
3558 2153 3708 2208 quo-

2053 2242 2166 2296 que
2197 2232 2256 2281 et
2286 2225 2448 2297 luget
2475 2231 2718 2296 propter
2751 2225 3070 2296 justitiam,
3124 2229 3372 2280 testatur
3419 2226 3705 2296 optimam

2051 2314 2241 2387 legem
2264 2331 2393 2370 esse
2415 2313 2726 2385 pulchram
2749 2318 2808 2367 et
2834 2313 3169 2369 honestam.
3193 2311 3704 2377 Quemadmodum

2051 2419 2187 2476 ergo
2207 2420 2328 2470 eos,
2355 2425 2374 2452 ι
2399 2403 2499 2473 qui
2518 2401 2996 2473 persecutionem
3014 2401 3342 2472 patiuntur,
3366 2423 3395 2449 »
3417 2401 3500 2456 ita
3521 2401 3699 2457 etiam

2053 2513 2079 2544 α
2113 2492 2213 2562 qui
2238 2492 2512 2546 esuriunt
2531 2496 2590 2544 et
2606 2489 2817 2544 sitiunt
2837 2489 3415 2560 propterjustitiam,
3441 2510 3470 2537 »
3494 2489 3698 2545 beatos

2052 2579 2215 2644 dicit,
2248 2579 2547 2634 sincerum
2598 2577 2933 2649 approbans
2981 2577 3367 2642 desiderium,
3417 2577 3574 2648 quod
3623 2595 3698 2633 ne

2050 2667 2238 2723 fames
2264 2667 2507 2738 quidem
2533 2667 2726 2738 potuit
2746 2667 3131 2739 perfringere.
3155 2669 3226 2722 Et
3255 2667 3304 2721 si
3341 2690 3360 2714 ε
3392 2667 3585 2738 ipsam
3616 2668 3696 2722 si-

2051 2756 2204 2810 tiant
2225 2756 2543 2827 justitiam,
2567 2755 2724 2810 beati
2750 2756 2846 2828 (b).
2876 2756 3037 2811 Beati
3061 2761 3200 2811 sunt
3220 2780 3241 2808 ι
3271 2760 3469 2810 autem
3503 2775 3524 2803 ι
3549 2773 3695 2828 pau-

287 2842 394 2899 εἵτε
425 2842 735 2918 περιουσίᾳ,
771 2840 861 2896 διὰ
908 2839 1256 2910 δικαιοσὺνην
1309 2837 1592 2910 δηλονότι.
1637 2842 1724 2912 Μή
1755 2862 1810 2896 τι
1839 2839 1929 2896 οὗν

2052 2860 2218 2916 peres
2238 2866 2265 2894 »
2286 2861 2542 2916 quoque,
2562 2843 2680 2899 sive
2700 2866 2728 2894 «
2749 2842 2961 2915 spiritu
2975 2844 3065 2917 (c),
3087 2864 3115 2893 »
3140 2844 3259 2900 sive
3282 2827 3694 2900 facultatibus,

345 2967 410 3030 ›ι‹
438 2965 500 3020 P.
534 2965 636 3016 575
669 2962 782 3015 ΕΙ).
814 2961 1107 3029 POTTER,
1130 2961 1234 3014 484
1254 2961 1366 3017 ED.
1400 2960 1630 3016 PARIS.
1665 2960 1742 3033 (a)
1772 2961 1929 3017 Matt]

2052 3004 2058 3028 ,
2092 2965 2178 3017 ιο.
2213 2961 2289 3034 (b)
2318 2961 2468 3017 Ibid.
2499 2963 2554 3019 6.
2588 2961 2665 3034 (c)
2696 2961 2844 3018 Ibid.
2878 2964 2930 3019 3.

351 3079 624 3136 Refertur
649 3095 684 3134 a
713 3077 942 3134 Stobmo
973 3077 1062 3133 tit.
1095 3080 1156 3131 91
1188 3093 1201 3130 :

274 3169 335 3225 Ὀ
361 3163 419 3238 δὲ
449 3166 695 3238 Πλοῦτος
723 3168 893 3238 ἡμᾶς,
926 3162 1178 3238 καθάπερ
1194 3162 1383 3238 ,ἰατρὸς
1412 3164 1600 3236 κακὸς,

275 3236 552 3316 Τυφλοὺς,
589 3230 894 3314 βλέποντας
921 3230 1516 3312 παραλα’6ὼν,’πᾶντας
1547 3230 1713 3296 ποιεῖ.

289 3331 491 3384 Verum
521 3329 731 3383 divitiae
756 3343 874 3395 nos,
903 3344 1002 3383 ceu
1031 3327 1207 3383 malus
1237 3327 1497 3396 medicus,

289 3402 550 3456 Videntes
579 3407 879 3470 assumptos
909 3415 1098 3454 omnes
1136 3405 1428 3454 cremant.

283 3489 581 3561 Euripidis
611 3505 787 3561 porro
807 3489 1103 3561 sententia
1127 3487 1352 3561 ibidem
1373 3488 1677 3561 recitatur,
1696 3487 1798 3561 ubi
1821 3504 1927 3558 pro

281 3556 445 3633 κακὸν
475 3561 546 3633 τὸ,
585 3556 850 3633 παίδευμξ
899 3558 975 3633 είς
1009 3556 1338 3633 εὐανδρίαν,
1389 3560 1624 3633 legitur,
1666 3556 1838 3633 κακόν
1872 3579 1926 3613 τι

287 3631 550 3707 βούλευμ’
581 3629 663 3707 ἄρ’
696 3627 1157 3707 εἷςέύανδρίαν.με
1191 3627 1408 3707 Malum
1439 3627 1581 3707 sane
1609 3627 1928 3707 consilium

283 3703 358 3760 ad
387 3703 797 3760 fortitudinem
831 3703 973 3758 sunt
999 3703 1214 3758 divitiae
1246 3703 1613 3758 hominibus.
1646 3722 1667 3751 ι
1703 3705 1770 3757 In
1801 3719 1929 3758 ma-

280 3777 587 3848 nuscripto
620 3776 833 3831 citatur
864 3775 974 3848 hoc
1006 3775 1326 3848 distichum
1352 3791 1421 3828 ex
1450 3775 1772 3848 Alexandro
1802 3776 1925 3848 Eu-

281 3846 512 3919 ripidis,
537 3865 681 3911 non,
711 3853 775 3900 ut
798 3846 977 3901 habet
1011 3847 1826 3919 impressus,ex‘Aleatandra:
1861 3847 1926 3900 In

281 3911 478 3974 Graeco
503 3911 833 3974 Clementis
864 3923 1008 3982 erat,
1041 3911 1115 3970 ἐν’
1133 3919 1214 3986 τῷ
1238 3911 1574 3989 Ἀλεξάνδρῳ
1601 3912 1925 3989 Εὐριπίδης,

277 3993 337 4044 in
367 3991 680 4046 Alexandro
709 3991 1040 4059 Euripides;
1081 3989 1342 4058 itemque
1374 3988 1647 4058 superius
1677 3988 1826 4043 illud
1857 4005 1927 4042 ex

277 4063 615 4132 Antiphane
662 4061 1122 4131 manuscriptus,
1173 4076 1315 4124 non,
1352 4064 1419 4132 ut
1474 4059 1820 4132 impressus,
1855 4075 1925 4113 ex

275 4130 703 4203 Aristophane;
730 4149 862 4186 cum
885 4130 1000 4202 quo
1023 4147 1144 4186 non
1168 4130 1463 4203 convenit,
1485 4131 1640 4201 quod
1658 4131 1729 4185 de
1753 4131 1923 4185 Pluto

276 4201 643 4259 anativitate
692 4219 846 4256 caeco
895 4201 1075 4256 tradit
1122 4201 1483 4272 Euphorion,
1536 4217 1673 4256 nam
1718 4219 1753 4256 a
1787 4203 1922 4256 Jove

273 4273 858 4353 excmcatnmﬂﬁngit,
907 4273 1277 4353 ροιιιλζιη-..ςηΔ
1316 4273 1434 4353 Ηρο
1481 4272 1706 4353 dictum
1751 4273 1922 4353 Antif

274 4346 489 4416 phanis
516 4347 579 4399 ll.
617 4343 852 4400 Grotius
905 4345 990 4398 sic
1048 4343 1308 4411 exhibet,
1337 4345 1596 4414 Excerpt.
1620 4362 1647 4399 e
1679 4351 1824 4414 trag.
1870 4350 1923 4399 et
1954 4346 1999 4410 Β

274 4433 434 4484 com.,
471 4433 528 4487 p.
562 4417 664 4469 633
700 4431 713 4468 :

892 4485 952 4542 Ὁ
982 4487 1229 4545 Πλοῦτος
1261 4484 1432 4539 πλέον

269 4554 516 4632 Θατέρων
579 4555 882 4630 βλέποντας
937 4551 1274 4630 παραλαϐὼν
1311 4598 1326 4624 ,
1401 4553 1643 4632 τυφλοὺς
1717 4560 1915 4614 ποιοῖ.

341 4647 451 4715 (51)
479 4648 539 4702 Ἦ
569 4644 744 4701 πενία.
779 4647 924 4702 Cum
951 4646 1107 4701 dicto
1139 4645 1212 4702 de
1243 4649 1591 4719 paupertate
1630 4651 1920 4702 consonat

267 4719 381 4773 hoc
411 4719 701 4774 Theocriti
725 4735 737 4771 :

265 4789 327 4844 Ἀ
356 4788 534 4858 πενία,
567 4787 849 4862 Διόφαντε,
886 4788 1024 4860 μόνα
1055 4788 1146 4849 τὰς
1176 4787 1374 4914 τὲἒνας
1402 4785 1616 4863 ἐγείρει.

266 4863 541 4914 SYLBURG.
575 4861 956 4914 Proverbium
988 4867 1097 4914 est.
1124 4877 1239 4914 auo
1312 4860 1612 4914 Zenodotu

266 4863 541 4916 SYLBURG.
575 4860 956 4916 Proverbium
988 4867 1097 4928 est,
1124 4860 1282 4931 quod
1312 4860 1643 4914 ZenodOtus
1674 4860 1816 4915 citat
1844 4877 1914 4915 ex

263 4933 567 5004 Euripide.
600 4933 700 4987 alii
727 4932 996 4987 tribuunt
1025 4931 1284 4987 Aristoni
1310 4949 1323 4986 :
1351 4953 1379 4981 ‹‹
1410 4933 1624 5004 Ignava
1649 4937 1740 5004 est
1767 4948 1914 5004 opu-

264 5003 451 5059 lentia
474 5023 488 5065 :
521 5019 723 5058 verum
754 5004 957 5074 inopia
973 5009 1063 5058 est
1083 5004 1301 5075 artium
1323 5003 1635 5075 repertrix,
1659 5003 1912 5075 ingenii-

265 5021 451 5059 ienua
474 5023 488 5065 :
521 5021 723 5058 verum
754 5021 1063 5074 1nop1aes:
1083 5021 1301 5058 aruum
1323 5021 1635 5128 repertrix,
1659 5021 1912 5075 ingenu-

265 5093 380 5146 que
418 5081 642 5140 venter,
677 5097 705 5124 »
737 5075 820 5128 ait
846 5075 1106 5129 Persius.
1135 5074 1275 5129 Vide
1297 5075 1390 5128 chi
1423 5115 1436 5128 .
1477 5078 1522 5128 l.
1556 5079 1714 5129 cent.
1747 5077 1799 5139 5,
1822 5077 1912 5146 2_2,

265 5144 323 5202 et
353 5147 493 5201 chil.
521 5151 573 5208 2,
605 5151 759 5201 cent.
789 5149 842 5198 ’7.
875 5145 1029 5200 Illud
1060 5146 1313 5200 alterum
1334 5151 1540 5200 natum
1572 5163 1643 5200 ex
1673 5144 1912 5200 oraculo

261 5219 493 5274 reddito
527 5217 831 5289 Cleomeni
861 5222 920 5271 et
940 5217 1348 5289 Theopompo,
1381 5218 1603 5289 Spartaa
1631 5216 1910 5289 gregibus,

262 5295 391 5345 tum
423 5290 665 5346 demum
699 5287 1027 5343 vindendos
1059 5287 1186 5342 esse
1231 5287 1742 5352 Lacedaemonios,
1777 5305 1912 5343 cum

265 5367 568 5441 aurumet
598 5365 908 5432 argentum
966 5360 1027 5412 in
1080 5360 1270 5441 pretio
1297 5360 1626 5441 _ca;p_erint_
1668 5359 1908 5441 habere.

266 5433 571 5505 Sophoclis
619 5431 875 5505 gnomen
918 5431 1238 5505 exscripsit
1293 5432 1356 5485 in
1400 5431 1502 5486 lib.
1535 5447 1555 5486 ι
1590 5433 1662 5485 De
1708 5433 1913 5485 virtute

267 5501 647 5575 Stobaeusei
666 5504 794 5575 ejus
819 5501 1115 5575 (Edipope.
1148 5503 1412 5575 Conmcr.

337 5575 443 5645 (52)
477 5574 574 5629 Διὰ
601 5573 663 5629 τὸ
693 5568 983 5648 ’συγγενὲςῖ
1003 5568 1332 5648 _An_potius
1381 5569 1471 5627 διὰ
1523 5572 1587 5627 τὸ
1616 5568 1911 5648 δυστυᾏὶς,

269 5663 301 5697 α
331 5644 573 5718 prepter
593 5644 1173 5718 infortuniumtnhld
1204 5645 1364 5701 enim
1395 5649 1586 5718 exstat
1612 5644 1771 5718 inter
1789 5645 1912 5700 fra-

268 5715 508 5790 gmenta
570 5719 792 5789 Polyidi
855 5715 1186 5789 Euripidis,
1259 5722 1318 5772 et
1380 5717 1538 5789 apud
1611 5716 1909 5774 Stobmum

2041 3095 2316 3135 sermone
2347 3081 2412 3134 93
2448 3095 2462 3135 :

2150 3185 2436 3257 Πλουτεῖςζ
2468 3181 2613 3257 τᾲλδξ
2641 3179 2786 3239 ἄλλα
2807 3183 2899 3257 ,μὴ
2935 3181 3114 3257 δοξεῖς
3147 3183 3398 3254 ξυνιέναι’

2147 3257 2234 3312 Ἐν
2261 3255 2475 3333 τῷᾳγᾶρ
2509 3250 2975 3333 ὅ-λϐῳῇφαυλρτῃς
2998 3250 3173 3333 ἔνεστί
3200 3278 3306 3333 τις.

2145 3323 2396 3384 Πενίαδὲ
2421 3323 2608 3401 σοφίαν
2640 3323 2812 3403 ἔλαχε
2844 3323 2941 3383 δια
2960 3327 3022 3382 τὸ
3054 3327 3339 3404 δυστυχὲς.

2143 3421 2216 3474 Es
2245 3420 2393 3475 dives
2419 3435 2438 3473 :
2468 3425 2527 3474 at
2547 3420 2650 3474 scis
2671 3426 2879 3489 praeter
2902 3419 3002 3475 hoc
3023 3437 3193 3474 unum
3213 3419 3357 3474 nihil
3389 3436 3402 3487 ;

2144 3491 2210 3545 Id
2237 3491 2422 3546 adesse
2449 3493 2644 3545 vitium
2675 3493 2881 3561 quippe
2904 3492 3112 3546 divitiis
3141 3492 3277 3545 solet
3298 3510 3320 3556 ;

2143 3564 2321 3631 Magis
2348 3563 2495 3616 malo
2533 3569 2724 3616 coacta
2755 3569 3064 3632 paupertas
3093 3565 3259 3632 sapit.

2106 3669 2219 3740 (53)
2253 3667 2316 3742 ’ᾼ
2345 3665 2589 3742 φιλοχρη
2603 3665 2784 3739 ματία.
2813 3669 3153 3742 ᾼΟιζοουιιιιῐι
3184 3669 3254 3724 de
3288 3670 3513 3740 Sparta,
3555 3688 3683 3726 mu-

2037 3744 2157 3812 tato
2189 3739 2385 3804 verbo,
2414 3739 2634 3812 legitur
2673 3740 3244 3812 apud_Plutarchum
3273 3739 3401 3812 pag.
3437 3743 3572 3795 M2:
3613 3743 3677 3799 ’Δ

2036 3807 2783 3884 Φιλοχρηματία-’Σπάρτᾶνλ
2812 3807 2953 3879 ὀλεῖ,
2997 3832 3027 3884 κα
3062 3807 3612 3884 Spartamfperdet:
3648 3835 3675 3864 n

2036 3829 2166 3869 φιΑο
2215 3829 2460 3883 ρηματια
2517 3829 2765 3884 λιπαρταν
2812 3829 2953 3879 οΑει,
3003 3832 3027 3861 α
3062 3829 3330 3882 Spartam
3363 3829 3612 3882 perdet:
3648 3835 3675 3864 n

2035 3829 2296 3939 cumxhic
2328 3879 2570 3956 είῑᾼέλεῖ,
2597 3905 2625 3932 ‹‹
2660 3882 2934 3956 capiet,»
2992 3883 3193 3956 inquit
3235 3883 3501 3956 Sylburg.
3559 3885 3679 3941 Hoc

2035 3955 2342 4028 oraculum
2362 3954 2738 4028 Theopompo
2761 3960 2818 4028 et
2828 3953 3161 4028 Alcameni,
3177 3953 3397 4028 Spartae
3419 3953 3677 4028 regibus,

2033 4026 2330 4080 redditum
2359 4025 2541 4080 fuisse
2573 4025 2754 4080 refert
2783 4025 3134 4080 Plutarchus
3165 4026 3272 4080 sub
3306 4025 3679 4082 ﬁnem'Instti

2035 4104 2280 4151 tutorum
2309 4099 2562 4152 Laconic.
2589 4097 2868 4168 Ejusdem
2900 4098 3303 4153 meminerunt
3324 4099 3502 4152 etiam
3536 4103 3677 4154 Pau-

2034 4169 2231 4223 sanias
2261 4169 2323 4223 in
2355 4170 2608 4223 Baecticis
2637 4185 2767 4240 pag.
2797 4171 2919 4224 591.
2981 4171 3103 4222 592.
3167 4169 3308 4222 edit.
3364 4170 3581 4225 Hanov.
3618 4175 3677 4224 et

2031 4240 2294 4320 {Elianus
2327 4241 2458 4320 V_ar.
2494 4240 2622 4295 hist.
2652 4239 2755 4320 lib.
2789 4256 3047 4320 x1v,_cap.
3078 4240 3274 4306 29,ubi
3306 4241 3675 4320 Lysandrum

2034 4310 2352 4381 Spartanos
2369 4312 2481 4365 hoc
2501 4311 2830 4382 oraculum,
2852 4316 2919 4365 ut
2939 4310 3116 4365 etiam
3134 4316 3494 4382 praeceptum
3517 4312 3677 4382 quod

2030 4382 2326 4454 Lycurgus
2347 4382 2474 4437 auri
2492 4381 2839 4453 argentique
2860 4398 3041 4454 usum
3057 4381 3380 4454 prohibuit,
3409 4381 3674 4437 contem-

2028 4469 2170 4508 nere
2203 4453 2477 4508 docuisse
2493 4457 2862 4525 memorant.
2896 4453 3062 4525 Conf.
3095 4453 3448 4525 Plutarchus
3480 4455 3538 4508 in
3573 4455 3677 4525 Ly-

2027 4525 2263 4580 sandro.
2299 4523 2616 4580 Oraculum
2647 4525 2758 4579 hoc
2787 4524 2964 4579 modo
2993 4524 3229 4596 plenius
3260 4524 3576 4582 scribitur:

2022 4629 2084 4686 Ἃ
2115 4627 2536 4706 φιλοχρηματία
2565 4628 2814 4703 Σπάρταν
2843 4626 2984 4696 ὀλεῖ,
3016 4625 3157 4683 ἄλλο
3190 4625 3248 4683 δὲ
3278 4626 3455 4687 οὐδέν.

2023 4719 2360 4776 Divitian
2390 4737 2543 4776 amor
2573 4721 2831 4792 Spartam
2849 4719 3062 4790 perdet,
3095 4720 3254 4775 aliud
3274 4737 3404 4775 vero
3431 4721 3595 4778 nihil.

2095 4827 2208 4898 (54)
2267 4823 2502 4883 Οὔκουν.
2532 4829 2600 4882 ΙΙΙ
2629 4827 2939 4902 Sophoclis
2986 4826 3126 4902 loco
3158 4827 3208 4883 si
3235 4831 3396 4884 τοῦτο
3445 4846 3669 4902 expun-

2023 4905 2212 4971 gatur,
2249 4903 2502 4955 metrum
2532 4899 2826 4955 constabit
2855 4899 3092 4967 rectius,

2165 4993 2369 5050 Οὔκουν
2406 4997 2569 5070 μόνον
2600 4996 2848 5070 νόμισμα
2878 4992 3360 5070 λευκὸς-ἄργυρος,

2165 5072 2238 5122 ’Ἠ
2273 5068 2476 5142 χρυσός
2504 5066 2678 5136 ἐστιν,
2699 5066 2845 5122 ἀλλὰ
2873 5068 2921 5121 κ’
2949 5066 3113 5141 ἀρετὴ
3137 5066 3392 5144 βροτοῖς.

2023 5166 2296 5242 _SYLBURG_.
2317 5198 2385 5206 —-
2403 5166 2744 5242 verum_ho_s
2764 5182 2967 5221 versus
2990 5184 3020 5221 e
3045 5167 3350 5238 Sophoclis
3373 5171 3581 5242 (Ε’άὶρο
3606 5173 3669 5225 de

2022 5237 2134 5291 hoc
2156 5237 2332 5291 modo
2357 5237 2568 5291 recitat
2597 5237 2862 5293 Stobaeus
2889 5254 3066 5294 serm.
3103 5237 3170 5294 [ε

2166 5328 2357 5409 Οὕ-τοι
2388 5330 2636 5409 νόμισμα
2666 5331 2859 5409 λευκὸς
2890 5330 3126 5409 ἄργυρος
3157 5335 3319 5409 μόνον

2165 5403 2262 5482 Καὶ
2293 5405 2497 5479 χρυσός
2527 5403 2689 5482 ἐστιν.
2722 5405 2866 5460 ἀλλὰ
2881 5403 2946 5482 3c"
2971 5403 3396 5482 ‘dpsrﬁ'ﬂporo‘ic

2163 5476 2427 5551 Νόμισμα
2456 5481 2629 5532 κεῖται
2661 5483 2842 5547 πᾶσιν,
2938 5476 3410 5553 χρῆσθαιάρεών.

2089 5575 2203 5717 (55)
2235 5577 2532 5651 Μαρτυρεῖ.
2566 5576 2793 5632 Alludit
2822 5577 2896 5632 ad
2923 5575 3035 5639 τὸν,
3071 5575 3332 5648 μάρτυρα.

2110 5648 2200 5717 56)
2298 5646 2356 5700 Ὃ
2455 5648 2546 5702 τὸν
2639 5649 2863 5717 γνήσιον
2961 5643 3332 5717 ἀποδεχόμενς

2431 5643 2546 5702 ’τὸν
2628 5649 2863 5736 (γνήσιον
2961 5643 3374 5736 ἀποδεχόμενος
3471 5646 3659 5718 πόθον,

2021 5715 2450 5789 Congruentius
2482 5763 2498 5792 ,
2560 5715 2689 5784 τους
2728 5715 2823 5774 τὸν
2906 5715 3177 5791 γνήσιον”
3209 5715 3658 5796 ἀποδεχομενους
