4004 6144
345 219 487 276 1239

1577 221 1980 276 CLEMEan
2015 220 2515 276 ALEXANDBINI

3619 217 3772 272 1240

346 350 591 418 propter
611 343 910 416 justitiam
932 342 1226 412 videlicet,
1250 346 1375 399 Non
1397 359 1532 415 ergo
1558 344 1827 400 absolute
1848 360 1994 416 pau-

2124 340 2218 417 >6x
2265 340 2414 404 άλῶς
2449 340 2580 403 τοὺς
2607 340 2862 411 πένητας,
2893 339 3045 397 ἀλλὰ
3087 339 3216 402 τοὺς
3271 337 3636 411 ἐθελήσαντας
3681 340 3784 396 διὰ

349 452 545 506 peres,
579 434 684 488 sed
715 451 836 502 eos,
862 433 962 503 qui
985 433 1534 504 propterjustitiam
1556 434 1852 488 Voluerint
1873 434 2000 488 fieri

349 540 663 595 pauperes,
697 539 796 576 eos
827 522 1033 577 beatos
1065 540 1194 578 esse
1218 523 1400 588 dicit;
1429 523 1531 593 qui
1563 523 1792 578 scilicet
1821 523 2004 594 hujus

349 611 559 667 mundi
591 612 846 665 honores
876 617 1382 682 contempserunt,
1403 618 1468 666 ut
1488 611 1709 666 bonum
1733 611 2002 682 acquire-

349 706 518 754 rent:
554 699 800 770 perinde
832 717 899 755 ac
927 717 1026 756 eos
1060 718 1296 772 quoque
1327 701 1429 772 qui
1459 701 1693 756 honesti
1738 701 2002 756 moribus

352 803 410 852 et
435 813 680 869 corpore
706 797 870 852 fuere
903 816 1010 870 per
1039 800 1392 867 castitatem,
1425 799 1736 870 clarosque
1768 804 1825 852 et
1862 798 2003 852 illu-

353 893 526 955 stres,
559 887 660 956 qui
691 893 933 958 propter
953 889 1251 960 justitiom
1284 889 1540 959 provecti
1572 894 1710 942 sunt
1739 888 1812 941 ad
1849 887 2003 941 ﬁlio-

353 993 487 1031 rum
517 976 920 1046 adoptionem,
955 983 1012 1032 et
1041 977 1174 1032 ideo
1199 1000 1226 1028 «
1259 983 1618 1049 acceperunt
1647 981 2001 1048 potestatem

353 1070 419 1119 ut
448 1065 552 1119 lilii
588 1066 690 1120 Dei
724 1067 954 1131 ﬁerent,
990 1072 1049 1120 et
1073 1083 1252 1138 super
1281 1074 1586 1137 serpentes
1633 1073 1691 1120 et
1738 1064 2002 1135 scorpios

354 1153 734 1209 ambularent
764 1159 822 1209 et
851 1155 912 1209 in
939 1155 1240 1210 dzemones
1273 1161 1331 1210 et
1360 1156 1421 1210 in
1453 1155 1770 1210 adversarii
1803 1154 2002 1224 copias

355 1243 730 1298 dominatum
748 1243 1087 1298 obtinerent
1109 1244 1210 1312 (a).
1234 1265 1261 1293 »
1278 1246 1367 1314 Et,
1386 1249 1450 1298 ut
1462 1244 1524 1298 in
1539 1259 1772 1298 summa
1784 1242 2000 1311 dicam,

355 1341 664 1395 Dominica
709 1341 1050 1395 exercitatio
1091 1347 1254 1412 grate
1303 1358 1369 1396 ac
1417 1341 1696 1396 lubenter
1741 1341 2002 1395 animam

355 1427 595 1483 abducit
652 1445 687 1483 a
735 1446 1000 1500 corpore,
1056 1431 1103 1483 si
1151 1430 1391 1500 quidem
1435 1430 1566 1500 ipsa
1620 1446 1856 1500 quoque
1908 1445 2002 1483 se-

354 1517 547 1588 ipsam
578 1517 988 1573 transferendo
1015 1519 1234 1573 avellit.
1265 1541 1293 1568 ‹‹
1327 1519 1434 1584 Qui
1478 1520 1636 1574 enim
1668 1525 1828 1573 amat
1870 1518 2001 1573 ani-

355 1623 515 1661 mam
547 1623 735 1672 suam,
770 1606 978 1678 perdet
1022 1607 1174 1663 208
1208 1607 1411 1662 illam:
1464 1614 1520 1662 et
1569 1608 1669 1678 qui
1719 1607 1999 1678 perdidit,

2113 428 2462 500 δικαιοσύνην
2515 429 2776 506 πτωχοὺς
2830 431 3112 504 γενέσθαι,
3169 429 3400 490 τούτους
3460 429 3778 502 μακαρίζει,

2109 519 2238 581 τοὺς
2291 518 3024 596 καταμεγαλοφρονήσαντας
3100 523 3210 573 τῶν
3294 517 3521 582 ἐνταῦθα
3588 524 3773 591 τιμῶν

2113 608 2190 670 εἷς
2222 610 2574 680 περιποίησιν
2621 609 2874 684 τάγαθοῦ⁸
2926 607 3136 680 ὁμοίως
3170 604 3230 662 δὲ
3261 607 3351 661 καὶ
3385 605 3512 668 τοὺς
3565 607 3776 670 καλούς

2109 695 2173 751 τὸ
2200 697 2333 765 ἦθος
2363 697 2454 751 καὶ
2482 698 2544 752 τὸ
2598 702 2758 770 σῶμα
2789 695 2860 751 δι’
2912 695 3123 770 ἁγνείαν
3171 697 3521 769 γενομὲνους,
3551 696 3678 757 τοὺς
3713 717 3779 751 τε

2111 785 2345 861 εὐγενεῖς
2375 787 2466 840 καὶ
2497 783 2769 856 ἐνδόξους,
2801 785 2932 849 τοὺς
2963 783 3052 840 διὰ
3082 783 3433 856 δικαιοσύνην
3468 785 3545 849 είς
3589 787 3775 839 υἱοθεο

2112 875 2230 928 σίαν
2289 872 2671 945 ἐληλακότας,
2728 875 2818 929 καὶ
2878 871 2969 929 διὰ
3022 879 3184 930 τοῦτο
3241 873 3598 950 «είληιιςότας
3659 878 3776 946 (57)

2111 962 2349 1033 ἐξουσίαν
2397 964 2558 1018 τέκνα
2609 968 2743 1019 Θεοῦ
2796 963 3064 1039 γενέσθαι,
3095 963 3185 1018 καὶ
3241 961 3419 1018 ἐπάνω
3469 960 3644 1041 ὄφεων
3677 963 3773 1018 καὶ

2110 1052 2386 1126 σκορπίων
2447 1058 2788 1129 περιπατεῖν,
2823 1075 2853 1108 υ
2909 1052 3180 1128 κυριεύειν
3240 1074 3295 1107 τε
3346 1053 3436 1107 καὶ
3485 1050 3769 1124 δαιμόνων

2109 1141 2199 1195 καὶ
2229 1145 2328 1206 τῆς
2363 1166 2391 1192 ‹‹
2422 1145 2520 1196 τοῦ
2577 1141 2984 1215 Ἀντικειμένου
3027 1147 3281 1216 στρατιᾶς
3330 1166 3358 1193 ››
3420 1142 3516 1196 Καὶ
3549 1141 3699 1203 ὅλως
3733 1144 3766 1211 ἡ

2110 1230 2359 1303 Κυριακή
2421 1231 2647 1301 ἄσκησις
2708 1232 2901 1306 ἀπάγει
2949 1232 3052 1300 τήν
3111 1233 3299 1304 ψυχὴν
3358 1235 3454 1285 τοῦ
3513 1232 3769 1303 σώματος

2111 1317 2454 1392 εὐχαρίστως
2487 1361 2502 1388 ,
2561 1317 2670 1395 ε’ίγε
2719 1320 2810 1374 καὶ
2867 1320 3003 1389 αὐτὴ
3063 1319 3231 1389 αὐτὴν
3289 1321 3424 1374 κατά
3485 1321 3766 1392 μετάθεσιν

2113 1406 2351 1476 ἀποσπᾷ.
2387 1430 2413 1461 α
2445 1409 2507 1465 Ὀ
2536 1409 2638 1482 γὰρ
2679 1407 2814 1482 ἐρῶν
3027 1408 3126 1476 τήν
3176 1410 3366 1482 ψυχὴν
3413 1406 3577 1462 αὐτοῦ
3625 1408 3767 1462 ἀπο-

2113 1492 2257 1548 λέσει
2314 1495 2504 1565 αὐτήν
2567 1495 2659 1550 καὶ
2718 1497 2746 1550 ὁ
2803 1495 3076 1557 ἀπολέσας
3131 1496 3349 1570 εὑρήσει
3405 1495 3590 1565 αὐτὴν·
3627 1521 3652 1548 ››
3701 1495 3770 1565 ἢν

2119 1582 2282 1638 μόνον
2324 1584 2386 1638 τὸ
2420 1585 2682 1658 ἐπίκηρον
2740 1587 2902 1657 ἡμῶν
2962 1579 3316 1657 ἐπιϐάλωμεν
3375 1588 3443 1658 τῇ
3498 1583 3598 1640 τοῦ
3628 1589 3767 1639 Θεοῦ

355 1695 620 1750 inveniet
649 1671 838 1766 ipsa-m
863 1696 938 1767 (b)
963 1713 977 1761 ;
1015 1717 1042 1746 ››
1068 1696 1116 1750 si
1139 1696 1313 1750 modo
1337 1671 1605 1751 nostrain
1623 1671 2002 1767 fragilitatem

2124 1673 2400 1747 ὶφθαρσίᾳ.
2435 1672 2662 1747 Θέλημα
2703 1671 2760 1729 δὲ
2801 1678 2898 1728 τοῦ
2957 1678 3113 1748 Θεοῦ,
3144 1673 3433 1750 ἐπίγνωσις
3480 1679 3578 1729 τοῦ
3609 1678 3770 1744 Θεοῦ,

2124 1760 2144 1780 Π
2293 1761 2306 1780 Ἰ
2385 1762 2397 1780 κ
2663 1763 2674 1780 Ι
2774 1763 2788 1780 ἦ
2841 1765 2865 1780 Λ
2985 1762 2996 1780 Ι
3163 1763 3222 1780 ειΊ
3347 1763 3358 1780 Ι
3510 1762 3524 1780 Ἷ
3711 1765 3722 1780 1

355 1783 724 1854 applicemus
754 1783 827 1838 ad
860 1783 962 1837 Dei
994 1783 1521 1856 incorruptionem.
1547 1785 1649 1838 Dei
1682 1790 1879 1838 autem
1910 1799 2005 1837 vo-

355 1871 555 1926 luntas
589 1878 697 1937 est,
729 1879 794 1926 ut
817 1874 1000 1926 Deum
1032 1889 1443 1943 agnoscamus,
1470 1890 1588 1943 qua
1612 1873 1842 1927 ratione
1875 1872 2002 1943 ejus

357 1960 822 2031 incorruptionis
853 1961 1171 2031 participes
1203 1963 1444 2016 erimus.
1465 1962 1572 2026 Qui
1597 1978 1733 2033 ergo
1756 1977 1862 2032 per
1882 1977 2001 2031 pae-

357 2048 627 2102 nitentia:
650 2049 942 2104 rationem
965 2050 1353 2120 peccatricem
1376 2050 1645 2121 agnoscit
1665 2072 1693 2100 «
1718 2050 2003 2117 animam,

356 2145 566 2216 perdet
595 2168 622 2196 ››
655 2147 844 2218 ipsam
878 2164 912 2202 a
941 2154 1204 2218 peccato,
1235 2165 1270 2202 a
1299 2165 1414 2218 quo
1442 2154 1532 2202 est
1551 2147 1785 2213 avulsa;
1811 2168 1837 2199 α
1872 2163 2004 2217 per-

357 2235 542 2290 ditam
558 2258 586 2286 ››
605 2243 804 2292 autem
827 2260 854 2288 ‹‹
877 2237 1138 2292 inveniet
1159 2259 1188 2287 »
1210 2255 1317 2309 per
1337 2237 1760 2308 obedientiam,
1785 2242 1850 2291 ut
1873 2253 2004 2307 quas

353 2324 492 2380 ﬁdei
525 2326 766 2396 quidem
797 2327 1095 2394 revixerit,
1130 2333 1364 2382 mortua
1393 2333 1591 2382 autem
1623 2330 1701 2382 sit
1741 2331 2000 2398 peccato.

352 2418 472 2469 Hoc
503 2422 592 2470 est
617 2432 752 2488 ergo
786 2417 1050 2472 invenire
1082 2418 1366 2482 animam,
1397 2439 1424 2467 «
1457 2434 1634 2472 nosse
1666 2417 1946 2487 seipsum.
1974 2435 2004 2465 ››

355 2513 496 2566 Eam
520 2519 738 2582 autem,
763 2531 894 2585 quae
919 2515 985 2569 ﬁt
1001 2513 1073 2569 ad
1091 2514 1309 2582 divina,
1331 2515 1800 2581 conversionem,
1823 2507 2002 2568 Stoici

357 2601 598 2671 quidem
629 2603 837 2658 dicunt
868 2603 1019 2658 ﬁieri
1073 2621 1179 2674 per
1219 2605 1538 2676 quamdam
1589 2603 2004 2672 mutationem,

357 2689 500 2745 dum
531 2691 734 2747 anima
763 2697 1027 2747 mutatur
1053 2693 1126 2748 ad
1157 2694 1509 2764 sapientiam
1536 2711 1550 2760 ;
1584 2692 1750 2747 Plato
1781 2697 2002 2758 autem,

357 2809 385 2838 «
418 2789 634 2844 animae
657 2789 730 2844 ad
752 2790 1004 2844 meliora
1023 2791 1566 2860 circumactionem,
1592 2796 1650 2846 et
1679 2789 2009 2846 conversio-

355 2893 492 2931 nem
525 2895 597 2932 ex
626 2884 917 2933 nocturno
951 2879 1208 2949 quodam
1242 2879 1356 2934 die.
1393 2901 1421 2930 »ι
1451 2880 1659 2943 idam
1682 2881 1863 2935 etiam
1883 2880 2004 2934 viro

353 2964 508 3020 bono
532 2966 886 3036 permittunt
904 2967 1267 3039 philosophi,
1285 2974 1352 3023 ut
1369 2969 1543 3024 liceat
1563 2970 1826 3024 animam
1841 2970 2007 3041 justa

357 3054 428 3109 de
459 3071 638 3110 causa
668 3055 939 3125 educere,
965 3058 1012 3111 si
1038 3058 1170 3128 quis
1195 3059 1268 3113 ab
1291 3059 1518 3131 agendo
1541 3060 1689 3115 adeo
1715 3061 1895 3116 fuerit
1917 3075 2006 3113 re-
2034 3073 2077 3138 ρ

358 3149 576 3212 motus,
604 3149 671 3199 ut
691 3145 858 3201 nulla
875 3148 929 3201 ei
951 3164 1085 3218 spes
1107 3149 1363 3220 amplius
1384 3149 1616 3220 reliqua
1633 3150 1710 3204 sit
1729 3148 1998 3204 actionis.

357 3240 542 3296 Judex
572 3247 792 3311 autem,
826 3244 927 3314 qui
953 3261 1059 3316 per
1089 3246 1205 3300 vim
1233 3252 1422 3318 urget,
1446 3252 1512 3302 ut
1531 3247 1814 3302 dilectum
1833 3261 2004 3317 nege-

359 3347 514 3396 mus,
547 3332 776 3387 videtur
806 3333 1099 3405 detegere,
1135 3336 1411 3405 quisnam
1433 3338 1550 3390 Deo
1570 3337 1796 3390 amicus
1829 3335 1924 3401 sit,
1949 3340 2007 3388 et

358 3429 492 3499 quis
522 3446 662 3484 non.
699 3431 800 3486 Hic
831 3438 1027 3486 autem
1057 3447 1130 3485 ne
1159 3432 1519 3504 comparatio
1549 3431 1790 3503 quidem
1822 3431 2008 3485 relin-

357 3519 578 3589 quitur,
611 3519 753 3590 quid
786 3520 1062 3590 quisnam
1093 3520 1279 3592 magis
1301 3520 1565 3592 elegerit,
1597 3519 1870 3575 minasne
1905 3519 2007 3572 h0-

359 3608 612 3676 minum,
646 3625 720 3663 an
751 3609 852 3663 Dei
887 3608 1286 3664 dilectionem.
1320 3611 1391 3664 Et
1418 3609 1752 3664 abtinentia
1780 3626 1814 3663 a
1834 3607 2010 3663 malis

372 3704 705 3759 actionibus
755 3705 1053 3761 invenitur
1099 3707 1539 3776 quodammodo
1588 3706 1906 3762 diminutio
1955 3709 2015 3758 et

371 3794 684 3849 exstinctio
699 3794 1160 3861 malorum,dum
1176 3812 1382 3850 eorum
1396 3796 1521 3850 tolli
1533 3803 1625 3850 tur
1637 3795 1898 3867 operatio
1911 3811 2018 3866 per

369 3893 764 3948 cessationem
790 3893 861 3947 ab
890 3892 1140 3965 agendo.
1173 3895 1242 3947 Et
1272 3894 1382 3948 hoc
1415 3900 1523 3962 est,
1559 3918 1587 3944 «
1638 3893 1836 3949 Vende
1886 3910 2016 3964 qum

376 3979 582 4050 habes,
599 3988 656 4037 et
677 3981 750 4037 da
765 3981 1126 4053 pauperibus
1153 4002 1167 4048 ;
1192 3988 1250 4036 et
1265 3983 1418 4050 veni,
1433 3989 1488 4037 et
1506 3999 1753 4054 sequere
1771 3999 1864 4037 me
1878 3982 1967 4052 (c);
1988 4003 2015 4032 »

371 4078 483 4134 hoc
515 4086 622 4150 est,
658 4097 906 4152 sequere
939 4096 1008 4135 ea
1029 4096 1160 4150 quae
1183 4079 1461 4136 dicuntur
1480 4098 1514 4137 a
1535 4081 1807 4136 Domino.
1832 4083 1901 4134 Et
1915 4096 2022 4151 per

2113 1761 2234 1830 ἥτις
2289 1761 2401 1817 ἐστὶ
2454 1763 2709 1818 κοινωνία
2763 1762 3103 1841 ἀφθαρσίας.
3163 1763 3225 1820 Ὁ
3273 1763 3450 1818 τοίνυν
3507 1762 3772 1838 ἐπιγινώ-

2111 1871 2254 1905 σκων
2287 1851 2424 1907 κατά
2449 1853 2542 1907 τὸν
2571 1859 2671 1922 τῆς
2705 1852 2990 1926 μετανοίας
3022 1850 3190 1927 λόγον
3243 1852 3570 1927 ἁμαρτωλὸν
3609 1876 3630 1906 ι
3663 1853 3768 1921 τήν

2113 1942 2322 2015 ψυχήν,
2355 1939 2619 1996 ἀπολέσει
2648 1964 2674 1995 ι
2719 1942 2889 2010 αὐτὴν
2935 1944 3034 2010 τῆς
3082 1941 3372 2015 ἁμαρτίας,
3405 1943 3472 2011 ἧς
3525 1943 3772 1997 ἀπεσπαο

2114 2048 2256 2083 σται’
2298 2055 2326 2082 ‹‹
2361 2029 2629 2093 ἀπολέσας
2654 2055 2683 2082 ››
2713 2028 2791 2100 δὲ,
2829 2054 2853 2084 α
2887 2031 3102 2104 εὑρήσει
3135 2054 3165 2082 ››
3206 2031 3344 2086 κατά
3367 2031 3466 2099 τὴν
3501 2032 3773 2100 ὑπακοὴν,

2111 2119 2212 2186 τήν
2257 2119 2592 2188 ἀναζήσασαν
2773 2119 2869 2191 μὶν
2923 2123 2992 2193 τῇ
3050 2119 3252 2189 πίστει,
3309 2119 3678 2194 ἀποθανοῦσαν
3713 2118 3778 2174 δε

2111 2211 2182 2280 τῇ
2216 2207 2472 2282 ἁμαρτίᾳ.
2505 2208 2662 2262 Τοῦτ’
2695 2209 2788 2262 οὖν
2816 2206 2927 2262 ἐστι
2957 2208 3018 2262 τὸ
3068 2207 3241 2280 εὗρεῖν
3295 2209 3395 2277 τὴν
3442 2210 3651 2284 ψυχὴν,
3704 2209 3773 2263 τὸ

2116 2300 2375 2371 «γνῶναι
2407 2296 2617 2351 ἑαυτόν.
2652 2320 2681 2347 ››
2725 2297 2838 2365 Τήν
2889 2294 2946 2350 δὲ
2981 2299 3360 2373 μεταστροφην
3409 2299 3509 2366 τῆν
3565 2297 3650 2351 ἐπὶ
3701 2298 3774 2350 τά

2115 2385 2231 2438 θεῖα
2263 2384 2313 2437 οἱ
2377 2385 2471 2456 μὲν
2534 2385 2756 2438 Στοϊκοὶ
2816 2384 2878 2439 ἐκ
2935 2379 3252 2456 μεταϐολῆς
3311 2406 3439 2460 φασι
3497 2383 3769 2459 γενέσθαι,

2115 2467 2532 2546 μεταϐαλούσης
2569 2479 2669 2541 τῆς
2701 2473 2890 2545 ψυχῆς
2947 2472 3024 2534 είς
3083 2473 3296 2549 σοφίανο
3355 2471 3589 2529 Πλάτων
3651 2477 3769 2546 (60)

2115 2559 2193 2629 δὲ,
2227 2586 2254 2613 ‹‹
2287 2565 2384 2626 τῆς
2417 2564 2602 2636 ψυχῆς
2634 2560 2721 2615 ἐπὶ
2778 2561 2848 2616 τὰ
2893 2562 3100 2633 ἀμεῖνω
3159 2562 3510 2636 περιαγωγὴν
3550 2557 3772 2618 Ααόού-

2115 2670 2232 2725 σρς,
2261 2649 2353 2705 καί
2405 2651 2780 2728 μεταστροφήν
2812 2648 2873 2705 ἐκ
2899 2656 3214 2725 νυκτερινῆς
3271 2670 3419 2711 τινος
3452 2649 3712 2726 ’ἠμέρας.
3747 2677 3773 2703 ››

2115 2739 2326 2795 Αὐτίκα
2355 2737 2582 2813 εὔλογον
2610 2738 2890 2814 ἐξαγωγὴν
2944 2743 3022 2809 τῷ
3081 2735 3362 2810 σπουδαίῳ
3415 2745 3771 2814 συγχωροῦσι

2113 2829 2205 2884 καὶ
2259 2829 2311 2883 οἱ
2343 2827 2661 2906 φιλόσοφοι,
2694 2826 2748 2882 εἷ’
2791 2849 2874 2890 τις
2931 2831 3028 2882 τοῦ
3083 2826 3339 2902 πράσσειν
3400 2826 3558 2882 αὐτὸν
3594 2828 3768 2890 οὕτως

2113 2920 2402 2988 τηρήσειεν
2436 2917 2639 2986 αὐτῶν,
2671 2918 2746 2971 ὼς
2781 2918 2979 2990 μηκέτι
3027 2919 3138 2988 (61)
3169 2913 3563 2994 ἀπολελεῖφθαι
3623 2916 3766 2988 αὐτῷ

2120 3004 2262 3080 μηδὲ
2327 3004 2526 3061 ἐλπίδα
2603 3013 2704 3075 τῆς
2793 3007 3083 3079 πράξεως.
3142 3005 3202 3062 Ὁ
3263 3002 3320 3059 δε
3378 3001 3768 3078 ἐκϐιασάμενος

2117 3093 2374 3164 δικαστής
2432 3095 2707 3166 ἀρνεῖσθαι
2759 3095 2853 3150 τὸν
2910 3095 3266 3167 ἠγαπημένον
3307 3091 3608 3170 διελέγχειν
3671 3115 3764 3166 μοι

2113 3182 2266 3239 δοκεῖ
2293 3185 2384 3239 τὸν
2416 3182 2576 3261 φίλον
2619 3189 2698 3256 τῷ
2741 3188 2878 3255 Θεῷ,
2909 3183 3120 3237 καὶτὸν
3174 3185 3276 3256 μή.
3328 3184 3590 3239 Ἐνταῦθα
3642 3181 3768 3240 οὐδὶ

2115 3274 2391 3349 σύγκρισις
2447 3267 2525 3327 ἔτι
2575 3270 2977 3340 ἀπολείπεται,
3035 3271 3088 3326 τί
3145 3269 3204 3326 ἄν
3262 3293 3345 3333 τις
3402 3274 3492 3327 καὶ
3553 3272 3765 3345 μᾶλλον

2113 3360 2324 3430 ἕλοιτο,
2359 3361 2591 3429 ἀπειλήν
2620 3361 2987 3435 ἀνθρωπίνην,
3084 3361 3184 3428 τήν
3237 3361 3450 3436 ἀγάπην
3481 3366 3578 3416 τοῦ
3609 3366 3760 3416 Θιεοῦ·

2115 3452 2208 3506 καί
2241 3471 2357 3512 πως
2391 3451 2425 3518 ἡ
2456 3453 2562 3504 τῶν
2589 3453 2772 3503 κακῶν
2816 3448 3059 3523 πράξεων
3095 3449 3283 3524 ἀποχή
3321 3448 3545 3522 μείωσίς
3574 3470 3630 3504 τε
3671 3451 3761 3504 καὶ

2119 3535 2299 3602 σϐέσις
2353 3541 2461 3592 τῶν
2519 3541 2700 3592 κακῶν
2759 3537 3105 3610 εὑρίσκεται,
3179 3538 3611 3613 καθαιρουμένης
3666 3545 3767 3607 τῆς

2120 3627 2390 3705 ἐνεργείας
2435 3627 2610 3682 αὐτῶν
2645 3625 2734 3682 διὰ
2789 3634 2890 3696 τῆς
2945 3627 3228 3702 ἀπραξίας·
3287 3628 3376 3682 καὶ
3434 3631 3581 3683 τοῦτ’
3633 3624 3769 3698 ἔστι,

2123 3745 2151 3770 ‹‹
2187 3715 2456 3787 Πώλησόν
2493 3738 2588 3770 σου
2618 3718 2684 3771 τὰ
2715 3716 3053 3792 ὑπάρχοντα,
3087 3717 3174 3771 καὶ
3233 3713 3324 3778 δὸς
3352 3723 3623 3793 πτωχοῖς’
3680 3718 3776 3772 καὶ

2126 3806 2282 3883 δεῦρο
2313 3805 2604 3870 ἀκολούθει
2635 3824 2748 3879 μοι·
2783 3831 2809 3856 ››
2831 3807 3128 3873 τουτέστιν,
3159 3810 3277 3869 τοῖς
3305 3806 3407 3860 ὑπὸ
3437 3811 3532 3860 τοῦ
3565 3807 3776 3880 Κυρίου

2127 3895 2446 3971 λεγομενοις
2499 3892 2674 3950 ἕπου.
2733 3896 3075 3969 Ὑπάρχοντα
3123 3892 3180 3948 δὲ
3232 3895 3361 3971 φασί
3411 3915 3550 3956 τινες
3608 3896 3782 3952 αὐτὸν

2130 3983 2400 4062 εἷρηκέναι
2428 3984 2494 4038 τὰ
2522 3981 2574 4038 ἐν
2615 3988 2683 4056 τῇ
2715 3986 2870 4058 ψυχῇ
2903 3981 3172 4058 ἀλλότρια
3224 3985 3356 4056 (62)·
3389 3983 3478 4038 καὶ
3509 3987 3626 4045 πῶς
3656 3990 3782 4047 τοῖς

2128 4079 2377 4149 πτωχοῖς
2405 4077 2572 4128 ταῦτα
2620 4069 2956 4145 διανέμεται,
3007 4070 3105 4126 οὐκ
3152 4068 3373 4146 ἔχουσιν
3429 4071 3616 4127 εἷ’πεῖν·
3649 4073 3781 4129 ἀλλ’

436 4261 500 4326 ιι(
527 4261 590 4314 Ρ.
623 4261 724 4314 576
755 4259 866 4314 ΕΙ).
901 4258 1191 4328 POTTER,
1221 4260 1324 4314 485
1356 4259 1468 4314 ED.
1528 4259 1757 4315 PARIS.
1819 4259 1891 4329 (a)
1916 4259 2009 4313 Joa

2124 4271 2156 4326 ι,
2190 4257 2294 4318 12;
2325 4255 2462 4310 Luc.
2496 4271 2552 4322 x,
2589 4255 2674 4307 19.
2735 4251 2814 4324 (b)
2868 4253 3034 4307 Joan.
3093 4268 3192 4319 xu,
3223 4253 3328 4319 25;
3362 4252 3563 4308 Matth.
3595 4271 3651 4320 x,
3685 4253 3779 4310 39.

363 4333 430 4404 (ο)
462 4332 664 4387 Matth.
689 4349 805 4403 xix,
837 4333 924 4388 21.

372 4494 564 4574 πόθον,
628 4496 902 4574 SvLeunc.
950 4524 1020 4574 τ-
1052 4492 1166 4548 Sed
1213 4499 1451 4574 recepta
1481 4493 1656 4549 lectio
1688 4493 1881 4549 verior
1912 4495 2020 4563 est,
2053 4503 2100 4566 D
2134 4488 2278 4574 Vide
2300 4487 2402 4574 ιιι),
2428 4504 2460 4569 v
2480 4488 2684 4574 Strpm.
2709 4487 2974 4574 COkLECT.
3001 4516 3070 4574 τ
3090 4485 3357 4574 Plato‘n‘ins
3378 4487 3778 4574 sententiasic

373 4567 542 4638 cujus
575 4583 817 4621 sensum
851 4566 1053 4638 Latine
1094 4566 1513 4638 expressimus.

437 4635 680 4710 (gamma
706 4641 868 4710 τοῦτο
896 4635 1080 4710 εξληφ.
1141 4635 1409 4710 Respicit
1443 4637 1610 4710 Joan.
1643 4654 1683 4703 ι,
1704 4637 1822 4710 _l2:
1855 4637 2013 4710 Ὅσοι

371 4702 653 4762 δὶ’ἓ).αὸον
688 4707 864 4774 αὺτὸν,
911 4702 1110 4761 ἔδωκεν
1157 4702 1342 4770 αὐτοῖς
1369 4705 1610 4775 ἐξουσίαν
1663 4702 1820 4761 τέκνο.
1876 4707 2011 4759 Θεοῦ

408 4781 635 4850 ενὲσθαι,
681 4785 797 4840 τοῖς
850 4778 1191 4850 πιστεύουσιν
1230 4777 1327 4850 λείς
1384 4779 1447 4833 τὸ
1506 4775 1680 4850 ὄνομα
1735 4778 1921 4850 αὐτοῦ’
1957 4784 2016 4832 et

402 4868 511 4906 .uc.
546 4847 857 4925 x,_'18,_19:
894 4851 1024 4925 Εἶπε
1055 4847 1125 4925 Δδὲ
1183 4848 1390 4925 αὐτοῖς·
1451 4847 1752 4925 Ἐθεώρουν
1809 4848 2016 4925 τὸηξας

371 4925 554 5010 ταέἆν,
584 4916 660 5010 ὡες
717 4921 1016 5010 ἀστραπῂν,
1051 4919 1110 5010 ἐκ
1155 4925 1252 4975 τοῦ
1305 4923 1538 4997 ούρανοῦ
1594 4916 2018 5010 πεσόντα.νἰδοῦ

419 4995 427 5010 .
695 4996 717 5005 -.
949 4994 968 5010 .
1281 4997 1306 5008 ..
1504 5000 1526 5009 -
1607 4995 1620 5010 .
1689 4996 1698 5010 .

379 4990 584 5066 δίδωμι
618 4991 744 5066 ὑμῖν
773 4987 869 5058 civ
918 4987 1155 5066 ἐξρυεῖίοιν
1213 4997 1310 5047 τοῦ
1367 4987 1552 5048 ἆτατεῖν
1604 4995 1784 5066 ἐπάνω
1841 4987 2020 5066 ὄφεων

378 5063 465 5138 καὶ
526 5061 862 5138 σκορπίων-2-
901 5061 989 5117 καὶ
1048 5063 1165 5138 ἐπὶ⁸
1220 5071 1391 5119 πᾶσαν
1473 5067 1572 5134 τὴν
1639 5061 2022 5138 δύναμιν”τοῦ

377 5134 599 5210 ἐχθροῦ·
755 5132 919 5210 οὐδὲν⁸
943 5136 1080 5210 ὑμᾶς
1111 5134 1173 5188 οὐ
1206 5137 1280 5206 μὴ
1312 5132 1580 5204 ἀδικήσει.

455 5201 564 5279 (58)
598 5207 794 5279 Ἐρῶν,
827 5201 1013 5279 dnle
1047 5201 1216 5279 Joan.‘
1255 5201 1354 5276 xu,
1417 5201 1505 5272 23,
1538 5212 1650 5264 hoc
1679 5209 1882 5265 cliristi
1937 5206 2024 5261 di-

384 5276 544 5337 ctum
577 5276 833 5352 recitans
856 5292 866 5328 :
889 5276 991 5328 sed
1013 5277 1220 5352 malim
1251 5279 1443 5352 εὑρών,
1473 5282 1630 5351 quod
1649 5288 1807 5336 extat
1823 5279 2023 5335 Matth.

384 5373 442 5417 x,
473 5355 538 5406 39
566 5369 577 5404 :
633 5347 797 5404 Unde
858 5347 1146 5422 sequitur,
1176 5421 1179 5422 ν
1207 5347 1338 5402 cum
1386 5347 1458 5422 in
1491 5347 1866 5422 :Evangeliis,
1904 5358 2026 5405 tum

390 5415 568 5481 etiam
609 5422 704 5476 hic
736 5417 893 5490 apud
923 5415 1324 5473 Clementem:
1382 5420 1438 5472 Ὀ
1486 5415 1753 5481 ἀπολέσας
1813 5422 2028 5494 εὑρήσει

383 5498 573 5551 αὐτήν.

616 5562 1001 5640 Ἀναζήσασιάνζ
1059 5557 1318 5625 Respicit
1371 5562 1538 5615 Rom.
1599 5579 1670 5624 vI,
1724 5564 1778 5628 4,
1829 5566 1880 5628 5,
1939 5562 2030 5616 vel

392 5628 649 5696 similem
685 5631 946 5703 Apostuli
987 5628 1204 5681 locum.

463 5709 581 5782 (60)
607 5701 844 5763 Ιιλοὶτον.
873 5702 1058 5757 Locus
1083 5703 1173 5756 est
1189 5715 1259 5757 ex
1287 5717 1361 5758 vn
1390 5701 1467 5759 De
1488 5705 1790 5779 republica,
1811 5723 1870 5778 p.
1903 5705 2028 5762 528.

2133 4577 2194 4615 se
2228 4560 2405 4614 habet
2433 4559 2493 4613 in
2525 4559 2625 4628 lib.
2662 4575 2730 4612 vn
2774 4560 2851 4612 De
2878 4558 3105 4628 prepub.,
3137 4575 3194 4628 p.
3241 4559 3364 4628 696,
3407 4558 3559 4628 edit.
3599 4560 3777 4614 Fran-

2126 4631 2336 4686 cofurt.
2364 4631 2576 4702 :_T95f:o
2609 4626 2699 4696 δὴ,
2742 4627 2814 4688 ὡς
2875 4623 3038 4695 ἔοῖκε,
3094 4623 3362 4702 ὀστράκου
3410 4626 3470 4681 ἃν
3506 4627 3588 4697 εἴη
3622 4649 3778 4702 περι-

2120 4702 2353 4778 στροφή,
2383 4698 2554 4778 ἀλλά,
2585 4701 2770 4778 ψυχῆς
2818 4700 3170 4778 πιῑριεξιγωγῆ,⁵
3191 4697 3249 4778 ἐκ
3273 4707 3595 4778 νυκτερινῆς
3634 4721 3652 4754 1
3675 4697 3780 4778 ινος

2123 4767 2346 4848 ῂμέρας
2391 4767 2769 4848 εἶςιάληθινῂν
2819 4767 2916 4848 τοῦ
2948 4767 3127 4848 ὄντος-
3156 4768 3350 4839 ἱούσης
3402 4767 3683 4842 ἐπάνοδοκ,
3712 4773 3776 4842 ἢν

2127 4841 2195 4911 δη
2224 4841 2552 4919 φιλοσοφίαν
2577 4841 2762 4912 ἀληθῆ
2797 4843 3042 4919 φήσομεν
3079 4841 3230 4919 εἶναι.
3272 4863 3293 4889 ι
3324 4845 3480 4919 Haec,
3515 4852 3582 4900 ut
3612 4863 3644 4897 ν
3666 4847 3780 4901 de-

2129 4913 2248 4975 tur;
2275 4934 2397 4972 non
2429 4913 2542 4970 erit
2571 4921 2735 4970 testa)
2766 4913 3077 4976 revolutio,
3113 4913 3214 4968 sed
3254 4916 3468 4970 animae
3521 4919 3776 4973 circ‘im-

2129 4989 2350 5055 ductio,
2375 5005 2408 5042 ει
2438 4993 2728 5042 nocturno
2762 4985 3018 5056 quodam
3050 4985 3144 5039 die
3175 4985 3424 5058 adejus,
3459 4988 3615 5058 quod
3665 5005 3778 5044 iere

2135 5067 2223 5115 est
2279 5058 2864 5129 contemplationem.
2924 5058 3106 5129 Quem
3167 5057 3408 5126 quidem
3466 5057 3641 5114 ascen
3665 5077 3777 5115 ium

2133 5148 2330 5186 veram
2361 5127 2796 5202 philosophiam
2830 5143 2957 5202 esse
2998 5127 3282 5202 dicemus.
3321 5151 3348 5178 »

2207 5205 2318 5274 (61)
2356 5196 2446 5274 V'Ei'
2497 5196 2726 5274 τις’τοῦ
2781 5197 3037 5274 πράσσειν
3102 5197 3276 5274 αὐτὸν
3370 5196 3541 5274 οῦτως
3593 5202 3777 5273 πηρή-

2137 5295 2273 5328 σειεν
2303 5270 2510 5340 αὐτῶν,
2551 5270 2624 5346 ᾡς
2679 5291 2736 5343 μ’
2796 5270 3033 5346 Rectius
3081 5272 3148 5346 Α.
3207 5288 3333 5346 pro_
3369 5270 3543 5346 οὕτως
3596 5292 3646 5346 τι
3677 5270 3780 5346 ρή-

2138 5366 2298 5408 σειεν,
2331 5346 2474 5428 legit
2519 5341 2687 5428 ditur)“
2710 5341 3099 5428 στερήσεΐιενηὶα
3133 5341 3228 5428 ita;
3248 5342 3509 5426 privarit,
3561 5344 3645 5428 sic
3677 5341 3782 5400 'or-

2136 5419 2313 5485 barit,
2350 5410 2603 5486 »inquit
2630 5410 2900 5487 Sylhu‘rg.
2931 5413 3151 5487 scribe,
3177 5410 3228 5466 εἴ
3248 5410 3333 5473 τις
3381 5416 3485 5487 τοῦ*
3523 5416 3644 5487 πράτ
3666 5436 3778 5470 σειν

2139 5483 2311 5560 οὕτως
2366 5483 2910 5560 τηρήσειενἀὐτὸν,
2969 5483 3044 5545 ὡς
3106 5504 3164 5555 μ.
3201 5528 3215 5554 ,
3272 5489 3341 5540 ut
3396 5483 3667 5542 deleatur
3717 5488 3781 5544 τὸ

2137 5559 2342 5615 αὐτῶν.
2369 5559 2646 5614 HEINSIUS.

2211 5631 2426 5706 (02)_T§
2466 5629 2640 5706 évaﬁ
2700 5629 2854 5701 ψυχῇ
2913 5622 3204 5706 ἀλλότρια.
3238 5627 3415 5698 Flor.,
3472 5627 3538 5683 τὰ
3596 5627 3642 5682 ἐν
3709 5635 3778 5706 τῇ

2140 5697 2308 5776 ψυχῇ
2327 5697 2625 5775 ἀλλοτρίᾳ,
2646 5697 2958 5773 perperam
2988 5697 3260 5756 SYmunG.
