4004 6144
338 217 482 274 1245

1667 231 2117 289 STROMATUM
2153 234 2288 289 LIB.
2329 233 2425 288 IV.

3610 228 3750 285 i216

341 368 369 396 «
409 345 536 418 ὑμῖν
571 343 878 420 θησαυροὺς
908 345 995 400 ἐπὶ
1042 353 1142 418 τῆς
1191 355 1316 424 γῆς,
1369 352 1506 406 ὅπου
1538 353 1636 421 σὴς
1665 355 1751 408 καὶ
1788 354 1991 428 βρῶσις

2118 373 2325 427 ponam
2358 357 2420 412 in
2451 357 2718 426 salutari,
2751 356 2936 412 libere
2967 371 3136 427 agam
3167 371 3300 411 cum
3325 355 3453 427 ipso
3477 353 3572 427 (a).
3600 376 3622 406 ι
3650 356 3751 410 Est

339 432 612 511 ἆφᾶνίζει,
665 433 754 488 καὶ
815 434 1042 491 κλέπται
1115 441 1224 510 (80)
1290 437 1640 515 διορύσσουσι
1704 443 1794 497 καὶ
1863 441 1996 498 κλὲ-

341 543 562 592 πτουσι,
599 545 626 572 ››
685 525 829 598 τάχα
891 524 985 598 μὲν
1044 525 1172 590 τοὺς
1221 525 1634 606 φιλοκτήμονας
1693 527 1993 600 ὀνειδίζων,

339 610 495 685 λέγει
524 613 552 666 ὁ
585 613 800 685 Κύριος·
834 613 979 688 τάχα
1016 611 1074 668 δὲ
1120 615 1209 670 καὶ
1256 615 1383 679 τοὺς
1433 616 1623 681 ἁπλῶς
1653 623 1993 695 μεριμνητάς

335 701 517 756 τεκαὶ
550 701 892 777 φροντιστὰς·
934 701 1043 773 ἤδη
1106 701 1164 758 δὲ
1217 705 1308 760 καὶ
1361 706 1487 769 τοὺς
1547 707 1992 783 φιλοσωμάτους.

339 793 582 866 Ἔρωτες
611 791 857 865 γὰρ,καὶ
908 792 1081 862 νόσοι,
1141 795 1230 850 καὶ
1281 797 1334 851 οἱ
1387 794 1586 874 φαῦλοι
1618 795 1992 874 διαλογισμοὶ,

341 905 369 930 ‹‹
407 878 759 956 διορύσσουσι
792 905 820 931 »
848 882 940 937 τὸν
976 883 1246 958 λογισμὸν
1278 887 1368 941 καὶ
1394 887 1485 942 τὸν
1520 886 1650 942 ὅλον
1685 887 1991 964 ἄνθρωπον·

343 993 372 1022 ιι
407 969 435 1023 6
471 992 499 1020 ››
544 967 602 1024 δὲ
645 974 725 1042 τῷ
775 967 888 1026 ὄντι
940 996 968 1024 ‹‹
998 974 1269 1048 Θησαυρὸς
1298 999 1326 1027 ››
1379 978 1541 1048 ἡμῶν
1591 973 1713 1041 ἔνθα
1741 979 1776 1048 ἡ
1809 979 1997 1054 συγγέ-

341 1078 458 1112 νεια
502 1061 600 1112 τοῦ
656 1061 790 1134 (81)·
851 1059 962 1116 ἐπεὶ
1022 1063 1085 1117 τὸ
1144 1065 1464 1120 κοινωνικὸν
1512 1073 1612 1136 τῆς
1645 1063 1995 1137 δικαιοσύνης

340 1144 737 1221 παραδίδωσιν,
790 1147 1068 1227 ἐμφαίνων
1117 1149 1227 1207 δεῖν
1276 1152 1597 1210 ἀποδιδόναι
1630 1159 1698 1230 τῇ
1741 1154 1997 1227 συνηθείᾳ

341 1243 445 1305 τῆς
498 1235 736 1295 παλαιᾶς
789 1237 1131 1315 ἀναστροφῆς
1183 1244 1298 1316 (82)
1351 1244 1420 1298 τά
1494 1243 1580 1298 ὑπ’
1637 1244 1807 1314 αὐτῆς
1859 1246 1996 1316 ἡμῖν

343 1326 756 1401 περικτηθὲντα,
810 1328 900 1382 καὶ
957 1329 1045 1382 ἐπὶ
1097 1329 1191 1384 τὸν
1249 1331 1378 1386 Θεὸν
1439 1331 1781 1407 ἀνατρέχειν,
1843 1331 1994 1388 ἔλεον

343 1413 726 1486 αἷτουμένους.
757 1415 928 1478 Οὗτός
957 1414 1066 1472 ἐστι
1092 1422 1172 1490 τῷ
1221 1415 1337 1474 ὄντι
1381 1443 1410 1472 ‹‹
1447 1419 1739 1494 βαλάντιον
1769 1424 1881 1494 (83)
1916 1421 1992 1494 μή

345 1503 777 1577 παλαιούμενον,
804 1529 825 1555 ι
852 1504 1070 1582 ἐφόδιον
1095 1511 1242 1576 ζωῆς
1272 1506 1472 1579 ἀϊδίου,
1495 1533 1525 1561 ι(
1551 1510 1820 1585 θησαυρὸς
1844 1509 1998 1564 ἀνεκ-

346 1592 569 1655 λειπτος
617 1591 670 1649 ἦν
719 1593 956 1670 οὐρανῷ,
990 1617 1015 1648 ι
1068 1597 1150 1651 ὃτι
1202 1600 1462 1653 «Ἐλεῶν
1512 1602 1620 1670 (84)
1670 1598 1903 1669 ἐλεήσω,
1935 1598 1994 1654 δν

347 1684 406 1737 ἂν
440 1681 598 1753 ἐλεῶ,
626 1706 654 1734 ››
677 1685 808 1761 φησί
842 1683 1064 1758 Κύριος.
1100 1685 1324 1760 Λέγουσι
1357 1684 1415 1741 δὲ
1444 1691 1610 1743 ταῦτα
1637 1688 1730 1743 καὶ
1757 1693 1874 1751 τοῖς
1909 1689 1997 1752 θέ-
2025 1721 2074 1786 Β

347 1771 366 1786 κ
541 1769 564 1786 κ
602 1772 616 1786 .
699 1774 712 1786 .
815 1769 840 1786 α
1042 1775 1056 1786 ,
1410 1781 1433 1786 _
1611 1777 1624 1786 .
1759 1776 1772 1786 .
1939 1778 1950 1786 .

346 1771 506 1828 λουσι
537 1769 627 1826 διὰ
653 1774 753 1841 τήν
812 1769 1159 1845 δικαιοσύνην
1214 1781 1550 1851 πτωχεῧσαι·
1599 1776 1866 1848 ἀκηκόασι
1894 1778 1994 1853 γὰρ

348 1860 437 1916 διὰ
491 1865 590 1931 τῆς
642 1859 892 1933 ἐντολῆς,
949 1862 1032 1918 ὅτι
1094 1889 1123 1916 ‹‹
1154 1862 1388 1921 πλατεῖα
1420 1867 1651 1939 καὶ
1683 1865 2001 1944 εὐρύχωρος

349 1948 474 2012 ὁδὸς
506 1951 698 2027 ἀπάγει
740 1951 815 2014 εἰς
857 1953 957 2022 τὴν
991 1952 1290 2023 ἀπώλειαν,
1323 1955 1410 2010 καὶ
1445 1953 1659 2011 πολλοὶ
1692 1956 1743 2010 οἳ
1776 1953 2001 2031 διερχό-

357 2061 506 2112 μενοι
539 2037 610 2095 δι⁹
639 2039 830 2110 αὐτῆς.
862 2063 887 2094 υ
948 2042 1024 2099 Οὐ
1083 2043 1208 2119 περὶ
1263 2041 1438 2099 ἄλλου
1495 2046 1665 2116 τινὸς,
1698 2041 1846 2100 ἀλλὰ
1873 2046 1997 2120 περὶ

351 2128 582 2192 ἀσωτίας
664 2131 752 2184 καὶ
841 2131 1184 2208 φιλογυνίας,
1252 2130 1594 2210 φιλοδοξίας,
1675 2133 1998 2212 φιλαρχίας,

346 2219 436 2273 καὶ
515 2223 622 2272 τῶν
706 2219 913 2292 ὁμοίων
1001 2217 1305 2297 διαλέγεται
1388 2227 1594 2287 παθῶν·
1658 2245 1686 2275 ιι
1720 2224 1936 2298 Ἀφρον
1970 2247 2000 2274 »

349 2307 476 2384 γὰρ,
529 2306 703 2369 οὓτως
747 2302 874 2384 ἔφη,
934 2311 1077 2364 «ὅτι
1132 2314 1202 2384 τῇ
1252 2312 1400 2366 νυκτὶ
1458 2311 1628 2388 ταύτῃ
1691 2314 1797 2384 (86)
1837 2312 2001 2367 ἀπαι-

346 2397 501 2452 τοῦσί
558 2419 656 2454 σου
717 2399 818 2468 τήν
875 2400 1084 2474 ψυχήν.
1145 2401 1178 2453 ἅ
1235 2397 1293 2454 δὲ
1349 2400 1654 2475 ἡτοίμασας
1702 2401 1863 2476 αὐτῇ,
1892 2404 2000 2457 τίνι

345 2488 605 2562 γένηταη
637 2511 665 2540 ιι
697 2488 802 2544 Καὶ
851 2489 919 2543 τὰ
981 2489 1074 2561 μὲν
1132 2496 1234 2559 τῆς
1284 2488 1515 2559 ἐντολῆς
1565 2488 1674 2546 ὧδε
1719 2487 2001 2567 ἔχεικατὰ

347 2575 510 2648 λέξιν·
548 2601 576 2628 ‹‹
611 2574 958 2642 Φυλᾶσσεσθε
992 2583 1097 2651 (87)
1123 2579 1306 2634 τοίνυν
1344 2603 1372 2631 ››
1416 2579 1598 2634 τοίνυν
1636 2602 1658 2631 ε
1689 2579 1794 2633 ἀπὸ
1823 2581 2001 2650 πάσης

343 2664 679 2738 πλεονεξίας·
734 2665 817 2721 ὅτι
867 2666 966 2721 οὐκ
1023 2666 1076 2720 ἐν
1129 2671 1210 2738 τῷ
1266 2666 1603 2741 περισσεύειν
1633 2670 1744 2738 (88)
1772 2667 1894 2720 τινὰ
1933 2668 2001 2720 τὰ

346 2753 664 2827 ὑπάρχοντα
717 2752 859 2807 ἐστὶν
915 2755 952 2820 ἡ
1013 2754 1126 2821 ζωή
1185 2753 1376 2808 αὐτοῦ.
1433 2751 1503 2808 Τί
1559 2752 1660 2826 γὰρ
1707 2749 1998 2829 ὠφελεῖται

345 2842 652 2916 ἄνθρωπος,
703 2839 791 2893 ἐὰν
842 2841 936 2895 τὸν
990 2859 1198 2912 κοσμον
1257 2839 1388 2895 ὅλον
1437 2837 1699 2916 κερδήσῃ,
1735 2865 1763 2892 ››
1809 2841 1908 2910 τήν
1942 2837 2001 2895 δὲ

350 2949 375 2980 ι
410 2929 595 3002 ψυχὴν
628 2928 798 2982 αὑτοῦ
835 2932 1134 3002 ζημιωθῇ;
1179 2928 1213 2996 ἢ
1263 2928 1317 2982 τί
1371 2925 1531 2983 δώσει
1564 2926 1846 3005 ἅνθρωπος
1873 2929 1997 2984 ἀντ-

349 3015 614 3092 άλλαγμα
670 3023 771 3087 τῆς
829 3019 1013 3092 ψυχῆς
1070 3017 1271 3085 αὐτους
1309 3017 1407 3072 Διά
1456 3021 1617 3073 τοῦτο
1674 3017 1839 3095 λέγω·
1904 3019 1996 3088 Μὴ

353 3112 650 3180 μεριμνᾶτε
677 3110 746 3180 τῇ
777 3109 932 3182 ψυχῇ
984 3107 1159 3180 ὑμῶν,
1207 3105 1258 3160 τί
1312 3106 1537 3184 φάγητε·
1576 3105 1717 3180 μηδὲ
1745 3109 1808 3162 τὸ
1841 3112 2000 3180 σῶμα

345 3195 397 3250 τί
445 3190 783 3270 περιϐάλητε
841 3199 966 3268 (89)·
1029 3198 1064 3265 ἡ
1121 3215 1223 3271 γαρ
1282 3198 1436 3272 ψυχὴ
1495 3195 1700 3252 πλείων
1755 3197 1866 3252 ἐστὶ
1897 3205 1998 3268 τῆς

341 3291 578 3358 τροφῆς,
624 3285 715 3340 καὶ
765 3284 829 3339 τὸ
888 3289 1045 3357 σῶμα
1099 3289 1198 3339 τοῦ
1259 3282 1639 3358 ἐνδύματος.»
1677 3287 1772 3342 Καὶ
1805 3285 1995 3341 πάλιν·

347 3397 378 3425 ‹‹
409 3371 564 3430 Οἶδεν
595 3374 696 3449 γὰρ
731 3374 758 3428 6
793 3375 977 3451 Πατὴρ
1031 3373 1184 3448 ὑμῶν
1216 3380 1352 3444 (90),
1387 3376 1470 3429 ὅτι
1526 3374 1766 3450 χρῄζετε
1794 3375 2002 3432 τούτων

346 3463 624 3520 ἁπάντων.
663 3487 684 3514 ι
720 3468 939 3533 Ζητεῖτε
986 3461 1045 3518 δὲ
1089 3487 1116 3514 ‹‹
1149 3469 1368 3539 πρῶτον
1417 3467 1521 3534 τήν
1579 3463 1858 3540 βασιλείαν
1890 3470 2002 3537 (91)

354 3555 462 3606 τῶν
521 3551 764 3627 οὐρανων
849 3553 937 3607 xui
1018 3553 1118 3622 τήν
1199 3551 1572 3623 δικαιοσύνην·
1603 3577 1632 3605 υ
1679 3557 1846 3608 ταῦτα
1899 3555 2002 3630 γὰρ

358 3667 383 3697 ι
425 3642 639 3720 μεγάλα
716 3648 897 3716 (9‘2)'»
953 3644 1022 3698 τὰ
1091 3640 1148 3698 δε
1207 3668 1236 3696 ‹‹
1272 3645 1460 3720 μικρὰ,
1497 3668 1525 3695 ››
1581 3643 1670 3698 καὶ
1727 3643 1853 3720 περὶ
1910 3645 2002 3700 τὸν

362 3732 502 3807 βίον,
550 3736 718 3788 ταῦτα
769 3755 793 3786 α
827 3734 1252 3807 προστεθήσεται
1306 3733 1454 3805 ὑμῖν.
1487 3756 1516 3784 ››
1565 3734 1684 3806 Ἆρ’
1732 3734 1834 3788 οὐκ
1862 3732 2006 3788 ἄντι-

357 3842 489 3896 κρυς
545 3822 638 3877 τὸν
690 3822 988 3890 γνωστικὸν
1053 3824 1302 3895 μεθέπειν
1374 3824 1522 3894 ἡμᾶς
1579 3822 2008 3898 παρακελεύεται

365 3911 504 3987 βίον,
539 3909 680 3988 ἔργῳ
711 3931 768 3968 τε
797 3911 886 3966 καὶ
932 3910 1088 3984 λόγῳ
1139 3915 1317 3980 ζητεῖν
1350 3911 1449 3980 τήν
1484 3909 1743 3982 ἀλήθειαν
1777 3911 2010 3988 προτρὲ-

447 4031 510 4094 ›ι‹
540 4032 602 4084 P.
638 4032 740 4083 579
763 4030 874 4083 ΕΙ).
909 4029 1201 4092 POTTER,
1234 4028 1338 4080 488
1370 4028 1482 4081 ED.
1516 4029 1744 4082 PARIS.

1821 4032 1898 4100 (α)
1931 4028 2148 4083 Psalm.
2181 4045 2282 4096 xu,
2314 4028 2367 4096 3,
2400 4029 2452 4092 4,
2487 4030 2538 4082 5.
2567 4028 2641 4098 (b)
2682 4025 3007 4100 Matth.g_v1.
3070 4028 3153 4080 19.
3179 4025 3288 4100 __(c)

2103 445 2262 502 enim
2296 445 2564 502 Christus
2596 463 2800 502 eorum
2828 446 2929 516 qui
2952 445 3262 499 humiliter
3287 462 3348 500 se
3371 448 3601 516 gerunt,
3628 461 3750 499 non

2103 551 2309 590 eorum
2342 537 2442 606 qui
2474 537 2782 608 eriguntur
2804 536 2862 588 in
2887 550 3123 606 gregem
3156 534 3306 604 ejus.
3342 557 3368 581 ‹‹
3404 536 3481 588 Ne
3512 535 3751 589 thesau-

2102 622 2277 678 rizate
2309 639 2446 695 ergo
2469 623 2634 678 vobis
2665 623 2976 678 thesauros
3007 622 3068 675 in
3110 627 3286 687 terra,
3337 621 3437 674 ubi
3488 623 3649 678 tinea
3695 627 3754 678 et

2103 727 2298 783 aerugo
2331 712 2672 779 demolitur,
2707 717 2764 766 et
2804 712 2966 766 fures
3016 710 3305 765 effodiunt
3353 715 3410 764 et
3457 711 3755 766 suffuran-

2103 803 2200 855 tur
2225 801 2320 871 (b),
2348 823 2374 850 ››
2408 801 2659 856 fortasse
2692 801 2932 872 quidem
2967 816 3067 854 eos
3098 800 3398 854 insectans
3422 799 3520 869 qui
3546 803 3756 854 tenen—

2103 895 2199 944 tur
2227 906 2430 944 amore
2463 889 2936 962 possessionum,
2972 889 3118 944 dicit
3147 889 3468 954 Dominus;
3508 887 3755 942 fortasse

2101 983 2300 1033 autem
2333 995 2434 1034 eos
2466 979 2527 1034 in
2555 979 2918 1047 universum,
2952 977 3052 1048 qui
3085 976 3474 1032 sollicitudini
3505 981 3563 1030 et
3591 976 3752 1032 curis

2103 1081 2165 1121 se
2195 1067 2459 1136 dedunt;
2512 1068 2846 1139 quinetiam
2895 1083 2996 1122 eos
3045 1067 3145 1137 qui
3191 1065 3456 1137 corporis
3501 1065 3755 1120 nimium

2104 1156 2352 1212 studiosi
2385 1161 2544 1213 sunt.
2576 1159 2826 1212 Amores
2847 1157 3030 1221 enim,
3056 1160 3113 1210 et
3132 1154 3346 1222 morbi,
3373 1160 3431 1210 et
3459 1154 3631 1210 malae
3653 1171 3754 1210 co-

2101 1245 2440 1317 gitationes,
2472 1245 2766 1301 rationem
2802 1250 2858 1301 et
2889 1249 3080 1301 totum
3129 1243 3438 1298 hominem
3487 1264 3516 1294 «
3562 1243 3755 1314 perfo-

2103 1333 2298 1388 diunt.
2326 1356 2354 1383 »
2387 1335 2489 1388 Est
2513 1339 2710 1390 autem
2743 1349 2914 1389 verus
2945 1338 3151 1387 noster
3180 1354 3205 1381 «
3232 1332 3568 1398 thesaurus,
3596 1354 3623 1381 »
3655 1330 3756 1386 ubi

2104 1427 2194 1478 est
2222 1423 2442 1478 mentis
2465 1423 2734 1496 cognatio
2759 1441 2773 1488 ;
2793 1421 3043 1494 proinde
3066 1421 3620 1476 communicativam
3641 1420 3758 1475 vim

2104 1513 2286 1568 tradit
2313 1513 2585 1583 justitim,
2615 1513 2756 1568 dum
2787 1513 3012 1568 indicat
3032 1517 3306 1584 oportere
3336 1511 3583 1566 reddere
3616 1527 3757 1566 cono

2106 1601 2406 1657 suetudini
2438 1603 2654 1658 veteris
2685 1601 3154 1657 conversationis
3189 1617 3278 1668 ea,
3325 1617 3455 1672 qua:
3504 1599 3575 1655 ab
3625 1600 3756 1670 ipsa

2105 1696 2248 1745 sunt
2275 1690 2448 1746 nobis
2479 1691 2790 1762 acquisita,
2827 1696 2885 1745 et
2931 1690 3004 1746 ad
3054 1691 3239 1744 Deum
3288 1705 3615 1756 recurrere,
3648 1705 3756 1759 pe-

2108 1784 2302 1834 tentes
2343 1779 2836 1835 misericordiam.
2888 1781 2945 1835 Is
2993 1785 3082 1833 est
3124 1794 3329 1834 revera
3374 1800 3402 1827 «
3449 1793 3754 1844 crumena,

2108 1884 2240 1938 quae
2269 1884 2389 1922 non
2418 1869 2753 1935 veterascit,
2787 1889 2814 1917 ››
2839 1868 3121 1923 viaticum
3138 1867 3269 1922 vitm
3293 1871 3551 1934 aeterna,
3575 1889 3601 1916 ‹‹
3630 1867 3760 1920 the-

2109 1973 2322 2012 saurus
2341 1957 2402 2012 in
2425 1956 2570 2012 caalo
2595 1973 2716 2012 non
2738 1957 3025 2012 deﬁciens
3048 1956 3142 2028 (ο),
3168 1978 3195 2005 ››
3219 1955 3503 2027 quoniam
3530 1976 3552 2006 ε
3580 1955 3760 2010 mise-

2106 2063 2246 2102 rens
2263 2046 2614 2116 miserebor,
2635 2046 2808 2120 cujus
2824 2046 3154 2102 miserebor
3174 2046 3276 2118 (ἀ),
3301 2069 3322 2098 ι
3349 2046 3432 2101 ait
3453 2045 3759 2100 Dominus.

2109 2136 2323 2192 Dicunt
2353 2141 2551 2192 autem
2582 2136 2709 2191 haec
2731 2136 2804 2191 iis
2827 2153 3086 2208 quoque,
3110 2135 3210 2206 qui
3235 2135 3443 2190 volunt
3461 2150 3590 2189 esse
3612 2150 3760 2206 pau-

2107 2241 2281 2297 peres
2308 2225 2861 2297 propterjustitiam
2888 2247 2902 2291 ;
2930 2225 3251 2280 audierunt
3269 2225 3428 2278 enim
3456 2241 3562 2295 per
3584 2239 3756 2278 man-

2109 2313 2336 2379 datum,
2370 2336 2398 2363 «
2435 2313 2616 2369 latam
2645 2317 2702 2367 et
2731 2314 3052 2384 spatiosam
3081 2329 3210 2367 esse
3241 2313 3416 2379 viam,
3441 2327 3573 2381 quin
3597 2310 3762 2365 ducit

2108 2404 2182 2458 ad
2241 2403 2590 2468 interitum;
2654 2407 2712 2456 et
2767 2401 3010 2467 multos,
3073 2400 3174 2470 qui
3223 2417 3328 2470 per
3382 2416 3513 2454 eam
3566 2405 3759 2454 trans-

2111 2492 2364 2561 eunt(e).
2400 2512 2427 2538 ››
2461 2491 2539 2544 De
2567 2489 2735 2544 nullo
2768 2489 2885 2543 alio
2921 2489 3204 2559 loquitur,
3237 2504 3415 2558 quam
3439 2488 3510 2542 de
3538 2487 3683 2542 luxu
3704 2492 3764 2542 et

2110 2595 2312 2634 amore
2338 2578 2684 2643 mulierum,
2715 2578 3038 2649 cupiditate
3065 2577 3269 2648 gloria:
3311 2581 3368 2631 et
3397 2575 3656 2648 imperii,
3710 2582 3770 2632 et

2111 2669 2408 2725 similibus
2439 2668 2622 2724 animi
2653 2668 2983 2724 affectibus.
3021 2689 3050 2718 «
3074 2667 3260 2722 Stulte
3291 2690 3312 2718 ι
3340 2668 3521 2735 enim,
3546 2667 3769 2738 inquit,

2110 2781 2140 2809 ‹‹
2173 2759 2284 2814 hac
2311 2763 2484 2813 nocte
2516 2757 2778 2813 animam
2815 2763 2975 2813 tuam
2996 2761 3275 2828 repetunt
3299 2775 3311 2813 ε
3336 2773 3466 2828 quaa
3488 2761 3685 2812 autem
3711 2757 3765 2811 ei

2109 2846 2352 2918 parasti,
2373 2847 2544 2918 cujus
2570 2852 2745 2901 erunt
2765 2848 2834 2917 (Γ)
2856 2845 2884 2900 ?
2907 2868 2934 2895 »
2953 2847 3023 2900 Et
3038 2845 3385 2901 mandatum
3405 2844 3645 2916 quidem
3671 2845 3762 2899 his

2109 2935 2304 2991 verbis
2344 2935 2627 2990 traditum
2659 2941 2786 2991 est:
2821 2956 2848 2984 «
2882 2936 3088 2990 Cavete
3121 2951 3257 3008 ergo
3289 2933 3361 2990 ab
3383 2934 3542 2989 omni
3576 2934 3762 2989 avari-

2111 3026 2212 3093 tia,
2235 3031 2293 3080 et
2310 3024 2481 3096 plura
2497 3024 2757 3080 habendi
2779 3025 3101 3096 cupiditate
3125 3041 3137 3078 :
3157 3025 3441 3095 quoniam
3463 3040 3583 3078 non
3607 3023 3668 3078 in
3694 3039 3761 3078 eo

2114 3113 2270 3184 quod
2303 3113 2480 3168 alicui
2513 3112 2818 3167 abundent
2840 3113 3173 3177 facultates,
3202 3113 3319 3167 vita
3340 3113 3486 3184 ejusl
3511 3113 3591 3183 g).
3613 3112 3766 3178 Quid

2110 3203 2269 3258 enim
2299 3201 2541 3274 prodest
2564 3201 2816 3268 homini,
2859 3201 2906 3255 si
2939 3205 3126 3255 totum
3157 3201 3447 3256 mundum
3475 3201 3759 3267 lucretur,

2109 3309 2182 3348 an
2192 3291 2326 3356 imm
2354 3290 2417 3355 ›ι‹
2437 3297 2634 3346 autem
2659 3307 2779 3345 suae
2801 3289 3226 3345 detrimentum
3243 3289 3461 3344 faciat?
3480 3295 3582 3345 aut
3603 3289 3761 3360 quod

2111 3380 2276 3436 dabit
2292 3380 2468 3435 homo
2487 3379 2744 3451 pretium
2762 3396 2868 3450 pro
2887 3379 3088 3434 anima
3110 3378 3309 3450 sua(h)
3325 3378 3350 3432 ?
3365 3379 3433 3431 Et
3447 3377 3578 3433 ideo
3594 3378 3756 3432 dico:

2110 3471 2194 3526 Ne
2226 3470 2465 3525 solliciti
2497 3469 2625 3524 sitis
2656 3469 2870 3523 animai
2918 3473 3152 3534 vestrae,
3203 3465 3346 3537 quid
3397 3467 3759 3533 comedatis;

2112 3575 2308 3630 neque
2339 3559 2592 3630 corpori,
2629 3557 2771 3629 quid
2803 3555 3158 3612 induamini.
3205 3555 3420 3611 Anima
3467 3555 3626 3609 enim
3677 3560 3767 3610 est

2114 3648 2249 3720 plus
2269 3664 2445 3718 quam
2469 3647 2658 3712 cibus,
2679 3650 2739 3700 et
2758 3661 2972 3715 corpus
2995 3661 3172 3715 quam
3196 3643 3611 3698 indumentum
3632 3644 3712 3715 (ἱ).
3740 3663 3766 3694 ι

2114 3737 2186 3790 Et
2226 3751 2472 3790 rursus:
2520 3757 2547 3784 ‹‹
2599 3734 2718 3788 Scit
2759 3733 2920 3787 enim
2970 3734 3144 3787 Pater
3195 3736 3407 3800 vester,
3466 3731 3623 3801 quod
3676 3732 3770 3786 his

2115 3822 2394 3879 omnibus
2425 3838 2573 3894 Opus
2604 3820 2859 3876 habetis.
2891 3820 3144 3885 Quaerite
3168 3825 3367 3876 autem
3389 3820 3649 3891 primum
3676 3837 3769 3875 re-

2117 3928 2301 3984 gnum
2336 3909 2621 3965 caelorum
2653 3913 2712 3963 et
2732 3907 3064 3980 justitiam;
3099 3930 3127 3958 »
3157 3924 3225 3963 ea
3255 3909 3412 3964 enim
3447 3931 3474 3958 ‹‹
3499 3925 3712 3981 magna
3733 3931 3765 3968 π

3345 4026 3481 4081 Luc.
3542 4043 3644 4094 xu,
3704 4027 3771 4080 32

374 4102 452 4172 (ά)
483 4103 650 4155 Rom.
679 4117 755 4166 iv,
793 4104 856 4154 15
883 4118 896 4166 ;
931 4099 1112 4154 Exod.
1141 4114 1342 4162 xoxui,
1380 4099 1464 4154 19.
1498 4101 1569 4172 (e)
1603 4100 1804 4155 Matth.
1828 4095 1934 4169 'vl'l,
1965 4101 1987 4155 4

2118 4102 2154 4172 Γ)
2187 4101 2322 4155 Luc.
2381 4116 2480 4169 xu,
2541 4095 2630 4154 20.
2687 4098 2766 4170 (g)
2821 4095 2968 4152 lbid.
3026 4099 3114 4151 15-
3169 4097 3252 4169 (h)
3274 4095 3481 4153 Matth.
3535 4114 3646 4166 xvi,
3701 4101 3767 4151 26

363 4175 422 4243 (ἱ)
455 4173 655 4226 Matth.
687 4188 759 4237 vi,
793 4173 853 4224 31
894 4189 907 4237 ;
941 4172 1078 4225 Luc.
1111 4186 1207 4237 xu,
1239 4172 1331 4238 22,
1369 4172 1458 4225 23.

438 4289 550 4352 (80)
580 4282 681 4337 Καὶ
707 4282 867 4340 κλὲπ.
902 4283 1003 4340 Καὶ
1039 4280 1179 4337 ὅπου
1206 4281 1368 4341 κλίπ.
1404 4287 1604 4344 Matth.
1637 4305 1711 4343 v1.

437 4360 549 4437 (31)
580 4356 744 4437 Ἔνθα
789 4355 1158 4437 ἦρ’-συγγένεια
1198 4360 1311 4437 τοῦ.
1343 4360 1460 4437 νού.
1493 4361 1712 4430 Nempe
1751 4360 1814 4437 in
1845 4359 2015 4430 caelo,

366 4429 466 4506 ubi
500 4430 659 4506 Deus
686 4427 872 4506 etgalii
919 4427 1164 4498 spiritus
1215 4429 1529 4486 animabus
1576 4427 1797 4487 nostris
1827 4427 2018 4506 συγγεὲ

363 4504 473 4558 νεῖς
503 4500 794 4555 habitant.

440 4574 553 4651 (82)
583 4571 1005 4651 Ἀναστροφῇςζ
1025 4571 1338 4651 Respicere
1386 4572 1617 4651 videtur
1663 4575 1878 4651 Ephes.
1935 4589 2014 4643 ιν,

369 4641 474 4724 22“:
512 4641 1040 4724 ’i‘anoeé‘cﬁu‘i'puuc
1094 4641 1230 4696 κατὰ
1277 4644 1379 4712 τήν
1446 4641 1729 4719 προτέραν
1758 4641 2018 4720 ἀναστροέ

369 4715 472 4792 φήν
505 4715 595 4768 τὸν
627 4711 860 4792 πμαλαιὸν
884 4711 1191 4792 ἅνθρωπρν-.

440 4790 549 4858 (83)
583 4784 896 4858 Βαλάντιον.
949 4786 1211 4858 Respicit
1267 4787 1403 4858 Luc.
1453 4804 1556 4850 xu.
1614 4789 1700 4841 33.
1748 4788 2020 4856 Ποιήσατε

368 4856 579 4932 εαυτοῖς
626 4856 896 4932 βαλάντια
965 4857 1039 4928 μή
1066 4856 1084 4858 ἡ
1106 4856 1504 4931 παλαιούμενα,
1551 4859 1819 4932 θησαυρὸν
1862 4859 2016 4913 ἀνέκ-

367 4929 588 4985 λειπτον
622 4928 673 5000 ἓν
701 4935 818 4993 τοῖς
838 4928 1112 5000 οὐρανοῖς.

438 5005 549 5072 (84)
582 4998 808 5058 ’Λλεῶν.
841 4998 1022 5056 Abest
1043 5001 1113 5055 ab
1147 5001 1324 5055 Exod.
1361 5006 1417 5056 et
1446 5002 1613 5057 Rom.

440 5078 554 5144 (85)
582 5073 840 5144 Πλατεῖα.
873 5076 915 5128 Ε
945 5073 1234 5144 memoria
1280 5073 1492 5129 recitat
1520 5073 1755 5144 AMatth.
1776 5088 1878 5144 xu,
1909 5074 1972 5126 13
1999 5088 2012 5126 :

371 5140 610 5200 ΙΙλατεῖα
635 5147 670 5214 ἡ
701 5142 876 5213 πύλη,
908 5144 998 5217 xui
1029 5141 1345 5217 εὐρύχωρος
1393 5146 1427 5213 ἡ
1471 5140 1606 5217 ,ὁδος
1649 5145 1684 5212 ἡ
1735 5142 2015 5217 ἀπάγουσα

370 5217 445 5308 είς
469 5211 799 5299 ,ἀπώλειαι
840 5211 932 5270 xui
985 5211 1199 5270 πολλοί
1252 5211 1384 5268 εἰσιν
1418 5211 1488 5269 οἱ
1533 5211 1912 5288 εἰσερχόμενοι
1945 5211 2014 5268 δι’

360 5310 545 5352 αυτης.

608 5365 683 5430 Τῆ
724 5379 792 5432 λν.
843 5379 892 5413 τ.
957 5358 1094 5432 Luc.
1151 5375 1250 5432 _XII,
1302 5361 1413 5432 207;
1446 5356 1674 5432 _Tu61ﬁ_
1707 5355 1859 5412 νυκτὶ
1912 5357 2012 5432 τῂν

361 5427 552 5561 gum;
585 5427 681 5486 σου
711 5430 1030 5486 ἀπαιτοῦσιν
1071 5428 1178 5482 ἀπὸ
1229 5429 1346 5483 σοῦ·
1379 5429 1413 5483 ἅ
1442 5427 1500 5484 δὶ
1545 5427 1875 5502 ἡτυίμασας,
1904 5428 2012 5482 τίνι

391 5525 540 5561 utut:

391 5525 505 5559 σται
526 5525 540 5573 ;

440 5569 551 5649 (87)
582 5573 826 5649 Φυλάσσ.
878 5575 1016 5632 LuC.
1065 5589 1171 5640 XII,
1199 5569 1726 5649 ⁸15εᾎφυλάσσιισθε
1769 5571 1874 5649 ἀπρ
1914 5575 2015 5649 τῇς

369 5643 557 5703 πλέονζ
583 5649 762 5704 Porro
786 5647 848 5703 in
869 5661 1056 5702 unum
1080 5645 1386 5717 conjungit
1403 5646 1546 5701 Luc.’
1563 5662 1664 5714 xu,
1685 5649 1749 5701 15
1771 5662 1783 5700 :
1809 5643 2010 5701 Matth.

2124 4289 2482 4411 xv15226§3vn
2514 4289 2574 4339 21
2608 4302 2621 4352 ;
2660 4285 2796 4342 Luc.
2845 4301 2944 4353 xu,
2998 4287 3088 4352 22,
3133 4285 3222 4352 23,
3269 4285 3358 4352 30,
3409 4286 3513 4352 31;
3564 4285 3766 4342 Matth.

2124 4376 2198 4411 νι.
2297 4400 2311 4411 .
2418 4398 2431 4411 .

2124 4376 2198 4425 νι,
2223 4361 2311 4425 32,
2343 4361 2431 4413 33.

2195 4400 2311 4519 (88)
2338 4429 2457 4484 Οὐκ
2481 4425 2539 4517 ἐν
2573 4429 2747 4519 τῷνπέ
2803 4427 3100 4519 Luc._xi,1,
3323 4423 3437 4511 Οὐὲ
3479 4423 3533 4516 (iv
3565 4429 3642 4496 τῷ
3677 4446 3770 4519 πε-

2121 4495 2381 4576 ρισσεύειν
2397 4499 2541 4576 ῳτινί
2571 4500 2606 4567 ἡ
2629 4495 2756 4576 ζωὴ
2815 4495 2982 4576 αὐτού
3039 4495 3180 4576 ἐστίν
3201 4565 3214 4576 ι
3239 4495 3299 4550 ἐκ
3316 4500 3470 4576 *τῶνε
3489 4495 3768 4576 ὐπαρχόν-

2119 4564 2227 4628 των
2262 4564 2609 4644 αὐτοῦκΜοῂ
2639 4564 2934 4641 interpres
2966 4569 3112 4644 legit
3137 4565 3226 4622 διὰ
3250 4570 3412 4644 τοῦτο
3452 4564 3622 4644 λέγεζ.

2204 4645 2312 4715 (89)
2344 4639 2502 4715 Μηδὲ
2542 4642 2605 4696 τὸ
2661 4639 2821 4715 σῶμά
2868 4660 2917 4696 τ.
2968 4639 3058 4715 πξγ
3083 4642 3196 4715 seu
3235 4641 3441 4715 potius
3472 4639 3553 4715 in'_
3575 4642 3766 4698 dativo

2128 4711 2400 4787 08811,τῷ
2428 4711 2666 4785 σώματι,
2695 4712 2748 4787 τί
2776 4732 2836 4768 π.
2887 4717 2954 4767 ut
2983 4711 3262 4787 ,τῇ-ψυχῇ
3295 4711 3477 4787 ὑμῷν,
3501 4711 3553 4765 τί
3584 4735 3640 4787 φ.
3675 4715 3766 4768 Sic

2127 4778 2301 4860 apud:
2316 4778 2551 4860 Lucani,
2581 4778 2661 4860 τῷ
2682 4783 2917 4855 σώματι,
2939 4781 2992 4837 τί
3013 4778 3766 4854 ἐνδύσησ’θε.’11)ἱάθω’ωοχ,

2125 4855 2182 4928 '3‘,—
2194 4856 2568 4930 qmXﬂ'nlsidv
2592 4855 2794 4930 réO’Tt-‘t.

2196 4923 2305 5000 ('90)
2337 4923 2415 4986 V'O
2463 4929 2648 5001 Πατὴρ
2714 4926 2891 5001 ὐμῶν.
2941 4924 3005 5001 Ὁ
3048 4923 3234 5001 Π-ατήρ
3285 4923 3437 4998 ὑμῶν
3480 4923 3762 5001 οὐράνιος,

2124 4997 2451 5070 Matthaeus,
2482 4997 2658 5072 quem
2690 4997 2961 5054 Clemens
2993 4998 3054 5051 in
3086 4997 3298 5072 ha_c'et_
3331 4997 3602 5069 sequenti
3632 5017 3769 5055 sen-

2123 5073 2329 5198 tegtia,
2362 5069 2530 5126 utin
2579 5087 2668 5141 ea,
2715 5087 2848 5142 quas
2896 5070 3221 5140 praecessit,
3281 5069 3494 5126 Lucam
3528 5078 3764 5126 secutus

2123 5145 2175 5197 vi
2223 5150 2372 5198 etur.

2121 5145 2372 5198 videtur.

2196 5214 2308 5285 (91)
2347 5213 2455 5281 Τὴν
2626 5211 2734 5279 Τήν
2778 5205 3114 5286 ,βασι-λείαν-
3148 5211 3248 5286 ,τοῦ
3305 5214 3496 5286 Θεοῦ,-
3517 5210 3608 5264 xui
3656 5211 3761 5286 _n“,v

2123 5278 2470 5354 διιιαιόσύνην
2516 5278 2715 5352 ἀύτοῦ,
2774 5278 3000 5353 Matth.,
3057 5283 3159 5339 ubi
3213 5301 3370 5352 mox,
3399 5278 3567 5336 ταῦτα
3595 5282 3768 5335 πάντα

2120 5367 2376 5421 προστεθ.

2165 5377 2534 5501 ρῗὲἕῖθῶαὖτα
2588 5425 2867 5501 γὰρ-μετ.
2921 5426 3179 5501 liespicit
3234 5422 3760 5501 ChristiAdictum,

2125 5493 2882 5573 quod'superius'recitavit
2910 5493 3111 5573 Stroip.
3137 5513 3186 5573 ι,
3209 5511 3363 5573 _pag.
3397 5495 3539 5573 3465
3569 5493 3761 5573 ,Αἶτεῖ-

2122 5565 2215 5628 ὁθε
2243 5573 2310 5628 τὰ
2353 5565 2582 5648 μέγάλα,
2640 5567 2730 5624 xui
2782 5567 2850 5625 τὰ
2908 5567 3080 5648 μικρά
3133 5565 3257 5648 ὑμῖν
3303 5565 3758 5648 προστεθήσεται·

2124 5665 2150 5697 ε
2182 5635 2368 5703 Petité
2397 5635 2631 5716 magna,
2660 5647 2719 5700 et
2746 5635 2932 5714 parva
2951 5635 3114 5693 vobis
3140 5635 3516 5708 adjicientur.
3552 5660 3581 5690 »
