  <div class='ocr_page' id='page_1' title='image "/cluster/home/n/w/nwhite01/storage/ocr_20150623/8/mdp.39015008686480/631.png"; bbox 0 0 4004 6144; ppageno 0'>
   <div class='ocr_carea' id='block_1_1' title="bbox 297 211 439 269">
    <p class='ocr_par' dir='ltr' id='par_1_1' title="bbox 297 211 439 269">
     <span class='ocr_line' id='line_1_1' title="bbox 297 211 439 269; baseline -0.028 0"><span class='ocrx_word' id='word_1_1' title='bbox 297 211 439 269; x_wconf 75' lang='grc'>1247</span> 
     </span>
    </p>
   </div>
   <div class='ocr_carea' id='block_1_2' title="bbox 1530 198 2472 272">
    <p class='ocr_par' dir='ltr' id='par_1_2' title="bbox 1530 198 2472 272">
     <span class='ocr_line' id='line_1_2' title="bbox 1530 198 2472 272; baseline -0.007 0"><span class='ocrx_word' id='word_1_2' title='bbox 1530 211 1936 272; x_wconf 76' lang='lat' dir='ltr'>CLum&#39;ns</span> <span class='ocrx_word' id='word_1_3' title='bbox 1973 198 2472 268; x_wconf 71' lang='lat' dir='ltr'>ALEXANDRINI</span> 
     </span>
    </p>
   </div>
   <div class='ocr_carea' id='block_1_3' title="bbox 3565 218 3722 274">
    <p class='ocr_par' dir='ltr' id='par_1_3' title="bbox 3565 218 3722 274">
     <span class='ocr_line' id='line_1_3' title="bbox 3565 218 3722 274; baseline 0.013 -2"><span class='ocrx_word' id='word_1_4' title='bbox 3565 218 3722 274; x_wconf 66' lang='grc'>1248</span> 
     </span>
    </p>
   </div>
   <div class='ocr_carea' id='block_1_4' title="bbox 299 328 1952 415">
    <p class='ocr_par' dir='ltr' id='par_1_4' title="bbox 299 336 1942 410">
     <span class='ocr_line' id='line_1_4' title="bbox 299 336 1942 410; baseline -0.002 -17"><span class='ocrx_word' id='word_1_5' title='bbox 299 342 439 393; x_wconf 88' lang='lat' dir='ltr'>sunt</span> <span class='ocrx_word' id='word_1_6' title='bbox 462 355 474 405; x_wconf 94' lang='lat'>;</span> <span class='ocrx_word' id='word_1_7' title='bbox 509 358 538 386; x_wconf 90' lang='grc'><em>‹‹</em></span> <span class='ocrx_word' id='word_1_8' title='bbox 557 352 736 408; x_wconf 89' lang='lat' dir='ltr'>parva</span> <span class='ocrx_word' id='word_1_9' title='bbox 759 357 786 385; x_wconf 88' lang='lat'>»</span> <span class='ocrx_word' id='word_1_10' title='bbox 811 340 1029 404; x_wconf 89' lang='lat' dir='ltr'>autem,</span> <span class='ocrx_word' id='word_1_11' title='bbox 1052 341 1110 390; x_wconf 90' lang='lat' dir='ltr'>et</span> <span class='ocrx_word' id='word_1_12' title='bbox 1130 352 1261 407; x_wconf 70' lang='lat' dir='ltr'>qum</span> <span class='ocrx_word' id='word_1_13' title='bbox 1283 336 1356 392; x_wconf 88' lang='lat' dir='ltr'>ad</span> <span class='ocrx_word' id='word_1_14' title='bbox 1377 336 1596 393; x_wconf 89' lang='lat' dir='ltr'>victum</span> <span class='ocrx_word' id='word_1_15' title='bbox 1618 336 1942 410; x_wconf 85' lang='lat' dir='ltr'>pertinent,</span> 
     </span>
    </p>
   </div>
   <div class='ocr_carea' id='block_1_5' title="bbox 2071 328 3716 415">
    <p class='ocr_par' dir='ltr' id='par_1_5' title="bbox 2071 328 3716 415">
     <span class='ocr_line' id='line_1_5' title="bbox 2071 328 3716 415; baseline 0.003 -29"><span class='ocrx_word' id='word_1_16' title='bbox 2071 352 2140 387; x_wconf 85' lang='grc' dir='ltr'>τει</span> <span class='ocrx_word' id='word_1_17' title='bbox 2169 350 2182 388; x_wconf 88' lang='lat'><strong>:</strong></span> <span class='ocrx_word' id='word_1_18' title='bbox 2207 328 2479 387; x_wconf 67' lang='grc' dir='ltr'>Πλούσιον</span> <span class='ocrx_word' id='word_1_19' title='bbox 2498 329 2678 386; x_wconf 90' lang='grc' dir='ltr'>τοίνυν</span> <span class='ocrx_word' id='word_1_20' title='bbox 2705 331 2767 387; x_wconf 78' lang='grc' dir='ltr'>οὗ</span> <span class='ocrx_word' id='word_1_21' title='bbox 2787 333 2887 401; x_wconf 73' lang='grc' dir='ltr'>τὴν</span> <span class='ocrx_word' id='word_1_22' title='bbox 2909 329 3080 403; x_wconf 86' lang='grc' dir='ltr'>δόσὶν,</span> <span class='ocrx_word' id='word_1_23' title='bbox 3104 332 3250 390; x_wconf 76' lang='grc' dir='ltr'>ἀλλὰ</span> <span class='ocrx_word' id='word_1_24' title='bbox 3267 336 3367 405; x_wconf 80' lang='grc' dir='ltr'>τήν</span> <span class='ocrx_word' id='word_1_25' title='bbox 3391 337 3716 415; x_wconf 77' lang='grc' dir='ltr'>προαίρεσιν</span> 
     </span>
    </p>
   </div>
   <div class='ocr_carea' id='block_1_6' title="bbox 298 426 1953 500">
    <p class='ocr_par' dir='ltr' id='par_1_6' title="bbox 298 426 1953 500">
     <span class='ocr_line' id='line_1_6' title="bbox 298 426 1953 500; baseline -0.001 -19"><span class='ocrx_word' id='word_1_26' title='bbox 298 445 369 483; x_wconf 89' lang='lat' dir='ltr'>ea</span> <span class='ocrx_word' id='word_1_27' title='bbox 401 450 427 476; x_wconf 91' lang='grc'><strong><em>‹‹</em></strong></span> <span class='ocrx_word' id='word_1_28' title='bbox 452 427 810 500; x_wconf 84' lang='lat' dir='ltr'>adjicientur</span> <span class='ocrx_word' id='word_1_29' title='bbox 835 426 996 480; x_wconf 82' lang='lat' dir='ltr'>vobis</span> <span class='ocrx_word' id='word_1_30' title='bbox 1017 427 1112 496; x_wconf 81' lang='grc' dir='ltr'>(α).</span> <span class='ocrx_word' id='word_1_31' title='bbox 1145 450 1164 474; x_wconf 77' lang='grc' dir='ltr'>ι</span> <span class='ocrx_word' id='word_1_32' title='bbox 1193 429 1408 482; x_wconf 77' lang='lat' dir='ltr'>Annon</span> <span class='ocrx_word' id='word_1_33' title='bbox 1432 433 1633 499; x_wconf 89' lang='lat' dir='ltr'>aperte</span> <span class='ocrx_word' id='word_1_34' title='bbox 1655 426 1953 498; x_wconf 90' lang='lat' dir='ltr'>nosjubet</span> 
     </span>
    </p>
   </div>
   <div class='ocr_carea' id='block_1_7' title="bbox 297 517 1950 588">
    <p class='ocr_par' dir='ltr' id='par_1_7' title="bbox 297 517 1950 588">
     <span class='ocr_line' id='line_1_7' title="bbox 297 517 1950 588; baseline -0.002 -16"><span class='ocrx_word' id='word_1_35' title='bbox 297 517 577 588; x_wconf 85' lang='lat' dir='ltr'>persequi</span> <span class='ocrx_word' id='word_1_36' title='bbox 611 517 785 570; x_wconf 87' lang='lat' dir='ltr'>vitam</span> <span class='ocrx_word' id='word_1_37' title='bbox 812 517 1163 588; x_wconf 89' lang='lat' dir='ltr'>gnosticam.</span> <span class='ocrx_word' id='word_1_38' title='bbox 1199 522 1257 571; x_wconf 90' lang='lat' dir='ltr'>et</span> <span class='ocrx_word' id='word_1_39' title='bbox 1284 517 1460 572; x_wconf 89' lang='lat' dir='ltr'>verbo</span> <span class='ocrx_word' id='word_1_40' title='bbox 1492 523 1552 572; x_wconf 92' lang='lat' dir='ltr'>et</span> <span class='ocrx_word' id='word_1_41' title='bbox 1575 517 1728 572; x_wconf 87' lang='lat' dir='ltr'>facto</span> <span class='ocrx_word' id='word_1_42' title='bbox 1751 517 1950 570; x_wconf 82' lang='lat' dir='ltr'>horta-</span> 
     </span>
    </p>
   </div>
   <div class='ocr_carea' id='block_1_8' title="bbox 301 605 1948 679">
    <p class='ocr_par' dir='ltr' id='par_1_8' title="bbox 301 605 1948 679">
     <span class='ocr_line' id='line_1_8' title="bbox 301 605 1948 679; baseline 0 -19"><span class='ocrx_word' id='word_1_43' title='bbox 301 612 398 660; x_wconf 85' lang='lat' dir='ltr'>tur</span> <span class='ocrx_word' id='word_1_44' title='bbox 430 623 695 676; x_wconf 71' lang='lat' dir='ltr'>quaerere</span> <span class='ocrx_word' id='word_1_45' title='bbox 725 606 1030 660; x_wconf 82' lang='lat' dir='ltr'>veritatem</span> <span class='ocrx_word' id='word_1_46' title='bbox 1054 605 1082 660; x_wconf 85' lang='lat'><strong><em>?</em></strong></span> <span class='ocrx_word' id='word_1_47' title='bbox 1101 606 1346 661; x_wconf 88' lang='lat' dir='ltr'><strong>Divitem</strong></span> <span class='ocrx_word' id='word_1_48' title='bbox 1371 624 1507 679; x_wconf 91' lang='lat' dir='ltr'>ergo</span> <span class='ocrx_word' id='word_1_49' title='bbox 1532 624 1650 662; x_wconf 90' lang='lat' dir='ltr'>non</span> <span class='ocrx_word' id='word_1_50' title='bbox 1674 623 1743 660; x_wconf 86' lang='lat' dir='ltr'>ex</span> <span class='ocrx_word' id='word_1_51' title='bbox 1766 605 1948 661; x_wconf 85' lang='lat' dir='ltr'>dona-</span> 
     </span>
    </p>
   </div>
   <div class='ocr_carea' id='block_1_9' title="bbox 298 694 1952 766">
    <p class='ocr_par' dir='ltr' id='par_1_9' title="bbox 298 694 1952 766">
     <span class='ocr_line' id='line_1_9' title="bbox 298 694 1952 766; baseline -0.001 -18"><span class='ocrx_word' id='word_1_52' title='bbox 298 697 482 759; x_wconf 89' lang='lat' dir='ltr'>tione,</span> <span class='ocrx_word' id='word_1_53' title='bbox 517 695 620 748; x_wconf 92' lang='lat' dir='ltr'>sed</span> <span class='ocrx_word' id='word_1_54' title='bbox 655 711 724 749; x_wconf 88' lang='lat' dir='ltr'>ex</span> <span class='ocrx_word' id='word_1_55' title='bbox 756 696 1061 766; x_wconf 89' lang='lat' dir='ltr'>pr0posito</span> <span class='ocrx_word' id='word_1_56' title='bbox 1093 697 1348 751; x_wconf 64' lang='lat' dir='ltr'>azstimat</span> <span class='ocrx_word' id='word_1_57' title='bbox 1372 697 1660 764; x_wconf 76' lang='lat' dir='ltr'>Christus,</span> <span class='ocrx_word' id='word_1_58' title='bbox 1695 695 1796 766; x_wconf 86' lang='lat' dir='ltr'>qui</span> <span class='ocrx_word' id='word_1_59' title='bbox 1823 694 1952 750; x_wconf 90' lang='lat' dir='ltr'>ani-</span> 
     </span>
    </p>
   </div>
   <div class='ocr_carea' id='block_1_10' title="bbox 300 783 1952 854">
    <p class='ocr_par' dir='ltr' id='par_1_10' title="bbox 300 783 1952 854">
     <span class='ocr_line' id='line_1_10' title="bbox 300 783 1952 854; baseline -0.001 -15"><span class='ocrx_word' id='word_1_60' title='bbox 300 801 460 839; x_wconf 87' lang='lat' dir='ltr'>mam</span> <span class='ocrx_word' id='word_1_61' title='bbox 492 785 769 838; x_wconf 73' lang='lat' dir='ltr'>instituit.</span> <span class='ocrx_word' id='word_1_62' title='bbox 803 785 1058 840; x_wconf 85' lang='lat' dir='ltr'>Proinde</span> <span class='ocrx_word' id='word_1_63' title='bbox 1089 787 1453 854; x_wconf 69' lang='lat' dir='ltr'>Zacchasum,</span> <span class='ocrx_word' id='word_1_64' title='bbox 1479 791 1600 852; x_wconf 89' lang='lat' dir='ltr'>aut,</span> <span class='ocrx_word' id='word_1_65' title='bbox 1621 783 1952 840; x_wconf 88' lang='lat' dir='ltr'>secundum</span> 
     </span>
    </p>
   </div>
   <div class='ocr_carea' id='block_1_11' title="bbox 301 873 1953 947">
    <p class='ocr_par' dir='ltr' id='par_1_11' title="bbox 301 873 1953 947">
     <span class='ocr_line' id='line_1_11' title="bbox 301 873 1953 947; baseline -0.001 -19"><span class='ocrx_word' id='word_1_66' title='bbox 301 873 474 942; x_wconf 88' lang='lat' dir='ltr'>alios,</span> <span class='ocrx_word' id='word_1_67' title='bbox 535 873 862 939; x_wconf 83' lang='lat' dir='ltr'>Matthiam,</span> <span class='ocrx_word' id='word_1_68' title='bbox 911 874 1364 945; x_wconf 83' lang='lat' dir='ltr'>publicanorum</span> <span class='ocrx_word' id='word_1_69' title='bbox 1413 875 1766 947; x_wconf 85' lang='lat' dir='ltr'>principem,</span> <span class='ocrx_word' id='word_1_70' title='bbox 1817 889 1953 928; x_wconf 92' lang='lat' dir='ltr'>cum</span> 
     </span>
    </p>
   </div>
   <div class='ocr_carea' id='block_1_12' title="bbox 300 963 1952 1036">
    <p class='ocr_par' dir='ltr' id='par_1_12' title="bbox 300 963 1952 1036">
     <span class='ocr_line' id='line_1_12' title="bbox 300 963 1952 1036; baseline -0.001 -18"><span class='ocrx_word' id='word_1_71' title='bbox 300 963 590 1018; x_wconf 86' lang='lat' dir='ltr'>audiisset</span> <span class='ocrx_word' id='word_1_72' title='bbox 612 964 928 1017; x_wconf 91' lang='lat' dir='ltr'>Dominum</span> <span class='ocrx_word' id='word_1_73' title='bbox 948 963 1251 1036; x_wconf 89' lang='lat' dir='ltr'>dignatum</span> <span class='ocrx_word' id='word_1_74' title='bbox 1269 964 1451 1020; x_wconf 88' lang='lat' dir='ltr'>fuisse</span> <span class='ocrx_word' id='word_1_75' title='bbox 1471 981 1672 1019; x_wconf 91' lang='lat' dir='ltr'>secum</span> <span class='ocrx_word' id='word_1_76' title='bbox 1692 979 1952 1018; x_wconf 90' lang='lat' dir='ltr'>commo-</span> 
     </span>
    </p>
   </div>
   <div class='ocr_carea' id='block_1_13' title="bbox 301 1052 1950 1121">
    <p class='ocr_par' dir='ltr' id='par_1_13' title="bbox 301 1052 1950 1121">
     <span class='ocr_line' id='line_1_13' title="bbox 301 1052 1950 1121; baseline -0.001 -14"><span class='ocrx_word' id='word_1_77' title='bbox 301 1052 440 1121; x_wconf 89' lang='lat' dir='ltr'>rari,</span> <span class='ocrx_word' id='word_1_78' title='bbox 477 1052 696 1107; x_wconf 80' lang='lat' dir='ltr'>dixisse</span> <span class='ocrx_word' id='word_1_79' title='bbox 729 1053 963 1107; x_wconf 89' lang='lat' dir='ltr'>ferunt:</span> <span class='ocrx_word' id='word_1_80' title='bbox 998 1077 1023 1102; x_wconf 85' lang='lat'><strong>«</strong></span> <span class='ocrx_word' id='word_1_81' title='bbox 1080 1055 1348 1120; x_wconf 89' lang='lat' dir='ltr'>Domine,</span> <span class='ocrx_word' id='word_1_82' title='bbox 1402 1054 1717 1109; x_wconf 91' lang='lat' dir='ltr'>dimidium</span> <span class='ocrx_word' id='word_1_83' title='bbox 1766 1053 1950 1107; x_wconf 90' lang='lat' dir='ltr'>bono-</span> 
     </span>
    </p>
   </div>
   <div class='ocr_carea' id='block_1_14' title="bbox 299 1141 1951 1213">
    <p class='ocr_par' dir='ltr' id='par_1_14' title="bbox 299 1141 1951 1213">
     <span class='ocr_line' id='line_1_14' title="bbox 299 1141 1951 1213; baseline -0.001 -17"><span class='ocrx_word' id='word_1_84' title='bbox 299 1159 434 1196; x_wconf 89' lang='lat' dir='ltr'>rum</span> <span class='ocrx_word' id='word_1_85' title='bbox 461 1158 731 1196; x_wconf 89' lang='lat' dir='ltr'>meorum</span> <span class='ocrx_word' id='word_1_86' title='bbox 766 1141 840 1196; x_wconf 95' lang='lat' dir='ltr'>do</span> <span class='ocrx_word' id='word_1_87' title='bbox 869 1141 1333 1213; x_wconf 84' lang='lat' dir='ltr'>eleemosynam,</span> <span class='ocrx_word' id='word_1_88' title='bbox 1385 1148 1443 1197; x_wconf 91' lang='lat' dir='ltr'>et</span> <span class='ocrx_word' id='word_1_89' title='bbox 1473 1144 1519 1197; x_wconf 89' lang='lat' dir='ltr'>si</span> <span class='ocrx_word' id='word_1_90' title='bbox 1551 1142 1804 1213; x_wconf 81' lang='lat' dir='ltr'>alicujus</span> <span class='ocrx_word' id='word_1_91' title='bbox 1833 1141 1951 1196; x_wconf 88' lang='lat' dir='ltr'>ali—</span> 
     </span>
    </p>
   </div>
   <div class='ocr_carea' id='block_1_15' title="bbox 303 1230 1950 1302">
    <p class='ocr_par' dir='ltr' id='par_1_15' title="bbox 303 1230 1950 1302">
     <span class='ocr_line' id='line_1_15' title="bbox 303 1230 1950 1302; baseline 0 -18"><span class='ocrx_word' id='word_1_92' title='bbox 303 1230 448 1300; x_wconf 91' lang='lat' dir='ltr'>quid</span> <span class='ocrx_word' id='word_1_93' title='bbox 479 1230 658 1285; x_wconf 82' lang='lat' dir='ltr'>habui</span> <span class='ocrx_word' id='word_1_94' title='bbox 693 1247 799 1301; x_wconf 90' lang='lat' dir='ltr'>per</span> <span class='ocrx_word' id='word_1_95' title='bbox 828 1230 1213 1298; x_wconf 89' lang='lat' dir='ltr'>calumniam,</span> <span class='ocrx_word' id='word_1_96' title='bbox 1247 1231 1430 1286; x_wconf 92' lang='lat' dir='ltr'>reddo</span> <span class='ocrx_word' id='word_1_97' title='bbox 1463 1230 1884 1302; x_wconf 88' lang='lat' dir='ltr'>quadruplum.</span> <span class='ocrx_word' id='word_1_98' title='bbox 1924 1249 1950 1278; x_wconf 85' lang='lat'><strong>»</strong></span> 
     </span>
    </p>
   </div>
   <div class='ocr_carea' id='block_1_16' title="bbox 302 1319 1952 1390">
    <p class='ocr_par' dir='ltr' id='par_1_16' title="bbox 302 1319 1952 1390">
     <span class='ocr_line' id='line_1_16' title="bbox 302 1319 1952 1390; baseline 0 -16"><span class='ocrx_word' id='word_1_99' title='bbox 302 1320 467 1374; x_wconf 90' lang='lat' dir='ltr'>Unde</span> <span class='ocrx_word' id='word_1_100' title='bbox 498 1320 673 1374; x_wconf 88' lang='lat' dir='ltr'>etiam</span> <span class='ocrx_word' id='word_1_101' title='bbox 707 1319 1016 1390; x_wconf 83' lang='lat' dir='ltr'>respondit</span> <span class='ocrx_word' id='word_1_102' title='bbox 1045 1321 1352 1375; x_wconf 87' lang='lat' dir='ltr'>Servator:</span> <span class='ocrx_word' id='word_1_103' title='bbox 1386 1343 1414 1370; x_wconf 87' lang='lat'><strong><em>«</em></strong></span> <span class='ocrx_word' id='word_1_104' title='bbox 1458 1320 1641 1375; x_wconf 91' lang='lat' dir='ltr'>Filius</span> <span class='ocrx_word' id='word_1_105' title='bbox 1690 1319 1952 1374; x_wconf 86' lang='lat' dir='ltr'>hominis</span> 
     </span>
    </p>
   </div>
   <div class='ocr_carea' id='block_1_17' title="bbox 304 1407 1954 1482">
    <p class='ocr_par' dir='ltr' id='par_1_17' title="bbox 304 1407 1954 1482">
     <span class='ocr_line' id='line_1_17' title="bbox 304 1407 1954 1482; baseline -0.001 -18"><span class='ocrx_word' id='word_1_106' title='bbox 304 1426 442 1464; x_wconf 92' lang='lat' dir='ltr'>cum</span> <span class='ocrx_word' id='word_1_107' title='bbox 475 1409 735 1463; x_wconf 86' lang='lat' dir='ltr'>venisset</span> <span class='ocrx_word' id='word_1_108' title='bbox 765 1407 962 1475; x_wconf 88' lang='lat' dir='ltr'>hodie,</span> <span class='ocrx_word' id='word_1_109' title='bbox 997 1409 1221 1464; x_wconf 88' lang='lat' dir='ltr'>invenit</span> <span class='ocrx_word' id='word_1_110' title='bbox 1251 1410 1411 1480; x_wconf 92' lang='lat' dir='ltr'>quod</span> <span class='ocrx_word' id='word_1_111' title='bbox 1437 1409 1806 1482; x_wconf 88' lang='lat' dir='ltr'>perierat(b).</span> <span class='ocrx_word' id='word_1_112' title='bbox 1832 1430 1860 1458; x_wconf 85' lang='lat'>»</span> <span class='ocrx_word' id='word_1_113' title='bbox 1884 1410 1954 1462; x_wconf 88' lang='lat' dir='ltr'>Et</span> 
     </span>
    </p>
   </div>
   <div class='ocr_carea' id='block_1_18' title="bbox 306 1498 1952 1571">
    <p class='ocr_par' dir='ltr' id='par_1_18' title="bbox 306 1498 1952 1571">
     <span class='ocr_line' id='line_1_18' title="bbox 306 1498 1952 1571; baseline 0 -18"><span class='ocrx_word' id='word_1_114' title='bbox 306 1516 535 1570; x_wconf 87' lang='lat' dir='ltr'>rursus,</span> <span class='ocrx_word' id='word_1_115' title='bbox 569 1515 703 1553; x_wconf 88' lang='lat' dir='ltr'>cum</span> <span class='ocrx_word' id='word_1_116' title='bbox 740 1498 985 1553; x_wconf 87' lang='lat' dir='ltr'>vidisset</span> <span class='ocrx_word' id='word_1_117' title='bbox 1018 1520 1043 1550; x_wconf 70' lang='grc' dir='ltr'><strong><em>α</em></strong></span> <span class='ocrx_word' id='word_1_118' title='bbox 1070 1499 1131 1554; x_wconf 90' lang='lat' dir='ltr'>in</span> <span class='ocrx_word' id='word_1_119' title='bbox 1156 1499 1700 1571; x_wconf 82' lang='lat' dir='ltr'>gazophylacium»</span> <span class='ocrx_word' id='word_1_120' title='bbox 1734 1498 1952 1570; x_wconf 90' lang='lat' dir='ltr'>jecisse</span> 
     </span>
    </p>
   </div>
   <div class='ocr_carea' id='block_1_19' title="bbox 301 1574 1951 1659">
    <p class='ocr_par' dir='ltr' id='par_1_19' title="bbox 301 1574 1951 1659">
     <span class='ocr_line' id='line_1_19' title="bbox 301 1574 1951 1659; baseline 0.001 -19"><span class='ocrx_word' id='word_1_121' title='bbox 301 1587 544 1659; x_wconf 89' lang='lat' dir='ltr'>quidem</span> <span class='ocrx_word' id='word_1_122' title='bbox 575 1609 603 1638; x_wconf 85' lang='grc'>‹‹</span> <span class='ocrx_word' id='word_1_123' title='bbox 631 1587 870 1641; x_wconf 88' lang='lat' dir='ltr'>divitem</span> <span class='ocrx_word' id='word_1_124' title='bbox 897 1609 923 1635; x_wconf 83' lang='lat'><strong>»</strong></span> <span class='ocrx_word' id='word_1_125' title='bbox 948 1574 1520 1643; x_wconf 19' lang='lat' dir='ltr'>convenienter‘suis</span> <span class='ocrx_word' id='word_1_126' title='bbox 1549 1587 1951 1652; x_wconf 84' lang='lat' dir='ltr'>facultatibus,</span> 
     </span>
    </p>
   </div>
   <div class='ocr_carea' id='block_1_20' title="bbox 2053 419 3709 498">
    <p class='ocr_par' dir='ltr' id='par_1_20' title="bbox 2053 419 3709 498">
     <span class='ocr_line' id='line_1_20' title="bbox 2053 419 3709 498; baseline 0.007 -24"><span class='ocrx_word' id='word_1_127' title='bbox 2053 420 2332 496; x_wconf 82' lang='grc' dir='ltr'>λογίζεται</span> <span class='ocrx_word' id='word_1_128' title='bbox 2365 422 2392 476; x_wconf 86' lang='grc' dir='ltr'>ὁ</span> <span class='ocrx_word' id='word_1_129' title='bbox 2419 419 2690 476; x_wconf 73' lang='grc' dir='ltr'>παιδεύων</span> <span class='ocrx_word' id='word_1_130' title='bbox 2713 422 2811 490; x_wconf 73' lang='grc' dir='ltr'>τήν</span> <span class='ocrx_word' id='word_1_131' title='bbox 2831 424 3017 498; x_wconf 77' lang='grc' dir='ltr'>ψυχὴν</span> <span class='ocrx_word' id='word_1_132' title='bbox 3051 424 3304 498; x_wconf 80' lang='grc' dir='ltr'>Χριστός.</span> <span class='ocrx_word' id='word_1_133' title='bbox 3331 427 3561 482; x_wconf 73' lang='grc' dir='ltr'>Ζαχαῖον</span> <span class='ocrx_word' id='word_1_134' title='bbox 3582 431 3709 484; x_wconf 85' lang='grc' dir='ltr'>τοί-</span> 
     </span>
    </p>
   </div>
   <div class='ocr_carea' id='block_1_21' title="bbox 2053 508 3714 588">
    <p class='ocr_par' dir='ltr' id='par_1_21' title="bbox 2053 508 3714 588">
     <span class='ocr_line' id='line_1_21' title="bbox 2053 508 3714 588; baseline 0.005 -24"><span class='ocrx_word' id='word_1_135' title='bbox 2053 532 2168 578; x_wconf 87' lang='grc' dir='ltr'>νυν,</span> <span class='ocrx_word' id='word_1_136' title='bbox 2203 512 2253 564; x_wconf 72' lang='grc' dir='ltr'>οἱ</span> <span class='ocrx_word' id='word_1_137' title='bbox 2280 508 2337 564; x_wconf 81' lang='grc' dir='ltr'>δὲ</span> <span class='ocrx_word' id='word_1_138' title='bbox 2368 509 2607 574; x_wconf 80' lang='grc' dir='ltr'>Ματθίαν</span> <span class='ocrx_word' id='word_1_139' title='bbox 2641 510 2820 588; x_wconf 77' lang='grc' dir='ltr'>φασὶν,</span> <span class='ocrx_word' id='word_1_140' title='bbox 2854 511 3257 587; x_wconf 84' lang='grc' dir='ltr'>ἀρχιτελώνην,</span> <span class='ocrx_word' id='word_1_141' title='bbox 3305 514 3578 586; x_wconf 72' lang='grc' dir='ltr'>ἀκηκοότα</span> <span class='ocrx_word' id='word_1_142' title='bbox 3605 524 3714 573; x_wconf 83' lang='grc' dir='ltr'>τοῦ</span> 
     </span>
    </p>
   </div>
   <div class='ocr_carea' id='block_1_22' title="bbox 2055 601 3719 679">
    <p class='ocr_par' dir='ltr' id='par_1_22' title="bbox 2055 601 3719 679">
     <span class='ocr_line' id='line_1_22' title="bbox 2055 601 3719 679; baseline 0.004 -24"><span class='ocrx_word' id='word_1_143' title='bbox 2055 601 2260 674; x_wconf 80' lang='grc' dir='ltr'>Κυρίου</span> <span class='ocrx_word' id='word_1_144' title='bbox 2289 601 2718 672; x_wconf 71' lang='grc' dir='ltr'>καταξιώσαντος</span> <span class='ocrx_word' id='word_1_145' title='bbox 2750 603 2886 678; x_wconf 83' lang='grc' dir='ltr'>πρὸς</span> <span class='ocrx_word' id='word_1_146' title='bbox 2919 603 3081 657; x_wconf 83' lang='grc' dir='ltr'>αὐτὸν</span> <span class='ocrx_word' id='word_1_147' title='bbox 3108 604 3375 679; x_wconf 71' lang='grc' dir='ltr'>γενέσθαι,</span> <span class='ocrx_word' id='word_1_148' title='bbox 3411 631 3439 658; x_wconf 85' lang='grc'>‹‹</span> <span class='ocrx_word' id='word_1_149' title='bbox 3474 605 3612 662; x_wconf 61' lang='grc' dir='ltr'>Ἰδού</span> <span class='ocrx_word' id='word_1_150' title='bbox 3646 610 3719 663; x_wconf 73' lang='grc' dir='ltr'>τὰ</span> 
     </span>
    </p>
   </div>
   <div class='ocr_carea' id='block_1_23' title="bbox 2053 687 3719 775">
    <p class='ocr_par' dir='ltr' id='par_1_23' title="bbox 2053 687 3719 775">
     <span class='ocr_line' id='line_1_23' title="bbox 2053 687 3719 775; baseline 0.004 -32"><span class='ocrx_word' id='word_1_151' title='bbox 2053 687 2232 762; x_wconf 72' lang='grc' dir='ltr'>ἡμίση</span> <span class='ocrx_word' id='word_1_152' title='bbox 2257 693 2363 744; x_wconf 91' lang='grc' dir='ltr'>τῶν</span> <span class='ocrx_word' id='word_1_153' title='bbox 2390 691 2745 766; x_wconf 76' lang='grc' dir='ltr'>ὑπαρχόντων</span> <span class='ocrx_word' id='word_1_154' title='bbox 2773 711 2877 764; x_wconf 84' lang='grc' dir='ltr'>μου</span> <span class='ocrx_word' id='word_1_155' title='bbox 2902 687 3104 766; x_wconf 84' lang='grc' dir='ltr'>δίδωμι</span> <span class='ocrx_word' id='word_1_156' title='bbox 3129 692 3532 768; x_wconf 68' lang='grc' dir='ltr'>ἐλεημοσύνην,</span> <span class='ocrx_word' id='word_1_157' title='bbox 3555 721 3582 747; x_wconf 88' lang='grc'><strong>››</strong></span> <span class='ocrx_word' id='word_1_158' title='bbox 3601 697 3679 775; x_wconf 68' lang='grc' dir='ltr'><em>φά</em></span> <span class='ocrx_word' id='word_1_159' title='bbox 3702 729 3719 738; x_wconf 87' lang='lat'><strong>-</strong></span> 
     </span>
    </p>
   </div>
   <div class='ocr_carea' id='block_1_24' title="bbox 2053 780 3715 862">
    <p class='ocr_par' dir='ltr' id='par_1_24' title="bbox 2053 780 3715 862">
     <span class='ocr_line' id='line_1_24' title="bbox 2053 780 3715 862; baseline 0.005 -27"><span class='ocrx_word' id='word_1_160' title='bbox 2053 803 2162 854; x_wconf 82' lang='grc' dir='ltr'>ναι,</span> <span class='ocrx_word' id='word_1_161' title='bbox 2192 806 2219 832; x_wconf 93' lang='grc'>‹‹</span> <span class='ocrx_word' id='word_1_162' title='bbox 2264 780 2433 856; x_wconf 80' lang='grc' dir='ltr'>Κύριε</span> <span class='ocrx_word' id='word_1_163' title='bbox 2457 784 2590 856; x_wconf 85' lang='grc'>(93)’</span> <span class='ocrx_word' id='word_1_164' title='bbox 2625 783 2712 837; x_wconf 88' lang='grc' dir='ltr'>καὶ</span> <span class='ocrx_word' id='word_1_165' title='bbox 2744 780 2798 838; x_wconf 83' lang='grc' dir='ltr'>εἷ’</span> <span class='ocrx_word' id='word_1_166' title='bbox 2818 784 2966 845; x_wconf 92' lang='grc' dir='ltr'>τινός</span> <span class='ocrx_word' id='word_1_167' title='bbox 2997 805 3049 838; x_wconf 92' lang='grc' dir='ltr'>τι</span> <span class='ocrx_word' id='word_1_168' title='bbox 3082 783 3488 862; x_wconf 64' lang='grc' dir='ltr'>ἐσυκοφάντησα</span> <span class='ocrx_word' id='word_1_169' title='bbox 3513 809 3715 861; x_wconf 80' lang='grc' dir='ltr'>τετρα-</span> 
     </span>
    </p>
   </div>
   <div class='ocr_carea' id='block_1_25' title="bbox 2053 868 3716 949">
    <p class='ocr_par' dir='ltr' id='par_1_25' title="bbox 2053 868 3716 949">
     <span class='ocr_line' id='line_1_25' title="bbox 2053 868 3716 949; baseline 0.004 -25"><span class='ocrx_word' id='word_1_170' title='bbox 2053 868 2228 924; x_wconf 88' lang='grc' dir='ltr'>πλοῦν</span> <span class='ocrx_word' id='word_1_171' title='bbox 2262 868 2597 944; x_wconf 78' lang='grc' dir='ltr'>ἀποδίδωμιο</span> <span class='ocrx_word' id='word_1_172' title='bbox 2623 895 2650 924; x_wconf 84' lang='grc'>››</span> <span class='ocrx_word' id='word_1_173' title='bbox 2685 870 2767 948; x_wconf 69' lang='grc' dir='ltr'>ἐφ’</span> <span class='ocrx_word' id='word_1_174' title='bbox 2789 873 2851 926; x_wconf 81' lang='grc' dir='ltr'>οὗ</span> <span class='ocrx_word' id='word_1_175' title='bbox 2872 873 2960 927; x_wconf 76' lang='grc' dir='ltr'>καὶ</span> <span class='ocrx_word' id='word_1_176' title='bbox 2989 874 3016 928; x_wconf 74' lang='grc' dir='ltr'><strong>ὁ</strong></span> <span class='ocrx_word' id='word_1_177' title='bbox 3045 876 3241 949; x_wconf 76' lang='grc' dir='ltr'>Σωτὴρ</span> <span class='ocrx_word' id='word_1_178' title='bbox 3271 877 3438 930; x_wconf 81' lang='grc' dir='ltr'>εἶπεν·</span> <span class='ocrx_word' id='word_1_179' title='bbox 3468 901 3487 926; x_wconf 76' lang='grc' dir='ltr'>ι</span> <span class='ocrx_word' id='word_1_180' title='bbox 3519 877 3716 938; x_wconf 73' lang='grc' dir='ltr'>ὈΥἱὸς</span> 
     </span>
    </p>
   </div>
   <div class='ocr_carea' id='block_1_26' title="bbox 2050 957 3720 1039">
    <p class='ocr_par' dir='ltr' id='par_1_26' title="bbox 2050 957 3720 1039">
     <span class='ocr_line' id='line_1_26' title="bbox 2050 957 3720 1039; baseline 0.005 -27"><span class='ocrx_word' id='word_1_181' title='bbox 2050 963 2149 1013; x_wconf 86' lang='grc' dir='ltr'>τοῦ</span> <span class='ocrx_word' id='word_1_182' title='bbox 2173 960 2462 1034; x_wconf 78' lang='grc' dir='ltr'>ἀνθρώπου</span> <span class='ocrx_word' id='word_1_183' title='bbox 2489 963 2598 1033; x_wconf 87' lang='lat'>(94)</span> <span class='ocrx_word' id='word_1_184' title='bbox 2621 957 2797 1023; x_wconf 83' lang='grc' dir='ltr'>ἐλθὼν</span> <span class='ocrx_word' id='word_1_185' title='bbox 2823 962 3154 1036; x_wconf 83' lang='grc' dir='ltr'>σήμερον,τὸ</span> <span class='ocrx_word' id='word_1_186' title='bbox 3177 961 3471 1025; x_wconf 75' lang='grc' dir='ltr'>ἀπολωλὸς</span> <span class='ocrx_word' id='word_1_187' title='bbox 3501 962 3720 1039; x_wconf 79' lang='grc' dir='ltr'>εὗρεν.»</span> 
     </span>
    </p>
   </div>
   <div class='ocr_carea' id='block_1_27' title="bbox 2053 1047 3712 1128">
    <p class='ocr_par' dir='ltr' id='par_1_27' title="bbox 2053 1047 3712 1128">
     <span class='ocr_line' id='line_1_27' title="bbox 2053 1047 3712 1128; baseline 0.001 -26"><span class='ocrx_word' id='word_1_188' title='bbox 2053 1048 2226 1103; x_wconf 79' lang='grc' dir='ltr'>Πάλιν</span> <span class='ocrx_word' id='word_1_189' title='bbox 2257 1069 2316 1104; x_wconf 91' lang='grc' dir='ltr'>τε</span> <span class='ocrx_word' id='word_1_190' title='bbox 2345 1047 2409 1103; x_wconf 78' lang='grc' dir='ltr'>αὖ</span> <span class='ocrx_word' id='word_1_191' title='bbox 2456 1049 2781 1123; x_wconf 83' lang='grc' dir='ltr'>θεασάμενος</span> <span class='ocrx_word' id='word_1_192' title='bbox 2831 1051 2908 1112; x_wconf 84' lang='grc' dir='ltr'>εἷς</span> <span class='ocrx_word' id='word_1_193' title='bbox 2952 1052 3014 1105; x_wconf 85' lang='grc' dir='ltr'>τὸ</span> <span class='ocrx_word' id='word_1_194' title='bbox 3065 1052 3467 1128; x_wconf 69' lang='grc' dir='ltr'>γαζοφυλάκιον</span> <span class='ocrx_word' id='word_1_195' title='bbox 3495 1077 3520 1103; x_wconf 91' lang='grc'>‹‹</span> <span class='ocrx_word' id='word_1_196' title='bbox 3549 1055 3641 1107; x_wconf 82' lang='grc' dir='ltr'>τὸν</span> <span class='ocrx_word' id='word_1_197' title='bbox 3689 1077 3712 1103; x_wconf 75' lang='grc' dir='ltr'>ι</span> 
     </span>
    </p>
   </div>
   <div class='ocr_carea' id='block_1_28' title="bbox 2060 1135 3718 1215">
    <p class='ocr_par' dir='ltr' id='par_1_28' title="bbox 2060 1135 3718 1215">
     <span class='ocr_line' id='line_1_28' title="bbox 2060 1135 3718 1215; baseline 0.001 -23"><span class='ocrx_word' id='word_1_198' title='bbox 2060 1139 2152 1212; x_wconf 71' lang='grc' dir='ltr'>μὲν</span> <span class='ocrx_word' id='word_1_199' title='bbox 2194 1159 2214 1188; x_wconf 77' lang='grc' dir='ltr'>ι</span> <span class='ocrx_word' id='word_1_200' title='bbox 2248 1137 2516 1194; x_wconf 71' lang='grc' dir='ltr'>πλούσιον</span> <span class='ocrx_word' id='word_1_201' title='bbox 2555 1164 2576 1189; x_wconf 77' lang='grc' dir='ltr'>ι</span> <span class='ocrx_word' id='word_1_202' title='bbox 2613 1141 2726 1213; x_wconf 83' lang='grc'>(95)</span> <span class='ocrx_word' id='word_1_203' title='bbox 2756 1138 3040 1214; x_wconf 82' lang='grc' dir='ltr'>ἀναλόγως</span> <span class='ocrx_word' id='word_1_204' title='bbox 3081 1147 3142 1210; x_wconf 83' lang='grc' dir='ltr'>τῆ</span> <span class='ocrx_word' id='word_1_205' title='bbox 3174 1141 3362 1211; x_wconf 86' lang='grc' dir='ltr'>κτήσει</span> <span class='ocrx_word' id='word_1_206' title='bbox 3400 1135 3718 1215; x_wconf 73' lang='grc' dir='ltr'>βεϐληκότα</span> 
     </span>
    </p>
   </div>
   <div class='ocr_carea' id='block_1_29' title="bbox 2059 1224 3716 1306">
    <p class='ocr_par' dir='ltr' id='par_1_29' title="bbox 2059 1224 3716 1306">
     <span class='ocr_line' id='line_1_29' title="bbox 2059 1224 3716 1306; baseline 0.004 -29"><span class='ocrx_word' id='word_1_207' title='bbox 2059 1251 2086 1278; x_wconf 75' lang='grc' dir='ltr'>(ι</span> <span class='ocrx_word' id='word_1_208' title='bbox 2106 1227 2206 1296; x_wconf 72' lang='grc' dir='ltr'>τὴν</span> <span class='ocrx_word' id='word_1_209' title='bbox 2229 1250 2257 1278; x_wconf 84' lang='grc'><strong>››</strong></span> <span class='ocrx_word' id='word_1_210' title='bbox 2281 1224 2338 1281; x_wconf 73' lang='grc' dir='ltr'>δὲ</span> <span class='ocrx_word' id='word_1_211' title='bbox 2361 1253 2387 1279; x_wconf 89' lang='grc'>‹‹</span> <span class='ocrx_word' id='word_1_212' title='bbox 2415 1229 2593 1303; x_wconf 82' lang='grc' dir='ltr'>χήραν</span> <span class='ocrx_word' id='word_1_213' title='bbox 2620 1251 2648 1278; x_wconf 88' lang='grc'><strong>››</strong></span> <span class='ocrx_word' id='word_1_214' title='bbox 2673 1227 2919 1302; x_wconf 85' lang='grc' dir='ltr'>χαλκοῦς</span> <span class='ocrx_word' id='word_1_215' title='bbox 2946 1226 3064 1294; x_wconf 80' lang='grc' dir='ltr'>δύο,</span> <span class='ocrx_word' id='word_1_216' title='bbox 3089 1252 3119 1280; x_wconf 88' lang='grc'>‹‹</span> <span class='ocrx_word' id='word_1_217' title='bbox 3143 1228 3337 1284; x_wconf 84' lang='grc' dir='ltr'>πλεῖον</span> <span class='ocrx_word' id='word_1_218' title='bbox 3367 1253 3395 1280; x_wconf 85' lang='grc'><strong>››</strong></span> <span class='ocrx_word' id='word_1_219' title='bbox 3423 1226 3526 1306; x_wconf 74' lang='grc' dir='ltr'>’ἐφη</span> <span class='ocrx_word' id='word_1_220' title='bbox 3554 1255 3582 1281; x_wconf 88' lang='grc'>‹‹</span> <span class='ocrx_word' id='word_1_221' title='bbox 3605 1232 3716 1299; x_wconf 77' lang='grc' dir='ltr'>τήν</span> 
     </span>
    </p>
   </div>
   <div class='ocr_carea' id='block_1_30' title="bbox 2057 1313 3718 1394">
    <p class='ocr_par' dir='ltr' id='par_1_30' title="bbox 2057 1313 3718 1394">
     <span class='ocr_line' id='line_1_30' title="bbox 2057 1313 3718 1394; baseline 0.002 -23"><span class='ocrx_word' id='word_1_222' title='bbox 2057 1318 2235 1392; x_wconf 83' lang='grc' dir='ltr'>χήραν</span> <span class='ocrx_word' id='word_1_223' title='bbox 2272 1313 2596 1393; x_wconf 70' lang='grc' dir='ltr'>βεϐληκέναι</span> <span class='ocrx_word' id='word_1_224' title='bbox 2628 1318 2863 1373; x_wconf 84' lang='grc' dir='ltr'>πάντων·</span> <span class='ocrx_word' id='word_1_225' title='bbox 2898 1343 2926 1372; x_wconf 87' lang='grc'><strong>››</strong></span> <span class='ocrx_word' id='word_1_226' title='bbox 2983 1319 3078 1392; x_wconf 73' lang='grc' dir='ltr'>μὲν</span> <span class='ocrx_word' id='word_1_227' title='bbox 3111 1320 3215 1394; x_wconf 76' lang='grc' dir='ltr'>γὰρ</span> <span class='ocrx_word' id='word_1_228' title='bbox 3275 1342 3302 1369; x_wconf 89' lang='grc'><strong><em>‹‹</em></strong></span> <span class='ocrx_word' id='word_1_229' title='bbox 3332 1319 3436 1374; x_wconf 85' lang='grc' dir='ltr'>ἀπὸ</span> <span class='ocrx_word' id='word_1_230' title='bbox 3465 1324 3560 1374; x_wconf 87' lang='grc' dir='ltr'>τοῦ</span> <span class='ocrx_word' id='word_1_231' title='bbox 3609 1341 3718 1374; x_wconf 84' lang='grc' dir='ltr'>πε·-</span> 
     </span>
    </p>
   </div>
   <div class='ocr_carea' id='block_1_31' title="bbox 2054 1405 3718 1482">
    <p class='ocr_par' dir='ltr' id='par_1_31' title="bbox 2054 1405 3718 1482">
     <span class='ocr_line' id='line_1_31' title="bbox 2054 1405 3718 1482; baseline 0.002 -22"><span class='ocrx_word' id='word_1_232' title='bbox 2054 1405 2434 1481; x_wconf 78' lang='grc' dir='ltr'>ρισσεύματος,</span> <span class='ocrx_word' id='word_1_233' title='bbox 2468 1430 2488 1458; x_wconf 77' lang='grc' dir='ltr'>ι</span> <span class='ocrx_word' id='word_1_234' title='bbox 2525 1410 2560 1477; x_wconf 81' lang='grc' dir='ltr'>ἡ</span> <span class='ocrx_word' id='word_1_235' title='bbox 2595 1405 2652 1462; x_wconf 79' lang='grc' dir='ltr'>δὲ</span> <span class='ocrx_word' id='word_1_236' title='bbox 2701 1430 2728 1462; x_wconf 77' lang='grc' dir='ltr'>ιι</span> <span class='ocrx_word' id='word_1_237' title='bbox 2759 1407 2816 1462; x_wconf 81' lang='grc' dir='ltr'>ἐκ</span> <span class='ocrx_word' id='word_1_238' title='bbox 2845 1415 2945 1477; x_wconf 81' lang='grc' dir='ltr'>τῆς</span> <span class='ocrx_word' id='word_1_239' title='bbox 3008 1408 3346 1482; x_wconf 82' lang='grc' dir='ltr'>ὑστερήσεως</span> <span class='ocrx_word' id='word_1_240' title='bbox 3376 1433 3403 1460; x_wconf 84' lang='grc'><strong>››</strong></span> <span class='ocrx_word' id='word_1_241' title='bbox 3466 1411 3718 1480; x_wconf 70' lang='grc' dir='ltr'>συνεισή-</span> 
     </span>
    </p>
   </div>
   <div class='ocr_carea' id='block_1_32' title="bbox 2052 1493 3721 1573">
    <p class='ocr_par' dir='ltr' id='par_1_32' title="bbox 2052 1493 3721 1573">
     <span class='ocr_line' id='line_1_32' title="bbox 2052 1493 3721 1573; baseline 0.001 -22"><span class='ocrx_word' id='word_1_242' title='bbox 2052 1516 2258 1572; x_wconf 85' lang='grc' dir='ltr'>νεγκεν.</span> <span class='ocrx_word' id='word_1_243' title='bbox 2287 1497 2407 1554; x_wconf 76' lang='grc' dir='ltr'>Ὀτι</span> <span class='ocrx_word' id='word_1_244' title='bbox 2441 1493 2498 1551; x_wconf 72' lang='grc' dir='ltr'>δὲ</span> <span class='ocrx_word' id='word_1_245' title='bbox 2540 1498 2712 1552; x_wconf 56' lang='grc' dir='ltr'>πάντα</span> <span class='ocrx_word' id='word_1_246' title='bbox 2763 1497 2850 1551; x_wconf 79' lang='grc' dir='ltr'>ἐπὶ</span> <span class='ocrx_word' id='word_1_247' title='bbox 2892 1499 2992 1568; x_wconf 75' lang='grc' dir='ltr'>τήν</span> <span class='ocrx_word' id='word_1_248' title='bbox 3044 1495 3324 1552; x_wconf 82' lang='grc' dir='ltr'>παίδευσιν</span> <span class='ocrx_word' id='word_1_249' title='bbox 3377 1505 3477 1568; x_wconf 78' lang='grc' dir='ltr'>τῆς</span> <span class='ocrx_word' id='word_1_250' title='bbox 3526 1501 3721 1573; x_wconf 74' lang='grc' dir='ltr'>ψυχῆς</span> 
     </span>
    </p>
   </div>
   <div class='ocr_carea' id='block_1_33' title="bbox 2055 1585 3721 1662">
    <p class='ocr_par' dir='ltr' id='par_1_33' title="bbox 2055 1585 3721 1662">
     <span class='ocr_line' id='line_1_33' title="bbox 2055 1585 3721 1662; baseline 0.002 -23"><span class='ocrx_word' id='word_1_251' title='bbox 2055 1587 2340 1661; x_wconf 72' lang='grc' dir='ltr'>ἀνήγαγεν,</span> <span class='ocrx_word' id='word_1_252' title='bbox 2400 1608 2422 1638; x_wconf 77' lang='grc' dir='ltr'>ι</span> <span class='ocrx_word' id='word_1_253' title='bbox 2453 1585 2750 1661; x_wconf 78' lang='grc' dir='ltr'>Μακάριοι,</span> <span class='ocrx_word' id='word_1_254' title='bbox 2778 1610 2805 1638; x_wconf 89' lang='grc'><strong>››</strong></span> <span class='ocrx_word' id='word_1_255' title='bbox 2858 1587 3043 1661; x_wconf 76' lang='grc' dir='ltr'>φησὶν,</span> <span class='ocrx_word' id='word_1_256' title='bbox 3091 1611 3120 1640; x_wconf 87' lang='grc'>‹‹</span> <span class='ocrx_word' id='word_1_257' title='bbox 3154 1588 3207 1641; x_wconf 78' lang='grc' dir='ltr'>οἱ</span> <span class='ocrx_word' id='word_1_258' title='bbox 3237 1593 3446 1662; x_wconf 85' lang='grc' dir='ltr'>πραεῖς·</span> <span class='ocrx_word' id='word_1_259' title='bbox 3481 1587 3563 1642; x_wconf 80' lang='grc' dir='ltr'>ὅτι</span> <span class='ocrx_word' id='word_1_260' title='bbox 3610 1588 3721 1641; x_wconf 83' lang='grc' dir='ltr'>αὐ·-</span> 
     </span>
    </p>
   </div>
   <div class='ocr_carea' id='block_1_34' title="bbox 303 1673 1952 1759">
    <p class='ocr_par' dir='ltr' id='par_1_34' title="bbox 303 1675 1949 1744">
     <span class='ocr_line' id='line_1_34' title="bbox 303 1675 1949 1744; baseline 0.002 -17"><span class='ocrx_word' id='word_1_261' title='bbox 303 1697 332 1725; x_wconf 89' lang='grc'><strong><em>‹‹</em></strong></span> <span class='ocrx_word' id='word_1_262' title='bbox 364 1676 602 1730; x_wconf 88' lang='lat' dir='ltr'>viduam</span> <span class='ocrx_word' id='word_1_263' title='bbox 637 1698 664 1724; x_wconf 88' lang='lat'>»</span> <span class='ocrx_word' id='word_1_264' title='bbox 696 1682 894 1730; x_wconf 90' lang='lat' dir='ltr'>autem</span> <span class='ocrx_word' id='word_1_265' title='bbox 927 1675 1076 1731; x_wconf 90' lang='lat' dir='ltr'>duos</span> <span class='ocrx_word' id='word_1_266' title='bbox 1121 1693 1422 1744; x_wconf 89' lang='lat' dir='ltr'>nummos,</span> <span class='ocrx_word' id='word_1_267' title='bbox 1456 1676 1605 1731; x_wconf 85' lang='lat' dir='ltr'>dixit</span> <span class='ocrx_word' id='word_1_268' title='bbox 1635 1698 1663 1727; x_wconf 87' lang='lat'><strong><em>«</em></strong></span> <span class='ocrx_word' id='word_1_269' title='bbox 1711 1676 1949 1731; x_wconf 86' lang='lat' dir='ltr'>viduam</span> 
     </span>
    </p>
   </div>
   <div class='ocr_carea' id='block_1_35' title="bbox 2071 1673 3718 1759">
    <p class='ocr_par' dir='ltr' id='par_1_35' title="bbox 2071 1673 3718 1751">
     <span class='ocr_line' id='line_1_35' title="bbox 2071 1673 3718 1751; baseline 0.001 -23"><span class='ocrx_word' id='word_1_270' title='bbox 2071 1674 2141 1728; x_wconf 78' lang='grc' dir='ltr'>τοὶ</span> <span class='ocrx_word' id='word_1_271' title='bbox 2169 1673 2658 1750; x_wconf 82' lang='grc' dir='ltr'>κληρονομήσουσι</span> <span class='ocrx_word' id='word_1_272' title='bbox 2686 1677 2786 1745; x_wconf 75' lang='grc' dir='ltr'>τὴν</span> <span class='ocrx_word' id='word_1_273' title='bbox 2817 1683 2944 1751; x_wconf 84' lang='grc' dir='ltr'>γῆν.</span> <span class='ocrx_word' id='word_1_274' title='bbox 2983 1697 3007 1729; x_wconf 72' lang='grc' dir='ltr'><strong>ι</strong></span> <span class='ocrx_word' id='word_1_275' title='bbox 3044 1681 3241 1750; x_wconf 88' lang='grc' dir='ltr'>Πραεῖς</span> <span class='ocrx_word' id='word_1_276' title='bbox 3264 1673 3320 1731; x_wconf 80' lang='grc' dir='ltr'><strong>δέ</strong></span> <span class='ocrx_word' id='word_1_277' title='bbox 3363 1676 3494 1730; x_wconf 76' lang='grc' dir='ltr'>εἰσιν</span> <span class='ocrx_word' id='word_1_278' title='bbox 3528 1677 3580 1731; x_wconf 83' lang='grc' dir='ltr'>οἱ</span> <span class='ocrx_word' id='word_1_279' title='bbox 3609 1677 3718 1744; x_wconf 79' lang='grc' dir='ltr'>τήν</span> 
     </span>
    </p>
   </div>
   <div class='ocr_carea' id='block_1_36' title="bbox 291 1767 1950 1840">
    <p class='ocr_par' dir='ltr' id='par_1_36' title="bbox 291 1767 1950 1840">
     <span class='ocr_line' id='line_1_36' title="bbox 291 1767 1950 1840; baseline 0 -18"><span class='ocrx_word' id='word_1_280' title='bbox 291 1768 510 1840; x_wconf 89' lang='lat' dir='ltr'>jecisse</span> <span class='ocrx_word' id='word_1_281' title='bbox 543 1768 677 1838; x_wconf 90' lang='lat' dir='ltr'>plus</span> <span class='ocrx_word' id='word_1_282' title='bbox 706 1784 880 1838; x_wconf 88' lang='lat' dir='ltr'>quam</span> <span class='ocrx_word' id='word_1_283' title='bbox 913 1785 1122 1822; x_wconf 88' lang='lat' dir='ltr'>omnes</span> <span class='ocrx_word' id='word_1_284' title='bbox 1145 1785 1163 1822; x_wconf 91' lang='lat'><em>:</em></span> <span class='ocrx_word' id='word_1_285' title='bbox 1193 1788 1218 1818; x_wconf 70' lang='grc' dir='ltr'>υ</span> <span class='ocrx_word' id='word_1_286' title='bbox 1257 1768 1358 1823; x_wconf 91' lang='lat' dir='ltr'>ille</span> <span class='ocrx_word' id='word_1_287' title='bbox 1391 1768 1549 1823; x_wconf 90' lang='lat' dir='ltr'>enim</span> <span class='ocrx_word' id='word_1_288' title='bbox 1583 1791 1610 1819; x_wconf 83' lang='lat'><strong>«</strong></span> <span class='ocrx_word' id='word_1_289' title='bbox 1645 1785 1714 1823; x_wconf 91' lang='lat' dir='ltr'>ex</span> <span class='ocrx_word' id='word_1_290' title='bbox 1763 1767 1950 1823; x_wconf 83' lang='lat' dir='ltr'>abun-</span> 
     </span>
    </p>
   </div>
   <div class='ocr_carea' id='block_1_37' title="bbox 298 1857 1956 1929">
    <p class='ocr_par' dir='ltr' id='par_1_37' title="bbox 298 1857 1956 1929">
     <span class='ocr_line' id='line_1_37' title="bbox 298 1857 1956 1929; baseline 0.001 -18"><span class='ocrx_word' id='word_1_291' title='bbox 298 1857 521 1923; x_wconf 87' lang='lat' dir='ltr'>dantia,</span> <span class='ocrx_word' id='word_1_292' title='bbox 550 1878 576 1906; x_wconf 75' lang='grc' dir='ltr'>ι)</span> <span class='ocrx_word' id='word_1_293' title='bbox 612 1857 738 1910; x_wconf 68' lang='lat' dir='ltr'>haec</span> <span class='ocrx_word' id='word_1_294' title='bbox 764 1873 900 1911; x_wconf 91' lang='lat' dir='ltr'>vero</span> <span class='ocrx_word' id='word_1_295' title='bbox 932 1879 958 1905; x_wconf 85' lang='lat'><strong>«</strong></span> <span class='ocrx_word' id='word_1_296' title='bbox 986 1873 1053 1911; x_wconf 90' lang='lat' dir='ltr'>ex</span> <span class='ocrx_word' id='word_1_297' title='bbox 1078 1862 1335 1928; x_wconf 81' lang='lat' dir='ltr'>egestate</span> <span class='ocrx_word' id='word_1_298' title='bbox 1361 1878 1384 1908; x_wconf 75' lang='grc' dir='ltr'>ιο</span> <span class='ocrx_word' id='word_1_299' title='bbox 1412 1857 1666 1913; x_wconf 87' lang='lat' dir='ltr'>contulit</span> <span class='ocrx_word' id='word_1_300' title='bbox 1686 1857 1774 1929; x_wconf 93' lang='lat' dir='ltr'>(c).</span> <span class='ocrx_word' id='word_1_301' title='bbox 1800 1859 1956 1922; x_wconf 91' lang='lat' dir='ltr'>Quo-</span> 
     </span>
    </p>
   </div>
   <div class='ocr_carea' id='block_1_38' title="bbox 293 1944 1951 2000">
    <p class='ocr_par' dir='ltr' id='par_1_38' title="bbox 293 1944 1951 2000">
     <span class='ocr_line' id='line_1_38' title="bbox 293 1944 1951 2000; baseline 0.001 -2"><span class='ocrx_word' id='word_1_302' title='bbox 293 1945 455 1999; x_wconf 87' lang='lat' dir='ltr'>niam</span> <span class='ocrx_word' id='word_1_303' title='bbox 472 1950 669 1999; x_wconf 88' lang='lat' dir='ltr'>autem</span> <span class='ocrx_word' id='word_1_304' title='bbox 688 1945 891 1998; x_wconf 88' lang='lat' dir='ltr'>omnia</span> <span class='ocrx_word' id='word_1_305' title='bbox 907 1944 1142 1999; x_wconf 88' lang='lat' dir='ltr'>reduxit</span> <span class='ocrx_word' id='word_1_306' title='bbox 1166 1945 1238 2000; x_wconf 88' lang='lat' dir='ltr'>ad</span> <span class='ocrx_word' id='word_1_307' title='bbox 1257 1947 1471 2000; x_wconf 81' lang='lat' dir='ltr'>animae</span> <span class='ocrx_word' id='word_1_308' title='bbox 1491 1946 1951 2000; x_wconf 85' lang='lat' dir='ltr'>institutionem.</span> 
     </span>
    </p>
   </div>
   <div class='ocr_carea' id='block_1_39' title="bbox 299 2033 1951 2105">
    <p class='ocr_par' dir='ltr' id='par_1_39' title="bbox 299 2033 1951 2105">
     <span class='ocr_line' id='line_1_39' title="bbox 299 2033 1951 2105; baseline 0.004 -23"><span class='ocrx_word' id='word_1_309' title='bbox 299 2056 327 2083; x_wconf 83' lang='lat'><strong>«</strong></span> <span class='ocrx_word' id='word_1_310' title='bbox 359 2033 544 2100; x_wconf 89' lang='lat' dir='ltr'>Beati,</span> <span class='ocrx_word' id='word_1_311' title='bbox 580 2054 603 2082; x_wconf 82' lang='grc' dir='ltr'>ι)</span> <span class='ocrx_word' id='word_1_312' title='bbox 641 2033 852 2104; x_wconf 92' lang='lat' dir='ltr'>inquit,</span> <span class='ocrx_word' id='word_1_313' title='bbox 889 2055 916 2083; x_wconf 84' lang='lat'><strong>«</strong></span> <span class='ocrx_word' id='word_1_314' title='bbox 950 2033 1146 2100; x_wconf 89' lang='lat' dir='ltr'>mites,</span> <span class='ocrx_word' id='word_1_315' title='bbox 1196 2035 1477 2105; x_wconf 88' lang='lat' dir='ltr'>quoniam</span> <span class='ocrx_word' id='word_1_316' title='bbox 1527 2034 1637 2105; x_wconf 90' lang='lat' dir='ltr'>ipsi</span> <span class='ocrx_word' id='word_1_317' title='bbox 1685 2033 1951 2105; x_wconf 89' lang='lat' dir='ltr'>posside-</span> 
     </span>
    </p>
   </div>
   <div class='ocr_carea' id='block_1_40' title="bbox 300 2121 1952 2194">
    <p class='ocr_par' dir='ltr' id='par_1_40' title="bbox 300 2121 1952 2194">
     <span class='ocr_line' id='line_1_40' title="bbox 300 2121 1952 2194; baseline 0.001 -18"><span class='ocrx_word' id='word_1_318' title='bbox 300 2121 454 2176; x_wconf 86' lang='lat' dir='ltr'>bunt</span> <span class='ocrx_word' id='word_1_319' title='bbox 489 2127 705 2177; x_wconf 88' lang='lat' dir='ltr'>terram</span> <span class='ocrx_word' id='word_1_320' title='bbox 734 2122 830 2194; x_wconf 77' lang='grc' dir='ltr'>(ἀ).</span> <span class='ocrx_word' id='word_1_321' title='bbox 871 2144 890 2170; x_wconf 82' lang='grc' dir='ltr'>ιι</span> <span class='ocrx_word' id='word_1_322' title='bbox 928 2122 1093 2177; x_wconf 89' lang='lat' dir='ltr'>Mites</span> <span class='ocrx_word' id='word_1_323' title='bbox 1125 2128 1324 2178; x_wconf 89' lang='lat' dir='ltr'>autem</span> <span class='ocrx_word' id='word_1_324' title='bbox 1357 2128 1515 2190; x_wconf 91' lang='lat' dir='ltr'>sunt,</span> <span class='ocrx_word' id='word_1_325' title='bbox 1549 2123 1650 2194; x_wconf 93' lang='lat' dir='ltr'>qui</span> <span class='ocrx_word' id='word_1_326' title='bbox 1681 2121 1952 2190; x_wconf 84' lang='lat' dir='ltr'>infidam,</span> 
     </span>
    </p>
   </div>
   <div class='ocr_carea' id='block_1_41' title="bbox 305 2210 1950 2284">
    <p class='ocr_par' dir='ltr' id='par_1_41' title="bbox 305 2210 1950 2284">
     <span class='ocr_line' id='line_1_41' title="bbox 305 2210 1950 2284; baseline 0.001 -20"><span class='ocrx_word' id='word_1_327' title='bbox 305 2227 436 2280; x_wconf 66' lang='lat' dir='ltr'>quas</span> <span class='ocrx_word' id='word_1_328' title='bbox 469 2215 558 2265; x_wconf 91' lang='lat' dir='ltr'>est</span> <span class='ocrx_word' id='word_1_329' title='bbox 585 2210 645 2265; x_wconf 92' lang='lat' dir='ltr'>in</span> <span class='ocrx_word' id='word_1_330' title='bbox 673 2211 895 2277; x_wconf 89' lang='lat' dir='ltr'>anima,</span> <span class='ocrx_word' id='word_1_331' title='bbox 929 2228 1186 2284; x_wconf 81' lang='lat' dir='ltr'>pugnam</span> <span class='ocrx_word' id='word_1_332' title='bbox 1212 2212 1565 2268; x_wconf 91' lang='lat' dir='ltr'>sedaverunt</span> <span class='ocrx_word' id='word_1_333' title='bbox 1585 2212 1686 2266; x_wconf 73' lang='lat' dir='ltr'>iraa</span> <span class='ocrx_word' id='word_1_334' title='bbox 1710 2216 1768 2266; x_wconf 92' lang='lat' dir='ltr'>et</span> <span class='ocrx_word' id='word_1_335' title='bbox 1785 2212 1950 2282; x_wconf 90' lang='lat' dir='ltr'>cupi-</span> 
     </span>
    </p>
   </div>
   <div class='ocr_carea' id='block_1_42' title="bbox 301 2300 1950 2373">
    <p class='ocr_par' dir='ltr' id='par_1_42' title="bbox 301 2300 1950 2373">
     <span class='ocr_line' id='line_1_42' title="bbox 301 2300 1950 2373; baseline 0.001 -19"><span class='ocrx_word' id='word_1_336' title='bbox 301 2300 522 2367; x_wconf 87' lang='lat' dir='ltr'>ditatis,</span> <span class='ocrx_word' id='word_1_337' title='bbox 542 2316 608 2354; x_wconf 87' lang='lat' dir='ltr'>ac</span> <span class='ocrx_word' id='word_1_338' title='bbox 630 2305 981 2355; x_wconf 82' lang='lat' dir='ltr'>caeterarum</span> <span class='ocrx_word' id='word_1_339' title='bbox 1014 2301 1369 2372; x_wconf 88' lang='lat' dir='ltr'>specierum,</span> <span class='ocrx_word' id='word_1_340' title='bbox 1399 2319 1529 2373; x_wconf 80' lang='lat' dir='ltr'>quae</span> <span class='ocrx_word' id='word_1_341' title='bbox 1552 2302 1646 2356; x_wconf 89' lang='lat' dir='ltr'>his</span> <span class='ocrx_word' id='word_1_342' title='bbox 1669 2301 1950 2373; x_wconf 84' lang='lat' dir='ltr'>subjectae</span> 
     </span>
    </p>
   </div>
   <div class='ocr_carea' id='block_1_43' title="bbox 299 2389 1952 2462">
    <p class='ocr_par' dir='ltr' id='par_1_43' title="bbox 299 2389 1952 2462">
     <span class='ocr_line' id='line_1_43' title="bbox 299 2389 1952 2462; baseline 0.001 -18"><span class='ocrx_word' id='word_1_343' title='bbox 299 2395 456 2444; x_wconf 89' lang='lat' dir='ltr'>sunt.</span> <span class='ocrx_word' id='word_1_344' title='bbox 490 2390 656 2443; x_wconf 88' lang='lat' dir='ltr'>Mites</span> <span class='ocrx_word' id='word_1_345' title='bbox 687 2395 887 2444; x_wconf 89' lang='lat' dir='ltr'>autem</span> <span class='ocrx_word' id='word_1_346' title='bbox 918 2389 1122 2445; x_wconf 83' lang='lat' dir='ltr'>laudat</span> <span class='ocrx_word' id='word_1_347' title='bbox 1143 2408 1263 2457; x_wconf 90' lang='lat' dir='ltr'>eos,</span> <span class='ocrx_word' id='word_1_348' title='bbox 1287 2392 1385 2462; x_wconf 90' lang='lat' dir='ltr'>qui</span> <span class='ocrx_word' id='word_1_349' title='bbox 1413 2391 1560 2446; x_wconf 86' lang='lat' dir='ltr'>tales</span> <span class='ocrx_word' id='word_1_350' title='bbox 1584 2395 1952 2461; x_wconf 88' lang='lat' dir='ltr'>suntsponte</span> 
     </span>
    </p>
   </div>
   <div class='ocr_carea' id='block_1_44' title="bbox 298 2479 1955 2550">
    <p class='ocr_par' dir='ltr' id='par_1_44' title="bbox 298 2479 1955 2550">
     <span class='ocr_line' id='line_1_44' title="bbox 298 2479 1955 2550; baseline 0.001 -18"><span class='ocrx_word' id='word_1_351' title='bbox 298 2483 356 2533; x_wconf 91' lang='lat' dir='ltr'>et</span> <span class='ocrx_word' id='word_1_352' title='bbox 376 2495 445 2532; x_wconf 86' lang='lat' dir='ltr'>ex</span> <span class='ocrx_word' id='word_1_353' title='bbox 467 2479 650 2533; x_wconf 90' lang='lat' dir='ltr'>animi</span> <span class='ocrx_word' id='word_1_354' title='bbox 675 2479 946 2534; x_wconf 88' lang='lat' dir='ltr'>instituto</span> <span class='ocrx_word' id='word_1_355' title='bbox 973 2501 986 2546; x_wconf 87' lang='lat'><strong>;</strong></span> <span class='ocrx_word' id='word_1_356' title='bbox 1012 2497 1130 2534; x_wconf 90' lang='lat' dir='ltr'>non</span> <span class='ocrx_word' id='word_1_357' title='bbox 1151 2486 1349 2535; x_wconf 89' lang='lat' dir='ltr'>autem</span> <span class='ocrx_word' id='word_1_358' title='bbox 1373 2497 1494 2548; x_wconf 88' lang='lat' dir='ltr'>eos,</span> <span class='ocrx_word' id='word_1_359' title='bbox 1529 2480 1628 2550; x_wconf 91' lang='lat' dir='ltr'>qui</span> <span class='ocrx_word' id='word_1_360' title='bbox 1651 2497 1721 2534; x_wconf 93' lang='lat' dir='ltr'>ex</span> <span class='ocrx_word' id='word_1_361' title='bbox 1742 2496 1955 2534; x_wconf 90' lang='lat' dir='ltr'>neces-</span> 
     </span>
    </p>
   </div>
   <div class='ocr_carea' id='block_1_45' title="bbox 296 2568 1950 2640">
    <p class='ocr_par' dir='ltr' id='par_1_45' title="bbox 296 2568 1950 2640">
     <span class='ocr_line' id='line_1_45' title="bbox 296 2568 1950 2640; baseline 0.001 -19"><span class='ocrx_word' id='word_1_362' title='bbox 296 2568 488 2622; x_wconf 89' lang='lat' dir='ltr'>sitate.</span> <span class='ocrx_word' id='word_1_363' title='bbox 523 2591 550 2617; x_wconf 92' lang='grc'>‹‹</span> <span class='ocrx_word' id='word_1_364' title='bbox 587 2569 734 2623; x_wconf 89' lang='lat' dir='ltr'>Sunt</span> <span class='ocrx_word' id='word_1_365' title='bbox 754 2591 780 2617; x_wconf 89' lang='grc'><strong>››</strong></span> <span class='ocrx_word' id='word_1_366' title='bbox 807 2569 966 2624; x_wconf 89' lang='lat' dir='ltr'>enim</span> <span class='ocrx_word' id='word_1_367' title='bbox 991 2570 1148 2640; x_wconf 90' lang='lat' dir='ltr'>apud</span> <span class='ocrx_word' id='word_1_368' title='bbox 1171 2570 1484 2624; x_wconf 89' lang='lat' dir='ltr'>Dominum</span> <span class='ocrx_word' id='word_1_369' title='bbox 1511 2590 1536 2621; x_wconf 73' lang='grc' dir='ltr'>ι</span> <span class='ocrx_word' id='word_1_370' title='bbox 1562 2568 1897 2640; x_wconf 87' lang='lat' dir='ltr'>complures</span> <span class='ocrx_word' id='word_1_371' title='bbox 1923 2589 1950 2618; x_wconf 89' lang='lat'><strong>»</strong></span> 
     </span>
    </p>
   </div>
   <div class='ocr_carea' id='block_1_46' title="bbox 300 2657 1950 2730">
    <p class='ocr_par' dir='ltr' id='par_1_46' title="bbox 300 2657 1950 2730">
     <span class='ocr_line' id='line_1_46' title="bbox 300 2657 1950 2730; baseline -0.001 -18"><span class='ocrx_word' id='word_1_372' title='bbox 300 2657 606 2712; x_wconf 90' lang='lat' dir='ltr'>mercedes</span> <span class='ocrx_word' id='word_1_373' title='bbox 621 2663 678 2712; x_wconf 90' lang='lat' dir='ltr'>et</span> <span class='ocrx_word' id='word_1_374' title='bbox 691 2681 718 2706; x_wconf 83' lang='grc' dir='ltr'>κ</span> <span class='ocrx_word' id='word_1_375' title='bbox 742 2659 1088 2713; x_wconf 87' lang='lat' dir='ltr'>mansiones</span> <span class='ocrx_word' id='word_1_376' title='bbox 1106 2659 1176 2730; x_wconf 77' lang='grc' dir='ltr'>(ε)</span> <span class='ocrx_word' id='word_1_377' title='bbox 1197 2680 1223 2708; x_wconf 84' lang='grc'><strong>››</strong></span> <span class='ocrx_word' id='word_1_378' title='bbox 1242 2676 1348 2730; x_wconf 83' lang='lat' dir='ltr'>pro</span> <span class='ocrx_word' id='word_1_379' title='bbox 1366 2659 1597 2714; x_wconf 87' lang='lat' dir='ltr'>ratione</span> <span class='ocrx_word' id='word_1_380' title='bbox 1610 2658 1739 2712; x_wconf 65' lang='lat' dir='ltr'>vita:</span> <span class='ocrx_word' id='word_1_381' title='bbox 1753 2658 1917 2712; x_wconf 92' lang='lat' dir='ltr'>homi</span> <span class='ocrx_word' id='word_1_382' title='bbox 1929 2688 1950 2698; x_wconf 91' lang='lat'><strong>-</strong></span> 
     </span>
    </p>
   </div>
   <div class='ocr_carea' id='block_1_47' title="bbox 297 2747 1954 2819">
    <p class='ocr_par' dir='ltr' id='par_1_47' title="bbox 297 2747 1954 2819">
     <span class='ocr_line' id='line_1_47' title="bbox 297 2747 1954 2819; baseline 0.001 -19"><span class='ocrx_word' id='word_1_383' title='bbox 297 2763 461 2800; x_wconf 89' lang='lat' dir='ltr'>num.</span> <span class='ocrx_word' id='word_1_384' title='bbox 503 2769 521 2795; x_wconf 78' lang='grc' dir='ltr'>ιι</span> <span class='ocrx_word' id='word_1_385' title='bbox 559 2747 665 2811; x_wconf 88' lang='lat' dir='ltr'>Qui</span> <span class='ocrx_word' id='word_1_386' title='bbox 700 2747 878 2814; x_wconf 88' lang='lat' dir='ltr'>enim,</span> <span class='ocrx_word' id='word_1_387' title='bbox 918 2769 944 2796; x_wconf 89' lang='grc'>››</span> <span class='ocrx_word' id='word_1_388' title='bbox 991 2747 1204 2818; x_wconf 91' lang='lat' dir='ltr'>inquit,</span> <span class='ocrx_word' id='word_1_389' title='bbox 1257 2769 1284 2797; x_wconf 93' lang='grc'><em>‹‹</em></span> <span class='ocrx_word' id='word_1_390' title='bbox 1335 2748 1686 2819; x_wconf 88' lang='lat' dir='ltr'>prophetam</span> <span class='ocrx_word' id='word_1_391' title='bbox 1735 2747 1797 2801; x_wconf 93' lang='lat' dir='ltr'>in</span> <span class='ocrx_word' id='word_1_392' title='bbox 1845 2763 1954 2801; x_wconf 87' lang='lat' dir='ltr'>no-</span> 
     </span>
    </p>
   </div>
   <div class='ocr_carea' id='block_1_48' title="bbox 298 2835 1952 2907">
    <p class='ocr_par' dir='ltr' id='par_1_48' title="bbox 298 2835 1952 2907">
     <span class='ocr_line' id='line_1_48' title="bbox 298 2835 1952 2907; baseline 0.001 -19"><span class='ocrx_word' id='word_1_393' title='bbox 298 2835 459 2888; x_wconf 91' lang='lat' dir='ltr'>mine</span> <span class='ocrx_word' id='word_1_394' title='bbox 508 2835 810 2905; x_wconf 74' lang='lat' dir='ltr'>prophetaa</span> <span class='ocrx_word' id='word_1_395' title='bbox 862 2837 1208 2906; x_wconf 88' lang='lat' dir='ltr'>susceperit,</span> <span class='ocrx_word' id='word_1_396' title='bbox 1260 2836 1596 2891; x_wconf 90' lang='lat' dir='ltr'>mercedem</span> <span class='ocrx_word' id='word_1_397' title='bbox 1645 2836 1952 2907; x_wconf 64' lang='lat' dir='ltr'>prophetae</span> 
     </span>
    </p>
   </div>
   <div class='ocr_carea' id='block_1_49' title="bbox 297 2923 1952 2997">
    <p class='ocr_par' dir='ltr' id='par_1_49' title="bbox 297 2923 1952 2997">
     <span class='ocr_line' id='line_1_49' title="bbox 297 2923 1952 2997; baseline 0.001 -20"><span class='ocrx_word' id='word_1_398' title='bbox 297 2923 569 2993; x_wconf 87' lang='lat' dir='ltr'>accipiet,</span> <span class='ocrx_word' id='word_1_399' title='bbox 605 2928 662 2977; x_wconf 89' lang='lat' dir='ltr'>et</span> <span class='ocrx_word' id='word_1_400' title='bbox 685 2923 784 2993; x_wconf 87' lang='lat' dir='ltr'>qui</span> <span class='ocrx_word' id='word_1_401' title='bbox 807 2923 1034 2994; x_wconf 91' lang='lat' dir='ltr'>justum</span> <span class='ocrx_word' id='word_1_402' title='bbox 1061 2924 1120 2978; x_wconf 92' lang='lat' dir='ltr'>in</span> <span class='ocrx_word' id='word_1_403' title='bbox 1152 2925 1578 2997; x_wconf 91' lang='lat' dir='ltr'>nominejusti,</span> <span class='ocrx_word' id='word_1_404' title='bbox 1610 2924 1952 2979; x_wconf 88' lang='lat' dir='ltr'>mercedem</span> 
     </span>
    </p>
   </div>
   <div class='ocr_carea' id='block_1_50' title="bbox 285 3010 1945 3084">
    <p class='ocr_par' dir='ltr' id='par_1_50' title="bbox 285 3010 1945 3084">
     <span class='ocr_line' id='line_1_50' title="bbox 285 3010 1945 3084; baseline 0 -19"><span class='ocrx_word' id='word_1_405' title='bbox 285 3011 435 3082; x_wconf 88' lang='lat' dir='ltr'>justi</span> <span class='ocrx_word' id='word_1_406' title='bbox 469 3010 758 3080; x_wconf 89' lang='lat' dir='ltr'>accipiet;</span> <span class='ocrx_word' id='word_1_407' title='bbox 798 3017 857 3065; x_wconf 92' lang='lat' dir='ltr'>et</span> <span class='ocrx_word' id='word_1_408' title='bbox 886 3012 985 3081; x_wconf 92' lang='lat' dir='ltr'>qui</span> <span class='ocrx_word' id='word_1_409' title='bbox 1020 3014 1349 3084; x_wconf 89' lang='lat' dir='ltr'>susceperit</span> <span class='ocrx_word' id='word_1_410' title='bbox 1395 3029 1582 3068; x_wconf 89' lang='lat' dir='ltr'>unum</span> <span class='ocrx_word' id='word_1_411' title='bbox 1634 3030 1704 3067; x_wconf 92' lang='lat' dir='ltr'>ex</span> <span class='ocrx_word' id='word_1_412' title='bbox 1752 3012 1945 3083; x_wconf 90' lang='lat' dir='ltr'>parvis</span> 
     </span>
    </p>
   </div>
   <div class='ocr_carea' id='block_1_51' title="bbox 295 3096 1941 3173">
    <p class='ocr_par' dir='ltr' id='par_1_51' title="bbox 295 3096 1941 3173">
     <span class='ocr_line' id='line_1_51' title="bbox 295 3096 1941 3173; baseline 0.001 -20"><span class='ocrx_word' id='word_1_413' title='bbox 295 3099 387 3153; x_wconf 91' lang='lat' dir='ltr'>bis</span> <span class='ocrx_word' id='word_1_414' title='bbox 420 3096 751 3169; x_wconf 90' lang='lat' dir='ltr'>discipulis,</span> <span class='ocrx_word' id='word_1_415' title='bbox 785 3117 905 3154; x_wconf 92' lang='lat' dir='ltr'>non</span> <span class='ocrx_word' id='word_1_416' title='bbox 930 3101 1164 3156; x_wconf 83' lang='lat' dir='ltr'>amittet</span> <span class='ocrx_word' id='word_1_417' title='bbox 1195 3102 1529 3157; x_wconf 89' lang='lat' dir='ltr'>mercedem</span> <span class='ocrx_word' id='word_1_418' title='bbox 1553 3103 1644 3173; x_wconf 67' lang='grc' dir='ltr'>(Γ).</span> <span class='ocrx_word' id='word_1_419' title='bbox 1672 3123 1699 3149; x_wconf 84' lang='grc'><strong>»</strong></span> <span class='ocrx_word' id='word_1_420' title='bbox 1723 3102 1792 3155; x_wconf 85' lang='grc' dir='ltr'>Ει</span> <span class='ocrx_word' id='word_1_421' title='bbox 1808 3118 1941 3155; x_wconf 87' lang='lat' dir='ltr'>rur-</span> 
     </span>
    </p>
   </div>
   <div class='ocr_carea' id='block_1_52' title="bbox 299 3186 1947 3261">
    <p class='ocr_par' dir='ltr' id='par_1_52' title="bbox 299 3186 1947 3261">
     <span class='ocr_line' id='line_1_52' title="bbox 299 3186 1947 3261; baseline 0.001 -20"><span class='ocrx_word' id='word_1_422' title='bbox 299 3203 421 3251; x_wconf 91' lang='lat' dir='ltr'>sus,</span> <span class='ocrx_word' id='word_1_423' title='bbox 454 3186 687 3242; x_wconf 89' lang='lat' dir='ltr'>virtutis</span> <span class='ocrx_word' id='word_1_424' title='bbox 715 3205 821 3259; x_wconf 92' lang='lat' dir='ltr'>pro</span> <span class='ocrx_word' id='word_1_425' title='bbox 851 3190 1082 3245; x_wconf 89' lang='lat' dir='ltr'>meritis</span> <span class='ocrx_word' id='word_1_426' title='bbox 1114 3190 1503 3259; x_wconf 63' lang='lat' dir='ltr'>differentias,</span> <span class='ocrx_word' id='word_1_427' title='bbox 1542 3197 1599 3244; x_wconf 93' lang='lat' dir='ltr'>et</span> <span class='ocrx_word' id='word_1_428' title='bbox 1628 3190 1947 3261; x_wconf 73' lang='lat' dir='ltr'>praaclaras</span> 
     </span>
    </p>
   </div>
   <div class='ocr_carea' id='block_1_53' title="bbox 295 3277 1945 3349">
    <p class='ocr_par' dir='ltr' id='par_1_53' title="bbox 295 3277 1945 3349">
     <span class='ocr_line' id='line_1_53' title="bbox 295 3277 1945 3349; baseline 0.002 -20"><span class='ocrx_word' id='word_1_429' title='bbox 295 3277 830 3344; x_wconf 88' lang='lat' dir='ltr'>remunerationes,</span> <span class='ocrx_word' id='word_1_430' title='bbox 874 3295 981 3349; x_wconf 90' lang='lat' dir='ltr'>per</span> <span class='ocrx_word' id='word_1_431' title='bbox 1008 3279 1185 3333; x_wconf 88' lang='lat' dir='ltr'>horas</span> <span class='ocrx_word' id='word_1_432' title='bbox 1215 3296 1465 3334; x_wconf 91' lang='lat' dir='ltr'>numero</span> <span class='ocrx_word' id='word_1_433' title='bbox 1497 3296 1619 3333; x_wconf 91' lang='lat' dir='ltr'>non</span> <span class='ocrx_word' id='word_1_434' title='bbox 1648 3279 1945 3348; x_wconf 66' lang='lat' dir='ltr'>aequales;</span> 
     </span>
    </p>
   </div>
   <div class='ocr_carea' id='block_1_54' title="bbox 299 3366 1948 3438">
    <p class='ocr_par' dir='ltr' id='par_1_54' title="bbox 299 3366 1948 3438">
     <span class='ocr_line' id='line_1_54' title="bbox 299 3366 1948 3438; baseline 0.001 -21"><span class='ocrx_word' id='word_1_435' title='bbox 299 3369 588 3434; x_wconf 64' lang='lat' dir='ltr'>praeterea</span> <span class='ocrx_word' id='word_1_436' title='bbox 619 3371 816 3420; x_wconf 89' lang='lat' dir='ltr'>autem</span> <span class='ocrx_word' id='word_1_437' title='bbox 849 3373 906 3421; x_wconf 90' lang='lat' dir='ltr'>et</span> <span class='ocrx_word' id='word_1_438' title='bbox 936 3367 1256 3437; x_wconf 92' lang='lat' dir='ltr'>unicuique</span> <span class='ocrx_word' id='word_1_439' title='bbox 1280 3367 1686 3438; x_wconf 90' lang='lat' dir='ltr'>operariorum</span> <span class='ocrx_word' id='word_1_440' title='bbox 1706 3366 1948 3436; x_wconf 67' lang='lat' dir='ltr'>aequali-</span> 
     </span>
    </p>
   </div>
   <div class='ocr_carea' id='block_1_55' title="bbox 300 3453 1949 3525">
    <p class='ocr_par' dir='ltr' id='par_1_55' title="bbox 300 3453 1949 3525">
     <span class='ocr_line' id='line_1_55' title="bbox 300 3453 1949 3525; baseline 0.001 -19"><span class='ocrx_word' id='word_1_441' title='bbox 300 3458 390 3507; x_wconf 89' lang='lat' dir='ltr'>ter</span> <span class='ocrx_word' id='word_1_442' title='bbox 417 3458 479 3521; x_wconf 49' lang='grc' dir='ltr'>ᾧ</span> <span class='ocrx_word' id='word_1_443' title='bbox 507 3454 756 3509; x_wconf 75' lang='lat' dir='ltr'>redditae</span> <span class='ocrx_word' id='word_1_444' title='bbox 799 3456 1107 3522; x_wconf 90' lang='lat' dir='ltr'>mercedis,</span> <span class='ocrx_word' id='word_1_445' title='bbox 1145 3455 1254 3510; x_wconf 92' lang='lat' dir='ltr'>hoc</span> <span class='ocrx_word' id='word_1_446' title='bbox 1286 3463 1374 3510; x_wconf 89' lang='lat' dir='ltr'>est</span> <span class='ocrx_word' id='word_1_447' title='bbox 1401 3456 1632 3524; x_wconf 88' lang='lat' dir='ltr'>salutis,</span> <span class='ocrx_word' id='word_1_448' title='bbox 1659 3471 1838 3525; x_wconf 89' lang='lat' dir='ltr'>quam</span> <span class='ocrx_word' id='word_1_449' title='bbox 1870 3453 1949 3508; x_wconf 87' lang='lat' dir='ltr'>si-</span> 
     </span>
    </p>
   </div>
   <div class='ocr_carea' id='block_1_56' title="bbox 299 3543 1952 3617">
    <p class='ocr_par' dir='ltr' id='par_1_56' title="bbox 299 3543 1952 3617">
     <span class='ocr_line' id='line_1_56' title="bbox 299 3543 1952 3617; baseline 0 -21"><span class='ocrx_word' id='word_1_450' title='bbox 299 3543 540 3614; x_wconf 77' lang='lat' dir='ltr'>gnificat</span> <span class='ocrx_word' id='word_1_451' title='bbox 574 3565 598 3595; x_wconf 82' lang='grc' dir='ltr'>α</span> <span class='ocrx_word' id='word_1_452' title='bbox 635 3543 936 3610; x_wconf 89' lang='lat' dir='ltr'>denarius,</span> <span class='ocrx_word' id='word_1_453' title='bbox 971 3567 998 3594; x_wconf 76' lang='lat' dir='ltr'><em>n</em></span> <span class='ocrx_word' id='word_1_454' title='bbox 1032 3561 1270 3615; x_wconf 71' lang='lat' dir='ltr'>aequum</span> <span class='ocrx_word' id='word_1_455' title='bbox 1293 3545 1396 3616; x_wconf 87' lang='lat' dir='ltr'>jus</span> <span class='ocrx_word' id='word_1_456' title='bbox 1446 3543 1800 3617; x_wconf 83' lang='lat' dir='ltr'>significavit</span> <span class='ocrx_word' id='word_1_457' title='bbox 1846 3559 1952 3614; x_wconf 92' lang='lat' dir='ltr'>per</span> 
     </span>
    </p>
   </div>
   <div class='ocr_carea' id='block_1_57' title="bbox 301 3631 1952 3704">
    <p class='ocr_par' dir='ltr' id='par_1_57' title="bbox 301 3631 1952 3704">
     <span class='ocr_line' id='line_1_57' title="bbox 301 3631 1952 3704; baseline 0.001 -20"><span class='ocrx_word' id='word_1_458' title='bbox 301 3648 423 3698; x_wconf 90' lang='lat' dir='ltr'>eos,</span> <span class='ocrx_word' id='word_1_459' title='bbox 457 3631 558 3701; x_wconf 88' lang='lat' dir='ltr'>qui</span> <span class='ocrx_word' id='word_1_460' title='bbox 581 3633 807 3703; x_wconf 88' lang='lat' dir='ltr'>Operati</span> <span class='ocrx_word' id='word_1_461' title='bbox 841 3639 980 3687; x_wconf 89' lang='lat' dir='ltr'>sunt</span> <span class='ocrx_word' id='word_1_462' title='bbox 1001 3634 1164 3688; x_wconf 90' lang='lat' dir='ltr'>horis</span> <span class='ocrx_word' id='word_1_463' title='bbox 1191 3632 1584 3704; x_wconf 64' lang='lat' dir='ltr'>inaequalibus</span> <span class='ocrx_word' id='word_1_464' title='bbox 1609 3633 1706 3704; x_wconf 90' lang='lat' dir='ltr'>(g).</span> <span class='ocrx_word' id='word_1_465' title='bbox 1732 3633 1952 3703; x_wconf 89' lang='lat' dir='ltr'>Opera-</span> 
     </span>
    </p>
   </div>
   <div class='ocr_carea' id='block_1_58' title="bbox 2057 1760 3716 1841">
    <p class='ocr_par' dir='ltr' id='par_1_58' title="bbox 2057 1760 3716 1841">
     <span class='ocr_line' id='line_1_58' title="bbox 2057 1760 3716 1841; baseline 0.001 -24"><span class='ocrx_word' id='word_1_466' title='bbox 2057 1760 2282 1818; x_wconf 75' lang='grc' dir='ltr'>ἄπιστον</span> <span class='ocrx_word' id='word_1_467' title='bbox 2318 1765 2508 1839; x_wconf 82' lang='grc' dir='ltr'>μάχην</span> <span class='ocrx_word' id='word_1_468' title='bbox 2538 1765 2638 1833; x_wconf 76' lang='grc' dir='ltr'>τὴν</span> <span class='ocrx_word' id='word_1_469' title='bbox 2685 1763 2737 1819; x_wconf 76' lang='grc' dir='ltr'>ἐν</span> <span class='ocrx_word' id='word_1_470' title='bbox 2784 1768 2854 1839; x_wconf 82' lang='grc' dir='ltr'>τῇ</span> <span class='ocrx_word' id='word_1_471' title='bbox 2887 1767 3041 1841; x_wconf 78' lang='grc' dir='ltr'>ψυχῇ</span> <span class='ocrx_word' id='word_1_472' title='bbox 3085 1765 3582 1830; x_wconf 81' lang='grc' dir='ltr'>καταπεπαυκότες,</span> <span class='ocrx_word' id='word_1_473' title='bbox 3614 1776 3716 1828; x_wconf 83' lang='grc' dir='ltr'>θυ-</span> 
     </span>
    </p>
   </div>
   <div class='ocr_carea' id='block_1_59' title="bbox 2061 1850 3716 1928">
    <p class='ocr_par' dir='ltr' id='par_1_59' title="bbox 2061 1850 3716 1928">
     <span class='ocr_line' id='line_1_59' title="bbox 2061 1850 3716 1928; baseline 0 -20"><span class='ocrx_word' id='word_1_474' title='bbox 2061 1858 2167 1927; x_wconf 86' lang='grc' dir='ltr'>μοῦ</span> <span class='ocrx_word' id='word_1_475' title='bbox 2197 1855 2287 1908; x_wconf 80' lang='grc' dir='ltr'>καὶ</span> <span class='ocrx_word' id='word_1_476' title='bbox 2321 1852 2633 1928; x_wconf 76' lang='grc' dir='ltr'>ἐπιθυμίας,</span> <span class='ocrx_word' id='word_1_477' title='bbox 2667 1854 2757 1910; x_wconf 83' lang='grc' dir='ltr'>καὶ</span> <span class='ocrx_word' id='word_1_478' title='bbox 2802 1860 2912 1910; x_wconf 87' lang='grc' dir='ltr'>τῶν</span> <span class='ocrx_word' id='word_1_479' title='bbox 2961 1854 3183 1917; x_wconf 77' lang='grc' dir='ltr'>τούτοις</span> <span class='ocrx_word' id='word_1_480' title='bbox 3240 1850 3716 1928; x_wconf 72' lang='grc' dir='ltr'>ὑποϐεϐλημένων</span> 
     </span>
    </p>
   </div>
   <div class='ocr_carea' id='block_1_60' title="bbox 2058 1941 3720 2020">
    <p class='ocr_par' dir='ltr' id='par_1_60' title="bbox 2058 1941 3720 2020">
     <span class='ocr_line' id='line_1_60' title="bbox 2058 1941 3720 2020; baseline -0.001 -22"><span class='ocrx_word' id='word_1_481' title='bbox 2058 1941 2235 1999; x_wconf 69' lang='grc' dir='ltr'>εἰδῶν.</span> <span class='ocrx_word' id='word_1_482' title='bbox 2271 1945 2472 2016; x_wconf 86' lang='grc' dir='ltr'>ΙΙραεῖς</span> <span class='ocrx_word' id='word_1_483' title='bbox 2503 1941 2561 1999; x_wconf 74' lang='grc' dir='ltr'>δὲ</span> <span class='ocrx_word' id='word_1_484' title='bbox 2599 1943 2727 2008; x_wconf 79' lang='grc' dir='ltr'>τοὺς</span> <span class='ocrx_word' id='word_1_485' title='bbox 2755 1944 2891 2000; x_wconf 84' lang='grc' dir='ltr'>κατᾶ</span> <span class='ocrx_word' id='word_1_486' title='bbox 2933 1945 3268 2020; x_wconf 88' lang='grc' dir='ltr'>προαίρεσιν,</span> <span class='ocrx_word' id='word_1_487' title='bbox 3304 1945 3365 2000; x_wconf 86' lang='grc' dir='ltr'>οὐ</span> <span class='ocrx_word' id='word_1_488' title='bbox 3403 1945 3520 2000; x_wconf 80' lang='grc' dir='ltr'>κατ’</span> <span class='ocrx_word' id='word_1_489' title='bbox 3549 1943 3720 2018; x_wconf 80' lang='grc' dir='ltr'>ἀνάγ-</span> 
     </span>
    </p>
   </div>
   <div class='ocr_carea' id='block_1_61' title="bbox 2056 2031 3712 2108">
    <p class='ocr_par' dir='ltr' id='par_1_61' title="bbox 2056 2031 3712 2108">
     <span class='ocr_line' id='line_1_61' title="bbox 2056 2031 3712 2108; baseline 0 -23"><span class='ocrx_word' id='word_1_490' title='bbox 2056 2051 2158 2102; x_wconf 91' lang='grc' dir='ltr'>κην</span> <span class='ocrx_word' id='word_1_491' title='bbox 2211 2031 2437 2090; x_wconf 69' lang='grc' dir='ltr'>ἐπαινεῖ.</span> <span class='ocrx_word' id='word_1_492' title='bbox 2497 2057 2525 2084; x_wconf 85' lang='grc'>‹‹</span> <span class='ocrx_word' id='word_1_493' title='bbox 2578 2032 2695 2089; x_wconf 73' lang='grc' dir='ltr'>Εἰσὶ</span> <span class='ocrx_word' id='word_1_494' title='bbox 2753 2056 2780 2085; x_wconf 80' lang='grc'><strong>››</strong></span> <span class='ocrx_word' id='word_1_495' title='bbox 2842 2036 2948 2106; x_wconf 88' lang='grc'>(96)</span> <span class='ocrx_word' id='word_1_496' title='bbox 3001 2033 3106 2108; x_wconf 81' lang='grc' dir='ltr'>γὰρ</span> <span class='ocrx_word' id='word_1_497' title='bbox 3163 2033 3310 2108; x_wconf 78' lang='grc' dir='ltr'>παρὰ</span> <span class='ocrx_word' id='word_1_498' title='bbox 3369 2032 3556 2108; x_wconf 82' lang='grc' dir='ltr'>Κυρίῳ</span> <span class='ocrx_word' id='word_1_499' title='bbox 3609 2033 3712 2086; x_wconf 81' lang='grc' dir='ltr'>καὶ</span> 
     </span>
    </p>
   </div>
   <div class='ocr_carea' id='block_1_62' title="bbox 2061 2120 3720 2198">
    <p class='ocr_par' dir='ltr' id='par_1_62' title="bbox 2061 2120 3720 2198">
     <span class='ocr_line' id='line_1_62' title="bbox 2061 2120 3720 2198; baseline 0.004 -24"><span class='ocrx_word' id='word_1_500' title='bbox 2061 2121 2244 2193; x_wconf 85' lang='grc' dir='ltr'>μισθοὶ</span> <span class='ocrx_word' id='word_1_501' title='bbox 2275 2121 2364 2176; x_wconf 77' lang='grc' dir='ltr'>καὶ</span> <span class='ocrx_word' id='word_1_502' title='bbox 2395 2146 2423 2172; x_wconf 87' lang='grc'>‹‹</span> <span class='ocrx_word' id='word_1_503' title='bbox 2461 2121 2620 2194; x_wconf 75' lang='grc' dir='ltr'>μοναὶ</span> <span class='ocrx_word' id='word_1_504' title='bbox 2651 2120 2926 2193; x_wconf 85' lang='grc' dir='ltr'>πλείονες,</span> <span class='ocrx_word' id='word_1_505' title='bbox 2958 2145 2986 2172; x_wconf 89' lang='grc'><strong>››</strong></span> <span class='ocrx_word' id='word_1_506' title='bbox 3033 2121 3169 2176; x_wconf 82' lang='grc' dir='ltr'>κατᾶ</span> <span class='ocrx_word' id='word_1_507' title='bbox 3212 2120 3499 2198; x_wconf 83' lang='grc' dir='ltr'>ἀναλογίαν</span> <span class='ocrx_word' id='word_1_508' title='bbox 3553 2121 3720 2197; x_wconf 87' lang='grc' dir='ltr'>βίων.</span> 
     </span>
    </p>
   </div>
   <div class='ocr_carea' id='block_1_63' title="bbox 2058 2205 3719 2285">
    <p class='ocr_par' dir='ltr' id='par_1_63' title="bbox 2058 2205 3719 2285">
     <span class='ocr_line' id='line_1_63' title="bbox 2058 2205 3719 2285; baseline 0.001 -24"><span class='ocrx_word' id='word_1_509' title='bbox 2058 2232 2086 2261; x_wconf 86' lang='grc'>‹‹</span> <span class='ocrx_word' id='word_1_510' title='bbox 2119 2209 2219 2271; x_wconf 76' lang='grc' dir='ltr'>’Ός</span> <span class='ocrx_word' id='word_1_511' title='bbox 2275 2211 2375 2285; x_wconf 72' lang='grc' dir='ltr'>γαρ</span> <span class='ocrx_word' id='word_1_512' title='bbox 2429 2208 2488 2263; x_wconf 78' lang='grc' dir='ltr'>ἂν</span> <span class='ocrx_word' id='word_1_513' title='bbox 2523 2205 2736 2279; x_wconf 68' lang='grc' dir='ltr'>δέξηται</span> <span class='ocrx_word' id='word_1_514' title='bbox 2770 2212 2910 2282; x_wconf 85' lang='grc'>(97),</span> <span class='ocrx_word' id='word_1_515' title='bbox 2947 2232 2976 2260; x_wconf 81' lang='grc'>››</span> <span class='ocrx_word' id='word_1_516' title='bbox 3036 2209 3190 2280; x_wconf 78' lang='grc' dir='ltr'>ωησὶ,</span> <span class='ocrx_word' id='word_1_517' title='bbox 3251 2235 3278 2262; x_wconf 91' lang='grc'>‹‹</span> <span class='ocrx_word' id='word_1_518' title='bbox 3311 2210 3601 2284; x_wconf 78' lang='grc' dir='ltr'>προφήτην</span> <span class='ocrx_word' id='word_1_519' title='bbox 3632 2208 3719 2271; x_wconf 80' lang='grc' dir='ltr'>εΐς</span> 
     </span>
    </p>
   </div>
   <div class='ocr_carea' id='block_1_64' title="bbox 2058 2295 3720 2376">
    <p class='ocr_par' dir='ltr' id='par_1_64' title="bbox 2058 2295 3720 2376">
     <span class='ocr_line' id='line_1_64' title="bbox 2058 2295 3720 2376; baseline 0 -22"><span class='ocrx_word' id='word_1_520' title='bbox 2058 2295 2233 2371; x_wconf 70' lang='grc' dir='ltr'>ὄνομα</span> <span class='ocrx_word' id='word_1_521' title='bbox 2289 2301 2597 2376; x_wconf 80' lang='grc' dir='ltr'>προφήτου,</span> <span class='ocrx_word' id='word_1_522' title='bbox 2651 2300 2839 2372; x_wconf 89' lang='grc' dir='ltr'>μισθὸν</span> <span class='ocrx_word' id='word_1_523' title='bbox 2890 2302 3176 2376; x_wconf 78' lang='grc' dir='ltr'>προφήτου</span> <span class='ocrx_word' id='word_1_524' title='bbox 3233 2298 3487 2373; x_wconf 64' lang='grc' dir='ltr'>λήψεταυ</span> <span class='ocrx_word' id='word_1_525' title='bbox 3520 2299 3608 2354; x_wconf 83' lang='grc' dir='ltr'>καὶ</span> <span class='ocrx_word' id='word_1_526' title='bbox 3655 2299 3720 2362; x_wconf 81' lang='grc' dir='ltr'>ὃς</span> 
     </span>
    </p>
   </div>
   <div class='ocr_carea' id='block_1_65' title="bbox 2057 2385 3716 2462">
    <p class='ocr_par' dir='ltr' id='par_1_65' title="bbox 2057 2385 3716 2462">
     <span class='ocr_line' id='line_1_65' title="bbox 2057 2385 3716 2462; baseline 0 -18"><span class='ocrx_word' id='word_1_527' title='bbox 2057 2389 2116 2444; x_wconf 77' lang='grc' dir='ltr'>ἃν</span> <span class='ocrx_word' id='word_1_528' title='bbox 2152 2387 2382 2461; x_wconf 80' lang='grc' dir='ltr'>δέξαιται</span> <span class='ocrx_word' id='word_1_529' title='bbox 2417 2386 2622 2443; x_wconf 84' lang='grc' dir='ltr'>δίκαιον</span> <span class='ocrx_word' id='word_1_530' title='bbox 2657 2389 2732 2450; x_wconf 84' lang='grc' dir='ltr'>εἷς</span> <span class='ocrx_word' id='word_1_531' title='bbox 2766 2385 2941 2460; x_wconf 77' lang='grc' dir='ltr'>ὄνομα</span> <span class='ocrx_word' id='word_1_532' title='bbox 2982 2386 3216 2457; x_wconf 87' lang='grc' dir='ltr'>δικαίου,</span> <span class='ocrx_word' id='word_1_533' title='bbox 3253 2389 3447 2462; x_wconf 85' lang='grc' dir='ltr'>μισθὸν</span> <span class='ocrx_word' id='word_1_534' title='bbox 3499 2387 3716 2444; x_wconf 86' lang='grc' dir='ltr'>δικαίου</span> 
     </span>
    </p>
   </div>
   <div class='ocr_carea' id='block_1_66' title="bbox 2057 2473 3716 2551">
    <p class='ocr_par' dir='ltr' id='par_1_66' title="bbox 2057 2473 3716 2551">
     <span class='ocr_line' id='line_1_66' title="bbox 2057 2473 3716 2551; baseline 0 -18"><span class='ocrx_word' id='word_1_535' title='bbox 2057 2477 2316 2551; x_wconf 84' lang='grc' dir='ltr'>λήψεται·</span> <span class='ocrx_word' id='word_1_536' title='bbox 2364 2477 2454 2532; x_wconf 88' lang='grc' dir='ltr'>καὶ</span> <span class='ocrx_word' id='word_1_537' title='bbox 2485 2477 2546 2540; x_wconf 80' lang='grc' dir='ltr'>’ὀς</span> <span class='ocrx_word' id='word_1_538' title='bbox 2575 2474 2635 2531; x_wconf 78' lang='grc' dir='ltr'>ἂν</span> <span class='ocrx_word' id='word_1_539' title='bbox 2685 2474 2902 2548; x_wconf 73' lang='grc' dir='ltr'>δέξηται</span> <span class='ocrx_word' id='word_1_540' title='bbox 2957 2473 3050 2530; x_wconf 63' lang='grc' dir='ltr'>ἵνα</span> <span class='ocrx_word' id='word_1_541' title='bbox 3105 2480 3212 2530; x_wconf 89' lang='grc' dir='ltr'>τῶν</span> <span class='ocrx_word' id='word_1_542' title='bbox 3278 2478 3536 2548; x_wconf 81' lang='grc' dir='ltr'>μαθητῶν</span> <span class='ocrx_word' id='word_1_543' title='bbox 3592 2479 3716 2551; x_wconf 87' lang='lat'>(98)</span> 
     </span>
    </p>
   </div>
   <div class='ocr_carea' id='block_1_67' title="bbox 2051 2561 3723 2638">
    <p class='ocr_par' dir='ltr' id='par_1_67' title="bbox 2051 2561 3723 2638">
     <span class='ocr_line' id='line_1_67' title="bbox 2051 2561 3723 2638; baseline 0 -18"><span class='ocrx_word' id='word_1_544' title='bbox 2051 2565 2259 2620; x_wconf 78' lang='grc' dir='ltr'>τούτων</span> <span class='ocrx_word' id='word_1_545' title='bbox 2289 2569 2398 2620; x_wconf 89' lang='grc' dir='ltr'>τῶν</span> <span class='ocrx_word' id='word_1_546' title='bbox 2432 2569 2665 2638; x_wconf 80' lang='grc' dir='ltr'>μικρῶν,</span> <span class='ocrx_word' id='word_1_547' title='bbox 2715 2564 2904 2638; x_wconf 80' lang='grc' dir='ltr'>μισθὸν</span> <span class='ocrx_word' id='word_1_548' title='bbox 2939 2564 3038 2619; x_wconf 78' lang='grc' dir='ltr'>οὐκ</span> <span class='ocrx_word' id='word_1_549' title='bbox 3068 2561 3344 2621; x_wconf 75' lang='grc' dir='ltr'>ἀπολέσει.</span> <span class='ocrx_word' id='word_1_550' title='bbox 3381 2586 3408 2614; x_wconf 86' lang='grc'><strong>››</strong></span> <span class='ocrx_word' id='word_1_551' title='bbox 3440 2563 3618 2619; x_wconf 79' lang='grc' dir='ltr'>Πάλιν</span> <span class='ocrx_word' id='word_1_552' title='bbox 3655 2586 3723 2620; x_wconf 85' lang='grc' dir='ltr'>τε</span> 
     </span>
    </p>
   </div>
   <div class='ocr_carea' id='block_1_68' title="bbox 2055 2650 3717 2731">
    <p class='ocr_par' dir='ltr' id='par_1_68' title="bbox 2055 2650 3717 2731">
     <span class='ocr_line' id='line_1_68' title="bbox 2055 2650 3717 2731; baseline -0.001 -21"><span class='ocrx_word' id='word_1_553' title='bbox 2055 2655 2157 2725; x_wconf 79' lang='grc' dir='ltr'>αὗ,</span> <span class='ocrx_word' id='word_1_554' title='bbox 2211 2655 2307 2716; x_wconf 82' lang='grc' dir='ltr'>τὰς</span> <span class='ocrx_word' id='word_1_555' title='bbox 2356 2655 2474 2709; x_wconf 78' lang='grc' dir='ltr'>κατ’</span> <span class='ocrx_word' id='word_1_556' title='bbox 2531 2652 2674 2724; x_wconf 80' lang='grc' dir='ltr'>ἀξίαν</span> <span class='ocrx_word' id='word_1_557' title='bbox 2733 2650 2996 2731; x_wconf 72' lang='grc' dir='ltr'>διαφορὰς</span> <span class='ocrx_word' id='word_1_558' title='bbox 3048 2658 3150 2722; x_wconf 80' lang='grc' dir='ltr'>τῆς</span> <span class='ocrx_word' id='word_1_559' title='bbox 3207 2651 3428 2728; x_wconf 82' lang='grc' dir='ltr'>ἀρετῆς,</span> <span class='ocrx_word' id='word_1_560' title='bbox 3475 2653 3717 2728; x_wconf 81' lang='grc' dir='ltr'>εὗγενείς</span> 
     </span>
    </p>
   </div>
   <div class='ocr_carea' id='block_1_69' title="bbox 2055 2739 3715 2819">
    <p class='ocr_par' dir='ltr' id='par_1_69' title="bbox 2055 2739 3715 2819">
     <span class='ocr_line' id='line_1_69' title="bbox 2055 2739 3715 2819; baseline -0.002 -21"><span class='ocrx_word' id='word_1_561' title='bbox 2055 2739 2293 2818; x_wconf 65' lang='grc' dir='ltr'>ἀμοιϐὰς</span> <span class='ocrx_word' id='word_1_562' title='bbox 2327 2740 2416 2798; x_wconf 80' lang='grc' dir='ltr'>διὰ</span> <span class='ocrx_word' id='word_1_563' title='bbox 2444 2746 2552 2797; x_wconf 87' lang='grc' dir='ltr'>τῶν</span> <span class='ocrx_word' id='word_1_564' title='bbox 2585 2743 2742 2819; x_wconf 88' lang='grc' dir='ltr'>ὡρῶν</span> <span class='ocrx_word' id='word_1_565' title='bbox 2770 2746 2878 2797; x_wconf 88' lang='grc' dir='ltr'>τῶν</span> <span class='ocrx_word' id='word_1_566' title='bbox 2907 2740 3018 2816; x_wconf 83' lang='grc' dir='ltr'>οὐχ</span> <span class='ocrx_word' id='word_1_567' title='bbox 3045 2741 3254 2814; x_wconf 86' lang='grc' dir='ltr'>ὁμοίων</span> <span class='ocrx_word' id='word_1_568' title='bbox 3308 2741 3399 2795; x_wconf 86' lang='grc' dir='ltr'>τὸν</span> <span class='ocrx_word' id='word_1_569' title='bbox 3450 2741 3715 2815; x_wconf 85' lang='grc' dir='ltr'>ἀριθμόν·</span> 
     </span>
    </p>
   </div>
   <div class='ocr_carea' id='block_1_70' title="bbox 2055 2829 3715 2908">
    <p class='ocr_par' dir='ltr' id='par_1_70' title="bbox 2055 2829 3715 2908">
     <span class='ocr_line' id='line_1_70' title="bbox 2055 2829 3715 2908; baseline -0.002 -20"><span class='ocrx_word' id='word_1_570' title='bbox 2055 2833 2192 2908; x_wconf 86' lang='grc' dir='ltr'>πρὸς</span> <span class='ocrx_word' id='word_1_571' title='bbox 2227 2830 2303 2904; x_wconf 80' lang='grc' dir='ltr'>δὲ,</span> <span class='ocrx_word' id='word_1_572' title='bbox 2352 2832 2443 2887; x_wconf 83' lang='grc' dir='ltr'>καὶ</span> <span class='ocrx_word' id='word_1_573' title='bbox 2493 2833 2604 2907; x_wconf 89' lang='grc'>(99)</span> <span class='ocrx_word' id='word_1_574' title='bbox 2632 2835 2729 2887; x_wconf 86' lang='grc' dir='ltr'>τοῦ</span> <span class='ocrx_word' id='word_1_575' title='bbox 2777 2831 2986 2904; x_wconf 67' lang='grc' dir='ltr'>ἑκάστῳ</span> <span class='ocrx_word' id='word_1_576' title='bbox 3037 2834 3146 2885; x_wconf 88' lang='grc' dir='ltr'>τῶν</span> <span class='ocrx_word' id='word_1_577' title='bbox 3206 2829 3443 2906; x_wconf 77' lang='grc' dir='ltr'>ἐργατῶν</span> <span class='ocrx_word' id='word_1_578' title='bbox 3498 2829 3715 2885; x_wconf 81' lang='grc' dir='ltr'>ἀποδο-</span> 
     </span>
    </p>
   </div>
   <div class='ocr_carea' id='block_1_71' title="bbox 2056 2918 3714 2994">
    <p class='ocr_par' dir='ltr' id='par_1_71' title="bbox 2056 2918 3714 2994">
     <span class='ocr_line' id='line_1_71' title="bbox 2056 2918 3714 2994; baseline -0.002 -18"><span class='ocrx_word' id='word_1_579' title='bbox 2056 2922 2242 2986; x_wconf 78' lang='grc' dir='ltr'>θὲντος</span> <span class='ocrx_word' id='word_1_580' title='bbox 2273 2919 2394 2976; x_wconf 55' lang='grc' dir='ltr'>ἴσου</span> <span class='ocrx_word' id='word_1_581' title='bbox 2430 2925 2650 2994; x_wconf 78' lang='grc' dir='ltr'>μισθοῦ,</span> <span class='ocrx_word' id='word_1_582' title='bbox 2702 2921 2948 2976; x_wconf 72' lang='grc' dir='ltr'>τουτέστι</span> <span class='ocrx_word' id='word_1_583' title='bbox 2995 2926 3096 2990; x_wconf 82' lang='grc' dir='ltr'>τῆς</span> <span class='ocrx_word' id='word_1_584' title='bbox 3157 2918 3453 2993; x_wconf 80' lang='grc' dir='ltr'>σωτηρίας,</span> <span class='ocrx_word' id='word_1_585' title='bbox 3486 2920 3550 2989; x_wconf 77' lang='grc' dir='ltr'>ἢν</span> <span class='ocrx_word' id='word_1_586' title='bbox 3586 2943 3615 2971; x_wconf 85' lang='grc'>‹‹</span> <span class='ocrx_word' id='word_1_587' title='bbox 3649 2919 3714 2973; x_wconf 81' lang='grc' dir='ltr'>τὸ</span> 
     </span>
    </p>
   </div>
   <div class='ocr_carea' id='block_1_72' title="bbox 2057 3006 3718 3086">
    <p class='ocr_par' dir='ltr' id='par_1_72' title="bbox 2057 3006 3718 3086">
     <span class='ocr_line' id='line_1_72' title="bbox 2057 3006 3718 3086; baseline -0.002 -22"><span class='ocrx_word' id='word_1_588' title='bbox 2057 3007 2312 3086; x_wconf 79' lang='grc' dir='ltr'>δηνάριον</span> <span class='ocrx_word' id='word_1_589' title='bbox 2348 3034 2377 3061; x_wconf 85' lang='grc'>››</span> <span class='ocrx_word' id='word_1_590' title='bbox 2437 3008 2755 3080; x_wconf 73' lang='grc' dir='ltr'>αἰνίσσεται,</span> <span class='ocrx_word' id='word_1_591' title='bbox 2806 3008 2868 3064; x_wconf 92' lang='grc' dir='ltr'>τό</span> <span class='ocrx_word' id='word_1_592' title='bbox 2915 3007 3104 3080; x_wconf 81' lang='grc' dir='ltr'>ἐπίσης</span> <span class='ocrx_word' id='word_1_593' title='bbox 3164 3006 3371 3062; x_wconf 85' lang='grc' dir='ltr'>δίκαιον</span> <span class='ocrx_word' id='word_1_594' title='bbox 3432 3009 3718 3081; x_wconf 72' lang='grc' dir='ltr'>μεμήνυκε</span> 
     </span>
    </p>
   </div>
   <div class='ocr_carea' id='block_1_73' title="bbox 2057 3095 3712 3174">
    <p class='ocr_par' dir='ltr' id='par_1_73' title="bbox 2057 3095 3712 3174">
     <span class='ocr_line' id='line_1_73' title="bbox 2057 3095 3712 3174; baseline 0.001 -22"><span class='ocrx_word' id='word_1_595' title='bbox 2057 3095 2147 3153; x_wconf 78' lang='grc' dir='ltr'>διὰ</span> <span class='ocrx_word' id='word_1_596' title='bbox 2171 3102 2278 3153; x_wconf 91' lang='grc' dir='ltr'>τῶν</span> <span class='ocrx_word' id='word_1_597' title='bbox 2312 3097 2447 3154; x_wconf 82' lang='grc' dir='ltr'>κατᾶ</span> <span class='ocrx_word' id='word_1_598' title='bbox 2473 3097 2568 3160; x_wconf 80' lang='grc' dir='ltr'>τὰς</span> <span class='ocrx_word' id='word_1_599' title='bbox 2615 3095 3038 3169; x_wconf 81' lang='grc' dir='ltr'>ἀκαταλλήλους</span> <span class='ocrx_word' id='word_1_600' title='bbox 3094 3095 3240 3174; x_wconf 80' lang='grc' dir='ltr'>ὥρας</span> <span class='ocrx_word' id='word_1_601' title='bbox 3300 3095 3712 3172; x_wconf 76' lang='grc' dir='ltr'>ὲγρασαμένων.</span> 
     </span>
    </p>
   </div>
   <div class='ocr_carea' id='block_1_74' title="bbox 2057 3183 3706 3263">
    <p class='ocr_par' dir='ltr' id='par_1_74' title="bbox 2057 3183 3706 3263">
     <span class='ocr_line' id='line_1_74' title="bbox 2057 3183 3706 3263; baseline -0.003 -19"><span class='ocrx_word' id='word_1_602' title='bbox 2057 3188 2410 3263; x_wconf 86' lang='grc' dir='ltr'>Ἐργάσονται</span> <span class='ocrx_word' id='word_1_603' title='bbox 2446 3188 2540 3260; x_wconf 75' lang='grc' dir='ltr'>μὲν</span> <span class='ocrx_word' id='word_1_604' title='bbox 2569 3187 2660 3241; x_wconf 82' lang='grc' dir='ltr'>οὗν</span> <span class='ocrx_word' id='word_1_605' title='bbox 2693 3188 2830 3242; x_wconf 83' lang='grc' dir='ltr'>κατᾶ</span> <span class='ocrx_word' id='word_1_606' title='bbox 2870 3186 2967 3249; x_wconf 80' lang='grc' dir='ltr'>τὰς</span> <span class='ocrx_word' id='word_1_607' title='bbox 3029 3185 3192 3259; x_wconf 76' lang='grc' dir='ltr'>μονὰς</span> <span class='ocrx_word' id='word_1_608' title='bbox 3230 3185 3324 3247; x_wconf 78' lang='grc' dir='ltr'>τὰς</span> <span class='ocrx_word' id='word_1_609' title='bbox 3379 3183 3706 3260; x_wconf 78' lang='grc' dir='ltr'>ἀναλόγους,</span> 
     </span>
    </p>
   </div>
   <div class='ocr_carea' id='block_1_75' title="bbox 2058 3273 3713 3351">
    <p class='ocr_par' dir='ltr' id='par_1_75' title="bbox 2058 3273 3713 3351">
     <span class='ocr_line' id='line_1_75' title="bbox 2058 3273 3713 3351; baseline -0.001 -21"><span class='ocrx_word' id='word_1_610' title='bbox 2058 3277 2132 3330; x_wconf 82' lang='grc' dir='ltr'>ὧν</span> <span class='ocrx_word' id='word_1_611' title='bbox 2191 3277 2607 3346; x_wconf 79' lang='grc' dir='ltr'>κατηξιώθησαν</span> <span class='ocrx_word' id='word_1_612' title='bbox 2650 3281 2852 3351; x_wconf 83' lang='grc' dir='ltr'>γερῶν,</span> <span class='ocrx_word' id='word_1_613' title='bbox 2907 3275 3197 3350; x_wconf 79' lang='grc' dir='ltr'>συνεργοὺς</span> <span class='ocrx_word' id='word_1_614' title='bbox 3227 3281 3325 3344; x_wconf 83' lang='grc' dir='ltr'>τῆς</span> <span class='ocrx_word' id='word_1_615' title='bbox 3357 3273 3596 3350; x_wconf 73' lang='grc' dir='ltr'>ἀρῥήτου</span> <span class='ocrx_word' id='word_1_616' title='bbox 3627 3276 3713 3330; x_wconf 80' lang='grc' dir='ltr'>οἱ-</span> 
     </span>
    </p>
   </div>
   <div class='ocr_carea' id='block_1_76' title="bbox 2056 3361 3708 3440">
    <p class='ocr_par' dir='ltr' id='par_1_76' title="bbox 2056 3361 3708 3440">
     <span class='ocr_line' id='line_1_76' title="bbox 2056 3361 3708 3440; baseline -0.001 -20"><span class='ocrx_word' id='word_1_617' title='bbox 2056 3364 2315 3438; x_wconf 87' lang='grc' dir='ltr'>κονομίας</span> <span class='ocrx_word' id='word_1_618' title='bbox 2345 3365 2432 3419; x_wconf 85' lang='grc' dir='ltr'>καὶ</span> <span class='ocrx_word' id='word_1_619' title='bbox 2487 3364 2848 3440; x_wconf 86' lang='grc' dir='ltr'>λειτουργίας.</span> <span class='ocrx_word' id='word_1_620' title='bbox 2916 3389 2943 3417; x_wconf 89' lang='grc'>‹‹</span> <span class='ocrx_word' id='word_1_621' title='bbox 2977 3366 3045 3421; x_wconf 75' lang='grc' dir='ltr'>Οἱ</span> <span class='ocrx_word' id='word_1_622' title='bbox 3078 3363 3136 3419; x_wconf 68' lang='grc' dir='ltr'>δὲ</span> <span class='ocrx_word' id='word_1_623' title='bbox 3189 3361 3256 3432; x_wconf 85' lang='grc' dir='ltr'>δὴ</span> <span class='ocrx_word' id='word_1_624' title='bbox 3289 3366 3363 3437; x_wconf 75' lang='grc'>(4)</span> <span class='ocrx_word' id='word_1_625' title='bbox 3395 3363 3453 3418; x_wconf 78' lang='grc' dir='ltr'>ἂν</span> <span class='ocrx_word' id='word_1_626' title='bbox 3513 3361 3708 3434; x_wconf 79' lang='grc' dir='ltr'>δόξωσι</span> 
     </span>
    </p>
   </div>
   <div class='ocr_carea' id='block_1_77' title="bbox 2060 3450 3714 3531">
    <p class='ocr_par' dir='ltr' id='par_1_77' title="bbox 2060 3450 3714 3531">
     <span class='ocr_line' id='line_1_77' title="bbox 2060 3450 3714 3531; baseline 0.002 -26"><span class='ocrx_word' id='word_1_627' title='bbox 2060 3450 2426 3531; x_wconf 79' lang='grc' dir='ltr'>διαφερόντως</span> <span class='ocrx_word' id='word_1_628' title='bbox 2457 3454 2595 3526; x_wconf 79' lang='grc' dir='ltr'>πρὸς</span> <span class='ocrx_word' id='word_1_629' title='bbox 2640 3457 2720 3526; x_wconf 83' lang='grc' dir='ltr'>τῷ</span> <span class='ocrx_word' id='word_1_630' title='bbox 2779 3452 2943 3516; x_wconf 84' lang='grc' dir='ltr'>ὁσίως</span> <span class='ocrx_word' id='word_1_631' title='bbox 2976 3455 3051 3526; x_wconf 84' lang='grc'>(2)</span> <span class='ocrx_word' id='word_1_632' title='bbox 3112 3453 3307 3528; x_wconf 85' lang='grc' dir='ltr'>βιῶναι</span> <span class='ocrx_word' id='word_1_633' title='bbox 3363 3452 3714 3528; x_wconf 85' lang='grc' dir='ltr'>προσκεκλῆ-</span> 
     </span>
    </p>
   </div>
   <div class='ocr_carea' id='block_1_78' title="bbox 2060 3539 3711 3617">
    <p class='ocr_par' dir='ltr' id='par_1_78' title="bbox 2060 3539 3711 3617">
     <span class='ocr_line' id='line_1_78' title="bbox 2060 3539 3711 3617; baseline -0.001 -21"><span class='ocrx_word' id='word_1_634' title='bbox 2060 3553 2180 3606; x_wconf 82' lang='grc' dir='ltr'>σθαι</span> <span class='ocrx_word' id='word_1_635' title='bbox 2215 3546 2307 3615; x_wconf 90' lang='grc'>(3),</span> <span class='ocrx_word' id='word_1_636' title='bbox 2343 3566 2371 3594; x_wconf 82' lang='grc'><strong>››</strong></span> <span class='ocrx_word' id='word_1_637' title='bbox 2431 3542 2596 3617; x_wconf 79' lang='grc' dir='ltr'>φησὶν</span> <span class='ocrx_word' id='word_1_638' title='bbox 2654 3543 2681 3596; x_wconf 91' lang='grc' dir='ltr'><strong>ὁ</strong></span> <span class='ocrx_word' id='word_1_639' title='bbox 2727 3539 2980 3612; x_wconf 76' lang='grc' dir='ltr'>Πλάτων,</span> <span class='ocrx_word' id='word_1_640' title='bbox 3037 3567 3064 3595; x_wconf 88' lang='grc'><em>‹‹</em></span> <span class='ocrx_word' id='word_1_641' title='bbox 3097 3540 3247 3597; x_wconf 73' lang='grc' dir='ltr'>οὗτοί</span> <span class='ocrx_word' id='word_1_642' title='bbox 3298 3541 3430 3597; x_wconf 82' lang='grc' dir='ltr'>εἰσιν</span> <span class='ocrx_word' id='word_1_643' title='bbox 3460 3543 3512 3596; x_wconf 79' lang='grc' dir='ltr'>οἱ</span> <span class='ocrx_word' id='word_1_644' title='bbox 3540 3539 3711 3596; x_wconf 86' lang='grc' dir='ltr'>τῶνδε</span> 
     </span>
    </p>
   </div>
   <div class='ocr_carea' id='block_1_79' title="bbox 2064 3629 3712 3706">
    <p class='ocr_par' dir='ltr' id='par_1_79' title="bbox 2064 3629 3712 3706">
     <span class='ocr_line' id='line_1_79' title="bbox 2064 3629 3712 3706; baseline 0.002 -23"><span class='ocrx_word' id='word_1_645' title='bbox 2064 3630 2158 3703; x_wconf 76' lang='grc' dir='ltr'>μὶν</span> <span class='ocrx_word' id='word_1_646' title='bbox 2190 3634 2298 3685; x_wconf 84' lang='grc' dir='ltr'>τῶν</span> <span class='ocrx_word' id='word_1_647' title='bbox 2328 3634 2405 3704; x_wconf 85' lang='grc'>(4)</span> <span class='ocrx_word' id='word_1_648' title='bbox 2434 3629 2485 3684; x_wconf 78' lang='grc' dir='ltr'>ἐν</span> <span class='ocrx_word' id='word_1_649' title='bbox 2534 3633 2603 3704; x_wconf 81' lang='grc' dir='ltr'>τῇ</span> <span class='ocrx_word' id='word_1_650' title='bbox 2660 3633 2734 3706; x_wconf 76' lang='grc' dir='ltr'>γῇ</span> <span class='ocrx_word' id='word_1_651' title='bbox 2768 3629 3215 3706; x_wconf 80' lang='grc' dir='ltr'>ἐλευθερούμενοί</span> <span class='ocrx_word' id='word_1_652' title='bbox 3267 3652 3326 3686; x_wconf 88' lang='grc' dir='ltr'>τε</span> <span class='ocrx_word' id='word_1_653' title='bbox 3381 3632 3471 3686; x_wconf 80' lang='grc' dir='ltr'>καὶ</span> <span class='ocrx_word' id='word_1_654' title='bbox 3529 3629 3712 3686; x_wconf 80' lang='grc' dir='ltr'>ἀπαλ-</span> 
     </span>
    </p>
   </div>
   <div class='ocr_carea' id='block_1_80' title="bbox 372 3798 1952 3874">
    <p class='ocr_par' dir='ltr' id='par_1_80' title="bbox 372 3798 1952 3874">
     <span class='ocr_line' id='line_1_80' title="bbox 372 3798 1952 3874; baseline 0.001 -21"><span class='ocrx_word' id='word_1_655' title='bbox 372 3798 436 3874; x_wconf 75' lang='lat' dir='ltr'>&gt;X_&lt;</span> <span class='ocrx_word' id='word_1_656' title='bbox 466 3801 528 3856; x_wconf 90' lang='lat' dir='ltr'>P.</span> <span class='ocrx_word' id='word_1_657' title='bbox 553 3802 656 3854; x_wconf 83' lang='lat'>580</span> <span class='ocrx_word' id='word_1_658' title='bbox 676 3802 789 3855; x_wconf 84' lang='grc' dir='ltr'>ΕΙ).</span> <span class='ocrx_word' id='word_1_659' title='bbox 822 3803 1114 3866; x_wconf 81' lang='lat' dir='ltr'>POTTER,</span> <span class='ocrx_word' id='word_1_660' title='bbox 1142 3801 1246 3856; x_wconf 85' lang='lat'>489</span> <span class='ocrx_word' id='word_1_661' title='bbox 1276 3803 1387 3857; x_wconf 82' lang='grc' dir='ltr'>ΕΒ.</span> <span class='ocrx_word' id='word_1_662' title='bbox 1417 3803 1648 3857; x_wconf 84' lang='lat' dir='ltr'>PARIS.</span> <span class='ocrx_word' id='word_1_663' title='bbox 1706 3802 1782 3874; x_wconf 86' lang='lat' dir='ltr'>(a)</span> <span class='ocrx_word' id='word_1_664' title='bbox 1815 3804 1952 3856; x_wconf 84' lang='lat' dir='ltr'>Matt</span> 
     </span>
    </p>
   </div>
   <div class='ocr_carea' id='block_1_81' title="bbox 2071 3798 3708 3874">
    <p class='ocr_par' dir='ltr' id='par_1_81' title="bbox 2082 3800 3708 3874">
     <span class='ocr_line' id='line_1_81' title="bbox 2082 3800 3708 3874; baseline 0.001 -21"><span class='ocrx_word' id='word_1_665' title='bbox 2082 3816 2157 3867; x_wconf 80' lang='lat' dir='ltr'>v1,</span> <span class='ocrx_word' id='word_1_666' title='bbox 2191 3801 2258 3854; x_wconf 88' lang='lat'>32</span> <span class='ocrx_word' id='word_1_667' title='bbox 2281 3844 2295 3869; x_wconf 92' lang='lat'>,</span> <span class='ocrx_word' id='word_1_668' title='bbox 2319 3802 2395 3874; x_wconf 89' lang='lat'>_33</span> <span class='ocrx_word' id='word_1_669' title='bbox 2416 3801 2600 3874; x_wconf 14' lang='lat' dir='ltr'>:7Luc.</span> <span class='ocrx_word' id='word_1_670' title='bbox 2630 3818 2732 3869; x_wconf 80' lang='lat' dir='ltr'>xu,</span> <span class='ocrx_word' id='word_1_671' title='bbox 2762 3804 2848 3867; x_wconf 88' lang='lat'>30,</span> <span class='ocrx_word' id='word_1_672' title='bbox 2882 3805 2968 3857; x_wconf 88' lang='grc'>31.</span> <span class='ocrx_word' id='word_1_673' title='bbox 3020 3802 3098 3874; x_wconf 84' lang='lat' dir='ltr'>(b)</span> <span class='ocrx_word' id='word_1_674' title='bbox 3131 3802 3268 3856; x_wconf 91' lang='lat' dir='ltr'>Luc.</span> <span class='ocrx_word' id='word_1_675' title='bbox 3299 3818 3414 3868; x_wconf 83' lang='lat' dir='ltr'>xIx,</span> <span class='ocrx_word' id='word_1_676' title='bbox 3443 3802 3496 3870; x_wconf 91' lang='lat'>8,</span> <span class='ocrx_word' id='word_1_677' title='bbox 3528 3800 3582 3868; x_wconf 87' lang='lat'>9,</span> <span class='ocrx_word' id='word_1_678' title='bbox 3619 3804 3708 3870; x_wconf 85' lang='grc'>10,</span> 
     </span>
    </p>
   </div>
   <div class='ocr_carea' id='block_1_82' title="bbox 301 3870 1952 3945">
    <p class='ocr_par' dir='ltr' id='par_1_82' title="bbox 301 3870 1949 3945">
     <span class='ocr_line' id='line_1_82' title="bbox 301 3870 1949 3945; baseline 0.002 -21"><span class='ocrx_word' id='word_1_679' title='bbox 301 3870 374 3941; x_wconf 91' lang='lat' dir='ltr'>(c)</span> <span class='ocrx_word' id='word_1_680' title='bbox 403 3872 538 3926; x_wconf 87' lang='lat' dir='ltr'>Luc.</span> <span class='ocrx_word' id='word_1_681' title='bbox 571 3889 690 3940; x_wconf 85' lang='lat' dir='ltr'>xxI,</span> <span class='ocrx_word' id='word_1_682' title='bbox 725 3877 747 3926; x_wconf 91' lang='grc'><strong>1</strong></span> <span class='ocrx_word' id='word_1_683' title='bbox 778 3889 792 3940; x_wconf 85' lang='grc'><strong>;</strong></span> <span class='ocrx_word' id='word_1_684' title='bbox 827 3874 1000 3927; x_wconf 90' lang='lat' dir='ltr'>Marc.</span> <span class='ocrx_word' id='word_1_685' title='bbox 1032 3890 1128 3939; x_wconf 79' lang='lat' dir='ltr'>xu,</span> <span class='ocrx_word' id='word_1_686' title='bbox 1159 3875 1248 3929; x_wconf 80' lang='lat' dir='ltr'>4t.</span> <span class='ocrx_word' id='word_1_687' title='bbox 1281 3875 1361 3944; x_wconf 87' lang='lat' dir='ltr'>(d)</span> <span class='ocrx_word' id='word_1_688' title='bbox 1394 3874 1594 3928; x_wconf 87' lang='lat' dir='ltr'>Matth.</span> <span class='ocrx_word' id='word_1_689' title='bbox 1623 3890 1676 3941; x_wconf 85' lang='lat' dir='ltr'>v,</span> <span class='ocrx_word' id='word_1_690' title='bbox 1706 3870 1862 3945; x_wconf 50' lang='lat' dir='ltr'>5,&#39;(e)</span> <span class='ocrx_word' id='word_1_691' title='bbox 1887 3875 1949 3928; x_wconf 86' lang='lat' dir='ltr'>J0</span> 
     </span>
    </p>
   </div>
   <div class='ocr_carea' id='block_1_83' title="bbox 2071 3870 3708 3945">
    <p class='ocr_par' dir='ltr' id='par_1_83' title="bbox 2079 3870 3708 3945">
     <span class='ocr_line' id='line_1_83' title="bbox 2079 3870 3708 3945; baseline 0 -19"><span class='ocrx_word' id='word_1_692' title='bbox 2079 3889 2192 3942; x_wconf 84' lang='lat' dir='ltr'>xw,</span> <span class='ocrx_word' id='word_1_693' title='bbox 2223 3874 2275 3926; x_wconf 89' lang='lat'>2.</span> <span class='ocrx_word' id='word_1_694' title='bbox 2309 3872 2378 3943; x_wconf 73' lang='grc' dir='ltr'>(Γ)</span> <span class='ocrx_word' id='word_1_695' title='bbox 2408 3873 2608 3929; x_wconf 85' lang='lat' dir='ltr'>Matth.</span> <span class='ocrx_word' id='word_1_696' title='bbox 2631 3891 2687 3942; x_wconf 87' lang='lat' dir='ltr'>x,</span> <span class='ocrx_word' id='word_1_697' title='bbox 2719 3876 2809 3944; x_wconf 82' lang='grc'>41,</span> <span class='ocrx_word' id='word_1_698' title='bbox 2836 3876 2926 3928; x_wconf 89' lang='lat'>42.</span> <span class='ocrx_word' id='word_1_699' title='bbox 2955 3870 3038 3945; x_wconf 82' lang='lat' dir='ltr'>(g)</span> <span class='ocrx_word' id='word_1_700' title='bbox 3059 3870 3259 3928; x_wconf 87' lang='lat' dir='ltr'>Matth.</span> <span class='ocrx_word' id='word_1_701' title='bbox 3293 3891 3388 3942; x_wconf 88' lang='lat' dir='ltr'>xx,</span> <span class='ocrx_word' id='word_1_702' title='bbox 3413 3877 3462 3940; x_wconf 83' lang='lat' dir='ltr'>l,</span> <span class='ocrx_word' id='word_1_703' title='bbox 3494 3877 3551 3926; x_wconf 89' lang='lat' dir='ltr'>et</span> <span class='ocrx_word' id='word_1_704' title='bbox 3579 3889 3708 3943; x_wconf 91' lang='lat' dir='ltr'>seq.</span> 
     </span>
    </p>
   </div>
   <div class='ocr_carea' id='block_1_84' title="bbox 377 4036 1954 4130">
    <p class='ocr_par' dir='ltr' id='par_1_84' title="bbox 377 4036 1954 4130">
     <span class='ocr_line' id='line_1_84' title="bbox 377 4036 1954 4130; baseline -0.001 -34"><span class='ocrx_word' id='word_1_705' title='bbox 377 4036 732 4130; x_wconf 55' lang='lat' dir='ltr'>(9§)~At8:opt</span> <span class='ocrx_word' id='word_1_706' title='bbox 963 4083 1028 4130; x_wconf 57' lang='grc' dir='ltr'>,ς</span> <span class='ocrx_word' id='word_1_707' title='bbox 1089 4037 1521 4130; x_wconf 45' lang='grc' dir='ltr'>Ιξιξριε.’Κυριε,</span> <span class='ocrx_word' id='word_1_708' title='bbox 1583 4037 1785 4130; x_wconf 65' lang='grc' dir='ltr'>δίδωμι</span> <span class='ocrx_word' id='word_1_709' title='bbox 1834 4045 1954 4130; x_wconf 55' lang='grc' dir='ltr'>τοῖς</span> 
     </span>
    </p>
   </div>
   <div class='ocr_carea' id='block_1_85' title="bbox 306 4109 1952 4187">
    <p class='ocr_par' dir='ltr' id='par_1_85' title="bbox 306 4109 1952 4187">
     <span class='ocr_line' id='line_1_85' title="bbox 306 4109 1952 4187; baseline 0.001 -21"><span class='ocrx_word' id='word_1_710' title='bbox 306 4109 578 4184; x_wconf 71' lang='grc' dir='ltr'>πτωχοῖς,</span> <span class='ocrx_word' id='word_1_711' title='bbox 615 4109 774 4182; x_wconf 83' lang='lat' dir='ltr'>Luc.,</span> <span class='ocrx_word' id='word_1_712' title='bbox 807 4113 966 4181; x_wconf 87' lang='lat' dir='ltr'>dein,</span> <span class='ocrx_word' id='word_1_713' title='bbox 999 4109 1314 4184; x_wconf 83' lang='grc' dir='ltr'>ἀποδίδωμί</span> <span class='ocrx_word' id='word_1_714' title='bbox 1341 4109 1796 4187; x_wconf 69' lang='grc' dir='ltr'>τε’τετραπλοῦν,</span> <span class='ocrx_word' id='word_1_715' title='bbox 1831 4113 1952 4168; x_wconf 89' lang='lat' dir='ltr'>ibi-</span> 
     </span>
    </p>
   </div>
   <div class='ocr_carea' id='block_1_86' title="bbox 312 4187 472 4240">
    <p class='ocr_par' dir='ltr' id='par_1_86' title="bbox 312 4187 472 4240">
     <span class='ocr_line' id='line_1_86' title="bbox 312 4187 472 4240; baseline -0.013 0"><span class='ocrx_word' id='word_1_716' title='bbox 312 4187 472 4240; x_wconf 89' lang='lat' dir='ltr'>dem.</span> 
     </span>
    </p>
   </div>
   <div class='ocr_carea' id='block_1_87' title="bbox 380 4252 1955 4328">
    <p class='ocr_par' dir='ltr' id='par_1_87' title="bbox 380 4252 1955 4328">
     <span class='ocr_line' id='line_1_87' title="bbox 380 4252 1955 4328; baseline -0.003 -17"><span class='ocrx_word' id='word_1_717' title='bbox 380 4255 506 4326; x_wconf 81' lang='lat'>(94)&#39;</span> <span class='ocrx_word' id='word_1_718' title='bbox 528 4253 711 4328; x_wconf 59' lang='lat' dir='ltr'>Opto:</span> <span class='ocrx_word' id='word_1_719' title='bbox 731 4257 829 4328; x_wconf 72' lang='grc' dir='ltr'>τοῦ</span> <span class='ocrx_word' id='word_1_720' title='bbox 858 4252 940 4311; x_wconf 84' lang='grc' dir='ltr'>ἀν.</span> <span class='ocrx_word' id='word_1_721' title='bbox 968 4256 1102 4328; x_wconf 84' lang='lat' dir='ltr'>_Luc.</span> <span class='ocrx_word' id='word_1_722' title='bbox 1131 4272 1249 4323; x_wconf 69' lang='lat' dir='ltr'>xxx,</span> <span class='ocrx_word' id='word_1_723' title='bbox 1271 4257 1326 4319; x_wconf 91' lang='lat'>9,</span> <span class='ocrx_word' id='word_1_724' title='bbox 1361 4259 1426 4328; x_wconf 61' lang='lat'>10</span> <span class='ocrx_word' id='word_1_725' title='bbox 1454 4273 1466 4310; x_wconf 91' lang='lat'>:</span> <span class='ocrx_word' id='word_1_726' title='bbox 1497 4255 1748 4328; x_wconf 75' lang='grc' dir='ltr'>Σήμερον</span> <span class='ocrx_word' id='word_1_727' title='bbox 1783 4274 1955 4328; x_wconf 85' lang='grc' dir='ltr'>σωτη-</span> 
     </span>
    </p>
   </div>
   <div class='ocr_carea' id='block_1_88' title="bbox 345 4323 1956 4400">
    <p class='ocr_par' dir='ltr' id='par_1_88' title="bbox 345 4323 1956 4400">
     <span class='ocr_line' id='line_1_88' title="bbox 345 4323 1956 4400; baseline 0.001 -22"><span class='ocrx_word' id='word_1_728' title='bbox 345 4323 403 4400; x_wconf 41' lang='lat' dir='ltr'>[at</span> <span class='ocrx_word' id='word_1_729' title='bbox 422 4329 501 4400; x_wconf 70' lang='grc' dir='ltr'>τῷ</span> <span class='ocrx_word' id='word_1_730' title='bbox 551 4324 687 4400; x_wconf 52' lang='grc' dir='ltr'>οἴκῳ</span> <span class='ocrx_word' id='word_1_731' title='bbox 735 4324 917 4400; x_wconf 53' lang='grc' dir='ltr'>τούτῳ</span> <span class='ocrx_word' id='word_1_732' title='bbox 951 4323 1192 4400; x_wconf 40' lang='grc' dir='ltr'>-ἐγένετο,</span> <span class='ocrx_word' id='word_1_733' title='bbox 1243 4325 1433 4400; x_wconf 85' lang='grc' dir='ltr'>καθότι</span> <span class='ocrx_word' id='word_1_734' title='bbox 1482 4323 1596 4400; x_wconf 69' lang='grc' dir='ltr'>καῖ’</span> <span class='ocrx_word' id='word_1_735' title='bbox 1624 4323 1784 4400; x_wconf 51' lang='lat' dir='ltr'>atra:</span> <span class='ocrx_word' id='word_1_736' title='bbox 1839 4326 1956 4390; x_wconf 72' lang='grc' dir='ltr'>υὶος</span> 
     </span>
    </p>
   </div>
   <div class='ocr_carea' id='block_1_89' title="bbox 322 4391 1956 4474">
    <p class='ocr_par' dir='ltr' id='par_1_89' title="bbox 322 4391 1956 4474">
     <span class='ocr_line' id='line_1_89' title="bbox 322 4391 1956 4474; baseline -0.001 -23"><span class='ocrx_word' id='word_1_737' title='bbox 322 4391 752 4474; x_wconf 23' lang='grc' dir='ltr'>Αϐραᾶμᾳέοξτιν</span> <span class='ocrx_word' id='word_1_738' title='bbox 787 4417 800 4430; x_wconf 88' lang='grc'><strong>·</strong></span> <span class='ocrx_word' id='word_1_739' title='bbox 1072 4391 1188 4474; x_wconf 59' lang='grc' dir='ltr'>γςῖιρ⁷</span> <span class='ocrx_word' id='word_1_740' title='bbox 1242 4399 1270 4452; x_wconf 92' lang='grc' dir='ltr'>ὁ</span> <span class='ocrx_word' id='word_1_741' title='bbox 1330 4398 1455 4458; x_wconf 76' lang='grc' dir='ltr'>Υἱὸς</span> <span class='ocrx_word' id='word_1_742' title='bbox 1507 4398 1796 4473; x_wconf 87' lang='grc' dir='ltr'>ἀνθρώπου</span> <span class='ocrx_word' id='word_1_743' title='bbox 1858 4403 1956 4466; x_wconf 86' lang='grc' dir='ltr'>ζη-</span> 
     </span>
    </p>
   </div>
   <div class='ocr_carea' id='block_1_90' title="bbox 307 4466 1229 4536">
    <p class='ocr_par' dir='ltr' id='par_1_90' title="bbox 307 4466 1229 4536">
     <span class='ocr_line' id='line_1_90' title="bbox 307 4466 1229 4536; baseline 0.002 -14"><span class='ocrx_word' id='word_1_744' title='bbox 307 4466 468 4536; x_wconf 78' lang='grc' dir='ltr'>τῆσαι</span> <span class='ocrx_word' id='word_1_745' title='bbox 499 4466 587 4523; x_wconf 85' lang='grc' dir='ltr'>καὶ</span> <span class='ocrx_word' id='word_1_746' title='bbox 622 4472 788 4522; x_wconf 88' lang='grc' dir='ltr'>σῶσαι</span> <span class='ocrx_word' id='word_1_747' title='bbox 816 4469 879 4522; x_wconf 89' lang='grc' dir='ltr'>τὸ</span> <span class='ocrx_word' id='word_1_748' title='bbox 911 4466 1229 4529; x_wconf 81' lang='grc' dir='ltr'>ἀπολωλός.</span> 
     </span>
    </p>
   </div>
   <div class='ocr_carea' id='block_1_91' title="bbox 307 4538 1954 4610">
    <p class='ocr_par' dir='ltr' id='par_1_91' title="bbox 307 4538 1954 4610">
     <span class='ocr_line' id='line_1_91' title="bbox 307 4538 1954 4610; baseline 0 -16"><span class='ocrx_word' id='word_1_749' title='bbox 307 4542 420 4610; x_wconf 70' lang='lat'>(935)</span> <span class='ocrx_word' id='word_1_750' title='bbox 463 4540 564 4594; x_wconf 77' lang='grc' dir='ltr'>Τὸν</span> <span class='ocrx_word' id='word_1_751' title='bbox 626 4539 720 4610; x_wconf 73' lang='grc' dir='ltr'>μὶν</span> <span class='ocrx_word' id='word_1_752' title='bbox 777 4538 1064 4595; x_wconf 78' lang='grc' dir='ltr'>πλούσιον.</span> <span class='ocrx_word' id='word_1_753' title='bbox 1129 4546 1194 4610; x_wconf 64' lang='grc' dir='ltr'>Α.</span> <span class='ocrx_word' id='word_1_754' title='bbox 1249 4557 1323 4610; x_wconf 80' lang='lat' dir='ltr'>ex</span> <span class='ocrx_word' id='word_1_755' title='bbox 1375 4541 1508 4595; x_wconf 90' lang='lat' dir='ltr'>Luc.</span> <span class='ocrx_word' id='word_1_756' title='bbox 1571 4559 1686 4608; x_wconf 79' lang='lat' dir='ltr'>XXI,</span> <span class='ocrx_word' id='word_1_757' title='bbox 1730 4541 1954 4596; x_wconf 82' lang='lat' dir='ltr'>mavult</span> 
     </span>
    </p>
   </div>
   <div class='ocr_carea' id='block_1_92' title="bbox 304 4607 1953 4686">
    <p class='ocr_par' dir='ltr' id='par_1_92' title="bbox 304 4607 1953 4686">
     <span class='ocr_line' id='line_1_92' title="bbox 304 4607 1953 4686; baseline 0.001 -24"><span class='ocrx_word' id='word_1_758' title='bbox 304 4607 432 4686; x_wconf 80' lang='grc' dir='ltr'>τοὺς</span> <span class='ocrx_word' id='word_1_759' title='bbox 452 4611 561 4686; x_wconf 34' lang='grc' dir='ltr'>,μεν</span> <span class='ocrx_word' id='word_1_760' title='bbox 591 4607 885 4672; x_wconf 86' lang='grc' dir='ltr'>πλουσίους</span> <span class='ocrx_word' id='word_1_761' title='bbox 920 4657 932 4670; x_wconf 90' lang='grc'><strong>.</strong></span> <span class='ocrx_word' id='word_1_762' title='bbox 971 4654 983 4667; x_wconf 93' lang='grc'><strong>.</strong></span> <span class='ocrx_word' id='word_1_763' title='bbox 1020 4654 1033 4667; x_wconf 95' lang='grc'><strong>.</strong></span> <span class='ocrx_word' id='word_1_764' title='bbox 1086 4607 1453 4686; x_wconf 54' lang='grc' dir='ltr'>βεϐληκότας</span> <span class='ocrx_word' id='word_1_765' title='bbox 1477 4618 1540 4686; x_wconf 85' lang='lat' dir='ltr'>_et</span> <span class='ocrx_word' id='word_1_766' title='bbox 1567 4607 1724 4686; x_wconf 63' lang='lat' dir='ltr'>mox,</span> <span class='ocrx_word' id='word_1_767' title='bbox 1773 4612 1825 4665; x_wconf 70' lang='grc' dir='ltr'>οἱ</span> <span class='ocrx_word' id='word_1_768' title='bbox 1856 4611 1953 4686; x_wconf 63' lang='grc' dir='ltr'>μεν</span> 
     </span>
    </p>
   </div>
   <div class='ocr_carea' id='block_1_93' title="bbox 304 4679 1956 4756">
    <p class='ocr_par' dir='ltr' id='par_1_93' title="bbox 304 4679 1956 4756">
     <span class='ocr_line' id='line_1_93' title="bbox 304 4679 1956 4756; baseline 0.003 -23"><span class='ocrx_word' id='word_1_769' title='bbox 304 4682 408 4756; x_wconf 77' lang='grc' dir='ltr'>γὰρ</span> <span class='ocrx_word' id='word_1_770' title='bbox 441 4679 545 4734; x_wconf 83' lang='grc' dir='ltr'>ἀπὸ</span> <span class='ocrx_word' id='word_1_771' title='bbox 565 4687 914 4756; x_wconf 35' lang='grc' dir='ltr'>τοῦ-περισσ.</span> <span class='ocrx_word' id='word_1_772' title='bbox 968 4679 1095 4738; x_wconf 74' lang='grc' dir='ltr'>ΡΓο’</span> <span class='ocrx_word' id='word_1_773' title='bbox 1125 4681 1371 4756; x_wconf 76' lang='grc' dir='ltr'>χαλκοῦς</span> <span class='ocrx_word' id='word_1_774' title='bbox 1429 4679 1524 4756; x_wconf 78' lang='grc' dir='ltr'>δύο</span> <span class='ocrx_word' id='word_1_775' title='bbox 1577 4683 1742 4756; x_wconf 72' lang='lat' dir='ltr'>Vulg.</span> <span class='ocrx_word' id='word_1_776' title='bbox 1805 4679 1956 4739; x_wconf 76' lang='lat' dir='ltr'>Bibl.</span> 
     </span>
    </p>
   </div>
   <div class='ocr_carea' id='block_1_94' title="bbox 306 4748 1955 4830">
    <p class='ocr_par' dir='ltr' id='par_1_94' title="bbox 306 4748 1955 4830">
     <span class='ocr_line' id='line_1_94' title="bbox 306 4748 1955 4830; baseline 0.002 -24"><span class='ocrx_word' id='word_1_777' title='bbox 306 4748 656 4830; x_wconf 67' lang='lat' dir='ltr'>habeut_860</span> <span class='ocrx_word' id='word_1_778' title='bbox 688 4748 882 4830; x_wconf 68' lang='grc' dir='ltr'>λεπτὰ,</span> <span class='ocrx_word' id='word_1_779' title='bbox 916 4761 974 4830; x_wconf 80' lang='lat' dir='ltr'>et</span> <span class='ocrx_word' id='word_1_780' title='bbox 1003 4748 1166 4822; x_wconf 60' lang='lat' dir='ltr'>mox;</span> <span class='ocrx_word' id='word_1_781' title='bbox 1198 4751 1259 4808; x_wconf 82' lang='grc' dir='ltr'>ἐκ</span> <span class='ocrx_word' id='word_1_782' title='bbox 1283 4757 1380 4808; x_wconf 83' lang='grc' dir='ltr'>τοῦ</span> <span class='ocrx_word' id='word_1_783' title='bbox 1427 4748 1800 4830; x_wconf 54' lang='grc' dir='ltr'>ὑστερήματος</span> <span class='ocrx_word' id='word_1_784' title='bbox 1849 4772 1955 4827; x_wconf 91' lang='lat' dir='ltr'>pro</span> 
     </span>
    </p>
   </div>
   <div class='ocr_carea' id='block_1_95' title="bbox 309 4822 1198 4898">
    <p class='ocr_par' dir='ltr' id='par_1_95' title="bbox 309 4822 1198 4898">
     <span class='ocr_line' id='line_1_95' title="bbox 309 4822 1198 4898; baseline 0.008 -23"><span class='ocrx_word' id='word_1_785' title='bbox 309 4822 369 4876; x_wconf 81' lang='grc' dir='ltr'>ἐκ</span> <span class='ocrx_word' id='word_1_786' title='bbox 390 4829 496 4898; x_wconf 22' lang='grc' dir='ltr'>’τῆς</span> <span class='ocrx_word' id='word_1_787' title='bbox 528 4823 867 4898; x_wconf 11' lang='grc' dir='ltr'>,ὑστερήσεως</span> <span class='ocrx_word' id='word_1_788' title='bbox 879 4867 890 4879; x_wconf 93' lang='grc'><strong>.</strong></span> <span class='ocrx_word' id='word_1_789' title='bbox 926 4828 1198 4882; x_wconf 79' lang='lat' dir='ltr'>SYLBURG.</span> 
     </span>
    </p>
   </div>
   <div class='ocr_carea' id='block_1_96' title="bbox 381 4893 1956 4984">
    <p class='ocr_par' dir='ltr' id='par_1_96' title="bbox 381 4893 1956 4984">
     <span class='ocr_line' id='line_1_96' title="bbox 381 4893 1956 4984; baseline 0.001 -36"><span class='ocrx_word' id='word_1_790' title='bbox 381 4895 492 4980; x_wconf 76' lang='lat'>(96)</span> <span class='ocrx_word' id='word_1_791' title='bbox 527 4893 666 4952; x_wconf 72' lang='grc' dir='ltr'>Εἱσίζ</span> <span class='ocrx_word' id='word_1_792' title='bbox 719 4898 1175 4984; x_wconf 45' lang='lat' dir='ltr'>Respicit‘Jo’an</span> <span class='ocrx_word' id='word_1_793' title='bbox 1208 4913 1340 4951; x_wconf 74' lang='lat' dir='ltr'>xw:</span> <span class='ocrx_word' id='word_1_794' title='bbox 1399 4897 1487 4952; x_wconf 86' lang='lat' dir='ltr'>’Ev</span> <span class='ocrx_word' id='word_1_795' title='bbox 1539 4898 1608 4968; x_wconf 81' lang='grc' dir='ltr'>τῇ</span> <span class='ocrx_word' id='word_1_796' title='bbox 1667 4894 1812 4967; x_wconf 82' lang='grc' dir='ltr'>οἰκίᾳ</span> <span class='ocrx_word' id='word_1_797' title='bbox 1859 4899 1956 4951; x_wconf 89' lang='grc' dir='ltr'>τοῦ</span> 
     </span>
    </p>
   </div>
   <div class='ocr_carea' id='block_1_97' title="bbox 313 4965 1282 5037">
    <p class='ocr_par' dir='ltr' id='par_1_97' title="bbox 313 4965 1282 5037">
     <span class='ocr_line' id='line_1_97' title="bbox 313 4965 1282 5037; baseline 0.001 -17"><span class='ocrx_word' id='word_1_798' title='bbox 313 4965 527 5037; x_wconf 86' lang='grc' dir='ltr'>Πατρὸς</span> <span class='ocrx_word' id='word_1_799' title='bbox 561 4985 665 5036; x_wconf 90' lang='grc' dir='ltr'>μου</span> <span class='ocrx_word' id='word_1_800' title='bbox 701 4965 857 5037; x_wconf 70' lang='grc' dir='ltr'>μοναὶ</span> <span class='ocrx_word' id='word_1_801' title='bbox 887 4965 1096 5021; x_wconf 86' lang='grc' dir='ltr'>πολλαί</span> <span class='ocrx_word' id='word_1_802' title='bbox 1129 4967 1282 5021; x_wconf 78' lang='grc' dir='ltr'>εἰσιν.</span> 
     </span>
    </p>
   </div>
   <div class='ocr_carea' id='block_1_98' title="bbox 381 5033 1957 5111">
    <p class='ocr_par' dir='ltr' id='par_1_98' title="bbox 381 5033 1957 5111">
     <span class='ocr_line' id='line_1_98' title="bbox 381 5033 1957 5111; baseline 0.001 -19"><span class='ocrx_word' id='word_1_803' title='bbox 381 5033 492 5111; x_wconf 75' lang='grc'>(97)</span> <span class='ocrx_word' id='word_1_804' title='bbox 525 5033 625 5096; x_wconf 83' lang='grc' dir='ltr'>’Ὁς</span> <span class='ocrx_word' id='word_1_805' title='bbox 653 5033 754 5111; x_wconf 72' lang='grc' dir='ltr'>γὰρ</span> <span class='ocrx_word' id='word_1_806' title='bbox 800 5033 871 5111; x_wconf 19' lang='grc' dir='ltr'>ἂν,</span> <span class='ocrx_word' id='word_1_807' title='bbox 911 5037 1145 5109; x_wconf 71' lang='grc' dir='ltr'>δέξηται.</span> <span class='ocrx_word' id='word_1_808' title='bbox 1197 5039 1258 5096; x_wconf 89' lang='grc' dir='ltr'>Ὁ</span> <span class='ocrx_word' id='word_1_809' title='bbox 1292 5035 1609 5110; x_wconf 75' lang='grc' dir='ltr'>δεχόμενος,</span> <span class='ocrx_word' id='word_1_810' title='bbox 1641 5045 1700 5095; x_wconf 90' lang='lat' dir='ltr'>et</span> <span class='ocrx_word' id='word_1_811' title='bbox 1751 5056 1957 5096; x_wconf 82' lang='lat' dir='ltr'>rursus</span> 
     </span>
    </p>
   </div>
   <div class='ocr_carea' id='block_1_99' title="bbox 309 5109 918 5181">
    <p class='ocr_par' dir='ltr' id='par_1_99' title="bbox 309 5109 918 5181">
     <span class='ocr_line' id='line_1_99' title="bbox 309 5109 918 5181; baseline -0.002 -17"><span class='ocrx_word' id='word_1_812' title='bbox 309 5109 486 5181; x_wconf 90' lang='lat' dir='ltr'>paulo</span> <span class='ocrx_word' id='word_1_813' title='bbox 520 5109 675 5181; x_wconf 78' lang='lat' dir='ltr'>post,</span> <span class='ocrx_word' id='word_1_814' title='bbox 717 5109 918 5181; x_wconf 74' lang='lat' dir='ltr'>Matth.</span> 
     </span>
    </p>
   </div>
   <div class='ocr_carea' id='block_1_100' title="bbox 381 5174 1958 5253">
    <p class='ocr_par' dir='ltr' id='par_1_100' title="bbox 381 5174 1958 5253">
     <span class='ocr_line' id='line_1_100' title="bbox 381 5174 1958 5253; baseline 0.004 -23"><span class='ocrx_word' id='word_1_815' title='bbox 381 5174 666 5253; x_wconf 54' lang='lat' dir='ltr'>(98)-Kai</span> <span class='ocrx_word' id='word_1_816' title='bbox 728 5178 787 5239; x_wconf 76' lang='grc' dir='ltr'>ὃς</span> <span class='ocrx_word' id='word_1_817' title='bbox 845 5177 915 5253; x_wconf 65' lang='grc' dir='ltr'>Δἂν</span> <span class='ocrx_word' id='word_1_818' title='bbox 983 5175 1197 5253; x_wconf 71' lang='grc' dir='ltr'>δέξηται</span> <span class='ocrx_word' id='word_1_819' title='bbox 1265 5174 1353 5232; x_wconf 81' lang='grc' dir='ltr'>ἕνα</span> <span class='ocrx_word' id='word_1_820' title='bbox 1412 5184 1681 5253; x_wconf 71' lang='grc' dir='ltr'>τῶν</span> <span class='ocrx_word' id='word_1_821' title='bbox 1744 5185 1809 5239; x_wconf 86' lang='grc' dir='ltr'><strong>Α.</strong></span> <span class='ocrx_word' id='word_1_822' title='bbox 1887 5199 1958 5237; x_wconf 93' lang='lat' dir='ltr'>ex</span> 
     </span>
    </p>
   </div>
   <div class='ocr_carea' id='block_1_101' title="bbox 308 5249 1958 5326">
    <p class='ocr_par' dir='ltr' id='par_1_101' title="bbox 308 5249 1958 5326">
     <span class='ocr_line' id='line_1_101' title="bbox 308 5249 1958 5326; baseline 0 -19"><span class='ocrx_word' id='word_1_823' title='bbox 308 5249 509 5326; x_wconf 66' lang='lat' dir='ltr'>Matth.</span> <span class='ocrx_word' id='word_1_824' title='bbox 543 5271 599 5318; x_wconf 84' lang='lat' dir='ltr'>x,</span> <span class='ocrx_word' id='word_1_825' title='bbox 652 5249 969 5326; x_wconf 85' lang='lat' dir='ltr'>legendum</span> <span class='ocrx_word' id='word_1_826' title='bbox 1020 5249 1374 5326; x_wconf 75' lang='lat' dir='ltr'>suspicatur,</span> <span class='ocrx_word' id='word_1_827' title='bbox 1423 5251 1513 5305; x_wconf 81' lang='grc' dir='ltr'>καὶ</span> <span class='ocrx_word' id='word_1_828' title='bbox 1545 5249 1605 5312; x_wconf 79' lang='grc' dir='ltr'>ὃς</span> <span class='ocrx_word' id='word_1_829' title='bbox 1638 5251 1724 5306; x_wconf 79' lang='grc' dir='ltr'>ἐὰν</span> <span class='ocrx_word' id='word_1_830' title='bbox 1752 5254 1958 5326; x_wconf 77' lang='grc' dir='ltr'>ποτίσῃ</span> 
     </span>
    </p>
   </div>
   <div class='ocr_carea' id='block_1_102' title="bbox 305 5320 1957 5394">
    <p class='ocr_par' dir='ltr' id='par_1_102' title="bbox 305 5320 1957 5394">
     <span class='ocr_line' id='line_1_102' title="bbox 305 5320 1957 5394; baseline 0.001 -16"><span class='ocrx_word' id='word_1_831' title='bbox 305 5320 400 5378; x_wconf 73' lang='grc' dir='ltr'>ἕνα</span> <span class='ocrx_word' id='word_1_832' title='bbox 427 5329 535 5378; x_wconf 83' lang='grc' dir='ltr'>τῶν</span> <span class='ocrx_word' id='word_1_833' title='bbox 573 5345 629 5394; x_wconf 88' lang='grc' dir='ltr'>μ..</span> <span class='ocrx_word' id='word_1_834' title='bbox 667 5320 938 5377; x_wconf 68' lang='grc' dir='ltr'>ἓὴθωιο.</span> <span class='ocrx_word' id='word_1_835' title='bbox 993 5321 1284 5394; x_wconf 85' lang='lat' dir='ltr'>—_Porro</span> <span class='ocrx_word' id='word_1_836' title='bbox 1335 5322 1460 5394; x_wconf 74' lang='lat' dir='ltr'>haec</span> <span class='ocrx_word' id='word_1_837' title='bbox 1507 5325 1803 5394; x_wconf 81' lang='lat' dir='ltr'>sententia</span> <span class='ocrx_word' id='word_1_838' title='bbox 1845 5320 1957 5380; x_wconf 82' lang='lat' dir='ltr'>hoc</span> 
     </span>
    </p>
   </div>
   <div class='ocr_carea' id='block_1_103' title="bbox 308 5390 1954 5467">
    <p class='ocr_par' dir='ltr' id='par_1_103' title="bbox 308 5390 1954 5467">
     <span class='ocr_line' id='line_1_103' title="bbox 308 5390 1954 5467; baseline -0.004 -13"><span class='ocrx_word' id='word_1_839' title='bbox 308 5399 485 5467; x_wconf 72' lang='lat' dir='ltr'>modo</span> <span class='ocrx_word' id='word_1_840' title='bbox 518 5390 709 5453; x_wconf 84' lang='lat' dir='ltr'>exstat</span> <span class='ocrx_word' id='word_1_841' title='bbox 738 5394 912 5467; x_wconf 79' lang='lat' dir='ltr'>apud</span> <span class='ocrx_word' id='word_1_842' title='bbox 935 5390 1266 5467; x_wconf 34' lang='lat' dir='ltr'>Mattlleu‘m</span> <span class='ocrx_word' id='word_1_843' title='bbox 1294 5407 1306 5444; x_wconf 89' lang='lat'><strong>:</strong></span> <span class='ocrx_word' id='word_1_844' title='bbox 1347 5391 1453 5467; x_wconf 80' lang='grc' dir='ltr'>Καὶ</span> <span class='ocrx_word' id='word_1_845' title='bbox 1511 5393 1568 5452; x_wconf 77' lang='grc' dir='ltr'>’ὀς</span> <span class='ocrx_word' id='word_1_846' title='bbox 1618 5392 1728 5467; x_wconf 41' lang='grc' dir='ltr'>ἐὰν-</span> <span class='ocrx_word' id='word_1_847' title='bbox 1757 5395 1954 5467; x_wconf 81' lang='grc' dir='ltr'>ποτίσῃ</span> 
     </span>
    </p>
   </div>
   <div class='ocr_carea' id='block_1_104' title="bbox 306 5461 1959 5541">
    <p class='ocr_par' dir='ltr' id='par_1_104' title="bbox 306 5461 1959 5541">
     <span class='ocr_line' id='line_1_104' title="bbox 306 5461 1959 5541; baseline 0.005 -22"><span class='ocrx_word' id='word_1_848' title='bbox 306 5464 398 5541; x_wconf 66' lang='grc' dir='ltr'>ξνα</span> <span class='ocrx_word' id='word_1_849' title='bbox 427 5473 532 5522; x_wconf 82' lang='grc' dir='ltr'>τῶν</span> <span class='ocrx_word' id='word_1_850' title='bbox 559 5461 791 5541; x_wconf 53' lang='grc' dir='ltr'>μικρῶν·</span> <span class='ocrx_word' id='word_1_851' title='bbox 819 5461 1345 5541; x_wconf 38' lang='grc' dir='ltr'>τοίων-ποτήριον</span> <span class='ocrx_word' id='word_1_852' title='bbox 1383 5465 1631 5541; x_wconf 43' lang='grc' dir='ltr'>ψυχροῦ,</span> <span class='ocrx_word' id='word_1_853' title='bbox 1660 5463 1826 5541; x_wconf 54' lang='grc' dir='ltr'>μᾷνοῖ</span> <span class='ocrx_word' id='word_1_854' title='bbox 1856 5461 1959 5541; x_wconf 53' lang='grc' dir='ltr'>,εἷς</span> 
     </span>
    </p>
   </div>
   <div class='ocr_carea' id='block_1_105' title="bbox 309 5529 1954 5612">
    <p class='ocr_par' dir='ltr' id='par_1_105' title="bbox 309 5529 1954 5612">
     <span class='ocr_line' id='line_1_105' title="bbox 309 5529 1954 5612; baseline -0.001 -21"><span class='ocrx_word' id='word_1_855' title='bbox 309 5534 481 5612; x_wconf 75' lang='grc' dir='ltr'>ὄνομα</span> <span class='ocrx_word' id='word_1_856' title='bbox 515 5529 785 5612; x_wconf 71' lang='grc' dir='ltr'>μαθητοῦ,</span> <span class='ocrx_word' id='word_1_857' title='bbox 836 5539 982 5612; x_wconf 73' lang='grc' dir='ltr'>ἀμὴν</span> <span class='ocrx_word' id='word_1_858' title='bbox 1043 5532 1190 5608; x_wconf 67' lang='grc' dir='ltr'>λὶγω</span> <span class='ocrx_word' id='word_1_859' title='bbox 1223 5529 1406 5605; x_wconf 56' lang='grc' dir='ltr'>’ὑμῖνί</span> <span class='ocrx_word' id='word_1_860' title='bbox 1440 5529 1512 5587; x_wconf 64' lang='grc' dir='ltr'>οὗ</span> <span class='ocrx_word' id='word_1_861' title='bbox 1566 5529 1670 5606; x_wconf 66' lang='grc' dir='ltr'>μὴ⁷</span> <span class='ocrx_word' id='word_1_862' title='bbox 1699 5532 1954 5590; x_wconf 69' lang='grc' dir='ltr'>ἀπολέσει</span> 
     </span>
    </p>
   </div>
   <div class='ocr_carea' id='block_1_106' title="bbox 305 5611 847 5687">
    <p class='ocr_par' dir='ltr' id='par_1_106' title="bbox 305 5611 847 5687">
     <span class='ocr_line' id='line_1_106' title="bbox 305 5611 847 5687; baseline 0.009 -22"><span class='ocrx_word' id='word_1_863' title='bbox 305 5611 410 5667; x_wconf 84' lang='grc' dir='ltr'>τὸν</span> <span class='ocrx_word' id='word_1_864' title='bbox 439 5611 631 5687; x_wconf 84' lang='grc' dir='ltr'>μισθὸν</span> <span class='ocrx_word' id='word_1_865' title='bbox 661 5611 847 5670; x_wconf 82' lang='grc' dir='ltr'>αὐτοῦ.</span> 
     </span>
    </p>
   </div>
   <div class='ocr_carea' id='block_1_107' title="bbox 2135 4037 3709 4113">
    <p class='ocr_par' dir='ltr' id='par_1_107' title="bbox 2135 4037 3709 4113">
     <span class='ocr_line' id='line_1_107' title="bbox 2135 4037 3709 4113; baseline 0.003 -19"><span class='ocrx_word' id='word_1_866' title='bbox 2135 4042 2247 4113; x_wconf 87' lang='grc'>(99)</span> <span class='ocrx_word' id='word_1_867' title='bbox 2278 4040 2421 4113; x_wconf 85' lang='grc' dir='ltr'>Πρὸς</span> <span class='ocrx_word' id='word_1_868' title='bbox 2461 4037 2518 4094; x_wconf 70' lang='grc' dir='ltr'>δὲ</span> <span class='ocrx_word' id='word_1_869' title='bbox 2545 4061 2597 4095; x_wconf 88' lang='grc' dir='ltr'>κ.</span> <span class='ocrx_word' id='word_1_870' title='bbox 2633 4043 2818 4113; x_wconf 85' lang='lat' dir='ltr'>Locus</span> <span class='ocrx_word' id='word_1_871' title='bbox 2849 4059 2970 4097; x_wconf 91' lang='lat' dir='ltr'>non</span> <span class='ocrx_word' id='word_1_872' title='bbox 2999 4058 3122 4113; x_wconf 83' lang='lat' dir='ltr'>uno</span> <span class='ocrx_word' id='word_1_873' title='bbox 3165 4042 3350 4113; x_wconf 88' lang='lat' dir='ltr'>modo</span> <span class='ocrx_word' id='word_1_874' title='bbox 3372 4046 3709 4113; x_wconf 66' lang='lat' dir='ltr'>corruptus.</span> 
     </span>
    </p>
   </div>
   <div class='ocr_carea' id='block_1_108' title="bbox 2064 4109 3711 4188">
    <p class='ocr_par' dir='ltr' id='par_1_108' title="bbox 2064 4109 3711 4188">
     <span class='ocr_line' id='line_1_108' title="bbox 2064 4109 3711 4188; baseline -0.002 -21"><span class='ocrx_word' id='word_1_875' title='bbox 2064 4109 2264 4188; x_wconf 62' lang='lat' dir='ltr'>Scribe</span> <span class='ocrx_word' id='word_1_876' title='bbox 2295 4109 2486 4188; x_wconf 70' lang='lat' dir='ltr'>primo</span> <span class='ocrx_word' id='word_1_877' title='bbox 2511 4131 2533 4188; x_wconf 89' lang='lat'>:_</span> <span class='ocrx_word' id='word_1_878' title='bbox 2554 4111 2824 4188; x_wconf 31' lang='grc' dir='ltr'>’Πρὸς-,δί</span> <span class='ocrx_word' id='word_1_879' title='bbox 2879 4113 2990 4188; x_wconf 81' lang='grc' dir='ltr'>καὶ,</span> <span class='ocrx_word' id='word_1_880' title='bbox 3040 4109 3139 4188; x_wconf 10' lang='grc' dir='ltr'>,διὰ</span> <span class='ocrx_word' id='word_1_881' title='bbox 3184 4117 3307 4188; x_wconf 19' lang='grc' dir='ltr'>τοῦ,</span> <span class='ocrx_word' id='word_1_882' title='bbox 3339 4109 3566 4184; x_wconf 63' lang='grc' dir='ltr'>ἑκάστοί</span> <span class='ocrx_word' id='word_1_883' title='bbox 3599 4110 3711 4188; x_wconf 74' lang='grc' dir='ltr'>τῷν</span> 
     </span>
    </p>
   </div>
   <div class='ocr_carea' id='block_1_109' title="bbox 2064 4181 3711 4256">
    <p class='ocr_par' dir='ltr' id='par_1_109' title="bbox 2064 4181 3711 4256">
     <span class='ocr_line' id='line_1_109' title="bbox 2064 4181 3711 4256; baseline 0.002 -21"><span class='ocrx_word' id='word_1_884' title='bbox 2064 4181 2314 4256; x_wconf 62' lang='grc' dir='ltr'>ᾇργατῶν</span> <span class='ocrx_word' id='word_1_885' title='bbox 2336 4181 2695 4246; x_wconf 67' lang='grc' dir='ltr'>ἀποδοθέντος</span> <span class='ocrx_word' id='word_1_886' title='bbox 2728 4182 2845 4239; x_wconf 70' lang='grc' dir='ltr'>ἴσου</span> <span class='ocrx_word' id='word_1_887' title='bbox 2871 4185 3087 4256; x_wconf 86' lang='grc' dir='ltr'>μισθοῦ,</span> <span class='ocrx_word' id='word_1_888' title='bbox 3121 4190 3231 4240; x_wconf 85' lang='lat' dir='ltr'>etc.</span> <span class='ocrx_word' id='word_1_889' title='bbox 3289 4187 3354 4239; x_wconf 86' lang='lat' dir='ltr'>In</span> <span class='ocrx_word' id='word_1_890' title='bbox 3403 4181 3711 4256; x_wconf 83' lang='lat' dir='ltr'>sequenti-</span> 
     </span>
    </p>
   </div>
   <div class='ocr_carea' id='block_1_110' title="bbox 2062 4255 3710 4326">
    <p class='ocr_par' dir='ltr' id='par_1_110' title="bbox 2062 4255 3710 4326">
     <span class='ocr_line' id='line_1_110' title="bbox 2062 4255 3710 4326; baseline -0.002 -16"><span class='ocrx_word' id='word_1_891' title='bbox 2062 4255 2176 4310; x_wconf 89' lang='lat' dir='ltr'>bus</span> <span class='ocrx_word' id='word_1_892' title='bbox 2205 4256 2369 4326; x_wconf 86' lang='lat' dir='ltr'>(nam</span> <span class='ocrx_word' id='word_1_893' title='bbox 2399 4255 2713 4312; x_wconf 88' lang='lat' dir='ltr'>manifeste</span> <span class='ocrx_word' id='word_1_894' title='bbox 2749 4255 3006 4326; x_wconf 83' lang='lat' dir='ltr'>mutilus</span> <span class='ocrx_word' id='word_1_895' title='bbox 3064 4261 3155 4326; x_wconf 88' lang='lat' dir='ltr'>est</span> <span class='ocrx_word' id='word_1_896' title='bbox 3204 4257 3388 4326; x_wconf 83' lang='lat' dir='ltr'>locus)</span> <span class='ocrx_word' id='word_1_897' title='bbox 3423 4275 3435 4311; x_wconf 93' lang='lat'><strong>:</strong></span> <span class='ocrx_word' id='word_1_898' title='bbox 3465 4255 3710 4326; x_wconf 73' lang='grc' dir='ltr'>τούτεστι</span> 
     </span>
    </p>
   </div>
   <div class='ocr_carea' id='block_1_111' title="bbox 2063 4324 3715 4400">
    <p class='ocr_par' dir='ltr' id='par_1_111' title="bbox 2063 4324 3715 4400">
     <span class='ocr_line' id='line_1_111' title="bbox 2063 4324 3715 4400; baseline 0.001 -21"><span class='ocrx_word' id='word_1_899' title='bbox 2063 4331 2164 4400; x_wconf 72' lang='grc' dir='ltr'>τῇς</span> <span class='ocrx_word' id='word_1_900' title='bbox 2201 4324 2497 4400; x_wconf 88' lang='grc' dir='ltr'>σωτηρίας,</span> <span class='ocrx_word' id='word_1_901' title='bbox 2529 4327 2596 4395; x_wconf 73' lang='grc' dir='ltr'>ἢν</span> <span class='ocrx_word' id='word_1_902' title='bbox 2627 4327 2690 4382; x_wconf 88' lang='grc' dir='ltr'>τὸ</span> <span class='ocrx_word' id='word_1_903' title='bbox 2744 4324 3002 4400; x_wconf 74' lang='grc' dir='ltr'>δηνᾴριον</span> <span class='ocrx_word' id='word_1_904' title='bbox 3048 4324 3376 4400; x_wconf 77' lang='grc' dir='ltr'>αἲνίσσεταί,</span> <span class='ocrx_word' id='word_1_905' title='bbox 3410 4326 3471 4381; x_wconf 87' lang='grc' dir='ltr'>τὸ</span> <span class='ocrx_word' id='word_1_906' title='bbox 3510 4325 3715 4400; x_wconf 61' lang='grc' dir='ltr'>Δἐπίσης</span> 
     </span>
    </p>
   </div>
   <div class='ocr_carea' id='block_1_112' title="bbox 2068 4348 3714 4487">
    <p class='ocr_par' dir='ltr' id='par_1_112' title="bbox 2068 4348 3714 4487">
     <span class='ocr_line' id='line_1_112' title="bbox 2068 4348 3714 4400; baseline 0.001 -22"><span class='ocrx_word' id='word_1_907' title='bbox 2068 4348 2164 4392; x_wconf 88' lang='grc' dir='ltr'>της</span> <span class='ocrx_word' id='word_1_908' title='bbox 2201 4348 2497 4400; x_wconf 89' lang='grc' dir='ltr'>σωτηριας,</span> <span class='ocrx_word' id='word_1_909' title='bbox 2529 4348 2596 4395; x_wconf 86' lang='grc' dir='ltr'>ην</span> <span class='ocrx_word' id='word_1_910' title='bbox 2627 4349 2690 4382; x_wconf 88' lang='grc' dir='ltr'>το</span> <span class='ocrx_word' id='word_1_911' title='bbox 2744 4348 2882 4397; x_wconf 88' lang='grc' dir='ltr'>οηνα</span> <span class='ocrx_word' id='word_1_912' title='bbox 2923 4348 3002 4381; x_wconf 90' lang='grc' dir='ltr'>ιον</span> <span class='ocrx_word' id='word_1_913' title='bbox 3048 4348 3361 4396; x_wconf 88' lang='grc' dir='ltr'>αινισσεται,</span> <span class='ocrx_word' id='word_1_914' title='bbox 3410 4348 3471 4381; x_wconf 87' lang='grc' dir='ltr'>το</span> <span class='ocrx_word' id='word_1_915' title='bbox 3527 4348 3714 4394; x_wconf 88' lang='grc' dir='ltr'>επισης</span> 
     </span>
     <span class='ocr_line' id='line_1_113' title="bbox 2068 4348 3714 4487; baseline 0.002 -37"><span class='ocrx_word' id='word_1_916' title='bbox 2068 4393 2308 4487; x_wconf 40' lang='grc' dir='ltr'>δίκαιον</span> <span class='ocrx_word' id='word_1_917' title='bbox 2341 4400 2654 4487; x_wconf 61' lang='grc' dir='ltr'>μξνήνυκεν·</span> <span class='ocrx_word' id='word_1_918' title='bbox 2705 4348 2916 4487; x_wconf 34' lang='grc' dir='ltr'>εήνῖδξ</span> <span class='ocrx_word' id='word_1_919' title='bbox 2961 4396 3380 4487; x_wconf 39' lang='grc' dir='ltr'>δι’(φορὰνπρῶν</span> <span class='ocrx_word' id='word_1_920' title='bbox 3437 4396 3714 4487; x_wconf 64' lang='grc' dir='ltr'>καλουμέ-</span> 
     </span>
    </p>
   </div>
   <div class='ocr_carea' id='block_1_113' title="bbox 1986 4465 3712 4561">
    <p class='ocr_par' dir='ltr' id='par_1_113' title="bbox 1986 4465 3712 4561">
     <span class='ocr_line' id='line_1_114' title="bbox 1986 4465 3712 4561; baseline 0.002 -40"><span class='ocrx_word' id='word_1_921' title='bbox 1986 4469 2033 4535; x_wconf 87' lang='lat' dir='ltr'><strong>D</strong></span> <span class='ocrx_word' id='word_1_922' title='bbox 2063 4489 2194 4561; x_wconf 66' lang='grc' dir='ltr'>νων,</span> <span class='ocrx_word' id='word_1_923' title='bbox 2230 4465 2618 4561; x_wconf 22' lang='grc' dir='ltr'>διὲξτίψζκατά</span> <span class='ocrx_word' id='word_1_924' title='bbox 2663 4465 2779 4561; x_wconf 43' lang='lat' dir='ltr'>vis:</span> <span class='ocrx_word' id='word_1_925' title='bbox 2815 4465 3235 4559; x_wconf 60' lang='grc' dir='ltr'>ἀκαταλλήλορς</span> <span class='ocrx_word' id='word_1_926' title='bbox 3283 4468 3427 4561; x_wconf 33' lang='grc' dir='ltr'>ὡᾷρας</span> <span class='ocrx_word' id='word_1_927' title='bbox 3487 4465 3712 4559; x_wconf 59' lang='grc' dir='ltr'>ἐργασα-</span> 
     </span>
    </p>
   </div>
   <div class='ocr_carea' id='block_1_114' title="bbox 2061 4539 3715 4615">
    <p class='ocr_par' dir='ltr' id='par_1_114' title="bbox 2061 4539 3715 4615">
     <span class='ocr_line' id='line_1_115' title="bbox 2061 4539 3715 4615; baseline 0.002 -22"><span class='ocrx_word' id='word_1_928' title='bbox 2061 4539 2244 4615; x_wconf 79' lang='grc' dir='ltr'>νὲνων.</span> <span class='ocrx_word' id='word_1_929' title='bbox 2278 4543 2348 4615; x_wconf 76' lang='lat' dir='ltr'>Et</span> <span class='ocrx_word' id='word_1_930' title='bbox 2394 4542 2658 4615; x_wconf 69' lang='lat' dir='ltr'>deinde:</span> <span class='ocrx_word' id='word_1_931' title='bbox 2719 4539 3092 4615; x_wconf 44' lang='grc' dir='ltr'>Ἐργάσονταις</span> <span class='ocrx_word' id='word_1_932' title='bbox 3129 4541 3224 4613; x_wconf 76' lang='grc' dir='ltr'>μὶν</span> <span class='ocrx_word' id='word_1_933' title='bbox 3280 4539 3371 4595; x_wconf 83' lang='grc' dir='ltr'>οὗν</span> <span class='ocrx_word' id='word_1_934' title='bbox 3428 4539 3571 4596; x_wconf 77' lang='grc' dir='ltr'>κατᾶ</span> <span class='ocrx_word' id='word_1_935' title='bbox 3620 4543 3715 4602; x_wconf 80' lang='grc' dir='ltr'>τὰς</span> 
     </span>
    </p>
   </div>
   <div class='ocr_carea' id='block_1_115' title="bbox 2069 4610 3713 4688">
    <p class='ocr_par' dir='ltr' id='par_1_115' title="bbox 2069 4610 3713 4688">
     <span class='ocr_line' id='line_1_116' title="bbox 2069 4610 3713 4688; baseline 0.001 -22"><span class='ocrx_word' id='word_1_936' title='bbox 2069 4610 2236 4688; x_wconf 73' lang='grc' dir='ltr'>μονδις</span> <span class='ocrx_word' id='word_1_937' title='bbox 2264 4611 2358 4688; x_wconf 58' lang='grc' dir='ltr'>τᾶις</span> <span class='ocrx_word' id='word_1_938' title='bbox 2388 4610 2712 4688; x_wconf 79' lang='grc' dir='ltr'>ἀναλόγους,</span> <span class='ocrx_word' id='word_1_939' title='bbox 2745 4610 2839 4688; x_wconf 64' lang='lat' dir='ltr'>«13v</span> <span class='ocrx_word' id='word_1_940' title='bbox 2864 4610 3275 4688; x_wconf 67' lang='grc' dir='ltr'>κατηξιώθησαν</span> <span class='ocrx_word' id='word_1_941' title='bbox 3307 4616 3526 4688; x_wconf 53' lang='grc' dir='ltr'>χερῶν,</span> <span class='ocrx_word' id='word_1_942' title='bbox 3582 4634 3713 4688; x_wconf 84' lang='grc' dir='ltr'>συν·-</span> 
     </span>
    </p>
   </div>
   <div class='ocr_carea' id='block_1_116' title="bbox 2065 4681 3710 4810">
    <p class='ocr_par' dir='ltr' id='par_1_116' title="bbox 2065 4681 3710 4810">
     <span class='ocr_line' id='line_1_117' title="bbox 2065 4681 3710 4810; baseline 0 -68"><span class='ocrx_word' id='word_1_943' title='bbox 2065 4681 2214 4810; x_wconf 55' lang='grc' dir='ltr'>ἰῗγοὶ</span> <span class='ocrx_word' id='word_1_944' title='bbox 2270 4684 2367 4750; x_wconf 71' lang='grc' dir='ltr'>τῆς</span> <span class='ocrx_word' id='word_1_945' title='bbox 2425 4681 2664 4760; x_wconf 77' lang='grc' dir='ltr'>ἆῤῥήτου</span> <span class='ocrx_word' id='word_1_946' title='bbox 2700 4681 2706 4683; x_wconf 15' lang='lat' dir='ltr'><strong>ﬁ</strong></span> <span class='ocrx_word' id='word_1_947' title='bbox 2749 4681 3069 4758; x_wconf 61' lang='grc' dir='ltr'>οἰκονομίας</span> <span class='ocrx_word' id='word_1_948' title='bbox 3151 4681 3240 4738; x_wconf 81' lang='grc' dir='ltr'>καὶ</span> <span class='ocrx_word' id='word_1_949' title='bbox 3307 4681 3664 4760; x_wconf 76' lang='grc' dir='ltr'>λειτουργίας</span> <span class='ocrx_word' id='word_1_950' title='bbox 3696 4728 3710 4742; x_wconf 93' lang='grc'><strong>.</strong></span> 
     </span>
     <span class='ocr_line' id='line_1_118' title="bbox 2116 4771 2344 4810; baseline 0 0"><span class='ocrx_word' id='word_1_951' title='bbox 2116 4771 2344 4810; x_wconf 73' lang='grc' dir='ltr'>ΕΙΕΞῘΠΞ.</span> 
     </span>
    </p>
   </div>
   <div class='ocr_carea' id='block_1_117' title="bbox 2299 4772 2344 4811">
    <p class='ocr_par' dir='ltr' id='par_1_117' title="bbox 2299 4772 2344 4811">
     <span class='ocr_line' id='line_1_119' title="bbox 2299 4772 2344 4811; baseline 0.067 -3"><span class='ocrx_word' id='word_1_952' title='bbox 2299 4772 2344 4811; x_wconf 87' lang='lat' dir='ltr'>S.</span> 
     </span>
    </p>
   </div>
   <div class='ocr_carea' id='block_1_118' title="bbox 2116 4771 3712 4952">
    <p class='ocr_par' dir='ltr' id='par_1_118' title="bbox 2116 4771 3712 4952">
     <span class='ocr_line' id='line_1_120' title="bbox 2116 4771 3712 4952; baseline 0 -69"><span class='ocrx_word' id='word_1_953' title='bbox 2116 4771 2415 4952; x_wconf 36' lang='grc' dir='ltr'>ῆιῆδίὲῖᾶδὲ</span> <span class='ocrx_word' id='word_1_954' title='bbox 2472 4823 2562 4895; x_wconf 76' lang='grc' dir='ltr'>δὴ.</span> <span class='ocrx_word' id='word_1_955' title='bbox 2623 4829 2758 4884; x_wconf 73' lang='lat' dir='ltr'>Haac</span> <span class='ocrx_word' id='word_1_956' title='bbox 2813 4833 3134 4885; x_wconf 91' lang='lat' dir='ltr'>occurrunt</span> <span class='ocrx_word' id='word_1_957' title='bbox 3188 4827 3345 4899; x_wconf 90' lang='lat' dir='ltr'>apud</span> <span class='ocrx_word' id='word_1_958' title='bbox 3386 4828 3712 4910; x_wconf 70' lang='lat' dir='ltr'>Platonem</span> 
     </span>
     <span class='ocr_line' id='line_1_121' title="bbox 2116 4899 3712 4952; baseline 0 0"><span class='ocrx_word' id='word_1_959' title='bbox 2116 4914 2184 4952; x_wconf 76' lang='lat' dir='ltr'>au</span> <span class='ocrx_word' id='word_1_960' title='bbox 2212 4915 2244 4952; x_wconf 97' lang='lat' dir='ltr'>o</span> <span class='ocrx_word' id='word_1_961' title='bbox 2276 4904 2414 4952; x_wconf 89' lang='lat' dir='ltr'>ante</span> <span class='ocrx_word' id='word_1_962' title='bbox 2445 4899 2625 4952; x_wconf 84' lang='lat' dir='ltr'>finem</span> <span class='ocrx_word' id='word_1_963' title='bbox 2653 4901 2963 4952; x_wconf 71' lang='lat' dir='ltr'>Phaedonis.</span> <span class='ocrx_word' id='word_1_964' title='bbox 2992 4917 3048 4952; x_wconf 78' lang='grc' dir='ltr'>ο.</span> <span class='ocrx_word' id='word_1_965' title='bbox 3083 4902 3170 4952; x_wconf 82' lang='grc'>84.</span> <span class='ocrx_word' id='word_1_966' title='bbox 3204 4905 3269 4952; x_wconf 92' lang='lat' dir='ltr'>ut</span> <span class='ocrx_word' id='word_1_967' title='bbox 3323 4905 3501 4952; x_wconf 81' lang='lat' dir='ltr'>etiam</span> <span class='ocrx_word' id='word_1_968' title='bbox 3558 4899 3712 4952; x_wconf 86' lang='lat' dir='ltr'>anud</span> 
     </span>
    </p>
   </div>
   <div class='ocr_carea' id='block_1_119' title="bbox 2108 4899 3712 4971">
    <p class='ocr_par' dir='ltr' id='par_1_119' title="bbox 2108 4899 3712 4971">
     <span class='ocr_line' id='line_1_122' title="bbox 2108 4899 3712 4971; baseline 0.002 -19"><span class='ocrx_word' id='word_1_969' title='bbox 2108 4899 2414 4971; x_wconf 82' lang='lat' dir='ltr'>aulo_ante</span> <span class='ocrx_word' id='word_1_970' title='bbox 2445 4899 2625 4954; x_wconf 84' lang='lat' dir='ltr'>finem</span> <span class='ocrx_word' id='word_1_971' title='bbox 2653 4901 2964 4967; x_wconf 70' lang='lat' dir='ltr'>Phaedonis,</span> <span class='ocrx_word' id='word_1_972' title='bbox 2992 4917 3048 4971; x_wconf 91' lang='lat' dir='ltr'>p.</span> <span class='ocrx_word' id='word_1_973' title='bbox 3083 4902 3170 4966; x_wconf 91' lang='lat'>84,</span> <span class='ocrx_word' id='word_1_974' title='bbox 3204 4905 3269 4954; x_wconf 92' lang='lat' dir='ltr'>ut</span> <span class='ocrx_word' id='word_1_975' title='bbox 3323 4900 3501 4955; x_wconf 88' lang='lat' dir='ltr'>etiam</span> <span class='ocrx_word' id='word_1_976' title='bbox 3558 4899 3712 4971; x_wconf 87' lang='lat' dir='ltr'>apud</span> 
     </span>
    </p>
   </div>
   <div class='ocr_carea' id='block_1_120' title="bbox 2119 4968 3642 5041">
    <p class='ocr_par' dir='ltr' id='par_1_120' title="bbox 2119 4968 3642 5041">
     <span class='ocr_line' id='line_1_123' title="bbox 2119 4968 3642 5041; baseline 0.003 -19"><span class='ocrx_word' id='word_1_977' title='bbox 2119 4968 2508 5041; x_wconf 84' lang='lat' dir='ltr'>heodoretum</span> <span class='ocrx_word' id='word_1_978' title='bbox 2539 4972 2724 5026; x_wconf 88' lang='lat' dir='ltr'>Serm.</span> <span class='ocrx_word' id='word_1_979' title='bbox 2758 4973 2810 5040; x_wconf 89' lang='lat'>8,</span> <span class='ocrx_word' id='word_1_980' title='bbox 2832 4973 2926 5027; x_wconf 88' lang='lat' dir='ltr'>eui</span> <span class='ocrx_word' id='word_1_981' title='bbox 2951 4968 3158 5026; x_wconf 75' lang='lat' dir='ltr'>titulus</span> <span class='ocrx_word' id='word_1_982' title='bbox 3191 4973 3265 5026; x_wconf 90' lang='lat' dir='ltr'>De</span> <span class='ocrx_word' id='word_1_983' title='bbox 3286 4968 3642 5041; x_wconf 67' lang='lat' dir='ltr'>martyribus.</span> 
     </span>
    </p>
   </div>
   <div class='ocr_carea' id='block_1_121' title="bbox 2138 5039 3711 5112">
    <p class='ocr_par' dir='ltr' id='par_1_121' title="bbox 2138 5039 3711 5112">
     <span class='ocr_line' id='line_1_124' title="bbox 2138 5039 3711 5112; baseline 0.001 -19"><span class='ocrx_word' id='word_1_984' title='bbox 2138 5041 2215 5112; x_wconf 81' lang='lat'>(2)</span> <span class='ocrx_word' id='word_1_985' title='bbox 2248 5039 2388 5112; x_wconf 79' lang='grc' dir='ltr'>Πρὸς</span> <span class='ocrx_word' id='word_1_986' title='bbox 2418 5045 2498 5112; x_wconf 81' lang='grc' dir='ltr'>τῷ</span> <span class='ocrx_word' id='word_1_987' title='bbox 2530 5041 2611 5097; x_wconf 85' lang='grc' dir='ltr'>ὀσ.</span> <span class='ocrx_word' id='word_1_988' title='bbox 2673 5045 2909 5098; x_wconf 82' lang='lat' dir='ltr'>Rectius</span> <span class='ocrx_word' id='word_1_989' title='bbox 2965 5041 3100 5112; x_wconf 86' lang='grc' dir='ltr'>πρὸς</span> <span class='ocrx_word' id='word_1_990' title='bbox 3145 5041 3207 5094; x_wconf 87' lang='grc' dir='ltr'>τὸ</span> <span class='ocrx_word' id='word_1_991' title='bbox 3267 5041 3350 5098; x_wconf 84' lang='grc' dir='ltr'>ὁσ.</span> <span class='ocrx_word' id='word_1_992' title='bbox 3409 5039 3473 5096; x_wconf 77' lang='grc' dir='ltr'><em>Η.</em></span> <span class='ocrx_word' id='word_1_993' title='bbox 3509 5059 3620 5098; x_wconf 88' lang='lat' dir='ltr'>ms.</span> <span class='ocrx_word' id='word_1_994' title='bbox 3656 5047 3711 5097; x_wconf 85' lang='lat' dir='ltr'>et</span> 
     </span>
    </p>
   </div>
   <div class='ocr_carea' id='block_1_122' title="bbox 2065 5111 3710 5186">
    <p class='ocr_par' dir='ltr' id='par_1_122' title="bbox 2065 5111 3710 5186">
     <span class='ocr_line' id='line_1_125' title="bbox 2065 5111 3710 5186; baseline 0.002 -22"><span class='ocrx_word' id='word_1_995' title='bbox 2065 5111 2226 5186; x_wconf 82' lang='lat' dir='ltr'>vulh.</span> <span class='ocrx_word' id='word_1_996' title='bbox 2263 5111 2352 5166; x_wconf 91' lang='lat' dir='ltr'>ed.</span> <span class='ocrx_word' id='word_1_997' title='bbox 2390 5111 2674 5186; x_wconf 82' lang='lat' dir='ltr'>Platonis,</span> <span class='ocrx_word' id='word_1_998' title='bbox 2707 5115 2901 5184; x_wconf 89' lang='lat' dir='ltr'>inquit</span> <span class='ocrx_word' id='word_1_999' title='bbox 2949 5111 3216 5186; x_wconf 83' lang='lat' dir='ltr'>Sylburg.</span> <span class='ocrx_word' id='word_1_1000' title='bbox 3271 5113 3550 5169; x_wconf 89' lang='lat' dir='ltr'>Eamdem</span> <span class='ocrx_word' id='word_1_1001' title='bbox 3591 5114 3710 5168; x_wconf 92' lang='lat' dir='ltr'>lec-</span> 
     </span>
    </p>
   </div>
   <div class='ocr_carea' id='block_1_123' title="bbox 2067 5182 3206 5254">
    <p class='ocr_par' dir='ltr' id='par_1_123' title="bbox 2067 5182 3206 5254">
     <span class='ocr_line' id='line_1_126' title="bbox 2067 5182 3206 5254; baseline -0.001 -18"><span class='ocrx_word' id='word_1_1002' title='bbox 2067 5182 2293 5238; x_wconf 89' lang='lat' dir='ltr'>tionem</span> <span class='ocrx_word' id='word_1_1003' title='bbox 2323 5185 2549 5254; x_wconf 84' lang='lat' dir='ltr'>praebet</span> <span class='ocrx_word' id='word_1_1004' title='bbox 2578 5186 2755 5241; x_wconf 86' lang='lat' dir='ltr'>etiam</span> <span class='ocrx_word' id='word_1_1005' title='bbox 2787 5182 3206 5240; x_wconf 76' lang='lat' dir='ltr'>Theodoretus.</span> 
     </span>
    </p>
   </div>
   <div class='ocr_carea' id='block_1_124' title="bbox 2139 5253 3709 5330">
    <p class='ocr_par' dir='ltr' id='par_1_124' title="bbox 2139 5253 3709 5330">
     <span class='ocr_line' id='line_1_127' title="bbox 2139 5253 3709 5330; baseline 0.001 -21"><span class='ocrx_word' id='word_1_1006' title='bbox 2139 5257 2218 5325; x_wconf 91' lang='lat'>(3)</span> <span class='ocrx_word' id='word_1_1007' title='bbox 2262 5253 2694 5330; x_wconf 74' lang='grc' dir='ltr'>Προκεκλῆσθαι.</span> <span class='ocrx_word' id='word_1_1008' title='bbox 2747 5255 3166 5330; x_wconf 85' lang='grc' dir='ltr'>Προκεκρίσθαι,</span> <span class='ocrx_word' id='word_1_1009' title='bbox 3215 5255 3525 5323; x_wconf 88' lang='lat' dir='ltr'>Theodor.,</span> <span class='ocrx_word' id='word_1_1010' title='bbox 3560 5271 3709 5311; x_wconf 45' lang='lat' dir='ltr'>neu.</span> 
     </span>
    </p>
   </div>
   <div class='ocr_carea' id='block_1_125' title="bbox 2069 5328 2730 5398">
    <p class='ocr_par' dir='ltr' id='par_1_125' title="bbox 2069 5328 2730 5398">
     <span class='ocr_line' id='line_1_128' title="bbox 2069 5328 2730 5398; baseline 0.003 -18"><span class='ocrx_word' id='word_1_1011' title='bbox 2069 5329 2227 5381; x_wconf 88' lang='lat' dir='ltr'>trum</span> <span class='ocrx_word' id='word_1_1012' title='bbox 2251 5328 2517 5398; x_wconf 78' lang='lat' dir='ltr'>agnoscit</span> <span class='ocrx_word' id='word_1_1013' title='bbox 2545 5329 2730 5385; x_wconf 87' lang='lat' dir='ltr'>Plato.</span> 
     </span>
    </p>
   </div>
   <div class='ocr_carea' id='block_1_126' title="bbox 2139 5393 3703 5482">
    <p class='ocr_par' dir='ltr' id='par_1_126' title="bbox 2139 5393 3703 5482">
     <span class='ocr_line' id='line_1_129' title="bbox 2139 5393 3703 5482; baseline -0.001 -31"><span class='ocrx_word' id='word_1_1014' title='bbox 2139 5398 2217 5482; x_wconf 75' lang='lat'>(4)</span> <span class='ocrx_word' id='word_1_1015' title='bbox 2246 5393 2432 5482; x_wconf 47' lang='lat' dir='ltr'>T1338:</span> <span class='ocrx_word' id='word_1_1016' title='bbox 2465 5397 2558 5482; x_wconf 51' lang='grc' dir='ltr'>μεν</span> <span class='ocrx_word' id='word_1_1017' title='bbox 2585 5419 2635 5454; x_wconf 91' lang='grc' dir='ltr'>τ.</span> <span class='ocrx_word' id='word_1_1018' title='bbox 2662 5395 2847 5482; x_wconf 72' lang='grc' dir='ltr'>Τῶνδε</span> <span class='ocrx_word' id='word_1_1019' title='bbox 2892 5397 3012 5482; x_wconf 56' lang='grc' dir='ltr'>μενΔ</span> <span class='ocrx_word' id='word_1_1020' title='bbox 3042 5401 3156 5482; x_wconf 57' lang='grc' dir='ltr'>τῶν</span> <span class='ocrx_word' id='word_1_1021' title='bbox 3205 5397 3388 5482; x_wconf 60' lang='grc' dir='ltr'>τόπων</span> <span class='ocrx_word' id='word_1_1022' title='bbox 3443 5394 3495 5482; x_wconf 51' lang='grc' dir='ltr'>ἐν</span> <span class='ocrx_word' id='word_1_1023' title='bbox 3528 5399 3595 5482; x_wconf 58' lang='grc' dir='ltr'>τῇ</span> <span class='ocrx_word' id='word_1_1024' title='bbox 3627 5398 3703 5482; x_wconf 60' lang='grc' dir='ltr'>γῇ</span> 
     </span>
    </p>
   </div>
   <div class='ocr_carea' id='block_1_127' title="bbox 2069 5462 3707 5544">
    <p class='ocr_par' dir='ltr' id='par_1_127' title="bbox 2069 5462 3707 5544">
     <span class='ocr_line' id='line_1_130' title="bbox 2069 5462 3707 5544; baseline 0.002 -25"><span class='ocrx_word' id='word_1_1025' title='bbox 2069 5462 2518 5544; x_wconf 52' lang='grc' dir='ltr'>ξλευζξεροόμενοί</span> <span class='ocrx_word' id='word_1_1026' title='bbox 2547 5492 2604 5525; x_wconf 92' lang='grc' dir='ltr'>τε</span> <span class='ocrx_word' id='word_1_1027' title='bbox 2633 5471 2722 5525; x_wconf 84' lang='grc' dir='ltr'>καὶ</span> <span class='ocrx_word' id='word_1_1028' title='bbox 2763 5470 2855 5524; x_wconf 82' lang='grc' dir='ltr'>ἀπ.</span> <span class='ocrx_word' id='word_1_1029' title='bbox 2892 5462 3038 5544; x_wconf 73' lang='lat' dir='ltr'>Plat.</span> <span class='ocrx_word' id='word_1_1030' title='bbox 3089 5466 3260 5544; x_wconf 74' lang='grc' dir='ltr'>τῶνδε</span> <span class='ocrx_word' id='word_1_1031' title='bbox 3295 5469 3388 5542; x_wconf 76' lang='grc' dir='ltr'>μὶν</span> <span class='ocrx_word' id='word_1_1032' title='bbox 3418 5471 3524 5523; x_wconf 84' lang='grc' dir='ltr'>τῶν</span> <span class='ocrx_word' id='word_1_1033' title='bbox 3553 5462 3604 5522; x_wconf 75' lang='grc' dir='ltr'>ἔν</span> 
     </span>
    </p>
   </div>
   <div class='ocr_carea' id='block_1_128' title="bbox 2067 5537 3274 5616">
    <p class='ocr_par' dir='ltr' id='par_1_128' title="bbox 2067 5537 3274 5616">
     <span class='ocr_line' id='line_1_131' title="bbox 2067 5537 3274 5616; baseline 0.008 -24"><span class='ocrx_word' id='word_1_1034' title='bbox 2067 5537 2338 5598; x_wconf 75' lang='grc' dir='ltr'>ἀπαλλατ.</span> <span class='ocrx_word' id='word_1_1035' title='bbox 2365 5537 2615 5616; x_wconf 76' lang='lat' dir='ltr'>reliquit</span> <span class='ocrx_word' id='word_1_1036' title='bbox 2638 5544 2897 5614; x_wconf 90' lang='lat' dir='ltr'>omissis,</span> <span class='ocrx_word' id='word_1_1037' title='bbox 2927 5542 3274 5603; x_wconf 83' lang='lat' dir='ltr'>Theodoret.</span> 
     </span>
    </p>
   </div>
  </div>
