4004 6144
327 231 470 290 1249

1657 233 2100 292 STROMATUM
2139 239 2272 294 LIB.
2315 240 2410 294 IV.

3605 247 3745 305 1250

325 357 677 431 Λαττόμενοί,
712 356 893 431 ὥσπερ
936 353 1329 433 δεσμωτηρίων
1363 363 1464 430 (ὃ),
1499 357 1610 412 ἄνω
1656 355 1713 413 δὲ
1766 358 1840 419 εἰς
1889 380 1980 412 κα-

2107 368 2318 416 υυηιιιῐ·
2345 380 2480 437 ergo
2507 366 2931 423 convenienter
2961 369 3396 440 mansionibus,
3431 389 3562 444 quae
3606 392 3745 446 pro-

324 447 492 522 Οαράν
551 445 766 517 οἷ’κησιν
809 445 1217 524 ἀφικνούμενοι.
1281 469 1309 498 ››
1371 446 1469 502 Διά
1527 447 1863 525 σαφεστέρων
1923 467 1981 500 τε

326 537 391 590 αὖ
439 537 502 590 τὸ
559 536 687 590 αὐτὸ
742 532 848 590 ὧδέ
897 556 1014 599 πως
1062 533 1230 612 λέγει·
1267 559 1296 587 ‹‹
1326 535 1546 590 Τούτων
1593 538 1668 609 (6)
1719 533 1777 590 δὲ
1806 535 1982 590 αὐτῶν

326 624 379 681 οἵ
412 626 461 679 έν
496 623 794 702 φιλοσοφίᾳ
821 627 898 698 (⁸7)
951 624 1142 686 ἱκανῶς
1191 626 1564 698 καθηράμενοι
1597 622 1719 680 ἄνευ
1764 646 1822 680 τε
1872 645 1983 678 σω-

330 714 513 787 μάτων
564 717 694 782 ζῶσι
742 715 804 768 τὸ
853 713 1104 789 παράπαν
1158 713 1233 775 εἷς
1286 714 1376 768 τὸν
1429 715 1637 768 ἅπαντα
1692 713 1917 788 χρόνον
1954 733 1980 764 ο

325 803 505 858 καίτοι
538 803 800 878 σχήματά
828 824 946 857 τινα
988 801 1322 877 περιτίθησι,
1354 807 1472 865 ταῖς
1508 803 1602 875 μὲν
1653 803 1838 875 ἆέρινα
1886 801 1984 854 αὐ-

327 897 480 960 τῶν,
536 896 654 953 ταῖς
717 889 776 945 δὲ
832 891 922 945 καὶ
980 890 1198 967 πύρινα.
1260 894 1379 948 ’Έτι
1442 891 1729 969 ἐπιφέρειο
1797 916 1817 941 ιι
1879 890 1985 946 Καὶ

329 982 407 1044 είς
437 986 509 1052 (8)
560 980 800 1050 οἰκήσεις
844 979 920 1035 ἔτι
969 979 1176 1035 τούτων
1205 978 1471 1044 καλλίους
1500 980 1867 1058 ἀφικνοῦνται,
1925 978 1987 1042 ἆς

331 1069 458 1125 οὐδὲ
490 1067 673 1145 ῥᾴδιον
708 1067 981 1138 δηλῶσα.,
1015 1067 1140 1124 οὐδὲ
1171 1073 1244 1142 (9)
1295 1071 1323 1126 ὁ
1377 1071 1581 1145 χρόνος
1607 1070 1792 1132 ἱκανὸς
1823 1070 1874 1125 έν
1906 1073 1986 1141 τῷ

328 1161 576 1235 παρόντι.
633 1182 660 1210 ››
715 1161 874 1222 "003v
927 1158 1151 1221 εἰκότως
1192 1184 1218 1211 ι(
1254 1161 1529 1236 Μακάριοι
1562 1161 1614 1215 οὶ
1645 1165 1982 1225 πενθοῦντεςο

330 1250 413 1304 δτι
473 1247 622 1303 αὐτοὶ
671 1246 1190 1323 παρακληθήσονται
1237 1249 1362 1320 (10)·
1418 1271 1447 1300 ››
1489 1249 1545 1302 οἱ
1576 1249 1680 1324 γὰρ
1716 1253 1988 1323 μετανοή-

330 1361 513 1402 σαντες
547 1339 628 1416 έφ’
660 1341 744 1400 οἷς
772 1343 954 1400 κακῶς
999 1333 1464 1414 προϐεϐιώκασιν,
1515 1340 1590 1401 εἱς
1640 1363 1663 1393 α
1695 1342 1794 1410 τὴν
1845 1339 1986 1411 κλῆ-

332 1452 412 1485 σιν
450 1459 478 1482 υ
538 1431 882 1506 παρέσονται·
933 1434 1096 1485 τοῦτο
1144 1431 1249 1505 γάρ
1297 1430 1407 1485 ἐστι
1448 1433 1510 1486 τὸ
1561 1456 1589 1483 ‹‹
1623 1431 1986 1506 παρακληθῆ-

333 1540 440 1578 ναι,
476 1542 505 1569 »ι
535 1520 646 1574 Τοῦ
682 1522 1078 1591 μετανοοῦντος
1111 1515 1168 1572 δὲ
1214 1517 1410 1592 τρόποι
1442 1517 1558 1573 δύο·
1595 1520 1623 1574 ὁ
1658 1519 1753 1593 μὶν
1799 1522 1986 1575 κοινό-

330 1610 485 1685 τέρος
519 1603 687 1686 φόϐος
719 1607 804 1662 ἐπὶ
847 1613 962 1670 τοῖς
1021 1613 1370 1684 πραχθεῖσιν,
1421 1609 1449 1664 ὁ
1510 1607 1567 1663 δὲ
1599 1607 1891 1684 ἴδιαίτερος
1949 1613 1983 1681 ἡ

335 1695 578 1752 δυσωπία
693 1697 827 1772 πρὸς
860 1697 1056 1766 έαυτήν
1105 1704 1207 1766 τῆς
1253 1700 1439 1773 ψυχῆς
1494 1697 1554 1752 έκ
1601 1696 1983 1770 συνειδήσεως.
2018 1734 2065 1798 Β

339 1786 451 1843 Εἶτ’
483 1785 573 1841 οῦν
609 1786 853 1857 ἐνταῦθα,
890 1783 998 1840 εἷ’τε
1025 1784 1115 1840 καὶ
1157 1785 1410 1861 ἀλλαχῆ,
1461 1785 1599 1860 (ἐπεὶ
1652 1787 1844 1861 μηδείς
1893 1790 1986 1843 τό-

335 1897 438 1938 πος
493 1876 659 1951 ἀργὸς
712 1874 956 1936 εὐποιίας
1010 1879 1187 1948 Θεοῖγ)
1227 1874 1390 1930 πάλιν
1441 1877 1619 1953 φησίν·
1655 1902 1683 1928 ‹‹
1718 1876 1991 1952 Μακάριοι

337 1967 391 2020 οἱ
423 1964 737 2038 ἐλεήμονες·
792 1965 874 2018 δτι
932 1964 1084 2019 αὐτοὶ
1139 1962 1542 2035 ἐλεηθήσονταί
1576 1967 1706 2039 (11).
1745 1991 1772 2017 ››
1814 1968 1875 2023 Ὀ
1937 1963 1994 2020 δὲ

334 2053 488 2116 ἕλεος
539 2053 666 2129 οὐχ,
714 2053 751 2128 ᾖ
793 2074 938 2115 τινες
990 2057 1098 2108 τῶν
1133 2052 1454 2132 φιλοσόφων
1491 2057 1604 2127 (12)
1637 2053 1991 2139 ὑπειλήφασι,

335 2141 483 2213 λύπη
516 2142 599 2197 ἐπ’
656 2139 977 2215 ἀλλοτρίαις
1027 2147 1356 2220 συμφοραῖςο
1411 2141 1626 2215 μᾶλλον
1677 2141 1734 2198 δὲ
1781 2144 1992 2200 ἀστεῖόν

332 2231 385 2286 τί
441 2234 556 2307 (13)
617 2231 751 2299 ἐστι,
812 2231 886 2293 ὡς
947 2231 998 2285 οἱ
1029 2237 1306 2305 προφῆται
1359 2231 1628 2308 λέγουσιν·
1675 2233 1929 2290 (ι”Ελεον
1966 2258 1994 2286 ››

334 2321 460 2396 γὰρ,
511 2319 666 2397 φησὶ,
719 2318 944 2393 «θέλω,
994 2318 1085 2374 καὶ
1137 2319 1199 2375 οὗ
1247 2319 1438 2374 θυσίαν
1495 2323 1626 2392 (14).
1663 2321 1996 2396 »Ἐλεήμο-

334 2429 429 2472 νας
479 2405 527 2463 δ’
556 2409 688 2464 εἶναι
745 2407 1001 2483 βούλεται
1051 2408 1112 2463 οὐ
1179 2407 1341 2483 μόνον
1397 2409 1526 2472 τοὺς
1575 2405 1726 2466 ἔλεον
1775 2415 1994 2470 ποιοῦν-

336 2521 451 2568 τας,
505 2498 652 2555 ἀλλὰ
705 2499 796 2554 καὶ
851 2499 979 2562 τοὺς
1036 2499 1322 2563 ἐθέλοντας
1362 2500 1554 2572 ἐλεεῖν,
1611 2501 1707 2556 κᾶν
1766 2504 1843 2574 μή
1903 2500 1996 2556 δύ-

337 2608 556 2644 νωνται¹
642 2591 725 2650 οἷς
800 2589 937 2643 κατᾶ
1010 2589 1325 2666 προαίρεσιν
1392 2591 1454 2645 τὸ
1509 2590 1738 2665 ἐνεργεῖν
1797 2589 2000 2664 πάρεσ-

340 2700 421 2733 τιν
461 2697 472 2708 ·
531 2678 700 2732 ἐνίοτε
755 2677 854 2752 γὰρ
914 2677 1227 2752 βουλόμεθα
1299 2675 1368 2731 δι’
1427 2677 1689 2753 ἀργυρίου
1747 2672 1997 2750 δόσεως,

341 2766 376 2833 ἢ
452 2763 541 2819 διὰ
617 2771 934 2836 σωματικῆς
1010 2763 1254 2833 σπουδῆς
1339 2761 1492 2818 ἔλεον
1561 2771 1837 2832 ποιῆσαι,
1926 2765 2001 2828 ὡς

345 2851 590 2925 δεομένῳ
668 2851 981 2928 ἐπαρκέσαι,
1179 2855 1432 2906 νοσοῦντι
1513 2851 1874 2927 ὑπουργῆσαι,
1961 2852 1998 2922 ἢ

342 2940 395 2996 έν
427 2942 734 3016 περιστάσει
764 2939 1044 3016 γενομένῳ
1095 2945 1454 3013 παραστῆναι⁶
1507 2940 1736 3016 καὶούχ
1785 2941 1894 2996 οἷοί
1941 2941 2000 2996 τέ

341 3029 524 3102 ἐσμεν,
577 3026 703 3098 ἤτοι
753 3027 842 3083 διὰ
889 3027 1094 3096 πενίαν,
1152 3029 1188 3098 ἢ
1237 3028 1420 3097 νόσον,
1451 3029 1486 3097 ἢ
1534 3035 1708 3104 γῆρας
1767 3031 1988 3107 (φυσική

2091 452 2362 522 portione
2387 455 2752 525 respondent
2783 456 2877 524 iis,
2911 458 3128 528 quibus
3159 460 3382 531 dignati
3405 469 3562 531 sunt,
3595 482 3745 535 pra)-

2093 540 2250 608 miis,
2276 541 2597 597 ineﬁ‘abilis
2629 545 2975 599 aaconomiaa
3015 551 3073 600 et
3104 550 3370 603 muneris
3417 550 3742 622 adjutores.

2094 651 2120 678 «
2155 630 2264 694 Qui
2290 636 2510 687 autem.
2544 654 2572 682 »
2605 633 2798 704 inquit
2830 634 2994 690 Plato
3043 655 3064 683 α
3097 636 3205 690 visi
3254 636 3476 692 fuerint
3521 643 3743 697 evocati

2094 717 2169 773 ad
2201 719 2333 786 hoc,
2365 726 2430 774 ut
2477 727 2680 777 sancte
2711 741 2832 794 prae
2875 725 3104 779 caeteris
3136 726 3349 794 vivant,
3378 727 3418 779 ii
3452 735 3609 795 sunt,
3643 731 3746 799 qui

2095 823 2162 861 ex
2180 807 2273 862 his
2296 810 2551 864 terrenis
2577 811 2744 881 locis,
2771 816 3054 883 tanquam
3081 830 3110 867 e
3134 815 3494 882 carceribus,
3513 815 3748 871 liberati

2095 899 2154 949 et
2184 896 2384 964 soluti,
2417 915 2652 954 sursum
2685 901 2757 955 ad
2788 919 2997 972 puram
3030 904 3490 974 proﬁciscuntur
3519 905 3748 960 habita-

2095 985 2340 1042 tionem.
2367 1010 2394 1037 »
2418 990 2488 1042 Et
2515 1006 2723 1044 rursus
2745 992 3007 1062 apertius
3037 992 3196 1046 idem
3230 993 3374 1047 dicit
3402 1012 3414 1048 :
3464 1017 3489 1044 «
3523 997 3604 1048 Ex
3654 995 3746 1049 liis

2097 1082 2316 1148 autem,
2337 1080 2676 1150 quicunque
2699 1098 2804 1152 per
2824 1082 3262 1153 philosoPhiam
3287 1086 3431 1139 satis
3455 1091 3596 1139 sunt
3615 1103 3750 1156 pur-

2095 1165 2234 1238 gati,
2269 1166 2396 1221 sine
2427 1169 2773 1239 corporibus
2813 1171 3056 1224 omnino
3087 1171 3287 1226 vivunt
3313 1173 3372 1226 in
3405 1173 3748 1228 universum

2097 1261 2350 1326 tempus.
2382 1279 2409 1306 »
2459 1258 2809 1328 Quanquam
2861 1259 3078 1332 ﬁguras
3111 1261 3399 1330 quasdam
3431 1262 3550 1316 illis
3595 1263 3749 1334 adji—

2096 1344 2194 1410 cit,
2229 1343 2363 1398 aliis
2396 1345 2634 1414 quidem
2684 1363 2754 1400 ex
2783 1347 2947 1418 ipsis,
2981 1364 3205 1417 aereas,
3239 1349 3372 1404 aliis
3404 1366 3537 1404 vero
3570 1351 3750 1405 etiam

2097 1433 2320 1505 igneas.
2353 1434 2667 1507 Subjungit
2690 1442 2978 1506 praeterea
3003 1453 3015 1489 :
3045 1460 3072 1486 ‹‹
3099 1439 3168 1490 Et
3197 1439 3657 1508 proﬁciscuntur
3688 1440 3747 1494 in

2095 1524 2495 1580 habitationes
2523 1525 2616 1579 his
2649 1526 2826 1580 etiam
2875 1526 3268 1597 pulchriores,
3311 1545 3564 1598 quarum
3613 1528 3750 1600 pul-

2097 1613 2371 1670 chritudo
2403 1631 2595 1684 neque
2637 1615 2828 1670 facilis
2881 1615 3044 1669 dictu
3079 1620 3187 1681 est,
3244 1633 3438 1686 noque
3486 1634 3750 1688 prmsens

2099 1709 2332 1774 tempus
2382 1704 2456 1758 ad
2515 1703 2832 1758 dicendum
2881 1704 3264 1760 sufﬁceret.»
3316 1706 3480 1760 Unde
3536 1707 3748 1760 merito

2098 1793 2277 1848 dicit:
2321 1813 2340 1841 α
2380 1794 2538 1848 Beati
2571 1795 2671 1864 qui
2703 1793 2926 1865 lugent,
2961 1794 3242 1864 quoniam
3265 1796 3378 1866 ipsi
3407 1795 3751 1850 advocatio-

2099 1898 2234 1938 nem
2258 1881 2551 1953 accipient
2571 1885 2670 1950 (a).
2711 1904 2731 1929 ι»
2759 1884 2866 1947 Qui
2897 1883 3057 1937 enim
3083 1884 3235 1938 male
3259 1890 3402 1939 acta)
3434 1886 3564 1939 vitae
3589 1885 3748 1940 ducti

2099 1977 2236 2026 sunt
2264 1972 2634 2042 pmnitentia,
2667 1971 2920 2026 aderunt
2969 1972 3042 2026 ad
3077 1994 3104 2022 ‹‹
3137 1975 3541 2041 vocationem;
3578 1995 3605 2022 »
3642 1975 3752 2028 hoc

2099 2061 2258 2116 enim
2289 2061 2401 2115 sibi
2433 2061 2556 2114 vult
2585 2057 3029 2134 παρακληθῆναι.
3084 2063 3506 2117 Ρωηίιθοιίιιω
3559 2069 3758 2118 autem

2097 2150 2212 2206 duo
2258 2153 2397 2204 sunt
2440 2149 2714 2204 ordines:
2767 2166 3019 2221 quorum
3051 2150 3222 2218 alter,
3275 2151 3376 2222 qui
3409 2151 3598 2206 multo
3629 2152 3752 2207 fre-

2098 2238 2377 2309 quentior
2407 2243 2516 2306 est,
2548 2237 2760 2291 timore
2791 2255 2980 2309 pcenaa
3001 2238 3173 2293 factis
3201 2239 3323 2294 suis
3348 2239 3561 2293 debita;
3585 2239 3754 2294 duci-

2099 2333 2227 2393 tur;
2261 2327 2412 2382 alter
2438 2341 2593 2389 vero,
2628 2325 2730 2395 qui
2761 2326 2948 2397 magis
2980 2331 3070 2380 est
3099 2327 3441 2398 singularis,
3475 2343 3546 2380 ex
3581 2345 3754 2383 cons-

2100 2415 2321 2471 cientia
2344 2414 2634 2468 factorum
2673 2413 2931 2467 afﬁcitur
2961 2414 3196 2469 interna
3225 2415 3439 2468 animae
3471 2431 3756 2471 verecun-

2101 2503 2219 2557 dia.
2285 2503 2412 2556 Sive
2469 2501 2648 2572 igitur
2705 2502 2817 2554 hoc
2878 2501 3072 2567 modo,
3133 2503 3251 2557 sive
3307 2501 3410 2556 illo
3469 2504 3755 2573 pceniteat

2101 2589 2612 2662 (quandoquidem
2644 2588 2847 2643 nullus
2878 2589 3045 2643 locus
3079 2591 3179 2644 Dei
3213 2591 3624 2646 misericordia
3658 2609 3758 2648 va-

2103 2696 2247 2734 cuus
2278 2678 2636 2746 est),rursus
2663 2677 2843 2731 dicit:
2879 2699 2906 2725 «
2939 2679 3099 2732 Beati
3132 2678 3568 2747 misericordes,
3601 2699 3754 2752 quo-

2103 2767 2264 2822 niam
2296 2767 2409 2838 ipsi
2453 2766 2923 2821 misericordiam
2964 2773 3430 2838 consequentur,
3467 2791 3495 2818 »
3530 2771 3758 2825 Miseri-

2104 2856 2306 2912 cordia
2330 2860 2528 2910 autem
2551 2872 2672 2910 non
2698 2861 2806 2927 est,
2838 2862 2904 2910 ut
2925 2857 3342 2912 existimarunt
3364 2858 3605 2928 quidam
3629 2861 3753 2931 phi-

2102 2944 2357 3016 losophi,
2413 2943 2583 2998 dolor
2623 2949 2867 3016 propter
2915 2945 3140 3001 alienas
3173 2946 3564 3015 calamitates,
3603 2949 3758 3004 210

2106 3034 2210 3089 sed
2242 3039 2333 3088 est
2362 3034 2559 3105 potius
2591 3034 2815 3088 bonum
2849 3035 3011 3105 quid,
3045 3041 3111 3089 ut
3153 3036 3361 3091 dicunt
3408 3037 3711 3108 prophetae
3743 3055 3756 3094 :

337 3092 437 3195 γὰρ
496 3119 654 3182 νόσος
708 3117 797 3172 καὶ
849 3119 1035 3187 τοῦτο)
1092 3092 1940 3193 έξυπηρετῆσαιτῆιπροαιρέσει
1975 3168 1988 3192 ,

2107 3146 2133 3172 ‹‹
2164 3122 2650 3189 Misericordiam,
2681 3141 2706 3171 ιο
2765 3122 2978 3192 inquit,
3020 3145 3045 3174 σι
3076 3125 3226 3190 volo,
3269 3131 3327 3178 et
3356 3142 3477 3180 non
3532 3128 3763 3183 sacriﬁ-

339 3208 419 3285 é'p’
451 3205 522 3261 ὧν
557 3207 881 3281 ὁρμώμεθα,
944 3208 1020 3280 μὴ
1072 3204 1389 3275 δυνηθέντες
1445 3206 1532 3262 ἐπὶ
1588 3206 1746 3270 τέλος
1773 3208 1987 3284 ἀγαγεῖν

337 3298 366 3351 ’ὀ
404 3292 808 3371 βεϐουλήμεθα.
841 3297 955 3364 Τῆς
988 3294 1156 3364 αὐτῆς
1187 3298 1356 3368 τιμῆς
1397 3294 1686 3372 μετέχουσι
1736 3303 1855 3360 τοῖς
1898 3297 1989 3353 δυ-

337 3388 580 3456 νηθεῖσιν
621 3386 671 3440 οἱ
726 3380 1151 3462 βεϐουλημένοι.
1187 3385 1260 3438 ὢν
1314 3386 1349 3455 ἠ
1381 3385 1696 3462 προαίρεσις
1722 3384 1844 3457 ’ίση,
1895 3387 1992 3442 κ’ὰν

338 3474 738 3529 πλεονεκτῶσιν
795 3470 973 3549 ἕτεροι
1036 3477 1105 3547 τῇ
1165 3473 1496 3550 περιουσίᾳ.
1556 3475 1712 3529 Ἐπεὶ
1771 3474 1828 3530 δὲ
1881 3481 1989 3532 τῶν

341 3562 658 3638 ἀπαγόντων
710 3563 786 3626 εἰς
831 3565 929 3633 τὴν
978 3562 1262 3618 τελείωσιν
1303 3570 1404 3632 τῆς
1437 3563 1710 3639 σωτηρίας
1741 3562 1860 3619 ὁδοὶ
1905 3566 1992 3620 εὖ·

345 3652 616 3726 ρίσκονται
666 3649 804 3723 δύο,
861 3649 996 3726 ἔργα
1049 3652 1138 3706 καὶ
1195 3656 1433 3728 γνῶσις,
1497 3652 1800 3728 μακαρίους
1850 3654 1994 3709 εἶπεν

347 3738 543 3802 «τοὺς
601 3738 869 3813 καθαροὺς
927 3739 1026 3808 τήν
1085 3736 1309 3814 καρδίαν
1366 3741 1503 3813 (15),
1562 3742 1646 3795 ὅτι
1699 3741 1854 3797 αὐτοὶ
1900 3743 1990 3798 τὸν

348 3829 477 3884 Θεὸν
529 3825 772 3902 ὄψονται.
821 3849 852 3882 »
906 3827 1008 3882 Κᾶν
1057 3831 1137 3899 τῷ
1189 3822 1304 3882 ὄντι
1333 3827 1395 3882 τὸ
1444 3829 1646 3899 ἀληθὲς
1679 3836 1992 3904 σκοπῶμεν,

347 3919 382 3987 ἡ
415 3923 615 3994 γνῶσις
674 3922 760 3973 ςοῦ
799 3920 1136 3993 ἡγεμονικοῦ
1182 3923 1282 3986 τῆς
1333 3919 1520 3995 ψυχῆς
1565 3919 1820 3994 κάθαρσίς
1861 3921 1972 3976 ἐστι

417 4055 480 4117 ᾖ(
505 4050 566 4102 Ρ.
600 4049 702 4103 581
736 4049 848 4102 ΕΙ).
881 4047 1175 4112 POTTER,
1207 4045 1450 4099 489-490
1479 4047 1589 4100 ED.
1623 4048 1850 4106 PARIS.
1927 4004 1993 4117 (αἶ

421 4167 496 4234 (5)
531 4162 955 4234 Δεσμωτηρίων.
1008 4157 1422 4233 Δεσμωτηρίου,
1467 4163 1689 4220 Theod.
1741 4168 1888 4234 Mox,
1921 4165 1998 4228 εἷς

347 4236 444 4301 τὴν
479 4235 668 4307 καθαρς
705 4235 892 4307 Plato.

424 4308 500 4377 (6)
552 4302 792 4360 Τούτων.
853 4306 987 4359 Haec
1045 4321 1132 4371 ea,
1193 4321 1323 4374 qum
1364 4305 1492 4376 jam
1549 4305 1788 4362 laudata
1836 4314 1998 4376 sunt,

355 4382 707 4448 sequuntur.

427 4445 505 4519 (7)
538 4447 623 4521 Ἐν
654 4466 709 4521 φ.
745 4445 830 4501 Ἐν
866 4463 899 4501 a
944 4446 1190 4521 Platone
1223 4447 1392 4521 abest
1423 4464 1436 4502 :
1488 4448 1644 4521 apud
1676 4466 1852 4521 quem
1883 4451 2000 4504 ἱκα-

354 4513 443 4594 νόν
475 4513 580 4589 pro
611 4513 834 4594 ἱκανῶς,
885 4524 944 4572 et
989 4517 1063 4578 εἰς
1107 4516 1198 4570 τὸν
1229 4513 1639 4594 ἕπειταχρόνον
1672 4513 1775 4592 pro
1809 4520 1884 4583 εἰς
1915 4522 2008 4576 τὸν

356 4588 576 4677 ἅπαντῇ
597 4588 1036 4677 χρό’νονῖεΞΧδῐᾶῐῖ

428 4665 499 4731 (8)
536 4660 765 4720 Κάἷέἰς.
801 4663 933 4716 Haec
965 4662 1142 4716 etiam
1175 4660 1303 4715 loco
1337 4663 1611 4732 superius
1652 4663 1829 4731 dicto,
1887 4671 2005 4720 tam

358 4733 514 4804 apud
527 4735 958 4804 Theodoretum
975 4750 1153 4804 quam
1167 4732 1322 4804 apud
1338 4734 1645 4804 Platonem
1663 4744 2004 4794 occurrunt.

430 4807 498 4874 (9|
525 4801 665 4858 Οὐδὲ
693 4801 825 4877 ρηδ.
845 4799 1011 4877 Αούδέῖ
1039 4801 1178 4858 Οὔτε
1289 4799 1337 4858 δ.
1372 4800 1514 4875 οὕτε,
1550 4806 1898 4862 Theodoret.

430 4871 540 4949 (18)
566 4871 1118 4949 Παρακληθήσονται.
1153 4871 1273 4931 Hoc
1306 4881 1416 4940 est,
1449 4871 1520 4931 ei
1552 4879 1850 4932 sententia
1879 4879 2010 4934 Cle-

359 4947 598 5008 mentis,
637 4947 662 4996 ‹ὶ
696 4947 1158 5003 advocabuntur.
1193 4969 1220 4998 »

432 5022 542 5088 (11)
597 5016 712 5072 Εἶτ’
761 5015 850 5070 οὖν
895 5059 907 5071 .
950 5060 962 5071 .
1013 5061 1024 5071 .
1077 5014 1492 5087 ἐλεηθήσονται.
1545 5019 1678 5073 Haac
1722 5019 1896 5074 nobis
1927 5022 2012 5076 sic

362 5089 726 5162 distinguere
773 5095 830 5144 et
873 5089 1403 5162 explicareivisum
1427 5095 1536 5154 est,
1571 5092 1898 5162 proutjam
1949 5110 2011 5148 se

362 5160 584 5215 habent
608 5178 620 5214 :
649 5179 778 5232 qua)
799 5161 1027 5231 priores
1060 5160 1351 5232 editiones
1382 5162 1492 5232 hoc
1513 5160 1913 5232 n10do__Gra2ce
1944 5181 2013 5220 ac

364 5233 566 5287 Latine
614 5228 1046 5300 eihibuerunt:
1095 5229 1205 5284 Εἶτ’
1256 5229 1346 5283 οὖν
1384 5231 1630 5300 ἐνταῦθα,
1660 5228 1764 5285 εἷ’τε
1792 5233 1884 5287 καί
1914 5234 2011 5289 ἀλ-

362 5301 534 5378 λαχῆ,
572 5301 683 5356 ἐπεὶ
734 5299 952 5378 μηδεὶς-
977 5300 1145 5378 τόπος
1194 5302 1354 5378 ᾁργὸς
1384 5299 1627 5378 εὐποιίας
1658 5307 1810 5378 Θεοῦ·
1844 5304 2010 5359 πάλιν

363 5371 545 5450 φησίν,
592 5377 864 5450 Μακάριοι
895 5373 958 5450 -οἱ
1007 5371 1087 5427 έλ.
1142 5397 1168 5422 α
1198 5371 1324 5450 Sive
1357 5391 1492 5450 ergo
1527 5375 1640 5450 hio,
1676 5376 1793 5450 sive
1825 5378 1966 5432 alibi
1998 5395 2010 5433 :

365 5445 644 5517 quoniam
671 5447 872 5501 nullus
895 5445 1060 5500 locus
1091 5453 1256 5517 vacat
1287 5447 1386 5501 Dei
1415 5445 1842 5504 misericordia.
1871 5452 2016 5506 Rur-

368 5516 465 5573 sus
492 5520 673 5574 dicit:
710 5542 735 5568 α
771 5518 932 5572 Beati
966 5516 1405 5584 misericordes,
1441 5519 1724 5589 quoniam
1757 5521 1869 5591 ipsi
1904 5523 2014 5577 mi-

370 5609 397 5638 ‹‹
429 5591 812 5647 sericordiam
848 5595 1310 5659 consequentur.
1344 5612 1373 5638 ››

438 5661 548 5732 (12)
578 5661 726 5723 Τινὲς
774 5665 882 5716 τῶν
932 5656 1271 5738 φιλοσόφων.
1324 5661 1549 5717 Stoicos
1580 5661 1879 5736 intelligit,
1913 5665 2014 5736 qui

1927 4051 2001 4121 (α)
2032 4052 2232 4106 Matth.
2266 4068 2317 4119 v,
2351 4054 2403 4117 4,
2438 4056 2489 4106 7.

2102 3212 2259 3267 cium
2289 3210 2384 3282 (b).
2414 3231 2442 3260 »
2478 3211 2884 3265 Misericordes
2933 3217 3132 3265 autem
3173 3219 3359 3276 vocat,
3396 3231 3516 3269 non
3564 3217 3760 3271 solum

2103 3316 2203 3354 eos
2234 3299 2334 3370 qui
2365 3299 2591 3352 faciunt
2619 3316 2798 3369 opera
2827 3299 3270 3368 misericordiae,
3306 3302 3408 3356 sed
3441 3304 3621 3358 etiam
3655 3306 3759 3376 qui

2102 3388 2374 3444 misereri
2405 3387 2628 3457 volunt,
2662 3388 2770 3443 etsi
2798 3405 2920 3443 non
2949 3388 3218 3460 possint;
3267 3389 3482 3459 quibus
3532 3393 3760 3448 scilicet

2104 3478 2271 3532 adest
2326 3476 2612 3548 operandi
2667 3478 3055 3548 propositum.
3109 3479 3546 3548 Nonnunquam
3596 3483 3755 3535 enim

2102 3566 2375 3621 volumus
2430 3564 2520 3619 vel
2553 3565 2746 3620 dando
2777 3567 3112 3636 pecuniam,
3145 3566 3235 3621 vel
3269 3583 3616 3637 corpoream
3663 3570 3763 3624 ad-

2104 3654 2364 3709 hibendo
2422 3669 2686 3725 operam,
2744 3653 2941 3708 facere
2994 3653 3485 3722 misericordiam,
3551 3662 3755 3728 utpote

2105 3744 2299 3816 egenti
2359 3759 2532 3814 opem
2588 3743 2765 3811 ferre,
2814 3744 2909 3798 vel
2955 3745 3262 3815 aegrotanti
3297 3744 3601 3814 inservire,
3663 3746 3756 3801 vel

2103 3833 2248 3898 -X<ei
2306 3832 2534 3899 adesse,
2595 3832 2697 3902 qui
2752 3837 2843 3887 est
2886 3833 2946 3886 in
2995 3833 3196 3902 aliqua
3227 3833 3584 3901 calamitate,
3646 3851 3758 3889 nec

2105 3939 2443 3995 possumus,
2477 3922 2567 3977 vel
2597 3927 2838 3994 propter
2876 3928 3310 3994 paupertatem,
3344 3924 3434 3978 vel
3466 3925 3760 3995 morbum,

2567 4051 2642 4123 (b)
2676 4052 2772 4106 Os.
2807 4055 2880 4117 vi,
2912 4054 2982 4118 6;
3016 4051 3215 4105 Matth.
3252 4069 3328 4107 ιχ.
3365 4053 3427 4105 13
3455 4069 3468 4117 ;
3501 4070 3604 4116 x11,
3639 4058 3690 4106 7.

2109 4168 2405 4230 dicebant.
2440 4165 2785 4240 Λῦπηνγεῖναι
2821 4165 3088 4234 συστολὴν
3141 4165 3369 4240 ἄλογον,
3423 4190 3451 4217 ‹‹
3485 4168 3761 4223 dolorum

2109 4257 2240 4294 esse
2275 4239 2745 4294 irrationabilem
2795 4239 3534 4310 animiwcontraCtionem:
3570 4261 3594 4286 »
3632 4241 3760 4310 ejus

2109 4317 2308 4382 autem
2330 4312 2958 4382 speciemprimariam
2974 4303 3150 4376 ἔλεον,
3176 4334 3202 4360 ‹‹
3231 4303 3761 4380 misericordiam,»

2111 4382 2246 4435 εἶναι
2275 4379 2454 4450 λύπην
2489 4381 2564 4441 ὡς
2596 4379 2684 4435 ἐπὶ
2718 4381 2950 4450 ἀναξίως
2985 4382 3403 4449 κακοπαθοῦντι,
3441 4404 3468 4430 ‹‹
3497 4381 3763 4436 dolorem

2113 4460 2397 4524 tanquam
2427 4471 2604 4525 super
2635 4471 2724 4520 eo,
2758 4454 2858 4524 qui
2892 4453 3134 4521 indigne
3165 4454 3346 4508 miser
3377 4453 3485 4508 sit:
3517 4476 3543 4501 ››
3576 4458 3642 4525 ut
3667 4469 3765 4507 re-

2117 4526 2231 4580 fert
2287 4525 2349 4597 in
2411 4524 2620 4579 Zenone
2675 4525 2959 4597 Laertius,
2991 4596 2994 4597 ν
3026 4525 3129 4578 lib.
3165 4542 3286 4597 vn,
3314 4541 3429 4597 seg.
3480 4527 3530 4578 3.
3565 4524 3766 4597 Cicero

2124 4596 2339 4651 Tuscul.
2395 4603 2592 4666 quaest.
2644 4596 2746 4650 lib.
2800 4613 2894 4649 iv:
2930 4596 3331 4651 Misericordia
3363 4595 3452 4650 est
3480 4595 3766 4664 aegritudo

2118 4685 2186 4722 ex
2219 4667 2463 4722 miseria
2510 4667 2753 4722 alterius
2805 4667 3027 4737 injuria
3071 4667 3416 4722 laborantis.
3450 4689 3477 4716 n
3514 4667 3768 4721 Proinde

2116 4738 2609 4802 misericordiam,
2643 4744 2707 4792 ut
2736 4738 3000 4808 reliquos
3045 4739 3224 4793 etiam
3259 4741 3504 4794 affectus
3537 4755 3766 4804 omnes,

2119 4810 2369 4881 sapienti
2392 4810 2514 4882 viro
2538 4810 2843 4882 indignam
2866 4810 3220 4880 judicabant
3244 4827 3259 4882 ι
3283 4815 3348 4863 ut
3377 4810 3557 4864 refert
3587 4811 3767 4882 Laer-

2119 4882 2234 4935 tius
2267 4881 2534 4951 ejusdem
2567 4881 2703 4935 libri
2739 4883 2986 4952 seg.123.
3024 4882 3169 4935 Hinc
3201 4881 3349 4936 illud
3381 4881 3681 4936 Ciceronis
3708 4883 3770 4936 in

2120 4952 2384 5006 oratione
2425 4971 2445 4998 ε
2470 4969 2576 5023 pro
2601 4953 2658 5006 L.
2695 4954 2955 5021 Murena,
2991 4975 3017 5001 »
3049 4953 3207 5006 inter
3232 4960 3496 5018 caeteras,
3517 4969 3664 5023 quas
3689 4953 3769 5006 ibi

2120 5028 2428 5086 memorat,
2460 5024 2709 5078 Zenonis
2731 5024 3096 5079 sententias:
3131 5046 3159 5073 «
3194 5025 3500 5080 Neminem
3528 5025 3769 5079 miseri-

2121 5093 2360 5150 cordem
2390 5110 2540 5160 esse,
2575 5094 2689 5149 nisi
2724 5094 2991 5150 stultum.
3028 5115 3056 5144 ››
3750 5102 3756 5108 ·

2193 5166 2305 5235 (13(
2335 5163 2576 5237 Ἀστεῖόν
2607 5185 2679 5218 τι.
2700 5167 3012 5237 interpres
3042 5166 3264 5221 mavult
3293 5165 3434 5219 θεῖόν
3466 5186 3538 5234 τι,
3573 5187 3600 5215 ‹‹
3635 5166 3774 5219 divi-

2124 5252 2266 5291 num
2308 5236 2494 5310 quid._
2524 5258 2552 5286 »
2605 5235 2975 5310 Sedia‘oﬁ'iiov
3026 5255 3132 5309 pro
3165 5260 3193 5286 «
3228 5238 3480 5310 eleganti
3515 5241 3572 5290 et
3601 5259 3628 5285 «
3661 5237 3773 5290 hu-

2122 5324 2298 5363 mano
2330 5329 2357 5356 »
2388 5307 2655 5375 retineri,
2693 5309 2842 5363 nihil
2870 5307 3045 5364 vetat:
3079 5307 3351 5364 SYLnunc'.

2193 5381 2304 5450 (14)
2365 5376 2561 5434 Ἕλεον
2729 5421 2740 5432 .
2801 5379 2964 5443 θέλω,
3026 5380 3116 5433 καὶ
3175 5379 3236 5431 οὐ
3289 5381 3337 5431 0.
3395 5375 3593 5450 Ἔλεος
3627 5373 3771 5450 θέλω

2122 5447 2157 5518 ἢ
2192 5447 2308 5512 θυσ.
2338 5451 2432 5506 Os.
2468 5468 2538 5516 v1,
2573 5453 2624 5504 6.
2650 5452 2864 5506 Verum
2897 5452 3192 5518 Clemens,
3225 5449 3494 5520 quamvis
3525 5449 3776 5519 prophe«

2124 5527 2245 5578 tam
2278 5522 2499 5592 laudet,
2533 5523 2802 5595 sequitur
2834 5524 3027 5595 potius
3058 5521 3361 5595 Maitth,_1x,
3398 5523 3498 5586 t3;
3532 5536 3630 5590 χιι,
3665 5524 3715 5575 7.

2193 5597 2308 5664 (15)
2336 5594 2442 5662 Τὴν
2478 5589 2718 5668 καρδίαν.
2751 5589 3075 5669 Τῇᾞιαρδίᾳ.
3108 5591 3312 5659 Matth,
