4004 6144
275 236 426 298 1253

1613 241 2062 298 BTROMATUM
2101 240 2234 294 LIB.
2272 239 2367 293 IV.

3556 239 3696 300 1251

279 395 306 423 ‹‹
342 367 644 441 Μακάριοι,
680 391 702 424 ι
739 367 928 445 φησὶν,
961 389 990 420 ‹‹
1021 367 1074 422 οἱ
1090 363 1446 444 δεδιωγμένοι
1479 369 1580 424 ὑπὸ
1601 375 1701 438 τῆς
1725 365 1936 422 δικαιο-

2059 368 2283 424 :ificum
2317 389 2345 416 »
2378 365 2528 421 illud
2559 371 2753 422 servat
2783 366 3173 437 immutabile,
3225 374 3609 444 sanctamque
3641 381 3699 432 et

277 459 443 529 σύνης
479 461 608 531 (21)’
643 457 725 512 ὅτι
755 457 908 513 αὐτοὶ
957 453 1168 512 ἔσονται
1199 456 1424 513 τέλειον
1456 480 1484 508 ››
1534 457 1648 530 καὶ,
1681 480 1710 509 ‹‹
1743 457 1939 515 Μακά-

279 569 392 626 ριοι
450 547 501 602 οἱ
558 543 913 620 δεδιωγμένοι
973 542 1126 601 ἕνεκα
1185 544 1340 619 ἐμοῦ’
1397 543 1480 601 ὅτι
1525 545 1699 618 ἕξουσι
1738 544 1932 615 τόπον,

277 637 419 693 ὅπου
477 635 540 690 οὐ
603 634 1031 710 διωχθήσονται·
1086 657 1114 686 ››
1144 635 1259 705 καὶ,
1291 659 1320 686 ‹‹
1351 635 1624 712 Μακάριοί
1657 633 1776 690 ἐστε
1806 635 1930 688 ὅταν

281 729 334 783 οἱ
368 727 642 801 ἅνθρωποι
697 725 1003 797 μισήσωσιν
1055 726 1169 797 (22)
1211 724 1374 797 ὑμᾶς,
1436 749 1464 775 ‹‹
1497 723 1624 778 ὅταν
1657 723 1932 802 ἀφορίσωσ

277 839 384 886 σιν,
419 817 548 870 ὅταν
580 809 852 869 ἐκϐάλωσι
896 815 959 868 τὸ
991 809 1162 888 ὄνομα
1192 815 1348 888 ὑμῶν
1399 815 1474 876 ὡς
1507 815 1771 888 πονηρὸν,
1821 810 1935 868 ἓνε-

274 927 344 962 κα
373 909 472 960 τοῦ
517 905 646 958 Υἱοῦ
693 902 1003 980 ἀνθρώπου⁸
1053 923 1078 955 ι
1135 902 1222 957 ἐὰν
1269 905 1345 976 μή
1383 901 1804 979 βδελυσσώμεθα
1835 899 1934 972 δη-

278 994 466 1052 λονότι
495 992 624 1057 τοὺς
651 990 970 1061 διώκοντας,
1000 991 1090 1046 καὶ
1128 993 1487 1066 ὑπομένωμεν
1531 992 1629 1055 τὰς
1669 992 1796 1066 παρ’
1829 990 1933 1046 αὐ-

275 1089 386 1140 τῶν
417 1081 714 1156 τιμωρίας,
751 1082 828 1154 μή
881 1085 1161 1154 μισοῦντες
1192 1081 1386 1143 αὐτοὺς
1424 1079 1646 1156 βράδιον
1679 1082 1713 1152 ἢ
1764 1101 1935 1157 προσ-

278 1171 617 1244 εδοκήσαμεν
669 1176 1024 1246 πεπειρᾶσθαι
1077 1167 1484 1244 διανοούμενοι·
1531 1168 1679 1226 ἀλλά
1716 1170 1934 1224 κάκεῖνο

276 1263 653 1338 γινώσκοντες,
705 1259 975 1338 πρόφασιν
1023 1259 1158 1315 εἶναι
1214 1260 1514 1334 μαρτυρίου
1549 1260 1642 1316 τὸν
1695 1259 1936 1314 ὁντινοῦν

281 1351 583 1428 πειρασμόν
595 1394 608 1408 .

2046 457 2358 512 honestam
2392 472 2608 510 vocans
2658 455 3096 510 Providentiam
3125 473 3220 512 res
3271 459 3698 518 administran-

2045 551 2187 613 tem,
2238 546 2431 618 posita
2470 545 2533 599 in
2580 561 2781 600 rerum
2828 545 3160 600 divinarum
3211 551 3270 601 et
3298 549 3695 610 humanarum

2045 635 2315 700 scientia,
2347 651 2454 705 per
2480 650 2659 704 quam
2690 650 2810 701 eas,
2845 649 2974 704 quae
2999 639 3140 688 sunt
3160 634 3219 688 in
3251 639 3492 706 mundo,
3527 658 3698 712 repu-

2045 724 2343 796 gnantias,
2378 723 2696 778 creationis
2727 722 3192 794 pulcherrimam
3226 726 3526 782 existimat
3556 731 3691 785 har-

2045 814 2309 869 moniam
2342 829 2409 867 ac
2441 811 2844 868 concordiam.
2889 833 2916 860 «
2950 812 3273 868 Paciﬁcant
3303 835 3332 864 »
3361 817 3561 882 etiam,
3595 820 3696 889 qui

2046 904 2292 958 monitis
2334 902 2457 957 suis
2509 901 2582 956 ad
2610 901 2786 956 fidem
2819 916 3145 972 pacemque
3179 903 3544 960 transferunt
3574 923 3695 979 eos,

2046 1010 2196 1064 quos
2229 991 2454 1064 peccati
2486 996 2903 1063 stratagemata
2934 990 3030 1045 hic
3061 1001 3562 1064 Oppugnaverant.
3589 1000 3694 1052 To-

2045 1083 2163 1138 tius
2192 1087 2394 1138 autem
2424 1080 2656 1135 virtutis
2688 1095 2922 1134 summa
2952 1085 3060 1146 est,
3097 1086 3162 1135 ut
3182 1083 3476 1153 existimo,
3502 1086 3695 1140 Domi-

2045 1189 2180 1238 nus,
2231 1171 2450 1225 docens
2496 1174 2768 1241 oportere
2809 1185 2919 1223 nos
2965 1175 3208 1240 propter
3237 1172 3586 1229 charitatem
3633 1177 3692 1231 in

2046 1263 2232 1317 Deum
2261 1259 2527 1332 gnostice
2559 1263 2810 1312 mortem
2840 1262 3236 1314 contemnere.
3277 1280 3305 1310 «
3339 1262 3518 1329 Beati,
3553 1285 3581 1313 ››
3603 1265 3697 1319 in-

2049 1350 2199 1421 quit,
2233 1369 2261 1398 »
2293 1348 2358 1410 >X<
2389 1347 2490 1418 qui
2512 1347 2992 1418 persecutionem
3015 1348 3322 1418 patiuntur
3340 1353 3693 1424 prOpterju-

278 1444 524 1512 stitiam,
557 1441 840 1513 quoniam
873 1441 985 1514 ipsi
1017 1440 1126 1496 ﬁlii
1157 1441 1259 1497 Dei
1289 1441 1658 1498 vocabuntur
1688 1441 1761 1514 (α)
1789 1457 1802 1494 :
1837 1463 1864 1491 »
1896 1440 2008 1509 vel,
2039 1445 2107 1494 ut
2136 1436 2411 1492 nonnulli
2452 1453 2520 1490 ex
2575 1435 2668 1502 iis,
2727 1435 2828 1507 qui
2878 1435 3192 1507 Evangelia
3250 1443 3648 1511 transponunt
3680 1459 3693 1497 :

283 1556 306 1583 ι
347 1533 529 1603 Beati,
565 1553 593 1582 »
626 1531 839 1602 inquit,
879 1552 906 1584 ιι
935 1547 1084 1602 quos
1110 1532 1491 1604 persequitur
1511 1531 1768 1604 justitia,
1795 1531 2079 1601 quoniam
2111 1527 2225 1600 ipsi
2258 1531 2432 1582 erunt
2461 1524 2706 1597 perfecti
2734 1541 2748 1592 ;
2784 1547 2812 1574 υ
2871 1529 2930 1579 et
2963 1541 2976 1578 :
3005 1547 3032 1573 «
3067 1527 3226 1581 Beati
3265 1528 3366 1598 qui
3424 1547 3698 1600 persecu-

280 1623 508 1678 tionem
539 1621 849 1694 patiuntur
870 1626 1111 1692 propter
1138 1637 1255 1689 me,
1306 1621 1590 1692 quoniam
1621 1621 1822 1676 locum
1862 1619 2186 1686 habebunt,
2220 1616 2293 1671 ad
2325 1631 2503 1686 quem
2552 1630 2673 1668 non
2728 1614 3032 1685 perveniet
3078 1618 3450 1686 persecutio;
3507 1640 3535 1669 ι»
3590 1626 3649 1674 et
3682 1637 3695 1675 :

283 1734 312 1763 «
349 1711 509 1766 Beati
542 1711 703 1778 estis,
739 1710 976 1781 quando
1008 1727 1106 1766 vos
1165 1711 1438 1765 homines
1497 1710 1633 1765 odio
1691 1709 2030 1777 habuerint,
2063 1705 2300 1778 quando
2333 1703 2875 1769 exterminaverint,
2909 1703 3145 1774 quando
3178 1721 3397 1760 nomen
3437 1713 3695 1764 vestrum

281 1807 348 1856 ut
377 1801 732 1857 sceleratum
765 1799 1178 1871 expunxerint,
1213 1805 1453 1872 propter
1480 1799 1695 1854 Filium
1726 1798 1986 1853 hominis
2015 1799 2091 1869 (ὁ)
2129 1813 2141 1863 ;
2179 1818 2206 1844 ››
2256 1795 2304 1849 si
2337 1810 2437 1849 eos
2469 1792 2762 1860 videlicet,
2795 1792 2897 1862 qui
2935 1809 3042 1847 nos
3083 1801 3545 1866 persequuntur,
3577 1815 3697 1854 non

282 1890 717 1957 abominemur,
754 1895 812 1944 et
842 1889 1261 1956 sustineamus,
1296 1906 1428 1960 quae
1460 1889 1532 1944 ab
1565 1890 1652 1944 eis
1680 1888 2052 1960 inﬂiguntur,
2108 1883 2433 1956 supplicia;
2465 1898 2659 1952 neque
2687 1898 2786 1936 eos
2816 1882 2952 1936 odio
2983 1882 3327 1951 habeamus,
3370 1886 3694 1958 cogitantes

287 1997 398 2034 nos
429 1997 556 2034 esse
586 1984 844 2034 tentatos
874 1978 1101 2034 tardius
1134 1993 1314 2049 quam
1345 1979 1823 2051 expectavimus;
1857 1977 1961 2034 sed
1991 1974 2140 2032 illud
2180 1973 2377 2046 potius
2406 1976 2773 2044 reputantes,
2803 1971 2962 2041 quod
3021 1973 3285 2043 martyrii
3342 1975 3572 2031 occasio
3623 1977 3702 2032 sit

291 2069 514 2141 quaevis
544 2068 811 2125 tentatio.

1802 2189 2032 2250 CAPUT
2073 2185 2194 2248 VII.

1242 2295 1434 2351 Beatos
1463 2311 1570 2352 esse
1599 2297 1697 2366 qui
1730 2295 1825 2351 Dei
1853 2309 2020 2350 causa
2047 2295 2372 2364 sanguinem
2393 2287 2765 2363 profundunt.

360 2417 493 2470 Εἶτα
572 2417 600 2472 6
686 2418 780 2491 μὶν
848 2419 1206 2493 ψευσάμενος,
1291 2420 1382 2476 καὶ
1456 2422 1640 2476 ἑαυτὸν
1719 2422 1944 2475 ἅπιστον

2125 2417 2374 2486 Deinde,
2431 2412 2532 2488 qui
2592 2409 2876 2471 mentitus
2922 2409 3163 2487 quidem
3205 2416 3312 2485 est,
3348 2423 3405 2472 et
3434 2411 3696 2489 seipsum

293 2501 489 2576 δειξας,
521 2506 610 2561 καὶ
676 2509 938 2580 μεταστὰς
976 2508 1054 2571 είς
1082 2511 1182 2580 τήν
1213 2514 1311 2566 τοῦ
1342 2506 1608 2566 διαϐόλου
1637 2508 1937 2584 στρατείαν,

290 2593 342 2648 ἐν
372 2594 502 2665 τίνι,
535 2593 783 2668 οῗόμεθα,
814 2597 925 2652 ἐστὶ
956 2603 1144 2671 κακῷ;
1173 2597 1427 2672 ψεύδεται
1455 2599 1634 2655 τοίνυν
1683 2599 1774 2652 τὸν
1827 2595 1940 2652 Κύ-

287 2703 428 2756 ριον,
465 2684 683 2756 μᾶλλον
717 2683 773 2741 δὲ
799 2687 898 2754 τήν
924 2688 1116 2741 ἑαυτοῦ
1148 2685 1454 2760 διέψευσται
1487 2683 1705 2756 ἐλπίδα,
1758 2687 1817 2746 ὃς
1879 2684 1940 2739 οὗ

287 2772 529 2826 πιστεύει
578 2777 661 2843 τῷ
711 2778 849 2844 Θεῷ·
903 2773 966 2828 οὗ
1013 2773 1253 2828 πιστεύει
1290 2773 1347 2828 δὶ
1373 2775 1401 2828 6
1436 2776 1512 2846 μή
1544 2777 1720 2828 ποιῶν
1751 2771 1784 2827 ἂ
1829 2769 1945 2826 ἐνε-

287 2860 536 2916 τείλατο.
569 2860 639 2916 ’[’ί
671 2858 766 2929 δὲ;
811 2860 924 2934 οὐχ
981 2861 1167 2914 ἑαυτὸν
1225 2859 1489 2937 ἀρνεῖται,
1536 2863 1564 2916 6
1611 2860 1944 2936 ἀρνούμενος

291 2950 383 3004 τὸν
419 2947 652 3022 Κύριονς
686 2947 762 3005 Ού
790 2947 892 3023 γὰρ
941 2948 1252 3026 ἀφαιρεῖται
1278 2951 1379 3018 τῆς
1408 2949 1594 3023 κυρίας
1622 2950 1714 3004 τὸν
1751 2946 1944 3004 δεσπό-

290 3059 416 3108 την,
475 3038 504 3091 ’ὀ
559 3058 620 3112 γε
667 3038 754 3092 καὶ
818 3037 1111 3108 στερίσκων
1175 3037 1332 3093 αὐτὸν
1390 3046 1492 3109 τῆς
1545 3039 1683 3114 πρὸς
1739 3038 1942 3094 ἐκεῖνον

292 3125 654 3196 οἰκειότητος.
689 3127 750 3182 ’0
781 3126 961 3187 τοίνυν
991 3125 1324 3202 ἀρνούμενος
1353 3129 1445 3182 τὸν
1482 3134 1737 3203 Σωτῆρα,
1770 3128 1946 3202 ἀρνεῖ-

290 3237 376 3269 ται
408 3217 506 3285 τὴν
543 3217 709 3286 ζωήν·
745 3217 828 3270 ὅτι
878 3241 905 3267 ι(
943 3217 1056 3286 ζωή
1084 3216 1150 3286 ἦν
1178 3216 1240 3271 τὸ
1272 3221 1413 3294 φῶς,
1447 3241 1475 3268 ››
1522 3217 1946 3292 Ὁλιγοπίστους

289 3303 523 3365 τούτους
555 3304 617 3358 οὐ
652 3301 824 3379 λέγει,
883 3303 1010 3360 ἀλλ’
1053 3304 1314 3368 ἀπίστους
1362 3305 1452 3360 καὶ
1508 3307 1825 3381 ὑποκριτάς·
1883 3307 1946 3360 τὸ

295 3395 393 3467 μὶν
452 3389 628 3466 ὄνομα
680 3393 1205 3469 ὑπογεγραμμένους
1234 3398 1364 3469 (23),
1422 3395 1485 3450 τὸ
1552 3392 1610 3450 δὲ
1666 3396 1800 3450 εἶναι
1853 3415 1946 3449 πι-

294 3482 456 3545 στοὺς
486 3484 873 3558 ἀρνουμένους.
911 3485 1104 3547 Πιστὸς
1132 3482 1189 3540 δὲ
1220 3485 1454 3560 εἴρηται,
1489 3487 1579 3541 καὶ
1611 3483 1830 3555 δοῦλος,
1857 3487 1947 3540 καὶ

297 3571 481 3649 φίλος.
511 3573 671 3627 Ὥστε
701 3571 849 3634 εἶ’τις
880 3573 1068 3628 ἑαυτὸν
1099 3574 1298 3650 ἀγαπᾷ,
1347 3576 1530 3650 ἀγαπᾷ
1578 3575 1671 3630 τὸν
1726 3573 1946 3650 Κύριον,

295 3662 385 3718 καὶ
417 3662 683 3739 ὁμολογεῖ
709 3665 811 3733 τὴν
844 3664 1116 3740 σωτηρίαν
1151 3668 1284 3739 (24),
1309 3663 1401 3720 ’ίνα
1429 3666 1578 3740 σώσῃ
1604 3668 1704 3736 τὴν
1737 3667 1946 3741 ψυχὴν.

307 3752 404 3806 Καί
434 3773 519 3807 τοι
546 3749 642 3806 κᾶν
679 3753 1095 3826 ὑπεραποθάνῃς
1127 3756 1236 3826 (25)
1282 3759 1380 3808 τοῦ
1408 3752 1645 3825 πλησίον
1697 3752 1769 3808 δι’
1816 3754 1949 3830 ἀγά-

302 3862 435 3912 πην,
467 3841 706 3911 πλησίον
739 3841 795 3896 δὲ
838 3843 1000 3915 ἡμῶν
1028 3843 1120 3896 τὸν
1156 3848 1391 3918 Σωτῆρα
1423 3839 1708 3918 ὑπολάϐῃς
1737 3849 1789 3914 (‹‹
1822 3844 1950 3906 Θεὸς

304 3931 408 4004 γὰρ
441 3931 662 4005 ἐγγίζων
694 3934 828 4004 (26),
861 3955 889 3982 »
923 3933 949 3985 6
981 3931 1170 4001 σώζων
1202 3931 1338 4006 πρὸς
1365 3931 1426 3986 τὸ
1466 3935 1775 4005 σωζόμενον
1828 3931 1948 3988 ἐλέ-

303 4021 462 4093 χθη),
533 4020 758 4084 θάνατον
836 4015 1096 4094 ἐλόμενος
1167 4017 1257 4074 διὰ
1323 4022 1491 4093 ζωὴν,
1558 4021 1648 4075 καὶ
1727 4026 1950 4077 σεαυτοῦ

307 4108 520 4180 μᾶλλον
550 4110 586 4179 ἢ
618 4107 826 4164 ἐκείνου
867 4107 1042 4164 ἕνεκεν
1075 4110 1282 4173 παθών.
1345 4109 1446 4164 Καὶ
1505 4111 1640 4183 μήτι
1670 4107 1759 4164 διὰ
1787 4115 1950 4166 τοῦτο

300 4194 535 4270 ἀδελφὸς
562 4195 770 4271 ε⁹ίρηται
806 4217 820 4265 ;
855 4198 882 4250 6
933 4195 1002 4251 δι’
1041 4198 1258 4272 ἀγάπην
1317 4199 1416 4267 τήν
1475 4198 1613 4266 πρὸς
1669 4200 1763 4255 τὸν
1820 4201 1948 4255 Θεὸν

300 4286 512 4352 παθὼν,
545 4282 633 4338 διά
669 4285 768 4354 τὴν
805 4282 940 4339 ἰδίαν
970 4281 1132 4350 ἔπαθε
1161 4287 1457 4359 σωτηρίαν,
1490 4287 1521 4342 6'
1549 4309 1607 4343 τε
1636 4287 1701 4343 αὖ
1733 4287 1822 4344 διά
1848 4291 1948 4358 τὴν

302 4370 440 4427 ἰδίαν
469 4373 826 4445 ἀποθνήσκων
854 4374 1154 4451 σωτηρίαν,
1196 4373 1285 4430 διὰ
1312 4378 1411 4446 τήν
1446 4377 1662 4450 ἀγάπην
1693 4378 1949 4452 ὑπομένει

371 4543 434 4607 ᾖ(
463 4538 526 4591 Ρ.
561 4538 664 4592 582
692 4539 806 4594 ED.
839 4539 1132 4607 POTTER,
1165 4541 1400 4596 49Οο494
1430 4543 1542 4595 ΕΙ).
1578 4543 1808 4597 PARIS.

374 4767 483 4838 (21)
536 4768 835 4845 ,Μακάρι-οι,
889 4767 1098 4843 φησὶν,
1157 4770 1211 4823 οἱ
1269 4767 1652 4845 δεδιωγμένοι,
1696 4771 1800 4826 ὑπὸ
1855 4779 1957 4840 τῆς

302 4834 672 4915 δικαιοσόνης.
703 4834 861 4915 :Hae'c
903 4834 1092 4915 'p'otes'
1127 4848 1378 4912 vertere,
1433 4834 1679 4911 (Beati,
1735 4834 1951 4915 inquit,

303 4912 402 4981 C111i
426 4913 905 4988 Persecutionem
931 4912 1240 4988 patiuntur
1261 4931 1378 4984 praa
1402 4915 1748 4988 justitiamel
1773 4912 1951 4988 pr0p4

303 4990 392 5036 ter
431 4983 769 5057 justitiam:
815 4983 960 5057 nam
1007 4984 1132 5049 ὑπὸ,
1167 4983 1302 5040 cum
1334 4983 1611 5057 gignendi
1643 4983 1806 5054 casu,
1865 4983 1950 5044 sic

303 4999 392 5036 ter
421 4999 769 5107 ίγυειιιιειῐηε
815 5000 954 5038 nam
1007 4999 1132 5049 οπο,
1167 5002 1302 5040 cum
1334 4999 1611 5057 gignendi
1643 5003 1806 5054 casu,
1865 5006 1949 5044 51c

299 5071 415 5125 apu
480 5055 786 5129 Platonem
819 5060 880 5109 et
907 5055 1284 5129 Plutarchum
1315 5057 1785 5129 interpretantur
1814 5060 1949 5116 vul-

298 5131 432 5198 gata
489 5125 698 5199 lexi0a,
758 5142 953 5199 neque
1013 5128 1312 5191 videntur,
1371 5125 1492 5199 (ιιιῖ
1514 5130 1952 5186 transferebant

297 5197 631 5266 Evangelia,
654 5197 1025 5266 contrarium
1057 5197 1405 5254 asseruisse;
1434 5201 1698 5256 COLLECT.

511 5269 579 5324 Οἱ
625 5264 904 5343 ὥνθρωποι
941 5289 1008 5343 μ..
1035 5272 1170 5325 Luc.
1199 5287 1210 5323 :
1245 5271 1565 5343 Μισήσξυσιν
1599 5271 1736 5343 ὑμᾶς
1769 5272 1820 5324 οἱ
1853 5269 1949 5342 ἅν-

297 5335 531 5416 θρωποι,
563 5339 652 5394 καὶ
687 5335 812 5416 ὅταν
845 5335 1198 5416 ἀφορίσωσιν,
1230 5341 1318 5395 καὶ
1354 5335 1469 5398 ἐκδ.
1504 5346 1574 5398 Et
1620 5335 1775 5411 mox,
1832 5337 1949 5400 Τοῦ

298 5411 426 5463 Υίοῦ
453 5415 552 5465 τοῦ
583 5411 895 5486 ἀνθρώπου,

370 5487 476 5553 (23)
542 5485 627 5558 T6
685 5480 786 5555 ’μὲν
845 5480 1042 5558 ἔνομα
1127 5483 1669 5558 ὑπογεγραμμένους.
1749 5486 1948 5558 Scribe

297 5549 785 5631 ἐπιγεραμμένους.
844 5549 1121 5631 HElﬁsws.
1186 5549 1257 5596 —'
1308 5549 1949 5631 λίθῖἰὺποκεκριμένους,

299 5625 438 5693 quia
464 5630 768 5696 praecessit
796 5631 902 5682 τῶν
934 5628 1239 5704 ὑποκριτῶν
1273 5630 1517 5706 mentio,

1887 4542 1966 4613 (a)
1996 4541 2196 4597 Matth.
2257 4557 2309 4608 ν,
2370 4541 2457 4596 10.

301 4609 500 4663 Matth.
537 4626 611 4679 γι,
640 4609 729 4665 30.
805 4617 868 4677 ’Β
895 4612 1006 4664 ED.
1042 4613 1336 4680 POTTEB,
1368 4615 1467 4667 491
1499 4613 1603 4667 492
1635 4615 1744 4669 ΕΙ).
1780 4609 2008 4670 ΡΑΒΙΞ.

2049 2505 2312 2561 ostendit
2336 2504 2665 2570 infidelem,
2693 2510 2751 2558 et
2780 2502 2852 2559 ad
2884 2500 3102 2559 diaboli
3131 2502 3445 2578 transfugit
3473 2506 3696 2562 exerci-

2049 2595 2267 2661 tum,in
2288 2599 2577 2671 quantum
2596 2609 2731 2648 eum
2761 2594 2919 2649 malo
2944 2594 3166 2648 versari
3188 2593 3525 2650 credimus?
3541 2597 3698 2652 Men-

2049 2683 2194 2737 titur
2217 2683 2418 2752 itaque
2452 2677 2722 2753 Domino,
2754 2680 2845 2738 vel
2876 2674 3073 2755 potiUS
3105 2675 3228 2756 spei
3261 2693 3382 2740 suae
3412 2679 3702 2742 mentitur

2051 2782 2238 2842 eaque
2269 2771 2607 2838 frustratur,
2642 2772 2742 2842 qui
2773 2772 2890 2827 Deo
2923 2789 3044 2828 non
3085 2773 3292 2829 credit.
3346 2777 3470 2830 Non
3515 2777 3705 2832 credit

2053 2866 2275 2929 autem,
2326 2859 2427 2930 qui
2477 2876 2598 2914 non
2637 2860 2779 2916 facit
2811 2877 2899 2929 ea,
2936 2879 3066 2933 quae
3100 2863 3502 2920 mandaverat.
3554 2866 3704 2930 Quid

2052 2965 2187 3004 vero
2207 2949 2235 3004 ?
2259 2963 2459 3004 annon
2490 2945 2753 3021 seipsum
2777 2949 2974 3024 negat.
3008 2943 3108 3023 qui
3135 2959 3312 3027 negat
3343 2944 3658 3012 Dominum
3681 2946 3708 3012 τί

2055 3035 2304 3093 Domino
2336 3037 2494 3092 enim
2517 3055 2638 3093 non
2660 3039 2852 3094 aufert
2871 3040 3226 3109 dominium,
3251 3045 3351 3114 qui
3375 3063 3436 3101 se
3461 3062 3547 3112 ea,
3572 3063 3703 3117 quae

2055 3143 2191 3181 cum
2213 3127 2316 3180 illo
2339 3125 2675 3195 intercedit,
2698 3129 2888 3199 privat
2911 3131 3372 3189 necessitudine.
3403 3136 3510 3200 Qui
3531 3142 3708 3209 negat

2057 3232 2192 3288 ergo
2215 3215 2606 3282 Servatorem,
2640 3222 2815 3289 negat
2833 3217 3008 3272 vitam
3034 3236 3048 3285 ;
3081 3222 3367 3289 quoniam
3390 3245 3417 3273 «
3447 3223 3550 3278 lux
3581 3231 3708 3279 erat

2055 3306 2173 3361 vita
2199 3306 2288 3378 (ο).
2323 3327 2350 3355 ι)
2385 3305 2497 3361 Eos
2524 3303 2766 3376 quidem
2796 3323 2917 3364 non
2950 3305 3094 3364 dicit
3120 3327 3249 3366 esse
3287 3333 3314 3361 «
3349 3307 3596 3369 modicae
3629 3311 3706 3370 {id

2055 3396 2151 3450 dei
2185 3395 2284 3467 (ά),
2321 3417 2343 3443 ι
2380 3395 2484 3450 sed
2516 3396 2790 3452 infideles
2822 3404 2880 3453 et
2905 3399 3243 3470 hypocritas
3271 3416 3283 3453 :
3319 3401 3419 3471 qui
3448 3403 3709 3458 nominis

2058 3484 2300 3555 quidem
2318 3485 2651 3557 suscipiunt
2664 3487 3350 3559 inscriptionem,fideles
3364 3497 3562 3546 autem
3582 3508 3710 3555 sese

2058 3575 2371 3648 abnegant.
2405 3576 2624 3631 Fidelis
2670 3583 2870 3632 autem
2901 3578 3140 3643 dicitur,
3173 3585 3296 3634 tum
3329 3597 3551 3649 servus,
3583 3588 3709 3638 tum

2059 3664 2307 3718 amicus.
2359 3665 2549 3728 Quare
2577 3665 2625 3719 si
2657 3665 2790 3736 quis
2825 3666 3088 3736 seipsum
3119 3667 3330 3739 diligit,
3364 3669 3556 3742 diligit
3585 3672 3706 3726 Do-

2063 3754 2315 3817 minum,
2375 3758 2431 3806 et
2490 3753 2808 3808 confitetur
2858 3755 3132 3823 salutem,
3188 3763 3254 3811 ut
3300 3774 3467 3813 suam
3522 3764 3713 3816 servet

2063 3846 2344 3900 animam.
2397 3845 2575 3916 Atqui
2622 3847 2671 3900 si
2711 3847 2798 3900 vel
2829 3864 2933 3918 pro
2966 3849 3234 3919 proximo
3259 3851 3534 3907 moriaris
3565 3870 3709 3925 pro-

2059 3941 2190 4006 pter
2250 3935 2624 3995 charitatem.
2684 3936 2987 3992 existimes
3019 3938 3386 3994 Servatorem
3439 3947 3710 3997 nostrum

2061 4040 2192 4078 esse
2213 4024 2615 4095 propinquum
2639 4024 2690 4095 («
2715 4026 2871 4080 Deus
2893 4046 2921 4075 »
2951 4027 3112 4081 enim
3139 4050 3166 4077 «
3191 4029 3708 4100 appropinquans»

2059 4112 2253 4167 dictus
2271 4118 2360 4167 est
2379 4112 2428 4166 is
2449 4113 2552 4182 qui
2585 4119 2793 4182 servat,
2824 4114 2953 4185 ejus
2983 4122 3257 4187 respectu
3279 4118 3379 4188 qui
3403 4120 3708 4190 servatur),

2059 4207 2311 4258 mortem
2343 4201 2568 4274 eligens
2598 4208 2839 4274 propter
2867 4203 3068 4271 vitam,
3103 4210 3161 4260 et
3189 4213 3429 4277 propter
3456 4208 3711 4278 teipsum

2057 4291 2121 4356 ›ι‹
2145 4290 2366 4363 potius,
2400 4306 2578 4360 quam
2597 4297 2839 4362 propter
2867 4291 3039 4348 illum
3070 4295 3323 4365 patiens.
3348 4297 3418 4350 Et
3439 4296 3714 4367 nunquid

2059 4383 2377 4452 propterea
2428 4377 2622 4433 dictus
2677 4385 2768 4434 est
2820 4380 3004 4435 frater
3049 4381 3078 4436 ‘I
3139 4383 3240 4454 qui
3298 4385 3520 4455 patitur
3575 4402 3716 4457 pro-

2534 4540 2610 4612 (b)
2666 4542 2800 4597 Luc.
2834 4559 2912 4614 γι,
2963 4547 3050 4600 22.
3129 4544 3198 4617 (ο)
3228 4547 3394 4602 Joan.
3432 4564 3470 4616 ι,
3502 4550 3556 4606 4.
3634 4547 3714 4622 (d)

2308 4768 2602 4855 Ὁμολογεῖ
2658 4773 2758 4841 τήν
2787 4773 3124 4855 Ασωᾼτηρίαν.
3185 4778 3383 4855 _Scribe
3443 4776 3717 4855 ὁμολογεῖ

2065 4840 2638 4925 είςζτὴνἎσωτηρίάνῇε
2663 4840 2982 4925 conﬁtetur
3010 4848 3084 4925 ad
3115 4848 3421 4925 salutem.»
3455 4840 3717 4925 Respicit

2063 4916 2246 4991 enim.
2273 4914 2544 4991 Ηοῐιιρξῐ,
2583 4919 2646 4970 10
2673 4933 2713 4991 :h
2741 4914 2950 4991 Καρδίᾳ
2989 4919 3088 4991 γὰρ
3136 4920 3442 4991 πιστεύεται
3502 4914 3590 4986 sic.
3628 4923 3713 4979 δι-

2059 4983 2376 5066 καιοσύνην,
2410 4985 2652 5066 στόμανιγ
2673 4983 2728 5041 δὲ
2755 4983 3215 5066 ὁμολογεῖται-εἲς
3245 4993 3540 5066 σωτηρίαν,

2132 5059 2243 5129 (25)
2299 5057 2804 5146 ιὙπεραποθάχῃςξ
2855 5057 3037 5146 ΔΝέιειὶ
3119 5057 3426 5146 ὑπὲρμτομῧ
3510 5057 3712 5146 ἀγαθοῦ

2057 5127 2236 5255 ﬁexa
2265 5127 2468 5252 τὶςἿκαὶ
2497 5128 2680 5202 τολμᾷ
2705 5127 2713 5131 ’
2738 5130 3051 5204 ἀποθανεῖν,
3110 5141 3176 5190 ut
3222 5127 3316 5192 'ait
3371 5127 3710 5211 Apostolus,

2110 5217 2227 5255 om.
2261 5217 2317 5255 Χ.
2390 5243 2402 5255 .

2110 5217 2227 5255 om.
2261 5217 2317 5266 χ,
2363 5217 2402 5255 ι.

2134 5269 2400 5350 (26χΘεὸς
2431 5271 2531 5350 γᾷρ
2585 5269 2827 5350 ἐγγίζων.
2871 5279 3132 5350 Respicit
3162 5281 3328 5350 Deut.
3351 5298 3432 5350 Αιν,
3467 5284 3497 5332 7
3519 5296 3550 5350 :_
3584 5278 3710 5333 ’Ότι

2058 5338 2595 5422 ποῖον’,ἔθνοςλὶὲλίά
2713 5338 2875 5422 ’ἐστιν’
2905 5338 3053 5420 αὐτῷ
3084 5351 3211 5409 Θεὸς
3244 5338 3466 5422 ἐγγίζώην
3495 5347 3708 5422 αὐτοῖς,

2059 5413 2150 5505 ὡςΧ
2166 5411 2377 5505 Κύριοςἱ
2400 5411 2587 5505 δ’Θεὸς
2636 5411 2798 5485 ἡμῶν
2857 5416 2909 5472 ἐν
2942 5411 3122 5485 πᾶσιν,
3159 5411 3548 5505 οἷςξάγάύτὸν
3583 5411 3706 5505 ἐςπιέ

2058 5483 2444 5576 κάλεσώμεθαιῖ
2467 5488 2578 5573 ’vel
2606 5483 3119 5576 Jerem.’x2‘uil,‘23'
3139 5509 3164 5576 ε’
3185 5491 3312 5576 Θεὸς
3343 5489 3562 5569 ἐγγίζων
3599 5491 3708 5564 ἐγώ

2088 5554 2105 5576 ι
2272 5554 2350 5586 ί,
2467 5556 2478 5573 ρ
2735 5560 2906 5587 η’-.
2999 5554 3030 5577 ,κ
3154 5559 3234 5579 ,η
3329 5554 3485 5590 μη-
3637 5554 3656 5580 ._

2060 5575 2197 5628 ειμι,
2233 5557 2375 5630 λιγιι
2413 5559 2626 5632 Κύριος,
2661 5581 2749 5616 και
2783 5581 2908 5636 ουλι
2942 5569 3069 5624 Θεος
3098 5574 3400 5636 πορρωθιν.
