4004 6144
243 376 383 434 1257

241 503 404 574 οἶμον
437 500 513 563 εἷς
543 499 700 557 ἀῐδου
739 501 937 579 φέρειν·
974 526 1002 555 ››
1053 501 1172 558 ὁδοὶ
1226 501 1284 558 δὶ
1331 501 1563 571 πολλαὶ,
1608 503 1701 557 καὶ
1753 501 1893 557 ἀπά-

238 611 430 664 γουσαι
493 591 750 664 ἁμαρτίαι
785 634 797 647 .
852 591 1230 653 Πολυπλανεῖς
1285 591 1551 661 τούτους,
1601 592 1675 654 ὡς
1736 589 1904 666 ἔοικε,

239 678 368 741 τοὺς
399 680 662 743 ἀπίστους
689 678 1072 754 διακωμῳδῶν
1106 681 1528 758 Ἀριστοφάνης·
1564 705 1591 733 ‹‹
1616 687 1834 755 ”Αγετε,
1875 706 1902 734 »

244 768 433 846 φησὶν,
472 789 494 818 ι
527 765 717 841 ἄνδρες
744 773 852 840 (33)
884 765 1238 842 ἀμαυρόϐιοι,
1271 769 1497 847 φύλλων
1545 774 1701 844 γενεᾷ
1729 790 1903 844 προσ-

244 856 470 930 όμοιοι,
533 855 938 933 ὀλιγοδρανέες,
995 861 1296 932 πλάσματα
1350 863 1526 933 κηροῦ
1561 903 1575 927 ,
1638 857 1906 914 σκιοειδέα

247 944 397 1020 φῦλ’,
448 944 737 1019 ἀμενηνοὶ,
798 948 1056 1017 ἀπτῆνες,
1109 947 1424 1026 ἐφημέριοι.
1463 972 1490 998 ››
1542 947 1642 1002 Καὶ
1693 948 1721 1002 ὁ
1754 946 1902 1002 Ἐπί-

248 1053 470 1109 χαρμος
502 1037 637 1108 (34)·
672 1057 702 1087 ι(
735 1032 882 1092 Αὕτα
912 1035 1069 1113 φύσις
1098 1036 1420 1110 ἀνθρώπων,
1456 1037 1609 1091 ἀσκοὶ
1641 1057 1906 1114 πεφευση-

255 1123 429 1196 μένοι.
460 1147 482 1174 ι
510 1124 676 1195 Ἡμῖν
707 1120 764 1178 δὶ
795 1125 824 1179 ὁ
854 1126 1052 1200 Σωτὴρ
1085 1123 1324 1201 εἴρηκεν·
1361 1150 1389 1177 ‹‹
1420 1127 1490 1180 Τὸ
1521 1129 1735 1198 πνεῦμα
1766 1128 1905 1198 (35),

253 1211 559 1285 πρόθυμον·
590 1213 625 1280 ἡ
659 1209 717 1266 δὲ
749 1213 899 1287 σὰρξ,
933 1214 1183 1282 ἀσθενὴς·
1219 1237 1248 1265 ››
1297 1211 1437 1269 διότι
1493 1238 1521 1266 ‹‹
1551 1214 1616 1268 τὸ
1647 1215 1907 1291 φρόνημα

246 1306 349 1370 τῆς
374 1301 574 1375 σαρκὸς
604 1294 776 1376 ἔχθρα
807 1301 884 1365 είς
917 1304 1065 1373 Θεὸν,
1099 1328 1127 1356 ››
1175 1304 1204 1358 6
1233 1303 1576 1366 Ἀπόστολος
1609 1303 1902 1377 ἐξηγεῖται·

248 1413 278 1441 ‹‹
305 1393 385 1444 τῶ
413 1390 513 1464 γὰρ
543 1391 702 1463 νόμῳ
729 1395 827 1446 τοῦ
886 1396 1021 1447 Θεοῦ
1054 1393 1166 1468 οὐχ
1206 1391 1587 1448 ύποτάσσεται·
1637 1390 1761 1448 οὐδὲ
1799 1392 1903 1468 γὰρ

249 1477 490 1534 δύναται·
527 1479 582 1534 οἱ
613 1477 671 1535 δὲ
701 1480 754 1535 ἐν
797 1481 954 1556 σαρκὶ
1006 1478 1155 1544 ὄντες
1209 1487 1325 1554 Θεῷ
1378 1483 1562 1557 ἀρέσαι
1610 1481 1673 1536 ού
1719 1479 1904 1536 δύναν-

245 1589 360 1626 ται.
395 1593 416 1621 ι
454 1571 559 1626 Καὶ
601 1568 1122 1647 ἐπεκδιηγούμενος,
1176 1571 1444 1651 ἐπιφέρει,
1494 1573 1646 1626 «ἳνα
1695 1573 1797 1644 μὴ,
1829 1572 1903 1633 ὡς

246 1657 534 1733 Μαρκίων,
566 1659 882 1734 ἀχαρίστως
931 1659 1211 1732 ἐκδέξηταί
1254 1682 1338 1725 τις
1391 1662 1491 1730 τήν
1540 1659 1902 1736 δημιουργίαν

245 1748 442 1818 κακήν.
476 1747 539 1801 Εἰ
586 1746 644 1802 δὲ
699 1749 933 1822 Χριστὸς
989 1749 1040 1804 ἐν
1078 1751 1232 1822 ὑμῖν,
1261 1750 1325 1804 τὸ
1369 1751 1464 1823 μὶν
1511 1753 1671 1823 σῶμα
1720 1750 1907 1824 νεκρὸν

251 1832 322 1889 δι’
381 1836 668 1910 ἁμαρτίαν,
700 1838 764 1892 τὸ
792 1835 850 1892 δὲ
879 1842 1091 1912 πνεῦμα
1149 1839 1262 1908 ζωή
1324 1837 1414 1893 διά
1465 1835 1842 1906 δικαιοσύνην.
1871 1857 1898 1890 ο

250 1923 424 1981 Ηάλιν
480 1947 540 1982 τε
592 1926 677 1981 αὖ·
734 1951 761 1979 ‹‹
798 1927 864 1982 Εἴ
892 1910 1182 2003 γὰρκατὰ
1239 1929 1409 2001 σάρκα
1465 1933 1610 1998 ζῆτε,
1676 1910 1985 2000 μέλλετεΒ

251 2015 635 2086 ἀποθνήσκειν·
668 2015 968 2092 λογίζομαι
997 2018 1124 2092 γὰρ,
1157 2017 1240 2072 ὅτι
1274 2017 1372 2072 οὐκ
1430 2015 1549 2088 ἄξια
1604 2017 1673 2072 τὰ
1723 2018 1902 2086 παθή-

253 2126 398 2177 ματα
417 2111 515 2160 τοῦ
544 2109 634 2159 νῦν
666 2111 884 2180 καιροῦ,
915 2108 1052 2181 πρὸς
1081 2109 1184 2176 τὴν
1217 2106 1523 2179 μέλλουσαν
1572 2103 1728 2176 δόξαν
1761 2107 1904 2160 ἀπο-

248 2193 591 2273 καλυφθῆναι
651 2195 726 2258 εἰς
774 2198 945 2269 ἡμᾶς·
1004 2194 1154 2271 εἷ’περ
1209 2196 1629 2271 συμπάσχομεν,
1665 2193 1758 2249 ’ίνα
1811 2194 1901 2250 καὶ

250 2281 722 2358 συνδοξασθῶμεν,
756 2285 832 2349 ὡς
862 2283 1309 2360 συγκληρονόμοι
1352 2287 1587 2361 Χριστοῦ
1617 2289 1744 2357 (36).
1797 2283 1902 2339 Οὕ-

250 2371 417 2446 δαμεν
451 2370 528 2438 δὲ,
562 2375 648 2428 ὅτι
675 2379 797 2436 τοῖς
838 2374 1086 2449 ἀγαπῶσι
1115 2373 1209 2428 τὸν
1261 2375 1389 2430 Θεὸν
1438 2375 1614 2429 πάντα
1660 2377 1904 2449 συνεργεῖ

252 2461 328 2523 εἷς
358 2462 420 2516 τὸ
451 2461 650 2536 ἀγαθὸν
683 2464 813 2536 (37),
843 2469 959 2526 τοῖς
1003 2465 1141 2519 κατὰ
1187 2463 1440 2538 πρόθεσιν
1485 2462 1717 2535 κλητοῖς
1759 2463 1900 2518 οῦσι·

252 2551 334 2604 ὅτι
368 2549 458 2613 οῦς
489 2551 763 2627 προέλνω,
793 2553 883 2607 καὶ
926 2555 1232 2628 προώρισεν
1283 2554 1640 2630 συμμόρφους
1689 2558 1789 2620 τῆς
1823 2550 1904 2604 εἷ·

251 2640 416 2702 κόνος
445 2645 543 2695 τοῦ
574 2641 702 2694 Υἱοῦ
727 2639 912 2708 αὐτοῦ,
948 2640 1024 2702 εἰς
1054 2641 1115 2696 τὸ
1164 2645 1298 2696 εἶναι
1350 2641 1510 2695 αὐτὸν
1555 2640 1904 2713 πρωτότοκον

253 2727 306 2782 ἐν
335 2728 572 2792 πολλοῖς
602 2727 882 2804 ἀδελφοῖς·
925 2728 1016 2790 οὕς
1073 2728 1131 2782 δὲ
1178 2729 1509 2802 προώρισεν,
1538 2725 1771 2786 τούτους
1814 2725 1904 2779 καὶ

253 2815 525 2870 ἐκάλεσεν·
569 2815 661 2878 οὕς
711 2813 768 2868 δὲ
819 2814 1093 2885 ἐκάλεσεν,
1151 2815 1376 2876 τούτους
1431 2814 1520 2869 καὶ
1569 2811 1902 2868 ἐδικαίωσεν·

257 2901 354 2966 οὕς
385 2901 442 2957 δὲ
474 2901 780 2973 ἐδικαίωσε,
811 2903 1040 2966 τούτους
1069 2905 1158 2958 καὶ
1189 2901 1456 2976 ἐδόξασεν.
1484 2904 1640 2977 Ὁρᾷς
1670 2900 1737 2956 δι’
1770 2902 1906 2976 ἀγά-

255 3013 366 3062 πην
421 2989 815 3064 ὂιδατκομένην
869 2993 1190 3066 μαρτυρίαν.
1226 2989 1327 3046 Κᾶν
1385 2989 1454 3046 δι’
1486 2986 1725 3064 ἀμοιϐὴν
1776 2992 1904 3067 ἀγα-

261 3085 368 3144 θῶν
399 3078 665 3155 ἐθελήσῃς
717 3087 1083 3155 μαρτυρῆσαι,
1132 3080 1337 3154 ἀκούσῃ
1388 3079 1576 3135 πάλιν·
1631 3104 1659 3132 α
1689 3084 1769 3153 Τῇ
1802 3079 1904 3154 γὰρ

258 3167 441 3226 ἐλπίδι
477 3169 780 3242 ἐσώθημεν,
812 3168 971 3231 ἐλπὶς
1004 3165 1061 3224 δὲ
1089 3167 1404 3244 βλεπομένη
1429 3169 1529 3223 οὐκ
1558 3163 1698 3223 ἔστιν
1727 3167 1902 3229 ἐλπίς·

1576 379 2027 439 ΘΤΕΟΜΔἹἮΜ
2061 381 2197 437 LIB.
2240 383 2338 437 IV.

3518 381 3657 439 1258

2007 506 2253 574 scelera,
2287 505 2505 562 deinde
2534 507 2894 574 moriuntur,
2929 507 2977 562 si
3004 524 3124 562 non
3154 513 3314 563 esset
3333 509 3533 564 anima
3556 511 3663 574 im,

2009 595 2300 662 mortalis,
2335 614 2494 651 mors
2525 602 2682 652 esset
2710 597 2964 653 lucrum.
3003 619 3033 647 »
3066 599 3135 650 Et
3172 597 3337 651 Plato
3389 599 3449 650 in
3499 600 3659 654 Pha-

2011 687 2189 740 done:
2224 707 2253 736 ‹‹
2287 686 2343 739 Si
2375 692 2533 741 esset
2563 687 2724 740 enim
2756 703 2914 741 mors
2946 685 3146 741 totalis
3178 685 3511 753 dissolutio,
3550 711 3570 738 ι
3609 692 3668 741 et

2011 791 2142 845 quae
2176 774 2458 846 deinceps
2481 781 2833 846 sequuntur.
2863 778 2990 830 Non
3015 780 3105 830 est
3127 791 3262 848 ergo
3287 776 3667 846 cogitandum

2013 881 2081 918 ex
2114 866 2411 919 sententia
2439 865 2678 936 Telephi
2711 865 2866 936 apud
2890 865 3252 936 Eschylum,
3278 886 3304 913 «
3333 864 3666 936 simplicem

2011 953 2164 1008 viam
2195 955 2348 1009 ferre
2377 953 2452 1009 ad
2483 954 2745 1020 inferos;
2776 975 2803 1007 ι
2837 960 2976 1009 sunt
3005 955 3164 1009 enim
3211 955 3318 1008 viae
3350 954 3572 1022 multa),
3608 959 3664 1007 et

2012 1043 2219 1109 multa,
2246 1052 2308 1116 ›ι‹
2337 1059 2468 1113 quas
2495 1042 2816 1109 abducunt,
2847 1047 3105 1114 peccata.
3129 1042 3508 1098 Errabundos
3531 1043 3660 1113 hos,

2011 1137 2078 1186 ut
2093 1137 2183 1186 est
2202 1132 2544 1201 verisimile,
2568 1131 2846 1188 inﬁdeles
2868 1133 3091 1187 comice
3114 1132 3429 1187 ludiﬁcans
3443 1132 3662 1186 Aristo-

2012 1221 2240 1291 phanes
2267 1238 2280 1275 :
2305 1244 2332 1270 «
2357 1222 2544 1293 Agite,
2565 1222 2779 1293 inquit,
2803 1222 3067 1277 obscurae
3089 1222 3220 1276 vitae
3243 1221 3538 1286 homines,
3563 1237 3663 1291 ge-

2011 1311 2305 1365 nerationi
2323 1311 2601 1366 foliorum
2617 1311 2864 1377 similes,
2884 1310 3346 1376 imbecilli,cerae
3361 1311 3660 1381 ﬁgmenta,

2012 1413 2200 1470 genus
2216 1398 2406 1454 instar
2425 1399 2672 1468 umbrze,
2693 1398 2945 1466 evanidi,
2961 1398 3319 1464 involucres,
3335 1398 3513 1452 unius
3532 1403 3665 1451 tan-

2013 1491 2138 1541 tum
2166 1487 2282 1543 diei
2307 1487 2487 1542 vitam
2518 1487 2825 1542 habentes.
2851 1509 2878 1538 »
2908 1489 2978 1541 Et
3000 1486 3388 1558 Epicharmus
3416 1501 3428 1538 :
3453 1505 3483 1536 «
3508 1485 3664 1547 Haec,

2012 1576 2229 1646 inquit,
2259 1577 2571 1631 hominum
2600 1577 2739 1642 vita,
2771 1581 2936 1630 utres
2966 1575 3176 1630 inflati.
3209 1597 3230 1627 ι
3261 1573 3438 1628 Nobis
3466 1579 3665 1628 autem

2013 1665 3242 1736 dixitServator:«Spirituspromptus,caro
3259 1664 3608 1733 inﬁrma(a);
3639 1682 3660 1709 ι

2014 1754 2294 1824 quoniam
2327 1778 2354 1804 «
2383 1755 2700 1826 prudentia
2731 1755 2930 1809 carnis
2959 1759 3048 1808 est
3078 1753 3197 1807 Deo
3230 1751 3494 1816 inimica,
3540 1773 3568 1799 »
3599 1754 3666 1803 ut

2014 1841 2256 1911 exponit
2287 1841 2644 1912 Apostolus;
2675 1864 2703 1892 «
2735 1840 2848 1912 legi
2873 1841 3032 1895 enim
3056 1840 3155 1894 Dei
3181 1857 3300 1893 non
3325 1839 3660 1910 subjicitur,

2014 1945 2208 2000 neque
2242 1931 2402 1985 enim
2431 1935 2645 2001 potest.
2679 1930 2786 1994 Qui
2819 1935 3018 1985 autem
3051 1929 3109 1982 in
3142 1945 3318 1983 carne
3352 1933 3509 1995 sunt,
3544 1928 3660 1981 Deo

2013 2018 2248 2089 placere
2275 2036 2392 2074 non
2425 2025 2758 2090 possunt.»
2808 2020 2877 2073 Et
2925 2017 2984 2072 id
3031 2017 3288 2088 amplius
3335 2015 3659 2087 explicans,

2015 2107 2339 2180 subjungit,
2373 2125 2446 2163 ne
2479 2109 2611 2180 quis
2643 2109 2871 2180 ingrato
2902 2108 3125 2174 animo,
3159 2111 3224 2161 ut
3254 2106 3532 2173 Marcion,
3567 2105 3660 2158 in-

2012 2197 2165 2252 ferat
2192 2197 2410 2253 malam
2439 2215 2566 2252 esse
2599 2203 2932 2252 creaturam
2959 2213 2971 2250 :
3011 2218 3031 2244 ι
3066 2196 3122 2249 Si
3155 2201 3355 2250 autem
3396 2194 3661 2248 Christus

2015 2291 2106 2340 est
2134 2287 2194 2341 in
2227 2286 2416 2350 vobis,
2452 2303 2668 2357 corpus
2699 2285 2941 2356 quidem
2972 2289 3272 2338 mortuum
3305 2287 3393 2336 est
3422 2287 3664 2352 propter

2015 2381 2345 2446 peccatum,
2377 2375 2620 2446 spiritus
2647 2379 2844 2428 autem
2867 2373 3005 2426 vivit
3031 2370 3604 2442 pr0pterjustitiam.
3634 2390 3663 2418 »

2014 2465 2085 2517 Et
2114 2481 2320 2518 rursus
2347 2480 2359 2516 :
2398 2484 2426 2511 «
2459 2463 2514 2516 Si
2550 2484 2578 2511 ››
2612 2461 2770 2516 enim
2803 2483 2830 2509 ‹‹
2875 2459 3201 2515 secundum
3231 2475 3472 2514 carnem
3522 2458 3666 2511 vivi-

2015 2551 2113 2618 tis,
2149 2552 2291 2605 estis
2322 2550 2615 2605 morituri.
2648 2549 2993 2617 Considero,
3018 2548 3177 2602 enim
3201 2547 3358 2617 quod
3383 2563 3502 2601 non
3526 2550 3666 2601 sunt

2016 2638 2325 2710 condignae
2357 2639 2664 2709 passiones
2693 2638 2874 2710 hujus
2901 2636 3108 2691 mundi
3133 2635 3206 2690 ad
3233 2635 3502 2708 gloriam,
3531 2651 3663 2705 qum

2015 2727 2332 2782 revelanda
2363 2732 2452 2782 est
2480 2727 2542 2781 in
2575 2726 2786 2793 nobis;
2823 2725 3117 2796 siquidem
3154 2724 3566 2796 compatimur,
3600 2727 3666 2777 ut

2017 2815 2554 2888 congloriﬁcemur,
2588 2821 2654 2869 ut
2677 2814 3015 2870 cohaeredes
3037 2813 3274 2868 Christi.
3303 2813 3530 2867 Scimus
3560 2828 3662 2867 au-

2016 2910 2158 2971 tem,
2195 2904 2352 2976 quod
2369 2905 2751 2976 diligentibus
2771 2905 2955 2959 Deum
2979 2905 3179 2958 omnia
3195 2907 3587 2974 cooperantur
3604 2902 3665 2955 in

2018 2994 2239 3048 bonum
2272 2994 2365 3061 iis,
2399 2995 2499 3066 qui
2531 2994 2715 3049 vocati
2749 3000 2887 3048 sunt
2915 2993 3242 3048 secundum
3274 2991 3662 3064 propositum.

2017 3084 2308 3148 Quoniam
2341 3101 2490 3154 quos
2516 3083 2826 3155 praescivit,
2855 3099 2954 3137 eos
2978 3089 3036 3136 et
3066 3081 3505 3152 praedestinavit
3525 3098 3665 3135 con-

2015 3175 2239 3229 formes
2271 3174 2516 3246 imagini
2548 3173 2681 3228 Eilii
2715 3174 2864 3244 ejus,
2902 3178 2968 3226 ut
2989 3173 3064 3227 sit
3085 3173 3210 3244 ipse
3238 3171 3668 3244 primogenitus

260 3259 290 3314 ’ὀ
315 3259 416 3334 γὰρ
455 3257 645 3332 βλέπει
675 3279 784 3330 τις,
813 3257 868 3314 τί
898 3258 988 3313 καὶ
1019 3258 1229 3328 ἐλπίζει
1262 3279 1276 3327 ;
1310 3283 1338 3311 »
1373 3258 1435 3315 El
1458 3255 1516 3312 δὲ
1545 3259 1574 3312 ’ὀ
1606 3257 1666 3312 ού
1704 3256 1905 3318 ϐλέπο-

2023 3263 2083 3316 in
2123 3263 2329 3319 multis
2352 3263 2653 3318 fratribus.
2677 3263 2832 3328 Quos
2855 3266 3051 3316 autem
3075 3260 3535 3332 praedestinavit,
3565 3277 3665 3314 eos

265 3371 382 3424 μεν,
416 3348 738 3422 ὲλπίζόμεν,
765 3347 835 3404 δι’
856 3349 1142 3423 ὑπομονῆς
1165 3347 1603 3424 ἀπεκδεχόμεθα·
1637 3373 1664 3398 ‹‹
1692 3346 1847 3404 Ἀλλ’
1865 3346 1911 3402 εἰ

256 3437 346 3492 καὶ
369 3437 653 3513 πάσχομεν
677 3439 788 3512 (38)
813 3436 904 3494 διά
924 3436 1290 3509 δικαιοσύνην,
1320 3440 1602 3516 μάκάριοι,
1628 3461 1654 3488 ››
1703 3437 1866 3513 φησὶν
1886 3438 1914 3492 6

256 3528 485 3602 Πέτρος·
505 3551 534 3578 ι(
560 3527 668 3583 Τὸν
694 3523 752 3582 δὲ
776 3523 946 3604 φόϐον
969 3527 1146 3583 αὐτῶν
1165 3529 1241 3601 μὴ
1261 3522 1563 3605 φοϐηθῆτε,
1591 3523 1732 3600 μηδὲ
1750 3546 1920 3600 ταρα-

2025 3357 2085 3406 et
2114 3353 2357 3408 vocavit.
2391 3354 2548 3418 Quos
2579 3357 2779 3407 autem
2808 3350 3049 3417 vocavit,
3085 3365 3186 3404 eos
3217 3354 3276 3402 et
3303 3349 3671 3419 justiﬁcavit.

2028 3442 2186 3506 Quos
2211 3446 2408 3496 autem
2433 3441 2803 3513 justificavit,
2829 3456 2928 3494 eos
2949 3443 3006 3493 et
3025 3437 3377 3510 gloriﬁcavit
3397 3437 3487 3506 (ὁ).
3527 3458 3554 3484 ››
3579 3436 3674 3489 Vi-

2029 3529 2133 3585 des
2167 3547 2274 3601 per
2304 3531 2684 3586 dilectionem
2706 3529 2902 3584 doceri
2923 3526 3294 3599 martyrium.
3319 3523 3485 3589 Quod
3508 3525 3556 3579 si
3578 3541 3676 3578 ve-

328 3652 391 3716 ›χ‹
412 3647 474 3698 Ρ.
511 3646 616 3699 584
643 3645 753 3700 ΕΙ).
788 3647 1081 3702 POTTER.
1114 3647 1243 3715 492,
1272 3649 1376 3703 493
1403 3647 1518 3703 ED.
1558 3646 1788 3701 PARIS.
1821 3644 1899 3716 (a)

2023 3646 2128 3700 ιιι).
2162 3664 2316 3715 xxvx,
2348 3649 2438 3701 41.
2487 3648 2561 3717 (b)
2595 3649 2762 3702 ltom.
2787 3648 2904 3712 vni,
2937 3647 2989 3712 7,
3021 3643 3075 3710 8,
3112 3645 3197 3710 10,
3231 3644 3316 3709 13,
3353 3644 3437 3710 17,
3474 3642 3558 3710 18,
3581 3641 3671 3708 28,

260 3719 350 3785 29,
384 3719 471 3772 30.

268 3847 394 3922 cap:
424 3835 481 3922 ἐξ,
515 3849 645 3918 pag.
673 3833 910 3922 tique'dit.
945 3833 1235 3922 Sylhurg?
1267 3852 1324 3922 p.
1369 3835 1441 3918 33
1492 3832 1632 3922 edit.
1659 3835 1910 3922 ⁸Οιοῐιξτ

269 3900 393 3958 Ἐπὶ
421 3900 479 3956 δὲ
506 3900 624 3964 τοῖς
652 3904 770 3957 καθ’
797 3900 1022 3959 ἕκαστον
1054 3903 1142 3958 καὶ
1161 3900 1291 3958 νάπδ
1328 3908 1438 3957 τῶν
1492 3902 1726 3971 ἡλικιῶν
1772 3901 1910 3957 πολ-

268 3971 369 4050 λάς
426 3974 680 4050 ἀφορμὰς
734 3977 948 4050 παρέξει
1009 3977 1037 4030 6
1087 3974 1254 4050 λόγος
1287 3973 1384 4050 ἐἰς
1440 3974 1834 4050 παραμυθίαν.
1867 3972 1916 4028 εἴ

273 4048 366 4136 μέν
399 4031 487 4137 ne:
696 4031 1038 4137 τελευττήσειε
1065 4031 1468 4137 καῖ’ἀλύτξκως,γ
1497 4031 1913 4137 ξτι”,μαξαρίως

373 4121 400 4131 ..
1052 4120 1077 4137 ,ι

266 4115 415 4187 αὐτῷ
461 4118 496 4184 ἠ
528 4115 755 4186 τελευτή
811 4115 1236 4194 συνηνέχθη.....
1285 4115 1383 4171 κᾶν
1431 4115 1468 4206 ᾖ
1509 4117 1560 4172 ἐν
1610 4115 1914 4188 ἀποδημίᾳ,

268 4189 351 4264 ὅτι
383 4184 535 4264 οὐδὲν
561 4186 1008 4264 ,διενήνοχε-’-μία
1049 4191 1150 4264 γὰρ
1198 4191 1288 4244 καὶ
1319 4190 1522 4264 ήᾲαυτὴ
1573 4189 1754 4264 οἶμος,
1783 4189 1918 4242 κατά

266 4261 361 4338 τὸν
393 4257 1260 4338 Αίσχύλον,εἷς’ᾆδου-φὲρουσα.
1296 4257 1437 4338 (In.
1467 4257 1734 4338 oratiune
1781 4277 1916 4338 vero

313 4332 516 4402 rivata,
551 4347 620 4384 ex
651 4336 820 4386 aatate
852 4332 1111 4402 amplam
1152 4333 1577 4389 consolationis
1609 4333 1920 4388 materiam

313 4350 516 4396 rivata,
551 4350 620 4384 ex
651 4350 820 4386 atate
852 4350 1111 4402 amplam
1152 4350 1577 4389 consomuoms
1609 4350 1918 4388 materiam

270 4350 661 4474 liabebimus:
697 4403 744 4456 si
778 4409 1021 4474 repente
1055 4405 1380 4459 exstinctus
1412 4409 1471 4459 et
1519 4404 1649 4459 sine
1690 4403 1918 4470 dolore,

273 4472 432 4546 quod
476 4471 725 4546 felicemi
755 4471 977 4529 exitum
1032 4482 1452 4531 consecutus...
1487 4476 1535 4530 si
1566 4476 1628 4531 in
1659 4474 1921 4546 peregri-

275 4544 540 4612 natione,
573 4545 730 4614 quod
757 4546 886 4599 nihi
917 4546 1118 4613 refert,
1149 4564 1284 4602 cum
1325 4570 1351 4596 α
1385 4563 1505 4602 una
1535 4569 1562 4596 »
1616 4544 1678 4600 et
1711 4544 1920 4602 eadem

275 4638 304 4666 ‹‹
335 4615 444 4690 via,
482 4637 509 4664 »
542 4622 608 4669 ut
637 4616 718 4671 ait
746 4617 1076 4690 zEschylus,
1107 4641 1137 4690 ε(
1171 4619 1244 4674 ad
1274 4617 1496 4674 inferos
1527 4619 1722 4674 ducat.
1761 4641 1782 4667 ι

346 4687 461 4770 (3ἷξ)
485 4685 976 4770 κ”Αγετεκηφιησὶξς
1035 4687 1152 4770 ἄνδ.
1215 4691 1308 4745 Sic
1354 4690 1534 4770 ,ἰῖῚρικΔ
1576 4690 1784 4770 ’.Αγετῇ
1819 4685 1918 4770 φύ-

275 4753 381 4834 σιν,
408 4753 529 4834 ῥίνδ.
565 4753 1182 4834 mavult'S'ylburgius,
1214 4760 1373 4834 quod
1405 4767 1464 4816 et
1506 4753 1923 4834 Aristophanis

278 4829 540 4904 editione
572 4831 826 4904 vulgata,
859 4829 917 4887 et
947 4829 1076 4904 ipso
1100 4829 1272 4888 metri
1304 4849 1551 4888 numero
1583 4829 1923 4904 confirmari

279 4901 443 4956 dicit.
479 4903 658 4956 Porro

280 4973 456 5027 modo
490 4979 744 5042 exstant,
779 4992 835 5045 p.
871 4977 973 5029 573
1007 4975 1147 5030 edit.
1180 4973 1380 5030 Aurel.
1407 4974 1706 5046 Allobrog.
1741 4991 1758 5029 :

278 5064 407 5138 Ἀγε
463 5058 529 5129 δὴ
592 5062 789 5139 φύσιν,
849 5060 1036 5140 ἄνδρες
1085 5059 1460 5141 ἀμαυρόϐιοι,
1501 5061 1726 5141 φύλλων
1774 5066 1932 5138 γενεᾷ

1443 5133 1822 5210 [προσόμοιοί,

283 5203 743 5282 Ὀλιγοδρανέες,
805 5205 1101 5279 πλάσματα
1173 5207 1360 5277 πηλοῦ
1393 5251 1408 5277 ,

1532 5279 1824 5352 (ἀμενηνὰ,

282 5349 586 5420 Ἀπτῆνες,
640 5348 965 5425 ἐφημέριοι,
1024 5346 1219 5403 ταλαοὶ
1287 5346 1737 5426 βροτοὶ,’ᾀνέρες
1797 5350 1934 5404 εἰκε-

1536 5422 1825 5495 [λόνέιροι.

288 5512 407 5578 Age
453 5513 576 5580 jam
623 5518 831 5566 natura
887 5512 997 5563 viri
1057 5510 1318 5580 languide
1373 5514 1630 5578 viventes,
1675 5513 1938 5580 foliorum

1232 5584 1604 5651 {generationi
1632 5584 1834 5638 similes

289 5654 492 5712 Parum
520 5654 781 5722 valentes,
809 5654 1171 5722 formationes
1203 5654 1327 5722 luti,
1363 5654 1574 5709 umbris
1602 5657 1804 5709 similes
1838 5657 1942 5711 tri-

1423 5725 1546 5796 [bus
1575 5725 1840 5782 invalida?

572 5841 835 5904 Ριπιοι..
880 5840 994 5903 Gn.
1035 5839 1197 5903 VIII.

733 4903 749 4956 i
782 4903 988 4958 versus
1019 4906 1080 4960 in
1110 4904 1524 4975 Aristophanis
1544 4974 1554 4975 ί
1576 4905 1784 4959 Avibus
1815 4903 1927 4958 hoc

1483 5203 1749 5297 σκιόειδέα
1779 5279 1794 5297 κ
1807 5205 1932 5283 φῦλ’

2021 3834 2334 3906 Implumes,
2365 3835 2529 3889 unius
2560 3834 2673 3888 diei
2701 3830 3193 3906 vitam_habeules,
3225 3830 3421 3906 miseri
3457 3833 3671 3906 morta-

2885 3903 2976 3970 les,
3009 3903 3118 3955 viri
3137 3903 3356 3956 somniis
3375 3898 3596 3954 similes.

2096 4013 2206 4082 (34)
2256 4009 2317 4064 Ὁ
2371 4006 2736 4082 Ἐπίχαρμος.
2797 4005 3198 4082 Theodoretus
3247 4009 3575 4082 Osca-nem."
3603 4000 3669 4069 α’,

2024 4071 2241 4152 p.177,
2276 4082 2347 4136 de
2378 4082 2452 4136 iis
2483 4071 2588 4152 qui
2615 4071 2702 4134 nil
2755 4077 3024 4152 credunt,
3058 4071 3363 4152 nisiuquoéd
3398 4071 3672 4152 sensibus

2026 4143 2252 4224 percipi
2283 4143 2609 4224 possitiait
2641 4168 2652 4204 :
2687 4149 2801 4224 Καὶ⁸
2825 4149 2952 4209 ἴσως
2981 4151 3099 4224 τοῖς
3131 4143 3676 4224 οῦτ’ω“διαέιειμένοις

2027 4210 2334 4296 ἀνθρώποῖς
2384 4210 2733 4296 Ἐπίχαρμος
2783 4221 2810 4274 6
2853 4219 3098 4292 κωμικὸς
3144 4216 3237 4273 τὸν
3286 4210 3503 4289 ἷάμϐον⁷
3533 4213 3678 4268 ἐκεῖ-

2027 4316 2118 4349 νον
2159 4297 2334 4369 προσ-ις
2346 4312 2536 4368 ρμοσε·

2105 4400 2272 4463 Φύσις
2298 4399 2615 4473 ἀνθρώπων,
2648 4396 2803 4452 ἀσκοὶ
2836 4395 3228 4473 πεφυσημένοι.

2031 4510 2300 4563 Fortasse
2331 4511 2530 4561 autem
2553 4505 2896 4577 hujusmodi
2929 4503 3271 4559 hominibus
3289 4501 3678 4572 Epicharmus

1952 4583 1998 4648 D
2029 4580 2294 4635 comicus
2325 4578 2646 4633 iambicum
2679 4577 2827 4631 illud
2857 4577 3080 4647 aptavit
3108 4592 3121 4630 :

2103 4687 2400 4740 Hominum
2427 4691 2653 4753 natura,
2687 4690 2834 4738 utres
2870 4685 3074 4750 inﬂati.

2037 4793 2270 4848 Grotius
2299 4794 2410 4847 hoc
2440 4791 2614 4847 modo
2650 4807 2785 4846 eum
2838 4791 3044 4845 scribit
3092 4790 3154 4843 in
3186 4791 3444 4859 Excerpl.
3477 4805 3504 4842 ε
3536 4794 3683 4857 trag.

2042 4872 2093 4920 et
2120 4882 2255 4921 com.
2292 4883 2349 4937 p.
2382 4869 2485 4919 479
2515 4882 2527 4920 :

2035 4961 2182 5020 Αὕτα
2257 4961 2538 5034 ἀνθρώπον
2622 4959 2780 5036 φύσις
2823 4977 2836 4990 ⁸
2925 4958 3078 5012 ἀσκοί
3135 4977 3198 5033 γε
3276 4955 3693 5098 εἷσὶ[πεφυση-

3434 5048 3607 5098 μενοι.

3405 5049 3422 5098 ι
3434 5049 3526 5101 μεν
3535 5049 3562 5081 ο
3571 5049 3586 5080 ι
3595 5070 3607 5082 .

3016 5127 3165 5175 utres
3231 5125 3357 5175 sunt
3419 5124 3693 5188 turgentes

3345 5192 3618 5262 [ﬂatibus.

2040 5128 2170 5182 Haec
2227 5125 2507 5179 hominum
2556 5128 2766 5177 natura
2822 5127 2944 5177 est:

2153 5297 2261 5367 (35)
2291 5293 2369 5350 Τὸ
2391 5314 2450 5350 π.
2486 5291 2848 5367 Concinnius
2872 5289 2936 5367 -c_0
2973 5289 3065 5367 p_‘ev
3100 5309 3188 5344 πν,
3225 5290 3496 5367 δηθυρο.

2117 5351 2430 5438 (36)Ἐιπερ
2465 5385 2641 5435 συμ...
2687 5359 2940 5436 Χριστοῦ.
2973 5351 3176 5438 ἱῐῖοιηέ.
3217 5377 3331 5438 V_I_II,
3371 5360 3473 5438 17_:
3539 5351 3692 5438 liga,-

2049 5423 2275 5511 P°:’dl’~l°'-
2312 5423 2410 5507 ire".
2454 5423 2609 5502 θεδῦς
2653 5423 3099 5511 σῡ¹ξκ)κηρο·θὸελ.οι
3134 5428 3189 5483 δὲ
3237 5431 3490 5502 Χριστοῦ·
3545 5423 3694 5495 εἷ’περ

2049 5503 2474 5580 συμπάσχομεν,
2500 5507 2593 5560 ’ίνα
2621 5507 2707 5560 καὶ
2732 5503 3208 5580 συνδοξασθῶμεν.
3489 5567 3522 5580 μ

2121 5562 2229 5651 (37)
2261 5562 2364 5640 ῐξῖς
2386 5579 2446 5632 τό
2465 5562 2678 5653 ’ἀγαθόν
2688 5621 2698 5632 .
2748 5576 2858 5653 Eis
2892 5562 3100 5653 ἅξγαθόν’
3141 5571 3392 5653 absque,
3417 5562 3694 5653 articulo,

2052 5635 2245 5716 Rom;
2279 5635 2379 5706 ubi
2411 5635 2568 5718 moi,
2594 5648 2684 5703 καὶ
2717 5646 2807 5709 οῦς
2842 5635 2995 5701 ἐκάλ.
3028 5660 3134 5716 pro
3165 5635 3345 5700 οὖς-δὲ
3375 5635 3529 5692 ἐκάλ.

2122 5725 2230 5795 (38)
2262 5721 2576 5796 Πάσχομεν.
2610 5720 2906 5793 Πάσχοιτε,
2939 5719 3096 5774 Petr.

3344 5831 3426 5891 40
