4004 6144
247 236 406 295 1265

1587 238 2041 297 ΒΤΒΟΠΔΤΠΠ
2080 242 2216 298 LIB.
2256 241 2334 299 IV
2341 281 2356 299 .

3541 247 3685 306 1266

241 362 285 430 ἡ
328 358 468 433 μετὰ
497 353 672 415 φόϐου
695 356 1040 430 διδασκαλία,
1075 356 1154 415 δι’
1201 361 1270 431 ἢν
1305 361 1624 437 ἀπεχόμεθα
1653 366 1756 430 τῆς
1799 355 1888 414 ἆδι

2031 380 2210 434 quam
2242 366 2612 422 abstinemus
2638 367 2711 424 ab
2740 366 3004 440 injuria;
3040 369 3335 427 secundus
3357 376 3557 428 autem
3589 364 3690 430 est

242 449 399 512 κίαςο
435 446 684 524 δεύτερος
717 447 775 504 δὲ
817 452 852 518 ἡ
886 449 1068 519 ἐλπὶς,
1098 447 1169 503 δι’
1211 452 1277 520 ἢν
1335 450 1592 528 ἐφιέμεθα
1647 454 1754 503 τῶν
1791 448 1888 523 βελ

2031 470 2185 524 spes,
2222 473 2328 526 per
2357 473 2534 526 quam
2580 456 2990 512 desideramus
3040 475 3171 529 quin
3222 466 3360 516 sunt
3408 463 3673 534 optima;

245 543 484 596 τίστωνδ
568 538 774 595 τελειοῖ
833 539 890 594 δὲ
945 543 980 609 ἡ
1038 541 1243 614 ἀγάπη,
1303 542 1377 603 ὡς
1441 541 1718 616 προσῆκόν
1784 539 1921 606 ἔστι,

236 635 570 706 γνωπικῶς
605 627 715 700 ἤδη
774 627 1124 687 παιδεύουσα.
1171 628 1448 701 ’Έλληνες
1503 630 1632 706 γὰρ,
1689 629 1788 684 οὐκ
1818 626 1922 684 οἶδ’

253 718 440 791 ὅπως,
499 718 706 792 ἀνάγκῃ
795 715 1091 778 δεδωκότες
1163 715 1357 791 ἀλόγῳ
1403 718 1470 772 τὰ
1526 713 1917 790 συμϐαίνοντα,

2029 543 2262 612 perﬁcit
2283 551 2504 610 autem,
2527 551 2593 600 ut
2615 551 2702 600 est
2722 552 3216 615 consentaneum,
3241 550 3518 620 charitas,
3545 571 3678 625 quas

2018 631 2148 702 jam
2178 634 2444 703 gnostice
2489 633 2680 690 docet.
2733 635 2994 690 Gentiles
3045 637 3226 704 enim,
3278 641 3480 695 nescio
3531 660 3679 713 quo-

2025 721 2225 791 modo,
2246 739 2380 777 cum
2398 724 2738 779 necessitati
2765 725 3012 780 rationis
3035 727 3259 797 experti
3281 744 3368 794 ea,
3394 745 3524 799 quas
3549 748 3680 787 eve-

252 809 481 871 ἂκοντες
507 807 785 871 πείθεσθαι
817 806 1208 882 ὁμολογοῦσιν.
1242 809 1301 864 Ὁ
1333 812 1464 883 γοῦν
1494 805 1888 883 Εὐριπίδης(6Ἳ

2025 809 2218 879 niunt,
2252 811 2589 879 tribuerint,
2615 813 2778 867 inviti
2803 829 2864 867 se
2886 830 3094 884 parere
3119 817 3497 872 confitentur.
3527 819 3678 875 Dicit

248 897 424 973 λέγει·

325 1009 394 1061 ⁶Α
421 1005 470 1078 γ’
493 1002 583 1078 οὖν
615 1008 888 1078 παραινῑρ,
917 1005 1087 1078 ταῦτᾴ
1121 1023 1226 1076 μου
1256 1000 1422 1078 δεξαι,
1447 1001 1626 1078 γύναιβ

326 1074 471 1153 ’Έφύ
507 1077 600 1148 μὲν
636 1074 992 1153 οἰξδείςιὸστις
1019 1075 1081 1153 ob
1109 1074 1266 1153 nove?
1298 1074 1513 1153 βροτῶ)
1533 1077 1669 1153 (β8)⁶

325 1144 524 1222 Bal-Errat
554 1168 612 1202 τε
642 1147 797 1222 τέκνα
823 1150 956 1221 (69),
988 1148 1077 1202 καὶ
1111 1144 1265 1222 ἔτερα
1287 1144 1500 1222 σέεείρει
1528 1144 1640 1213 νέα,

324 1219 500 1281 Αὐτός
557 1239 613 1274 τε
655 1215 874 1290 θνήσκει
921 1215 1053 1292 ⁷(ἻΟ)⁶
1112 1215 1209 1273 καῖ’
1275 1215 1426 1273 τάδ²’
1475 1215 1734 1292 ἃχθονται

245 1362 387 1420 Εἶτα
415 1360 681 1440 ἐπιφέρεν
1404 1437 1444 1440 _
1484 1434 1509 1440 _
1603 1285 1808 1440 {pia-tt.

1147 1473 1160 1487 .
1195 1474 1208 1487 .
1247 1475 1260 1487 .
1297 1473 1310 1488 .
1349 1473 1362 1487 .
1403 1434 1582 1486 Ταῦτα
1613 1426 1698 1484 δεῖ

246 1503 474 1579 Στὲγειν
527 1506 682 1577 (Ἡ),
743 1504 877 1579 ἅπερ
936 1500 1019 1558 δεῖ
1091 1503 1228 1558 κατὰ
1301 1502 1481 1580 φύσιν
1547 1500 1629 1580 δεῖ
1711 1496 1766 1580 3:
1817 1498 1908 1556 ἑκ-

247 1646 328 1704 Οὗ
358 1643 531 1701 δεινὸν
565 1643 722 1700 οὐδὲν
755 1648 862 1718 (72)
891 1649 998 1700 τῶν
1030 1645 1336 1720 ἀναγκαίων
1373 1575 1796 1721 βροτοῖςίπερᾳν

2025 904 2182 953 certe
2213 900 2524 971 Euripides
2550 919 2562 955 :

2126 1007 2190 1082 {X4
2220 1008 2349 1082 Quae
2388 1009 2530 1082 dico,
2564 1010 2784 1082 mulier,
2816 1017 2996 1065 mente
3017 1014 3298 1082 percipias
3327 1014 3450 1069 volo
3475 1031 3494 1069 .·

2128 1074 2233 1136 Qui
2261 1095 2370 1133 non
2401 1074 2628 1147 labaret,
2660 1074 2846 1136 nullus
2871 1089 2948 1136 est
2978 1074 3292 1138 mortalium
3316 1102 3334 1138 :

2127 1149 2370 1218 Sepelire
2398 1158 2573 1217 natos,
2607 1155 2876 1207 seminare
2907 1154 3034 1208 hinc
3064 1155 3284 1220 alteros,

2125 1222 2255 1274 Mox
2285 1223 2460 1291 ipsum
2493 1224 2663 1292 obire,
2698 1224 2872 1280 luctus
2904 1224 2993 1278 hic
3020 1227 3338 1282 mortalium
3362 1235 3458 1283 est.

2018 1362 2244 1418 Deinde
2278 1364 2584 1438 subjungit
2606 1384 2620 1422 :

2121 1506 2342 1576 Oportet
2371 1507 2507 1575 hcec,
2538 1514 2742 1564 natura
2771 1525 2893 1579 quae
2924 1511 3062 1580 vult,
3080 1515 3304 1582 perpeti
3329 1529 3341 1566 :

2118 1649 2400 1719 Quidquid
2425 1666 2636 1705 necesse
2664 1658 2759 1722 est,
2792 1668 2903 1707 non
2934 1670 3102 1722 grave
3130 1662 3207 1710 est
3233 1657 3579 1712 mortalibus.

243 1754 536 1830 Πρόκειται
568 1750 626 1807 δὲ
656 1757 775 1815 τοῖς
828 1752 904 1814 είς
958 1751 1242 1807 τελείωσιν
1278 1748 1599 1806 σπεύδουσιν
1632 1753 1667 1820 ἡ
1700 1753 1888 1825 γνῶσις

2024 1755 2093 1810 [is
2122 1761 2319 1812 autem
2351 1757 2454 1827 qui
2487 1757 2744 1813 tendunt
2762 1759 2836 1814 ad
2867 1760 3316 1831 perfectionem,
3341 1767 3430 1818 est
3450 1781 3668 1835 propo-

249 1845 288 1912 ἡ
326 1841 548 1918 λογική,
580 1840 648 1910 ἧς
681 1839 937 1914 θεμέλιος
967 1843 1002 1911 ἡ
1038 1840 1159 1916 ἁγία
1185 1840 1362 1914 τριὰς,
1397 1864 1424 1892 ‹‹
1457 1840 1666 1908 πίστις,
1718 1837 1900 1907 ἐλπὶς,

244 1931 454 2008 ἀγάπηο
493 1929 690 2004 μείζων
749 1951 808 1985 τε
863 1929 1070 1984 τούτων
1122 1932 1238 2003 ('73)
1295 1931 1330 1998 ἡ
1364 1929 1570 2003 ἀγάπη.
1607 1952 1636 1978 ››
1679 1925 1900 1996 Ἀμέλει

249 2047 272 2071 σ
310 2021 491 2075 Πάντα
548 2014 770 2092 ἔξεστιν,
824 2017 953 2074 ἀλλ’
1011 2018 1073 2074 οὗ
1144 2018 1316 2074 πάντα
1374 2019 1656 2095 συμφέρει·
1728 2020 1903 2072 πάντα

243 2106 469 2183 ἔξεστιν,
503 2107 631 2164 ἄλλ’
662 2108 724 2164 οὐ
764 2108 933 2164 πάντα
991 2105 1296 2181 οἰκοδομεῖ,
1352 2131 1382 2159 ››
1439 2108 1602 2182 φησὶν
1655 2107 1683 2161 ὁ
1733 2107 1899 2164 Ἀπό-

243 2198 462 2262 στολος·
498 2199 607 2253 καὶ·
644 2224 673 2251 ‹‹
718 2195 925 2269 Μηδεὶς
953 2198 1015 2252 τὸ
1044 2197 1235 2253 ἑαυτοῦ
1287 2197 1514 2267 ζητείτω
1540 2197 1724 2270 μόνον,
1756 2195 1901 2252 ἀλλὰ

239 2288 332 2342 καὶ
365 2289 546 2342 τὸτοῦ
580 2290 696 2359 (74)
748 2287 956 2360 ἑτερου,
1013 2313 1040 2338 ››
1101 2287 1176 2347 ὡς
1231 2291 1409 2341 ποιεῖν
1464 2287 1604 2359 ὁμοῦ
1635 2286 1724 2340 καὶ
1748 2281 1900 2340 διδά-

244 2397 390 2430 σκειν
453 2373 731 2448 δύνασθαι,
792 2371 1190 2449 οἰκοδομοῦντα
1243 2375 1333 2429 καὶ
1407 2372 1896 2448 ἐποικοδομοῦντα.

241 2465 368 2521 ’Ὁτι
402 2465 499 2538 μὲν
528 2465 629 2540 γὰρ
663 2489 690 2517 ‹‹
746 2467 836 2519 τοῦ
880 2463 1085 2538 Κυρίου
1137 2466 1171 2533 ἡ
1227 2466 1299 2539 γῆ
1352 2465 1440 2518 καὶ
1495 2465 1558 2518 τὸ
1616 2462 1900 2537 πλήρωμα

236 2551 484 2623 αὐτῆς,››
520 2552 908 2628 ὡμολόγηται·
943 2551 1070 2608 ἀλλ’
1123 2555 1158 2622 ἡ
1219 2550 1530 2623 συνείδησις
1587 2556 1685 2607 τοῦ
1739 2551 1899 2605 ἀσθε-

240 2646 464 2703 νοῦντος
497 2642 841 2718 ὑποφὲρεται.
878 2665 904 2692 ‹‹
966 2638 1279 2710 Συνείδησιν
1325 2638 1382 2694 δὲ
1426 2640 1568 2714 λέγω
1626 2638 1754 2712 οὐχὶ
1801 2639 1900 2706 τήν

247 2731 460 2799 ἑαυτοῦ,
493 2727 639 2784 ἀλλά
665 2731 764 2798 τήν
793 2729 889 2782 τοῦ
920 2727 1122 2802 ἐτέρου·
1174 2726 1266 2782 *ίνα
1321 2728 1372 2780 τί
1423 2727 1524 2802 γὰρ
1554 2728 1588 2796 ἠ
1621 2726 1901 2799 ἐλευθερία

255 2839 361 2890 μου
390 2817 628 2893 κρίνεται
687 2817 791 2870 ὑπὸ
841 2813 1020 2885 ἄλλης
1081 2813 1438 2885 συνειδήσεως
1470 2833 1484 2883 ;
1518 2813 1579 2869 El
1639 2813 1748 2889 ἐγὼ
1786 2817 1900 2889 (75)

248 2905 437 2980 χάριτι
473 2903 710 2978 μετέχω,
735 2903 786 2958 τί
817 2901 1254 2978 βλασφημοῦμαι
1289 2903 1420 2977 ὑπὲρ
1466 2900 1528 2957 οὗ
1575 2901 1684 2977 ἐγὼ
1742 2902 1900 2958 εὐχαο

253 2999 422 3067 ριστῶ
451 3020 465 3061 ς
494 2991 620 3050 Εἷδτε
651 2990 740 3046 οὖν
778 2991 1003 3062 ἐσθίετε,
1036 2990 1142 3046 εἷίιε
1171 2991 1372 3059 πίνετε,
1434 2988 1540 3046 εἷ’τε
1587 3013 1640 3046 τι
1670 2997 1897 3063 ποιεῖτε,

2019 1845 2132 1899 sita
2147 1846 2402 1916 cognitio
2423 1847 2755 1917 rationalis,
2785 1848 2955 1920 cujus
2971 1849 3430 1908 fundamentum
3451 1860 3542 1908 est
3563 1854 3668 1910 illa

2017 1938 2223 1989 sancta
2254 1935 2436 1989 trias:
2470 1956 2496 1987 α
2531 1935 2702 2003 fides,
2728 1953 2885 2007 spes,
2917 1938 3176 1994 charitas
3203 1957 3216 2006 ;
3249 1945 3443 2012 major
3465 1947 3665 1998 autem

2016 2022 2228 2077 horum
2260 2023 2518 2078 charitas
2544 2025 2639 2095 (a).
2665 2026 2880 2094 omnia
2902 2045 2927 2077 ιι
2953 2026 3195 2096 quidem
3219 2035 3378 2083 certe
3407 2029 3663 2099 «licent,

2015 2111 2120 2166 sed
2149 2127 2269 2166 non
2300 2113 2503 2167 omnia
2533 2112 2894 2184 expediunt;
2928 2116 3130 2171 omnia
3159 2116 3362 2186 licent,
3407 2118 3512 2174 sed
3541 2136 3665 2176 non

2013 2201 2217 2255 omnia
2246 2201 2564 2267 aedificant,
2602 2224 2629 2250 »
2661 2202 2859 2272 inquit
2891 2205 3242 2274 Apostolus;
3276 2212 3372 2260 et:
3405 2229 3434 2258 ι(
3480 2209 3661 2263 Nemo

2014 2293 2242 2360 quaerat
2263 2290 2420 2360 quod
2441 2294 2532 2343 est
2553 2306 2727 2343 suum
2750 2291 3147 2359 solummodo,
3173 2293 3276 2347 sed
3300 2295 3479 2350 etiam
3501 2296 3659 2365 quod

2013 2377 2258 2432 alterius
2292 2379 2388 2450 (b),
2424 2398 2452 2426 »
2485 2383 2551 2431 ut
2577 2378 2763 2448 possit
2788 2379 2966 2432 simul
3007 2385 3067 2433 et
3101 2379 3296 2436 facere
3337 2388 3396 2436 et
3423 2382 3662 2451 docere,

2012 2466 2315 2520 aedificans
2345 2471 2404 2519 et
2433 2465 2938 2535 superaedificans.
2970 2467 3136 2532 Quod
3170 2469 3329 2523 enim
3364 2490 3388 2520 ε
3424 2471 3659 2526 Domini

2013 2554 2089 2607 sit
2119 2559 2297 2618 terra,
2332 2558 2389 2607 et
2422 2552 2731 2623 plenitudo
2777 2554 2928 2625 ejus,
2962 2578 2990 2604 ››
3023 2561 3249 2610 certum
3283 2563 3374 2612 est
3415 2564 3473 2612 et
3497 2566 3662 2616 extra

2011 2641 2471 2695 controversiam
2496 2659 2510 2707 ;
2547 2640 2648 2696 sed
2677 2642 2896 2696 inﬁrmi
2922 2643 3249 2699 sustinetur
3272 2648 3657 2706 conscientia.

2011 2751 2037 2778 ‹‹
2072 2729 2506 2783 Conscientiam
2547 2734 2746 2783 autem
2778 2730 2930 2798 dico,
2965 2748 3084 2786 non
3118 2749 3308 2800 suam,
3359 2735 3464 2790 sed
3513 2737 3661 2792 alte-

2010 2817 2154 2874 rius.
2191 2818 2304 2872 Cur
2335 2817 2494 2872 enim
2524 2816 2770 2873 libertas
2801 2835 2934 2874 mea
2946 2820 3254 2892 judicatur
3274 2822 3346 2877 ab
3378 2823 3496 2879 alia
3515 2841 3656 2880 con-

2011 2907 2310 2962 scientia?
2355 2907 2411 2961 Si
2459 2924 2562 2979 ego
2611 2907 2801 2979 gratia
2846 2910 3158 2982 participo,
3210 2929 3315 2966 cur
3357 2914 3660 2984 vituperor

2010 3002 2252 3068 propter
2277 2995 2336 3050 id
2377 3001 2620 3067 propter
2667 2997 2828 3066 quod
2873 2999 3092 3069 gratias
3141 3002 3295 3072 ago?
3341 3002 3466 3058 Sive
3520 3020 3657 3075 ergo

248 3089 422 3138 πάντα
455 3082 530 3143 εἷς
564 3078 720 3151 δόξαν
752 3085 885 3136 Θεοῦ
911 3085 1138 3136 ποιεῖτε.
1193 3080 1282 3136 Ἐν
1333 3082 1490 3156 σαρκὶ
1531 3081 1633 3158 γὰρ
1673 3101 1888 3154 περιπαι

2024 3083 2350 3154 comeditis,
2375 3085 2492 3138 sive
2524 3084 2750 3152 bibitis,
2801 3087 2919 3140 sive
2947 3087 3172 3158 aliquid
3198 3089 3414 3159 facitis,
3459 3094 3660 3149 omnia

240 3169 575 3237 τοῦντες,οὐ
605 3170 741 3225 κατᾶ
770 3171 939 3242 σάρκα
997 3168 1414 3246 στρατευόμεθα·
1471 3171 1537 3224 τὰ
1592 3173 1692 3246 γὰρ
1751 3171 1897 3227 ὅπλα

2007 3175 2082 3233 ad
2106 3173 2354 3248 gloriam
2373 3173 2474 3228 Dei
2493 3172 2668 3228 facite
2690 3174 2777 3246 (ο).
2800 3173 2866 3228 In
2884 3191 3061 3230 carne
3082 3177 3240 3232 enim
3258 3179 3657 3250 ambulantes,

337 3320 398 3393 Ρ.
434 3318 537 3371 588
567 3317 679 3371 ED.
712 3317 1004 3382 POTTER,
1038 3316 1142 3370 496
1173 3315 1283 3368 ED.
1317 3315 1545 3370 pnus.
1592 3316 1670 3388 (a)
1705 3318 1726 3371 ι
1759 3318 1888 3376 Cor.
1920 3321 2156 3388 1111,13.
2187 3317 2263 3390 (b)
2293 3317 2319 3370 I
2369 3317 2502 3372 Cor.
2569 3334 2626 3383 x,
2667 3317 2756 3384 23,
2789 3319 2876 3386 24,
2943 3318 3013 3391 (c)
3071 3318 3222 3375 Ibid.
3276 3324 3367 3391 26,
3420 3324 3509 3391 23,
3560 3326 3652 3393 29,

245 3393 334 3458 30,
358 3392 446 3444 31.

453 3527 779 3616 Eépmlb‘ns.
813 3531 1159 3616 Amphiarai
1186 3531 1636 3616 verbauq‘uibus
1686 3533 1891 3616 in_Eu-

241 3603 450 3688 ripidis
479 3603 781 3675 Hypsidyle
801 3609 1052 3658 matrem
1071 3603 1415 3685 Archemori
1441 3603 1513 3659 de
1535 3611 1894 3675 praematura

242 3677 348 3733 ﬁln
378 3682 568 3732 morte
587 3675 1024 3748 consolabatur.
1057 3680 1275 3746 partim
1308 3681 1554 3748 exstant
1569 3677 1725 3748 apud
1747 3676 1892 3731 Plu-

243 3750 535 3814 tarchum,
555 3748 658 3803 lib.
691 3749 768 3802 De
787 3746 1168 3820 consolatione
1194 3748 1268 3800 ad
1286 3746 1667 3816 Apollonium,
1698 3749 1888 3820 p.110,

250 3822 366 3888 111,
400 3820 616 3892 partim
647 3817 805 3892 apud
845 3817 1139 3892 Stobaaum
1175 3834 1353 3872 serm.
1417 3821 1538 3892 106,
1570 3817 1717 3891 pag:
1760 3823 1888 3892 569,

241 3887 456 3962 partim
507 3887 701 3946 etiam
719 3890 814 3944 hic
868 3887 1025 3961 apud
1069 3888 1458 3962 Clementem,
1491 3887 1888 3945 in_ofnnibus

246 3959 378 4017 vero
409 3963 682 4018 mutilata
712 3966 770 4016 et
798 3959 1094 4030 corrupta.
1126 3961 1206 4014 Ea
1261 3959 1439 4013 simul
1488 3962 1784 4032 congessit
1833 3966 1893 4016 et

247 4035 579 4090 emendavit
600 4033 836 4089 Grotius
866 4032 1132 4101 Forilegii
1159 4046 1290 4101 pag.
1323 4032 1448 4095 449,
1484 4047 1514 4085 e
1545 4048 1661 4101 quo
1702 4033 1892 4088 relata

247 4047 579 4090 emendant
600 4047 836 4089 Grotius
866 4047 1131 4101 Eoruegu
1159 4047 1234 4101 pa
1277 4073 1290 4085 .
1323 4047 1448 4095 ιιιιυ,
1484 4047 1514 4085 e
1545 4048 1661 4101 quo
1702 4047 1886 4088 relata

245 4110 381 4159 sunt
409 4106 565 4160 inter
593 4106 925 4173 fragmenta
985 4047 1311 4172 Hypsipyﬁas
1366 4101 1696 4173 Euripidem
1747 4102 1886 4159 edit.

242 4176 596 4247 Cantabrig,
624 4192 680 4245 p.
714 4177 840 4228 493.

307 4268 366 4317 ⁶Α
400 4263 452 4336 γ’
474 4259 565 4315 οὖν
593 4263 863 4336 παραινῶ,
885 4259 1071 4336 ταῦτά-
1088 4277 1193 4336 μου
1210 4254 1381 4336 δέξαι,
1411 4257 1586 4332 γύναι·

311 4279 366 4317 ’A
400 4279 447 4336 γ
474 4279 565 4315 ουν
593 4281 667 4314 πα
707 4280 861 4323 αινω,
885 4279 1055 4312 ταυτα
1088 4279 1193 4329 μου
1217 4279 1381 4327 οεζαι,
1411 4280 1430 4332 γ

311 4335 448 4408 Ἑφυ
477 4333 572 4404 μὲν
603 4279 807 4408 οὐδεὶς,
833 4331 980 4408 ὅστις
1014 4328 1224 4408 οὐκ-ἀεὶ
1257 4336 1430 4398 πονεῖ,

311 4399 540 4458 Θάὲιτειν
573 4422 630 4456 τε
649 4403 829 4466 τέκνα,
861 4399 1050 4476 χὲτερ’
1079 4401 1144 4476 οιιῖ
1164 4406 1388 4476 κτᾶσθαι
1413 4399 1602 4476 πᾴλιν,

313 4475 483 4547 Αὐτός
513 4495 572 4528 τε
605 4468 1060 4547 θνήσκεινξ’Κᾷτα
1083 4468 1131 4525 δ’
1162 4468 1637 4547 ἄχθονται-’βροτοὶ

313 4545 409 4622 Εἷς
438 4553 537 4622 γῆν
571 4539 824 4622 φέράνῖες
851 4539 979 4622 γῆς’
1003 4539 1310 4622 ἀναγκάῖως
1340 4543 1387 4599 δ’
1419 4539 1535 4619 ἔχει

312 4619 432 4694 βίον
453 4616 695 4694 ’θερίζειν
724 4616 873 4694 ᾤστε
901 4616 1176 4694 κάρξτιμον
1213 4616 1439 4694 στιιὶχυν3

315 4690 415 4746 Καὶ
445 4685 538 4744 τὸν
573 4685 668 4761 μὲν
701 4689 854 4761 εἶναι,
885 4685 983 4761 τὸν
1005 4685 1292 4761 δὲςμήηΤί
1315 4685 1505 4742 ’ταῦτα
1561 4685 1644 4742 δεῖ

316 4763 547 4834 Στὲνειν.
574 4757 827 4834 Βπερῗδεῖ
845 4760 982 4834 κοιτᾴ
1012 4757 1179 4834 φύσιν-
1201 4757 1483 4834 διεκπερᾷν
1518 4777 1531 4828 ;

313 4833 388 4890 Οὐ
421 4829 594 4888 δεινὸν
628 4817 783 4887 οόδὶν
813 4835 919 4887 τῶν
952 4817 1256 4904 ἀναγκαίων
1293 4817 1532 4906 βροτοῖςί

315 4924 550 4978 Adverte
589 4923 735 4993 quod
765 4927 832 4985 te,
866 4921 1086 4986 mulier,
1119 4922 1469 4975 admonitum
1498 4921 1660 4975 volo:

319 4995 535 5049 Cunctis
566 4992 876 5048 hominibus
906 4993 1072 5046 haeret
1093 4994 1343 5047 assiduus
1373 4993 1546 5059 labor,

313 5067 558 5136 Sepelire
582 5065 817 5134 prolem,
845 5079 1089 5136 quaerere
1119 5065 1314 5136 iterum
1338 5063 1568 5136 liberos,

319 5135 554 5191 Tandem
582 5137 827 5189 interire.
857 5135 1112 5189 Graviter
1139 5135 1237 5189 has
1270 5135 1468 5188 tolerat
1497 5137 1638 5190 vices

315 5208 632 5264 Mortalium
662 5222 832 5275 gens:
865 5210 1108 5259 attamen
1137 5208 1316 5271 fatum
1329 5206 1509 5274 jubet,

323 5281 387 5334 Ut
409 5279 579 5349 plena
598 5279 793 5349 segetis
823 5293 977 5342 arva,
1009 5278 1084 5330 sic
1109 5279 1282 5330 vitam
1301 5278 1473 5339 meti;

319 5353 385 5405 Ut
411 5348 518 5405 'hic
547 5352 641 5414 sit,
672 5348 768 5402 ille
795 5364 903 5402 non
923 5349 1013 5401 sit.
1044 5349 1177 5402 Haec
1198 5363 1454 5416 quorsum
1483 5350 1679 5402 attinet

315 5424 542 5491 Lugere,
575 5435 704 5490 quae
727 5426 933 5473 natura
964 5434 1059 5472 nos
1091 5421 1235 5486 cogit
1251 5421 1378 5491 pati
1401 5421 1430 5472 ?

317 5489 599 5564 Quidquid
615 5507 824 5546 necesse
855 5496 930 5543 est
953 5494 1118 5556 ferre,
1147 5506 1244 5543 nec
1275 5489 1586 5544 habendum
1606 5507 1770 5560 grare
1791 5496 1888 5543 est.

251 5580 461 5636 Eadem
491 5599 526 5637 a
555 5581 884 5652 Chrysippo
911 5578 1162 5652 recitari;
1180 5579 1672 5643 solita,memorat
1689 5579 1890 5652 Cicero

256 5653 462 5707 Tuscul.
493 5649 690 5722 quaestf
719 5649 826 5706 lib.
859 5668 941 5716 Ill,
983 5667 1098 5720 quo
1149 5649 1276 5704 loco
1337 5667 1541 5704 eorum
1573 5650 1890 5706 maximam

2003 3539 2231 3606 partem
2255 3533 2340 3589 sic
2370 3533 2572 3588 Latine
2606 3533 2778 3588 vertit
2809 3550 2822 3589 :

2075 3632 2325 3687 Mortalis
2360 3648 2514 3686 nemo
2544 3637 2642 3698 est,
2675 3648 2836 3700 quem
2862 3647 2975 3686 non
3013 3635 3245 3702 attingit
3290 3634 3466 3702 dolor,

2074 3704 2420 3772 Morbusque.
2451 3703 2616 3758 Multi
2645 3709 2770 3756 sunt
2795 3703 3060 3758 humandi
3093 3704 3269 3758 liberi.

2073 3777 2308 3829 Rursum
2329 3774 2553 3828 creandi
2583 3789 2601 3826 :
2630 3788 2882 3842 morsque
2911 3781 2990 3828 est
3016 3777 3180 3842 ﬁnita
3209 3776 3458 3832 omnibus
3487 3793 3506 3832 :

2073 3848 2201 3910 Quae
2216 3846 2404 3918 generi
2433 3845 2674 3898 humano
2699 3859 2959 3912 angorem
2987 3846 3362 3916 nequidquam
3379 3850 3644 3918 afferunt.

2072 3917 2368 3972 Reddenda
2397 3922 2474 3970 est
2505 3920 2652 3969 terra
2682 3922 2849 3971 terrae
2880 3931 2898 3968 :
2931 3922 3048 3971 tum
3075 3919 3195 3971 vita
3224 3917 3475 3974 omnibus

2071 3989 2346 4055 Metenda,
2368 3994 2428 4041 ut
2447 3989 2637 4055 fruges
2667 4002 2686 4040 :
2713 3988 2791 4041 sic
2811 3987 2974 4056 jubet
3001 3987 3314 4044 necessitas.

2069 4086 2183 4157 (68)
2203 4084 2392 4157 Ὅστις
2425 4080 2488 4135 οὐ
2545 4085 2713 4157 πονεῖ.
2754 4081 2987 4154 βροτῶν.
3049 4084 3358 4157 Qopsentit
3414 4086 3648 4142 Plutar.

2000 4152 2175 4212 chusi
2202 4156 2305 4211 sed
2336 4153 2481 4216 ὅστις
2509 4152 2609 4206 οὐκ
2637 4152 2718 4206 ἀεὶ
2748 4152 2906 4206 me:
2929 4154 3085 4225 apud
3115 4155 3412 4211 Stobmum
3435 4163 3643 4213 exstat.

2071 4231 2178 4294 (69;
2212 4227 2409 4280 Θάπτει
2440 4244 2499 4278 τε
2543 4245 2593 4279 τ.
2654 4225 3028 4280 Plutarchus.
3088 4225 3282 4279 Θάπτει
3342 4247 3401 4280 τε
3463 4226 3644 4295 τέκνα,

2003 4299 2057 4372 χῖ
2084 4297 2234 4372 ᾃτερ¹
2262 4299 2324 4351 αὖ
2353 4295 2674 4372 κτᾷταινὲα..
2713 4297 3001 4372 Stqhaeus,
3049 4297 3293 4372 ⁸Θιπξπτειν
3347 4317 3406 4351 τε
3461 4301 3642 4368 τέκνα,

2000 4366 2057 4443 i’
2083 4366 2245 4439 ἃτερα
2292 4368 2516 4444 κτᾶσθαι
2566 4366 2758 4444 πάλιν.
2792 4369 2956 4444 Unde
3000 4367 3062 4444 χ’
3123 4366 3282 4444 ἃτερα
3320 4372 3476 4442 apud
3506 4366 3645 4428 C16?-

1998 4434 2400 4512 inentempro
2429 4437 2518 4491 καὶ
2559 4434 2712 4512 ἔτερα
2741 4434 3143 4494 scribendum.

2069 4514 2181 4582 (70)
2218 4509 2389 4572 Αὐτός
2414 4530 2472 4564 τε
2493 4521 2544 4572 θ.
2580 4509 2745 4565 Hunc
2775 4527 3007 4564 versum
3042 4511 3393 4567 Plutarchus
3438 4514 3647 4570 eodem

1916 4555 1962 4620 D
1996 4555 2194 4650 modo’,
2229 4601 2344 4654 quo
2365 4555 2668 4647 blerhens,
2701 4582 2940 4637 exhibet
2973 4598 2986 4636 :
3023 4583 3180 4654 apud
3230 4584 3529 4641 Stobaaum
3562 4587 3648 4642 sic

1999 4661 2189 4710 exstat
2212 4672 2224 4709 :

2068 4757 2276 4822 Αὐτοὺς
2313 4755 2369 4813 δὲ
2401 4759 2678 4831 θνήσκειν,
2703 4758 2839 4812 κατὰ
2878 4755 2925 4811 δ’
2958 4759 3222 4832 ἄχθονται
3260 4759 3474 4834 βροτοί.

2070 4867 2180 4938 (‘71)
2213 4865 2620 4941 E-céyew._Legi
2666 4870 2859 4941 potest
2891 4865 3069 4941 etiam
3102 4863 3362 4941 στέργειν,
3397 4873 3463 4922 ut
3491 4871 3647 4941 apud

1997 4935 2342 5006 Isocratem,
2391 4935 2629 5009 στέργειν
2668 4935 2756 4988 ”τὰ
2812 4935 3072 5009 παρόντα.
3130 4935 3401 5009 δηευιις.
3449 4971 3505 5009 -4-
3527 4935 3649 4995 Ἧι-

1999 5011 2230 5081 stingue
2261 5015 2396 5080 post
2423 5007 2672 5081 ἐκπερᾷν,
2734 5013 2793 5062 et
2833 5007 3064 5081 deinde
3093 5008 3321 5081 scribe,
3375 5009 3437 5063 οὐ
3471 5007 3645 5065 δεινὸν

1999 5077 2436 5136 οὐδῘΗειῇιειυε.
2458 5111 2527 5119 ——
2558 5077 2671 5134 Sed
2703 5079 2920 5134 rectius
2948 5079 3180 5134 Grotius
3210 5081 3337 5137 haec
3360 5099 3390 5136 e
3413 5083 3644 5139 Plutar-

1999 5152 2459 5240 cho-LetISrto‘baao
2485 5151 2568 5240 sic
2586 5150 2875 5240 pesti‘tuit‘,
2893 5157 2960 5204 ut
2987 5157 3077 5240 est
3099 5154 3644 5240 superius‘dictum.

2070 5225 2180 5296 (72)
2211 5219 2484 5296 Οὗμδεινὸν
2514 5218 2689 5296 οὐδὲν,
2726 5221 2932 5296 ΔιινὸνΔ
2960 5220 3060 5296 γὰρ
3116 5218 3644 5296 οὖδέν,μΡ111ῐᾷιὍῘ].

2068 5294 2181 5364 (73)
2206 5293 2414 5362 Μείζων
2473 5312 2530 5346 τε
2593 5291 2736 5346 τούτ.
2773 5291 3042 5349 Rectius
3073 5294 3271 5364 μείζων
3305 5291 3362 5347 δὲ
3402 5293 3549 5348 τούτ.
3583 5301 3650 5351 ut

2001 5367 2022 5420 l
2055 5368 2185 5422 Cor.
2211 5383 2335 5420 xm.
2379 5367 2649 5420 SvLaUnc.

2071 5440 2184 5508 (74)
2232 5436 2303 5490 Τὸ
2363 5436 2553 5489 ἑαυτοῦ
2609 5435 2841 5504 ζητείτω
2904 5434 3098 5505 μόνον,
3148 5433 3442 5508 ἀλλᾲᾼκαὶ
3501 5436 3563 5491 τὸ
3592 5458 3642 5497 τ.

1999 5504 2092 5580 Sic
2123 5508 2679 5580 Clemensexplicat
2705 5504 2970 5579 Aposto1i
2999 5507 3195 5574 verba,
3225 5505 3288 5558 τὸ
3317 5504 3508 5561 ἑαυτοῦ
3541 5513 3646 5578 ζη-

1997 5578 2158 5632 τείτω
2190 5579 2334 5634 ἀλλά
2369 5579 2432 5634 τὸ
2460 5578 2512 5634 τξ

2071 5653 2179 5722 (75)
2213 5651 2275 5707 Εἰ
2307 5652 2387 5726 ἐγ.
2421 5651 2486 5707 Εἰ
2520 5648 2576 5704 δὲ
2605 5647 2682 5724 ἐγ.
2715 5652 2889 5704 ICOI‘.
2923 5668 2977 5703 Χ.
