4004 6144
284 258 428 318 1269

1607 256 2050 315 ετιιοωτωι
2085 259 2223 314 ΗΒ.
2263 257 2360 314 ιν.

3561 261 3702 319 1270

281 383 419 458 πρὸς
447 379 545 443 τὰς
579 381 868 456 βασάνους,
897 376 1050 434 οὺδὲν
1100 377 1630 453 ἐξομολογούμενος
1665 377 1724 440 ὅς
1756 399 1820 453 γε
1847 399 1914 433 κα

2054 381 2233 436 etiam
2254 383 2411 437 inter
2430 382 2808 438 moriendum
2831 383 3099 456 linguam
3128 402 3358 443 erosam
3383 388 3616 460 exspuit
3636 389 3697 444 in

277 471 572 542 τελευτῶν,
631 472 730 537 τὴν
784 473 1034 544 γλῶσσαν
1089 467 1401 543 ἐκτρώγων,
1459 468 1803 542 προσέπτυσε
1858 471 1938 539 τῷ

277 562 527 636 τυράννῳ
580 558 638 614 ὅν
697 561 749 613 οἱ
805 559 900 631 μὲν
956 560 1212 632 Νὲαρχον
1269 561 1406 630 (85),
1459 559 1512 612 οἱ
1570 555 1628 611 δὲ
1677 555 1936 629 Δήμυλον

279 648 802 726 προσαγορεύουσιν.
862 645 1107 720 Ὁμοίως
1164 644 1222 700 δὲ
1279 647 1368 701 καὶ
1421 643 1683 705 Θεόδοτος
1736 648 1849 719 (86)
1908 646 1937 700 6

282 739 646 815 Πυθαγόρειος
694 735 939 806 ἐποίησε,
987 735 1078 791 καὶ
1131 739 1345 797 Παῦλος
1379 735 1406 788 6
1438 731 1688 789 Λακύδου
1734 735 1939 810 γνώρι-

285 850 411 904 μος,
445 827 517 890 ὥς
567 847 701 904 φησι
749 825 1013 898 Τιμόθεος
1069 826 1097 880 6
1155 827 1520 898 Περγαμηνὸς
1552 823 1603 878 ἐν
1635 824 1713 894 τῷ
1745 848 1772 875 κ
1807 823 1937 898 Περὶ

277 922 379 988 τῆς
410 921 518 972 τῶν
565 915 887 991 φιλοσόφων
919 912 1192 990 ἀνδρείας,
1227 937 1255 965 ››
1310 913 1399 968 καὶ
1449 914 1714 988 Ἀχαϊκὸς
1745 912 1797 967 ἐν
1820 919 1939 976 τοῖς

285 1029 309 1058 σ
343 1009 604 1068 Ἠθικοῖς.
638 1030 668 1058 ››
702 1004 877 1062 Ἀλλὰ
931 1004 1020 1058 καὶ
1075 1005 1396 1076 Πόστουμος
1427 1007 1540 1075 (87)
1581 1004 1608 1057 6
1640 1004 1934 1075 Ῥωμαῖος,

279 1095 503 1174 ληφθεὶς
542 1095 645 1150 ὑπό
681 1093 1062 1159 Πευκετίωνος,
1118 1091 1225 1168 οὐχ
1285 1093 1434 1153 ὅπως
1473 1113 1528 1146 τι
1556 1095 1662 1146 τῶν
1697 1111 1936 1165 κεκρυμ-

280 1185 458 1258 μένων
521 1182 623 1238 οὐκ
675 1180 976 1252 ἐδήλωσεν,
1037 1180 1181 1238 ἀλλᾶ
1237 1180 1326 1236 καὶ
1380 1182 1480 1248 τήν
1525 1184 1689 1255 χεῖρα
1718 1179 1804 1234 ἐπὶ
1836 1184 1934 1234 τοῦ

275 1274 446 1350 πυρὸς
479 1272 612 1338 θεὶς,
644 1273 884 1345 καθάπερ
943 1271 1019 1332 εἷς
1076 1269 1287 1345 χαλκὸν
1336 1269 1655 1340 κατὲθηκεν,
1682 1269 1932 1342 ἀτρέπτῳ

275 1364 416 1419 πάνυ
443 1363 525 1434 τῷ
554 1361 963 1433 παραστήματι.
1006 1361 1086 1417 Τὰ
1123 1359 1226 1434 γάρ
1281 1359 1618 1434 Ἀναξάρχου
1651 1362 1763 1431 (88)
1795 1379 1930 1412 σιω-

274 1457 385 1522 πῶ,
420 1475 448 1503 ‹‹
476 1449 692 1521 Πτίσσε,
719 1473 748 1501 ››
773 1444 1101 1517 ἑκϐοῶντος,
1131 1472 1159 1499 ‹‹
1181 1447 1272 1502 τὸν
1303 1446 1641 1521 Ἀναξάρχου
1668 1445 1926 1510 θύλακον·

274 1540 616 1614 Ἀνάξαρχον
649 1538 752 1613 γὰρ
793 1537 855 1593 οὗ
906 1538 1165 1600 πτίσσειςο
1197 1560 1224 1587 ››
1277 1537 1517 1606 ὁπηνίκα
1547 1537 1681 1610 πρὸς
1713 1539 1808 1589 τοῦ
1836 1557 1929 1588 τυ-

275 1630 464 1705 ράννου
525 1629 748 1703 ὑπέροις
807 1624 1060 1701 σιδηροῖς
1115 1624 1420 1681 ἐπτίσσετο.
1481 1622 1607 1682 Οὕτ’
1639 1622 1730 1679 οὖν
1763 1626 1798 1693 ἡ
1829 1630 1931 1693 τῆς

275 1716 625 1791 εὐδαιμονίας
672 1715 851 1786 ἐλπὶς,
902 1713 1018 1780 οὔθ’
1042 1717 1077 1784 ἡ
1109 1715 1245 1790 πρὸς
1272 1715 1362 1769 τὸν
1395 1714 1526 1769 Θεὸν
1568 1714 1774 1787 ἀγάπη,
1804 1710 1928 1767 δυσ-

273 1812 562 1881 ανασχετεῖ
588 1806 723 1880 πρὸς
754 1807 821 1860 τὰ
866 1805 1263 1872 ὑποπίπτοντα,
1327 1805 1476 1875 μένει
1530 1800 1586 1857 δὲ
1643 1799 1918 1877 ἐλευθέρα·

273 1897 368 1954 κᾶν
429 1894 648 1972 θηρίοις
702 1897 812 1967 (89)
869 1899 986 1956 τοῖς
1055 1892 1437 1967 ἀγριωτάτοις,
1494 1891 1589 1946 κᾶν
1648 1895 1726 1963 τῷ
1771 1911 1925 1963 παμ-

274 1987 430 2061 φάγῳ
480 1981 726 2057 ὑποπέσῃ
812 1982 964 2056 πυρὶ,
1014 1979 1110 2036 κᾶν
1195 1979 1605 2049 κατακτείνηται
1669 1980 1921 2055 βασάνοις

269 2076 638 2149 τυραννικαῖς,
693 2075 813 2133 ταῖς
877 2071 1046 2132 θείαις
1110 2069 1475 2145 ἆπαρτωμὲνή
1526 2066 1736 2146 φιλίαις
1784 2069 1921 2140 (90),

271 2159 596 2224 ἀδούλωτος
630 2157 742 2215 ἅνω
771 2159 1086 2233 περιπολεῖ,
1139 2159 1201 2214 τὸ
1258 2163 1420 2231 σῶμα
1467 2154 1778 2229 παραδοῦσα
1803 2161 1923 2219 τοῖς

268 2252 470 2307 τυύτου
528 2251 699 2324 μόνου
741 2245 966 2323 ἔχεσθαι
1026 2246 1368 2321 δυναμένοις.
1422 2243 1644 2323 Λέγεται
1685 2243 1742 2300 δὲ
1771 2242 1923 2309 ἔθνος

276 2335 549 2416 βάρϐαρον
583 2342 718 2411 (91),
747 2339 850 2394 οὐκ
904 2335 1159 2413 ἄγευστον
1221 2335 1544 2413 φιλοσοφίας
1593 2338 1727 2409 (92)
1788 2355 1922 2410 πρε-

272 2426 472 2499 σϐύτην
507 2432 616 2502 (93)
647 2427 926 2503 αἱροῦνται
980 2430 1092 2502 (94)
1135 2426 1272 2500 πρὸς
1320 2425 1592 2500 Ζάμολξιν
1624 2427 1778 2499 ἥρωα
1807 2426 1924 2479 κατ’

271 2516 416 2582 ἔτος.
449 2520 506 2573 Ὀ
561 2516 618 2574 δὲ
673 2515 944 2590 Ζάμολξις
1027 2517 1093 2585 ἦν
1179 2520 1284 2571 τῶν
1358 2514 1676 2590 Πυθαγόρου
1726 2511 1924 2588 γνωρί-

278 2629 392 2682 μων
426 2611 560 2681 (95).
597 2608 1023 2679 Ἀποσφάττεται
1057 2604 1148 2660 οὗν
1206 2607 1234 2660 ὁ
1293 2601 1671 2676 δοκιμώτατος
1696 2601 1925 2672 κριθεὶς,

271 2696 590 2769 ἀνιωμὲνων
617 2699 725 2750 τῶν
751 2695 1241 2772 ιριΛοσοφησάντων
1268 2694 1378 2764 (96)
1409 2692 1526 2762 μὲν,
1552 2690 1665 2762 οὐχ
1687 2689 1922 2761 αἱρεθέν-

269 2807 376 2841 των
411 2783 488 2854 δὲ,
549 2784 624 2845 ὡς
684 2778 1273 2852 ἀποδεδοκιμασμένων
1333 2776 1657 2850 εὐδαίμονος
1709 2777 1924 2851 ὑπηρε-

338 2891 401 2954 is
429 2893 494 2946 Ρ.
527 2889 630 2944 590
659 2890 772 2944 ED.
806 2889 1100 2942 POTTER.

2048 477 2392 542 tyrannum,
2425 489 2602 542 quem
2635 473 2736 527 alii
2767 473 3004 543 quidem
3053 476 3403 544 Nearchum,
3436 477 3537 532 alii
3564 495 3699 534 vero

2047 562 2358 633 Demylum
2391 563 2716 633 appellant.
2781 563 3064 617 Similiter
3120 569 3319 619 autem
3348 566 3489 621 fecit
3520 569 3698 625 etiam

2043 650 2383 706 Theodotus
2414 651 2904 724 Pythagoreus,et
2924 651 3142 706 Paulus
3167 653 3410 724 Lacydis
3436 654 3696 728 discipu-

2044 738 2231 807 lus,ut
2253 740 2397 794 dicit
2425 741 2778 795 Mimotheus
2801 743 3198 812 Pergamenus
3221 741 3282 795 in
3305 742 3455 797 libro
3481 745 3554 797 De
3573 748 3697 813 for-

2045 829 2286 884 titudine
2309 830 2786 900 philosophorum,
2845 835 2903 884 et
2959 830 3248 885 Achaicus
3278 831 3340 886 in
3372 833 3688 890 Moralibus.

2043 919 2378 983 Quinetiam
2410 921 2768 974 Posthumus
2818 921 3119 974 Romanus
3170 925 3376 991 captus
3407 938 3439 976 a
3469 923 3692 978 Peuce-

2042 1007 2222 1073 tione,
2256 1025 2376 1063 non
2430 1008 2607 1063 modo
2638 1008 2790 1064 nihil
2843 1026 2914 1063 ex
2972 1009 3066 1076 iis,
3109 1025 3240 1079 qua)
3273 1016 3442 1065 erant
3472 1012 3689 1084 oculta,

2040 1097 2293 1168 aperuit,
2319 1097 2424 1152 sed
2450 1115 2584 1152 cum
2609 1099 2785 1153 etiam
2809 1114 3052 1153 manum
3075 1099 3136 1152 in
3165 1099 3384 1171 ignem,
3406 1105 3690 1172 tanquam

2039 1186 2102 1240 in
2135 1203 2234 1253 ais,
2268 1187 2634 1253 immisisset,
2695 1187 2960 1242 constitit
3015 1187 3176 1242 vultu
3224 1188 3395 1243 firmo
3428 1194 3486 1244 et
3514 1190 3691 1262 plane

2039 1273 2420 1328 immutabili.
2475 1275 2658 1329 Taceo
2738 1274 3154 1329 Anaxarchum
3213 1273 3685 1330 exclamantem:

2039 1383 2066 1411 «
2100 1361 2302 1416 Tunde
2359 1363 2693 1418 Anaxarchi
2754 1379 3015 1434 capsam,
3077 1363 3494 1418 Anaxarchum
3530 1367 3688 1420 enim

2036 1467 2157 1505 non
2182 1451 2382 1506 tundis
2409 1469 2422 1517 ;
2455 1473 2481 1500 »
2514 1468 2648 1506 cum
2671 1452 2914 1523 pistillis
2937 1452 3148 1506 ferreis
3171 1452 3524 1507 tunderetur
3542 1470 3576 1508 a
3598 1448 3690 1526 ty-

2036 1556 2248 1596 ranno.
2274 1542 2476 1611 Neque
2508 1556 2644 1612 ergo
2675 1558 2811 1611 spes
2842 1541 3164 1606 felicitatis,
3186 1557 3381 1612 neque
3412 1543 3474 1596 in
3502 1543 3685 1598 Deum

2036 1630 2314 1695 Charitas,
2350 1646 2502 1702 aegre
2526 1629 2642 1684 fert
2671 1646 2759 1697 ea,
2785 1647 2916 1701 quas
2939 1630 3235 1695 accidunt,
3264 1637 3468 1686 manet
3487 1637 3686 1686 autem

2036 1718 2262 1786 libera;
2297 1723 2355 1772 et
2384 1719 2526 1774 licet
2553 1719 2614 1772 in
2647 1717 2867 1773 bestias
2916 1718 3140 1774 incidat
3195 1720 3686 1788 immanissimas,

2035 1807 2176 1862 licet
2205 1806 2266 1860 in
2298 1807 2495 1878 ignem
2527 1806 2997 1872 voracissimum,
3030 1807 3171 1861 licet
3195 1808 3520 1878 tyrannicis
3552 1825 3689 1862 con-

2035 1896 2271 1950 ﬁciatur
2298 1894 2631 1960 tormentis,
2669 1911 2702 1948 a
2732 1893 2930 1948 divina
2960 1893 3230 1964 pendens
3257 1896 3539 1962 amicitia,
3574 1896 3685 1950 mi-

2033 1983 2195 2038 nime
2226 1982 2466 2037 redacta
2487 1982 2548 2036 in
2571 1982 2935 2050 servitutem,
2961 1998 3208 2053 superas
3235 1983 3359 2037 obit
3389 1984 3681 2055 regiones,

2033 2088 2281 2143 corpore
2308 2072 2382 2126 iis
2404 2071 2641 2137 tradito,
2667 2071 2768 2142 qui
2790 2071 2852 2126 id
2876 2071 3069 2126 solum
3097 2071 3160 2134 ›ι‹
3190 2078 3445 2143 possunt
3465 2078 3688 2128 tenere.

2035 2163 2262 2217 Dicitur
2292 2166 2492 2216 autem
2536 2177 2680 2230 gens
2733 2159 2986 2215 barbara
3041 2177 3162 2214 non
3219 2161 3418 2217 aliena
3446 2178 3480 2216 a
3513 2166 3689 2234 gustu

2032 2250 2450 2322 philosophiae,
2474 2249 2797 2318 quotannis
2820 2249 3036 2320 eligere
3062 2249 3323 2320 legatum
3355 2251 3429 2305 ad
3461 2251 3691 2306 Zamol-

2032 2340 2134 2394 xin
2167 2340 2409 2394 heroem
2437 2354 2449 2390 :
2482 2340 2610 2391 erat
2639 2341 2837 2390 autem
2894 2337 3187 2391 Zamolxis
3221 2355 3376 2392 unus
3410 2354 3480 2392 ex
3510 2338 3688 2392 fami-

2035 2427 2284 2482 liaribus
2317 2426 2682 2496 Pythagoras.
2721 2425 3004 2479 Mactatur
3063 2441 3198 2496 ergo
3257 2426 3329 2493 is,
3378 2427 3479 2495 qui
3510 2426 3690 2482 fuerit

2027 2515 2332 2586 judicatus
2353 2511 2813 2583 probatissimus
2838 2528 2850 2564 :
2876 2512 2968 2577 iis,
2995 2512 3097 2582 qui
3123 2517 3262 2566 sunt
3282 2513 3684 2584 philosophati

2036 2602 2299 2673 quidem,
2332 2600 2437 2654 sed
2467 2616 2590 2654 non
2623 2599 2817 2666 electi,
2871 2601 3284 2669 maerentibus,
3315 2607 3381 2655 ut
3433 2603 3534 2673 qui
3566 2604 3688 2658 sint

2033 2689 2259 2760 repulsi
2293 2705 2327 2742 a
2353 2688 2527 2742 beato
2557 2687 2912 2742 ministerio.
2946 2687 3130 2742 Plena
3157 2693 3247 2742 est
3267 2705 3403 2760 ergo
3437 2695 3558 2744 tota
3578 2691 3683 2744 Ec-

2036 2778 2218 2834 clesia
2237 2778 2331 2844 iis,
2355 2777 2456 2848 qui
2479 2793 2588 2848 per
2608 2793 2849 2832 omnem
2868 2775 3048 2832 vitam
3070 2782 3210 2832 sunt
3240 2777 3510 2832 meditati
3531 2793 3687 2833 mor-

269 3001 633 3071 proponatur
653 2993 1013 3071 Eleates,qu_1
1035 3007 1354 3071 perpessus
1367 2991 1676 3071 estomnia
1691 2990 1910 3071 potius,
1946 2999 1991 3064 ο
2032 2993 2214 3071 epist.
2239 2993 2340 3057 58;
2374 2992 2964 3071 Dio_(_3hrysostomus
2985 2996 3132 3047 orat.
3167 2993 3272 3071 3'7_;
3306 2991 3590 3071 denique,
3615 2997 3680 3047 ut

267 3063 448 3141 quam
479 3067 747 3141 conscios
779 3064 1047 3141 delendas
1082 3063 1414 3141 tyrannidis
1440 3063 1748 3141 indicaret.
1783 3084 1811 3111 ››

340 3141 453 3212 (85)
484 3136 761 3212 Νέαρχον.
795 3137 1084 3208 Diogenes
1112 3134 1302 3190 Laert.
1329 3135 1388 3189 in
1423 3135 1551 3212 ejus
1585 3135 1752 3212 Yita:
1782 3156 1819 3212 xi
1840 3134 1920 3212 _Is,

269 3205 404 3268 cum
429 3205 759 3265 Nearchum
786 3205 1130 3280 tyrannum,
1155 3223 1281 3280 seu,
1307 3213 1372 3260 ut
1399 3205 1510 3280 alii
1523 3205 1751 3280 volunt,
1786 3205 1919 3262 Dio-

269 3283 632 3346 medontem,
666 3277 920 3352 dejicere
955 3296 1031 3352 ac
1070 3279 1383 3352 profligare
1423 3277 1726 3344 voluisset,
1760 3293 1920 3332 com-

266 3356 602 3428 prehensus
635 3350 751 3407 esti
779 3374 806 3400 »
827 3350 1244 3428 _Theodoretus
1296 3350 1552 3428 lib_.__v_m
1585 3366 1596 3402 :
1631 3351 1919 3428 Deearat.

267 3419 584 3499 postquam
616 3423 952 3499 exemplum
979 3421 1469 3499 Z_enonis_attulit,
1490 3421 1616 3499 haec
1639 3419 1881 3499 subjicit
1906 3436 1918 3473 :

271 3492 299 3549 ῖ‹
329 3492 494 3563 Quod
525 3497 721 3567 ipsum
752 3492 813 3548 et
829 3494 1196 3567 Theodotum
1229 3493 1683 3567 Pythagoricum
1709 3492 1920 3567 fecisse

271 3564 838 3637 aiunt,Paulumque
865 3571 1154 3638 praeterea
1175 3565 1416 3638 Lacydaa
1449 3564 1836 3638 familiarem,
1848 3566 1924 3638 _ut

278 3634 453 3718 testis
481 3645 570 3694 est
598 3634 999 3718 Pergamenus
1014 3634 1377 3718 ‘Timothelus‘
1397 3636 1458 3718 in
1489 3635 1702 3717 lib..De
1718 3634 1923 3718 gitti-lo.-

275 3714 568 3783 sophorum
597 3705 962 3783 fortitudine,
987 3709 1247 3783 itemque
1283 3707 1663 3783 achaicusin

274 3776 443 3838 libris
475 3776 753 3838 affirmat.
783 3803 810 3830 υ
837 3783 902 3834 In
925 3781 1020 3849 iis,
1044 3776 1174 3849 quae
1198 3779 1268 3832 de
1289 3777 1624 3832 Zamolxide
1658 3776 1920 3849 subjicit,

275 3863 364 3912 est
420 3856 481 3910 in
535 3855 754 3918 Grzeco,
815 3845 1123 3926 πρεσϐύτὴν
1177 3849 1468 3926 αἱρεῖσθαι,
1503 3845 1920 3926 «_senem'eli-

310 3944 425 3982 ere.
461 3950 489 3976 ››
537 3913 819 3980 Hervetus
859 3913 1151 3986 'correx'it,
1186 3913 1466 3994 πρεσϐἑαέ
1496 3921 1792 3994 Ῠῼοιδιιεᾳτ.
1851 3947 1918 3960 --

270 3991 668 4054 Tertullianus
701 3996 808 4050 sub
843 3996 1024 4051 ﬁnem
1054 3991 1414 4064 Apologetici,
1439 4010 1473 4046 a
1494 3991 1773 4064 Dionysio
1806 4006 1918 4064 ca)-

272 4087 402 4124 sum
434 4071 728 4123 Zenonem
786 4067 1002 4133 refert;
1064 4062 1113 4120 a_
1155 4062 1396 4133 Demylo
1447 4062 1922 4133 PlutarchusDe

269 4143 465 4197 Stoicis
494 4139 747 4194 cont-md.
783 4144 841 4191 et
869 4132 1076 4192 rurSus
1104 4136 1246 4190 Adv.
1282 4132 1504 4190 Coloten
1525 4153 1544 4197 ;
1570 4150 1605 4187 a
1633 4132 1918 4198 Nearcho,

271 4212 582 4266 Diodorus°
617 4207 852 4263 Siculus
907 4209 968 4262 in
1027 4209 1338 4276 Excerptis,
1371 4223 1406 4260 a
1439 4204 1667 4259 Valesio
1721 4204 1916 4276 editis.

269 4283 662 4337 Philostratus
692 4280 768 4332 De
796 4281 913 4332 vita
963 4275 1225 4348 Apollon.
1283 4277 1384 4332 lib.
1432 4293 1530 4346 vn,
1565 4281 1624 4330 et
1653 4275 1920 4330 Valerius

269 4349 691 4430 Maximus’lib.
729 4365 976 4430 mlcap.
1004 4353 1055 4402 3.

341 4425 446 4493 (86)
476 4416 774 4493 62680:o¢._
791 4416 1019 4493 Similia
1066 4419 1138 4493 de
1187 4419 1484 4474 Theodoto
1531 4418 1714 4474 refert
1744 4417 1913 4473 Vale-

266 4491 392 4549 rius
424 4493 729 4556 Maximus,
760 4491 891 4546 loco
911 4492 1038 4563 jam
1071 4491 1248 4546 dicto.

338 4566 450 4636 (86)
485 4565 823 4634 Πόστουμος.
885 4560 964 4636 De
1020 4579 1204 4618 manu
1265 4562 1349 4636 in”
1385 4560 1913 4636 ignem_immissa

266 4632 748 4708 qu‘od'narratu‘r,
800 4635 997 4708 potius
1043 4640 1134 4708 est
1183 4633 1369 4708 Mucii
1390 4632 1696 4708 Scaevolae,
1733 4648 1910 4708 quam

265 4702 595 4773 Posthumi,
628 4712 693 4762 ut
724 4702 820 4761 ex_
842 4706 1018 4773 Livio,
1069 4707 1310 4771 Seneca,
1343 4704 1659 4759 Plutarcho
1693 4702 1912 4758 et’aliis

265 4780 647 4834 manifestum
679 4783 786 4833 est.
807 4779 886 4832 De
907 4779 1139 4831 Zenone
1167 4776 1366 4832 Eleate
1396 4775 1913 4846 meminitpraater

266 4851 584 4918 Diogenem
618 4849 931 4912 Laertium,
964 4849 1142 4903 etiam
1174 4848 1686 4918 Plutarchuspag.
1723 4849 1914 4909 335,et

265 4917 435 4977 Philo
464 4940 521 4994 p.
547 4923 668 4975 604.
701 4922 780 4994 De
803 4921 1150 4994 Anaxarcho
1175 4919 1332 4994 idem
1357 4917 1619 4994 l_.aert_ius
1644 4917 1908 4994 pag.364;

266 4994 434 5049 Philo
559 4994 681 5064 604,
715 4991 1067 5064 Plutarchus
1089 5007 1144 5061 p.
1173 4990 1429 5064 376,7ubi
1457 4989 1636 5044 etiam
1672 4988 1909 5064 tyranni

266 5058 487 5120 nomen
520 5063 900 5134 exprimitur,
927 5058 1265 5134 Nicocreon.
1302 5063 1367 5116 H.
1402 5062 1677 5134 SYLBURG.
1701 5058 1910 5134 }—_Sed

268 5138 450 5191 Lucas
472 5131 812 5189 Holstenius
833 5133 907 5188 ad
931 5133 1294 5204 Stephanum
1317 5134 1552 5204 Byzant.
1579 5149 1634 5202 p.
1662 5133 1765 5185 332
1784 5131 1910 5204 hinc

264 5209 545 5264 adnotat:
580 5228 606 5255 «
644 5201 1347 5271 Posthumusjﬂomanus
1367 5201 1508 5271 dux,
1532 5201 1738 5273 captus
1769 5201 1912 5258 dici-

263 5286 360 5363 tur
391 5278 495 5361 ὑπδ
527 5276 928 5363 Πευκετίωνοςᾶ
947 5293 1050 5362 pro
1085 5274 1186 5327 ὑπὸ
1223 5275 1540 5363 Ῐξᾶυκετίων·
1561 5275 1753 5363 ‘Regie
1774 5274 1912 5363 ipsa.

263 5352 539 5421 Peucelia
589 5349 824 5421 dicitur.
888 5344 1187 5421 llsuxérmt,
1249 5344 1395 5407 ἔθνος
1453 5345 1576 5421 περὶ
1623 5344 1686 5400 τὸ
1717 5344 1906 5402 Ἰόνιον

262 5419 528 5489 πέλαγος,
559 5420 757 5489 inquit
785 5419 1136 5489 Stephanus.
1171 5440 1196 5466 υ

335 5491 444 5564 (88)
474 5491 834 5566 Ἀναξάρχου.
871 5492 949 5544 De
983 5491 1353 5566 Anaxarcho,
1385 5495 1600 5566 printer
1637 5495 1909 5566 auctores

264 5579 303 5638 ει
319 5561 627 5638 Sylhurgio
648 5561 1024 5638 memoratos,
1047 5562 1201 5638 conf.
1223 5563 1401 5638 etiam
1418 5561 1660 5638 _O\_r1dius
1686 5562 1744 5638 In
1763 5561 1906 5626 Ibin,

264 5633 659 5714 '[eftullianus
681 5635 788 5691 sub
815 5634 1000 5714 ﬁnem
1016 5635 1390 5714 ipoiqgnetici;
1407 5634 1685 5714 Origenes
1705 5633 1910 5712 Corma

269 5705 478 5762 Celsum
508 5707 609 5763 lib.
666 5725 764 5774 vn,
809 5722 938 5778 pag.
974 5707 1097 5774 367,
1130 5707 1271 5774 368;
1305 5703 1616 5778 Gregorius
1644 5703 1904 5759 Nazianz.

2031 3064 2178 3119 alios
2199 3069 2448 3123 taceam.
2474 3062 2893 3134 Theodoretus,
2914 3063 3043 3117 loco
3062 3064 3335 3134 superius
3358 3062 3534 3129 dicto,
3563 3081 3679 3134 quo

2028 3135 2151 3190 fere
2179 3136 2308 3209 ipsa
2337 3133 2658 3209 Clementis
2687 3133 2865 3209 verba
2902 3135 3113 3189 recitat
3134 3131 3334 3209 ᾗΟὐδέ
3379 3154 3439 3209 γε
3469 3131 3678 3209 ,Ἀνάξ-

2028 3199 2219 3281 ᾳλρχος-
2250 3204 2476 3281 ἐκεῖνος’
2550 3202 2628 3275 ὅς’
2710 3205 2929 3281 ὑπέροις
2986 3199 3676 3281 πῖισσόμβνοςῘσιδηροῖξ,

2027 3275 2237 3353 ἔλξγεν,
2297 3275 2370 3353 ὥς
2428 3295 2580 3353 φασι·
2659 3275 2877 3353 Πτίσσε,
2951 3275 3136 3353 πτίσσε
3189 3275 3282 3332 τὸν
3338 3275 3678 3353 Ἀναξάρχου

2029 3346 2780 3422 θύλακον’ν-Ἀνάξαρχον-γὰρ
2813 3347 2876 3403 οὑ
2905 3346 3169 3422 πτίσσεις.

2101 3368 2286 3404 Λακονο
2324 3368 2648 3422 Ἀνάξαρχον
2717 3368 2780 3422 αρ
2813 3368 2876 3403 ου
2905 3368 3169 3408 πτισσεις.

2101 3422 2210 3494 (89)
2240 3419 2347 3476 Κᾶν
2368 3419 2619 3494 θηρίοις.
2653 3368 2807 3475 Fior.
2840 3421 3158 3493 conjuncte
3201 3419 3543 3493 κανθηρίοις,
3574 3437 3674 3476 er-

2027 3491 2160 3548 rore
2192 3491 2529 3548 manifesto.
2567 3493 2836 3547 SYLBcnc.

2099 3567 2212 3634 (90)
2271 3565 2417 3636 Ταῖς
2480 3560 2647 3636 θείαις
2724 3561 3094 3636 ἀπαρτωμὲνη
3169 3558 3380 3636 φιλίαις
3439 3562 3677 3618 Rectius

2026 3631 2888 3707 Ῑοὲῐθ’τῆςγθείαςᾲάπαρτωμὲνη
2919 3631 3128 3707 φιλίας.
3162 3631 3436 3707 ἓῃιιυιιθ.

2097 3708 2211 3780 (91)
2241 3699 2454 3780 Ἕθνος
2497 3699 2794 3780 βάρϐαρον.
2843 3699 3022 3780 Getas
3057 3704 3358 3780 intelligit,
3392 3719 3541 3780 quos
3569 3705 3677 3780 Ζα-

2026 3777 2252 3832 molxin
2281 3776 2579 3848 praacip'ue'
2611 3776 2887 3843 coluisse,
2932 3777 3201 3848 referunt
3248 3776 3579 3848 Herodotus
3610 3776 3673 3832 in

2025 3847 2378 3918 Melpomene,
2414 3848 2676 3902 Laertius
2706 3849 2877 3902 initio
2924 3847 3274 3919 Pythagorae,
3307 3847 3670 3918 Porphyrius

2025 3920 2088 3974 in
2126 3922 2255 3974 Vita
2311 3921 2640 3990 Pythagora
2698 3925 2981 3986 extrema,
3038 3919 3402 3974 Jamhlichus
3444 3919 3503 3972 in
3543 3921 3669 3973 Vita

2026 3991 2378 4061 Pythagorae,
2408 4008 2459 4061 c_.
2493 3993 2582 4059 30,
2616 3991 2845 4061 Suidas,
2876 3991 3247 4061 Etymologici
3296 3994 3522 4057 auctor,
3554 3995 3666 4046 etc.

2098 4058 2356 4138 (92)06_x
2411 4058 3077 4138 ἅγξυστονλφιλοσοιρίας.
3136 4058 3354 4138 Scribit
3410 4061 3675 4138 Herodo-

2027 4139 2142 4215 tus,
2167 4131 2296 4216 loco
2311 4131 2640 4216 jam-dicto,
2668 4131 2838 4188 Getas
2859 4131 3148 4216 Thracum
3169 4131 3447 4216 omnibus
3463 4131 3671 4216 fortis-

2028 4206 2210 4260 simos
2234 4211 2292 4260 et
2309 4203 2675 4277 justissimos
2707 4223 2856 4260 esse.
2890 4205 3144 4277 Etenim.
3169 4209 3233 4259 ut
3253 4203 3434 4257 refert
3461 4203 3519 4277 in
3543 4203 3672 4257 loco

2026 4277 2204 4348 etiam
2256 4271 2416 4348 dicto
2464 4276 2849 4348 Jamblichus,
2893 4273 3192 4348 Ζάμολξις,
3240 4271 3674 4348 παραγενόμενος

2024 4347 2161 4422 πρὸς
2187 4346 2314 4422 τοὺς
2343 4345 2538 4422 Γέτας,
2567 4346 2694 4422 τούς
2740 4343 3047 4422 τερνόμους
3098 4343 3284 4408 αὐτοῖς
3322 4343 3493 4422 ἕθῄκε
3522 4343 3546 4400 ⁷,
3595 4387 3608 4399 .

2021 4415 2110 4472 καὶ
2141 4420 2276 4490 πρὸς
2306 4419 2405 4486 τὴν
2451 4417 2693 4490 ἀνδρείαν
2741 4415 2866 4475 τοὺς
2907 4415 3142 4480 πολίτας
3190 4415 3545 4490 παρεκάλεσε,
3572 4416 3671 4490 τήν

2020 4488 2205 4564 ψυχήν
2237 4490 2500 4552 ἀθάνατον
2534 4488 2664 4545 εἶναι
2709 4495 2892 4544 πεῖσαι
2935 4495 3073 4559 (scr.
3111 4488 3339 4562 μείσας).
3387 4512 3414 4540 ‹‹
3439 4489 3672 4544 Zamol-

2019 4563 2109 4618 xis
2141 4562 2214 4634 ad
2247 4565 2417 4618 Getas
2447 4564 2767 4633 profectus,
2799 4562 2919 4617 illis
2953 4564 3111 4634 leges
3142 4562 3324 4626 dedit,
3357 4567 3416 4615 et
3443 4561 3517 4616 ad
3546 4560 3667 4634 for-

2020 4633 2338 4690 titudinem
2365 4632 2518 4690 cives
2551 4641 2639 4691 est
2661 4637 2951 4705 hortatus,
2976 4632 3237 4690 animam
3267 4632 3669 4705 immortalem

2021 4721 2150 4779 esse
2181 4706 2613 4779 persuadendo.
2651 4727 2678 4756 ››
2737 4705 2902 4779 Unde
2934 4701 3218 4779 μέγιστος
3251 4705 3358 4757 τῶν
3389 4706 3523 4767 θεῶν
3553 4701 3664 4779 ἐστι

2018 4776 2145 4850 παρ’
2177 4775 2451 4850 aimich
2476 4779 2722 4833 deorum
2749 4777 2903 4849 apud
2929 4775 3065 4832 illos
3086 4777 3324 4832 habitus
3355 4781 3444 4830 est
3474 4776 3668 4832 maxi-

2019 4849 2192 4904 mus:
2225 4869 2254 4900 n
2288 4855 2354 4904 ut
2377 4849 2459 4921 ibi
2491 4849 2780 4921 sequitur.

2019 4991 2054 5045 S
2090 4921 2204 4992 (93)
2234 4913 2593 4992 Πρεσϐύτην.’
2608 4924 2784 4977 Recte
2813 4920 2964 4975 forte
2993 4913 3351 4992 πρεσϐευτήν,
3383 4919 3664 4992 legatum.

2062 5007 2294 5045 YLBUBG.

2062 5007 2294 5047 YLBUBG.

2090 5063 2202 5136 (94)
2232 5061 2544 5136 ᾼὶροῦνται.
2577 5062 2637 5116 L.
2673 5060 2881 5135 αἱροῦν.
2933 5063 3156 5118 Lowrn.
3191 5094 3258 5102 —
3290 5060 3401 5118 Sed
3430 5065 3670 5133 recepta

2018 5133 2195 5188 lectio
2221 5133 2361 5188 ferri
2393 5134 2571 5189 etiam
2601 5133 2816 5204 potest.

2090 5206 2204 5271 (95)
2259 5205 2380 5259 Τῶν
2439 5202 2753 5276 Πυθαγόρου
2823 5203 3134 5275 γνωρίμων.
3220 5205 3315 5261 Sic
3397 5203 3666 5276 plerique

2020 5276 2278 5330 tradunt.
2315 5275 2802 5348 Origenes'etiam
2835 5278 3179 5348 Pythagora)
3220 5275 3450 5332 servum
3481 5275 3664 5348 fuisse

2019 5354 2311 5403 memorat
2341 5349 2402 5402 in
2420 5343 2534 5402 lib.
2569 5365 2652 5412 ιιι,
2688 5343 2895 5403 Contra
2939 5343 3168 5413 Celsum,
3222 5365 3351 5419 pag.
3402 5349 3518 5399 144.
3548 5343 3664 5399 Alii

2019 5420 2320 5475 Zamolxin
2349 5419 2680 5491 Pythagora
2710 5419 3107 5490 antiquiorem
3140 5419 3320 5473 fuisse
3351 5421 3663 5471 asserunt:

2019 5491 2179 5562 quod
2218 5508 2286 5546 ex
2318 5490 2634 5556 Herodoto,
2681 5491 2860 5546 Suida
2911 5497 2969 5546 et
3009 5490 3374 5560 Etymologici
3423 5493 3666 5543 auctore

2018 5563 2195 5651 modp
2226 5564 2482 5651 laudatis
2511 5569 2775 5651 apparet.

2059 5635 2200 5720 ,(96)
2259 5626 2772 5720 Ἕξλοσοφηᾶἇντων.
2832 5633 3070 5688 Rectius
3126 5631 3274 5685 forte
3360 5626 3662 5706 φιλοτιμη-

2015 5724 2242 5759 σαντων.
2275 5724 2547 5764 DYLBURG.
