4004 6144
251 180 389 239 1271

1486 179 1897 237 ΟῙιΜΝἮΕ
1922 179 2433 239 «Διαλκοηιιπ

3526 176 3682 234 1272

252 311 395 374 tem,
430 320 563 377 quea
593 303 785 360 excita
847 302 924 359 ad
964 301 1286 371 Christum,
1318 303 1473 358 sicut
1508 302 1789 369 virorum,
1821 303 1906 357 ita
1934 337 1946 370 λ

2056 301 2157 364 ίας.
2187 300 2375 368 Μεστή
2412 299 2505 373 μὶν
2565 296 2659 355 οὖν
2711 301 2856 355 πᾶσα
2883 299 2920 371 ἢ
2966 295 3265 370 Ἐκκλησία
3290 301 3398 356 τῶν
3433 299 3677 374 μελετη-

256 397 436 451 etiam
466 395 787 450 mulierum
848 392 1332 463 temperantiam.
1395 391 1557 446 Licet
1602 393 1677 458 ei,
1711 390 1814 461 qui
1840 407 1911 445 ex

2020 392 2227 447 σάντων
2261 391 2354 446 τὸν
2390 391 2639 466 ζώπυρον
2694 390 2922 454 θάνατον
2974 389 3052 445 εἴς
3112 390 3348 466 Χριστὸν
3377 392 3505 465 παρ’
3534 389 3667 446 δλον

259 503 426 540 more
458 488 662 538 nostro
693 481 871 536 vitam
915 480 1198 547 instituit,
1232 481 1409 535 etiam
1440 480 1665 551 absque
1696 480 1915 535 litteris

2056 481 2112 536 ὸν
2171 479 2313 557 βίον,
2367 482 2609 554 καθάπερ
2667 477 2897 554 ἀνδρῶν,
2957 478 3100 533 οὕτω
3153 476 3213 535 δὲ
3258 478 3348 534 καὶ
3404 484 3674 554 γυναικῶν

259 570 689 646 philosophari,
718 585 820 624 seu
843 569 920 624 sit
938 569 1250 637 barbarus,
1271 586 1375 624 seu
1398 570 1654 637 Graecus,
1675 586 1779 624 seu
1799 586 1920 624 ser-

258 680 387 729 vus,
422 677 525 716 seu
558 676 759 724 senex,
794 675 898 713 seu
927 658 1185 730 puellus,
1222 675 1327 713 seu
1354 658 1590 714 mulier.
1625 660 1725 713 Est
1755 658 1916 713 enim

260 748 661 820 temperantia
684 746 1019 800 communis
1036 745 1303 799 omnium
1322 745 1762 815 hominum,qui
1786 761 1918 799 eam

258 836 605 909 delegerint.
624 837 719 889 Est
738 839 933 889 autem
954 833 1108 905 apud
1129 850 1237 887 nos
1254 840 1417 888 extra
1437 834 1918 901 controversiam,

263 926 539 982 eamdem
576 929 850 979 naturam
890 923 951 976 in
991 939 1350 993 unoquoque
1388 938 1623 994 genere,
1650 922 1921 977 eamdem

269 1016 449 1070 etiam
471 1013 691 1068 habere
714 1012 1008 1065 virtutem.
1051 1013 1177 1066 Non
1208 1010 1386 1066 aliam
1410 1026 1545 1083 ergo
1568 1010 1786 1065 habere
1816 1027 1920 1066 na-

274 1110 472 1159 turam
493 1102 726 1162 mulier.
754 1101 912 1172 quod
943 1100 1155 1155 attinet
1173 1100 1248 1156 ad
1269 1100 1923 1170 humanitatem,{aliam

267 1211 405 1249 vero
439 1192 670 1246 videtur
690 1191 775 1244 vir
796 1190 1036 1253 habere,
1057 1189 1161 1244 sed
1189 1188 1459 1245 eamdem
1485 1206 1497 1245 :
1531 1206 1713 1260 quare
1744 1189 1925 1244 etiam

277 1284 574 1337 virtutem.
608 1279 774 1346 Quod
806 1279 853 1333 si
885 1279 992 1332 viri
1022 1278 1225 1349 utique
1255 1278 1440 1333 virtus
1471 1283 1561 1332 est
1586 1284 1925 1349 temperan-

272 1371 377 1438 tia,
408 1376 465 1425 et
484 1369 741 1442 justitia,
776 1375 836 1424 et
862 1383 1234 1439 quascunque
1264 1368 1371 1423 has
1406 1367 1692 1438 consequi
1721 1367 1926 1422 existi-

273 1465 538 1525 mantur,
572 1464 697 1512 tum
731 1456 843 1513 soli
890 1457 1013 1511 viro
1068 1457 1344 1511 convenit
1373 1472 1504 1511 esse
1535 1456 1747 1510 virtute
1774 1472 1924 1527 pras-

280 1549 504 1615 ditum;
533 1546 775 1602 mulieri
802 1563 959 1611 vero,
994 1561 1124 1600 esse
1155 1545 1654 1616 intemperantem
1686 1549 1745 1599 et
1768 1544 1928 1616 inju-

2021 570 2317 645 σωφρόνων
2351 574 2484 639 (97).
2517 569 2725 641 Ἔξεστι
2780 565 2883 641 γάρ
2929 572 3011 640 τῷ
3058 568 3174 631 καθ’
3199 570 3348 639 ἡμᾶς
3378 565 3675 623 πολιτευο-

2028 657 2174 730 μένῳ
2230 656 2320 712 καὶ
2378 653 2502 711 ἄνευ
2557 654 2894 730 γραμμάτων
2957 653 3296 734 φιλοσοφεῖν,
3327 652 3423 710 κᾶν
3459 651 3677 731 βάρϐα-

2025 765 2119 820 ρος
2150 748 2261 819 (98)
2292 743 2350 819 ᾖ,
2379 744 2474 800 κᾶν
2519 742 2755 815 Ἕλλην,
2814 743 2909 799 κᾶν
2969 742 3188 811 δοῦλος,
3217 740 3317 799 κᾶν
3346 743 3544 819 γέρων,
3574 743 3675 799 κᾶν

2025 832 2270 903 παιδίον,
2299 834 2397 889 κᾶν
2422 835 2581 909 γυνή’
2633 835 2792 902 κοινὴ
2852 833 2952 908 γὰρ
3012 835 3263 889 ἁπάντων
3319 837 3428 888 τῶν
3460 834 3678 909 ἀνθρώ-

2025 946 2167 995 πων,
2197 928 2308 979 τῶν
2372 944 2437 998 γε
2482 922 2780 996 ἑλομένων,
2827 925 2863 992 ἡ
2919 922 3267 1000 σωφροσύνη.
3301 921 3678 998 Ὦμολόγηται

2029 1011 2075 1069 δ’
2121 1016 2257 1086 ἡμῖν
2315 1015 2413 1082 τὴν
2473 1010 2640 1080 αὐτὴν
2700 1032 2854 1089 φυσιν
2904 1012 3040 1067 κατά
3095 1010 3251 1086 γένος
3299 1007 3544 1081 ἕκαστον,
3573 1012 3678 1081 τὴν

2028 1104 2195 1173 αὐτὴν
2227 1104 2317 1159 καὶ
2348 1101 2528 1179 ἴσχειν
2558 1103 2772 1179 ἀρετήν.
2825 1101 2937 1157 Οὖκ
2991 1100 3172 1172 ἄλλην
3207 1100 3386 1158 τοίνυν
3416 1103 3552 1179 πρὸς
3577 1104 3683 1172 τὴν

2028 1192 2429 1267 ἀνθρωπότητα
2456 1192 2614 1270 φύσιν
2649 1189 2765 1267 ἔχει
2788 1193 2898 1264 (99)
2920 1192 2954 1261 ἡ
2976 1191 3134 1265 γυνὴ,
3159 1190 3339 1261 ἄλλην
3383 1188 3443 1246 δὲ
3478 1193 3507 1246 ὁ
3537 1192 3678 1266 ἀνὴρ

2030 1282 2297 1359 φαίνεται,
2330 1278 2457 1336 ἀλλ’
2510 1279 2547 1348 ἢ
2599 1281 2700 1349 τὴν
2754 1277 2945 1349 αὐτήν·
3006 1277 3144 1333 ὥστε
3189 1278 3281 1334 καὶ
3328 1280 3425 1348 τὴν
3456 1278 3682 1352 ἀρετήν.

2031 1372 2094 1431 Εἰ
2127 1369 2186 1427 δὲ
2214 1369 2405 1447 ἀνδρὸς
2437 1370 2601 1445 ἀρετὴ
2634 1367 2963 1447 σωφροσύνη
3004 1366 3301 1440 δήπουθεν,
3344 1369 3436 1424 καὶ
3466 1366 3682 1425 δικαιο-

2034 1463 2193 1530 σύνη,
2225 1458 2315 1514 καὶ
2359 1460 2481 1514 ’ὸσαι
2516 1456 2737 1520 ταύταις
2789 1456 3086 1521 ἀκόλουθοι
3138 1463 3482 1530 νομιζονται,
3524 1455 3685 1532 ἀνδρὶ

2039 1550 2191 1623 μόνῳ
2223 1546 2458 1620 ἒναρέτῳ
2510 1546 2643 1602 εἶναι
2696 1547 2986 1621 προσήκει,
3043 1545 3255 1621 γυναικὶ
3305 1543 3365 1601 δὲ
3393 1544 3687 1620 ἀκολάστῳ

276 1643 450 1694 stam.
484 1636 661 1707 Atqui
693 1641 865 1706 turpe
894 1639 984 1689 est
1011 1634 1122 1689 hoc
1140 1634 1233 1689 vel
1254 1633 1449 1689 dicere
1477 1651 1488 1688 :
1518 1633 1928 1704 temperantia:

2056 1638 2127 1693 ιαὶ
2159 1634 2351 1709 ἀδίκῳ.
2381 1635 2554 1692 Ἀλλὰ
2602 1634 2838 1711 ἀπρεπὲς
2886 1635 3047 1690 τοῦτο
3094 1635 3180 1689 καὶ
3232 1633 3433 1710 λέγειν’
3466 1654 3687 1713 σωφρο-

282 1744 418 1799 ergo
451 1730 509 1780 et
530 1724 802 1797 justitiaa,
827 1728 886 1778 et
905 1723 1135 1779 caeteris
1156 1722 1472 1777 virtutibus
1496 1722 1775 1778 similiter
1803 1722 1929 1792 qui-

282 1815 420 1871 dem
451 1814 642 1869 virum
672 1817 730 1868 et
757 1812 1096 1880 mulierem,
1129 1812 1387 1867 liberum
1417 1818 1478 1867 et
1505 1827 1760 1881 servum,
1793 1827 1932 1883 ope-

285 1921 415 1960 ram
438 1907 671 1973 oportet
690 1901 830 1956 dare
855 1921 870 1967 ;
898 1900 1382 1971 quandoquidem
1404 1900 1675 1971 ejusdem
1704 1900 1936 1954 virtutis

288 2007 536 2063 capaces
559 1994 863 2053 sunt,cum
886 1988 1154 2060 ejusdem
1174 1993 1401 2043 natura:
1424 1988 1560 2042 sint.
1571 1986 1937 2058 Atqui,quod

290 2082 368 2137 sit
397 2078 640 2151 quidem
671 2078 881 2133 eadem
911 2082 1124 2133 natura
1152 2078 1390 2133 feminae
1418 2094 1550 2148 quas
1575 2077 1704 2146 viri,
1729 2081 1937 2148 quate-

286 2187 401 2226 nus
434 2174 525 2225 est
549 2168 795 2240 femina,
819 2184 941 2223 non
971 2167 1255 2235 dicimus;
1278 2167 1524 2223 omnino
1543 2167 1703 2223 enim
1733 2182 1940 2223 conve-

289 2260 381 2315 nit
408 2258 648 2329 utrique
673 2273 881 2312 eorum
898 2262 966 2311 ut
990 2257 1189 2313 aliena
1210 2257 1366 2312 inter
1385 2273 1487 2312 eos
1508 2256 1845 2312 differentia
1863 2255 1942 2310 sit

287 2365 396 2420 per
425 2363 603 2419 quam
626 2363 811 2401 unum
834 2346 1078 2417 quidem
1096 2363 1300 2401 eorum
1322 2344 1939 2414 femineum,alterum

290 2454 426 2493 vero
456 2434 788 2491 masculum
847 2435 1098 2491 dicatur.
1160 2436 1402 2490 Uterum
1460 2451 1596 2507 ergo
1626 2438 1853 2505 gestare
1885 2436 1946 2487 et

292 2542 522 2597 parere,
567 2524 806 2579 feminae
837 2523 1046 2579 adesse
1095 2523 1372 2594 dicimus,
1415 2530 1710 2594 quatenus
1741 2528 1833 2577 est
1859 2521 1945 2577 fe-

294 2614 479 2681 mina,
513 2630 636 2667 non
669 2617 964 2683 quatenus
993 2617 1084 2667 est
1108 2612 1305 2667 homo.
1332 2611 1388 2666 Si
1410 2618 1610 2667 autem
1638 2611 1747 2665 viri
1778 2616 1839 2666 et
1860 2610 1946 2665 fe-

296 2702 474 2757 minas
500 2701 669 2757 nulla
689 2706 845 2756 esset
868 2700 1225 2760 diﬂ'erentia.
1245 2706 1495 2771 uterque
1515 2717 1720 2755 eorum
1737 2699 1946 2755 eadem

298 2796 499 2861 ageret
537 2795 595 2844 et
622 2794 943 2860 pateretur.
977 2789 1277 2853 Quatenus
1328 2804 1463 2861 ergo
1520 2792 1610 2843 est
1639 2788 1848 2843 eadem
1880 2804 1949 2842 eo

303 2878 463 2949 quod
490 2877 709 2932 habeat
736 2876 1005 2932 eamdem
1036 2877 1322 2945 animam,
1352 2876 1549 2931 veniet
1574 2877 1647 2932 ad
1677 2876 1950 2932 eamdem

298 2968 617 3031 virtutem;
653 2970 945 3036 quatenus
1000 2970 1198 3020 autem
1255 2964 1485 3021 diversa
1539 2982 1646 3037 per
1682 2966 1952 3037 proprie-

305 3061 486 3110 tatem
518 3055 805 3125 corporis,
824 3052 897 3108 ad
919 3058 1085 3109 utero
1108 3053 1423 3126 gestandos
1453 3054 1517 3118 ᾖ
1544 3055 1719 3122 fetus,
1745 3060 1804 3110 et
1828 3070 1949 3110 ser-

302 3143 559 3198 vandam
588 3142 851 3198 domum.
887 3166 915 3195 ι(
951 3143 1092 3199 Volo
1125 3166 1152 3192 ››
1180 3143 1362 3209 enim,
1394 3145 1589 3215 inquit
1612 3144 1947 3216 Apostolus,

306 3255 333 3282 ιι
370 3249 467 3287 vos
499 3232 674 3301 scire,
709 3230 869 3302 quod
899 3232 1159 3303 cujusvis
1189 3232 1296 3287 viri
1327 3239 1505 3304 caput
1545 3240 1633 3289 est
1661 3232 1950 3301 Christus,

305 3328 483 3393 caput
512 3327 712 3376 autem
757 3320 1027 3376 mulieris
1085 3322 1191 3377 vir.
1253 3324 1380 3377 Non
1439 3328 1528 3376 est
1579 3322 1737 3376 enim
1770 3321 1855 3375 vir
1884 3338 1956 3376 ex

306 3411 581 3477 muliere,
613 3409 716 3465 sed
748 3410 964 3465 mulier
996 3426 1066 3464 ex
1096 3409 1240 3464 viro.
1273 3410 1386 3465 Sed
1415 3426 1610 3481 neque
1629 3410 1845 3465 mulier
1866 3415 1958 3465 est

309 3504 581 3571 separata
610 3515 646 3554 a
672 3498 819 3564 viro,
851 3515 1046 3569 neque
1078 3500 1166 3553 vir
1213 3506 1520 3570 separatus
1551 3515 1586 3554 a
1612 3499 1864 3554 muliere
1894 3500 1956 3554 in

307 3590 557 3644 Domino
579 3587 679 3659 (a).
712 3609 740 3637 »
763 3588 926 3642 Sicut
956 3587 1116 3642 enim
1145 3588 1336 3643 virum
1362 3604 1491 3643 esse
1523 3594 1957 3659 temperantem

309 3682 369 3732 et
394 3677 630 3731 vincere
661 3675 991 3746 voluptates
1041 3681 1316 3747 oportere
1358 3675 1632 3746 dicimus,
1667 3676 1748 3732 ita
1778 3677 1957 3732 etiam

311 3780 625 3820 censemus
655 3764 972 3820 mulierem
994 3781 1124 3821 esse
1146 3774 1420 3837 oportere
1442 3771 1963 3837 temperantem,et

308 3855 373 3909 in
408 3870 605 3927 pugna
632 3852 913 3909 adversus
952 3853 1283 3924 voluptates
1323 3855 1722 3910 exercitatam.
1762 3878 1783 3905 ι
1819 3855 1960 3910 Dico

311 3948 530 4007 autem,
567 3942 780 4013 spiritu
807 3942 1131 4008 ambulate,
1151 3948 1211 3997 et
1232 3942 1596 3998 desiderium
1619 3943 1813 3998 carnis
1840 3960 1962 3999 non

307 4031 594 4095 feceritis,
610 4052 637 4079 »
662 4036 1025 4102 praeceptum
1049 4030 1309 4086 consulit
1323 4031 1742 4103 apostolicum:
1773 4033 1960 4087 «Caro

312 4120 472 4174 enim
495 4120 862 4191 concupiscit
884 4119 1164 4174 adversus
1187 4120 1482 4191 spiritum,
1499 4120 1740 4191 spiritus
1761 4126 1961 4176 autem

313 4208 593 4263 adversus
624 4224 885 4264 carnem.
919 4208 1055 4262 Haec
1085 4205 1221 4280 ergo
1253 4213 1655 4279 opponuntur,
1689 4230 1715 4257 »
1746 4225 1868 4264 non
1900 4216 1966 4264 ut

312 4297 537 4352 malum
566 4297 747 4364 bono,
782 4296 886 4352 sed
934 4301 1000 4351 ut
1047 4313 1179 4367 qum
1226 4302 1496 4368 pugnant
1522 4298 1770 4352 utiliter.
1805 4298 1961 4352 Sub-

2040 1727 2206 1796 σύνης
2263 1723 2355 1780 οὖν
2410 1722 2776 1798 ἐπιμελητὲον
2831 1725 2921 1779 καὶ
2981 1721 3352 1794 δικαιοσύνης,
3435 1724 3526 1779 καὶ
3581 1730 3689 1794 τῆς

2042 1813 2220 1885 ἄλλης
2256 1814 2449 1890 ἀρετῆς
2494 1813 2731 1883 ἁπάσης,
2791 1812 2997 1886 ὁμοίως
3054 1813 3148 1886 μὲν
3206 1812 3444 1887 γυναικὶ,
3475 1812 3691 1886 ὁμοίως

2042 1901 2101 1958 δὲ
2148 1899 2324 1977 ἀνδρὶ,
2376 1898 2643 1975 ἐλευθέρῳ
2695 1921 2755 1955 τε
2809 1902 2897 1955 καί
2954 1898 3159 1973 δούλῳ⁶
3192 1898 3379 1970 ἐπειδὴ
3416 1900 3562 1975 μίαν,
3592 1901 3688 1955 καὶ

2040 1993 2140 2060 τήν
2176 1990 2342 2059 αὐτὴν
2396 1990 2591 2066 ἀρετὴν
2648 1989 2786 2044 εἶναι
2838 1995 2941 2060 τῆς
2998 1989 3165 2059 αὐτῆς
3224 1988 3435 2067 φύσεως
3484 1984 3693 2064 συμϐἐ-

2044 2075 2230 2150 6ηκεν.
2265 2080 2342 2136 Τὸ
2376 2078 2471 2151 μὲν
2523 2078 2708 2133 τοίνυν
2758 2078 2857 2147 τήν
2909 2077 3076 2147 αὐτὴν
3120 2079 3254 2134 εἶναι
3284 2076 3440 2152 φύσιν
3466 2082 3566 2133 τοῦ
3594 2079 3699 2149 θή-

2045 2167 2171 2230 λεος
2229 2167 2367 2242 πρὸς
2420 2167 2483 2222 τὸ
2537 2163 2720 2243 ἅῤῥεν,
2779 2167 2912 2230 καθὸ
2966 2165 3110 2237 θῆλύ
3171 2165 3337 2236 ἐστιν,
3380 2165 3448 2221 οὐ
3497 2168 3699 2244 φαμεν

2045 2260 2262 2318 πάντως
2302 2255 2408 2331 γὰρ
2464 2276 2587 2311 τινα
2640 2256 2732 2311 καὶ
2791 2253 3054 2332 διαφορὰν
3114 2255 3378 2331 ὑπάρχειν
3427 2258 3704 2330 προσῆκεν

2047 2346 2286 2421 ἑκατέρῳ
2310 2344 2544 2413 τούτων,
2605 2342 2677 2399 δι’
2730 2345 2799 2413 ἢν
2852 2345 2915 2399 τὸ
2975 2345 3071 2423 μὲν
3132 2345 3277 2415 θῆλυ
3319 2344 3609 2414 «arma
3641 2342 3700 2401 δὶ

2049 2434 2207 2512 asse.
2238 2432 2471 2509 γένονεν·
2525 2433 2590 2488 τὸ
2646 2436 2779 2508 γοῦν
2827 2438 3116 2512 κυοφορεῖν
3176 2433 3268 2489 καὶ
3305 2434 3369 2489 τὸ
3396 2434 3598 2490 τίκτειν
3628 2436 3701 2506 τῇ

2048 2523 2262 2601 γυναικὶ
2318 2520 2601 2595 προσεῖναί
2658 2542 2853 2598 φαμεν,
2905 2523 3039 2577 καθὸ
3087 2520 3285 2592 θήλεια
3329 2521 3610 2598 τυγχάνει,
3637 2522 3701 2578 οὐ

2051 2612 2187 2668 καθὸ
2218 2611 2526 2688 ἅνθρωπος.
2552 2609 2615 2667 Εἰ
2647 2607 2706 2664 δὲ
2738 2606 2908 2682 μηδὲν
2929 2610 2997 2680 ἦν
3025 2612 3089 2665 τὸ
3117 2607 3378 2689 διάφορον
3401 2608 3595 2683 ἀνδρὸς
3614 2609 3706 2665 καὶ

2052 2700 2325 2777 γυναικὸς,
2382 2699 2450 2754 τὰ
2507 2699 2648 2753 αὐτὰ
2705 2696 2767 2752 ἃν
2807 2698 3059 2774 ἑκάτερον
3119 2699 3296 2754 αὐτῶν
3358 2701 3434 2772 (1)
3489 2695 3623 2774 ἕδρα
3648 2718 3709 2754 τε

2053 2787 2145 2843 καὶ
2179 2786 2435 2863 ἔπασχεν.
2476 2791 2546 2855 ᾝ
2607 2787 2701 2859 μὲν
2754 2785 2933 2841 τοίνυν
2992 2786 3186 2843 ταυτόν
3218 2785 3330 2842 ἐστι
3362 2786 3496 2852 καθὸ
3525 2788 3707 2862 ψυχὴ,

2053 2878 2224 2950 ταύτῃ
2280 2874 2369 2930 ἐπὶ
2425 2876 2524 2944 τήν
2584 2874 2751 2943 αὐτὴν
2812 2874 3052 2954 ἀφίξεται
3111 2874 3325 2949 ἀρετήν·
3378 2876 3417 2946 ᾗ
3474 2871 3533 2930 δὲ
3591 2871 3711 2930 διά-

2061 2985 2252 3044 φορον,
2313 2965 2449 3019 κατὰ
2501 2969 2603 3032 τήν
2654 2967 2753 3018 τοῦ
2824 2962 3076 3036 σώματος
3137 2960 3404 3031 ἰδιότητα,
3465 2961 3559 3017 ἐπὶ
3616 2963 3711 3025 τὰς

2061 3057 2305 3124 κυήσεις,
2331 3053 2420 3109 καὶ
2449 3054 2549 3121 τήν
2585 3051 2881 3128 οἰκουρίαν.
2905 3076 2933 3104 ιι
2961 3051 3114 3107 Θέλω
3137 3052 3288 3128 »γὰρ
3314 3054 3394 3125 (2)
3432 3072 3455 3101 ι
3491 3052 3658 3126 ὑμᾶς,
3682 3075 3711 3103 ιο

2060 3142 2222 3221 φησὶν
2255 3144 2285 3197 ὁ
2317 3138 2674 3210 Ἀπόστολος,
2739 3167 2760 3193 ι
2814 3137 3009 3196 εἰδέναι
3067 3140 3152 3196 ὅτι
3201 3141 3405 3202 παντὸς
3452 3137 3708 3213 ἆνδρόςὴ

2059 3229 2270 3310 κεφαλὴ
2330 3232 2358 3286 ὁ
2415 3231 2670 3306 Χριστός.
2726 3228 2939 3305 κεφαλή
2999 3226 3058 3284 δὲ
3107 3229 3424 3303 γυναικὸςὸ
3457 3228 3618 3303 ἀνήρ⁶
3650 3226 3711 3283 οὗ

2060 3321 2164 3396 γὰρ
2205 3319 2345 3376 ἐστιν
2404 3318 2465 3375 ἐκ
2516 3320 2769 3395 γυναικὸς
2823 3319 2981 3395 ἀνὴρ,
3036 3316 3184 3374 ἀλλὰ
3225 3320 3358 3394 γυνή
3409 3317 3461 3388 ἐξ
3490 3314 3710 3394 ἀνδρός.

2065 3409 2217 3479 Ιιλήν
2253 3406 2377 3464 οὔτε
2405 3409 2543 3483 γυνή
2567 3407 2745 3483 χωρὶς
2767 3405 2987 3483 ἀνδρὸς,
3010 3404 3137 3463 οὔτε
3160 3408 3297 3483 ἀνὴρ
3321 3406 3499 3483 χωρὶς
3526 3425 3713 3484 γυναι-

2062 3498 2156 3562 κὸς
2211 3496 2263 3553 ἐν
2324 3494 2528 3573 Κυρίῳ.
2562 3520 2590 3549 ››
2650 3497 2739 3558 Ὠς
2797 3497 2902 3570 γὰρ
2959 3496 3216 3573 σώφρονα
3264 3495 3357 3550 τὸν
3404 3492 3590 3568 ἄνδρα,
3619 3491 3715 3549 καῖ

2062 3590 2172 3641 τῶν
2203 3583 2414 3654 ἡδονῶν
2472 3583 2754 3659 κρείττονα
2810 3582 2919 3639 δεῖν
2977 3585 3113 3639 εἶναι
3173 3585 3368 3662 φαμὲν,
3428 3582 3570 3639 οὓτω
3624 3580 3716 3637 καὶ

2063 3676 2163 3745 τὴν
2213 3678 2444 3749 γυναῖκα
2495 3672 2749 3751 σώφρονά
2802 3693 2862 3728 τε
2912 3672 3124 3746 ὁμοίως
3180 3673 3509 3745 ἀξιώσαιμεν
3556 3671 3714 3741 εἶναι,

2066 3763 2156 3818 καὶ
2208 3762 2344 3837 πρὸς
2398 3763 2497 3823 τὰς
2561 3759 2765 3832 ἡδονὰς
2825 3759 3192 3837 διαμάχεσθαι
3252 3762 3709 3834 μεμελετηκυῖαν.

2069 3877 2097 3903 ‹‹
2128 3850 2285 3925 Λέγω
2312 3847 2390 3922 δὲ,
2421 3849 2688 3923 πνεύματι
2716 3856 3083 3928 περιπατεῖτε,
3131 3854 3223 3905 καί
3267 3848 3548 3922 ἐπιθυμίαν
3582 3867 3713 3922 σαρ-

2068 3942 2162 4003 κὸς
2194 3940 2256 3995 οὐ
2308 3941 2384 4014 μή
2431 3938 2710 4011 τελέσητε,
2755 3965 2783 3993 ››
2835 3943 2870 4011 ἡ
2921 3939 3295 4009 Ἀποστολική
3355 3932 3717 4010 συμϐουλεύει

2071 4027 2290 4100 ἐντολή·
2335 4030 2449 4085 «Ἦ
2510 4029 2614 4104 γὰρ
2663 4030 2789 4103 σὰρξ
2848 4029 3107 4101 ἐπιθυμεῖ
3160 4028 3300 4084 κατὰ
3343 4031 3441 4082 τοῦ
3481 4024 3720 4099 πνεύμα-

2070 4139 2182 4188 τος,
2213 4119 2275 4173 τὸ
2306 4115 2363 4173 δὲ
2392 4121 2607 4190 πνεῦμα
2651 4120 2788 4173 κατὰ
2835 4125 2936 4187 τῆς
2984 4118 3201 4191 σαρκός.
3247 4120 3431 4174 Ταῦτα
3458 4114 3548 4171 οὖν
3577 4114 3720 4170 ἀντί-

2071 4228 2268 4275 κειται,
2296 4229 2325 4257 ››
2358 4205 2464 4280 οὐχ
2494 4206 2568 4268 ὡς
2600 4206 2766 4261 κακὸν
2814 4207 3016 4281 ἀγαθῷ,
3057 4205 3184 4261 ἀλλ’
3226 4206 3301 4267 ὡς
3334 4204 3717 4283 συμφερόντως

2077 4294 2385 4371 μαχόμενα.
2447 4295 2727 4371 Ἐπιφέρει
2785 4299 2942 4367 μοῦν.
3001 4319 3029 4347 ‹‹
3059 4296 3174 4350 Ἵνα
3208 4295 3286 4367 μή
3317 4293 3350 4347 ἆ
3388 4292 3447 4347 ἂν
3506 4291 3716 4363 θέλητε,

304 4386 507 4459 jungit
539 4387 739 4457 itaque
766 4403 778 4440 :
812 4408 839 4435 «
869 4386 940 4441 Ut
962 4402 1081 4440 non
1105 4402 1235 4457 qua)
1266 4385 1595 4451 volueritis,
1621 4401 1690 4441 ea
1708 4386 1939 4442 faciatis

2072 4388 2239 4438 ταῦτα
2267 4389 2485 4451 ποιῆτε.
2540 4384 2755 4457 Φανερά
2811 4381 2869 4438 δὲ
2924 4382 3037 4438 ἐστι
3092 4382 3161 4437 τὰ
3212 4382 3345 4457 ἓργα
3371 4388 3475 4451 τῆς
3505 4380 3718 4457 σαρκὸς,

312 4474 621 4530 Manifesta
649 4480 852 4530 autem
884 4480 1023 4530 sunt
1044 4490 1224 4546 opera
1251 4474 1469 4543 carnis,
1503 4491 1633 4546 quae
1668 4480 1805 4529 sunt
1831 4474 1962 4530 for-

2074 4474 2229 4529 ἅτινά
2258 4471 2391 4543 ἐστι,
2450 4473 2679 4545 πορνεία
2735 4475 2833 4545 (3),
2892 4473 3213 4546 ἀκαθαρσία,
3248 4469 3525 4546 ἀσέλγεια,
3556 4467 3719 4525 εἰδω-

382 4627 446 4691 >X<
474 4629 536 4682 P.
570 4630 667 4683 591
701 4627 811 4682 EE.
844 4625 1140 4692 POTTER,
1169 4623 1273 4679 498
1301 4624 1413 4681 ED.
1447 4625 1676 4682 PARIS.
1703 4623 1786 4699 (a)
1813 4625 1839 4679 Ι
1869 4626 1945 4681 Co

2056 4643 2109 4694 LI,
2141 4628 2195 4697 3,
2234 4626 2407 4693 8,11.

384 4803 496 4874 (97)
526 4805 817 4879 Fovetth»:
860 4822 1006 4879 qo?._
1040 4802 1463 4879 Tertullianus.
1498 4802 1601 4857 lib.
1756 4808 1969 4873 marty-

316 4873 421 4939 res,
454 4889 587 4946 cap.
613 4877 648 4928 4
676 4890 693 4946 εγ
713 4895 751 4946 ν‹‹
784 4873 898 4928 Sed
920 4873 1164 4946 spiritus
1194 4879 1586 4946 contraponat
1607 4874 1719 4928 sibi
1752 4879 1811 4929 et
1839 4890 1970 4928 car-

320 4949 405 5011 ni,
440 4944 651 4999 acerba
681 4945 825 4998 licet
850 4944 982 5013 ista,
1018 4963 1053 5000 a
1082 4947 1287 5001 multis
1332 4944 1532 5001 tamen
1565 4961 1735 5016 aequo
1767 4946 1967 5000 animo

321 5023 584 5086 excepta,
609 5016 730 5095 imo
745 5017 1006 5099 .et_ult_ro
1029 5018 1316 5099 appetita,
1334 5018 1593 5099 famaanet
1612 5017 1814 5099 glorize
1834 5033 1970 5099 cau-

320 5104 418 5154 sa;
450 5103 560 5142 nec
590 5104 624 5142 a
655 5088 793 5139 viris
826 5092 1077 5153 tantum,
1114 5088 1215 5142 sed
1243 5090 1420 5144 etiam
1447 5105 1481 5143 a
1502 5088 1762 5155 feminis,
1782 5096 1850 5142 ut
1873 5105 1970 5143 vos

320 5175 577 5231 quoque,
603 5155 1129 5231 benedictm,sexui
1152 5167 1343 5214 vestro
1364 5160 1828 5230 respondeatis,»
1855 5164 1967 5215 etc.

323 5226 486 5287 Conf.
523 5232 742 5299 Pardag.
773 5226 876 5299 lib.
913 5248 951 5294 ι,
981 5246 1030 5283 c.
1065 5232 1113 5282 4.

391 5305 502 5373 (98)
687 5292 1014 5375 βᾴρβαρος.-
1051 5299 1270 5375 Ga'lat.‘
1298 5316 1383 5375 tu,
1445 5303 1512 5355 28
1535 5318 1555 5375 :_
1725 5298 1798 5375 ἔνι
1834 5300 1972 5355 Ἰου-

391 5316 502 5373 (95)
535 5316 641 5357 Adv
694 5316 763 5375 βα
801 5316 988 5374 οαρος.
1051 5316 1236 5354 halat.
1298 5316 1383 5367 ΠΙ,
1445 5316 1548 5355 Ζδε
1578 5316 1695 5356 υῡκ
1725 5316 1798 5353 ενι
1836 5316 1967 5355 ⁷1ου-

321 5371 493 5437 δαῖος,
524 5371 654 5427 οὐδὲ
683 5316 921 5439 Ἔίλην·
958 5369 1060 5424 οὐκ
1110 5364 1188 5423 ἔνι
1247 5366 1467 5437 δοῦλος,
1502 5367 1629 5425 οὐδὲ
1660 5369 1967 5439 ἐλεύθερος·

322 5445 422 5500 οὐκ
451 5443 529 5522 ἔνι
561 5443 742 5522 ἄρσεν,
774 5443 865 5498 καὶ
894 5440 1058 5513 θῆλυ.
1119 5442 1282 5499 Conf.
1342 5444 1510 5499 Rom.
1562 5461 1615 5498 Χ.
1654 5446 1753 5508 12;
1786 5444 1809 5496 Ι
1839 5446 1969 5498 Cor.

326 5536 430 5584 xu,
461 5519 544 5572 13.

398 5576 505 5659 (99)
532 5590 710 5662 Ἐ’χιι.
746 5588 981 5645 Rectius
1012 5586 1161 5641 forte
1187 5576 1334 5655 ἔχειν
1364 5582 1534 5637 infln.
1564 5582 1761 5651 modo,
1795 5588 1859 5637 ut
1888 5600 1974 5638 re-

2076 4805 2248 4878 gatur
2277 4801 2514 4878 a_ve.rbo
2547 4801 2809 4878 φαίνεται.
2854 4803 3126 4878 Svpnunc.

2149 4874 2222 4943 (l)
2277 4869 2570 4945 Ἑκᾶτερον
2649 4873 2847 4929 αὐτῶν.
2933 4874 3104 4929 Forte
3172 4872 3391 4929 rectius
3476 4869 3722 4945 ἑκάτερος

2078 4942 2274 4998 αὐτῶν.
2312 4942 2585 5001 SYLBuRG.

2151 5018 2230 5086 (2)
2260 5015 2385 5087 Γάρ.
2422 5016 2488 5069 Δέ
2543 5019 2566 5071 Ι
2622 5018 2752 5087 Cor.
2808 5032 2887 5087 xi,
2946 5015 3047 5087 ubi
3101 5031 3257 5087 mox,
3309 5009 3571 5087 ἀνδρὸςὴ
3606 5032 3722 5087 xeo.

2079 5071 2311 5158 Xp‘tq'tdc
2336 5071 2470 5160 ἔστι·
2506 5071 2762 5160 ᾀβίῑικοῦ
2810 5071 2914 5160 γάρ
2943 5085 3082 5160 ἀνὴρ
3121 5085 3181 5139 ἐκ
3223 5071 3504 5160 γυναικός
3553 5071 3724 5160 paulo

2081 5154 2235 5248 post:
2288 5155 2451 5283 Ila-ip;
2498 5156 2625 5213 οὔτε
2678 5154 2833 5233 ἀνήρ’
2876 5154 3063 5231 χωρὶς
3109 5154 3384 5231 γυναικὸς,
3438 5154 3571 5211 οὔτε
3593 5159 3722 5230 γυνὴ

2083 5247 2258 5283 γυδοξε
2324 5250 2348 5279 ν
2393 5249 2417 5281 ο
2459 5249 2505 5283 ε.

2127 5249 2258 5301 ωρις
2288 5249 2505 5302 ανοροςᾲ.

2083 5247 2258 5303 χωρίς
2288 5247 2505 5302 ανορος.

2083 5372 2094 5375 Α
2151 5303 2230 5375 (3)
2260 5299 2449 5375 ’ᾌτινά
2478 5298 2613 5370 ἐστι,
2667 5320 2726 5354 π.
2786 5300 2976 5375 ⁴Ατινά
3033 5296 3168 5367 ἐστι,
3230 5297 3476 5375 μοιχεία,
3504 5300 3726 5375 1t.,_Qa-

2081 5368 2220 5445 lat,
2263 5372 2393 5445 ubi_
2420 5390 2575 5440 mox,
2593 5368 2607 5445 ς
2632 5368 2943 5445 φαρμακεία
2998 5388 3103 5442 pro
3163 5368 3515 5445 φαρμακεῖαι·
3566 5370 3727 5445 dein,

2081 5443 2295 5520 φθόνοι,
2329 5442 2506 5520 φόνοι,
2533 5439 2662 5520 .μέοξ
2710 5439 2896 5520 paulo
2955 5439 3493 5520 ρόειηᾶγαθωσόνη,
3526 5439 3727 5509 πίστις,

2082 5511 2350 5588 πραότηςξ
2384 5511 2686 5590 ἐγκράτεια.
2721 5511 2869 5579 Mox,
2918 5511 3236 5586 παραθεῖναι
3284 5514 3436 5569 forte
3475 5511 3590 5584 leg.
3623 5530 3724 5584 pro

2082 5593 2475 5659 παραταθῆναι.
