4004 6144
301 256 440 314 127⁸7

1625 257 2074 318 ΒΤΒΟΜΔΤΠΜ
2105 259 2242 317 LIB.
2280 263 2378 317 Ν.

3567 257 3708 318 ιετε

301 405 332 438 α
394 381 462 437 Δί
521 387 795 456 γυναῖκες,
849 381 1031 459 φησὶν,
1089 381 1452 448 ὑποτάσσεσθε
1504 388 1622 446 τοῖς
1679 381 1931 458 ἀνδράσιν

2072 401 2200 440 esse
2227 387 2413 441 amari
2444 387 2504 441 in
2536 387 2690 442 illas.
2732 387 2885 452 Filii,
2935 386 3170 443 obedite
3217 384 3563 460 parentibus
3605 396 3712 456 per

303 471 381 532 ὡς
413 471 603 540 ἀνήκει
635 474 743 544 (16)
805 471 854 526 ἐν
909 473 1118 544 Κυρίῳ.
1175 473 1244 529 Οἱ
1305 470 1511 545 ἂνδρες,
1572 474 1812 548 ἀγαπᾶτε
1866 473 1961 534 τὰς

301 565 586 634 γυναῖκας,
620 562 709 614 καὶ
747 561 822 633 μὴ
854 561 1201 636 πικραίνεσθε
1233 563 1372 636 πρὸς
1405 563 1596 623 αὐτάς.
1655 564 1739 619 Τὰ
1783 563 1962 628 τέκνα,

2070 475 2271 530 omnia
2295 475 2435 541 ;hoc
2459 477 2618 530 enim
2638 475 3076 546 beneplacitnm
3095 478 3464 533 estDomino.
3487 479 3710 545 Patres,

2068 563 2252 618 nolite
2285 564 2356 618 ad
2391 565 2861 635 indignationem
2906 582 3220 635 provocare
3267 567 3420 620 ﬁlios
3465 572 3711 633 vestros,

303 649 604 704 ὑπακούετε
632 653 748 710 τοῖς
781 653 996 721 γονεῦσι
1041 649 1176 704 κατά
1231 652 1426 705 πάντα·
1487 655 1649 706 τοῦτο
1707 652 1806 725 γὰρ
1839 650 1936 704 εὐά¹

2066 658 2132 707 ut
2161 669 2282 707 non
2315 653 2532 723 pusillo
2565 654 2762 708 animo
2796 653 2960 708 ﬁant.
2990 654 3170 721 Servi,
3194 653 3426 707 obedite
3459 671 3564 723 per
3585 671 3707 709 om-

301 757 488 813 ρεστον
559 741 640 808 τῷ
692 737 870 812 Κυρίῳ
907 783 918 794 .
973 739 1034 791 Οἱ
1113 739 1356 812 πατέρες,
1429 741 1505 812 μή
1583 739 1845 815 ἐρεθίζετε
1895 741 1960 794 τὰ

295 828 458 882 τέκνα
493 824 782 899 ὑμῶν,’ίνα
817 829 893 900 μή
947 829 1250 900 ἀθυμῶσιν.
1304 830 1371 885 Οἱ
1412 827 1626 899 δοῦλοι,
1663 829 1958 884 ὑπακούετε

293 916 432 972 κατὰ
464 917 639 970 πάντα
667 921 784 978 τοῖς
844 916 979 971 κατὰ
1029 919 1199 992 σάρκα
1253 917 1486 992 κυρίοις,
1537 920 1612 990 μή
1665 917 1716 972 ἐν
1747 916 1956 991 ὀφθαλ-

301 1004 660 1080 μοδουλείαις
732 1007 806 1068 ὡς
860 1006 1328 1083 ἀνθρωπάρεσκοι,
1385 1006 1511 1064 ἀλλ’
1571 1008 1622 1063 ἐν
1681 1007 1954 1078 ἁπλότητι

293 1095 545 1170 καρδίας,
597 1089 931 1170 φοϐούμενοι
990 1097 1080 1150 τὸν
1141 1097 1373 1170 Κύριον·
1441 1097 1530 1152 καὶ
1589 1101 1692 1152 πᾶν
1777 1096 1807 1152 ὅ
1865 1097 1952 1152 ἐὰν

292 1189 490 1249 ποιῆτε
519 1186 654 1257 (17),
688 1184 747 1238 ἐκ
785 1187 970 1259 ψυχῆς
1001 1185 1304 1260 ἐργάζεσθε,
1357 1187 1430 1248 ὡς
1479 1191 1558 1257 τῷ
1587 1187 1774 1261 Κυρίῳ
1827 1186 1956 1242 δου-

294 1273 563 1341 λεύοντες,
599 1273 690 1328 καὶ
748 1273 848 1328 οὐκ
878 1273 1210 1346 ἀνθρώποις,
1243 1274 1446 1338 εἰδότες
1496 1276 1578 1331 ὅτι
1610 1276 1717 1331 ἀπὸ
1748 1275 1951 1351 Κυρίου

291 1362 646 1436 ἀπολήψεσθε
693 1365 792 1432 τήν
851 1361 1210 1418 ἀνταπόδοσιν
1263 1371 1363 1433 τῆς
1412 1363 1814 1438 κληρονομίας·
1873 1371 1952 1438 τῷ

291 1453 395 1526 γὰρ
429 1452 609 1524 Κυρίῳ
641 1454 860 1526 Χριστῷ
891 1449 1195 1508 δουλεύετε·
1233 1455 1262 1508 ὁ
1320 1456 1423 1530 γὰρ
1457 1452 1640 1513 ἄδικος
1722 1456 1951 1528 κομίσε-

290 1560 378 1594 ται
414 1539 444 1595 8
473 1539 751 1610 ἠδίκησεν·
785 1541 876 1596 καὶ
927 1542 1025 1596 οὐκ
1085 1540 1195 1596 ἔστι
1255 1543 1721 1617 προσωποληψία.
1757 1545 1822 1600 Οἱ
1854 1543 1951 1598 κύ-

291 1647 431 1703 ριοι,
456 1631 518 1683 τὰ
550 1625 757 1683 δίκαιον
790 1629 880 1684 καὶ
909 1630 1011 1697 τήν
1068 1629 1296 1701 ἰσότητα
1351 1637 1469 1695 τοῖς
1527 1629 1749 1694 δούλοις
1779 1635 1948 1707 παρὲ-

2062 741 2162 796 nia
2193 742 2452 796 dominis
2478 743 2836 809 carnalibus,
2863 759 2982 797 non
3005 743 3077 797 ad
3099 743 3337 797 oculum
3365 743 3705 807 servientes,

2064 835 2345 901 tanquam
2379 832 2719 887 hominibus
2750 833 3070 903 placentes,
3101 831 3205 886 sed
3236 832 3296 886 in
3329 831 3709 902 simplicitate

2062 921 2278 988 cordis,
2314 923 2590 977 timentes
2624 923 2959 978 Dominum.
2984 925 3053 976 Et
3073 922 3472 992 quodcunque
3494 922 3708 988 facitis,

2063 1026 2133 1064 ex
2163 1011 2361 1066 animo
2392 1011 2742 1082 Operamini,
2779 1012 2931 1066 sicut
2976 1011 3226 1066 Domino
3277 1011 3620 1078 servientes,
3655 1010 3713 1065 et

2060 1115 2180 1154 non
2213 1100 2576 1167 hominibus,
2607 1101 2862 1156 scientes
2885 1101 3042 1170 quod
3066 1117 3099 1155 a
3130 1101 3379 1154 Domino
3408 1100 3712 1170 accipietis

2057 1190 2506 1245 retributionem
2539 1191 2942 1257 hmreditatis;
2981 1191 3224 1244 domino
3267 1191 3428 1244 enim
3477 1190 3706 1245 Christo

2061 1279 2312 1334 servitis.
2345 1280 2453 1344 Qui
2487 1281 2646 1334 enim
2680 1280 2962 1350 injuriam
2987 1279 3146 1348 facit,
3171 1279 3419 1349 recipiet
3440 1278 3521 1344 id,
3547 1277 3704 1348 quod

2057 1367 2262 1437 inique
2282 1369 2466 1439 gessit
2489 1385 2502 1435 ;
2537 1375 2594 1422 et
2615 1386 2735 1423 non
2755 1375 2844 1424 est
2865 1385 3252 1439 personarum
3273 1367 3536 1439 acceptio
3549 1366 3705 1438 apud

2056 1456 2263 1511 Deum.
2302 1457 2561 1522 Domini,
2596 1457 2752 1528 quod
2774 1458 3006 1528 justum
3041 1462 3131 1511 est
3159 1463 3217 1510 et
3237 1473 3496 1527 aequum,
3521 1456 3703 1511 servis

2054 1550 2352 1615 praestate,
2389 1546 2642 1600 scientes
2676 1547 2830 1616 quod
2855 1552 2914 1601 et
2936 1563 3039 1601 vos
3061 1547 3370 1600 dominum
3391 1545 3619 1599 habetis
3643 1545 3704 1600 in

2055 1634 2202 1689 ccelo
2227 1635 2301 1706 (a)
2330 1652 2341 1700 ;
2363 1635 2461 1689 ubi
2481 1653 2602 1690 non
2621 1643 2710 1689 est
2726 1638 2959 1690 Graecus
2978 1652 3087 1691 nec
3107 1635 3365 1703 Judaaus,
3390 1635 3701 1689 circumci-

288 1735 438 1792 χετε,
469 1715 675 1780 εἶδότες
707 1717 791 1772 ὅτι
819 1717 909 1773 καὶ
945 1719 1099 1790 ὑμεῖς
1158 1718 1314 1794 ἔχετε
1370 1719 1558 1794 κύριον
1621 1719 1672 1774 ἐν
1707 1721 1936 1793 οὐρανῷ,

2057 1725 2142 1778 sio
2174 1729 2233 1777 et
2264 1725 2643 1796 praeputium,
2672 1741 2781 1780 nec
2813 1725 3119 1792 barbarus,
3153 1741 3262 1779 nec
3305 1725 3540 1795 Scytha,
3591 1741 3700 1779 nec
3767 1795 3770 1798 ,

289 1804 428 1860 ὅπου
459 1806 559 1861 οὐκ
583 1802 660 1861 ἔνι
686 1806 901 1877 Ἕλλην
927 1808 1015 1862 καὶ
1043 1805 1328 1876 Ἰουδαῖος,
1354 1811 1628 1881 περιτομή
1661 1811 1750 1864 καὶ
1783 1811 1945 1880 ἀκρο-

288 1889 500 1965 ϐυστία,
552 1891 850 1970 βάρϐαρος,
905 1896 1121 1967 Σκύθης
1181 1901 1313 1967 (18),
1369 1897 1588 1967 δοῦλος,
1644 1899 1943 1973 ἐλεύθερος,

288 1980 434 2040 ἀλλὰ
478 1985 654 2040 πάντα
682 1986 773 2040 καὶ
830 1984 882 2039 ἐν
943 1991 1073 2040 πᾶσι
1132 1985 1386 2059 Χριστός.
1436 2011 1464 2039 »
1523 1987 1701 2044 Εἱκὼν
1735 1986 1791 2043 δὲ
1845 1993 1946 2054 τῆς

285 2071 538 2148 οὐρανίου
569 2077 681 2148 (19)
739 2072 1071 2146 Ἐκκλησίας
1102 2077 1137 2144 ἡ
1195 2075 1454 2152 ἐπίγειος·
1513 2076 1646 2150 ὅπερ
1858 2079 1945 2133 εύ-

285 2163 504 2239 χόμεθα
531 2161 620 2219 καὶ
657 2185 683 2218 ε
716 2162 804 2218 ἐπὶ
849 2171 954 2238 γῆς
986 2166 1232 2240 γενέσθαι
1281 2167 1344 2222 τὸ
1376 2163 1594 2239 θέλημα
1647 2169 1744 2222 τοῦ
1786 2173 1941 2237 Θεοῦ,

285 2253 359 2315 ὡς
391 2252 442 2307 ἐν
475 2252 708 2328 οὐρανῷ.
770 2250 1159 2326 Ἐνδυσάμενοι
1217 2257 1329 2328 (21)
1388 2254 1680 2332 σπλάγχνα
1738 2257 1942 2334 οἰκτιρ-

288 2346 416 2416 μοῦ,
462 2341 840 2417 χρηστότητα,
895 2345 1420 2422 ταπεινοφροσύνην,
1479 2345 1782 2422 πραότητα,
1838 2368 1942 2420 μα-

285 2432 612 2505 κροθυμίαν·
673 2431 1001 2507 ἀνεχόμενοι
1066 2431 1333 2504 ἀλλήλων
1372 2479 1386 2504 ,
1443 2444 1532 2490 καὶ
1584 2436 1943 2511 χαριζόμενοι

291 2522 521 2592 ἑαυτοῖς,
549 2520 636 2577 ἐάν
668 2542 752 2583 τις
800 2523 938 2594 πρός
991 2543 1112 2578 τινα
1168 2522 1270 2599 ἔχῃ
1331 2527 1582 2602 μομφήν·
1615 2526 1795 2588 καθὼς
1851 2527 1941 2581 καὶ

284 2611 312 2665 ὁ
347 2611 576 2685 Χριστὸς
637 2610 931 2686 ἐχαρίσατο
985 2614 1144 2685 ἡμῖν,
1206 2613 1379 2676 οὕτως
1431 2615 1520 2669 καὶ
1578 2617 1745 2686 ἡμεῖς
1803 2616 1937 2687 (22).

283 2700 407 2756 Ἐπὶ
437 2705 569 2754 πᾶσι
601 2697 658 2754 δὲ
686 2699 903 2764 τούτοις
959 2703 993 2769 ἡ
1056 2703 1258 2776 ἀγάπη,
1292 2702 1322 2757 ὅ
1367 2701 1476 2756 ἐστι
1509 2700 1812 2774 σύνδεσμος
1838 2707 1940 2768 τῆς

288 2786 654 2857 τελειότητος·
689 2790 776 2843 καὶ
811 2791 844 2857 ἡ
880 2789 1072 2862 εἰρήνη
1103 2795 1201 2844 τοῦ
1260 2794 1494 2862 Χριστοῦ
1544 2786 1852 2866 βραϐευέτω
1885 2793 1936 2847 ἐν

286 2879 406 2936 ταῖς
434 2873 685 2949 καρδίαις
719 2876 894 2948 ὑμῶν,
927 2877 1003 2938 εἰς
1062 2879 1127 2948 ἢν
1189 2876 1275 2933 καῖ
1333 2877 1605 2948 ἐκλήθητε
1636 2879 1686 2934 ἐν
1719 2879 1793 2934 ἐνὶ
1831 2881 1940 2936 σώ-

289 2982 441 3037 ματι·
475 2965 564 3019 καὶ
597 2965 910 3040 εὐχάριστοι
935 2965 1160 3040 γίνεσθε.
1186 2991 1212 3018 ››
1244 2965 1413 3025 Οὐδὲν
1445 2969 1548 3044 γάρ
1579 2968 1782 3024 κωλύει
1803 2976 1939 3025 πολ-

283 3054 440 3116 λάκις
464 3055 563 3122 τήν
596 3053 764 3123 αὐτὴν
813 3055 1198 3131 παρατίθεσθαι
1260 3059 1475 3132 Γραφὴν
1536 3058 1610 3120 εἰς
1671 3059 1932 3134 ἐντροπὴν

279 3145 628 3218 Μαρκίωνος,
683 3144 748 3215 ἤν
809 3167 927 3208 πως
981 3143 1352 3219 μεταϐάληται
1399 3149 1652 3213 πεισθείς·
1706 3151 1930 3227 εὐχάρι-

280 3253 404 3288 στον
439 3232 549 3289 δεῖν
585 3235 771 3307 μαθὼν
799 3237 891 3290 τὸν
923 3237 1113 3291 πιστὸν
1145 3237 1282 3292 εἶναι
1311 3243 1390 3310 τῷ
1422 3236 1750 3316 δημιουργῷ
1796 3246 1932 3315 Θεῷ,

274 3326 356 3394 τῷ
387 3322 674 3379 καλέσαντι
706 3327 877 3397 ἡμᾶς,
936 3326 1024 3380 καὶ
1077 3325 1558 3402 εὐαγγελισαμὲνῳ
1611 3328 1663 3383 ἐν
1697 3331 1932 3402 σώματι.

281 3413 471 3489 Σαφής
491 3415 628 3485 ἡμῖν
659 3411 720 3468 ἐκ
747 3413 954 3469 τούτων
987 3417 1021 3484 ἡ
1073 3415 1132 3470 ἐκ
1186 3417 1420 3480 πίστεως
1447 3414 1658 3488 ἑνότης·
1716 3420 1805 3473 καὶ
1851 3420 1934 3482 τίς

278 3500 306 3554 ὁ
331 3501 566 3570 τέλειος,
602 3499 890 3558 δέδεικται·
924 3503 1063 3560 ὣστε
1091 3506 1179 3560 καὶ
1240 3503 1479 3562 ἀκόντων
1532 3512 1691 3563 τινῶν
1723 3510 1812 3564 καὶ
1867 3510 1935 3565 τὰ

281 3588 514 3645 πλεῖστα
542 3591 922 3662 ἐνιπαπένων,
968 3595 1064 3649 κᾶν
1097 3593 1353 3659 κολάσεις
1401 3596 1738 3672 ἐπαρτῶνται
1796 3601 1932 3673 πρὸς

278 3681 376 3733 τοῦ
407 3677 626 3755 ἀνδρὸς,
655 3679 692 3750 ἤ
722 3683 859 3757 πρὸς
920 3687 1013 3738 τοῦ
1046 3682 1331 3755 δεσπότου,
1392 3686 1754 3765 φιλοσοφήσει
1805 3688 1835 3743 8
1877 3710 1933 3744 τε

280 3765 498 3836 οἶκέτης
529 3767 566 3837 ἤ
594 3789 653 3823 τε
681 3771 838 3844 γυνή.
873 3771 976 3826 Ναὶ
1014 3773 1121 3844 μὴν
1178 3774 1264 3828 καὶ
1323 3771 1624 3849 ἐλεύθερος,
1683 3777 1779 3832 κᾶν
1837 3800 1932 3833 τυ-

281 3854 481 3927 μάννου
514 3860 628 3930 (23)
662 3859 892 3921 Θάνατος
938 3857 1232 3931 ἀπειλῆται
1283 3862 1485 3936 τούτῳ,
1541 3861 1636 3918 κᾶν
1699 3865 1786 3920 ἐπὶ
1851 3867 1930 3922 δι-

272 3946 542 4018 καστήρια
600 3947 818 4021 ἄγηται,
876 3948 964 4002 καὶ
1054 3948 1134 4010 εἲς
1182 3947 1464 4013 κινδύνους
1522 3951 1785 4028 ἐσχάτους
1843 3979 1933 4013 πε-

274 4031 583 4107 ριὲλκηται,
613 4035 737 4110 περί
784 4057 843 4091 τε
899 4044 1000 4106 τῆς
1057 4040 1306 4108 κτήσεως
1344 4041 1555 4109 ἀπάσης
1585 4040 1928 4120 κινδυνεύσῃ,

274 4121 373 4175 οὐκ
419 4123 663 4200 ἀφέξεται
715 4132 814 4194 τῆς
867 4121 1174 4189 θεοσεϐείας
1244 4126 1362 4183 οὐδ’
1419 4130 1746 4186 ὁπωστιοῦν·
1805 4134 1931 4192 (ιῦδέ

273 4209 573 4281 ἀπαυδήσει
605 4214 759 4282 ποτὲ,
790 4216 824 4283 ἠ
865 4217 955 4286 μὲν
989 4217 1122 4289 γυνή
1158 4217 1352 4293 φαύλῳ
1399 4225 1721 4277 συνοικοῦσα
1753 4223 1927 4300 ἀνδρὶ,

272 4299 300 4352 ὁ
324 4297 381 4352 δὲ
412 4302 550 4369 υἱὸς,
583 4301 670 4355 ἐὰν
705 4303 912 4379 φαῦλον
949 4301 1051 4379 ἔχῃ
1085 4304 1310 4379 πατέρα,
1345 4306 1380 4376 ἢ
1437 4311 1674 4384 πονηρὸν
1733 4297 1929 4368 δεσπό-

267 4407 367 4456 την
402 4388 429 4441 ὁ
477 4388 716 4460 οἰκέτης,
775 4398 875 4459 τῆς
927 4392 1123 4467 ἀρετῆς
1177 4391 1434 4470 ἐχόμενοι
1483 4399 1756 4473 γενναίως·
1799 4402 1928 4458 ἀλλ’

2056 1830 2278 1880 servus,
2313 1831 2422 1869 nec
2452 1815 2624 1882 liber,
2659 1815 2763 1870 sed
2793 1815 2994 1870 omnia
3024 1821 3082 1870 et
3113 1816 3174 1870 in
3223 1815 3502 1869 omnibus
3531 1815 3699 1868 Chri-

2055 1907 2181 1958 stus
2209 1903 2306 1975 (ὁ).
2347 1926 2366 1951 ι
2411 1905 2676 1959 Caelestis
2705 1911 2901 1961 autem
2934 1905 3211 1960 Ecclesiae
3241 1905 3433 1975 imago
3465 1909 3554 1958 est
3583 1909 3702 1959 ter-

2053 1993 2277 2047 restris.
2313 1993 2598 2058 Quocirca
2627 2011 2943 2064 precamur
2989 1994 3166 2049 etiam
3215 2016 3242 2043 «
3286 1994 3348 2048 in
3380 1999 3537 2048 terra
3567 1992 3696 2047 ﬁeri

2051 2081 2413 2137 voluntatem
2439 2083 2538 2138 Dei
2571 2083 2725 2138 sicut
2747 2084 2807 2138 in
2834 2084 2979 2139 ccelo
3003 2085 3073 2155 (ο)
3100 2100 3112 2138 :
3135 2084 3456 2138 Induentes
3478 2082 3702 2138 viscera

2052 2171 2475 2238 miserationis,
2501 2172 2952 2244 benignitatem,
2975 2173 3396 2235 humilitatem,
3417 2188 3699 2228 mansue-

2053 2261 2343 2331 tudinem,
2377 2261 2704 2336 lenitatem,
2753 2263 3115 2317 sustinentes
3164 2279 3273 2316 nos
3322 2261 3596 2328 invicem,
3642 2264 3702 2316 et

2052 2350 2462 2406 condonantes
2492 2350 2664 2406 nobis
2692 2350 2968 2418 invicem,
3002 2352 3050 2406 si
3095 2351 3228 2421 quis
3259 2349 3539 2405 adversus
3587 2348 3699 2403 ali-

2053 2455 2229 2509 quem
2259 2439 2475 2494 habeat
2504 2439 2576 2493 de
2607 2456 2722 2509 quo
2745 2445 3033 2510 queratur
3056 2457 3068 2505 ;
3094 2440 3247 2493 sicut
3267 2438 3532 2493 Christus
3553 2454 3696 2493 con-

2052 2528 2291 2583 donavit
2320 2527 2511 2594 nobis,
2539 2529 2622 2583 ita
2651 2534 2712 2582 et
2739 2545 2868 2584 nos.
2901 2529 3089 2600 Super
3117 2529 3242 2582 haec
3264 2531 3462 2582 autem
3494 2527 3696 2582 omnia

2052 2617 2328 2682 charitas,
2366 2617 2523 2688 quod
2555 2624 2644 2672 est
2671 2618 2976 2672 vinculum
3023 2617 3440 2689 perfectionis;
3495 2621 3553 2672 et
3582 2634 3695 2688 pax

2051 2707 2265 2761 Christi
2297 2712 2503 2777 regnet
2531 2707 2590 2761 in
2623 2707 2900 2762 cordibus
2929 2707 3160 2776 vestris,
3191 2707 3265 2763 ad
3296 2723 3474 2778 quam
3515 2707 3694 2762 etiam

2050 2797 2236 2852 vocati
2271 2797 2412 2852 estis
2457 2799 2517 2852 in
2547 2815 2666 2854 uno
2697 2815 2980 2871 corpore;
3027 2805 3086 2853 et
3114 2799 3261 2872 grati
3312 2803 3499 2854 estote
3539 2797 3634 2868 (ἀ).
3665 2821 3694 2849 ››

2051 2886 2205 2942 Nihil
2237 2887 2395 2941 enim
2424 2893 2580 2943 vetat
2611 2888 2930 2959 quominus
2958 2905 3111 2960 saepe
3135 2888 3343 2944 eadem
3369 2887 3698 2943 adducatur

2053 2977 2368 3048 Scriptura,
2402 2978 2449 3031 si
2483 2994 2597 3048 qua
2627 2979 2856 3033 ratione
2889 2979 3144 3033 Marcion
3172 2977 3538 3048 pudefactus,
3562 2993 3696 3031 mu-

2051 3071 2171 3121 tata
2201 3067 2516 3133 sententia,
2553 3067 2789 3123 tandem
2820 3075 3100 3139 agnoscat
3133 3074 3404 3138 oportere
3453 3066 3692 3121 ﬁdelem

2048 3173 2177 3211 esse
2207 3162 2438 3228 gratum
2469 3157 2529 3211 in
2562 3158 2745 3211 Deum
2778 3158 3072 3228 opiﬁcem,
3110 3158 3210 3227 qui
3244 3174 3352 3212 nos
3383 3158 3608 3212 vocavit
3635 3169 3697 3220 et

2043 3245 2216 3300 nobis
2245 3246 2623 3318 Evangelium
2650 3247 3023 3302 annuntiavit
3054 3247 3112 3300 in
3155 3264 3419 3319 corpore.
3467 3251 3549 3302 Ex
3597 3248 3690 3302 his

2045 3353 2180 3408 ergo
2214 3336 2384 3390 nobis
2416 3341 2506 3390 est
2533 3341 2755 3407 aperta,
2789 3352 2920 3406 quaa
2954 3341 3042 3390 est
3070 3353 3140 3390 ex
3187 3336 3323 3402 fide,
3363 3339 3600 3403 unitas;
3637 3342 3695 3391 et

2045 3431 2348 3480 ostensum
2382 3431 2488 3488 est,
2519 3426 2651 3495 quis
2682 3425 2759 3480 sit
2787 3425 3100 3497 perfectus.
3136 3426 3329 3490 Quare
3360 3425 3448 3478 vel
3495 3426 3694 3480 invitis

2044 3514 2346 3585 aliquibus
2377 3521 2435 3570 et
2463 3531 2570 3586 pro
2595 3515 2750 3569 virili
2780 3514 3216 3579 resistentibus,
3240 3513 3471 3567 etiamsi
3502 3529 3537 3567 a
3565 3529 3694 3567 ma-

2044 3604 2156 3658 rito
2190 3604 2278 3658 vel
2309 3620 2343 3658 a
2371 3604 2612 3658 domino
2650 3604 3035 3674 impendeant
3064 3602 3374 3674 supplicia,
3424 3601 3690 3673 philoso-

2043 3693 2323 3764 phabitur
2350 3709 2551 3748 servus
2585 3699 2642 3746 et
2670 3693 2904 3747 mulier.
2947 3693 3280 3758 Quinetiam
3332 3692 3483 3744 liber
3528 3707 3684 3761 quo-

2042 3798 2177 3852 que,
2198 3781 2429 3835 etiamsi
2450 3788 2736 3852 tyrannus
2754 3780 2807 3834 ei
2825 3786 3077 3834 mortem
3100 3780 3428 3838 minitetur.
3453 3779 3686 3834 etiamsi

2042 3871 2292 3926 ducatur
2320 3870 2394 3925 ad
2417 3869 2641 3941 judicia
2667 3875 2724 3923 et
2751 3870 3020 3924 trahatur
3039 3869 3112 3925 ad
3141 3869 3353 3924 ultima
3373 3869 3687 3940 supplicia,

2043 3966 2100 4015 et
2130 3960 2200 4014 de
2233 3959 2611 4014 facultatibus
2640 3975 2707 4013 ac
2737 3958 2992 4013 fortunis
3040 3959 3163 4013 suis
3193 3959 3470 4014 omnibus
3491 3960 3689 4014 veniat

2041 4051 2101 4106 in
2130 4048 2483 4120 periculum,
2515 4047 2682 4102 nullo
2714 4047 2890 4102 modo
2920 4046 2983 4108 νκ
3011 4047 3336 4101 abstinebit
3359 4064 3393 4102 a
3421 4063 3558 4102 vero
3583 4048 3684 4102 Dei

2040 4139 2222 4194 cultu.
2246 4140 2446 4208 Neque
2468 4153 2733 4208 unquam
2755 4136 3010 4198 deficiet,
3030 4136 3247 4191 mulier
3265 4136 3528 4207 quidem,
3554 4153 3686 4206 quas

2041 4245 2174 4282 cum
2207 4228 2362 4282 malo
2395 4227 2607 4282 marito
2635 4226 2880 4292 habitat,
2913 4231 3016 4280 aut
3037 4225 3217 4291 ﬁlius,
3251 4225 3299 4279 si
3331 4225 3552 4280 malum
3578 4225 3683 4279 ha-

2037 4319 2175 4372 beat
2194 4322 2449 4388 patrem,
2481 4315 2570 4370 vel
2593 4315 2927 4386 improbum
2953 4314 3259 4368 dominum
3293 4330 3514 4381 servus,
3549 4313 3684 4367 forti

2039 4425 2106 4462 ac
2136 4422 2422 4478 generoso
2455 4405 2652 4460 animo
2683 4405 2958 4460 virtutem
2990 4408 3438 4474 persequentes.
3481 4403 3592 4456 Sed
3618 4408 3685 4456 ut

270 4474 344 4536 ὡς
376 4474 531 4552 ἀνδρὶ
565 4479 926 4549 ἀποθνήσκειν
985 4482 1153 4538 καλὸν
1221 4484 1353 4560 ὑπέρ
1410 4507 1468 4542 τε
1514 4486 1732 4562 ἀρετῆς,
1795 4493 1926 4568 ὑπέρ

2053 4474 2163 4550 m6
2191 4495 2506 4567 pulchrum
2538 4500 2597 4550 et
2628 4494 2966 4558 honestum,
3001 4497 3060 4547 et
3088 4509 3194 4562 pro
3224 4492 3456 4558 virtute,
3486 4496 3546 4545 et
3574 4507 3681 4562 pro

790 4635 1098 4714 ΡΟΤἸᾘΒ,
1117 4640 1211 4690 501
1244 4639 1361 4714 ΕΙ),
1391 4641 1632 4714 PA_RIS.
1656 4645 1731 4710 (a)
1754 4644 1936 4700 Colos:

2054 4664 2093 4708 ι,
2127 4647 2213 4711 18,
2250 4644 2336 4705 19,
2368 4647 2457 4710 20,
2485 4647 2576 4711 21,
2601 4647 2692 4712 22,
2724 4645 2814 4711 23,
2848 4645 2937 4712 24,
2970 4644 3039 4696 25
3074 4661 3089 4710 ;
3117 4659 3193 4712 1v,
3229 4648 3282 4710 1,
3333 4643 3410 4714 (b)
3452 4643 3676 4700 Coloss.

264 4714 344 4766 ιιι,
373 4705 456 4754 11.
490 4702 560 4774 (c)
595 4705 796 4759 Matth.
833 4723 906 4772 v1,
945 4710 1046 4774 10;
1080 4708 1213 4765 Luc.
1243 4727 1319 4779 χι,
1343 4702 1395 4764 2.
1431 4712 1505 4781 (d)
1535 4702 1761 4770 Coloss.
1794 4733 1879 4784 ιιι,
1916 4721 1936 4773 1

2053 4702 2352 4785 0,14,15.

337 4867 446 4946 (16)
506 4872 637 4946 Τοῖς
710 4867 966 4945 ἀνδράσιν
1025 4873 1103 4936 ὡς
1164 4876 1374 4946 ἀνήκει.
1435 4879 1565 4938 Τοῖς
1621 4876 1782 4942 ἰδίοις
1840 4881 1929 4936 ἀν-

262 4937 470 5030 δράσιν,
505 4940 580 5002 ὡς
614 4937 830 5011 ἀνῆκεν.
865 4946 1114 5018 Coloss.,
1138 4937 1430 5017 ubi'mox,
1453 4937 1615 5004 τοῦτο
1645 4952 1750 5026 γὰρ
1771 4937 1916 5009 ἐστιν

270 5031 506 5066 ιυαοεστ.

335 5083 442 5156 (l7)
490 5083 597 5156 Τὸν
665 5083 889 5156 Κύριον·
951 5088 1039 5142 καὶ
1100 5094 1202 5143 πᾶν
1261 5089 1290 5144 ὅ
1340 5089 1429 5144 ἐὰν
1486 5111 1546 5146 π.
1607 5094 1712 5148 Τὸν
1766 5097 1916 5150 Θεόν·

261 5155 484 5238 καὶςπᾷν
519 5155 548 5207 ὅ
577 5175 628 5208 τι
660 5154 864 5238 ξάνζπη
897 5161 1142 5238 Coloss._,
1178 5163 1311 5238 .ubi
1357 5168 1917 5238 n101r_participium

262 5223 617 5310 δουλεύοντες
644 5229 1016 5310 desideratur
1050 5223 1256 5310 :ud'ein,
1293 5235 1320 5287 ὁ
1469 5223 1666 5310 ἀδῖκῶν
1696 5223 1914 5310 κοιμιεῖ-

258 5319 342 5353 ται
378 5295 625 5381 ὅτήδκοῐ
653 5316 913 5381 rursum,
971 5299 1194 5365 δούλοις
1244 5295 1573 5379 παρέχεσθε·
1615 5295 1779 5381 mox;
1808 5309 1915 5367 Κύ-

260 5390 374 5443 ριον
410 5369 459 5423 ἐν
494 5369 769 5444 οὐρανοῖς.

331 5445 440 5522 (ίῇ)
474 5437 752 5522 βάρξαρος
799 5438 1258 5522 Σκκβάρϐαρος-
1281 5446 1392 5522 καὶ,
1423 5448 1655 5522 Σκύθης,
1717 5449 1914 5514 δοῦλος

261 5512 348 5564 καὶ
381 5512 560 5576 ἐλεύθί
590 5512 838 5582 Coloss.,
871 5515 969 5569 ubi
1001 5512 1142 5572 mox.
1169 5515 1313 5573 ἀλλὰ
1340 5519 1406 5573 τὰ
1436 5512 1626 5578 πάντα.

333 5587 445 5664 (l9)
473 5583 651 5641 Εἶκὼν
690 5583 952 5664 “Serm:
991 5585 1108 5664 ορρ.
1171 5591 1262 5646 Sic
1319 5593 1493 5650 Hebr.
1555 5612 1632 5664 ix,
1687 5598 1754 5650 23
1791 5613 1804 5650 :
1837 5596 1918 5654 Τὰ

264 5649 622 5728 ὑπεδείγματα
651 5661 756 5713 τῶν
789 5649 980 5722 ἐντοῖς
1001 5649 1273 5736 ούρανοῖς.

2111 4887 2222 4967 (QQ)
2249 4885 2442 5008 Ὅπερ.
2478 4883 2714 4965 Rectius
2743 4882 2893 4938 forte
2925 4879 3137 5008 διόπέρ,
3174 4905 3201 4932 ‹‹
3236 4888 3598 4956 quapropter
3622 4900 3680 4938 ε»

2111 4964 2230 5008 πιιιῒ.
2287 4957 2382 5008 Svl
2431 4998 2444 5008 .
2492 4955 2714 5008 Scribe.
2775 4951 2962 5008 διόπερ
3009 4953 3285 5008 εὐνόμεθα
3312 4955 3403 5008 καὶ
3434 4952 3520 5008 ἐπὶ
3577 4957 3678 5008 vi:

2030 4951 2230 5046 inquit
2287 4951 2720 5046 Silii-Scribe1
2759 4951 2962 5046 [διόπερ
3009 4951 3285 5046 ε’ὐχόμεθᾶ
3312 4951 3520 5046 κᾶὶῃέπὶ
3577 4957 3678 5030 γῆς

2028 5024 2365 5102 γενέσθαῌιῖτρ
2395 5029 2735 5102 θὲληματοῦ
2757 5024 2994 5102 Θεοῦ,ᾠς
3023 5024 3076 5080 ἐν
3106 5024 3677 5102 ούρανοῖςἩΕιΝειυε.

2101 5102 2214 5171 (21)
2251 5100 2330 5154 Ἐκ
2345 5095 2695 5171 δυσάμενοιᾉ
2712 5100 2852 5171 Post
2882 5100 3111 5171 aliquot
3143 5095 3477 5171 interiecta,
3527 5100 3683 5154 redit

2030 5165 2356 5226 ad'Coloss.
2391 5165 2610 5232 111,’12;
2643 5165 2963 5223 Ἐνδύσασθε
2983 5165 3116 5239 ὀῦν,
3149 5169 3223 5231 ὡς
3281 5165 3525 5225 ἐκλεκτοὶ
3581 5173 3678 5222 τοῦ

2030 5245 2167 5316 Θεοῦ
2200 5245 2341 5316 ἅγιοι
2373 5241 2461 5294 καὶ
2493 5241 2864 5316 ἠγαπημένοι,
2899 5239 3187 5316 σπλάγχνα
3227 5241 3548 5312 οἰκτιρμῶν,
3581 5239 3674 5316 λῖρἶ

2100 5315 2212 5384 (22)
2247 5312 2452 5384 -Ἡμῖν,
2513 5314 2686 5386 οὕτως
2741 5312 2830 5366 καὶ
2888 5312 3308 5386 ἡμεῖςζ“ξ’Υμῖν,
3365 5316 3536 5372 οὕτως
3570 5313 3678 5386 ⁸κειιι

2030 5382 2204 5456 ὑμεῖς,
2263 5382 2508 5448 Coloss.,
2556 5385 2655 5440 ubi
2706 5402 2879 5451 mox,
2913 5382 3332 5456 iitﬁvﬂya’z'n'qv,
3388 5388 3510 5455 ἥτις
3566 5382 3677 5436 ἐστὶ

2030 5454 2586 5532 σύνδτῆάεὶη,ᾲεῗρήνη
2612 5459 2719 5532 τοῦ
2766 5461 2900 5510 Θεοῦ
2935 5454 3286 5532 βασιλευέτωῖ

2103 5530 2216 5602 (23)
2248 5523 2543 5601 Τυράννου.
2578 5523 2738 5583 Cum
2773 5523 3213 5602 praepositione
3272 5527 3588 5601 legendum
3621 5523 3681 5580 ix

2030 5600 2460 5674 τυράννου,⁷8θιι
2485 5605 2621 5675 πρὸς
2651 5600 2937 5674 τυράννουξ
2971 5603 3242 5656 SYLBURG.
