4004 6144
318 233 460 301 1279
1546 238 1899 300 CLEMENTI

2167 237 2491 300 {ANDRINI
3583 249 3748 306 1280

317 373 613 438 libertate,
645 373 705 426 et
731 386 838 443 pro
887 368 1083 440 seipso
1131 369 1302 434 mori,
1350 369 1433 423 ita
1471 369 1650 423 etiam
1700 368 1898 423 mulie1

2165 365 2493 442 ἐλευθερίας,
2530 367 2660 443 ὑπέρ
2716 389 2775 424 τε
2831 371 3048 439 ἑαυτοῦ,
3103 371 3179 433 ὡς
3232 368 3412 435 αὕτως
3468 375 3583 445 (24)
3641 374 3746 428 καὶ

321 462 447 516 Non
475 466 565 515 est
595 459 753 515 enim
783 459 895 512 hoc
923 458 1230 528 proprium
1262 457 1662 512 masculorum
1714 463 1902 512 natura

2164 455 2308 508 ραικί·
2368 455 2433 510 οὐ
2483 458 2587 532 γὰρ
2665 463 2765 527 τῆς
2821 463 2928 512 τῶν
3007 457 3243 534 ἀρῥένων
3301 458 3512 536 φύσεως
3570 464 3745 517 τοῦτό

322 549 426 604 sed
457 549 774 603 bonorum.
817 548 884 599 Et
915 562 1095 599 senex
1127 561 1261 617 ergo
1295 547 1630 616 etjuvenis,
1663 552 1721 601 et
1750 546 1895 600 muli

2164 565 2238 612 ον,
2273 545 2418 599 ἀλλὰ
2445 553 2542 615 τῆς
2575 551 2682 600 τῶν
2717 548 2953 620 ἀγαθῶν.
2985 549 3198 609 Πιστῶς
3232 546 3324 602 οὖν
3385 550 3475 604 καί
3509 552 3536 605 6
3563 570 3745 624 πρεσ-

321 644 380 692 et
408 654 628 701 servus,
657 635 954 691 mandatis
993 635 1277 690 obediens
1326 635 1582 690 ﬁdeliter
1605 637 1774 700 vivet,
1804 642 1882 702 et,

2166 653 2274 702 της,
2331 635 2421 688 καὶ
2473 636 2500 688 ὁ
2549 636 2687 702 νέος,
2743 637 2834 690 καὶ
2887 637 2914 690 6
2974 635 3210 706 οἰκέτης,
3274 637 3562 694 ὑπακούων
3611 645 3747 704 ταῖς

321 742 468 796 opus
484 725 683 791 fuerit,
704 725 992 778 morietur
1016 742 1028 789 ;
1055 724 1212 795 quod
1234 725 1663 795 quidemfuerit
1679 741 1783 796 per
1802 742 1897 779 mo

2161 722 2347 790 ολαῖς,
2386 723 2641 799 βιώσεταί
2670 746 2729 779 τε
2757 725 2867 793 καὶ,
2929 723 3018 780 ἐὰν
3081 724 3199 800 δέῃ,
3229 727 3560 798 τεθνήξεταιο
3595 727 3742 803 ὅπερ

317 818 436 868 tem
467 813 768 868 viviﬁcari.
823 813 1050 867 Scimus
1099 813 1338 882 quidem
1371 819 1527 867 certe
1562 819 1619 867 et
1660 830 1877 884 pueros

2171 813 2254 884 εἴη
2302 812 2390 868 διὰ
2447 816 2677 870 θανάτου
2737 819 3162 886 ζωοποιηθῆναι.
3215 819 3400 891 ’Ίσμεν
3454 823 3581 894 γοῦν
3640 814 3745 874 καὶ

316 901 600 957 mulieres
620 907 677 956 et
695 918 892 956 servos
917 918 1094 972 saape,
1119 901 1316 955 invitis
1338 901 1681 972 parentibus
1704 908 1762 955 et
1783 919 1897 956 mai

2160 900 2291 974 ἴδας,
2323 904 2412 958 καὶ
2444 910 2724 979 γυναῖκας,
2757 906 2846 959 καὶ
2906 905 3117 969 οἰκέτας
3155 906 3456 977 πολλάκις,
3487 909 3741 964 ἀκόντων

316 992 392 1049 tis
422 997 482 1046 et
507 992 786 1058 dominis,
821 991 1072 1046 evasisse
1104 998 1378 1062 optimos.
1421 994 1545 1046 Non
1581 992 1778 1046 minus
1828 1010 1897 1058 er,

2172 989 2346 1063 :épmv,
2378 989 2467 1043 καὶ
2501 987 2801 1057 δεσποτῶν,
2860 992 2950 1044 καὶ
3007 988 3239 1061 ἄνδρῶν,
3302 991 3622 1067 βελτίστους
3647 1014 3753 1069 γε-

318 1086 591 1152 prompto
625 1086 682 1134 et
712 1080 893 1135 alacri
926 1081 1123 1134 animo
1157 1097 1257 1134 eos
1288 1097 1416 1134 esse
1447 1086 1697 1151 Oportet,
1737 1082 1835 1151 qui
1869 1099 1899 1152 p

2167 1079 2309 1135 Ιέναι.
2343 1075 2553 1134 Οὔκουν
2587 1077 2813 1134 ἔλαττον
2839 1081 3236 1154 προθυμεῖσθαι
3270 1082 3382 1155 χρὴ
3441 1081 3569 1146 τοὺς
3601 1081 3748 1154 μέλ-

317 1171 496 1225 vitam
526 1175 664 1225 sunt
693 1169 902 1237 acturi,
933 1186 1068 1224 cum
1098 1170 1204 1224 visi
1233 1169 1455 1224 fuerint
1486 1170 1670 1240 aliqui
1719 1187 1820 1225 eos
1866 1188 1898 1225 a

2166 1185 2270 1226 πτας
2302 1161 2570 1228 θεοσεϐῶς
2633 1169 2836 1238 ζήσειν,
2872 1165 3086 1222 ἐπειδᾶν
3130 1167 3328 1244 εἶ’ργειν
3361 1170 3564 1231 αὐτούς
3594 1191 3747 1231 τινες

321 1275 454 1314 cere
479 1276 492 1324 ;
514 1258 615 1314 sed
635 1258 822 1313 multo
841 1259 1029 1330 magis
1050 1259 1323 1312 convenit
1343 1258 1702 1313 contendere
1725 1264 1783 1312 et
1805 1275 1902 1330 egr

2159 1258 2330 1309 ιῶσιν’
2367 1252 2514 1309 ἀλλὰ
2543 1254 2688 1310 πολὺ
2720 1255 2888 1311 πλέον
2922 1259 3079 1328 οἶμαι
3128 1260 3426 1331 προσήκειν
3484 1256 3740 1313 σπεύδειν

318 1348 412 1421 gie
469 1346 794 1414 decertare,
848 1363 922 1401 ne
980 1347 1114 1400 victi
1173 1347 1447 1401 excidant
1493 1346 1564 1402 ab
1613 1348 1853 1417 optimis

2162 1344 2249 1399 καὶ
2277 1344 2637 1418 ἀγωνίζεσθαι
2694 1343 3083 1424 διαφερόντως,
3142 1347 3293 1409 ’ὁπως
3327 1345 3409 1415 ἄν,
3445 1349 3520 1420 μὴ
3550 1350 3741 1418 ἡττη-

317 1436 572 1492 maxime
603 1437 958 1492 necessariis
980 1435 1263 1491 consiliis.
1290 1439 1487 1506 Neque
1510 1437 1667 1491 enim
1691 1437 1898 1491 existin

2158 1454 2279 1504 ντες,
2313 1434 2627 1488 ἀποπέσωσι
2687 1438 2798 1508 (25)
2846 1440 2954 1490 τῶν
3017 1435 3252 1509 ἀρίστων
3303 1435 3394 1490 καὶ
3442 1437 3739 1510 ἀναγκαιο-

317 1526 503 1582 ullam
536 1525 848 1580 admittere
879 1525 1404 1596 comparationem,
1428 1531 1630 1580 utrum
1653 1526 1730 1579 sit
1750 1525 1898 1579 meli'

2159 1543 2248 1576 των
2311 1521 2724 1596 βουλευμάτων.
2786 1522 2864 1580 Οὐ
2923 1525 3028 1599 γὰρ
3087 1523 3243 1596 οἶμαι
3303 1523 3585 1599 σύγκρισιν
3617 1525 3740 1579 ἐπι-

317 1614 533 1670 ascribi
560 1614 621 1668 in
645 1615 1008 1668 consortium
1037 1615 1496 1684 Omnipotentis,
1520 1631 1595 1669 an
1623 1613 1897 1668 deemonu

2158 1611 2354 1679 (satiat,
2409 1612 2638 1686 πιίτερον
2696 1613 2940 1684 ἄμεινον,
3001 1613 3276 1682 θιασώτην
3336 1614 3578 1687 γενέσθαι
3634 1618 3739 1668 τοῦ

318 1702 594 1758 tenebras
627 1703 863 1775 eligere.
899 1706 1042 1758 Nam
1075 1721 1205 1774 quea
1232 1721 1265 1758 a
1296 1704 1468 1758 nobis
1497 1704 1752 1758 aliorum
1776 1709 1899 1775 grai

2155 1701 2537 1776 ντοκράτορος,
2596 1700 2633 1769 ἢ
2688 1702 2752 1755 τὸ
2808 1706 2916 1756 τῶν
2955 1698 3231 1772 δαιμόνων
3265 1700 3480 1757 ἑλέσθαι
3513 1704 3734 1765 σκότος.

321 1792 493 1859 fiunt,
526 1807 596 1846 ea
627 1808 863 1862 semper
891 1791 1162 1860 facimus,
1187 1792 1386 1847 habito
1411 1792 1484 1847 ad
1515 1792 1649 1846 illos
1671 1799 1902 1862 respect

2182 1789 2398 1864 μὲνγὰρ
2459 1787 2645 1844 ἄλλων
2701 1786 2857 1844 ἕνεκα
2911 1791 3261 1864 πραττόμενα
3298 1793 3434 1863 ἡμῖν
3477 1791 3735 1847 ἑκάστοτε

321 1897 575 1951 quorum
605 1881 792 1951 gratia
815 1886 1088 1951 suscepta
1119 1886 1276 1947 sunt,
1310 1897 1439 1935 eam
1479 1880 1652 1935 nobis
1696 1896 1902 1935 norma

2151 1880 2374 1950 άξαιμεν
2407 1875 2490 1946 ἄν,
2549 1879 2625 1941 εἰς
2682 1878 2921 1940 ἐκείνους
2979 1874 3315 1934 ἀποϐλέπειν
3368 1881 3732 1955 πειρώμενοι,

319 1974 741 2038 proponentes,
776 1974 842 2023 ut
861 1968 981 2022 illis
1003 1969 1422 2040 gratificemur.
1449 1971 1585 2033 Quae
1609 1974 1807 2023 autem
1831 1986 1900 2039 pr

2175 1963 2331 2021 ἕνεκα
2354 1966 2595 2041 γίνεσθαι
2631 1963 2801 2037 δοκεῖ,
2839 1968 3035 2041 μέτρον
3081 1967 3387 2040 ἡγούμενοι
3443 1973 3605 2024 τοῦτο
3665 1970 3731 2024 τὸ

319 2061 453 2127 pter
479 2073 591 2110 nos
623 2057 784 2126 ipsos
808 2058 1003 2127 potius
1031 2074 1206 2128 quam
1240 2063 1481 2128 propter
1511 2057 1658 2112 alios
1690 2063 1900 2128 aguntu

2153 2055 2378 2116 ἐκείνοις
2407 2057 2830 2130 κεχαρισμένον
2864 2054 2897 2110 ἃ
2957 2053 3014 2110 δὲ
3067 2057 3246 2111 αὐτῶν
3271 2060 3384 2130 (26)
3415 2056 3630 2130 μᾶλλον
3691 2057 3725 2128 ἤ

320 2145 535 2215 aaquali
569 2145 764 2200 studio
796 2162 830 2200 a
860 2146 1031 2200 nobis
1063 2147 1152 2218 agi
1201 2146 1438 2212 debent,
1490 2147 1606 2201 sive
1654 2147 1901 2201 videanti

2153 2151 2226 2199 ῶν
2258 2145 2475 2218 ἐτέρων,
2507 2149 2676 2199 ταῦτα
2707 2144 2765 2200 ἄν
2833 2147 2970 2217 ἡμῖν
3002 2145 3238 2220 γίγνοιτο
3301 2147 3438 2219 μετὰ
3473 2150 3573 2211 τῆς
3604 2145 3731 2216 ἴσης

319 2235 468 2291 215
501 2233 800 2305 aliquibus
830 2235 1085 2306 placere,
1121 2236 1242 2290 sive
1274 2252 1393 2290 non
1440 2235 1769 2290 videantur.
1799 2237 1900 2300 QUt

2143 2231 2328 2303 ουδῆς,
2363 2234 2449 2287 ἐάν
2482 2255 2542 2287 τε
2573 2235 2818 2306 ἀρέσκειν
2877 2234 2989 2288 τισὶ
3047 2233 3207 2308 δοκῇ,
3242 2233 3329 2289 ἐάν
3359 2256 3419 2290 τε
3472 2237 3560 2289 καὶ
3622 2238 3721 2308 μή.

320 2323 368 2377 si
400 2323 692 2378 nonnulla
725 2340 792 2377 ex
826 2325 920 2388 iis,
951 2341 1084 2395 quaa
1118 2330 1256 2378 sunt
1285 2324 1708 2391 indifferentia,
1733 2329 1901 2378 tantu

2189 2320 2255 2391 δὴ
2313 2326 2421 2376 τῶν
2469 2319 2782 2396 ἀδιαφόρων
2841 2320 2956 2376 ἔνια
3002 2323 3261 2392 τοιαύτην
3296 2321 3498 2398 εἷ’ληχε
3526 2325 3720 2395 τιμὴν,

319 2412 608 2466 honorem
640 2420 780 2467 sunt
809 2417 1102 2478 assecuta,
1134 2416 1202 2466 ut
1224 2412 1404 2466 etiam
1436 2411 1735 2483 aliquibus
1769 2413 1900 2466 invii

2137 2432 2208 2465 rte
2261 2411 2352 2464 καὶ
2408 2409 2651 2464 ἀκόντων
2707 2415 2868 2464 τινῶν
2902 2411 3088 2486 αἱρετὰ
3155 2410 3288 2466 εἶναι
3339 2409 3542 2482 δοκεῖν,
3575 2411 3718 2467 πολὺ

319 2499 630 2555 videantur
647 2517 777 2555 esse
795 2499 1126 2570 expetenda
1147 2516 1214 2554 ac
1235 2500 1506 2572 eligenda
1529 2519 1542 2567 ;
1566 2501 1755 2555 multo
1778 2517 1900 2573 mag

2155 2497 2321 2554 πλέον
2352 2501 2450 2568 τὴν
2484 2499 2677 2573 ἀρετὴν
2736 2499 3124 2574 περιμάχητον
3181 2501 3492 2572 νομιστέον·
3529 2502 3606 2573 μή
3639 2500 3716 2562 εἷς

321 2589 780 2644 existimandum
813 2593 902 2642 est
931 2604 1061 2642 esse
1105 2605 1210 2658 pro
1255 2589 1467 2644 virtute
1517 2589 1902 2645 decertandui

2144 2587 2210 2642 λο
2239 2608 2291 2641 τι
2323 2587 2663 2660 ἀφορῶντας,
2717 2584 2864 2641 ἀλλᾶ
2892 2587 2971 2648 εἷς
2997 2587 3128 2642 αὐτό
3153 2589 3215 2642 τὸ
3245 2587 3432 2651 καλῶς
3465 2595 3720 2664 πραχθῆ-

318 2678 469 2733 nihil
501 2678 662 2732 aliud
694 2676 1082 2746 respicientes
1113 2694 1292 2747 quam
1320 2678 1400 2743 id,
1451 2679 1608 2749 quod
1655 2684 1813 2733 recte
1858 2679 1896 2732 h

2142 2673 2504 2748 ιδυνάμενον,
2534 2675 2621 2730 ἐάν
2665 2697 2724 2730 τε
2773 2676 2978 2749 ἑτέροις
3031 2674 3166 2750 δοκῇ
3228 2699 3388 2744 τισιν,
3431 2677 3518 2732 ἐάν
3550 2699 3609 2732 τε
3638 2678 3723 2732 καὶ

318 2773 604 2837 nesteque
635 2766 757 2838 geri
789 2771 1004 2835 potest,
1039 2767 1157 2820 sive
1191 2767 1250 2820 id
1279 2768 1579 2837 aliquibus
1605 2768 1740 2822 aliis
1769 2768 1898 2822 vide

2144 2770 2170 2833 ἧ.
2208 2763 2404 2826 Καλῶς
2435 2765 2525 2819 οὖν
2585 2763 2675 2819 καί
2729 2767 3060 2840 Ἐπίκουρος
3118 2768 3378 2823 Μενοικεῖ
3429 2771 3544 2841 (27)
3599 2769 3725 2844 γρά-

321 2862 433 2919 tur,
471 2855 588 2909 sive
619 2870 759 2908 non.
791 2853 1044 2907 Pulchre
1067 2871 1202 2925 ergo
1230 2855 1517 2924 Epicurus
1541 2871 1778 2924 quoque
1803 2854 1902 2909 dic

2147 2874 2200 2907 ιν·
2233 2880 2250 2903 ο
2273 2856 2430 2924 Μήτε
2459 2855 2578 2916 νέος
2605 2857 2811 2928 (28)τις
2832 2853 2904 2908 ὤν
2942 2854 3192 2928 μελλέτω
3223 2855 3728 2935 φιλοσοφεῖν,μήτε

320 2943 584 2999 scribens
603 2942 674 2996 ad
700 2943 1058 2996 Menoeceum
1084 2957 1097 2995 :
1121 2963 1148 2990 «
1172 2944 1285 2996 Nec
1309 2943 1357 2996 si
1380 2944 1458 2996 sit
1475 2943 1692 3013 aliquis
1706 2944 1901 3013 juveni

2147 2965 2244 2998 οων
2281 2942 2540 3018 ὑπάρχων
2583 2945 2831 2998 κοπιάτω
2888 2942 3226 3022 φιλοσοφῶν·
3263 2945 3387 3000 οὕτε
3443 2948 3546 3022 γὰρ
3609 2943 3728 3000 ἂω-

318 3030 970 3101 diﬂ‘eratphilosophari
1000 3047 1012 3084 :
1028 3046 1221 3102 neque
1238 3031 1285 3086 si
1301 3031 1378 3086 sit
1395 3048 1594 3099 senex,
1610 3031 1899 3104 defatigeti

2153 3029 2372 3092 ςούδείς
2429 3031 2589 3101 ἐστιν,
2642 3031 2765 3087 οὕτε
2820 3033 3077 3107 πάρωρος
3119 3034 3257 3108 πρὸς
3282 3033 3344 3089 τὸ
3379 3034 3516 3089 κατά
3545 3035 3734 3109 ψυχήν

318 3119 822 3192 philosophando;
847 3135 985 3174 nam
1005 3136 1113 3176 nec
1127 3125 1217 3174 est
1232 3119 1450 3191 aliquis
1463 3123 1836 3189 immaturus,
1857 3139 1895 3175 n

2157 3119 2336 3174 ιαίνειν
2370 3123 2500 3192 (29).
2536 3121 2596 3177 Ὁ
2626 3118 2683 3175 δὲ
2714 3120 2911 3197 λέγων,
2948 3123 3116 3194 μήπω
3175 3126 3287 3194 (30)
3345 3128 3443 3178 τοῦ
3503 3121 3738 3190 φιλοσο-

317 3225 431 3279 que
464 3208 643 3262 nimis
668 3214 956 3278 provectae
988 3215 1047 3264 et
1077 3209 1375 3265 exhaustae
1407 3211 1618 3279 astatis,
1641 3210 1715 3266 ad
1743 3211 1898 3282 adipi

2153 3214 2188 3262 ῐν
2249 3208 2515 3284 ὑπάρχειν
2575 3209 2753 3284 ὥραν,
2811 3209 2846 3279 ἢ
2903 3208 3345 3285 παρεληλυθέναι
3402 3214 3502 3280 τήν
3563 3210 3734 3288 ὣραν,

316 3297 567 3354 cendam
599 3299 782 3353 animi
815 3299 1150 3354 sanitatem.
1177 3300 1284 3364 Qui
1306 3307 1501 3355 autem
1527 3301 1671 3356 dicit
1697 3301 1897 3356 nondu

2154 3299 2269 3362 οιός
2297 3296 2407 3353 ἐστι
2457 3303 2537 3370 τῷ
2589 3297 2831 3372 λέγοντι,
2885 3300 3020 3375 πρὸς
3076 3298 3432 3373 εὐδαιμονίαν
3464 3302 3499 3370 ἢ
3563 3303 3735 3374 μήπω

315 3403 445 3440 esse
457 3387 544 3440 vel
561 3387 916 3457 praeteriisse
932 3392 1166 3457 tempus
1179 3387 1638 3459 philosophandi
1653 3388 1864 3442 similis
1879 3406 1896 3443 ε

2151 3393 2320 3458 ρεῖναι
2344 3389 2457 3461 (31)
2482 3387 2579 3455 τήν
2611 3387 2777 3462 ὥραν,
2809 3386 2846 3456 ἢ
2874 3389 3066 3460 μηκέτ’
3116 3389 3249 3443 εἶναι
3280 3389 3378 3457 τήν
3411 3387 3555 3465 ὥραν
3587 3392 3727 3462 (32).

315 3475 368 3530 ei
389 3475 489 3545 qui
505 3475 650 3530 dicit
665 3475 739 3530 ad
757 3475 1192 3531 beatitudinem
1212 3476 1300 3530 vel
1315 3476 1582 3531 nondum
1595 3476 1802 3531 adesse
1825 3482 1896 3531 te)

2150 3496 2233 3531 στε
2263 3475 2665 3553 φιλοσοφητέον
2723 3475 2814 3530 καὶ
2871 3476 3122 3551 νεωτέρῳ
3179 3477 3270 3533 καὶ
3319 3478 3537 3554 γέροντι
3595 3482 3731 3552 (33)·

314 3581 444 3636 pus,
460 3565 549 3620 vel
565 3571 798 3636 tempus
814 3567 1390 3636 praateriisseﬂuare
1406 3573 1465 3620 et
1468 3567 1693 3637 juniori
1708 3567 1895 3638 philos

2148 3595 2149 3610 ι
2209 3566 2328 3638 μὲν,
2385 3566 2534 3627 ὅπως
2594 3567 2885 3640 γηράσκων
2961 3565 3122 3639 νεάζῃ
3175 3571 3294 3628 τοῖς
3357 3568 3580 3641 ἀγαθοῖς
3636 3565 3729 3623 διὰ

314 3653 618 3726 phandum
635 3653 698 3716 ’Β
717 3660 825 3721 est,
847 3661 907 3709 et
926 3655 1054 3710 seni
1081 3673 1092 3709 :
1113 3656 1250 3710 huic
1268 3655 1533 3726 quidem,
1557 3661 1622 3710 ut
1647 3673 1895 3712 senesce‘

2147 3678 2171 3708 v
2207 3653 2368 3730 χάριν
2394 3659 2502 3710 τῶν
2529 3655 2855 3730 γεγονότων,
2884 3660 2964 3727 τῷ
2996 3653 3074 3724 δὲ,
3106 3656 3256 3718 ὃπως
3312 3657 3433 3720 νέος
3464 3656 3575 3730 ἃμα
3627 3658 3721 3712 καὶ

304 3743 658 3814 juvenescat
693 3743 888 3810 bonis,
939 3760 1046 3814 per
1091 3745 1340 3816 gratiam
1384 3761 1588 3800 eorum
1633 3761 1765 3816 quea
1810 3745 1885 3799 fat

1874 3750 1967 3800 cta
2073 3741 2308 3805 παλαιὸς
2334 3742 2369 3817 ᾖ
2403 3741 2492 3798 διὰ
2519 3745 2619 3812 τὴν
2649 3739 2881 3821 ἀφοϐίαν
2903 3748 3010 3800 τῶν
3045 3744 3390 3817 μελλόντων.
3429 3770 3455 3797 η

309 3832 570 3899 fuerint;
604 3832 692 3886 illi
726 3839 946 3900 autem,
980 3839 1045 3888 ut
1074 3835 1151 3888 sit
1189 3835 1368 3889 simul
1389 3834 1628 3906 juvenis
1674 3840 1734 3890 et
1763 3852 1964 3904 senex,

307 3937 416 3992 per
445 3921 785 3978 futurorum
815 3927 1011 3977 metus
1038 3924 1414 3979 vacuitatem.
1448 3945 1475 3973 ι»

2099 4040 2192 4093 ΙΧ.

2099 4041 2192 4093 ΙΧ.

878 4131 1005 4194 Quae
1037 4129 1283 4186 Christus
1303 4130 1370 4184 de
1398 4131 1659 4199 martyrii
1693 4041 2156 4198 beneggiiZUd'Iirit,
2191 4128 2404 4196 colligit
2434 4128 2493 4181 in
2523 4144 2694 4181 unum
2723 4133 2888 4197 atque
2917 4127 3182 4182 illustrat.

383 4254 459 4308 De
473 4254 755 4326 martyrio
770 4258 968 4309 autem
983 4260 1184 4325 aperte
1199 4253 1342 4308 dixit
1364 4255 1746 4323 Dominus(ea
1758 4260 1955 4309 autem

2138 4249 2271 4324 Ηερὶ
2307 4247 2364 4303 δέ
2385 4253 2479 4302 τοῦ
2515 4247 2817 4324 μαρτυρίου
2872 4245 3174 4322 διαρῥήδην
3232 4249 3259 4302 6
3312 4246 3508 4323 Κύριος
3564 4245 3717 4322 ε’ίρη-

309 4341 487 4396 simul
519 4343 972 4415 conjungemus,
1007 4359 1137 4412 quae
1170 4342 1415 4398 diversis
1447 4343 1506 4397 in
1553 4343 1697 4398 locis
1728 4343 1883 4414 scrip

2136 4362 2143 4389 ι
2205 4340 2341 4413 (καῖ
2399 4339 2468 4393 τὰ
2527 4335 2801 4415 διαφόρως
2887 4337 3241 4412 γεγραμμένα
3311 4337 3665 4409 συντάξομεν)
3703 4378 3717 4392 .

379 4473 442 4536 >14
465 4473 527 4526 P.
560 4473 666 4527 595
695 4472 806 4526 ED.
842 4472 1136 4539 POTTER,
1170 4474 1272 4525 502
1304 4472 1416 4525 ED.
1441 4471 1670 4525 PARIS.

379 4598 592 4666 (24-)‘9:
621 4595 816 4661 αὕτως.
839 4599 940 4655 Vel
973 4599 1288 4668 conjuncte
1319 4595 1600 4656 ὡσαυτως.
1656 4667 1664 4668 7
1805 4665 1813 4668 7

1258 4614 1288 4652 e
1319 4595 1600 4656 ὡσαυτως.
1656 4667 1664 4668 7
1805 4665 1813 4668 7
2075 4598 2207 4651 Vita
2237 4597 2464 4668 Epicuri
2483 4594 2837 4668 Gassendus.

381 4664 494 4741 (25)
537 4669 900 4741 Ἀποπέσωσι.
966 4664 1190 4741 Duplex
1247 4674 1336 4723 est
1391 4668 1590 4736 lectio,
1643 4665 1957 4720 ἀποπέσωσι

2143 4669 2256 4738 (30)
2279 4664 2489 4741 Midam.
2533 4667 2797 4741 Laertius
2855 4664 2891 4732 ἢ
2925 4667 3108 4741 μήπω-
3127 4666 3352 4741 scribit.
3375 4665 3718 4741 Quinetiam

309 4737 809 4818 et7é17tp1t7‘tuiqw0t7.7
832 4737 1104 4818 S7vLsU7ac.
2073 4737 2558 4818 Qassen7do7apud
2589 4737 2957 4793 Clementem
2987 4737 3570 4818 desiderari7videtur
3587 4753 3722 4818 par:

379 4813 490 4881 (26)
519 4812 732 4870 Αὐτῶν,
770 4814 869 4869 Vel
898 4813 1077 4867 αὑτῶν
1107 4829 1300 4883 asper.
1681 4881 1689 4883 _
1797 4881 1805 4883 _
1905 4882 1908 4883 ν

2136 4811 2252 4883 ;ula
2276 4807 2320 4883 ii
2346 4809 2418 4864 ob
2443 4803 2823 4883 consequens
2858 4809 3215 4876 membrum,
3239 4808 3340 4863 ubi
3374 4803 3631 4864 occurrit
3682 4803 3717 4875 ἤ

384 4886 492 4950 (27)
551 4883 872 4953 Ἐπίκουρος
931 4886 1064 4941 Μεν.
1128 4880 1329 4939 Eistat
1400 4883 1526 4937 hmo
1601 4881 1851 4952 epistola
1898 4882 1959 4937 in

998 4905 1064 4938 εν.
1128 4880 1329 4939 Eistat
1400 4883 1526 4937 hmo
1601 4881 1851 4952 epistola
1898 4882 1959 4937 in
2072 4881 2326 4951 μήπω,ἢ
2363 4880 2579 4951 μηκέτι.

309 4956 548 5027 Epicuro
577 4950 850 5027 Diogenis
876 4957 1084 5012 Laertii
1136 4956 1238 5011 lib.
1301 4973 1357 5023 x,
1393 4971 1580 5027 segm.
1613 4950 1712 5027 122
1745 4959 1801 5007 et
1831 4971 1890 5027 se

2143 4953 2251 5027 (31)
2311 4950 2492 5027 binum
2525 4954 2834 5027 7uape'ivai.
2893 4950 2984 5027 Μὴ
3043 4953 3303 5027 παρεῖναι.
3351 4951 3538 5005 Laert.
3585 4951 3718 5027 7_Cle-

382 5026 493 5098 (28)
532 5097 537 5098 7
571 5022 726 5092 Μήτε
781 5030 922 5086 νέος.
978 5029 1113 5082 Ηωο
1170 5027 1320 5083 forte
1347 5022 1615 5098 respicit
1659 5022 1955 5094 Horatius,
2067 5025 2286 5098 mentis
2316 5024 2492 5078 lectio
2525 5023 2786 5098 Menagio
2819 5023 3005 5098 magis
3044 5022 3258 5092 placet,
3290 5022 3717 5098 itemque_Gas-

306 5093 543 5170 Epicuri
578 5098 808 5152 scilicet
837 5099 1186 5170 discipulus,
1221 5100 1394 5170 epist.
1430 5093 1487 5166 1,
1515 5115 1566 5166 v,
1591 5099 1657 5151 23
1691 5113 1704 5151 ε
1940 5093 1944 5094 ί
2067 5095 2270 5170 sendo,
2303 5111 2368 5149 eo
2401 5094 2560 5166 quod
2593 5093 2784 5166 μήπω,
2829 5100 2894 5148 ut
2921 5095 3022 5160 ait,
3069 5100 3405 5165 opponatur
3448 5093 3576 5148 voci
3611 5112 3717 5162 μη-

2064 5165 2170 5220 κέτ·
2185 5212 2196 5222 .

305 5207 394 5308 gic
425 5204 564 5308 miihi
595 5203 758 5258 tarda
786 5207 986 5272 ﬂuunt.
1012 5207 1344 5308 ingrataque
1375 5212 1652 5308 tempora/,1
1671 5220 1792 5273 qua
1807 5220 1886 5308 spe

352 5277 468 5308 ,ηυνξ
497 5277 720 5308 ιιίιηγὶηιιιη
766 5281 1057 5308 mnmnnhm
1089 5293 1222 5308 nnnn
1270 5278 1288 5308 ἐ
1321 5278 1610 5308 ηνιηωζιικοί
1700 5292 1808 5308 ηιμ-ι

2305 5237 2506 5308 Μήκετέ
2573 5235 2705 5308 εἶναι
2788 5234 2887 5302 τὴν
2977 5231 3122 5308 ὥραν
3158 5277 3170 5290 .
3250 5234 3465 5308 Μηκέτι
3532 5231 3666 5286 εἶναι
3703 5275 3716 5301 ,

307 5277 720 5345 Consiliumque
745 5281 1057 5377 Amorantur
1087 5277 1288 5377 ag’endi
1312 5279 1572 5377 pnqviter
1590 5275 1670 5341 id,
1699 5276 1848 5345 quod

327 5354 479 5377 In“..-
503 5351 738 5377 κηρυκι-ι.ιᾶ
777 5364 838 5377 nn
864 5363 990 5377 mann:
1014 5353 1087 5377 nol
1165 5363 1302 5377 Λιημνι
1332 5350 1402 5377 nl;
1440 5364 1500 5377 alI-
1543 5363 1690 5377 magna
1726 5363 1738 5375 ο

2139 5275 2280 5375 Κθεέ,
2315 5275 2415 5363 scil
2445 5307 2544 5375 τὴν
2579 5305 2722 5377 ὥραν
2778 5275 2898 5361 min
2959 5275 3226 5377 aghoscit
3260 5325 3271 5359 :
3306 5275 3463 5377 quod
3519 5275 3720 5361 tamen

305 5354 479 5420 Eque
499 5349 838 5450 pauperibus
863 5347 1106 5416 prodest,
1144 5347 1500 5450 locupletibus
1538 5363 1690 5450 aique
1720 5363 1738 5400 :

324 5426 477 5450 lin...“
507 5440 609 5450 ,ηηη
641 5429 810 5450 ηηιιητη
843 5419 1029 5450 mann-malo
1084 5419 1195 5450 om;
1224 5433 1401 5450 .ncnn.
1429 5435 1562 5450 ιγιηιιι»
1587 5419 1641 5450 ιέΙ

2139 5351 2364 5435 .sserido
2397 5347 2518 5435 non
2551 5359 2876 5450 incongrue
2919 5347 3106 5448 Γεδειί
3138 5347 3392 5443 videtiir,
3425 5384 3720 5450 quatenus

304 5426 477 5492 Atque
507 5418 813 5492 neglectum
838 5419 1049 5490 pueris,
1081 5419 1401 5486 senibusque
1429 5418 1662 5471 nocebit.
2063 5418 3106 5523 ﬁzvjab‘s‘ﬁiﬁr‘iga‘

373 5531 486 5603 (29)
517 5528 824 5604 Ὑγιαίνειν,
886 5524 1415 5604 ξ1’γιαῖνον,“[λᾶθῐ“ίτ.
1463 5525 1736 5604 _[_Jtraque
1776 5523 1949 5604 lectio

905 5524 1415 5604 l‘yraivov,7l7,aert7.
1463 5525 1736 5604 7[_Jtraque
1776 5523 1949 5604 lectio
2063 5524 2329 5604 membro
2353 5523 2481 5604 fuit.

302 5587 489 5692 Ρτδιτεί
519 5587 627 5663 est
661 5587 1437 5692 inqui.t.i3_'_1_veé;é£Eis};
1450 5587 1883 5692 ,ἒξίέἓδβξῗὲῖὲῗί

2144 5596 2242 5664 ζ33)
2273 5594 2377 5649 Καὶ
2438 5589 2712 5666 νεωτέρῳ,
2771 5589 2862 5644 καὶ
2919 5587 3316 5692 γέρονταιΚαῖ
3377 5588 3595 5692 γέροντι
3635 5590 3725 5643 καὶ

2144 5687 2164 5692 ν.
2223 5667 2241 5692 1
2267 5671 2388 5692 ..Α-ι
2435 5668 2613 5692 ηΑ-..Α
2651 5663 2909 5692 ΠΛ-ιηηῖιι
2949 5680 2984 5692 n
3020 5669 3143 5692 «AI-l4
3202 5662 3352 5692 Ληιῖη
3432 5662 3696 5692 σοις-διξοὶ..-

304 5661 576 5746 ὗγιαίνειν,
620 5661 763 5746 quia
789 5674 1020 5728 videtur
1049 5676 1351 5736 utcunque
1383 5664 1600 5720 melius
1623 5661 1857 5736 {inquit
1882 5661 1946 5722 in
2061 5661 2189 5737 νέῳ,
2223 5667 2408 5721 Laert.
2433 5661 2619 5721 Porro
2649 5661 2910 5734 Menagio
2949 5663 3147 5733 placet
3175 5661 3353 5718 lectio
3387 5661 3725 5732 Laertiana,
