4004 6144
267 347 403 404 1281

261 472 423 552 ᾼέγω
482 469 542 525 δὶ
594 471 720 542 ὑμῖν
755 488 768 500 ⁸

262 561 389 634 έμοί
442 559 748 632 ἔμπροσθεν
804 561 910 612 τῶν
967 556 1288 632 ἀνθρώπων,
1333 557 1488 610 καὶὸ
1521 557 1644 620 Υἱὸς
1672 561 1770 611 τοῦ
1824 557 1920 610 ἀν-

263 650 490 724 θρώπου
549 645 890 720 ὁμολογήσει
948 645 1000 700 ἐν
1069 644 1215 716 αὐτῷ
1265 639 1566 719 ἔμπροσθεν
1615 651 1721 699 τῶν
1773 646 1923 721 ἐγγέ-

265 737 378 794 λων
410 740 508 791 τοῦ
539 740 693 791 Θεοῦ.
727 736 831 792 Τὸν
893 733 949 789 δὲ
979 734 1352 807 ἀρνησάμενόν
1409 755 1474 807 με
1526 732 1755 788 ἐνώπιον
1813 739 1919 789 τῶν

268 827 589 901 ἀνθρώπων,
647 825 1034 895 ἀπαρνήσομαι
1083 822 1242 877 αὐτὸν
1306 821 1609 897 ἔμπροσθεν
1662 827 1769 876 τῶν
1825 823 1924 897 ἀγ-

267 915 446 992 γέλων
500 915 633 986 (35).
687 914 782 975 ’ος
823 912 924 988 γὰρ
979 911 1036 966 ἂν
1089 912 1429 987 ἐπαισχυνθῇ
1464 933 1553 985 με,
1585 911 1620 980 ἢ
1649 910 1776 973 τοὺς
1811 913 1920 984 (36)

268 1003 436 1078 ἐμοὺς
493 1001 691 1077 λόγους
748 1001 801 1056 ἐν
844 1004 912 1075 τῇ
961 1005 1116 1077 γενεᾷ
1156 1000 1326 1071 ταύτῃ
1373 1004 1441 1074 τῇ
1487 997 1782 1076 μοιχαλίδι
1832 998 1922 1054 καὶ

271 1090 610 1166 ἁμαρτωλῷ,
667 1090 753 1144 καὶ
810 1090 837 1144 ὁ
869 1090 992 1151 Υἱὸς
1025 1093 1123 1143 τοῦ
1154 1090 1441 1164 ἀνθρώπου
1491 1089 1922 1164 ἐπαισχυνθήσε-

267 1201 357 1237 ται
390 1181 569 1253 αὐτὸν,
625 1178 753 1234 ὅταν
803 1172 935 1252 ἔλθῃ
985 1177 1034 1232 έν
1083 1181 1153 1251 τῇ
1205 1175 1332 1252 δὸξῃ
1363 1182 1460 1233 τοῦ
1493 1178 1702 1253 Πατρὸς
1732 1178 1921 1245 αὐτοῦ,

274 1270 546 1343 μετὰτῶν
579 1265 829 1343 ἀγγέλων
871 1265 1054 1322 αὐτοῦ.
1117 1272 1226 1328 Πᾶς
1287 1265 1378 1322 οὖν
1433 1266 1580 1328 ὅστις
1639 1267 1726 1322 ἐὰν
1786 1267 1926 1339 ὁμο-

271 1357 484 1432 λογήσῃ
513 1359 628 1431 (37)
661 1356 712 1412 ἐν
746 1355 872 1429 ἐμοὶ
918 1353 1221 1431 ἔμπροσθεν
1253 1361 1360 1410 τῶν
1409 1356 1734 1430 ἀνθρώπων,
1788 1355 1924 1428 ὁμο-

270 1447 502 1523 λογήσω
549 1446 705 1521 κάγὼ
753 1445 805 1499 ἐν
857 1445 1008 1517 αὐτῷ
1040 1442 1340 1520 ἔμπροσθεν
1398 1449 1497 1500 τοῦ
1551 1445 1761 1518 Πατρός
1818 1464 1923 1516 μου

268 1541 367 1591 τοῦ
415 1535 467 1590 ἐν
518 1536 788 1610 οὐρανοῖς.
843 1536 1005 1591 Ὅταν
1055 1532 1110 1588 δὲ
1143 1532 1377 1609 φέρωσιν
1415 1534 1554 1606 ὑμᾶς
1584 1533 1661 1596 εἷς
1687 1533 1780 1594 τὰς
1815 1535 1922 1604 (38)

1594 345 2042 408 ΒΤΒΟΜΔΤΠΜ
2080 348 2214 402 LIB.
2255 351 2352 404 IV.

830 473 940 532 Πᾶς
1015 469 1074 532 ὃς
1151 467 1240 522 ἐὰν
1317 470 1424 539 (34)
1485 466 1808 543 ὁμολογήσῃ
1864 466 1916 522 ἐν

2057 477 2194 544 sunt)
2220 491 2232 529 :
2258 498 2285 526 «
2313 476 2452 530 Dico
2471 479 2670 531 autem
2693 475 2861 530 vobis
2885 492 2898 529 :
2924 496 2951 525 α
2985 475 3407 544 Quicunquein
3427 492 3523 532 me
3545 492 3682 532 con-

3546 350 3686 407 1282

2031 565 2224 620 fessus
2253 565 2433 618 fuerit
2463 581 2660 619 coram
2695 564 3054 618 hominibus.
3088 564 3270 618 Filius
3303 565 3478 620 etiam
3497 566 3684 620 homi-

2033 654 2129 708 nis
2146 652 2530 708 conﬁtebitur
2558 653 2618 706 in
2645 669 2711 708 eo
2733 669 2930 708 coram
2955 651 3182 724 angelis
3205 653 3326 706 Dei.
3354 654 3462 717 Qui
3484 660 3681 709 autem

2035 759 2129 797 me
2163 741 2461 815 negaverit
2489 759 2686 796 coram
2717 742 3082 805 hominibus,
3107 741 3333 814 negabo
3366 742 3562 812 ipsum
3583 759 3682 797 co-

2034 848 2161 885 ram
2183 831 2410 904 angelis
2433 832 2525 900 (a).
2542 833 2725 896 Quem
2749 832 2907 886 enim
2926 830 3158 897 mei,vel
3183 847 3451 885 meorum
3475 830 3680 884 verbo-

2035 937 2167 975 rum
2190 921 2468 992 puduerit
2489 921 2548 974 in
2571 921 2677 974 hac
2699 921 3083 992 generatione
3106 919 3376 974 adultera
3397 925 3455 973 et
3474 936 3681 990 pecca-

2035 1011 2203 1076 trice,
2238 1009 2451 1064 Filium
2473 1025 2708 1080 quoque
2731 1009 2990 1064 hominis
3019 1009 3146 1080 ejus
3164 1008 3428 1079 pudebit,
3443 1008 3681 1078 quando

2036 1099 2264 1152 venerit
2293 1098 2354 1152 in
2383 1097 2632 1170 gloriam
2664 1098 2856 1153 Patris
2885 1098 2975 1152 sui
3008 1115 3142 1152 cum
3174 1097 3402 1168 angelis
3434 1097 3557 1151 suis
3583 1096 3679 1168 (ὁ).

2037 1188 2384 1257 Quicunque
2417 1203 2552 1259 ergo
2584 1188 2645 1241 in
2677 1204 2771 1242 me
2806 1186 3114 1242 confessus
3142 1186 3321 1240 fuerit
3349 1201 3547 1240 coram
3577 1185 3686 1240 ho-

2037 1275 2321 1342 minibus,
2355 1292 2460 1347 ego
2491 1292 2727 1346 quoque
2756 1275 2818 1330 in
2852 1293 2920 1330 eo
2943 1274 3272 1330 conﬁtebor
3291 1290 3490 1330 coram
3514 1276 3685 1328 Patre

2039 1383 2191 1432 meo,
2217 1367 2319 1436 qui
2340 1372 2430 1421 est
2452 1367 2511 1422 in
2534 1366 2695 1422 ccelis
2717 1366 2807 1437 (c)'
2833 1367 2975 1420 Cum
2998 1371 3193 1421 autem
3229 1365 3572 1420 induxerint
3585 1381 3688 1420 vos

2042 1455 2104 1508 in
2135 1471 2459 1526 synagogas
2491 1461 2548 1509 et
2600 1455 2672 1510 ad
2703 1455 3080 1526 magistratus
3123 1459 3183 1508 et
3227 1458 3571 1525 potestates,
3612 1469 3687 1507 ne

2040 1544 2206 1615 prius
2229 1543 2467 1598 solliciti
2490 1543 2619 1598 sitis
2642 1544 2937 1614 quomodo
2961 1541 3390 1614 respondeatis.
3420 1545 3522 1597 aut
3542 1541 3685 1612 quid

273 1626 608 1700 συναγωγὰς,
659 1623 748 1678 καὶ
805 1623 901 1686 τὰς
962 1623 1160 1698 ἀρχὰς,
1218 1623 1308 1677 καὶ
1363 1624 1460 1684 τὰς
1518 1621 1782 1694 ἐξουσίας,
1846 1621 1920 1694 μὴ

2057 1633 2370 1702 .oquamini
2399 1650 2410 1686 :
2445 1633 2695 1703 Spiritus
2726 1633 2885 1686 enim
2917 1637 3156 1687 sanctus
3204 1631 3439 1686 docebit
3481 1647 3579 1685 vos
3623 1630 3684 1683 in

271 1718 688 1789 προμεριμνᾶτε
744 1716 862 1775 πῶς
924 1711 1344 1786 ἀπολογηθῆτε,
1396 1711 1431 1780 ἢ
1490 1711 1541 1766 τί
1595 1709 1804 1780 εἴπητε·
1862 1711 1926 1764 τὸ

2057 1737 2171 1792 1)Βᾶ
2201 1721 2348 1776 hora
2377 1721 2519 1792 quid
2551 1721 2879 1792 loquamini
2914 1721 3013 1792 (d),
3050 1744 3076 1770 »
3108 1721 3273 1775 Hunc
3296 1720 3490 1776 locum
3509 1737 3684 1790 expo-

276 1803 381 1878 γὰρ
412 1803 563 1877 ἅγιον
617 1805 833 1874 Πνεῦμα
883 1798 1084 1873 διδάξει
1137 1801 1279 1872 ὑμᾶς
1310 1801 1362 1856 ἐν
1415 1799 1551 1874 αὐτῇ
1580 1803 1650 1874 τῇ
1683 1801 1818 1875 ὥρᾳ,
1873 1797 1926 1852 τί

2057 1827 2190 1864 iens
2223 1810 2568 1877 Heracleon,
2593 1810 2842 1879 cujusin
2862 1809 3065 1864 schola
3095 1809 3391 1864 Valentini
3422 1809 3535 1863 fuit
3565 1824 3689 1864 ma-

279 1889 361 1946 δεῖ
409 1891 601 1949 εἰπεῖν,
657 1913 686 1942 ››
731 1887 939 1947 Τοῦτον
991 1887 1354 1962 ἐξηγούμενος
1405 1889 1497 1944 τὸν
1553 1884 1722 1943 τόπον
1767 1889 1934 1960 Ἠρα-

2057 1899 2199 1953 rima
2219 1899 2600 1965 existimatio,
2625 1899 2718 1953 his
2747 1897 2942 1952 verbis
2965 1898 3109 1952 dicit
3137 1915 3149 1951 :
3187 1918 3211 1949 α
3245 1898 3689 1952 Confessionem

280 1978 458 2034 κλέων
491 1982 625 2052 (39),
660 1980 687 2033 ὁ
717 1981 816 2048 τῆς
857 1977 1224 2036 Οὐαλεντίνου
1274 1978 1489 2052 σχολῆς
1537 1975 1932 2050 δοκιμώτατος,

2057 1988 2279 2058 Ῑυίὰθω
2302 2005 2484 2042 unam
2510 2004 2637 2043 esse
2663 1987 2777 2042 ﬁde
2796 1992 2855 2042 et
2875 1987 3004 2041 vitai
3023 1987 3418 2054 institutione,
3441 1987 3690 2040 alteram

277 2069 416 2124 κατὰ
456 2067 598 2142 λέξιν
651 2069 837 2144 φησὶν,
899 2090 919 2119 ι
956 2064 1260 2141 ὁμολογίαν
1322 2067 1454 2122 εἶναι
1502 2068 1600 2136 τὴν
1651 2067 1746 2135 μὲν
1779 2065 1830 2120 ἐν
1865 2069 1932 2138 τῇ

2057 2093 2174 2132 vero
2202 2093 2360 2132 voce.
2385 2078 2577 2148 Atque
2599 2093 2729 2147 qua)
2758 2076 2823 2130 ﬁt
2853 2075 3095 2146 quidem
3115 2093 3253 2131 voce
3285 2075 3600 2142 confessio,
3627 2075 3693 2129 ﬁt

277 2157 453 2212 πίστει
497 2157 585 2212 καὶ
627 2155 901 2227 πολιτείᾳ,
949 2156 1048 2224 τήν
1083 2152 1140 2210 δὲ
1193 2154 1244 2210 έν
1277 2160 1454 2233 φωνῇ.
1487 2156 1550 2212 Ἠ
1603 2157 1696 2228 μὲν
1748 2152 1838 2208 οὖν
1878 2151 1933 2208 ἐν

2057 2166 2218 2221 atiam
2239 2165 2396 2236 aqud
2419 2170 2760 2236 potestates,
2775 2181 2952 2236 quam
2973 2165 3180 2231 solam,
3198 2164 3692 2235 inquit,plerique

279 2250 434 2322 φωνῇ
465 2245 741 2321 ὁμολογία
765 2244 853 2299 καὶ
887 2243 974 2299 ἐπὶ
999 2248 1108 2298 τῶν
1142 2244 1394 2314 ἐξουσιῶν
1423 2243 1649 2320 γίνεται,
1708 2246 1768 2313 ἣν
1833 2242 1936 2316 μό·-

2057 2272 2162 2309 Jon
2195 2260 2352 2309 recte
2401 2253 2838 2308 confessionem
2869 2269 2999 2308 esse
3047 2253 3406 2309 existimant.
3439 2254 3698 2307 Possunt

277 2345 398 2405 νην,
432 2334 621 2410 φησὶν,
652 2334 951 2407 ὁμολογίαν
985 2335 1248 2408 ἡγοῦνται
1283 2334 1416 2388 εἶναι
1469 2335 1520 2388 οἱ
1558 2332 1789 2388 πολλοί’
1830 2331 1940 2406 οὐχ

2057 2349 2243 2398 iutem
2261 2343 2370 2396 hac
2388 2341 2762 2396 confessione
2780 2341 2864 2394 uti
2884 2341 3061 2395 etiam
3083 2340 3426 2411 hypocriten.
3451 2338 3563 2394 Sed
3581 2355 3690 2394 nec

281 2425 469 2500 ὑγιῶς’
501 2422 751 2478 δύνανται
787 2421 844 2478 δὲ
872 2422 1075 2493 ταύτην
1107 2424 1208 2492 τὴν
1238 2422 1542 2499 ὁμολογίαν
1573 2423 1664 2478 καὶ
1717 2424 1768 2477 οἱ
1802 2423 1938 2477 ὑπο-

2057 2434 2171 2485 haec
2191 2447 2284 2484 res
2303 2430 2592 2484 universa)
2624 2429 2873 2500 prolata,
2907 2429 2989 2483 ita
3018 2445 3080 2483 se
3112 2428 3333 2483 habere
3359 2428 3689 2498 deprehen-

279 2513 460 2590 κριταὶ
519 2512 834 2587 ὁμολογεῖν.
871 2509 1028 2567 ’Λλλ’
1059 2509 1177 2567 οὐδ’
1210 2513 1560 2586 εὑρεθήσεται
1592 2512 1750 2572 οὗτος
1781 2511 1808 2563 6
1839 2507 1936 2564 λό-

2057 2519 2235 2573 :letur.
2271 2521 2394 2572 Non
2427 2517 2586 2571 enim
2614 2533 2821 2571 omnes
2852 2515 2952 2585 qui
2985 2515 3128 2570 salvi
3161 2516 3331 2582 ﬁunt,
3365 2532 3434 2570 ea
3458 2515 3694 2570 confes-

281 2623 375 2679 γος
419 2603 730 2662 καθολικῶς
762 2600 1075 2677 εἰρημένος·
1115 2601 1178 2655 οὐ
1207 2603 1308 2675 γὰρ
1363 2601 1558 2661 πάντες
1593 2601 1645 2654 οἱ
1693 2599 1940 2669 σωζόμε-

2057 2606 2236 2671 sione,
2260 2621 2392 2674 quaa
2411 2621 2550 2658 voce
2574 2605 2659 2671 ﬁt,
2686 2604 2776 2658 usi
2810 2610 2969 2671 sunt,
3001 2610 3060 2659 et
3090 2620 3417 2658 excessere.
3451 2604 3533 2657 Ex
3564 2604 3694 2674 qui-

283 2711 367 2746 νοι
396 2689 768 2764 ὡμολόγησαν
827 2694 926 2756 τὴν
977 2686 1066 2742 διὰ
1090 2695 1189 2757 τῆς
1241 2694 1427 2764 φωνῆς
1459 2685 1791 2760 ὁμολογίαν,
1848 2683 1939 2738 καὶ

2057 2693 2157 2747 bus
2192 2697 2280 2746 est
2323 2692 2650 2757 Matthzeus,
2706 2692 3036 2763 Philippus,
3068 2693 3341 2759 Thomas,
3397 2692 3579 2759 Levis,
3641 2697 3699 2745 et

285 2779 529 2848 ἰξῆλθον.
566 2779 653 2847 Ἐξ
686 2775 759 2830 ὦν
819 2778 1117 2844 Ματθαῖος,
1150 2773 1455 2843 Φίλιππος,
1505 2779 1727 2846 Θωμᾶς,
1778 2774 1940 2836 Λευῖς

2057 2781 2149 2836 alii
2181 2781 2371 2835 multi.
2391 2781 2633 2835 Accedit
2663 2781 2821 2851 quod
2852 2798 2939 2848 ea,
2965 2798 3095 2852 quae
3127 2797 3263 2836 voce
3289 2781 3372 2847 ﬁt,
3398 2780 3696 2836 confessio

289 2871 423 2940 (40),
482 2865 570 2920 καὶ
628 2862 792 2920 ἄλλοι
844 2862 1072 2918 πολλοί.
1134 2864 1232 2916 Καὶ
1273 2861 1416 2917 ἔστιν
1445 2865 1480 2932 ἡ
1513 2860 1601 2917 διὰ
1622 2869 1722 2933 τῆς
1755 2866 1940 2940 φωνῆς

2057 2887 2169 2924 non
2202 2870 2474 2924 universa
2505 2869 2952 2941 complectatur,
2987 2869 3090 2925 sed
3121 2869 3195 2925 ad
3225 2874 3453 2941 partem
3505 2868 3697 2923 solum

290 2954 570 3028 ὁμολογία
613 2953 677 3007 οὐ
725 2950 1024 3021 καθολιοιή,
1076 2949 1223 3007 ἀλλὰ
1273 2953 1490 3025 μερική.
1553 2951 1830 3020 Καθολικὴ
1863 2948 1941 3018 δὲ,

289 3045 356 3114 ἢν
389 3048 478 3098 νῦν
514 3041 680 3115 λέγει,
707 3041 806 3109 τήν
841 3040 893 3096 ἐν
950 3037 1132 3115 ἔργοις
1163 3039 1253 3095 καὶ
1310 3041 1530 3114 πράξεσι
1562 3040 1942 3112 καταλλήλοις

286 3137 389 3198 τῆς
419 3131 493 3194 εἷς
527 3130 686 3185 αὐτὸν
718 3128 971 3191 πίστεως.
1026 3132 1254 3185 ’Έπεται
1287 3127 1343 3184 δὲ
1370 3130 1539 3204 ταύτῃ
1570 3134 1638 3203 τῇ
1671 3129 1946 3204 ὁμολογίᾳ

287 3223 375 3277 καὶ
408 3225 443 3291 ἡ
482 3219 702 3294 μερική,
752 3221 787 3288 ἡ
843 3217 930 3273 ἐπὶ
989 3222 1096 3273 τῶν
1154 3217 1427 3290 ἐξουσιῶν,
1487 3219 1575 3274 ἐὰν
1635 3217 1754 3294 δέῃ,
1795 3220 1881 3274 καὶ
1917 3221 1945 3274 6

291 3308 456 3385 λόγος
483 3307 609 3384 αΥρῃ
641 3309 772 3381 (41)·
808 3305 1149 3382 ὁμολογήσει
1197 3308 1300 3383 γὰρ
1345 3307 1504 3369 οὗτος
1550 3308 1640 3362 καὶ
1669 3311 1737 3382 τῇ
1787 3306 1942 3384 φωνῇ

293 3399 487 3473 ὀρθῶς,
551 3393 1018 3472 προομολογήσας
1077 3396 1338 3470 πρότερον
1396 3399 1465 3469 τῇ
1524 3393 1776 3460 διαθέσει.
1837 3396 1941 3451 Καὶ

290 3485 476 3550 καλῶς
505 3484 592 3540 ἐπὶ
629 3486 722 3557 μὲν
748 3488 856 3538 τῶν
890 3482 1337 3559 ὁμολογούντων,
1373 3510 1401 3538 ‹‹
1435 3483 1488 3539 ἐν
1514 3485 1660 3558 ἐμοὶ,
1699 3511 1720 3536 ι
1775 3486 1940 3540 εἶπεν

297 3576 385 3632 ἐπὶ
414 3573 471 3630 δὲ
515 3578 622 3628 τῶν
674 3571 1016 3649 ἀρνουμένων
1062 3575 1122 3628 σὸ
1159 3597 1180 3624 ι
1214 3571 1312 3646 ἐμέ
1345 3599 1374 3625 ››
1420 3573 1776 3649 προσέθηκεν.
1827 3575 1943 3632 Οὗ-

297 3686 383 3719 τοι
414 3665 541 3738 γὰρ,
573 3659 668 3716 κᾶν
695 3665 764 3735 τῇ
806 3665 962 3738 φωνῇ
995 3660 1421 3738 ὁμολογήσωσιν
1481 3665 1666 3732 αὐτὸν,
1716 3663 1944 3738 ἀρνοῦν-

298 3773 385 3807 ται
434 3750 617 3816 αὐτὸν,
669 3753 738 3822 τῇ
783 3749 970 3824 πράξει
1024 3751 1100 3822 μή
1151 3750 1577 3825 ὁμολογοῦντες.
1625 3751 1781 3824 μόνοι
1815 3750 1859 3806 δ’
1891 3750 1944 3806 ἐν

298 3840 446 3913 αὐτῷ
479 3839 848 3912 ὁμολογοῦσιν
883 3838 934 3892 οἱ
967 3838 1016 3892 ἐν
1057 3842 1126 3911 τῇ
1174 3840 1291 3892 κατ’
1339 3840 1502 3894 αὐτὸν
1557 3839 1828 3913 ὁμολογίᾳ
1855 3839 1945 3895 καὶ

297 3931 484 4007 πράξει
519 3930 784 4004 βιοῦντες,
840 3927 892 3981 ἐν
942 3929 1024 3989 οἷς
1053 3927 1144 3981 καὶ
1177 3927 1336 3989 αὐτὸς
1366 3926 1655 4004 ὁμολογεῖ,
1687 3928 1946 4002 ἐνειλημ-

300 4020 460 4093 μένος
512 4017 709 4080 αὐτοὺς
761 4018 894 4090 (42),
927 4017 1017 4070 καὶ
1056 4016 1323 4092 ἐχόμενος
1355 4018 1457 4072 ὑπὸ
1485 4018 1714 4076 τούτων.
1749 4020 1945 4094 Διόπερ

369 4147 432 4211 ,ιι
460 4141 522 4193 Ρ.
554 4139 657 4192 596
687 4137 798 4211 Ep.
832 4136 1128 4202 POTTER,
1160 4139 1284 4204 502,
1317 4139 1419 4192 503
1451 4138 1561 4192 ED.
1594 4139 1825 4194 PARIS.

297 4211 378 4282 (ά)
413 4211 548 4264 Luc.
578 4225 680 4263 xn.
715 4210 802 4273 11,
834 4211 917 4261 12.

297 4328 366 4379 ut
394 4324 574 4397 etiam
609 4321 905 4397 Cassendo
932 4338 952 4397 ;_
980 4338 1114 4397 cum
1137 4339 1331 4397 neque
1362 4340 1468 4397 pro
1487 4322 1708 4397 ffépovm
1742 4325 1956 4397 legitur

295 4392 615 4469 γεραιτέρῳ,
649 4409 843 4469 neque
873 4393 1044 4469 initio
1069 4392 1334 4469 epistolae
1357 4392 1452 4469 cui
1483 4392 1595 4451 hoc
1618 4392 1951 4452 memb'rum

296 4463 640 4538 respondet,
669 4463 1194 4546 Ιθςίῐιπυνεώτερίος,
1228 4466 1332 4521 sed
1362 4466 1503 4526 νέος.

374 4539 479 4596 (34)
510 4536 656 4590 Ἐάν.
693 4537 850 4596 Luc.,
885 4554 969 4590 αν.

607 4556 656 4590 ν.
693 4554 850 4592 LUC”
885 4554 969 4590 αν.

374 4539 479 4607 (34)
510 4539 656 4590 Ἐάν.
693 4539 850 4603 Luc.,
885 4539 969 4590 ἄν.

371 4608 482 4698 (35))
537 4608 644 4698 Τὸν
671 4604 762 4698 Δδὲ
836 4605 1210 4698 ἅιρνησάμεγον
1294 4651 1369 4698 .gr.‘
1387 4606 1773 4698 ἀπαρνήσομαι
1856 4607 1947 4662 αὖε

295 4676 387 4754 τὸν
449 4676 753 4754 ἔμπροσθεν
812 4682 922 4754 τῶν
981 4676 1256 4752 ἀγγέλων.
1309 4679 1371 4754 ’.Ο
1423 4676 1947 4754 δὲ’ἀρνησάμενος...

301 4747 739 4877 ῗπαρνὴθήσεται
813 4747 1078 4804 ἐνώπιοηῖ
1124 4754 1231 4804 τῶν
1309 4747 1556 4824 ἀγγέλων
1613 4747 1733 4804 τοῦ
1767 4755 1900 4807 Θεοῦ
1933 4770 1946 4784 ο

344 4839 443 4877 uc.

344 4839 443 4878 ΠΟ.

373 4894 483 4964 (36)
515 4891 584 4966 "ii
615 4891 766 4951 τούς.
802 4893 999 4966 Maron,
1050 4893 1140 4946 καὶ
1182 4891 1332 4954 τούς.
1381 4895 1508 4948 Mox
1539 4893 1781 4961 ibidem,
1818 4893 1954 4966 μετᾶ

299 4962 408 5018 τῶν
440 4962 680 5038 ἀγγέλων
696 4966 832 5038 fva
859 4963 1048 5038 ἁγίων,

375 5031 630 5109 milia;
663 5034 750 5088 οὗν
803 5031 949 5109 ὅστις
997 5033 1083 5089 ἐὰν
1131 5032 1481 5109 ὁμολογήσῃ.
1531 5037 1640 5089 Πᾶν
1683 5035 1772 5088 οῦν
1805 5034 1952 5098 ὅστις

300 5106 668 5180 ὁμολογήσει,
703 5107 901 5162 Matth.
1171 5106 1178 5108 ⁷
1331 5106 1339 5109 ⁷
1439 5106 1445 5108 ⁷

352 5181 482 5252 (38)
513 5180 678 5252 Ὅταν
714 5174 1054 5252 δέᾔφέρωσινῗ
1098 5178 1234 5249 ὑμᾶς
1292 5175 1370 5252 ei;
1402 5197 1452 5232 τ.
1508 5177 1672 5233 Ὅταν
1711 5173 1767 5231 δὲ
1791 5198 1955 5252 προσ-

302 5247 535 5337 φέρωσιν
590 5249 730 5337 ὁμᾶς
753 5247 880 5337 Ἰέπὶ,
928 5269 976 5303 τ.
1036 5247 1194 5318 Luc.,
1230 5249 1351 5337 iubi
1411 5266 1570 5317 mox,
1633 5247 1952 5337 μεριμνξτε,

299 5309 418 5383 πῶς
475 5323 509 5392 ἢ
550 5320 602 5376 τί
627 5309 1039 5394 ’ἀπολογίσεσθε
1073 5338 1085 5351 ⁸
1146 5309 1260 5394 sed
1305 5309 1723 5394 προμεριμνᾶτὲ
1767 5309 1957 5379 ’Ῐιίὼθί

302 5397 476 5451 Marc.
499 5389 625 5460 xm,
663 5398 747 5463 11.
781 5389 963 5447 Paulo
991 5397 1143 5463 post,
1177 5389 1209 5445 ἃ
1240 5389 1322 5445 δεῖ
1350 5389 1712 5460 εἷ’πεῖν,ἰυο.

373 5470 487 5536 (39)
518 5461 852 5538 Ἡρακλέων,
887 5461 1026 5538 Ejus
1062 5465 1334 5518 meminit
1359 5465 1536 5538 etiam
1558 5466 1957 5538 Tertullianus

302 5535 404 5590 lib.
433 5535 706 5592 Adversus
745 5537 1178 5608 Valei‘itiiii’anos.
1214 5554 1340 5606 cup.
1377 5537 1440 5590 4.
1489 5537 1770 5608 Origenes
1801 5539 1954 5594 Com-

303 5616 469 5679 ment.
495 5612 554 5663 in
576 5613 736 5664 Joan.
768 5626 825 5679 p.
851 5609 941 5679 (iO,
967 5606 1112 5660 dicit
1137 5608 1561 5679 Heracleonem
1593 5606 1958 5679 Οὐαλεντίνου

305 5673 610 5752 λεγόμενον.
623 5679 755 5733 εἶναι
768 5673 1057 5752 γνῴριμον
1070 5722 1084 5744 ,
1103 5700 1135 5752 «_
1155 5678 1451 5752 Valentini
1473 5677 1832 5752 discipulum
1855 5681 1958 5737 ha-

305 5747 497 5807 bitum
509 5747 980 5812 fuisse.Conf.Cl.
1006 5748 1254 5809 Grabius
1269 5749 1561 5832 Spicilegii
1581 5747 1714 5810 séc.
1733 5753 1959 5828 n,p.80.

1901 4138 1979 4211 (a)
2030 4139 2166 4195 Luc.
2215 4157 2316 4210 xu,
2370 4141 2421 4194 8.

1981 4645 2028 4710 D

2051 2963 2296 3030 spectet.
2344 2959 2702 3014 Universalis
2745 2965 2942 3013 autem
2993 2965 3100 3023 est,
3135 2976 3312 3029 quam
3345 2975 3504 3014 nunc
3533 2957 3697 3023 dicit,

2053 3065 2183 3118 quae
2233 3049 2300 3103 ﬁt
2343 3047 2512 3102 factis
2557 3054 2614 3102 et
2659 3048 2938 3118 operibus
2970 3048 3043 3116 ei,
3073 3065 3202 3119 quae
3252 3054 3342 3103 est
3386 3048 3448 3102 in
3480 3049 3698 3118 ipsum,

2059 3136 2196 3191 ﬁdei
2253 3137 2734 3208 congruentibus.
2794 3138 2954 3191 Hanc
3011 3143 3209 3191 autem
3269 3136 3704 3192 confessionem

2059 3226 2328 3296 sequitur
2359 3227 2535 3280 etiam
2566 3225 2963 3296 particularis,
2997 3242 3128 3295 qua:
3161 3226 3226 3279 ﬁt
3256 3225 3412 3296 apud
3444 3230 3708 3295 potesta-

2057 3321 2164 3384 tes,
2195 3315 2243 3368 si
2287 3331 2435 3386 opus
2463 3314 2661 3382 fuerit,
2691 3320 2749 3369 et
2775 3315 2924 3369 ratio
2956 3313 3278 3384 impulerit.
3315 3316 3457 3368 Nam
3486 3313 3536 3368 is
3567 3329 3705 3368 voce

2058 3419 2293 3474 quoque
2323 3409 2480 3458 recte
2530 3403 2929 3470 conﬁtebitur,
2981 3420 3117 3458 cum
3175 3403 3483 3458 affectione
3540 3403 3706 3473 prius

2056 3497 2215 3547 recte
2265 3492 2447 3547 fuerit
2494 3492 2819 3547 confessus.
2863 3492 3113 3546 Pulchre
3145 3497 3345 3546 autem
3377 3489 3447 3545 de
3480 3490 3552 3544 iis
3600 3489 3702 3560 qui

2054 3584 2119 3647 ἦ(
2163 3582 2526 3635 conﬁtentur
2568 3581 2828 3652 quidem,
2881 3581 3003 3634 «in
3035 3597 3151 3644 me,
3184 3601 3211 3629 ι)
3261 3579 3444 3633 dixit:
3501 3577 3571 3633 de
3632 3578 3706 3632 iis

2060 3676 2256 3724 autem
2280 3671 2380 3740 qui
2403 3677 2639 3742 negant,
2666 3691 2694 3719 «
2717 3686 2811 3724 me
2838 3692 2865 3718 »
2887 3669 3239 3741 simpliciter
3258 3669 3706 3740 apposuit.Nam

2059 3755 2121 3822 ii,
2152 3757 2259 3810 etsi
2284 3757 2480 3826 ipsum
2509 3773 2647 3811 voce
2681 3755 2936 3810 confessi
2967 3755 3211 3822 fuerint,
3246 3755 3440 3826 ipsum
3468 3758 3705 3827 negant,

2061 3845 2292 3899 actione
2335 3844 2584 3900 minime
2627 3845 3003 3900 conﬁtentes.
3037 3845 3081 3898 Ii
3113 3850 3310 3899 autem
3345 3845 3454 3899 soli
3488 3843 3710 3915 inipso

2061 3934 2440 4000 conﬁtentur,
2473 3934 2573 4004 qui
2620 3933 2680 3987 in
2712 3949 2800 4000 ea,
2836 3950 2966 4004 qua)
3013 3939 3102 3988 est
3129 3934 3191 3988 in
3222 3933 3440 4004 ipsum,
3473 3932 3710 3988 confes-

2061 4022 2228 4078 sione
2265 4028 2323 4077 et
2351 4023 2584 4078 actione
2611 4023 2829 4090 vivunt,
2861 4023 2922 4077 in
2953 4023 3169 4093 quibus
3201 4023 3327 4094 ipse
3358 4023 3708 4087 conﬁtetur;

2499 4141 2575 4211 (ὁ)
2627 4141 2801 4194 Marc.
2851 4156 2972 4207 Vlll,
3024 4141 3113 4195 38.
3188 4141 3257 4208 (c)
3289 4138 3491 4193 Matth.
3525 4155 3584 4208 ι,
3617 4137 3712 4192 32.

2135 4326 2228 4397 (4-0
2284 4325 2633 4393 Ματθιῖος..,
2689 4323 2890 4387 Λευίς.
2949 4325 3096 4380 Aliis
3154 4325 3313 4380 idem
3371 4329 3511 4378 sunt
3567 4325 3705 4377 Mat-

2064 4397 2252 4451 thaaus
2284 4403 2343 4452 et
2385 4397 2546 4452 Levis
2595 4397 2966 4468 publicanus.
3001 4397 3166 4452 Unde
3200 4397 3496 4468 Constitut.
3530 4400 3709 4468 apost.

2063 4468 2318 4541 lib._v1lI,
2351 4485 2479 4541 cap.
2508 4463 2618 4541 22-:
2654 4468 2798 4541 Ἐγὼ
2827 4469 3126 4530 Ματθαῖος.
3152 4468 3179 4519 ὁ
3202 4465 3291 4520 καὶ
3315 4466 3497 4541 Λευῗς,
3520 4463 3712 4541 {ﬁeri

2059 4536 2329 4612 τελώνης,
2349 4536 2743 4612 διατάσσομαι.
2778 4564 2804 4591 ‹‹
2831 4543 2946 4612 Ego
2969 4541 3295 4604 Matthmus,
3321 4536 3707 4612 quietLevis,

2063 4611 2204 4665 olim
2226 4611 2597 4682 publicanus,
2626 4609 2941 4666 Constituo.
2973 4636 2991 4659 ι
3021 4612 3185 4666 Conf.
3211 4627 3343 4680 quaa
3365 4609 3712 4682 ibiadnotat

2059 4683 2143 4737 Cl.
2168 4680 2514 4750 Gotelerius,
2540 4683 2641 4753 qui
2673 4683 2743 4737 ab
2780 4682 3138 4738 Heracleone
3171 4699 3290 4736 non
3313 4681 3435 4736 vult
3456 4680 3707 4752 intelligi

2063 4755 2194 4808 Levi
2225 4754 2609 4825 publicanum
2641 4756 2813 4809 Marc.
2848 4772 2904 4822 ιι,
2932 4757 3018 4822 14,
3044 4756 3178 4810 Luc.
3205 4770 3257 4820 ν,
3293 4755 3381 4820 27,
3417 4768 3715 4807 memora-

2063 4831 2210 4887 tum,
2245 4825 2346 4880 sed
2380 4826 2508 4880 Levi
2540 4825 2868 4880 Lebbaaum.

2133 4898 2245 4978 (ρι)
2276 4895 2336 4951 Ὁ
2368 4893 2535 4978 λόγος
2596 4893 2745 4978 αἳρῃῖ
2800 4895 3169 4978 Legendum"
3191 4895 3421 4978 videtur
3456 4892 3508 4978 "6
3538 4889 3708 4978 λόγος

2061 4966 2188 5037 αῗτῇ
2221 4965 2250 5018 ὰ
2300 4965 2461 5022 ratio
2492 4965 2786 5038 postulat:
2824 4990 2850 5018 υ
2882 4965 3092 5038 inquit
3139 4967 3406 5038 Sylburg.
3455 4965 3567 5038 sed
3624 4965 3709 5020 Cl.

2063 5036 2309 5120 Grabins
2334 5036 2595 5120 Spicileg.
2627 5036 2997 5120 smc.nii,pag:
3024 5041 3092 5120 8ζε
3122 5036 3203 5092 ait
3229 5055 3240 5091 :
3274 5036 3707 5120 «.A'itﬁiegen-

2062 5110 2204 5164 dum
2227 5107 2445 5182 frustra
2466 5107 2670 5165 monet
2687 5107 3030 5182 Sylburgius
3063 5110 3122 5163 in
3146 5109 3413 5181 margine
3446 5107 3506 5182 et
3532 5107 3710 5182 n_otis.

2063 5184 2201 5253 Ego,
2221 5181 2578 5253 spiritumet
2606 5175 2931 5236 accentu'm'
2948 5181 3140 5236 solum
3169 5175 3428 5253 mutans,
3460 5175 3594 5253 αἱρῇ.
3619 5193 3711 5253 re-

2063 5248 2370 5325 ponerem.
2401 5252 2648 5325 _Usitata
2690 5254 2850 5308 enim
2882 5259 2972 5308 est
3000 5253 3252 5324 phrasis,
3288 5253 3316 5305 ὁ
3348 5248 3709 5325 λόγο-ςαὶριῖ.

2067 5319 2237 5406 velut
2266 5323 2420 5411 apud
2449 5323 2928 5411 P‘lutarohumni'n
2960 5319 3338 5411 cense/latione
3359 5319 3708 5411 adiapollg:

2066 5396 2233 5470 nium
2256 5411 2267 5447 :
2299 5388 2446 5462 ’Ὸπη
2481 5393 2643 5470 λόγος
2667 5388 3271 5470 αἱρεῖ-βέκτιστζὲχειν.
3299 5418 3324 5470 (ξ
3351 5388 3541 5470 Brout
3561 5390 3711 5470 ratio

2067 5469 2392 5531 dictaverit,
2414 5461 2634 5537 Optime
2658 5461 2974 5537 se'hab'ere.
3014 5490 3040 5516 ››
3075 5461 3328 5537 Et'apud
3351 5461 3712 5537 Herodotum

2067 5542 2320 5608 Euterpe.
2382 5531 2499 5594 sive
2553 5539 2655 5593 lib.
2689 5556 2726 5593 ιι
2755 5556 2765 5593 :
2820 5537 2914 5591 Καέ
2949 5535 3014 5603 δὴ
3041 5535 3129 5588 καὶ
3164 5531 3391 5606 ὁλόγος
3425 5531 3597 5592 οὕτως
3629 5531 3716 5584 αὶ-

2067 5612 2199 5684 ρέει.
2234 5631 2262 5660 ‹‹
2294 5612 2363 5684 Et
2392 5611 2694 5684 saneipsa
2721 5611 2871 5684 ratio
2898 5611 2991 5684 ita_
3010 5608 3204 5680 exigit.
3242 5630 3270 5657 ››

2139 5683 2252 5755 (42)
2283 5678 2512 5744 Αὐτούς.
2545 5678 2694 5755 Lege
2717 5679 2921 5754 αὐτοῖς,
2955 5678 3129 5738 ΕΒΑΒΖ
