4004 6144
302 375 442 432 1283

1540 367 1951 426 CLEMENTIB
1989 365 2487 422 ALBXANDBINI

3569 364 3738 419 1284

297 506 500 572 utpote
531 500 631 571 qui
663 500 725 552 in
756 497 877 552 illis
906 497 1152 564 habitat,
1185 501 1244 551 et
1265 497 1336 551 ab
1358 496 1478 551 illis
1501 499 1754 550 tenetur.
1789 495 1944 559 Quo-

2059 509 2087 537 ι(
2121 487 2453 560 ἀρνήσασθαι
2508 487 2695 541 ἑαυτὸν
2748 483 3008 572 οὐδέποτε
3057 482 3300 542 δύναται’
3365 510 3394 539 »
3443 488 3731 564 ’Δρνοῦν-

295 591 453 645 circa
478 612 503 639 «
533 603 839 660 nunquam
871 592 1067 659 potest
1097 586 1357 657 seipsum
1380 601 1593 658 negare
1612 585 1717 656 (a).
1747 607 1766 631 ι
1794 585 1944 638 Eum

297 684 494 734 autem
518 682 755 749 negant,
781 677 879 747 qui
907 694 1027 732 non
1053 676 1266 731 suntin
1286 677 1431 747 ipso.
1450 679 1574 731 Non
1589 676 1748 729 enim
1762 674 1940 729 dixit:

298 789 324 817 «
361 767 467 831 Qui
501 766 799 838 negaverit
831 766 888 818 in
922 782 1038 830 me,
1075 788 1101 814 »
1136 765 1238 820 sed
1271 788 1298 815 «
1332 783 1447 820 me.
1486 787 1506 814 ι
1544 764 1750 818 Nullus
1781 763 1943 816 enim

295 873 562 926 unquam
597 856 695 922 qui
729 861 818 910 est
851 857 910 909 in
943 855 1092 927 ipso,
1122 856 1318 926 ipsum
1349 860 1540 925 negat.
1575 853 1728 908 Illud
1747 859 1944 907 autem

295 967 322 996 (ι
357 962 556 1000 coram
585 945 945 1011 hominibus,
972 968 998 994 ››
1029 950 1085 998 et
1107 945 1144 997 ii
1170 945 1300 1015 squi
1327 945 1466 998 salvi
1492 945 1660 1011 ﬁunt,
1685 949 1744 997 et
1765 943 1945 997 etiam

296 1035 619 1108 gentilibus
633 1033 927 1100 similiter,
949 1033 1104 1104 apud
1123 1033 1270 1088 alios
1291 1033 1533 1105 quidem
1556 1033 1687 1087 vitae
1708 1032 1948 1086 institu-

298 1125 481 1190 tione,
496 1123 652 1196 apud
669 1123 818 1178 alios
836 1140 968 1177 vero
988 1124 1164 1178 etiam
1180 1140 1337 1178 voce.
1363 1123 1757 1188 Qnamobrem
1782 1137 1944 1175 nun-

296 1230 475 1284 quam
507 1219 757 1285 possunt
781 1213 892 1284 ipsi
926 1229 1140 1284 negare
1163 1229 1174 1266 :
1194 1229 1330 1267 eum
1361 1217 1558 1267 autem
1584 1217 1821 1283 negant,
1845 1210 1946 1281 qui

296 1322 417 1360 non
449 1309 588 1359 sunt
618 1303 676 1357 in
709 1304 856 1374 ipso.
895 1328 916 1354 ι
955 1304 1089 1356 Haec
1133 1303 1375 1373 quidem
1399 1303 1762 1368 lleracleon;
1797 1306 1855 1355 et
1884 1301 1946 1354 in

295 1395 428 1450 aliis
457 1392 699 1465 quidem
729 1391 958 1447 videtur
988 1391 1298 1446 nobiscum
1326 1393 1548 1447 sentire
1574 1393 1633 1446 in
1656 1393 1764 1445 hac
1787 1389 1946 1461 peri-

297 1500 480 1555 c0pe;
541 1481 689 1536 illud
747 1486 944 1536 autem
1001 1498 1118 1534 non
1151 1479 1420 1546 advertit,
1470 1481 1628 1552 quod
1659 1480 1768 1534 etsi
1827 1495 1948 1534 non

296 1573 532 1628 actione
563 1571 766 1642 aliqua
792 1576 850 1625 et
870 1571 987 1625 vita
1007 1592 1034 1619 «
1069 1570 1325 1625 confessi
1355 1577 1494 1624 sunt
1525 1569 1821 1624 Christum
1850 1585 1950 1623 co-

297 1678 425 1715 ram
449 1660 812 1727 hominibus,
837 1683 862 1709 «
891 1676 958 1714 eo
985 1661 1371 1730 tamen,quod
1393 1677 1530 1714 voce
1554 1660 1951 1714 confiteantur

298 1750 358 1804 in
377 1749 645 1820 jndiciis,
695 1754 754 1803 et
801 1765 989 1819 usque
1021 1748 1094 1803 ad
1125 1754 1378 1804 mortem
1411 1749 1655 1804 cruciati
1688 1765 1807 1803 non
1840 1763 1948 1802 ne-

2052 595 2142 629 ται
2174 573 2231 630 δὲ
2287 575 2449 630 αὐτὸν
2511 577 2560 630 οἳ
2625 576 2699 648 μὴ
2761 571 2910 637 ὄντες
2961 573 3012 630 ἐν
3075 573 3242 648 αὐτῷ·
3305 575 3371 630 ού
3403 577 3507 652 γὰρ
3545 579 3727 633 εἶπενο

2058 689 2084 714 ‹‹
2115 665 2214 726 Ὃς
2245 665 2546 740 ἀρνήσηται
2579 664 2629 719 ἐν
2664 663 2810 737 ἐμοῖ,
2848 690 2874 714 ››
2923 664 3068 733 ἀλλ’,
3101 691 3128 715 ‹‹
3163 663 3280 737 ἐμέ.
3318 690 3345 717 ››
3390 664 3584 728 Οὐδεὶς
3612 667 3727 743 γάρ

2054 773 2208 823 ποτε,
2242 750 2314 808 ὣν
2350 753 2401 808 ἐν
2435 753 2599 825 αὐτῷ,
2653 755 2889 825 ἀρνεῖται
2935 753 3112 808 αὐτόν.
3149 754 3227 810 Τὸ
3262 751 3319 808 δὲ
3350 778 3380 806 ‹‹
3410 750 3730 831 ἔμπροσθεν

2053 845 2160 894 τῶν
2195 842 2523 915 ἀνθρώπων,
2560 867 2585 892 ››
2617 842 2705 896 καὶ
2755 847 2862 896 τῶν
2918 843 3261 914 σωζομένων,
3313 842 3403 897 καὶ
3456 848 3564 898 τῶν
3625 844 3730 899 ἐθ-

2053 936 2218 984 νικῶν
2254 928 2310 984 δὶ
2341 930 2574 1002 ὁμοίως,
2607 931 2734 1003 παρ’
2764 934 2847 994 οἷς
2881 933 2973 998 μὲν
3005 932 3093 985 καὶ
3144 935 3212 996 τῆ
3263 932 3539 1003 πολιτείᾳ,
3588 950 3730 1006 παρ’

2057 1023 2138 1082 οἷς
2186 1017 2242 1073 δὲ
2290 1021 2374 1074 καὶ
2427 1025 2495 1092 τῇ
2547 1023 2721 1096 φωνῇ·
2757 1016 2945 1091 διόπερ
2980 1020 3312 1096 ἀρνήσασθαι
3341 1021 3500 1076 αὐτὸν
3563 1020 3730 1077 οὐδὲ·

2059 1132 2187 1165 ποτε
2247 1108 2520 1164 δύνανται·
2573 1109 2859 1184 ἀρνοῦνται
2918 1107 2973 1164 δὲ
3023 1111 3183 1165 αὐτὸν
3231 1112 3282 1165 οἱ
3335 1113 3410 1184 μή
3445 1109 3594 1174 ὄντες
3664 1111 3724 1166 ἒν

2055 1198 2222 1271 αὐτῷ.
2259 1225 2286 1250 ››
2320 1203 2504 1256 Ταῦτα
2565 1201 2661 1271 μὲν
2714 1200 2742 1253 ὁ
2799 1200 3135 1274 Ἡρακλέων·
3199 1200 3288 1254 καὶ
3341 1202 3408 1256 τὰ
3441 1201 3536 1272 μὲν
3571 1198 3727 1256 ἄλλα

2056 1290 2300 1366 φαίνεται
2335 1286 2623 1360 ὁμοδοξεῖν
2675 1291 2811 1361 ἡμῖν
2844 1289 2982 1343 κατά
3009 1291 3108 1356 τήν
3141 1291 3456 1363 πορικοπὴν
3488 1289 3721 1360 ταύτην·

2058 1377 2229 1432 ἐκεῖνο
2279 1375 2335 1432 δὶ
2391 1375 2488 1431 οὐκ
2542 1377 2852 1448 ἐπέστησεν,
2899 1377 2982 1432 ὅτι
3017 1381 3060 1432 εί
3108 1379 3198 1432 καὶ
3242 1379 3320 1450 μή
3355 1379 3540 1454 πράξει
3573 1379 3726 1442 τινὶς

2055 1468 2144 1520 καὶ
2203 1470 2280 1536 τῷ
2327 1466 2432 1541 βίῳ
2486 1488 2507 1516 ι
2541 1466 2910 1541 ὡμολόγησαν
2963 1467 3053 1520 τὸν
3112 1467 3352 1542 Χριστὸν
3406 1465 3718 1542 ἔμπροσθεν

2054 1559 2162 1609 τῶν
2194 1555 2520 1629 ἀνθρώπων,
2552 1577 2578 1608 ι
2612 1555 2676 1610 τὸ
2709 1554 2895 1628 μέντοι
2927 1558 3039 1629 (43)
3077 1555 3215 1610 κατά
3264 1557 3448 1630 φωνὴν
3502 1555 3720 1628 ὁμολο-

2057 1648 2171 1718 γεῖν
2203 1643 2256 1697 ἐν
2290 1641 2686 1718 δικαστηρίοις,
2737 1645 2825 1698 καὶ
2883 1643 3046 1718 μέχρι
3082 1645 3312 1708 θανάτου
3357 1646 3720 1720 βασανιζομέ-

2057 1753 2184 1794 νους
2245 1732 2322 1805 μή
2401 1734 2722 1808 ἀρνεῖσθαι,
2797 1732 2905 1787 ἀπὸ
2965 1731 3256 1796 διαθέσεως
3314 1733 3720 1789 πεπιπευνὲναι

296 1845 455 1910 gent,
482 1855 551 1893 ex
572 1838 757 1892 animi
783 1839 1081 1909 proposito
1105 1839 1428 1894 credidisse
1453 1839 1946 1894 cernuntur.Pro-

2059 1820 2362 1898 φαίνονται.
2393 1823 2637 1885 Διάθεσις
2671 1818 2728 1876 δὲ
2763 1821 3216 1897 ὁμολογουμένη,
3270 1821 3360 1876 καὶ
3413 1823 3650 1896 μάλιστα
3680 1825 3717 1893 ἢ

299 1929 558 1999 positum
572 1934 769 1983 autem
785 1927 942 1998 quod
955 1928 1592 1999 conﬁtetur,praacipue
1608 1928 1654 1982 si
1672 1944 1744 1982 ne
1758 1932 1948 1981 morte

297 2015 540 2087 quidem
595 2021 858 2071 mutetur
903 2017 1106 2071 omnia
1155 2016 1334 2070 simul
1377 2016 1536 2083 vitia,
1582 2033 1711 2086 quae
1747 2015 1949 2086 gigne-

298 2105 516 2159 bantur
546 2122 651 2176 per
672 2104 1058 2176 cupiditatem
1083 2105 1622 2176 corporis,omnino
1640 2103 1945 2158 rescindit.

297 2196 399 2248 Est
428 2193 610 2261 enim,
641 2199 709 2248 ut
738 2195 820 2249 ita
848 2194 1064 2261 dicam,
1097 2195 1157 2248 in
1190 2195 1307 2249 fine
1339 2195 1468 2248 vitaa
1500 2199 1622 2248 tota
1643 2191 1822 2248 simul
1845 2208 1950 2263 per

297 2283 592 2338 actionem
615 2284 982 2353 pcenitentia.
1005 2289 1062 2338 et
1079 2301 1214 2338 vera
1231 2285 1289 2337 in
1311 2283 1606 2337 Christum
1627 2281 1946 2348 confessio,

296 2388 432 2427 voce
465 2372 840 2427 testificante.
895 2373 948 2426 Si
1001 2377 1197 2426 autem
1245 2395 1270 2420 ‹‹
1306 2371 1556 2441 Spiritus
1603 2372 1792 2426 Patris
1824 2391 1851 2419 »
1887 2370 1946 2424 in

296 2460 468 2515 nobis
500 2462 872 2521 testificatur,
918 2459 1214 2530 quomodo
1263 2477 1470 2514 sumus
1517 2459 1710 2515 adhuc
1761 2461 1947 2534 hypo-

297 2550 480 2617 critae,
513 2567 660 2621 quos
693 2550 842 2603 dixit
872 2549 998 2602 sola
1027 2564 1164 2602 voce
1195 2550 1399 2603 testari
1426 2549 1454 2604 ‘I
1483 2549 1726 2604 Dabitur
1750 2556 1947 2605 autem

298 2638 621 2708 aliquibus,
656 2639 705 2692 si
739 2636 1030 2706 expediat,
1063 2636 1366 2709 religionis
1388 2655 1627 2694 causam
1653 2639 1952 2706 dicere,ut

301 2732 357 2780 et
379 2743 483 2796 per
500 2726 850 2796 martyrium
875 2741 978 2779 seu
1001 2726 1408 2780 testimonium
1432 2732 1490 2781 et
1513 2727 1950 2782 confessionem

294 2831 502 2869 omnes
527 2815 830 2885 juventur,
879 2813 1018 2868 dum
1051 2816 1483 2869 confirmantur
1531 2815 1794 2886 quidem,
1845 2815 1945 2886 qui

297 2909 435 2957 sunt
467 2904 527 2955 in
563 2901 825 2955 Ecclesia
855 2919 868 2966 ;
917 2902 1293 2955 admirantur
1321 2907 1540 2970 autem,
1575 2908 1633 2956 et
1661 2903 1734 2956 ad
1770 2903 1948 2957 fidem

295 2991 691 3053 deducuntur,
719 2988 818 3058 qui
844 3004 913 3042 ex
944 2988 1217 3059 gentibus
1249 2987 1498 3042 salutem
1533 2992 1763 3042 curiose
1787 3006 1946 3059 qua)-

297 3081 505 3133 sierint
529 3097 541 3144 ;
566 3079 779 3149 reliqui
799 3084 996 3133 autem
1020 3085 1260 3150 stupore
1282 3079 1946 3143 afﬁciuntur.Quamob-

295 3183 421 3222 rem
443 3174 674 3238 oportet
692 3168 934 3223 omnino
964 3169 1269 3233 conﬁteri,
1306 3168 1364 3222 id
1387 3169 1546 3222 enim
1570 3169 1746 3223 situm
1773 3174 1861 3222 est
1885 3169 1945 3221 in

294 3262 499 3311 nostra
516 3262 838 3328 potestate:
866 3274 1106 3312 causam
1129 3274 1263 3311 vero
1283 3257 1587 3329 religionis
1601 3257 1944 3322 dicere,uon

293 3345 536 3400 omnino
587 3363 859 3416 semper;
903 3364 1023 3400 non
1056 3352 1144 3400 est
1171 3347 1329 3400 enim
1363 3348 1473 3401 hoc
1500 3364 1734 3417 quoque
1767 3347 1946 3400 situm

292 3435 353 3487 in
387 3440 593 3489 nostra
625 3441 933 3505 potestate.
972 3457 998 3484 ‹‹
1032 3436 1138 3499 Qui
1172 3442 1370 3489 autem
1404 3436 1753 3490 sustinuerit
1780 3436 1839 3488 in
1875 3435 1944 3488 li-

294 3539 452 3586 nem,
475 3523 523 3576 is
557 3523 751 3577 salvus
776 3524 888 3577 erit
912 3525 1009 3593 (ὁ).
1056 3544 1084 3570 »
1119 3525 1260 3577 Nam
1296 3523 1428 3593 quis
1461 3541 1529 3577 ex
1561 3524 1654 3588 iis,
1715 3524 1815 3593 qui
1851 3539 1948 3577 sa-

293 3613 486 3684 piunt,
519 3628 639 3666 non
672 3612 915 3684 elegerit
945 3613 1006 3666 in
1035 3613 1151 3666 Deo
1184 3628 1454 3682 regnare,
1487 3618 1588 3666 aut
1619 3613 1797 3666 etiam
1822 3629 1944 3666 ser-

297 3702 420 3756 vire
444 3700 471 3755 ?
500 3724 525 3749 α
558 3702 744 3754 Deum
768 3718 904 3772 ergo
925 3703 1288 3756 conﬁtentur
1316 3722 1342 3752 ιο
1378 3701 1620 3772 quidam
1651 3724 1677 3751 ι(
1710 3718 1944 3769 nosse,»

295 3795 359 3844 ut
379 3790 522 3844 dicit
544 3789 883 3860 Apostolus,
908 3811 934 3838 «
969 3790 1139 3843 factis
1162 3796 1357 3843 autem
1378 3795 1632 3862 negant:
1667 3807 1803 3844 cum
1829 3790 1950 3844 sint

292 3879 702 3944 abominandi,
729 3877 1045 3942 increduli,
1081 3885 1138 3932 et
1168 3877 1239 3932 ad
1273 3895 1449 3932 omne
1481 3896 1628 3949 opus
1660 3880 1814 3934 516
1839 3879 1946 3933 bo-

291 3983 434 4020 num
459 3967 694 4038 reprobi
709 3966 940 4036 (e).»llli
956 3966 1323 4033 autem,licet
1343 3966 1427 4019 nil
1445 3967 1606 4021 aliud
1621 3983 1798 4037 quam
1815 3983 1948 4022 con-

289 4055 427 4110 fessi
452 4055 884 4122 fuerint,uuum
906 4055 1115 4109 saltem
1140 4054 1198 4108 in
1219 4057 1334 4109 fine
1353 4055 1481 4109 vita:
1495 4055 1717 4110 bonum
1736 4057 1947 4110 effece-

290 4145 682 4200 rint.Videtur
699 4161 834 4216 ergo
856 4145 1203 4215 martyrium
1218 4161 1346 4199 esse
1369 4145 1713 4216 expurgatio
1737 4161 1947 4214 pecca-

294 4240 486 4289 torum
511 4251 643 4288 cum
663 4233 1000 4302 gloriaJam
1025 4250 1156 4287 vero
1172 4233 1315 4287 dicit
1333 4236 1570 4288 Pastor:
1596 4257 1615 4281 α
1646 4235 1948 4305 Effugietis

292 4323 699 4393 operationem
749 4323 888 4376 ferai
939 4321 1208 4393 agrestis,
1261 4321 1307 4374 si
1351 4338 1452 4375 cor
1482 4326 1740 4375 vestrum
1771 4321 1951 4375 fuerit

295 4411 583 4466 mundum
611 4416 667 4463 et
687 4409 758 4463 ab
773 4411 934 4464 omni
955 4410 1415 4480 reprehensione
1439 4410 1946 4473 alienum.nQuin-

297 4501 472 4555 etiam
507 4501 630 4571 ipse
657 4499 942 4553 Dominus
969 4516 981 4551 :
1020 4519 1044 4549 α
1080 4499 1385 4569 Expetivit,
1415 4499 1630 4568 inquit,
1662 4516 1762 4552 vos
1786 4500 1949 4553 Sata-

291 4605 395 4643 nas
422 4595 487 4641 ut
517 4569 806 4642 cribraret
831 4605 844 4653 ;
879 4605 984 4659 ego
1005 4594 1202 4641 autem
1227 4587 1420 4658 rogavi
1451 4589 1579 4654 (ἀμ
1618 4587 1787 4641 Solus
1809 4604 1946 4657 ergo
1978 4569 2024 4630 D

293 4676 573 4730 Dominus
606 4682 848 4746 propter
879 4692 1104 4742 eorum,
1137 4676 1238 4745 qui
1271 4676 1323 4728 ei
1356 4675 1810 4744 insidiabantur,
1836 4676 1946 4729 ho-

292 4765 544 4829 minum,
581 4771 639 4817 et
683 4765 1018 4819 infidelium
1048 4764 1532 4836 expurgationem
1561 4786 1588 4813 «
1623 4763 1771 4817 bibit
1801 4763 1947 4817 cali-

293 4868 418 4906 cem
440 4853 528 4918 (e).
556 4873 584 4899 ››
608 4853 791 4916 Quem
816 4854 1118 4908 imitantes
1135 4853 1410 4926 apostoli,
1430 4859 1496 4907 ut
1516 4854 1614 4924 qui
1629 4869 1831 4907 revera
1857 4869 1945 4907 es-

360 5055 424 5118 ἰι
454 5046 515 5098 Ρ.
545 5046 649 5099 597
683 5049 790 5100 ED.
828 5052 1119 5116 POTTER,
1153 5055 1277 5119 503,
1311 5054 1415 5106 504
1445 5053 1555 5105 ED.
1589 5051 1817 5105 PARIS.

293 5121 372 5190 (d)
409 5119 548 5172 Luc.
589 5133 724 5184 χιιι,
759 5121 845 5185 31,
881 5124 968 5176 32.
1049 5123 1117 5192 (ρ)
1145 5125 1346 5180 Matth.
1379 5141 1473 5191 ιχ,
1507 5124 1594 5177 22,

358 5333 476 5418 (i3?
509 5328 586 5418 Ἐξ
616 5328 765 5418 μέντ’
805 5329 911 5418 ιΥθιῙ
944 5332 1140 5418 Potius
1164 5339 1249 5418 ἔτιῖ)
1285 5334 1433 5418 μένττ

366 5396 626 5480 ζ44)ξὶ’φ’
656 5396 767 5456 ἕνα.
805 5396 1294 5461 δυὺεὶιιᾱίεῐιᾱιιίῐί
1339 5408 1554 5480 χρόνον,
1607 5416 1709 5466 aut
1753 5411 1948 5466 simile

298 5477 459 5548 quid.
495 5476 770 5548 Sv‘Lnuac.

512 5543 766 5618 Ε’ίρηκεν.
804 5546 1025 5617 Nempe
1085 5548 1407 5602 lleracleon
1467 5551 1525 5603 in
1585 5551 1778 5605 verbis
1816 5554 1945 5624 jam

295 5621 553 5774 d_ll(}ii§l)s;0
586 5689 828 5774 ροιμήν.
864 5689 1094 5744 Hermae
1125 5691 1429 5774 Pastorem
1461 5691 1758 5774 intelligit,
1792 5693 1944 5774 libJ,

291 5762 398 5816 vis.
422 5763 495 5814 4:
527 5780 556 5810 ‹‹
593 5759 648 5814 Si
681 5777 817 5833 ergo
847 5761 1323 5836 praeparaveritis
1357 5778 1456 5820 vos
1491 5759 1766 5838 poteritis
1797 5759 1944 5821 eﬂ'ué

1897 5049 1972 5122 (α)
2003 5049 2051 5102 ΙΙ
2099 5047 2246 5104 Tim.
2297 5061 2360 5115 ll,
2413 5044 2498 5098 13.
2576 5045 2653 5117 (b)
2704 5047 2904 5101 Matth.
2960 5051 3231 5118 xxxv,13.

2062 1907 2203 1983 μηδὲ
2233 1909 2445 1981 θανάτῳ
2483 1911 2818 1986 τρεπομένη,
2876 1911 2963 1988 ὑφ’
3015 1908 3108 1966 ἕνα
3166 1915 3279 1980 (44)
3335 1910 3551 1967 πάντων
3606 1916 3718 1967 τῶν

2058 2004 2263 2070 παθῶν,
2316 1996 2348 2052 ἃ
2402 1996 2467 2068 δὴ
2525 1997 2614 2053 διὰ
2641 2004 2740 2065 τῆς
2773 2003 3093 2073 σωματικῆς
3125 1998 3412 2074 ἐπιθυμίας
3442 2000 3710 2076 ἐγεννᾶτο,

2059 2088 2344 2156 ἀποκοπὴν
2404 2093 2664 2143 ποιεῖται·
2722 2082 2834 2144 ἔστι
2888 2089 3013 2164 γὰρ,
3071 2089 3148 2151 ὡς
3199 2084 3327 2151 ἔπος
3377 2089 3570 2163 εἰπεῖν,
3625 2089 3714 2144 ἐπὶ

2055 2175 2201 2231 τὲλει
2258 2174 2354 2231 τοῦ
2407 2176 2526 2251 βίου
2573 2178 2741 2251 ἀθρόα
2777 2177 2913 2232 κατά
2935 2179 3034 2247 τήν
3062 2178 3254 2253 πρᾶξιν
3291 2180 3566 2252 μετάνοια,
3623 2177 3716 2233 καὶ

2056 2265 2271 2335 ἀληθής
2329 2265 2404 2328 είς
2460 2267 2686 2341 Χριστὸν
2745 2265 3044 2342 ὁμολογία,
3091 2267 3568 2344 ἐπιμαρτυρούσης
3612 2275 3716 2337 τῆς

2059 2357 2266 2428 φωνῆς.
2318 2354 2379 2410 Εἰ
2437 2351 2494 2409 δὲ
2546 2356 2608 2409 τὸ
2667 2380 2692 2406 ‹‹
2734 2359 2953 2428 Ηνεῦμα
3009 2360 3105 2410 τοῦ
3159 2357 3369 2430 Πατρὸς
3401 2381 3428 2407 ››
3463 2355 3514 2411 ἐν
3574 2359 3713 2430 ἡμῖν

2063 2448 2344 2518 μαρτυρεῖ,
2394 2447 2514 2505 πῶς
2559 2441 2636 2498 ἔτι
2691 2445 3004 2518 ὑποκριταὶ,
3059 2443 3152 2509 οὓς
3181 2449 3337 2520 φωνῇ
3375 2445 3514 2520 μόνῃ
3575 2467 3714 2523 μαρ-

2056 2536 2235 2605 τυρεῖν
2297 2529 2507 2607 εἴρηκεν
2568 2537 2719 2605 (45);
2771 2535 3066 2602 Δοθήσεται
3116 2531 3173 2589 δέ
3201 2555 3365 2606 τισιν,
3425 2534 3513 2590 ἐὰν
3575 2557 3714 2609 συμο

2061 2627 2218 2704 φέρῃ,
2278 2625 2754 2702 ἀπολογήσασθαι,
2779 2626 2872 2683 ’ίνα
2918 2626 3010 2683 διά
3055 2650 3114 2684 τι
3139 2636 3240 2699 τῆς
3274 2629 3579 2706 μαρτυρίας
3629 2628 3716 2686 διά

2057 2737 2115 2770 τε
2145 2724 2244 2786 τῆς
2278 2715 2580 2792 ὁμολογίας
2610 2715 2933 2795 ὠφελῶνται
2967 2719 3018 2773 οἱ
3049 2722 3269 2788 πάντες,
3322 2719 3719 2797 ίσχυροποιού-

2064 2826 2214 2879 μενοι
2269 2807 2368 2878 μὲν
2419 2806 2468 2860 οἶ
2516 2807 2633 2860 κατ’
2685 2806 3033 2876 Ἐκκλησίαν,
3091 2809 3458 2881 θαυμάζοντες
3520 2807 3576 2864 δὲ
3627 2809 3718 2864 καὶ

2061 2893 2135 2955 είς
2184 2893 2364 2948 πίστιν
2418 2895 2753 2968 ὑπαγόμενοι
2794 2897 2845 2950 οἱ
2879 2895 2928 2968 ἐξ
2959 2891 3124 2950 ἕθνῶν
3155 2898 3255 2965 τήν
3289 2899 3564 2974 σωτηρίαν
3616 2920 3717 2952 πο-

2061 2986 2655 3058 Λυπραγμονήσαντες’
2718 2987 2770 3039 οἱ
2829 2985 3018 3040 λοιποὶ
3078 2984 3173 3056 δὲ,
3248 2987 3336 3041 ὑπ’
3397 2987 3712 3060 ἐκπλήξεως

2056 3076 2439 3150 κατεχόμενοι.
2498 3077 2655 3131 Ὥστε
2693 3078 2754 3131 τὸ
2801 3077 3092 3152 ὁμολογεῖν
3125 3077 3183 3133 ἐκ
3230 3079 3432 3142 παντὸς
3477 3077 3579 3135 δεῖ·
3633 3079 3714 3158 ἐφ’

2056 3166 2191 3236 ἡμῖν
2241 3168 2362 3240 γάρ·
2417 3165 2810 3240 ἀπολογεῖσθαι
2869 3165 2925 3220 δὲ
2973 3167 3076 3221 οὐκ
3115 3166 3175 3222 ἐκ
3205 3169 3424 3230 παντός’
3489 3167 3550 3223 οὐ
3608 3169 3712 3243 γὰρ

2056 3253 2146 3308 καὶ
2203 3259 2363 3308 τοῦτο
2422 3254 2504 3330 ἐφ’
2551 3257 2708 3328 ἡμῖν,
2753 3279 2779 3305 ‹‹
2831 3256 2891 3312 Ὁ
2945 3253 3001 3310 δὲ
3061 3256 3358 3329 ὑπομείνας
3415 3255 3492 3318 είς
3551 3257 3712 3320 τέλος

2055 3342 2210 3403 οὗτος
2242 3344 2567 3412 σωθήσεται’
2605 3367 2632 3394 ››
2677 3343 2791 3398 ἐπεὶ
2822 3343 2904 3406 τίς
2949 3344 3047 3399 οὐκ
3095 3344 3154 3399 ἃν
3200 3349 3306 3400 τῶν
3338 3346 3393 3399 εὖ
3444 3346 3712 3422 φρονούν-

2052 3451 2162 3484 των
2201 3429 2506 3505 βασιλεύειν
2538 3431 2591 3485 ἐν
2623 3437 2759 3502 Θεῷ,
2815 3431 2941 3487 ἀλλ’
3027 3432 3087 3486 οὐ
3139 3431 3416 3488 δουλεύειν
3465 3431 3652 3488 ἕλοιτο
3694 3452 3709 3503 ς

2057 3545 2082 3570 ‹‹
2120 3521 2248 3574 Θεὸν
2285 3521 2374 3574 οὖν
2410 3518 2748 3594 ὁμολογοῦσί
2780 3544 2807 3573 ››
2853 3543 2994 3583 τινες
3025 3547 3050 3573 ‹‹
3089 3520 3308 3592 εἶδέναι,
3349 3545 3368 3572 ι
3421 3524 3560 3578 κατὰ
3615 3522 3706 3577 τὸν

2055 3607 2412 3675 Ἀπόστολον,
2475 3612 2651 3671 «τοῖς
2712 3607 2768 3664 δὲ
2821 3608 2998 3687 ἔργοις
3056 3611 3362 3687 ἀρνοῦνται’
3421 3609 3709 3688 βδελυκτοὶ

2055 3691 2202 3758 ὄντες
2235 3697 2327 3750 καὶ
2359 3697 2620 3764 ἀπειθεῖς,
2651 3698 2740 3752 καὶ
2795 3700 2933 3774 πρὸς
2989 3705 3091 3754 πᾶν
3123 3698 3280 3776 ἔργον
3331 3701 3534 3775 ἀγαθὸν
3592 3699 3711 3756 ἀδόο

2054 3806 2231 3858 κιμοι.
2269 3810 2295 3836 ››
2328 3786 2394 3841 Οἱ
2423 3782 2499 3853 δὲ,
2533 3784 2629 3839 κᾶν
2664 3789 2827 3840 τοῦτο
2881 3789 3045 3860 μόνον
3080 3787 3527 3864 ὁμολογήσωσιν,
3574 3787 3626 3843 ἓν
3657 3810 3709 3844 τι

2053 3875 2456 3949 κατεπράξαντο
2515 3872 2602 3928 ἐπὶ
2663 3875 2809 3929 τὲλει
2864 3873 3018 3950 ἔργον
3065 3877 3284 3952 ἀγαθόν.
3345 3883 3552 3932 Ἔοικεν
3612 3878 3703 3932 οὗν

2052 3963 2116 4018 τὸ
2192 3961 2487 4038 μαρτύριον
2565 3963 2933 4037 ἀποκάθαρσις
3011 3965 3143 4019 εἶναι
3226 3967 3499 4040 ἁμαρτιῶν
3576 3966 3711 4037 μετά

2057 4047 2257 4122 δόξης.
2317 4051 2520 4108 Αὐτίκα
2573 4053 2600 4106 ὁ
2649 4054 2865 4124 Ποιμήν
2929 4057 3039 4128 (46)
3095 4055 3298 4132 φησίν·
3361 4055 3708 4132 Ἐκφεύξάσθε

2052 4144 2150 4211 τὴν
2204 4140 2470 4217 ἐνέργειαν
2516 4145 2612 4196 τοῦ
2657 4142 2845 4216 ἀγρίου
2877 4142 3096 4218 θηρίου,
3135 4144 3222 4198 ἐὰν
3256 4145 3290 4213 ἡ
3323 4143 3520 4220 καρδία
3555 4145 3703 4217 ὑμῶν

2054 4232 2278 4306 γένηται
2335 4231 2543 4302 καθαρά
2599 4231 2689 4284 καὶ
2750 4228 3008 4304 ἄμωμος.
3045 4257 3071 4283 ››
3109 4231 3282 4288 Ἀλλά
3338 4233 3428 4287 καί
3462 4232 3622 4294 αὐτὸς
3679 4233 3707 4287 ὁ

2057 4319 2278 4394 Κύριος·
2315 4343 2342 4370 ‹‹
2379 4318 2716 4391 Ἐξῃτήσατο
2762 4323 2876 4392 (47)
2933 4321 3072 4393 ὑμᾶς
3119 4322 3146 4376 ὁ
3181 4327 3446 4388 Σατανᾶς,
3484 4347 3510 4372 ››
3543 4321 3706 4397 λέγει,

2061 4433 2081 4456 ι
2118 4409 2374 4461 amis-av
2411 4406 2520 4481 ἐγὼ
2571 4403 2628 4461 δὲ
2676 4409 3107 4482 παρῃτησάμην.
3145 4435 3172 4461 ››
3225 4409 3405 4472 Μόνος
3449 4409 3631 4464 τοίνυν
3681 4409 3708 4463 ὁ

2059 4497 2253 4570 Κύριος
2288 4493 2376 4548 διὰ
2405 4496 2503 4562 τήν
2558 4499 2665 4548 τῶν
2713 4490 3183 4552 ἐπιϐουλευόντων
3232 4498 3380 4570 αὐτῷ
3418 4499 3710 4574 ἀνθρώπων

2055 4585 2144 4639 καὶ
2189 4586 2288 4652 τὴν
2343 4588 2451 4637 τῶν
2505 4583 2742 4637 ἀπίστων
2795 4583 3187 4660 ἀποκάθαρσιν,
3238 4585 3418 4641 «ἔπιε
3448 4589 3510 4642 τὸ
3543 4588 3708 4657 ποτήο

2058 4692 2192 4747 ριον“
2230 4698 2251 4725 ι
2289 4671 2349 4725 ὃν
2411 4672 2746 4744 μιμούμενοι
2780 4673 2832 4727 οἱ
2891 4673 3213 4745 ἀπόστολοι,
3248 4675 3322 4730 ὡς
3374 4675 3434 4728 ἃν
3463 4681 3542 4747 τῷ
3599 4672 3708 4730 ὄντι

2056 4761 2349 4835 γνωστικοὶ
2406 4761 2491 4812 καὶ
2552 4759 2779 4818 τέλειοι.
2841 4762 2974 4836 ὑπὲρ
3030 4763 3137 4817 τῶν
3199 4762 3578 4836 Ἐκκλησιῶν,
3638 4763 3694 4826 ἃς

2057 4846 2281 4920 ἔπηξαν,
2338 4847 2557 4904 ἔπαθον.
2610 4848 2799 4912 Οὕτως
2861 4849 2952 4904 οὖν
3011 4851 3100 4906 καὶ
3163 4853 3213 4907 οἱ
3271 4854 3387 4907 κατ’
3443 4849 3598 4928 ἴχνος
3652 4852 3709 4906 τὸ

3312 5051 3382 5122 (ο)
3411 5049 3518 5105 Tit.
3555 5067 3591 5120 i,
3627 5052 3708 5105 16.

2059 5353 2200 5413 gere
2216 5334 2382 5389 illam
2407 5332 2512 5413 (sc:
2533 5331 2885 5413 bestiam),si
2903 5338 3287 5413 cor‘vestrum
3305 5333 3483 5388 fuerit
3498 5349 3712 5413 purum

2059 5403 2126 5465 ac
2157 5410 2285 5463 sine
2318 5403 2571 5470 macula,
2607 5409 2664 5458 et
2692 5403 2954 5475 reliquos
2987 5403 3115 5460 dies
3141 5413 3364 5460 vestros
3397 5403 3710 5460 servieritis

2060 5483 2177 5536 Deo
2210 5479 2338 5533 sine
2371 5475 2634 5546 querela.
2670 5498 2698 5525 ››

2130 5553 2239 5618 (477)
2299 5542 2678 5618 Ἐξῂτήσατοη
2715 5546 2848 5600 Luc.
2878 5564 3050 5618 uxxu,
3111 5550 3198 5614 31,
3260 5547 3368 5602 32:
3422 5545 3568 5618 Eine
3599 5542 3655 5600 δὲ
3683 5545 3710 5599 ὁ

2061 5614 2278 5696 Κύριος·
2346 5614 2556 5689 Σίμων,
2616 5616 2827 5689 Σίμων,
2877 5614 3042 5696 ἰδοὺ,
3068 5618 3117 5696 ὁ.
3148 5622 3384 5696 Σατανᾷ-ς
3418 5615 3711 5696 ἐξῃτήσατο

2060 5685 2228 5766 ὑμᾶς,
2281 5693 2393 5766 τοῦ-
2420 5685 2826 5766 ’σινιάσαι’-ὡς-
2868 5686 3038 5743 σῖτον·
3099 5688 3204 5762 ἐγὼ
3236 5685 3294 5742 δὲ
3322 5685 3711 5765 ἐδεήθηνήπερὶ

2059 5757 2178 5835 σὸῦ,
2203 5761 2295 5818 ἵνα
2329 5761 2404 5834 μὴ
2437 5757 2665 5834 ἰκλείπῃ
2696 5761 2732 5830 ἡ
2765 5758 2950 5823 πίστις
2981 5779 3100 5816 σου.
3138 5757 3148 5762 ’
3329 5763 3332 5765 “
