4004 6144
295 335 434 398 1287

1526 321 1938 382 CLEMENTIS
1971 318 2480 376 ALEXANDRINI

3569 318 3718 374 1288

293 473 420 529 gnte
447 469 706 521 causam,
758 451 853 506 vel
902 448 1125 518 damni,
1175 447 1268 503 vel
1307 446 1544 520 judicii,
1590 446 1682 502 vel
1731 442 1934 500 inimi-

2058 437 2084 529 ᾗ
2136 439 2381 512 ζημίας,
2441 439 2477 510 ἢ
2539 437 2714 512 δίκης,
2774 441 2810 510 ἢ
2867 439 3090 529 ἔχθρας,
3149 439 3406 518 ἀφορμὴν
3461 438 3718 516 ἐγέννησε

291 545 588 610 citiarum,
643 542 694 596 is
751 539 1130 595 occasionem
1201 537 1432 609 peperit
1483 533 1934 608 persecutionis.

291 635 361 688 Et
379 631 678 703 ideojussi
695 647 901 685 sumus
923 629 1074 682 nihil
1097 627 1353 682 retinere
1373 643 1441 681 ex
1464 626 1535 680 iis
1549 643 1680 696 qua:
1695 625 1766 679 ad
1789 625 1942 678 hanc

290 723 472 777 vitam
501 721 800 792 pertinent
827 735 838 772 :
870 718 972 772 sed
1006 741 1031 767 «
1067 717 1144 779 ei,
1176 717 1277 787 qui
1313 716 1467 770 tollit
1492 715 1760 786 pallium,
1791 730 1942 784 pra?-

291 816 456 867 terea
474 811 649 864 etiam
666 808 805 862 dare
827 808 1088 861 tunicam
1110 806 1214 877 (a);
1242 829 1261 854 ι
1286 823 1407 860 non
1421 805 1616 860 solum
1631 809 1694 857 ut
1707 817 1940 874 perma-

291 917 540 956 neamus
572 898 757 952 nimio
791 899 1005 951 affectu
1037 896 1355 962 immunes,
1391 895 1492 950 sed
1523 911 1596 948 ne
1638 909 1708 948 ea
1737 891 1940 946 vendi-

294 994 517 1056 cantes,
552 1004 674 1054 eos,
708 986 809 1056 qui
842 985 902 1039 in
925 984 1153 1056 judicio
1179 983 1566 1049 contendunt,
1591 982 1653 1035 in
1675 998 1782 1035 nos
1805 979 1930 1034 red-

291 1079 501 1132 damus
534 1077 829 1142 efferatos,
864 1079 923 1128 et
950 1091 1058 1144 per
1088 1090 1195 1127 nos
1229 1089 1328 1127 eos
1355 1086 1856 1134 commoveamus,
1879 1073 1946 1122 ut

291 1183 512 1222 nomen
544 1165 946 1220 Christianum
977 1161 1312 1218 maledictis
1341 1166 1642 1233 appetant.

2051 527 2322 604 διωγμοῦ.
2358 531 2454 583 Διά
2509 531 2656 584 τοῦτ’
2709 530 2800 584 οὖν
2864 527 3100 602 μηδενὸς
3161 530 3481 604 αντέχεσθαι
3521 534 3630 584 τῶν
3656 530 3712 585 ἐν

2048 622 2128 688 τῷ
2160 618 2263 693 βίῳ
2293 617 2686 694 προστέτακται
2718 621 2878 692 ἡμῖν,
2911 617 3056 674 ἀλλά
3083 618 3171 674 καὶ
3203 644 3230 670 ‹‹
3255 623 3336 691 τῷ
3369 617 3578 693 αἴροντι
3602 623 3716 692 (52)

2048 705 2111 758 τὸ
2139 707 2358 776 ἱμάτιον
2411 708 2499 761 καὶ
2551 708 2641 761 τὸν
2699 711 2909 782 χιτῶνα
2961 703 3340 782 προσδιδόναι·
3378 731 3406 759 ››
3459 705 3568 782 οὐχ
3622 707 3716 762 ἳνα

2049 795 2420 867 ἀπροσπαθεῖς
2475 793 2817 869 διαμένωμεν
2867 796 3056 868 μόνον,
3107 795 3235 851 ἀλλ’
3281 795 3354 857 ὡς
3410 797 3512 869 μὴ,
3562 796 3715 851 ἀντιο

2049 885 2398 957 ποιούμενοι,
2430 884 2557 948 τοὺς
2599 883 3050 957 ἐπιδικαζομένος
3093 884 3173 962 ἐφ’
3223 883 3446 946 ἑαυτοὺς
3496 884 3715 960 ἀγριαί-

2049 994 2253 1046 νωμεν,
2285 974 2374 1029 καὶ
2402 973 2472 1030 δι’
2497 978 2660 1048 ἡμῶν
2688 975 2775 1030 ἐπὶ
2806 976 2906 1044 τήν
2933 979 3031 1030 τοῦ
3063 973 3330 1047 ὀνόματος
3375 972 3714 1047 διακινᾶψεν

2059 1060 2440 1138 βλασφημίαν.

1811 1254 2042 1310 CAPUT
2088 1254 2181 1308 XI.

965 1360 1271 1429 Respondet
1320 1359 1652 1428 objectivni:
1681 1357 1741 1411 Si
1769 1356 1911 1408 Deus
1934 1353 2101 1408 vestri
2131 1367 2320 1406 curam
2348 1359 2525 1421 gerat,
2559 1369 2657 1407 cur
2671 1355 2979 1424 pantimim'.
3005 1356 3033 1406 ?

284 1490 360 1544 At
389 1486 709 1558 inquiunt:
743 1485 799 1539 Si
833 1485 985 1539 Deus
1014 1485 1190 1540 vestri
1233 1500 1432 1539 curam
1484 1482 1654 1554 gerit,
1705 1497 1810 1534 cur
1839 1495 1939 1550 pa-

283 1577 479 1631 timini
513 1575 989 1646 persecutionem
1022 1579 1079 1628 et
1108 1579 1299 1628 morte
1328 1571 1638 1627 afficimini
1663 1569 1690 1624 ‘I
1715 1586 1789 1624 an
1813 1569 1939 1639 ipse

284 1683 385 1720 vos
404 1666 488 1719 eis
509 1664 736 1719 tradit?
752 1664 866 1717 Nos
885 1668 1082 1718 autem
1103 1679 1221 1717 non
1247 1662 1330 1716 sic
1355 1660 1766 1725 existimanus,
1788 1657 1939 1711 velle

285 1754 603 1808 Dominum
634 1759 698 1806 ut
727 1752 788 1804 in
839 1751 1206 1806 calamitates
1259 1749 1614 1814 incidamus,
1667 1746 1768 1802 sed
1802 1763 1940 1818 pro-

283 1842 518 1912 phetice
551 1839 896 1912 praedixisse
929 1855 997 1894 ea
1027 1856 1156 1909 qua:
1202 1843 1403 1892 essent
1443 1843 1759 1891 eventura:
1811 1835 1936 1890 fore

2121 1474 2226 1530 Ναί
2257 1493 2438 1552 φασιν*
2471 1476 2535 1532 Εἰ
2562 1473 2788 1547 κήδεται
2821 1479 2931 1549 (53)
2967 1475 3122 1549 ὑμῶν
3173 1477 3201 1530 ὁ
3233 1475 3388 1545 Θεὸς,
3419 1475 3472 1530 τί
3499 1472 3713 1546 δήποτε

2052 1563 2312 1621 διώκεσθε
2369 1565 2458 1622 καὶ
2519 1567 2853 1644 φονεύεσθε;
2912 1567 2948 1636 ἢ
3008 1566 3169 1630 αὐτὸς
3239 1566 3382 1639 ὑμᾶς
3430 1565 3506 1628 εἷς
3547 1569 3713 1620 τοῦτο

2047 1653 2334 1710 ἐκδίδωσιν
2370 1675 2382 1725 ;
2416 1657 2606 1729 Ἡμεῖς
2641 1655 2698 1711 δὲ
2727 1656 2836 1732 οὐχ
2866 1656 3038 1718 οὕτως
3077 1650 3543 1728 ὑπολαμϐάνομεν
3574 1659 3697 1716 τοῖς

2046 1751 2448 1817 περιστατικοῖς
2497 1745 2842 1819 περιπίπτειν
2897 1748 3046 1818 ἡμᾶς
3097 1745 3186 1799 τὸν
3235 1744 3439 1818 Κύριον
3493 1742 3702 1819 βουλη-

2046 1835 2226 1904 θῆναι,
2269 1833 2413 1890 ἀλλὰ
2466 1839 2825 1911 προφητικῶς
2874 1836 2941 1890 τὰ
2998 1829 3373 1907 συμϐήσεσθαι
3433 1831 3706 1907 μέλλοντα

285 1931 534 1993 scilicet,
553 1934 620 1983 ut
641 1932 881 1999 propter
905 1943 1122 1981 nomen
1147 1927 1276 1997 ejus
1300 1931 1641 1996 pateremur
1661 1940 1936 1995 persecu-

2058 1924 2452 1998 προειρηκέναι,
2486 1925 2561 1986 ὡς
2594 1922 2683 1978 διὰ
2708 1925 2770 1978 τὸ
2804 1923 2983 1997 ὄνομα
3029 1922 3194 1977 αὐτοῦ
3247 1919 3700 1997 διωχθησόμεθα³

285 2019 531 2080 tionem,
584 2022 651 2070 ut
700 2016 1125 2080 occideremur,
1188 2020 1246 2067 et
1295 2020 1361 2067 ut
1415 2014 1939 2084 suspenderemur.

289 2104 682 2170 Quamobrem
715 2103 910 2157 noluit
952 2119 1060 2157 nos
1112 2103 1233 2172 pati
1287 2101 1788 2172 persecutionem,
1839 2099 1943 2155 sed

290 2211 378 2260 ea,
410 2209 541 2263 qua)
566 2193 797 2263 passuri
831 2208 1060 2257 sumus,
1093 2190 1258 2262 prius
1283 2190 1635 2261 signiﬁcavit
1655 2206 1761 2261 per
1786 2205 1938 2256 eam,

289 2282 449 2353 quod
480 2281 601 2335 sint
631 2285 928 2348 eventura,
977 2279 1449 2350 praedictionem,
1499 2295 1608 2333 nos
1659 2295 1941 2333 exercens

290 2372 363 2427 ad
395 2371 790 2436 tolerantiam,
825 2370 918 2424 cui
950 2369 1225 2440 promisit
1267 2369 1694 2423 hereditatem.
1745 2369 1939 2433 Quan-

292 2477 470 2532 quam
502 2477 623 2514 non
657 2460 790 2526 soli,
826 2460 928 2514 sed
971 2476 1107 2513 cum
1154 2458 1360 2514 multis
1411 2459 1700 2530 supplicio
1752 2457 1942 2512 afﬁci-

291 2565 450 2604 mur.
493 2550 566 2602 At
611 2547 721 2612 illi,
769 2547 1067 2617 inquiunt,
1121 2563 1255 2601 cum
1312 2547 1432 2601 sint
1479 2546 1759 2613 maleﬁci,
1807 2546 1939 2617 jure

289 2634 462 2689 luunt
491 2651 731 2706 pmnas;
766 2651 901 2705 ergo
934 2635 1029 2688 vel
1061 2634 1226 2688 inviti
1274 2634 1446 2688 nobis
1489 2633 1784 2705 justitiam
1832 2649 1939 2687 suo

290 2723 630 2776 testimonio
665 2721 953 2785 tribuunt,
989 2721 1088 2790 qui
1124 2720 1345 2791 injuste
1375 2726 1620 2792 propter
1642 2720 1938 2791 justitiam

289 2811 592 2881 punimur.
628 2809 739 2862 Sed
769 2824 964 2879 neque
996 2809 1294 2879 injustitia
1317 2809 1542 2879 judicis
1572 2808 1806 2878 attingit
1837 2807 1938 2861 Dei

289 2898 720 2968 providentiam
747 2914 760 2963 ;
795 2901 1027 2967 oportet
1057 2897 1218 2950 enim
1242 2895 1506 2966 judicem
1540 2896 1600 2950 in
1637 2912 1742 2950 sua
1772 2901 1941 2966 pote-

292 2993 440 3042 state
468 2985 686 3039 habere
719 3001 886 3039 suam
921 2985 1301 3048 sententiam.
1335 3001 1464 3050 nec,
1499 2985 1679 3040 veluti
1722 3001 1940 3054 organa

289 3075 579 3140 inanima,
612 3074 807 3128 nervis
830 3074 1269 3144 quodammodo
1293 3075 1471 3137 trahi,
1507 3080 1565 3128 et
1596 3075 1666 3129 ab
1697 3081 1940 3129 externa

290 3163 483 3217 solum
516 3178 693 3217 causa
722 3163 837 3216 vim
873 3163 1084 3234 agendi
1118 3180 1352 3234 capere.
1393 3164 1557 3218 Unde
1599 3170 1656 3218 et
1686 3164 1807 3228 ille,
1837 3180 1936 3234 pe-

2050 2012 2517 2089 φονευθησόμεθα,
2571 2010 3243 2085 ἀνασκινδυλευθησόμεθα
3273 2013 3412 2085 (54)·
3463 2011 3590 2066 ὥστ’
3639 2011 3702 2067 οὗ

2049 2098 2336 2166 διώκεσθαι
2362 2103 2632 2173 ἠθέλησεν
2661 2105 2829 2176 ἡμᾶς,
2870 2101 2996 2158 ἀλλ’
3029 2102 3060 2156 ἃ
3099 2100 3399 2174 πεισόμεθα
3447 2103 3700 2176 προεμή-

2045 2212 2194 2246 νυσεν
2274 2189 2364 2246 διὰ
2415 2198 2515 2261 τῆς
2575 2197 2671 2246 τοῦ
2747 2187 3117 2265 συμϐήσεσθαι
3204 2189 3652 2266 προαγορεύσεως
3689 2235 3704 2260 ,

2048 2278 2124 2340 είς
2182 2279 2462 2354 καρτερίαν
2523 2279 2822 2354 γυμνασίας
2891 2282 3022 2353 (55),
3084 2279 3119 2349 ἢ
3177 2279 3276 2346 σὴν
3322 2276 3702 2353 κληρονομίαν

2047 2366 2440 2443 ἐπηγγείλατο’
2475 2368 2651 2423 καίτοι
2685 2369 2746 2423 οὐ
2781 2368 2963 2441 μόνοι,
2996 2365 3142 2422 ἀλλά
3176 2367 3310 2439 μετά
3341 2365 3571 2421 πολλῶν
3601 2388 3701 2422 κο-

2049 2455 2346 2528 λαζόμεθα,
2377 2454 2537 2511 ’Δλλ’
2578 2454 2796 2528 ἐκεῖνοι,
2853 2455 3002 2530 φασὶ,
3035 2459 3334 2530 κακοῦργοι
3382 2455 3698 2529 τυγχάνον-

2045 2564 2155 2612 τες,
2190 2541 2414 2605 δικαίως
2445 2544 2740 2619 ὑπίσχουσι
2799 2545 2897 2612 τήν
2953 2543 3248 2619 τιμωρίαν.
3309 2544 3567 2606 Ἀκοντες
3606 2545 3694 2598 οὖν

2051 2637 2412 2708 μαρτυροῦσιν
2458 2635 2596 2704 ἡμῖν
2637 2635 2737 2701 τήν
2790 2630 3138 2703 δικαιοσύνην
3184 2637 3302 2694 τοῖς
3353 2629 3444 2686 διὰ
3492 2629 3703 2687 δικαιο-

2046 2720 2210 2791 σύνην
2242 2719 2442 2783 ἀδίκως
2474 2720 2893 2795 κολαζομένοις.
2929 2720 3084 2777 Ἀλλ’
3114 2718 3238 2775 οὐδὲ
3265 2721 3327 2774 τὸ
3373 2717 3560 2776 ἄδικον
3607 2726 3704 2776 τοῦ

2047 2807 2304 2864 δικαστοῦ
2332 2818 2433 2880 τῆς
2465 2812 2723 2886 προνοίας
2754 2812 2998 2866 ἅπτεται’
3033 2809 3116 2864 δεῖ
3167 2809 3268 2884 γὰρ
3324 2809 3513 2884 κύριον
3567 2811 3701 2864 εἶναι

2042 2898 2135 2952 τὸν
2169 2899 2358 2973 κριτὴν
2409 2907 2508 2968 τῆς
2567 2901 2758 2954 ἑαυτοῦ
2814 2900 3064 2975 γνώμης·
3131 2899 3205 2971 μή
3263 2899 3697 2973 νευροσπαστοῦ-

2051 3007 2208 3059 μενον
2289 2987 2518 3061 ἀψυχων
2607 2986 2761 3059 δίκην
2849 2988 3086 3063 ὀργάνων
3126 3032 3138 3055 ,
3224 2989 3481 3061 ἀφορμὰς
3573 2986 3708 3051 ἴσως

2048 3077 2215 3147 μόνον
2249 3077 2393 3151 παρά
2421 3084 2520 3146 τῆς
2551 3077 2740 3147 ἔξωθεν
2775 3077 2948 3139 αἰτίας
2981 3073 3352 3150 λαμϐάνοντα.
3403 3078 3704 3149 Δοκιμάζε-

2046 3185 2133 3219 ται
2167 3170 2296 3239 γοῦν
2327 3165 2379 3219 ἐν
2424 3167 2468 3237 ᾤ
2517 3167 2710 3240 κρίνει,
2772 3169 3010 3240 καθάπερ
3069 3165 3158 3220 καὶ
3207 3167 3396 3238 ἡμεῖς,
3456 3164 3592 3218 κατά
3647 3185 3709 3219 τε

287 3252 460 3306 rinde
486 3268 552 3306 ac
578 3268 706 3320 nos,
740 3253 801 3306 in
832 3254 1222 3322 quaestionem
1253 3253 1412 3308 venit
1439 3253 1510 3307 de
1552 3269 1656 3308 suo
1680 3251 1932 3322 judicio,

2058 3253 2144 3320 τήν
2185 3257 2295 3307 τῶν
2353 3254 2578 3328 αἱρετῶν
2638 3253 2896 3330 ἐκλογὴν,
2926 3257 3063 3308 κατά
3116 3274 3174 3308 τε
3230 3255 3329 3322 τήν
3391 3253 3703 3325 ὑπομονήν.

291 3340 482 3409 deque
531 3340 819 3395 electione
862 3358 1064 3395 rerum
1113 3341 1466 3413 eligibilium
1521 3347 1580 3394 et
1625 3341 1931 3411 patientia.

291 3430 566 3492 Quamvis
595 3435 794 3484 autem
826 3445 947 3483 non
982 3429 1266 3483 faciamus
1315 3430 1619 3500 injuriam,
1653 3435 1936 3499 tanquam

293 3526 490 3575 tamen
521 3521 803 3591 injuriam
834 3520 1144 3587 facientes,
1174 3537 1282 3575 nos
1314 3519 1801 3592 intueturjudex.
1828 3522 1941 3574 Ne-

292 3626 404 3679 que
437 3610 598 3664 enim
628 3616 831 3664 nostra
860 3609 1041 3677 novit,
1074 3625 1267 3679 neque
1301 3608 1421 3662 vult
1447 3610 1595 3663 scire
1625 3625 1637 3674 ;
1664 3608 1768 3663 sed
1792 3625 1938 3678 quo-

291 3698 427 3753 dam
447 3698 607 3753 inani
622 3703 1067 3769 praeoccupatus
1081 3698 1374 3770 abripitur
1386 3715 1504 3768 prin
1505 3697 1732 3769 judicio
1755 3698 1940 3764 ;unde

291 3789 470 3844 etiam
530 3789 653 3859 ipse
696 3789 925 3860 judicio
977 3789 1043 3844 ﬁt
1093 3789 1403 3844 obnoxius.
1455 3791 1568 3843 Nos
1618 3805 1752 3861 ergo
1801 3806 1942 3860 per-

291 3883 642 3946 sequuntur,
683 3894 802 3931 non
853 3878 1012 3947 quod
1059 3878 1310 3948 injustos
1356 3894 1484 3932 esse
1533 3877 1942 3948 deprehende-

288 3964 430 4032 rint,
465 3965 568 4020 sed
601 3964 759 4035 quod
790 3981 898 4018 nos
926 3965 1058 4018 vitae
1103 3965 1378 4019 humanis
1424 3964 1709 4034 injuriam
1747 3965 1941 4019 facere

291 4054 654 4122 existiment,
719 4071 786 4109 eo
842 4054 1001 4124 quod
1058 4043 1245 4108 simus
1298 4053 1638 4117 Christiani,
1701 4060 1759 4109 et
1806 4071 1940 4108 cum

285 4144 403 4214 ipsi
450 4144 534 4197 sic
582 4145 758 4198 vitam
817 4143 1205 4210 instituimus,
1259 4147 1383 4197 tum
1431 4142 1580 4197 alios
1635 4143 1944 4198 hortamur

289 4238 355 4287 ut
386 4232 562 4287 vitam
615 4233 832 4304 degant
878 4232 1155 4287 similem.
1208 4234 1323 4286 Cur
1369 4237 1590 4298 autem,
1640 4231 1940 4302 inquiunt,

291 4339 425 4376 cum
456 4339 556 4376 vos
582 4327 1045 4393 persequuntur,
1077 4321 1231 4375 nihil
1269 4321 1432 4375 vobis
1482 4321 1726 4376 affertur
1774 4322 1944 4376 auxi-

290 4411 402 4466 lii?
425 4411 487 4473 ›ι‹
518 4411 667 4476 Quid
694 4411 874 4474 enim,
900 4409 1057 4480 quod
1084 4411 1157 4466 ad
1181 4427 1289 4465 nos
1312 4410 1553 4480 quidem
1575 4410 1808 4476 attinet,
1831 4427 1942 4465 n0-

286 4499 377 4553 bis
410 4500 476 4554 ιιι
494 4499 731 4572 injuria:
751 4515 886 4553 cum
909 4506 1098 4554 morte
1121 4499 1300 4554 soluti
1325 4499 1626 4554 tendimus
1648 4498 1722 4553 ad
1745 4500 1942 4554 Domi-

2048 3341 2158 3398 Κᾶν
2199 3343 2274 3414 μὴ
2337 3339 2636 3416 ἀδικῶμεν,
2669 3341 2796 3398 ἀλλ’
2855 3345 2928 3406 ὡς
2987 3340 3263 3397 ἀδικοῦσιν
3324 3344 3460 3414 ἡμῖν
3493 3343 3520 3395 ὁ
3553 3338 3705 3395 δικα-

2048 3433 2178 3499 στής
2210 3432 2386 3507 ἀφορᾷ
2415 3434 2544 3505 (56)·
2581 3431 2640 3486 οὐ
2671 3432 2772 3507 γὰρ
2800 3429 2911 3486 οἶδε
2941 3434 3006 3486 τὰ
3036 3433 3152 3486 καθ’
3182 3433 3356 3502 ἡμᾶς,
3388 3428 3515 3486 οὐδὲ
3557 3428 3707 3484 θέλει

2053 3524 2240 3592 μαθεῖν
2275 3521 2407 3591 (5⁸7)·
2442 3519 2720 3593 προλήψει
2767 3517 2823 3574 δὲ
2867 3522 3227 3596 συναπάγεται
3276 3523 3425 3592 κενῇ·
3481 3515 3565 3572 διὸ
3610 3518 3704 3571 καί

2046 3607 2302 3680 κρίνεται.
2334 3608 2605 3662 Διώκουσι
2631 3608 2808 3662 τοίνυν
2838 3611 3006 3681 ἡμᾶς,
3042 3609 3140 3664 οὐκ
3170 3605 3390 3671 ἀδίκους
3437 3609 3574 3662 εἶναι
3603 3625 3708 3660 κα-

2046 3691 2399 3766 ταλαϐόντες,
2431 3695 2558 3750 ἀλλ’
2589 3696 2736 3768 αὐτῷ
2773 3698 2925 3770 μόνῳ
2957 3702 3035 3770 τῷ
3058 3697 3412 3773 Χριστιανοὺς
3442 3697 3579 3750 εἶναι
3606 3695 3702 3749 τὸν

2054 3785 2170 3861 βίον
2204 3783 2406 3841 ἀδικεῖν
2452 3783 2960 3860 ὑπολαμϐάνοντες,
3015 3787 3211 3851 αὐτούς
3256 3807 3316 3842 τε
3355 3785 3498 3841 οὕτω
3545 3782 3707 3840 πολι·

2047 3875 2376 3946 τευομένους
2407 3874 2497 3929 καὶ
2529 3874 2658 3938 τοὺς
2685 3873 2890 3936 ἄλλους
2923 3876 3013 3930 τὸν
3048 3875 3246 3948 ὅμοιον
3281 3876 3546 3948 αἱρεῖσθαι
3581 3871 3702 3947 βίον

2049 3962 2549 4038 προτρεπομένους.
2586 3964 2683 4018 Διὰ
2709 3963 2761 4019 τί
2788 3961 2844 4018 δὲ
2876 3964 2941 4018 οὐ
2991 3965 3275 4040 βοηθεῖσθε
3324 3959 3650 4035 διωκόμενοι
3689 3978 3704 4029 ;

2052 4053 2201 4130 φασί.
2235 4053 2300 4110 Τί
2329 4052 2428 4127 γὰρ
2459 4053 2548 4107 καὶ
2585 4049 2916 4124 ἀδικούμεθα
2970 4053 3046 4114 ὡς
3093 4053 3230 4127 πρὸς
3279 4054 3429 4124 ἡμᾶς
3480 4047 3706 4118 αὑτοὺς,

2050 4142 2264 4213 θανάτῳ
2293 4140 2670 4214 ἀπολυόμενοι
2709 4141 2845 4215 πρὸς
2890 4142 2980 4196 τὸν
3031 4141 3255 4214 Κύριον,
3314 4141 3406 4194 καὶ
3463 4137 3706 4214 καθάπερ

2051 4229 2274 4298 ἡλικίας
2310 4224 2645 4303 μεταϐολὴν,
2680 4229 2822 4284 οὓτω
2863 4228 2920 4285 δὲ
2949 4231 3036 4285 καὶ
3076 4230 3198 4304 βίου
3228 4225 3541 4302 ἐναλλαγὴν
3572 4226 3709 4281 ὑπο-

2056 4317 2448 4391 μένοντες;Εἰ⁵
2488 4315 2546 4373 δὲ
2601 4316 2658 4373 εὖ
2711 4324 3037 4396 φρονοῖμεν,
3097 4318 3257 4393 χάριν
3315 4315 3568 4389 εἰσόμεθα
3598 4317 3710 4388 (58)

2051 4415 2168 4472 τοῖς
2187 4410 2288 4478 τήν
2322 4409 2576 4485 ἀφορμὴν
2609 4415 2708 4479 τῆς
2740 4408 2964 4484 ταχείας
3006 4407 3323 4481 ἀποδημίας
3352 4405 3712 4482 παρεσχημὲ-

2053 4521 2186 4568 νοις,
2237 4501 2282 4552 εἰ
2343 4496 2412 4552 δι’
2471 4498 2680 4572 ἀγάπην
2746 4505 3138 4575 μαρτυροῖμεν·
3183 4497 3228 4552 εἰ
3263 4496 3320 4552 δὲ
3353 4497 3455 4569 μὴ,
3511 4493 3714 4573 φαῦλοί

292 4604 437 4641 num
464 4605 477 4652 ;
502 4605 611 4644 nec
628 4587 804 4642 aliter
820 4588 951 4642 vitae
967 4589 1296 4644 mutatione
1316 4587 1627 4657 afﬁcimur,
1645 4604 1823 4658 quam
1840 4590 1940 4659 qui

2058 4609 2193 4650 τινες
2226 4584 2415 4663 ἄνδρες
2450 4590 2731 4650 εἶναιτοῖς
2784 4587 3024 4652 πολλοῖς
3068 4586 3363 4660 ἐδοκοῦμεν
3396 4589 3585 4659 ἡμεῖς.
3643 4583 3709 4640 El

361 4723 506 4789 *P.
541 4725 644 4777 599
684 4723 794 4776 ΕΙ).
840 4723 1131 4778 POTTEB.
1173 4724 1244 4794 (a)
1278 4723 1414 4777 Luc.
1451 4738 1523 4789 γι,
1547 4725 1636 4779 29.

367 4852 476 4921 (52)
508 4855 603 4922 Τῷ
633 4851 861 4927 αῗροντι.
896 4856 1108 4912 Lucam
1141 4861 1378 4912 secutus
1421 4854 1672 4923 videtur,
1703 4871 1829 4927 cap.
1864 4874 1937 4924 vr,

294 4940 434 5000 nam
468 4941 537 4977 ex
566 4926 837 5000 Matthaao
863 4927 1181 5000 legendum
1204 4928 1385 5000 foret,
1424 4927 1643 5000 ordine
1688 4926 1946 5000 inverso,

292 4993 501 5065 αἶ’ροντι
528 4993 618 5047 τὸν
653 5000 862 5067 χιτῶνα
893 4993 982 5051 καὶ
1026 4998 1087 5052 τὸ
1117 4999 1335 5070 ἰμάτιον
1381 4993 1758 5071 προσδιδόναι.
1811 4999 1944 5054 SYL-

295 5082 460 5122 BURG.

365 5138 478 5206 (53)
513 5133 574 5189 El
607 5130 852 5201 κήδεται.
879 5139 1043 5193 Conf.
1077 5158 1211 5195 cum
1243 5143 1353 5196 hoc
1384 5141 1514 5196 loco
1543 5140 1814 5195 libellum
1849 5142 1946 5196 Se-

297 5225 459 5263 neca:
486 5207 1125 5284 _Dc‘ProuidcntiaLseu,
1159 5213 1267 5268 Cur
1298 5215 1450 5267 bonis
1494 5213 1746 5268 accidant
1777 5214 1944 5282 mala,

299 5295 418 5335 cum
449 5279 519 5333 sit
551 5276 935 5332 Proridentia.
969 5281 1046 5331 In-

369 5351 482 5417 (54)
536 5342 1278 5418 Ἀνασκινδυλευθησόμεθα.
1362 5353 1478 5408 Hac
1559 5373 1696 5410 voce
1773 5373 1950 5418 supe-

298 5422 422 5499 rius
451 5439 601 5499 usus.
627 5421 945 5499 est_Slrnm_.
985 5437 1037 5483 ιι,
1073 5423 1355 5499 βᾶθί-414.
1391 5431 1450 5478 et
1491 5426 1643 5480 infra
1674 5443 1805 5499 pag.
1837 5421 1935 5482 604

300 5494 439 5549 edit.
479 5493 658 5548 Paris.
697 5492 793 5546 Est
841 5497 1036 5566 ιιιιίιιιιι
1100 5508 1129 5543 0
1183 5493 1424 5566 Platone
1484 5492 1874 5566 sumpt-aflib.
1910 5517 1947 5554 ll

301 5569 372 5618 np
428 5567 640 5635 νμμιιῑμη
678 5565 888 5636 parum,
933 5563 1105 5636 Hujus
1136 5563 1318 5636 verba
1363 5563 1636 5633 superius
1692 5585 1726 5622 a
1778 5571 1949 5626 nobis

302 5632 653 5692 allata—sunt
678 5632 763 5706 ιυι
791 5653 843 5706 p.
883 5637 980 5706 tam
1017 5632 1156 5706 edit.
1192 5634 1376 5687 Paris.

373 5707 484 5776 (56)
525 5703 852 5778 ιὐμνασίάς.
909 5703 1038 5774 Logi
1098 5708 1293 5776 potest
1341 5704 1522 5761 etiam
1572 5704 1868 5780 γυμνάσας·
1895 5717 1953 5769 et

2051 4873 2210 4923 mox,
2243 4855 2304 4930 ᾖ,
2343 4877 2368 4909 ι
2403 4858 2566 4930 cui”
2596 4873 2703 4930 pro
2733 4855 2792 4930 ἥ,
2832 4872 3044 4930 «_quaa.
3082 4878 3110 4930 ι)
3143 4857 3420 4930 Ξγιιιυιιο.

2131 4923 2261 5010 (ὅθγ
2282 4933 2449 5010 ςῌμῖν
2477 4923 2515 5010 ῥ’
2543 4923 2801 5010 δικαστής
2855 4923 3475 5010 ἀιξορᾷ.·μθὲςὶ“ροῐθδι
3493 4923 3712 5010 ἐφορᾷ,

2131 4943 2245 5010 φο)
2282 4943 2449 5010 ςι-ξμιν
2477 4943 2510 5010 ,ο
2543 4943 2801 4997 οικαστης
2855 4943 3218 5053 «param-Legi
3277 4943 3475 4998 p0tesz
3521 4943 3711 5010 εφορᾳ,

2059 5023 2087 5072 ς(
2140 5006 2401 5072 insp1c1t,
2473 5007 2860 5072 intueturrn
2910 5005 3131 5072 inquit,
3193 4999 3425 5072 ylburg.
3493 4999 3711 5052 Verum

2059 5069 2658 5144 magi—accusativum
2692 5071 2861 5144 regit,
2911 5069 3258 5144 ac'prpinde
3283 5070 3339 5144 _si
3373 5069 3522 5144 _vera
3552 5073 3713 5144 esset

2056 5137 2259 5216 lectio,
2291 5137 2816 5216 scriptumifuissét
2844 5141 2991 5216 ἡμὰς
3011 5137 3045 5195 ὃ
3077 5137 3335 5216 δικαστής
3369 5139 3557 5216 ἐφορᾷ.
3589 5140 3711 5193 Ma—

2056 5215 2162 5270 lim
2191 5215 2388 5286 igitur,
2413 5210 2542 5270 nna
2589 5215 2790 5270 littera
2827 5210 3050 5281 addita,
3101 5210 3337 5286 ἐφορμᾷ,
3389 5210 3715 5267 ιὶιέειιειιε

2059 5288 2136 5343 sit
2169 5303 2182 5350 ;
2218 5310 2244 5336 ει
2273 5287 2335 5341 in
2358 5287 2686 5357 _nosjudex
2716 5287 3005 5357 impetum
3036 5286 3196 5340 facit.
3229 5307 3258 5336 ››

2131 5358 2248 5439 (δῖ),
2275 5352 2411 5439 οὐξέ
2442 5352 2594 5439 θέλε),
2623 5379 2680 5428 μο
2717 5352 2835 5438 Ηίξδ
2867 5362 3286 5439 “summum
3315 5355 3556 5439 (ὶορίφῖδίῗ
3587 5368 3719 5423 Pe”

2061 5426 2330 5498 sequitur
2355 5426 2752 5500 Tertullianus
2783 5430 2844 5483 in
2878 5426 3171 5500 principio
3203 5426 3578 5500 Apologetici.

2136 5492 2248 5572 (-58)
2306 5499 2482 5572 Χάριν
2543 5500 2818 5572 εἰσόμεθα.
2878 5492 3012 5572 Legi
3068 5492 3271 5572 potest
3314 5492 3479 5572 χάριν
3536 5492 3597 5547 ἂν
3631 5493 3722 5572 ἐἷς

2063 5567 2312 5644 σοίμεοα,
2344 5567 2430 5627 vel
2462 5574 2523 5627 in
2556 5567 2915 5644 praicedenti
2958 5567 3226 5627 membro
3257 5567 3594 5644 φρονοῦμεν,
3628 5567 3725 5621 in-

2061 5643 2176 5699 dic.
2209 5645 2387 5700 modo
2411 5643 2686 5701 SYLBUBG.
