4004 6144
360 300 496 356 1291

1593 294 2002 351 CLEMENTIS
2038 295 2515 352 ALEXANDRIN
2522 297 2541 346 1

3631 294 3770 350 1292

361 426 511 483 217
546 424 842 488 dicuntur,
875 419 1250 486 afﬂictiones,
1284 418 1405 474 sive
1435 434 1570 473 cum
1598 416 2008 489 imprudentes

2125 415 2493 472 ὑποπίπτουσι
2522 422 2643 479 ταῖς
2700 416 3022 491 λεγομέναις
3053 417 3327 491 θλίψεσιν,
3357 416 3484 486 ἢτοι
3514 420 3771 491 ἡμαρτη-

362 514 735 588 peccaverint
767 512 826 565 in
853 509 987 565 aliis
1018 509 1193 580 lapsi,
1225 507 1297 563 ad
1330 508 1441 563 hoc
1478 507 1704 563 bonum
1730 506 1794 571 ἄ(
1826 507 2015 564 dedu-

364 608 601 670 cuntur,
632 599 998 672 benignitate
1030 598 1182 670 ejus,
1217 597 1319 669 qui
1350 596 1612 667 adducit,
1646 614 1784 652 cum
1813 613 2020 653 revera

362 694 479 749 alia
510 709 579 747 ex
605 691 740 746 aliis
766 689 1019 744 crimina
1044 688 1435 756 intententur,
1486 704 1561 743 ne
1610 688 1913 758 patiantur
1942 686 2015 743 ob

362 799 451 847 ea,
486 797 618 851 qua
646 778 805 835 mala
835 794 963 832 esse
994 782 1220 832 certum
1271 781 1381 843 est,
1431 792 1626 847 neque
1679 775 2016 832 maledictis

360 869 635 941 appetiti,
666 872 733 922 ut
762 866 1015 935 adulter,
1046 865 1135 921 vel
1169 865 1436 931 occisor;
1472 864 1575 920 sed
1607 865 1892 930 accusati,
1916 865 2018 935 qui

363 959 484 1014 sint
506 957 825 1013 Christiani
851 973 865 1023 ;
899 956 1059 1028 quod
1090 955 1333 1026 quidem
1364 972 1466 1010 eos
1496 954 1921 1019 consolabitur,
1953 958 2021 1009 ut

364 1065 438 1103 ne
470 1048 786 1103 videantur
817 1046 1058 1117 quidem
1090 1045 1238 1116 pati.
1276 1046 1347 1099 Et.
1376 1044 1425 1099 si
1458 1044 1613 1114 quis,
1646 1044 1745 1116 qui
1770 1042 2016 1098 omnino

362 1154 473 1194 nos
494 1136 844 1210 peccaverit,
867 1135 1188 1191 accesserit
1211 1134 1283 1189 ad
1306 1133 1676 1205 patiendum,
1700 1132 1863 1204 quod
1884 1132 2018 1202 qui-

363 1226 499 1283 dem
530 1232 623 1282 est
649 1241 873 1290 rarum,
909 1230 1110 1280 tamen
1138 1240 1214 1278 ne
1238 1223 1286 1277 is
1310 1222 1552 1294 quidem
1577 1221 1807 1293 aliquid
1827 1221 2017 1292 patie-

2123 506 2278 568 κότες
2337 504 2391 561 ἐν
2440 505 2635 569 ἄλλοις
2695 503 3050 570 λανθάνοντες
3110 506 3465 582 πταίσμασιν,
3511 506 3588 570 εἷς
3617 513 3772 564 τοῦτο

2122 595 2343 670 ἄγονται
2387 596 2451 650 τὸ
2482 595 2685 670 ἀγαθὸν
2732 615 3011 672 χρηστητι
3059 600 3158 651 τοῦ
3215 597 3602 671 περιάγοντος,
3631 595 3772 655 ἄλλα

2121 683 2172 756 ἐξ
2204 683 2393 740 ἄλλων
2452 685 2621 748 ὅντως
2673 683 3089 762 ἐγκαλούμενοι,
3135 683 3231 740 ἵνα
3280 687 3358 759 μή
3385 686 3462 748 ὡς
3490 683 3768 742 κατάδικοι

2121 772 2210 827 ἐπὶ
2238 779 2429 835 κακοῖς
2478 773 2959 849 ὁμολογουμένοις
3010 775 3244 844 πάθωσι,
3306 771 3448 846 μηδὲ
3477 772 3770 852 λοιδορού-

2125 883 2278 936 μενοι
2311 863 2385 925 ὠς
2417 863 2446 917 6
2481 864 2706 937 μοιχὸς,
2754 864 2789 934 ἢ
2843 863 2873 918 6
2929 862 3145 941 φονεὺς,
3185 861 3313 918 ἀλλ’
3344 863 3428 919 ότι
3455 865 3767 940 Χριστιανοὶ

2120 953 2437 1031 πεφυκότες
2498 953 2630 1024 ὅπερ
2686 952 2881 1015 αὐτοὺς
2930 955 3314 1031 παρηγορήσει
3368 951 3513 1028 μηδὲ
3541 955 3768 1031 πάσχειν

2121 1039 2322 1099 δοκεῖν.
2357 1042 2460 1097 Κᾶν
2495 1045 2572 1116 μή
2604 1044 2945 1117 ἡμαρτηκὼς
2982 1040 3029 1096 δ’
3080 1042 3227 1105 ὅλως
3257 1065 3340 1106 τις
3371 1042 3461 1099 ἐπὶ
3492 1045 3557 1100 τὸ
3586 1050 3770 1109 παθεῖν

2116 1131 2355 1208 γίνηται,
2416 1132 2641 1187 σπάνιον
2699 1132 2820 1206 μὶν,
2876 1132 3003 1188 ἀλλ’
3049 1129 3177 1187 οὐδὲ
3207 1132 3363 1195 οὗτος
3391 1135 3509 1188 κατ’
3537 1129 3768 1190 ἐπιϐου-

2123 1221 2227 1288 λὴν
2260 1217 2538 1293 δυνάμεώς
2582 1242 2637 1276 τι
2679 1221 2945 1291 πείσεται,
2995 1219 3144 1277 ἀλλὰ
3196 1221 3436 1278 πείσεται
3462 1222 3538 1284 ὣς
3569 1218 3768 1298 ἔπασχε

362 1321 460 1371 tur
489 1332 561 1370 ex
584 1315 808 1387 paratis
840 1329 875 1367 a
904 1317 1195 1384 potestate
1237 1311 1494 1377 insidiis,
1537 1310 1642 1365 sed
1671 1310 1931 1381 patietur
1954 1315 2008 1364 ul

2120 1310 2207 1364 καὶ
2266 1309 2329 1364 τὸ
2380 1311 2576 1379 νήπιον
2632 1309 2697 1364 τὸ
2756 1306 2950 1365 δοκοῦν
3005 1309 3116 1386 οὐχ
3162 1310 3564 1386 ἡμαρτηκέναι.
3598 1335 3629 1363 »ι
3663 1311 3768 1367 Εἶθ’

362 1409 665 1478 pateretur
696 1402 917 1469 infans,
967 1401 1069 1473 qui
1099 1400 1410 1456 videbatur
1457 1400 1610 1455 nihil
1658 1416 1953 1472 peccasse.
1986 1420 2017 1450 »

364 1492 587 1550 Deinde
604 1492 781 1565 paulo
800 1491 1048 1547 inferius
1066 1489 1375 1563 subjungit
1396 1507 1454 1544 τι(
1472 1489 1633 1545 Sicut
1646 1505 1781 1562 ergo
1796 1488 2016 1554 infans,

363 1584 466 1655 qui
493 1583 659 1655 prius
690 1598 813 1638 non
843 1580 1127 1653 peccavit,
1153 1585 1255 1635 aut
1274 1585 1409 1635 actu
1428 1578 1671 1650 quidem
1693 1579 1756 1633 in
1778 1594 1840 1632 se
1865 1577 2019 1633 nihil

366 1673 647 1744 peccavit,
680 1670 784 1726 sed
814 1668 977 1741 quod
1006 1668 1225 1724 habeat
1254 1668 1315 1722 id
1356 1667 1515 1739 quod
1544 1668 1826 1739 peccavit,
1854 1673 2017 1739 post-

2125 1393 2356 1470 ὑποϐὰς,
2387 1398 2553 1454 πάλιν
2584 1398 2826 1477 ἒπφὲρει.
2855 1424 2883 1452 ‹‹
2916 1401 3007 1462 Ὠς
3040 1398 3130 1455 οὖν
3159 1400 3224 1455 τὸ
3270 1402 3468 1472 νήπιον
3501 1400 3563 1461 ού
3592 1422 3767 1478 προη-

2125 1489 2424 1564 μαρτηκὸς,
2481 1489 2517 1560 ἢ
2574 1487 2807 1563 ἐνεργῶς
2861 1491 2957 1563 μὲν
3014 1489 3124 1566 ούχ
3168 1492 3493 1567 ἡμαρτηκὸς
3525 1489 3684 1547 οὐδὲν
3715 1490 3766 1549 ἒν

2121 1575 2318 1649 ἐαυτῷ,
2348 1581 2428 1649 τῷ
2454 1574 2512 1633 δὲ
2537 1579 2602 1633 τὸ
2631 1580 2950 1654 ἡμαρτῆσαι
2980 1576 3111 1655 ἔχον
3153 1581 3288 1653 (64),
3318 1580 3450 1636 ἐπὰν
3476 1575 3766 1654 ὑποϐληθῇ

2118 1670 2199 1739 τῷ
2228 1668 2443 1733 παθεῖν,
2475 1667 2835 1742 εύεργετεῖταί
2865 1688 2945 1742 τε,
2976 1667 3165 1725 πολλᾶ
3192 1666 3475 1744 κερδαῖνον
3507 1666 3764 1726 δύσκολα·

365 1776 545 1831 quam
575 1759 881 1830 conjectus
910 1759 1093 1814 fuerit
1122 1758 1196 1813 ad
1226 1756 1595 1828 patiendum,
1627 1756 1887 1811 afﬁcitur
1914 1755 2008 1810 be-

2125 1751 2428 1853 οὑτωσὶ
2458 1752 2553 1811 κᾶν
2587 1752 2796 1820 τέλειος
2830 1753 3003 1853 μηδὲν
3058 1759 3401 1834 ἡμαρτηκὼς
3430 1755 3578 1834 ἔργῳ
3606 1758 3763 1833 τύχῃ,

364 1848 601 1913 neﬁcio,
635 1853 700 1902 ut
728 1847 830 1918 qui
860 1847 1126 1902 lucretur
1152 1846 1340 1902 multa
1370 1845 1676 1901 difﬁcilia:
1700 1845 1782 1900 ita
1812 1845 2008 1915 etiam,

2122 1843 2311 1919 πάσχη
2344 1841 2403 1899 δὲ
2430 1845 2520 1899 καὶ
2551 1846 2725 1916 πάθη,
2753 1845 2918 1900 ταύτὸ
2947 1841 3137 1901 ἔπαθεν
3192 1845 3441 1923 ἐμφερῶς
3467 1852 3549 1920 τῷ
3566 1848 3765 1920 νηπίῳ·

367 1937 418 1992 si
448 1936 746 2008 perfectus
777 1951 1038 2007 quoque,
1070 1935 1170 2006 qui
1203 1940 1341 1990 actu
1360 1934 1514 1989 nihil
1536 1935 1884 2006 peccaverit,
1907 1950 2015 2005 pa-

369 2025 571 2095 tiatur,
606 2029 665 2079 et
686 2040 898 2095 passus
923 2023 1123 2093 fuerit,
1156 2039 1368 2095 passus
1400 2027 1491 2076 est
1520 2022 1797 2077 similiter
1836 2027 2015 2092 atque

372 2111 572 2167 infans
596 2130 610 2178 ;
644 2113 706 2168 in
727 2129 789 2168 se
812 2111 1054 2182 quidem
1076 2111 1303 2167 habens
1318 2111 1605 2182 peccandi
1629 2111 2013 2177 voluntatem,

370 2206 429 2255 et
458 2206 679 2271 tamen,
710 2217 829 2255 non
879 2206 1121 2273 accepta
1168 2200 1480 2256 occasione
1519 2199 1594 2255 ad
1623 2198 2013 2270 peccandum,

368 2306 490 2345 non
509 2290 804 2361 peccavit:
837 2306 1019 2361 quare
1038 2307 1159 2345 non
1175 2294 1267 2345 est
1286 2288 1398 2361 ipsi
1420 2287 1836 2361 imputandum
1857 2285 2017 2358 quod

367 2394 487 2433 non
503 2378 852 2450 peccaverit.
875 2377 1384 2447 Quemadmodum
1407 2378 1566 2433 enim
1586 2377 1686 2448 qui
1710 2376 1834 2432 vult
1853 2375 2017 2431 adul—

363 2468 579 2524 terium
596 2466 915 2525 admittere
933 2467 1288 2538 estadulter,
1304 2467 1539 2523 etiamsi
1552 2483 1673 2522 non
1690 2482 2015 2537 consequa-

361 2562 460 2612 tur
479 2558 725 2613 eﬂ'ectus
749 2574 763 2624 ;
785 2563 844 2613 et
860 2557 960 2628 qui
978 2557 1104 2613 vult
1122 2555 1345 2612 easdem
1368 2556 1562 2612 facere
1586 2560 1675 2612 est
1694 2554 2013 2623 homicida,

360 2646 594 2702 etiamsi
626 2663 745 2702 non
778 2646 967 2718 possit
996 2646 1267 2703 occidere
1292 2663 1305 2700 ε
1338 2646 1421 2701 ita
1452 2646 1630 2701 etiam
1653 2661 1811 2712 eum,
1837 2660 2014 2716 quem

361 2737 493 2793 dico
519 2754 642 2793 non
686 2754 986 2809 peccasse,
1036 2738 1086 2793 si
1134 2737 1333 2793 videro
1380 2736 1730 2808 patientem,
1782 2734 2012 2791 etiamsi

360 2826 671 2881 nihilmali
688 2826 917 2893 fecerit,
942 2826 1170 2881 malum
1195 2826 1411 2892 dicam,
1435 2841 1505 2880 eo
1534 2823 1693 2895 quod
1713 2824 1857 2879 velit
1877 2839 2011 2894 pec-

362 2930 517 2970 care.
552 2913 789 2979 Quidvis
823 2914 980 2967 enim
1008 2914 1203 2969 dicam
1228 2912 1446 2985 potius,
1470 2929 1648 2984 quam
1682 2912 2009 2984 malumiid,

362 3002 523 3073 quod
543 3002 828 3073 providet.
853 3024 875 3052 ι
904 3001 1129 3057 Deinde
1157 3001 1429 3068 inferius,
1455 3006 1657 3073 aperte
1678 3017 1915 3072 quoque
1936 3000 2010 3055 de

362 3090 612 3145 Domino
631 3090 795 3157 dicit,
819 3095 1105 3162 tanquam
1131 3090 1204 3147 de
1224 3089 1465 3145 homine
1488 3106 1508 3145 :
1529 3112 1557 3140 ‹‹
1577 3090 1679 3145 Sin
1695 3096 1895 3146 autem
1915 3090 2008 3145 his

359 3180 639 3235 omnibus
667 3180 1085 3252 praetermissis
1128 3181 1450 3236 accesseris
1498 3180 1573 3235 ad
1616 3180 1748 3246 hoc,
1801 3185 1868 3235 ut
1912 3195 2007 3235 me

359 3268 631 3341 exempla
659 3268 1009 3325 adducendo
1044 3269 1386 3341 redarguas,
1434 3268 1595 3323 verbi
1644 3284 1859 3323 causa:
1906 3267 2010 3323 Hic

359 3372 494 3429 ergo
525 3357 824 3428 peccavit;
856 3357 951 3413 hic
982 3358 1145 3413 enim
1171 3362 1263 3412 est
1305 3373 1556 3428 passus:
1598 3356 1649 3412 si
1698 3356 2008 3427 permittas

356 3445 621 3516 quidem,
653 3445 849 3502 dicam
874 3463 887 3499 :
922 3448 1049 3501 Non
1079 3445 1345 3517 peccavit
1364 3445 1628 3516 quidem,
1662 3445 1767 3500 sed
1790 3450 1917 3501 erat
1937 3446 2009 3500 si-

355 3534 517 3591 milis
548 3534 767 3591 infanti
797 3535 899 3606 qui
942 3534 1297 3606 patiebatur.
1349 3533 1460 3589 Sed
1501 3534 1551 3589 si
1597 3533 2008 3589 vehementius

354 3640 587 3696 urgeas,
605 3623 1248 3695 dicam,quemcunque
1264 3622 1570 3678 hominem
1582 3623 2007 3691 nominaveris,

358 3727 486 3767 esse
510 3712 838 3780 hominem,
854 3713 1087 3784 justum
1109 3717 1307 3769 autem
1330 3713 1537 3767 Deum.
1562 3734 1591 3763 «
1614 3711 1823 3768 Nullus
1846 3712 2007 3768 enim

361 3826 383 3851 ι
408 3807 498 3856 est
513 3801 794 3869 mundus,
815 3824 845 3851 ››
862 3809 928 3856 ut
944 3802 1093 3857 dixit
1107 3802 1429 3872 quispiam,
1449 3823 1473 3853 ι
1490 3817 1527 3857 a
1541 3801 1715 3857 sorde
1727 3802 1822 3872 (a).
1844 3822 1872 3852 »
1893 3800 2006 3856 Sed

357 3890 631 3946 Basilidis
661 3890 1005 3961 hypothesis
1036 3889 1179 3944 dicit
1202 3891 1487 3953 animam,
1521 3906 1654 3960 qum
1680 3891 1846 3961 prius
1867 3906 2005 3961 pec-

357 3985 590 4036 caverat
618 3980 681 4034 in
710 3979 831 4034 alia
857 3978 994 4045 vita,
1025 3978 1122 4034 hic
1151 3980 1273 4053 pati
1302 3978 1663 4051 supplicium
1688 3995 1702 4046 ;
1756 3978 2005 4035 electam

2118 1931 2263 2009 ἔχων
2300 1934 2395 2006 μὶν
2431 1931 2485 1988 ἒν
2533 1935 2708 2007 ἑαυτῷ
2760 1935 2824 1989 τὸ
2873 1936 3271 2012 ἁμαρτητικὸν,
3301 1936 3522 2014 ἀφομὴν
3551 1933 3612 1991 δὲ
3636 1936 3768 2012 πρὸς

2117 2023 2181 2076 τὸ
2208 2024 2588 2097 ἡμαρτηκέναι
2624 2025 2701 2096 μὴ
2734 2018 2942 2093 λαϐὼν,
2976 2025 3089 2101 οὐχ
3115 2024 3448 2100 ἡμάρτανεν.
3489 2027 3644 2081 Ω”στ’
3674 2025 3768 2082 οὐκ

2118 2111 2269 2183 αὐτῷ
2295 2111 2357 2165 τὸ
2390 2113 2467 2185 μή
2518 2113 2835 2188 άμαρτῆσαι
2879 2110 3183 2188 λογιστέον.
3226 2116 3316 2177 Ὡς
3344 2114 3447 2190 γὰρ
3477 2116 3507 2170 6
3536 2119 3767 2191 μοιχεῦ-

2120 2220 2207 2254 σαι
2241 2198 2413 2263 θέλων
2450 2199 2652 2275 μοιχός
2705 2200 2841 2271 ἐστι,
2897 2204 2995 2259 κᾶν
3044 2208 3141 2259 τοῦ
3200 2207 3492 2279 μοιχεῦσαι
3542 2205 3624 2277 μή
3655 2204 3763 2260 ἑπι-

2118 2286 2287 2363 τύχῃσ
2318 2288 2411 2343 καὶ
2443 2289 2471 2344 6
2500 2296 2729 2358 ποιῆσαι
2761 2290 2928 2363 φόνον
2959 2289 3132 2355 θέλων
3164 2290 3499 2369 ἀνδροφόνος
3531 2292 3767 2362 ἒστὶ,ιιᾶν

2124 2378 2201 2450 μή
2233 2375 2458 2449 δύνηται
2490 2384 2762 2452 φονεῖσαι·
2797 2380 2997 2437 οὕτωσὶ
3029 2380 3090 2438 δὲ
3114 2382 3204 2439 καὶ
3236 2384 3329 2439 τὸν
3362 2383 3767 2457 ἀναμάρτητον,

2118 2466 2176 2521 ’ὸν
2210 2464 2374 2541 λέγω,
2407 2465 2494 2522 ἐὰν
2527 2465 2631 2523 ἴδω
2661 2469 2963 2545 πάσχοντα,
2988 2470 3084 2526 κᾶν
3111 2470 3281 2544 μηδὶν
3304 2472 3340 2541 ἦ
3371 2474 3540 2528 κακὸν
3564 2492 3768 2548 πεπρα-

2121 2555 2261 2631 χὼς,
2288 2556 2453 2611 κακὸν
2480 2555 2587 2632 ἐρῶ
2614 2559 2677 2612 τὸ
2709 2557 2885 2622 θέλειν
2929 2563 3041 2634 (65)
3088 2560 3440 2635 ἁμαρτάνειν.
3470 2563 3639 2617 Πάντ³
3668 2561 3767 2636 ἐρῶ

2117 2646 2217 2720 γὰρ
2248 2642 2487 2717 μᾶλλον,
2519 2644 2556 2715 ἤ
2585 2647 2748 2701 κακὸν
2778 2648 2842 2703 τὸ
2866 2652 3137 2723 προνοοῦν
3167 2646 3297 2724 ἐρῶ.
3328 2674 3356 2702 ››
3387 2650 3504 2708 Εἶθ’
3540 2646 3764 2722 ὑποϐὰς,

2116 2732 2208 2788 καὶ
2265 2733 2391 2810 περὶ
2440 2739 2538 2790 τοῦ
2592 2734 2800 2809 Κυρίου
2858 2734 3133 2812 ἄντικρυς,
3163 2738 3238 2800 ὡς
3275 2740 3401 2815 περὶ
3460 2739 3762 2814 ἀνθρώπου,

2118 2820 2285 2897 λέγειν
2344 2847 2373 2875 κ
2406 2823 2531 2880 Ἐὰν
2594 2825 2780 2898 μέντοι
2862 2824 3191 2901 παραλιπὼν
3245 2825 3478 2889 τούτους
3537 2828 3762 2889 ἅπαντας

2115 2910 2240 2973 τοὺς
2274 2910 2499 2986 λόγους,
2532 2909 2700 2987 ἔλθῃς
2745 2910 2833 2968 ἐπὶ
2879 2914 2942 2969 τὸ
2991 2911 3259 2971 δυσωπεῖν
3306 2937 3397 2988 με,
3429 2912 3520 2972 διὰ
3548 2918 3762 2993 προσώ-

2113 2999 2232 3054 πων
2263 3001 2448 3072 τινῶν,
2480 2999 2525 3055 εἰ
2573 3000 2762 3076 τύχοι,
2822 3000 3022 3076 λέγων,
3079 3004 3141 3061 Ὀ
3198 3000 3346 3060 δεῖνα
3377 3002 3470 3060 οὖν
3510 3006 3760 3082 ἥμαρτεν·

2120 3084 2314 3151 ἔπαθεν
2365 3088 2466 3164 γὰρ
2526 3088 2555 3143 ὁ
2611 3086 2780 3144 δεῖνα·
2839 3089 2927 3145 ἐὰν
2991 3091 3084 3165 μὶν
3143 3090 3457 3166 ἐπιτρέπῃς,
3487 3092 3617 3166 ἐρῶ·
3654 3093 3763 3167 Οὐχ

2069 3178 2082 3202 ⁸
2117 3177 2357 3250 ἥμαρτεν
2419 3176 2538 3248 μὶν,
2591 3176 2787 3249 ὅμοιος
2834 3176 2893 3234 δὲ
2947 3178 3015 3249 ἦν
3071 3184 3154 3253 τῷ
3180 3179 3450 3255 πάσχοντι
3482 3182 3692 3255 νηπίῳ·
3719 3179 3761 3235 εί

2122 3264 2304 3336 μέντοι
2338 3262 2697 3343 σφοδρότερον
2756 3262 3036 3323 ἐκϐιάσαιο
3091 3270 3187 3324 τὸν
3245 3267 3432 3345 λόγον,
3474 3268 3607 3347 ἐρῶ,
3638 3272 3766 3329 Ἀν-

2118 3354 2360 3427 θρωπον,
2389 3353 2557 3410 ὅντιν’
2586 3354 2645 3410 ἂν
2679 3356 2973 3431 ὀνομάσῃς,
3024 3354 3309 3432 ἄνθρωπον
3358 3360 3519 3427 εἶναι,
3561 3356 3763 3416 δίκαιον

2120 3440 2177 3497 δὲ
2222 3442 2317 3498 τὸν
2363 3444 2512 3499 Θεόν·
2574 3469 2603 3497 ‹‹
2638 3446 2887 3519 Καθαρός
2935 3446 3037 3521 γὰρ
3089 3444 3294 3518 οὐδεὶς,
3323 3471 3353 3500 »ι
3412 3448 3597 3524 ὥσπερ
3656 3448 3767 3505 εἶπέ

2115 3552 2200 3594 τις
2233 3533 2366 3605 (66),
2400 3556 2430 3584 ‹‹
2461 3532 2569 3587 ἀπὸ
2601 3533 2795 3607 ῥύπου.
2833 3557 2861 3586 ››
2895 3533 3073 3591 Ἀλλὰ
3102 3540 3183 3607 τῷ
3231 3535 3525 3612 Βασιλείδῃ
3553 3540 3589 3608 ἡ
3625 3538 3768 3593 ὑπό-

2118 3621 2264 3685 θεσις
2312 3621 2809 3698 προαμαρτήσασᾶν
2868 3645 3003 3702 φησι
3085 3626 3186 3695 τήν
3242 3627 3429 3702 ψυχὴν
3490 3625 3543 3682 ἐν
3600 3626 3771 3705 ἒτέρῳ

2121 3709 2249 3785 βίῳ,
2278 3711 2380 3779 τὴν
2410 3710 2635 3767 κόλασιν
2689 3712 2979 3787 ὑπομένειν
3031 3713 3277 3785 ἐνταῦθα,
3315 3716 3416 3785 τὴν
3447 3715 3545 3789 μὲν
3576 3714 3772 3772 ἐκλεκ-

2112 3799 2214 3867 τήν
2267 3797 2536 3873 ἐπιτίμοις
2595 3797 2685 3856 διὰ
2740 3801 3044 3878 μαρτυρίου
3114 3805 3214 3873 τήν
3266 3800 3449 3875 ἄλλην
3490 3800 3549 3859 δὲ
3576 3806 3772 3862 καθαι-

2115 3888 2353 3964 ρομένην
2385 3891 2559 3963 οἰκείᾳ
2586 3891 2830 3950 κολάσει.
2862 3894 2966 3950 Καὶ
3024 3897 3144 3956 πῶς
3191 3897 3355 3948 τοῦτο
3407 3892 3643 3967 ἀληθὲς,
3689 3895 3770 3973 ἐφ’

2116 3980 2252 4052 ἡμῖν
2284 3978 2539 4054 κειμένου
2567 3985 2663 4037 τοῦ
2694 3982 3037 4059 ὁμολογῆσαι
3067 3983 3157 4038 καὶ
3186 3980 3544 4054 κολασθῆναι,
3576 3983 3618 4054 ἤ
3653 3989 3768 4060 μής

421 4128 485 4193 ιιι
513 4124 576 4180 P.
606 4124 714 4179 600
741 4124 853 4178 ΕΙ).
886 4123 1178 4191 POTTER,
1211 4124 1314 4177 506
1344 4122 1455 4176 El).
1485 4121 1713 4177 PARIS.
1748 4121 1822 4195 (a)
1848 4122 1976 4179 Job.
2010 4139 2118 4192 xxv,
2152 4125 2205 4178 4.

351 4267 649 4323 intellexit
679 4265 968 4322 Basilides
999 4264 1238 4331 delicta,
1271 4281 1392 4320 non
1436 4265 1499 4319 in
1546 4264 1754 4319 eodem
1786 4265 2000 4333 solum,

349 4340 455 4395 sed
487 4345 546 4395 et
568 4338 693 4420 alio
721 4355 968 4420 corpore
990 4343 1359 4420 perpetrata:
1394 4336 1688 4420 siquidem
1725 4335 2002 4420 μετεμψύ-

348 4429 523 4485 χωσιν
551 4407 911 4475 defendit,ut
930 4407 1153 4465 ibidem
1176 4407 1595 4464 animadvertit
1613 4407 1886 4465 Clemens
1908 4407 2002 4465 his

349 4483 543 4538 verbis
568 4500 581 4538 :
617 4478 797 4537 Ἀλλᾶ
823 4483 905 4538 τῶ
955 4475 1253 4538 Βασιλείδῃ
1311 4480 1345 4538 ἡ
1408 4478 1659 4538 ὑπόθεσις
1713 4500 2001 4538 προαμαρ-

349 4480 581 4539 ν’θτῢὶεε
617 4480 797 4537 Ἀλλὰ
823 4483 905 4552 τῷ
955 4480 1253 4553 Βασιλείδῃ
1311 4480 1345 4547 ἡ
1408 4480 1659 4541 ὑπόθεσις
1713 4500 1999 4556 προαμαρ-

345 4551 587 4645 τήσασάν
627 4573 760 4632 φησι
790 4552 918 4639 ’τήν
975 4552 1161 4625 ψυχήν
1196 4550 1456 4676 ἐπὲτέρῖ
1484 4549 1612 4624 βίῳ,
1640 4550 1740 4634 τὴν
1772 4550 1999 4635 κόλασιν

351 4643 633 4676 υπομενειν
666 4623 910 4676 ἔνταυθα.
945 4646 975 4675 (ι
999 4624 1110 4676 Sed
1144 4623 1385 4676 Basﬂldl
1460 4623 1766 4676 vnothesm
1797 4623 1999 4676 dictat.

351 4623 650 4697 ὑπομένειν’
666 4623 910 4687 ἓνταῦθα.
945 4623 1110 4679 «Sed
1144 4623 1385 4678 Basilidi

351 4717 376 4745 ‹.
407 4693 830 4769 animam,quaa
846 4698 1013 4769 prius
1029 4699 1377 4769 peccaverat
1400 4693 1603 4769 in'alia
1618 4694 1859 4758 vita,hic
1879 4697 2000 4768 pati

351 4790 379 4817 ‹‹
408 4764 789 4849 supplicium.
808 4764 984 4824 {Jam
1097 4767 1261 4849 prius
1285 4766 1463 4849 citata
1483 4764 1660 4849 verba
1683 4764 2003 4849 revertor,e

351 4861 379 4887 ‹‹
402 4835 622 4911 quibus
643 4840 919 4895 Clemens
941 4835 1187 4911 colligit,
1213 4836 1369 4911 quod
1394 4835 1681 4911 Basilides
1703 4835 2002 4911 Christum

350 4930 378 4957 «
396 4910 715 4965 Dominum
728 4927 907 4965 ausus
924 4907 1312 4966 fueritdicere
1326 4907 1633 4963 hominem
1650 4916 1891 4978 peccato
1905 4909 2004 4965 ob-

353 5000 381 5053 ιι
411 4980 714 5053 noxium,»
736 4982 819 5053 uti
853 4999 909 5053 p.
944 4985 1045 5035 507
1079 4980 1325 5053 notavit.
1356 4980 1486 5034 Jam
1517 4994 1586 5053 ea
1615 4979 1858 5053 quidem
1889 4981 2001 5037 hoc

346 5050 506 5105 haud
537 5050 693 5105 clare
728 5049 1113 5121 eloquuntur.
1153 5052 1273 5105 imo
1308 5067 1381 5106 ne
1440 5049 1683 5120 quidem
1714 5051 1998 5108 disertam

345 5121 669 5197 Servatoris
699 5124 1069 5197 mentionem
1092 5123 1371 5197 faciunt;
1435 5137 1638 5197 verum
1671 5138 1740 5177 ex
1770 5124 1999 5197 integro

340 5191 493 5266 forte
520 5196 793 5266 contextu
816 5192 1104 5266 Clementi
1124 5188 1809 5266 _patuit,per_a’z'vopmrov,
1834 5188 1999 5248 ὅναῖιν’

344 5260 402 5316 ἃν
437 5261 737 5335 ὀνομάσῃςε
772 5261 971 5317 insum
1001 5260 1300 5317 Christum
1328 5260 1646 5319 Dominum
1678 5282 1713 5321 a
1743 5260 1998 5323 Basilide

340 5350 470 5391 esse
492 5334 851 5391 indignatm.

417 5410 530 5480 (64)
590 5400 877 5480 Ἐ’νᾳεργῷς-
950 5401 1067 5480 μὲν,
1136 5400 1250 5480 οὐχ
1331 5403 1655 5480 ἦμζοτηκὸς
1732 5404 1885 5462 οὐδὲν
1945 5407 1998 5463 ἐν

335 5463 533 5551 ὲαότῷ,
561 5480 641 5549 τῷ
672 5463 728 5529 δὲ
758 5463 820 5551 τρ
854 5463 1167 5551 ἁμάρῖῆσαι
1212 5463 1386 5551 ’ἔχοξξ
1415 5463 1755 5551 Corruptus
1780 5487 1868 5536 est
1898 5482 1997 5538 hic

335 5542 643 5630 Magne;
665 5542 903 5630 penitus
926 5544 1073 5630 mihi
1097 5542 1294 5630 placet
1313 5542 1990 5630 Cl.Crabii:conjectura.

336 5611 559 5696 Malim,
583 5611 840 5696 -£VEPY§0(
901 5614 995 5696 μὲν
1058 5611 1166 5685 οὐχ
1202 5611 1785 5696 ἡματηκὸςιούδὲνμὲν
1820 5622 1995 5696 ἑαυτῷ

336 5632 559 5691 Malim,
610 5632 840 5694 ενεργως
901 5632 995 5688 μεν
1058 5632 1166 5685 ουχ
1202 5632 1492 5738 ηματἏκος
1521 5632 1699 5678 ουοεν,
1732 5632 1785 5674 ἐν
1820 5632 1992 5696 ἑαυτῷ

336 5690 397 5747 δὶ
449 5692 514 5747 τὸ
570 5692 890 5764 άμαρτῆσαν
950 5679 1102 5757 ἔχον
1162 5703 1193 5733 ‹‹
1241 5697 1357 5754 quo
1430 5689 1563 5740 actu
1594 5687 1837 5758 quidem
1869 5711 1992 5755 non

1460 4591 1766 4694 γᾞέιὶιὲὲίέ
2032 4591 2078 4656 D

2116 4269 2397 4353 peccavit,
2428 4268 2531 4325 sed
2551 4271 2623 4353 _i_n
2653 4287 2715 4326 se
2746 4270 2826 4339 id,
2851 4270 3322 4353 qpod‘peccavit,
3351 4270 3571 4353 habet:
3604 4273 3761 4353 scili-

2114 4346 2207 4394 cet
2235 4341 2518 4396 animam.
2551 4345 2694 4398 Nam
2753 4359 2825 4397 ex
2870 4341 3153 4399 ’Basilidaa
3194 4345 3513 4399 sententia.
3546 4346 3759 4402 animai

2113 4426 2244 4493 quas
2271 4414 2437 4493 prius
2468 4414 2530 4493 in
2561 4414 2680 4493 alia
2707 4415 2826 4468 vita
2856 4420 3223 4493 peccassent,
3256 4415 3353 4493 hic
3369 4431 3605 4493 pugnas
3624 4434 3758 4493 sus:

2113 4484 2550 4558 t_iner_1t.__Unde
2577 4484 2879 4558 Clemens
2935 4485 3113 4557 paulo
3165 4491 3301 4558 post
3330 4484 3450 4558 ait:
3482 4484 3661 4542 ἈΑλὲ
3686 4486 3757 4558 τῷ

2112 4550 2508 4635 βασιλείδηῄ
2571 4554 2837 4635 ὑπόθεσις-
2884 4550 3388 4635 προαμαραῖῄσασάν
3472 4578 3607 4635 φῃσι
3662 4550 3752 4625 τὴν

2111 4625 2298 4751 ψυέἠν
2332 4623 2587 4700 ἐίὲτὲρῳ
2622 4625 2748 4700 βίῷ,
2777 4628 2879 4712 ’τήον
2928 4623 3156 4682 κόλασὶν
3190 4623 3495 4713 ὗπομὲνεινς
3512 4623 3752 4692 ἐνταῦθα.

2112 4718 2141 4747 ι(
2216 4697 2289 4751 ed
2320 4698 2649 4754 secundum
2680 4700 2952 4757 Basmdaa
2982 4700 3366 4757 hvnothesm.
3394 4718 3598 4757 anima
3629 4717 3754 4757 (tum

2112 4718 2141 4747 ί(
2176 4717 2289 4751 aeu
2320 4717 2649 4754 secundum
2680 4717 2952 4757 basmuaa
2982 4717 3366 4772 nypomesm,
3394 4718 3598 4757 anima
3629 4717 3754 4773 quae

2112 4768 2276 4855 prius
2306 4768 2586 4855 innaltera
2613 4771 2729 4826 vita
2759 4779 3122 4855 peccaverat,
3146 4772 3754 4855 hiosuppliciumja-

2109 4839 2274 4914 titur.
2310 4862 2338 4890 ››
2371 4840 2655 4914 Similiter
2684 4839 2958 4914 superius
2980 4843 3051 4899 de
3072 4843 3225 4899 Julio
3244 4839 3525 4900 Cassiano
3548 4839 3754 4914 Valéni-

2112 4910 2344 4991 tiniano
2376 4912 2544 4991 dixit,
2575 4910 2781 4991 Str_qm_.
2840 4931 2927 4983 ni,
2965 4931 3113 4991 pag.
3176 4917 3278 4970 553
3298 4932 3319 4991 Δε
3365 4915 3609 4991 Ἦγεῖται
3639 4911 3752 4991 δὶμὸ

2150 4985 2357 5055 εζνναῖος
2409 4982 2598 5055 οὗτοςΔ
2648 4980 3169 5055 Πλατγωνικώῖτερόν,
3230 4986 3377 5055 θείαν
3438 4980 3597 5041 ὁῦσαν
3654 4985 3751 5050 τήν

2109 5051 2293 5141 ψρχὴν
2327 5053 2549 5141 ἄνιυθεν,
2581 5051 2840 5141 ἐπιθυμίς
2869 5051 3251 5141 ,θηλυνβεῖσαν
3304 5054 3461 5141 δεῦρο
3492 5055 3644 5141 ἥκειν
3678 5054 3752 5117 είς

2106 5122 2308 5202 γένεσιν
2340 5122 2430 5202 καὶ
2464 5122 2683 5201 φθοράν.
2724 5122 2752 5176 ι’
2782 5122 3092 5202 Existimat
3121 5135 3319 5202 autem
3354 5122 3449 5186 hic
3492 5122 3580 5185 vir
3604 5146 3755 5202 pra:-

2109 5194 2305 5270 clarus
2335 5194 2490 5270 plus;
2520 5194 2697 5270 quam
2720 5216 2826 5270 par
2848 5199 2944 5266 sit,
2972 5201 3289 5269 Platonice,
3314 5194 3753 5268 animamfcum

2107 5265 2402 5354 principio
2434 5265 2632 5354 divina
2657 5265 2830 5354 esset,
2848 5265 3179 5354 cupiditate
3209 5265 3754 5354 effeminatam,huc

2108 5337 2180 5393 ad
2212 5337 2656 5410 generationem
2690 5346 2749 5397 et
2776 5337 3085 5398 interitum
3114 5344 3334 5399 venire.
3373 5368 3394 5397 ι

2181 5408 2292 5485 (65)
2337 5410 2420 5485 Τὸ
2472 5408 2668 5485 θὲλειν.
2729 5414 2968 5485 Rectius
3024 5414 3216 5469 dativo
3260 5431 3415 5482 casa,
3447 5417 3526 5485 τῷ
3557 5410 3752 5483 θέλειν,

2109 5502 2136 5530 ‹‹
2167 5482 2441 5550 volendo,
2478 5505 2498 5532 ι
2534 5484 2574 5538 i.
2618 5500 2668 5538 e.
2702 5483 2751 5538 si
2778 5485 2936 5540 velit.
2973 5485 3244 5541 SYLBURG.

2178 5553 2294 5626 (66)
2326 5551 2457 5626 hiut
2484 5573 2587 5616 τις.
2644 5554 2776 5618 Job,
2833 5573 2883 5612 c.
2942 5574 3059 5612 xiv.
3104 5558 3170 5612 Η.
3207 5556 3479 5613 SYLBURG.
3513 5587 3582 5598 -—
3614 5554 3751 5611 Vide

2107 5639 2238 5695 quae
2267 5625 2551 5684 adnotata
2581 5630 2721 5684 sunt
2751 5626 2815 5683 in
2842 5626 2947 5684 lib.
2980 5645 3045 5686 ιι.
3075 5628 3342 5686 Conucr.

3902 392 3916 511 hi

3913 524 3915 559 ι

3914 572 3915 607 1

3913 618 3915 659 1

3914 666 3915 711 1

3913 3474 3915 3499 1

3913 3522 3915 3545 1

3913 3570 3915 3593 1

3914 3618 3915 3649 1

3914 3724 3915 3743 1

3914 3772 3915 3791 1

3914 3820 3915 3849 1

3914 3866 3915 3895 1

3914 3914 3915 3943 1

3914 4022 3915 4041 1
