4004 6144
211 335 352 390 1293

1534 334 1982 391 STROMATUM
2025 336 2160 390 LlB.
2202 336 2296 391 IV.

3492 336 3628 392 1294

209 456 528 532 λόεταιγάρ
579 455 665 511 ἐπὶ
722 459 820 510 τοῦ
868 454 1245 531 ἀρνησαμένου
1293 456 1328 525 ἡ
1379 455 1517 510 κατά
1559 455 1650 510 τὸν
1696 461 1860 509 Βασι-

1996 457 2242 530 ιιιίάεω,
2273 463 2340 513 ut
2377 460 2661 530 puniatur
2705 461 3035 516 honorifice
3083 477 3190 531 per
3232 462 3628 534 martyrium;

212 544 402 614 λείδην
427 546 678 620 πρόνοια.
707 547 849 619 Ἐρῶ
871 548 980 619 (67)
1009 544 1187 600 τοίνυν
1207 543 1364 600 αὐτὸν
1391 543 1481 600 καὶ
1510 543 1598 599 ἐπὶ
1619 547 1715 599 τοῦ
1735 563 1867 619 κρα-

206 636 470 706 τηθέντος
503 634 883 710 ὁμολογητοῦ,
928 634 1157 705 πότερον
1217 635 1548 711 μαρτυρήσει
1579 634 1665 688 καὶ
1697 630 1869 688 κολα-

211 726 468 795 σθήσεται
501 725 638 778 κατά
683 745 784 794 την
813 721 1096 798 πρόνοιαν,
1127 720 1162 791 ἢ
1196 718 1300 792 οὗ,
1336 724 1636 798 Ἀρνουμεν
1651 741 1704 785 ος
1738 721 1866 796 γὰρ,

206 816 274 870 οὗ
324 813 745 884 κολασθήσεται·
783 812 828 868 εἰ
860 811 918 867 δὲ
972 811 1063 866 καὶ
1121 819 1224 882 τῆς
1281 807 1603 875 ἀποϐάσεως
1650 811 1741 866 καὶ
1770 814 1868 865 τοῦ

213 905 292 978 μή
327 901 434 958 δεῖν
469 903 807 973 κολασθῆναι
844 905 1036 958 τοῦτον
1089 903 1251 976 φήσει
1289 903 1388 971 τήν
1438 899 1715 956 ἀπώλειαν
1761 903 1870 953 τῶν

210 993 603 1068 ἁρνησομένων
638 990 696 1046 ἐκ
724 990 1012 1067 προνοίας,
1045 988 1187 1044 ἄκων
1219 992 1703 1066 προσμαρτυρήσει
1735 991 1866 1060 (68).

209 1084 334 1142 Πῶς
377 1079 434 1134 δὲ
464 1077 542 1134 ἔτι
577 1079 767 1153 μισθὸς
801 1079 828 1131 6
865 1075 1212 1150 ἐνδοξότατος
1243 1077 1296 1132 ἐν
1329 1077 1541 1154 οὐρανῷ
1584 1075 1867 1132 ἀπόκειται

209 1174 292 1243 τῷ
353 1175 758 1244 μαρτυρήσαντι
819 1167 912 1224 διά
971 1170 1032 1222 τὸ
1091 1170 1484 1243 μαρτυρῆσαι,
1543 1165 1608 1223 Εἰ
1669 1162 1726 1220 δὲ
1777 1164 1870 1219 τὸν

210 1260 582 1334 ἁμαρτητικὸν
639 1259 741 1314 οὐκ
788 1255 960 1313 εἷάσεν
1009 1260 1042 1327 ἡ
1077 1258 1306 1329 πρόνοια
1353 1255 1439 1311 ἐπὶ
1489 1255 1552 1310 τὸ
1607 1256 1868 1329 ἁμαρτεῖν

210 1349 410 1415 ἐλθεῖν,
447 1347 635 1412 ἄδικος
684 1348 888 1423 γίνεται
947 1349 1064 1402 κατ’
1099 1344 1284 1424 ἄμφω³
1350 1345 1440 1400 καὶ
1495 1346 1585 1400 τὸν
1644 1343 1732 1399 διὰ
1789 1340 1869 1398 δι-

211 1436 505 1506 καιοσύνην
567 1437 643 1497 εἰς
702 1433 930 1490 κόλασιν
972 1435 1270 1508 ἑλκόμενον
1337 1437 1411 1508 μή
1474 1433 1741 1509 ῥυομένη,
1779 1434 1871 1488 καὶ

209 1527 300 1581 τὸν
337 1523 540 1581 ἀδικεῖν
580 1524 913 1596 ἐθελήσαντα
946 1523 1246 1600 ῥυσαμένη’
1281 1528 1377 1578 τοῦ
1413 1524 1506 1596 μὶν
1541 1524 1874 1593 ποιήσαντος

215 1613 288 1670 δι’
319 1617 394 1669 ὧν
445 1610 748 1684 ἐϐουλήθη,
779 1621 880 1683 τῆς
911 1610 969 1667 δὲ
998 1613 1323 1682 κωλυσάσης
1354 1613 1416 1667 τὸ
1449 1611 1628 1686 ἔργον,
1656 1612 1748 1666 καὶ
1795 1611 1872 1683 μή

210 1701 436 1766 δικαίως
484 1705 838 1779 περιὲποντος
898 1706 1013 1776 (69)
1043 1703 1134 1757 τὸν
1196 1701 1592 1776 ἁμαρτητικόν.
1639 1703 1762 1762 Πῶς
1816 1695 1874 1752 δὲ

1975 547 2154 603 aliam
2186 553 2406 616 autem,
2451 552 2515 603 ut
2543 547 2742 603 debito
2774 553 3058 621 purgetur
3108 550 3419 620 supplicio.
3473 553 3629 615 Quo-

1974 636 2151 692 modo
2183 641 2381 692 autem
2413 636 2526 692 hoc
2572 653 2776 693 verum
2808 643 2917 704 est,
2962 653 3097 693 cum
3128 637 3189 692 in
3221 642 3428 692 nostra
3459 644 3625 709 pote-

1977 731 2126 782 state
2160 727 2340 782 situm
2364 726 2441 780 sit
2461 726 2732 782 confiteri
2756 731 2814 782 et
2833 726 3057 798 puniri,
3080 730 3182 782 aut
3208 742 3328 780 non
3350 725 3377 780 ‘I
3397 725 3460 789 ᾧ
3483 728 3626 782 Nam

1977 815 2027 871 si
2059 815 2192 886 quis
2223 815 2545 888 negaverit,
2571 815 2769 887 quoad
2800 832 2938 872 eum
2965 815 3123 887 perit
3162 831 3252 882 ea,
3275 831 3406 885 qua)
3439 820 3529 870 est
3559 831 3629 870 ex

1977 903 2253 960 Basilidis
2283 905 2600 972 sententia,
2632 904 3023 976 providentia.
3049 903 3282 976 Rogabo
3323 920 3459 975 ergo
3491 919 3626 957 eum

1976 995 2049 1050 de
2075 994 2414 1050 confessore
2444 995 2507 1050 in
2540 994 2811 1050 custodia
2838 1000 3141 1062 manente,
3173 1000 3376 1049 utrum
3406 998 3627 1064 marty-

1976 1084 2132 1138 rium
2164 1085 2512 1156 patietur,et
2531 1084 2816 1156 punietur
2846 1101 2915 1138 ex
2945 1082 3335 1154 providentia,
3350 1099 3425 1138 an
3457 1099 3572 1137 non
3599 1081 3627 1135 ?

1978 1175 2123 1228 Nam
2155 1172 2204 1228 si
2233 1178 2430 1246 neget,
2461 1189 2583 1228 non
2612 1173 2895 1244 punietur
2926 1191 2940 1239 ;
2973 1172 3064 1228 sin
3097 1177 3290 1228 autem
3326 1177 3384 1226 et
3413 1172 3624 1238 exitus,

1978 1267 2038 1316 et
2066 1261 2226 1332 quod
2255 1279 2377 1317 non
2407 1267 2676 1333 oporteat
2704 1279 2844 1317 eum
2874 1261 3262 1334 puniri,dicet
3294 1277 3423 1316 esse
3452 1261 3629 1314 inter-

1978 1350 2127 1406 itum
2161 1352 2496 1421 eorum,qui
2530 1356 2670 1406 sunt
2700 1351 2992 1423 negatari,
3019 1367 3089 1404 ex
3110 1349 3503 1421 providentia,
3536 1349 3630 1402 in-

1978 1441 2131 1496 vitus
2162 1441 2513 1512 martyrium
2544 1441 2823 1511 patietur.
2857 1439 3162 1506 Quomodo
3195 1444 3394 1494 autem
3434 1439 3629 1494 adhuc

1978 1529 2041 1584 in
2100 1529 2264 1585 caelis
2321 1535 2647 1601 reponetur
2699 1529 3077 1602 gloriossima
3128 1545 3357 1584 merces
3423 1529 3498 1592 ei,
3531 1528 3632 1598 qui

1979 1620 2332 1691 martyrium
2389 1636 2600 1690 passus
2647 1619 2848 1686 fuerit,
2882 1623 3197 1689 propterea
3236 1617 3395 1688 quod
3451 1617 3632 1672 fuerit

1981 1713 2206 1780 martyr
2233 1708 2261 1762 ?
2291 1709 2392 1763 Sin
2421 1713 2621 1763 autem
2653 1725 2812 1772 eum,
2843 1707 2944 1777 qui
2995 1723 3241 1779 peccare
3271 1706 3475 1772 voluit,
3509 1722 3631 1760 non

209 1793 313 1849 οὐκ
341 1791 522 1864 ἄθεος,
565 1793 792 1862 θειάζων
829 1792 924 1865 μὶν
982 1791 1076 1846 τὸν
1136 1785 1420 1858 διάϐολον,
1471 1787 1760 1864 ἄνθρωπον
1813 1785 1871 1842 δὶ

1996 1797 2115 1852 sivit
2139 1797 2512 1869 providentia
2542 1796 2741 1852 venire
2771 1797 2846 1852 ad
2874 1797 3265 1868 peccandum,
3285 1796 3346 1850 in
3377 1800 3632 1864 utroque

208 1881 586 1957 ἁμαρτητικὸν
617 1879 906 1954 τολμήσας
938 1880 1108 1935 εἰπεῖν
1141 1878 1234 1934 τὸν
1287 1877 1482 1952 Κύριον
1525 1897 1538 1949 ;
1595 1876 1871 1952 Πεοράζων

1985 1893 2075 1942 est
2103 1887 2356 1957 injusta;
2392 1892 2452 1942 et
2480 1887 2639 1957 quod
2672 1903 2809 1942 eum
2840 1903 2962 1941 non
2991 1887 3223 1951 liberet,
3262 1886 3360 1956 qui
3396 1889 3635 1955 propter

205 1972 314 2047 γὰρ
364 1973 514 2044 ἡμᾶς
547 1971 574 2025 6
608 1965 894 2041 διάϐολος,
936 1967 1098 2030 εἰδὼς
1153 1969 1248 2040 μὲν
1281 1967 1311 2022 6'
1343 1966 1530 2040 ἐσμεν,
1561 1965 1667 2021 οὐκ
1716 1962 1876 2028 εἰδὼς

1996 1975 2276 2043 iustitiam
2304 1975 2558 2031 trahitur
2586 1975 2660 2030 ad
2691 1974 3139 2047 supplicium;et
3167 1975 3326 2045 quod
3357 1975 3631 2043 eum,qui

209 2059 271 2115 δὲ
303 2060 347 2114 εί
373 2060 780 2134 ὑπομενοῦμεν,
813 2057 960 2114 ἀλλά
1004 2057 1287 2114 ἀποσεῖσαι
1326 2063 1428 2127 τῆς
1459 2057 1692 2116 πίστεως
1723 2057 1873 2127 ἡμᾶς

223 2148 567 2225 βουλόμενος
601 2191 615 2216 ,
672 2147 762 2203 καὶ
822 2145 1115 2222 ὑπάγεσθαι
1173 2146 1348 2217 ἑαυτῷ
1399 2143 1688 2218 πειράζει·
1742 2144 1875 2216 ὅπερ

218 2237 314 2291 καὶ
377 2237 541 2310 μόνον
601 2235 983 2310 ἐπιτέτραπται
1043 2232 1212 2308 αὐτῷ,
1248 2232 1339 2288 διά
1387 2254 1447 2288 τε
1501 2234 1564 2288 τὸ
1618 2235 1766 2305 ἡμᾶς
1825 2231 1876 2302 ἐξ

183 2326 429 2380 ’ἑαυτῶν
490 2326 754 2395 σώζεσθαι
815 2321 948 2393 δεῖν,
1000 2322 1251 2402 ἀφορμάς
1303 2321 1450 2399 παρά
1493 2328 1596 2392 τῆς
1651 2319 1878 2390 ἐντολῆς

222 2413 542 2492 εἰληφότας,
577 2411 665 2468 διά
691 2435 750 2468 τε
777 2413 870 2468 τὸν
913 2411 1336 2487 καταισχυμμὸν
1384 2415 1482 2467 τοῦ
1522 2409 1879 2486 πειράσαντος

218 2505 311 2558 καὶ
351 2503 750 2578 ἀποτυχόντος,
784 2500 874 2557 διά
900 2523 960 2558 τε
999 2503 1099 2572 τήν
1132 2501 1556 2577 1ιῖσχ,υροποῖησιν
1605 2505 1714 2554 τῶν
1744 2499 1881 2554 κατά

220 2594 323 2662 τήν
372 2591 720 2664 Ἐκκλησίαν,
777 2590 866 2648 διά
910 2613 970 2648 τε
1021 2593 1122 2661 τήν
1154 2589 1462 2662 συνείδησιν
1511 2593 1620 2645 τῶν
1667 2591 1880 2660 θαυμα-

224 2683 399 2736 σάτων
440 2683 541 2750 τὴν
602 2683 908 2755 ὑπομονήν.
962 2681 1027 2734 Εἴ
1076 2677 1134 2735 δὲ
1180 2681 1243 2734 τό
1297 2678 1592 2755 μαρτύριον
1642 2676 1878 2732 ἀνταπό-

227 2767 376 2832 δοσις
409 2767 498 2825 διά
545 2769 847 2838 κολάσεως,
899 2769 988 2822 καὶ
1019 2769 1054 2836 ἡ
1109 2769 1290 2830 πίστις
1340 2768 1428 2821 καὶ
1462 2770 1497 2836 ἡ
1532 2763 1881 2837 διδασκαλία,

229 2859 396 2922 δι’ἂς
425 2862 488 2915 τὸ
551 2859 869 2934 μαρτύριον·
929 2858 1174 2932 συνεργοὶ
1237 2858 1342 2929 ἄρα
1398 2854 1552 2911 αὗται
1580 2855 1880 2927 κολάσεως,

229 2953 298 3021 ἧς
328 2950 410 3013 τίς
472 2950 528 3004 ἂν
591 2948 735 3020 ἄλλη
802 2948 1000 3022 μείζων
1051 2948 1357 3024 ἀπὲμιρασις
1396 2949 1652 3023 γένοιτο;
1707 2948 1885 3006 Ἀλλὰ

227 3041 363 3118 πρὸς
418 3039 511 3113 μὲν
543 3038 611 3094 τά
659 3036 908 3112 δόγματα
957 3040 1156 3108 ἐκεῖνα,
1208 3037 1254 3092 εἰ
1307 3041 1813 3110 μετενσωματοῦται
1845 3040 1880 3108 ἡ

231 3130 422 3204 ψυχὴ,
466 3127 556 3182 καὶ
614 3127 738 3202 περὶ
794 3131 893 3182 τοῦ
952 3122 1217 3181 διαϐόλου
1272 3127 1410 3181 κατά
1459 3125 1586 3189 τοὺς
1645 3126 1882 3191 οἰκείους

230 3191 563 3292 λεί-θήσεται
619 3191 843 3290 καιροὺς
878 3236 890 3252 ·
950 3215 1065 3272 νυνὶ
1135 3213 1193 3270 δὶ
1248 3221 1365 3279 τοῖς
1426 3214 1738 3290 εἰρημένοις
1787 3216 1879 3271 καὶ
1911 3191 1955 3256 C

231 3306 400 3361 ταῦτα
430 3306 783 3380 προσθωμεψ
832 3309 941 3360 [Ιοῦ
990 3303 1066 3359 ἔτι
1115 3309 1226 3377 (70)
1275 3307 1310 3374 ἠ
1363 3305 1569 3373 πίστις,
1613 3304 1750 3359 κατά
1794 3305 1888 3359 ἀν-

227 3389 524 3450 ταπόδοσιν
555 3397 662 3448 τῶν
716 3391 1228 3468 προημαρτημένων
1260 3397 1356 3448 τοῦ
1411 3391 1710 3468 μαρτυρίου
1738 3414 1890 3470 γινο-

237 3485 445 3558 μένους
499 3487 610 3538 Ποῦ
655 3480 713 3538 δὲ
754 3485 790 3554 ἡ
841 3484 1021 3559 ἀγάπη
1067 3485 1102 3552 ἡ
1137 3483 1273 3557 πρὸς
1329 3483 1421 3538 τὸν
1469 3483 1622 3554 Θεὸν,
1657 3479 1747 3537 διὰ
1786 3483 1886 3552 τήν

232 3573 492 3644 ἀληθειαν
524 3569 836 3644 διωκομένη
887 3572 981 3626 καὶ
1013 3572 1356 3643 ὑπομένουσα
1387 3593 1401 3642 ;
1439 3575 1550 3626 Ποῦ
1580 3568 1638 3626 δὲ
1666 3569 1888 3634 ἔπαινος

233 3661 708 3738 ὁμολογήσαντος,
747 3661 782 3730 ἢ
817 3661 990 3736 ψόγος
1032 3659 1446 3736 ἀρνησαμένου;
1479 3660 1578 3724 Εἷς
1607 3661 1660 3716 τί
1710 3659 1768 3717 δὲ
1811 3656 1889 3716 ἔτι

232 3752 488 3829 χρησίμη
539 3755 574 3822 ἡ
623 3749 879 3806 πολιτεία
908 3751 944 3821 ἢ
973 3751 1132 3824 ὀρθὴ,
1177 3750 1238 3805 τὸ
1268 3754 1532 3827 νεκρῶσαι
1561 3750 1656 3812 τάς
1705 3750 1891 3814 ἐπιθυ-

237 3843 388 3916 μίας,
424 3843 513 3898 καὶ
574 3837 742 3911 μηδὲν
790 3844 900 3895 τῶν
948 3838 1259 3912 κτισμάτων
1319 3843 1540 3912 μισεῖνς
1591 3838 1656 3894 Ei
1704 3837 1780 3912 δὲ,
1815 3841 1890 3902 ὡς

235 3931 398 3992 αὐτός
443 3952 605 4008 φησιν
658 3931 686 3985 6
718 3927 1062 4001 Βασιλείδης,
1093 3925 1149 3984 ἓν
1185 3929 1350 4004 μέρος
1401 3927 1461 3982 ἐκ
1507 3933 1602 3983 τοῦ
1661 3927 1894 4002 λεγομὲ-

234 4039 330 4074 νου
361 4018 681 4094 θελήματος
723 4021 820 4074 τοῦ
863 4022 996 4074 Θεοῦ
1049 4015 1451 4096 ὑπειλήφαμεν,
1503 4041 1530 4069 ‹‹
1563 4018 1625 4072 τὸ
1672 4019 1896 4093 ἠγαπη-

235 4108 383 4162 κέναι
435 4108 660 4178 ἅπαντα,
718 4132 746 4160 ‹‹
780 4105 863 4164 ὅτι
913 4108 1077 4182 λόγον
1120 4107 1464 4176 άποσώζουσι
1514 4106 1651 4178 πρὸς
1697 4105 1760 4161 τὸ
1788 4110 1892 4161 πᾶν

239 4197 465 4251 ἅπαντα’
516 4193 700 4272 ἕτερον
755 4195 854 4264 δὲ,
919 4196 1036 4250 ιτὸ
1092 4191 1326 4268 μηδενὸς
1384 4195 1690 4268 ἐπιθυμεῖν·
1727 4220 1748 4246 ι
1803 4194 1894 4250 καὶ

234 4285 440 4359 τρίτον,
474 4309 502 4335 ‹‹
540 4288 714 4356 μισεῖν
761 4281 904 4356 μηδὲ
951 4280 1028 4354 ἔν,
1098 4306 1120 4333 ε
1156 4283 1424 4356 θελήματι
1477 4289 1574 4339 τοῦ
1627 4287 1760 4338 Θεοῦ
1806 4283 1896 4338 καὶ

237 4372 492 4435 κολάσεις
525 4367 756 4427 ἔσονται·
818 4373 952 4447 ὅπερ
1008 4368 1197 4434 ἀσεϐὲς
1255 4372 1480 4429 ἐννοεῖν.
1539 4370 1678 4430 Οὔτε
1732 4374 1834 4448 γάρ
1867 4375 1896 4428 6

242 4461 446 4536 Κύριος
472 4460 745 4534 θελήματι
802 4454 966 4515 ἕπατε
1021 4464 1119 4515 τοῦ
1176 4462 1413 4533 Πατρὸς,
1448 4459 1562 4516 οὗθ’
1621 4463 1672 4517 οἱ
1705 4461 1898 4517 διωκόο

1985 2065 2218 2120 volebat
2247 2065 2530 2136 injuriam
2561 2063 2778 2134 facere,
2810 2063 3180 2129 liberaverit;
3201 2081 3336 2120 cum
3369 2064 3470 2119 ille
3503 2063 3636 2134 qui-

1986 2153 2123 2209 dem
2151 2154 2701 2227 fecerit,propterea
2730 2154 2890 2225 quod
2919 2154 3124 2221 voluit;
3149 2155 3280 2210 haac
3320 2172 3454 2209 vero
3487 2171 3634 2224 opus

1986 2243 2443 2314 prohibuerit,et
2473 2259 2594 2297 non
2618 2243 2757 2313 jure
2791 2243 2842 2297 ei
2879 2242 3092 2310 faveat,
3126 2244 3226 2313 qui
3262 2259 3507 2314 peccare
3541 2259 3643 2296 vo-

1979 2331 2479 2397 ,lebat.Quomodo
2511 2335 2709 2385 autem
2732 2347 2854 2384 non
2883 2335 2973 2384 est
2993 2347 3127 2385 vere
3151 2331 3369 2401 impius
3390 2335 3450 2384 et
3469 2346 3503 2384 a
3522 2331 3640 2384 Deo

1987 2420 2352 2490 alienus,qui
2383 2418 2687 2474 diabolum
2718 2417 2962 2488 quidem
2993 2419 3055 2472 in
3088 2417 3229 2473 deos
3260 2418 3505 2480 referat;
3533 2418 3642 2470 ho-

1989 2508 2214 2563 minem
2243 2513 2442 2562 autem
2473 2513 2715 2578 peccato
2747 2506 3072 2561 obnoxium
3112 2523 3294 2561 ausus
3327 2512 3416 2560 est
3445 2506 3640 2560 dicere

1989 2596 2309 2651 Dominum
2331 2595 2358 2650 ?
2385 2597 2501 2650 Nos
2533 2595 2693 2649 enim
2743 2599 2929 2650 tentat
2954 2594 3246 2662 diabolus,
3281 2595 3474 2650 sciens
3508 2595 3642 2664 qui-

1991 2687 2127 2740 dem
2158 2686 2366 2757 quales
2398 2686 2908 2753 sumus,nesciens
2928 2691 3126 2742 autem
3149 2691 3346 2740 utrum
3371 2704 3640 2757 perseve-

1989 2775 2176 2831 raturi
2210 2775 2627 2830 simuszverum
2659 2791 2768 2830 nos
2801 2792 2836 2831 a
2865 2775 2980 2830 ﬁde
3012 2780 3287 2831 excutere
3309 2766 3641 2846 cupit,etin

1993 2881 2161 2920 suam
2193 2868 2550 2935 potestatem
2581 2863 2847 2937 redigere
2883 2865 3259 2931 tentat.Quod
3283 2864 3525 2935 quidem
3549 2881 3646 2919 so-

1991 2953 2116 3008 lum
2150 2958 2240 3007 est
2270 2953 2324 3007 ei
2355 2953 2736 3025 permissum,
2770 2953 2987 3024 partim
3020 2954 3181 3025 quod
3229 2970 3338 3008 nos
3372 2971 3441 3008 ex
3472 2953 3643 3008 nobis

1993 3042 2140 3113 ipsis
2166 3042 2356 3097 salvos
2389 3059 2520 3098 esse
2553 3043 3201 3114 Oporteat,occasiones
3233 3060 3302 3098 ex
3331 3043 3644 3114 praeceptis

1993 3131 2597 3203 accipienteszpartim
2630 3136 2694 3186 ut
2726 3136 3003 3199 tentator,
3031 3149 3133 3204 spe
3167 3149 3272 3187 sua
3301 3133 3640 3200 frustratus,

1993 3225 2202 3293 putore
2236 3220 2632 3286 sull‘undatur;
2653 3225 2712 3275 et
2739 3221 2955 3292 partim
2987 3226 3230 3292 propter
3261 3237 3467 3276 eorum
3501 3238 3644 3278 con-

1995 3309 2528 3380 ﬁrmationem,qui
2562 3314 2702 3365 sunt
2729 3310 2791 3364 in
2825 3309 3108 3376 Ecclesia;
3135 3315 3194 3364 et
3219 3309 3478 3380 denique
3509 3328 3645 3380 pro-

1995 3406 2127 3472 pter
2158 3415 2363 3455 eorum
2395 3399 2845 3466 conscientiam,
2879 3399 2980 3470 qui
3013 3403 3341 3470 martyrum
3367 3405 3642 3454 constan-

1997 3491 2140 3544 tiam
2159 3489 2436 3546 admirati
2470 3496 2629 3545 sunt.
2668 3490 2724 3544 Si
2758 3494 2955 3544 autem
2984 3490 3333 3561 martyrium
3367 3493 3455 3542 est
3474 3488 3644 3542 retri-

1996 3577 2160 3633 butio
2191 3595 2298 3649 per
2327 3578 2708 3649 supplicium,
2737 3583 2796 3632 et
2825 3576 2975 3632 ﬁdes
3003 3594 3238 3648 quoque
3275 3583 3334 3631 et
3355 3577 3642 3644 doctrina,

1997 3683 2103 3738 per
2120 3683 2269 3736 quas
2291 3671 2381 3721 est
2400 3667 2773 3736 martyrium.
2801 3665 2947 3720 Sunt
2959 3682 3094 3738 ergo
3117 3666 3207 3720 hae
3225 3682 3461 3737 quoque
3485 3665 3652 3736 adju-

1998 3755 2174 3810 trices
2219 3755 2515 3826 snpplicii,
2567 3770 2684 3824 quo
2737 3753 3024 3824 quidnam
3073 3755 3234 3810 aliud
3283 3755 3472 3826 possit
3518 3770 3647 3809 esse

1999 3843 2313 3899 absurdius
2333 3843 2361 3898 ‘I
2391 3842 2494 3898 sed
2526 3842 2601 3898 ad
2633 3842 2738 3898 illa
2758 3842 3004 3914 quidem
3037 3843 3333 3916 dogmata,
3369 3860 3443 3898 an
3476 3860 3647 3898 acor-

1999 3931 2243 4004 poribus
2275 3931 2334 3986 in
2367 3947 2615 4003 corpora
2655 3931 2869 4004 migret
2910 3933 3131 3999 anima,
3163 3938 3221 3987 et
3271 3931 3342 3986 de
3387 3932 3647 4000 diabolo,

2001 4021 2232 4076 dicetur
2261 4037 2366 4075 suo
2399 4026 2686 4091 tempore.
2721 4021 2885 4076 Nunc
2915 4027 3112 4076 autem
3164 4021 3257 4089 iis,
3310 4037 3441 4090 quae
3491 4020 3648 4076 dicta

2004 4115 2166 4178 sunt,
2199 4109 2326 4165 haac
2350 4126 2586 4180 quoque
2603 4109 2955 4181 adjiciamus
2981 4126 2994 4164 :
3020 4110 3124 4165 Ubi
3147 4115 3238 4164 est
3258 4109 3452 4165 adhuc
3475 4109 3644 4175 ﬁdes,

2005 4199 2053 4254 si
2071 4215 2176 4270 pro
2192 4198 2428 4254 luendis
2444 4199 2634 4270 pomis
2651 4215 2878 4267 eorum,
2899 4215 3030 4270 quae
3045 4199 3212 4269 prius
3230 4203 3470 4270 peccata
3489 4203 3648 4266 sunt,

2007 4287 2289 4342 subeatur
2313 4287 2712 4358 martyrium?
2743 4287 2852 4342 Ubi
2903 4293 2994 4343 est
3040 4293 3239 4343 autem
3283 4288 3540 4342 Charitas
3589 4287 3652 4340 in

2006 4377 2351 4446 Deum,quee
2369 4381 2612 4447 propter
2623 4377 2928 4432 veritatem
2943 4377 3418 4448 persecutionem
3438 4375 3659 4446 patitur

2007 4471 2064 4519 et
2093 4464 2399 4520 sustinet?
2426 4465 2534 4519 Ubi
2562 4470 2651 4520 est
2679 4471 2877 4520 autem
2908 4465 3040 4521 laus
3063 4467 3190 4538 ejus
3217 4466 3319 4536 qui
3351 4466 3659 4520 confessus

244 4571 397 4625 μενοι
435 4549 697 4625 βουλήσει
727 4554 823 4605 τοῦ
850 4554 984 4604 Θεοῦ
1017 4547 1327 4605 διώκονται·
1380 4549 1495 4606 ἐπεὶ
1557 4548 1699 4606 δυεῖν
1748 4553 1885 4615 θάτε·

2012 4559 2119 4620 est,
2155 4558 2257 4608 ant
2286 4554 2637 4625 vituperatio
2670 4555 2799 4625 ejus
2828 4555 2929 4625 qui
2975 4554 3332 4627 abnegavit?
3378 4554 3465 4609 Ad
3515 4553 3659 4623 quid

241 4661 360 4716 ρον,
393 4638 427 4708 ἢ
460 4637 627 4695 καλόν
657 4660 715 4695 τε
741 4637 888 4696 ἔσται
918 4637 1164 4714 διωγμὸς
1215 4636 1305 4694 διὰ
1351 4641 1449 4709 τὴν
1510 4639 1774 4714 βούλησιν
1803 4644 1902 4696 τοῦ

249 4732 474 4801 Θεοῦ,ἢ
508 4731 682 4796 ἀθῶοι
742 4731 794 4786 οἱ
849 4728 1167 4792 διατιθέντες
1223 4731 1312 4784 καὶ
1371 4726 1670 4794 θλίϐοντες.
1728 4731 1905 4788 Ἀλλὰ

249 4820 358 4894 μὴν
393 4817 546 4874 οὐδὲν
581 4816 705 4875 ἄνευ
737 4816 1050 4892 θελήματος
1080 4824 1181 4875 τοῦ
1208 4819 1406 4894 Κυρίου
1433 4825 1542 4875 τῶν
1579 4819 1746 4877 ὅλων.
1779 4819 1904 4875 Λεί-

244 4929 402 4964 πεται
439 4906 507 4978 δὴ
539 4911 824 4981 συντόμως
875 4909 1035 4986 φάναι
1065 4909 1134 4964 τὰ
1179 4913 1405 4964 τοιαῦτα
1453 4904 1768 4982 συμϐαίνειν
1825 4910 1900 4981 μή

250 4995 600 5059 κωλύσαντος
641 4999 753 5070 (71)
806 5000 903 5051 τοῦ
961 5001 1118 5052 Θεοῦ’
1175 5001 1337 5052 τοῦτο
1365 4998 1466 5072 γάρ
1524 4999 1689 5071 μόνον
1741 4998 1905 5067 σώζει

246 5087 338 5143 καὶ
368 5088 469 5156 τήν
499 5085 759 5160 πρόνοιαν
792 5085 884 5140 καὶ
918 5086 1018 5154 τήν
1051 5085 1360 5161 ἀγαθότητα
1387 5090 1484 5141 τοῦ
1514 5089 1669 5142 Θεοῦ.
1720 5086 1799 5144 Οὐ
1841 5087 1904 5141 τὸ

312 5230 376 5295 ᾖ(
407 5233 470 5285 Ρ.
503 5232 599 5284 601
637 5230 748 5283 ED.
782 5228 1078 5296 POTTER,
1111 5230 1213 5283 507
1244 5231 1356 5284 ΕΙ).
1381 5230 1611 5284 PARIS.

335 5386 445 5458 (767)
473 5383 981 5458 ’Ep5i._Hoc_ferri
1014 5387 1228 5458 potest,
1259 5387 1326 5437 ut
1369 5382 1570 5458 paulo,
1612 5398 1810 5458 supra.
1856 5384 1910 5438 Si

1179 5471 1285 5524 per
1314 5471 1412 5509 ma
1440 5454 1601 5509 licet.
1636 5454 1911 5511 SYLBURG'

329 5530 439 5597 (68)
468 5527 536 5584 Εἰ
569 5525 627 5580 δὲ
668 5526 781 5581 καὶ.
818 5567 833 5582 .
870 5567 884 5581 .
914 5526 1418 5598 προσμαρτυρήσει.
1469 5526 1559 5598 Ad
1590 5525 1746 5598 hanc
1777 5544 1911 5582 sen-

260 5457 392 5526 quis
422 5453 622 5526 tamen
650 5453 912 5524 ἐρωτήσει
948 5453 1138 5520 malit,

264 5596 515 5653 tentiam
547 5596 966 5671 complendam
986 5597 1214 5671 aliquid
1235 5596 1564 5671 desiderari
1594 5597 1842 5671 videtur.

335 5670 448 5753 (69)
505 5666 874 5753 Περιὲποντος
908 5713 922 5727 .
985 5666 1384 5753 ξΙερῖεπούσης,
1440 5673 1508 5723 ut
1563 5666 1914 5741 κωλυσάσης,

266 5739 350 5796 ad
370 5739 632 5815 προνοίας
662 5742 881 5798 melius
911 5739 1121 5798 referri
1163 5746 1385 5814 posset.

2012 4648 2210 4698 autem
2243 4648 2330 4698 est
2360 4643 2552 4698 adhuc
2578 4643 2743 4698 utilis
2772 4649 2936 4699 recta
2964 4644 3095 4698 vitae
3127 4643 3440 4710 institutio,
3471 4648 3660 4697 morte

2012 4734 2249 4790 afﬁcere
2269 4732 2645 4803 cupiditates,
2666 4738 2724 4787 et
2743 4732 2974 4788 nullam
2992 4733 3187 4789 odisse
3209 4737 3541 4788 creaturam
3558 4733 3585 4787 ?
3604 4733 3661 4787 Si

2013 4827 2231 4886 autem,
2257 4828 2325 4876 ut
2345 4821 2471 4892 ipse
2495 4820 2637 4875 dicit
2659 4821 2964 4888 Basilides,
2990 4838 3166 4876 unam
3191 4827 3422 4893 partem
3445 4841 3513 4876 ex
3537 4823 3659 4889 Dei,

2014 4927 2144 4980 quas
2172 4909 2409 4977 dicitur,
2442 4908 2744 4964 voluntate
2787 4909 3178 4965 existimanus
3229 4934 3255 4961 ‹‹
3285 4912 3486 4966 omnia
3534 4912 3666 4965 dili-

2013 5017 2170 5073 gere,
2197 5021 2223 5048 »
2251 5000 2408 5071 quod
2431 5000 2632 5054 omnia
2652 4999 2946 5054 rationem
2970 5015 3037 5055 ac
3060 5003 3500 5073 praportionem
3528 5019 3664 5056 con-

2015 5094 2251 5145 servent
2279 5087 2354 5144 ad
2396 5088 2780 5155 universum;
2813 5087 3064 5144 alteram
3094 5095 3318 5157 autem,
3348 5101 3411 5165 ›χ‹
3440 5114 3466 5141 ‹‹
3515 5090 3667 5144 nihil

1695 5228 1758 5293 ἄ(
1786 5231 1850 5286 Ρ.
1882 5232 1987 5285 602
2015 5231 2128 5287 ED.
2163 5230 2458 5298 POTTER,
2480 5232 2584 5285 508
2615 5231 2728 5288 ΕΒ.
2756 5231 2987 5287 PABIS.

2098 5383 2212 5455 ('70)
2242 5383 2384 5438 "En.
2411 5383 2564 5458 ’Ἔτι
2595 5385 2786 5458 __ea__vi
2828 5401 2895 5441 ac
2949 5390 3239 5458 potestate
3281 5391 3670 5458 usurpatum,

2029 5451 2148 5532 qua
2177 5471 2334 5522 mox,
2382 5452 2460 5515 εῗς
2490 5454 2542 5509 τί
2592 5451 2648 5509 δὲ
2699 5452 2774 5510 ἔτι
2810 5451 3064 5532 χρησίμη
3117 5459 3151 5525 ἡ
3204 5451 3513 5526 πολιτεία-ἡ
3553 5451 3670 5530 όρθξ

2028 5527 2301 5582 Sanunc.

2099 5599 2212 5666 (71)
2252 5596 2344 5664 Μὴ
2392 5594 2764 5661 κωλύσαντος.
2817 5601 2981 5656 Conf.
3031 5615 3162 5670 qum
3208 5601 3481 5670 superius
3531 5601 3680 5655 dixit

2030 5675 2236 5727 auctor
2258 5670 2507 5742 Strom.1,
2539 5689 2596 5744 p.
2630 5673 2755 5740 367,
2783 5675 2906 5728 368.
