4004 6144
405 244 548 302 1295

1642 243 2052 297 CLEMENTIB
2086 241 2589 296 ALEXANDBINI

3699 241 3857 298 1296

404 374 832 445 concupiscere
858 389 871 439 ;
903 394 931 421 »
965 377 1022 425 et
1040 371 1296 436 tertiam,
1321 392 1347 420 ‹‹
1376 369 1528 424 nihil
1547 368 1778 435 odisse;
1807 390 1834 418 »
1863 367 2063 422 volun-

2177 365 2405 442 ἐνεργεῖν
2430 365 2609 421 τοίνυν
2666 367 2826 422 αὐτὸν
2881 369 2977 430 τὰς
3008 367 3227 441 θλὲψεις
3277 366 3479 422 οἴεσθαι
3538 370 3690 443 χρῆο
3734 370 3850 440 (μή

405 469 524 521 tate
557 464 659 519 Dei
693 468 867 517 erunt
897 462 1075 516 etiam
1103 459 1432 531 supplicia:
1469 459 1626 529 quod
1675 457 1914 530 quidem
1946 458 2059 511 im-

409 553 574 625 pium
609 559 699 607 est
727 551 1006 622 cogitare.
1034 551 1232 619 Neque
1255 550 1412 603 enim
1435 549 1720 603 Dominus
1743 564 1951 619 passus
1974 551 2064 600 est

407 641 709 696 voluntate
739 640 952 702 Patris,
978 655 1086 693 nec
1109 639 1210 709 qui
1235 638 1544 708 patiuntur
1560 637 2061 708 persecutionem,

409 747 539 784 eam
571 730 674 784 Dei
705 728 1004 783 voluntate
1038 728 1361 798 patiuntur.
1399 729 1541 781 Nam
1561 744 1631 781 ex
1661 725 1892 780 duobus
1915 725 2065 779 alte-

407 834 541 874 rum
569 835 580 871 :
615 824 716 873 aut
740 819 963 872 bonum
991 815 1134 887 quid
1167 817 1279 870 erit
1308 816 1662 886 persecutio,
1687 821 1929 886 propter
1960 813 2062 868 Dei

411 907 799 972 voluntatem,
833 913 934 961 aut
965 910 1140 960 erunt
1170 906 1436 960 insontes
1487 904 1587 975 qui
1623 904 1954 958 decernunt
2008 907 2062 956 et

408 994 820 1068 afﬂiguntSed
853 1001 1050 1050 tamen
1083 994 1232 1048 nihil
1267 994 1333 1048 fit
1355 993 1484 1048 sine
1506 992 1804 1047 voluntate
1827 989 2063 1045 Domini

411 1086 1056 1141 universorum.Restat
1086 1083 1380 1152 itaque,ut
1400 1081 1657 1136 breviter
1677 1081 2061 1148 dicamus,ea,

412 1192 544 1246 quas
575 1171 1098 1244 sunthujusmodi,
1125 1171 1383 1236 evenire,
1406 1173 1526 1226 Deo
1545 1188 1665 1226 non
1688 1169 2061 1241 prohibente.

413 1266 533 1320 Hoc
546 1264 705 1319 enim
723 1262 918 1317 solum
932 1266 1123 1316 servat
1137 1265 1195 1315 et
1210 1259 1642 1331 providentiam
1665 1265 1724 1313 et
1737 1259 2064 1313 bonitatem

413 1353 538 1408 Dei.
572 1353 698 1407 Non
727 1356 817 1406 est
854 1366 992 1422 ergo
1042 1349 1524 1416 existimandum,
1579 1364 1715 1403 eum
1765 1345 2066 1418 operando

417 1441 657 1497 efﬁcere
689 1438 1044 1494 aftlictiones
1075 1438 1256 1506 (absit
1285 1437 1550 1502 enim,ut
1580 1437 1690 1491 hoc
1719 1435 1809 1490 vel
1839 1435 2065 1507 cogite-

412 1533 588 1601 mus),
609 1529 712 1584 sed
736 1545 856 1583 non
879 1526 1195 1599 prohibere
1222 1543 1344 1594 eos,
1370 1527 1471 1597 qui
1494 1542 1593 1580 eas
1617 1525 1904 1590 efﬁciunt,
1931 1539 2067 1594 per-

413 1634 654 1674 suasum
689 1617 906 1672 habere
939 1615 1234 1684 convenit,
1266 1615 1543 1686 quodque
1591 1614 2062 1670 adversariorum

2166 454 2267 530 γᾶρ
2295 454 2376 525 εἷή
2408 461 2571 512 τοῦτο
2603 456 2801 512 ἐννοεῖν
2840 459 2883 530 ι)
2909 457 3055 513 ἀλλὰ
3088 461 3164 532 μή
3205 457 3439 513 κωλύειν
3491 457 3626 519 τοὺς
3683 457 3856 530 ἐνερ-

2166 548 2414 620 γοῦντας,
2449 551 2732 610 πεπεῖσθαι
2762 553 3061 619 προσῆκεν,
3094 545 3475 622 καταχρῆσθαί
3523 567 3586 602 τε
3615 546 3707 608 εἷς
3741 567 3852 600 κα-

2170 631 2265 689 λὸν
2297 640 2415 696 τοῖς
2453 639 2560 689 τῶν
2603 636 2840 690 ἐναντίον
2888 638 3268 709 τοΑμήμασινι
3324 660 3352 687 ι‹
3387 633 3618 699 Καθελῶ
3671 640 3850 710 γοῦν,

2169 723 2326 800 φησὶ,
2356 725 2448 778 τόν
2470 731 2669 800 τοῖχον
2701 731 2837 799 (72),
2890 725 2980 780 καὶ
3030 722 3179 780 ἔσται
3235 724 3312 789 εἷς
3361 724 3774 798 κατωτάτημα·
3819 749 3852 775 ιο

2168 809 2519 880 παιδευτικῆς
2569 815 2772 888 τέχνης
2827 821 2926 883 τῆς
2984 813 3169 870 τοιάδε
3221 813 3388 883 αὐτῆς
3464 811 3634 885 οὔσης
3696 835 3853 889 προ-

2168 901 2316 962 νοίας
2348 904 2482 974 (73)·
2527 901 2612 957 ἐπὶ
2652 905 2745 976 μὲν
2803 907 2910 956 τῶν
2965 901 3148 958 ἄλλων
3185 900 3274 958 διὰ
3301 904 3398 968 τὰς
3456 903 3671 964 οῗκείας
3708 903 3852 958 ἑκά-

2169 1011 2297 1044 στου
2326 991 2614 1064 ἁμαρτίας,
2649 990 2737 1046 ἐπὶ
2787 989 2846 1046 δὲ
2897 997 2995 1047 τοῦ
3049 991 3256 1068 Κυρίου
3286 994 3377 1047 καὶ
3434 997 3547 1047 τῶν
3579 991 3849 1046 ἀποστό-

2171 1075 2285 1132 λων
2343 1078 2432 1134 διὰ
2484 1080 2581 1137 τὰς
2633 1082 2816 1152 ἡμῶν.
2872 1081 3078 1138 Αὐτίκα
3137 1083 3165 1136 6
3223 1083 3368 1144 θεῖος
3428 1079 3840 1140 ’Λπόστολος’

2171 1192 2200 1219 ‹‹
2231 1172 2402 1222 Τοῦτο
2431 1169 2533 1244 γὰρ
2563 1167 2760 1225 ἔστιτὸ
2791 1170 2904 1244 (74)
2942 1169 3160 1244 θὲλημα
3207 1174 3305 1225 τοῦ
3349 1173 3505 1239 Θεοῦ,
3552 1193 3578 1220 υ
3631 1168 3839 1247 φησὶν,

2172 1282 2199 1308 ‹‹
2234 1259 2262 1312 6
2292 1259 2561 1333 ἁγιασμὸς
2596 1260 2772 1331 ὑμῶν,
2827 1258 3123 1335 ἀπέχεσθαι
3156 1257 3299 1332 ύμᾶς
3356 1259 3463 1313 ἀπὸ
3516 1265 3621 1327 τῆς
3677 1277 3837 1332 πορ-

2169 1350 2335 1417 νείας,
2389 1345 2587 1403 εἰδέναι
2634 1345 2855 1404 ἕκαστον
2899 1350 3051 1422 ὑμῶν
3095 1349 3158 1404 τὸ
3204 1349 3398 1404 ἑαυτοῦ
3447 1352 3641 1409 σκεῦος
3686 1351 3836 1402 κτᾶ-

2169 1438 2290 1492 σθαι
2323 1437 2376 1493 ἐν
2408 1439 2664 1512 ἁγιασμῷ
2713 1439 2806 1493 καί
2850 1441 3012 1512 τιμῇ,
3075 1439 3151 1510 μὴ
3203 1436 3254 1492 ἐν
3295 1437 3454 1500 πάθει
3501 1435 3835 1509 ἐπιθυμίας,

2168 1528 2410 1601 καθάπερ
2439 1526 2528 1581 καὶ
2559 1527 2625 1582 τὰ
2655 1525 2805 1597 ἔθνη,
2845 1527 2912 1581 τὰ
2961 1528 3036 1599 μὴ
3069 1523 3251 1581 εἰδότα
3303 1526 3394 1580 τὸν
3457 1524 3657 1600 Κύριον
3691 1529 3838 1597 (75)·

2169 1617 2232 1671 τὸ
2265 1618 2341 1689 μή
2403 1612 2744 1693 ὑπερϐαίνειν
2797 1618 2886 1671 καὶ
2919 1621 3265 1672 πλεονεκτεῖν
3320 1614 3372 1670 ἐν
3416 1619 3494 1686 τῷ
3543 1614 3838 1690 πράγματι

410 1707 776 1765 facinoribus
806 1711 1006 1762 utatur
1030 1706 1104 1761 ad
1149 1705 1373 1760 bonum
1421 1723 1493 1760 ex
1540 1706 1612 1760 iis
1663 1704 2059 1760 eliciendum:

2174 1705 2264 1760 τόν
2297 1703 2528 1784 ἀδελφὸν
2560 1705 2744 1779 αύτοῦ,
2790 1703 2926 1760 διότι
2973 1701 3184 1767 ἔκδικος
3215 1706 3244 1759 6
3275 1711 3470 1779 Κυριος
3525 1704 3656 1777 περὶ
3688 1703 3841 1757 πάν-

417 1821 447 1851 «
474 1800 811 1864 Destruam,
839 1797 1054 1867 inquit,
1077 1812 1336 1865 murum,
1361 1802 1420 1850 et
1448 1796 1562 1851 erit
1586 1796 1647 1850 in
1668 1794 2065 1850 conculcatio-

417 1904 556 1945 nem
579 1889 691 1960 (a):
725 1910 754 1938 »
789 1887 941 1943 218
975 1887 1127 1941 solet
1155 1887 1315 1940 enim
1360 1887 1470 1940 hac
1500 1892 1626 1940 arte
1674 1902 1784 1939 nos
1833 1883 2068 1938 erudire

421 1975 830 2048 providentia:
863 1975 924 2029 in
956 1974 1090 2029 aliis
1122 1974 1364 2043 quidem
1395 1979 1639 2044 propter
1659 1989 1764 2027 sua
1785 1973 2070 2026 uniuscu-

418 2065 639 2136 jusque
689 2070 967 2136 peccata;
1020 2064 1083 2116 in
1133 2062 1382 2116 Domino
1432 2068 1630 2116 autem
1680 2067 1738 2115 et
1783 2060 2070 2131 apostolis

423 2161 666 2226 propter
694 2161 916 2210 nostra.
939 2155 1065 2209 Jam
1087 2169 1221 2207 vero
1248 2153 1480 2207 divinus
1503 2151 1818 2223 Apostolus
1845 2167 1857 2204 :
1887 2173 1913 2201 «
1935 2151 2069 2205 Haec

424 2245 585 2302 enim
614 2252 720 2310 est,
755 2245 970 2316 inquit,
1004 2245 1105 2298 Dei
1129 2243 1417 2310 voluntas,
1445 2242 1832 2298 sanctiﬁcatio
1855 2247 2068 2309 vestra,

421 2341 488 2391 ut
515 2353 616 2391 vos
649 2334 966 2391 abtineatis
995 2349 1030 2388 a
1058 2332 1472 2399 fornicatione,
1496 2339 1556 2386 et
1581 2331 1729 2386 sciat
1747 2330 2071 2402 unusquis-

420 2443 535 2496 que
565 2431 826 2480 vestrum
857 2439 956 2477 vas
983 2438 1156 2477 suum
1178 2420 1484 2492 possidere
1516 2422 1577 2475 in
1602 2420 2068 2476 sanctiﬁcatione

417 2520 477 2571 et
505 2515 753 2581 honore,
781 2528 905 2566 non
927 2510 988 2564 in
1019 2510 1332 2564 affectione
1363 2509 1726 2580 cupiditatis,
1751 2509 1905 2564 sicut
1927 2525 2071 2580 gen-

417 2609 526 2672 tes,
551 2621 681 2675 quaa
713 2618 832 2657 non
863 2605 1085 2655 norunt
1106 2600 1421 2654 Dominum
1448 2617 1461 2667 ;
1496 2604 1553 2653 et
1579 2615 1700 2653 non
1733 2604 2066 2670 exsuperet,

417 2698 476 2749 et
513 2709 620 2765 per
650 2691 958 2747 avaritiam
987 2688 1438 2744 circumscribat
1468 2688 1529 2741 in
1560 2689 1792 2760 negotio
1824 2688 2068 2742 fratrem

418 2799 615 2849 suum,
648 2779 931 2852 quoniam
961 2777 1175 2832 vindex
1215 2783 1305 2831 est
1334 2777 1620 2830 Dominus
1668 2777 1880 2830 horum
1930 2793 2065 2831 om-

417 2871 587 2926 nium
614 2887 626 2937 ;
661 2869 815 2923 sicut
847 2866 1023 2920 etiam
1059 2865 1222 2919 vobis
1252 2865 1638 2935 praediximus
1681 2870 1740 2918 et
1767 2864 2066 2919 testiﬁcati

419 2973 644 3013 sumus.
667 2957 791 3010 Non
815 2955 975 3008 enim
997 2953 1222 3008 vocavit
1240 2969 1349 3007 nos
1372 2953 1526 3006 Deus
1545 2959 1788 3023 propter
1808 2953 2069 3007 immuno

2172 1815 2280 1848 των
2311 1794 2543 1850 τούτων’
2601 1796 2782 1859 καθὼς
2837 1795 2927 1850 καὶ
2984 1792 3320 1867 προείπομεν
3383 1793 3532 1865 ὑμῖν,
3589 1792 3685 1847 καὶ
3716 1789 3840 1847 διε-

2179 1885 2586 1957 μαρτυράμεθα.
2620 1883 2696 1941 Οί)
2727 1883 2826 1958 γὰρ
2877 1881 3124 1938 ἐκάλεσεν
3171 1885 3321 1955 ἡμᾶς
3348 1883 3376 1937 6
3408 1881 3540 1943 Θεὸς
3571 1879 3661 1936 ἐπὶ
3694 1880 3841 1935 ἀκα-

2176 1971 2389 2048 θαρσίᾳ,
2442 1970 2571 2027 ἀλλ’
2627 1971 2678 2026 ἐν
2729 1973 3006 2047 ἁγιασμῷ.
3054 1973 3355 2047 Τοιγαροῦν
3389 1972 3417 2025 6
3458 1970 3666 2034 ἀθετῶν
3732 1969 3839 2024 οὐκ

2175 2059 2460 2116 ἄνθρωπον
2513 2062 2706 2130 ἀθετεῖ,
2757 2059 2904 2116 ἀλλὰ
2943 2061 3035 2116 τὸν
3086 2062 3234 2133 Θεὸν,
3281 2061 3373 2115 τὸν
3427 2060 3518 2115 καὶ
3567 2057 3742 2115 δόντα
3771 2059 3838 2114 τὸ

2176 2156 2398 2225 Πνεῦμα
2428 2151 2592 2207 αὐτοῦ
2637 2153 2700 2208 τὸ
2760 2152 2909 2225 ἅγιον
2971 2152 3049 2214 εἷς
3111 2153 3249 2225 ὑμᾶς
3281 2154 3414 2224 (76).
3451 2175 3480 2201 ››
3534 2151 3635 2205 Διὰ
3662 2155 3839 2206 τοῦτο

2175 2241 2385 2296 οὖντὸν
2417 2242 2678 2316 άγιασμὸν
2728 2245 2843 2313 (⁵77)
2900 2243 3061 2314 ἡμῶν
3121 2239 3220 2295 οὐκ
3271 2238 3526 2308 ἐκωλύθη
3584 2240 3840 2303 παθεῖνὸ

2173 2329 2401 2405 Κύριος.
2436 2329 2495 2385 Εἰ
2543 2329 2748 2401 τοίνυν,
2800 2329 3257 2405 ἀπολογούμενός
3301 2350 3384 2390 τις
3435 2328 3637 2400 αὐτῶν,
3669 2326 3834 2404 λέγοι

2172 2417 2497 2488 κολάζεσθαι
2531 2419 2628 2492 μὶν
2655 2421 2746 2474 τὸν
2802 2421 3046 2494 μάρτυρα
3092 2417 3182 2473 διὰ
3228 2419 3322 2481 τὰς
3367 2419 3473 2492 πρὸ
3523 2414 3694 2484 τῆσδε
3724 2421 3831 2483 τῆς

2172 2507 2610 2580 ἐνσωματώσεως
2664 2507 2952 2580 ἁμαρτίας,
3006 2508 3097 2562 τὸν
3151 2509 3359 2582 καρπὸν
3407 2503 3465 2561 δὲ
3520 2509 3623 2575 τῆς
3687 2505 3829 2561 κατὰ

2171 2593 2328 2651 τόνδε
2355 2597 2447 2651 τὸν
2501 2596 2615 2671 βίον
2676 2595 2958 2658 πολιτείας
3017 2594 3168 2658 αὖθις
3225 2593 3635 2668 ἀπολήψεσθαι·
3679 2595 3827 2649 οὕτω

2170 2685 2270 2760 γὰρ
2329 2683 2677 2760 διατετάχθαι
2733 2686 2832 2754 τὴν
2894 2681 3187 2754 διοίκησιν·
3243 2687 3556 2757 πευσόμεθα
3616 2683 3828 2750 αὐτοῦ,

2173 2773 2219 2829 εἷ
2252 2773 2311 2829 ἐκ
2339 2773 2598 2848 προνοίας
2627 2773 2830 2848 γίνεται
2861 2775 2896 2842 ἡ
2929 2770 3285 2835 ἁνταπόδοσις
3318 2817 3331 2830 .
3376 2771 3446 2828 Εἴ
3478 2773 3573 2846 μὶν
3605 2772 3712 2847 γὰρ
3748 2773 3820 2844 μή

2173 2860 2256 2932 εἴη
2301 2870 2401 2931 τῆς
2445 2863 2587 2926 θείας
2649 2862 2995 2932 διοικήσεως,
3055 2862 3269 2938 οἴχεται
3300 2865 3335 2932 ἡ
3368 2861 3661 2934 οἰκονομία
3720 2866 3820 2916 τῶν

2171 2953 2501 3027 καθαρσίων,
2552 2951 2644 3006 καί
2702 2972 2979 3006 πεπτωκεν
3025 2953 3060 3020 ἡ
3113 2950 3364 3014 ὑπόθεσις
3420 2951 3632 3014 αὐτοῖς·
3666 2951 3714 3006 εἰ
3768 2947 3820 3004 δὲ

417 3044 645 3108 ditiam,
679 3043 782 3097 sed
814 3043 873 3096 in
919 3041 1411 3097 sanctiﬁcatione.
1446 3041 1648 3111 Itaque
1681 3040 1781 3110 qui
1815 3041 2062 3112 spernit,

2174 3041 2232 3095 ἐκ
2289 3041 2546 3112 προνοίας
2591 3040 2658 3095 τὰ
2711 3042 2993 3112 καθάρσια,
3027 3041 3087 3095 ἐκ
3134 3039 3394 3114 προνοίας
3424 3041 3515 3094 καὶ
3563 3041 3619 3094 αῖ
3648 3039 3823 3095 κολάο

2339 3132 2399 3148 ..τ
2533 3126 2545 3148 Ι
2704 3127 2747 3148 δι
2842 3128 2863 3148 λ
2955 3131 2969 3148 ι
3031 3129 3045 3148 9
3104 3130 3118 3146 1
3221 3133 3248 3144 ~
3289 3127 3313 3147 ν·
3627 3129 3645 3148 ι
3776 3130 3787 3148 l

415 3148 537 3186 non
567 3131 873 3186 hominem
900 3130 1148 3202 spernit,
1191 3129 1294 3184 sed
1335 3130 1541 3196 Deum,
1571 3131 1671 3199 qui
1702 3129 1866 3184 dedit
1893 3129 2061 3183 vobis

416 3220 700 3290 Spiritum
715 3236 888 3274 suum
902 3225 1173 3274 sanctum
1191 3219 1288 3289 (by.
1309 3240 1336 3266 »
1350 3220 1597 3288 Propter
1609 3217 1762 3273 hanc
1777 3234 1912 3290 ergo
1929 3234 2066 3272 san-

413 3309 834 3364 ctiﬁcationem
865 3313 1128 3362 nostram
1157 3323 1276 3361 non
1306 3306 1643 3377 prohibitus
1668 3306 1780 3360 fuit
1798 3307 1918 3377 pati
1950 3307 2060 3361 Do-

412 3397 631 3454 minus.
662 3398 718 3452 Si
749 3397 881 3468 quis
914 3401 1112 3451 autem
1138 3412 1207 3449 ex
1237 3395 1322 3449 eis
1355 3395 1742 3466 respondens,
1768 3394 1925 3450 dicat
1953 3413 2062 3466 pu-

412 3487 529 3542 niri
563 3485 802 3557 quidem
852 3490 1172 3554 martyrem
1217 3489 1460 3554 propter
1489 3489 1729 3554 peccata
1759 3500 1890 3553 qua;
1923 3491 2063 3539 sunt

413 3576 675 3631 admissa
703 3579 840 3630 ante
870 3573 1023 3629 hanc
1055 3574 1117 3627 in
1162 3589 1377 3643 corpus
1427 3573 1840 3644 migrationem
1869 3591 1882 3639 ;
1933 3572 2061 3628 fru-

415 3669 575 3720 ctum
604 3668 803 3719 autem
835 3662 1081 3733 posthac
1113 3677 1244 3716 esse
1274 3666 1692 3732 percepturum
1741 3662 1893 3719 vita).
1929 3679 2060 3734 quas

415 3753 512 3808 hic
559 3758 688 3808 acta
733 3751 950 3806 fuerit:
1003 3751 1088 3805 sic
1136 3749 1297 3804 enim
1346 3749 1728 3805 constitutam
1779 3767 1907 3805 esse
1957 3751 2063 3805 ad-

415 3841 959 3896 ministrationem:
994 3855 1129 3894 eum
1163 3838 1502 3910 rogabimus
1531 3854 1606 3893 an
1625 3838 1934 3894 retributio
1959 3840 2062 3894 fiat

415 3945 488 3984 ex
512 3928 902 4001 providentia.
930 3929 1073 3982 Nam
1092 3927 1140 3980 si
1163 3927 1400 3997 quidem
1426 3942 1546 3980 non
1567 3927 1745 3981 fuerit
1762 3945 1832 3982 ex
1859 3927 2062 3984 divina

414 4019 951 4082 administratione,
976 4016 1132 4088 perit
1151 4015 1468 4071 consilium
1492 4022 1550 4070 et
1568 4016 1935 4088 dispensatio
1958 4035 2058 4073 ex-

410 4110 717 4183 piationis,
752 4114 811 4163 et
840 4109 925 4162 eis
957 4123 1061 4162 sua
1107 4107 1323 4161 excidit
1370 4107 1734 4178 hypothesis.
1770 4107 1824 4161 Si
1858 4114 2057 4165 autem

2176 3151 2308 3193 σεις.
2339 3132 2399 3186 Ἡ
2439 3126 2668 3202 πρόνοια
2700 3127 2779 3199 δὲ,
2812 3128 2863 3184 εἴ
2884 3131 2970 3184 καὶ
3021 3129 3126 3184 ἀπὸ
3156 3133 3252 3183 τοῦ
3285 3127 3578 3204 ἄρχοντος,
3614 3129 3692 3190 ὥς
3724 3130 3823 3206 φά-

2171 3240 2279 3287 ναι,
2311 3221 2573 3275 κινεῖσθαι
2606 3217 2857 3294 ἄρχεται,
2886 3215 3014 3273 ἀλλ’
3057 3216 3426 3293 ἐγκατεσπάρη
3456 3223 3576 3282 ταῖς
3605 3217 3825 3280 οὐσίαις

2174 3308 2265 3362 σὺν
2298 3308 2388 3364 καὶ
2433 3312 2502 3382 τῇ
2549 3313 2658 3363 τῶν
2713 3309 2912 3362 οὐσιῶν
2947 3309 3152 3382 γενὲσει
3210 3307 3349 3381 πρὸς
3404 3310 3500 3362 τοῦ
3529 3311 3638 3362 τῶν
3671 3305 3821 3361 ὅλων

2171 3402 2325 3467 θεοῦ.
2367 3399 2461 3452 Ὧν
2498 3396 2672 3459 οὕτως
2713 3395 2979 3471 ἐχόντων,
3033 3396 3235 3472 ἀνάγκη
3297 3394 3594 3468 ὁμολογεῖν
3625 3395 3829 3457 αὐτοὺς

2170 3485 2205 3555 ἢ
2239 3493 2337 3555 τῆν
2369 3486 2592 3541 κόλασιν
2629 3486 2705 3558 μὴ
2761 3485 2891 3539 εἶναι
2950 3481 3157 3549 ἄδικον,
3196 3485 3286 3538 καὶ
3347 3481 3834 3559 δικαιοπραγοῦσιν

2172 3575 2222 3628 οἱ
2266 3571 2720 3642 καταδικάζοντες
2775 3572 2864 3627 καὶ
2920 3570 3212 3634 διὼκοντες
3269 3571 3400 3634 τοὺς
3462 3573 3757 3647 μάρτυραςο
3793 3572 3833 3642 ἢ

2172 3662 2230 3718 ἐκ
2261 3660 2574 3735 θελήματος
2607 3661 2933 3736 ἐνεργεῖσθαι
2952 3666 3049 3716 τοῦ
3076 3665 3210 3716 Θεοῦ
3241 3660 3328 3716 καὶ
3359 3660 3486 3724 τοὺς
3518 3659 3826 3736 διωγμούς.

2171 3752 2288 3809 Οὐκ
2319 3749 2397 3806 ἔτι
2429 3751 2518 3806 οὗν
2551 3752 2580 3806 6
2610 3749 2775 3814 πόνος
2815 3750 2904 3805 καὶ
2938 3752 2965 3805 ὁ
2999 3745 3190 3828 φόϐος,
3225 3751 3299 3812 ὡς
3345 3749 3499 3805 αὐτοὶ
3546 3747 3828 3822 λέγουσιν,

2169 3835 2544 3913 ἐπισυμϐαίνει
2600 3845 2718 3901 τοῖς
2768 3839 3076 3916 πράγμασιν
3129 3840 3205 3902 ὡς
3237 3841 3264 3894 6
3314 3839 3395 3903 ἱὸς
3445 3842 3526 3909 τῷ
3585 3835 3830 3912 σιδήρῳ,

2168 3929 2295 3985 ἀλλ’
2327 3929 2386 3984 ἐκ
2429 3928 2748 4004 βουλήσεως
2807 3925 2948 3991 ἲδίας
2995 3928 3361 4004 προσέρχεται
3388 3931 3458 4001 τῇ
3489 3929 3671 4001 ψυχῇ.
3723 3928 3832 3982 Καὶ

2167 4020 2289 4094 περὶ
2329 4019 2424 4092 μὶν
2455 4018 2660 4073 τούτων
2708 4016 2882 4080 πολὺς
2918 4018 2945 4072 6
2973 4013 3162 4095 λόγος,
3197 4017 3322 4072 ὅσον
3354 4016 3408 4072 ἐν
3441 4015 3650 4092 ὗστέρῳ
3691 4036 3825 4072 cnco-

2169 4115 2289 4164 πεῖν
2324 4107 2668 4163 ἀποκείσεται
2699 4108 2836 4162 κατᾶ
2860 4107 3047 4184 καιρὸν
3082 4101 3574 4180 διαλαμϐάνουσιν.

409 4198 835 4273 aprovidentia
884 4203 1024 4254 sunt
1077 4196 1461 4268 expiationes,
1497 4199 1639 4250 sunt
1693 4196 2037 4267 punitiones
2092 4216 2326 4272 quoque
2385 4216 2455 4254 ex
2486 4198 2872 4270 providentia.
2927 4196 3306 4253 Providentia
3355 4201 3574 4262 autem,
3607 4199 3665 4250 et
3707 4197 3826 4252 sia

405 4289 696 4364 principe,
730 4293 797 4342 ut
817 4287 897 4342 ita
924 4286 1141 4353 dicam,
1174 4285 1390 4340 moveri
1424 4284 1653 4355 incipit,
1688 4285 1950 4342 immista
1981 4293 2180 4344 tamen
2212 4294 2302 4344 est
2331 4293 2390 4343 et
2420 4288 2600 4342 insita
2630 4287 2688 4341 in
2722 4285 3089 4353 substantiis,
3115 4302 3237 4340 una
3265 4302 3400 4341 cum
3433 4285 3694 4356 ipsarum
3719 4301 3825 4357 ge-

407 4379 741 4443 neratione,
764 4393 871 4447 per
905 4376 1087 4430 Deum
1118 4372 1550 4428 universorum.
1584 4373 1724 4438 Quae
1754 4389 1888 4428 cum
1928 4374 2012 4431 ita
2060 4377 2337 4442 habeant,
2373 4392 2616 4430 necesse
2667 4380 2752 4430 est
2782 4380 2849 4428 ut
2887 4374 2997 4446 ipsi
3046 4373 3363 4441 fateantur,
3395 4373 3487 4428 vel
3527 4389 3651 4427 non
3692 4389 3821 4428 esse

403 4470 688 4542 injustam
717 4464 1088 4536 punitionem
1114 4479 1127 4528 ;
1161 4467 1219 4517 et
1249 4466 1372 4515 tum
1403 4467 1562 4516 recte
1587 4461 1870 4533 justeque
1899 4462 1962 4527 ἰι
1993 4481 2054 4520 se
2086 4471 2319 4538 gerunt,
2343 4465 2443 4536 qui
2477 4464 2880 4520 condemnant
2909 4468 2966 4517 et
2992 4469 3434 4534 persequuntur
3481 4467 3768 4534 martyres
3801 4479 3812 4529 ;

405 4564 508 4614 aut
538 4575 608 4612 ex
641 4555 742 4610 Dei
775 4554 1078 4609 voluntate
1110 4550 1372 4605 exerceri
1403 4551 1870 4619 persecutiones.
1921 4555 2047 4608 Non
2102 4554 2309 4624 utique
2341 4569 2476 4625 ergo
2533 4551 2702 4607 labor
2749 4557 2807 4606 et
2857 4557 3050 4606 metus
3110 4550 3288 4606 rebus
3344 4551 3582 4615 accidit,
3614 4555 3679 4605 ut
3707 4549 3812 4620 ipsi

405 4645 632 4710 dicunt,
667 4649 948 4714 tanquam
981 4638 1187 4708 rubigo
1219 4637 1376 4691 ferro
1407 4636 1512 4690 sed
1535 4654 1605 4692 ex
1635 4639 1876 4709 propria
1905 4639 2203 4695 voluntate
2237 4640 2465 4696 accedit
2503 4639 2575 4695 ad
2619 4640 2902 4695 animam.
2936 4637 3046 4694 Sed
3078 4637 3150 4693 de
3201 4638 3293 4694 his
3343 4638 3583 4711 quidem
3633 4637 3815 4693 multa

401 4737 784 4788 reservantur
813 4728 1086 4792 dicenda,
1119 4742 1250 4798 quas
1281 4725 1527 4796 posthac
1558 4742 1663 4780 suo
1688 4731 1956 4798 tempore
1985 4729 2416 4785 tractabuntur.

1903 4862 2135 4919 CAPUT
2171 4865 2318 4919 XIII.

1369 4960 1655 5015 Valentini
1682 4961 1891 5015 menius
1922 4962 1988 5016 de
2017 4965 2206 5019 mortis
2235 4963 2497 5021 abolitioe
2525 4965 2848 5034 redarguit.

471 5076 817 5134 Valentinus
848 5083 1046 5133 autem
1067 5078 1128 5133 in
1159 5076 1417 5148 quadam
1447 5074 1697 5131 homilia
1719 5076 1925 5131 scribit
1954 5077 2046 5133 his

2226 5075 2584 5140 Οὖαλεντῖνος
2634 5075 2692 5132 δὲ
2724 5074 2779 5131 ἔν
2825 5096 2933 5131 τινι
2975 5072 3174 5147 ὀμιλιᾳ
3227 5073 3366 5128 κατὰ
3417 5069 3566 5146 λέξιν
3593 5074 3808 5148 γράφει.

499 5219 630 5284 Ρ.›ι‹
649 5219 750 5274 603
783 5219 895 5273 ΕΙ).
923 5219 1216 5286 POTTER,
1244 5222 1346 5273 509
1378 5219 1490 5272 ΕΙ).
1524 5217 1754 5275 PARIS.
1829 5218 1903 5290 (α)
1936 5221 2049 5286 Isa,

2174 5225 2215 5276 5.
2247 5222 2328 5294 (ὁ)
2357 5223 2381 5276 Ι
2410 5222 2612 5277 Τιιθεε·
2648 5237 2720 5285 1v,
2753 5223 2806 5286 3,
2838 5223 2890 5286 4,
2927 5222 2979 5289 5,
3003 5221 3057 5286 6,
3089 5222 3140 5286 7,
3173 5217 3227 5273 8.

464 5366 578 5436 (72)
605 5362 984 5444 Toixov.’l\sa.
1005 5355 1302 5444 ,νζταὶχον
1333 5356 1532 5444 αὐτοῦὧ
1554 5361 1620 5412 Α.
1656 5361 1934 5416 SYLBURG.

464 5425 578 5511 (⁸13)
608 5425 930 5511 Τῆξτοιάδε
962 5425 1128 5511 αὐτῆς
1163 5425 1330 5496 οὔσης
1362 5430 1662 5511 πρ;.Ιτ“οῐ·ῐθ
1691 5436 1793 5497 τῆς
1832 5429 2054 5511 τοιᾶσδε

393 5500 742 5580 αὐτῷὀἔσῄς
784 5501 1067 5580 προνοίας,
1100 5524 1147 5580 _«
1183 5516 1318 5554 cum
1377 5500 1513 5554 talis
1562 5516 1632 5554 ea
1683 5503 2054 5572 providentia

397 5583 475 5638 sit
492 5573 589 5637 ars
620 5573 1008 5638 institutoria.
1038 5595 1065 5622 η
1098 5573 1372 5626 Sanuac.

465 5653 580 5724 (74)
611 5652 702 5707 Τὸ.
739 5650 923 5707 Abest
951 5663 981 5702 e
1012 5644 1214 5701 Thess.
1249 5658 1322 5696 1v.

2238 5366 2346 5437 ('75)
2379 5361 2600 5437 Κύρνον,
2635 5362 2785 5437 Θεόν.
2818 5364 3148 5437 Tgess.,_lv2

2235 5436 2347 5506 (76)
2378 5433 2473 5495 Εῖά
2511 5435 2671 5507 ὑμᾶς·
2707 5433 2801 5507 Εἲς
2829 5433 3000 5507 initas.
3032 5433 3177 5507 ibid.-

2163 5578 2199 5631 S
2236 5498 2347 5578 (77)
2379 5507 2478 5560 Διὰ
2500 5498 2661 5560 τοῦτο
2684 5503 2775 5560 οὖν
2804 5498 2898 5561 τὸν
2929 5504 3015 5580 ἀγ.
3048 5506 3113 5562 Α.
3147 5499 3237 5558 διὰ
3254 5504 3444 5557 τοῦτον
3472 5498 3566 5555 οὖν
3600 5499 3695 5556 τὸν

2205 5593 2442 5634 YLBURG.
