4004 6144
184 332 325 390 1297

1513 325 1962 381 STROMATUM
1999 328 2131 382 LIB.
2174 329 2271 382 IV.

3453 327 3598 417 1293

181 483 210 510 ‹‹
242 458 364 514 Ἀπ’
389 457 571 531 ἀρχῆς
601 451 855 518 ἀθάνατοί
889 450 1027 522 έστε,
1057 450 1149 506 καὶ
1193 448 1354 505 τέκνα
1403 453 1549 518 ζωῆς
1580 445 1826 508 αἰωνίας·

1948 450 2136 506 verbis
2172 468 2184 506 :
2217 473 2245 502 «
2267 452 2354 507 Ab
2377 452 2545 506 initio
2574 453 2716 507 estis
2747 451 3141 521 immortales,
3178 458 3236 508 et
3291 454 3399 509 filii
3451 456 3596 512 estis

177 547 269 603 καὶ
300 547 393 602 τὸν
424 547 647 600 θάνατον
678 540 906 614 ἠθέλετε
967 539 1286 615 μερίσασθαι
1339 537 1416 601 εἰς
1467 537 1713 602 ἑαυτοὺς,
1742 534 1836 590 τίνα

176 635 525 708 δαπανήσητε
583 633 744 689 αὐτὸν
804 633 893 686 καὶ
953 628 1308 700 ἀναλώσητε,
1363 627 1453 682 καὶ
1511 627 1756 699 ἀποθάνῃ
1805 627 1833 679 ὁ

176 729 404 792 θάνατος
435 724 488 780 ἐν
539 725 691 797 ὑμῖν⁹
743 721 834 777 καὶ
894 717 963 775 δι’
1025 720 1197 793 ὑμῶν.
1233 723 1392 772 Ὀταν
1456 716 1561 792 γὰρ
1607 715 1698 770 τὸν
1736 715 1832 787 μέν

171 816 382 889 κόσμον
429 813 620 884 λύητε,
671 812 826 884 ὑμεῖς
887 809 946 865 δὲ
1007 811 1083 882 μὴ
1142 806 1511 878 καταλύησθε,
1559 805 1834 878 κυριεύετε

171 908 275 976 τῆς
305 906 533 965 κτίσεως
562 902 652 957 καὶ
681 909 782 972 τῆς
816 904 1018 979 φθορᾶς
1052 899 1287 968 ἁπάσης.
1313 922 1333 946 ιι
1374 897 1539 950 Φύσει
1590 896 1693 970 γὰρ
1725 916 1830 949 σω⁴

179 995 408 1068 ζόμενον
466 990 614 1068 γένος
675 989 990 1054 ὑποτίθεται
1063 987 1153 1041 καὶ
1212 985 1371 1046 αὐτὸς
1447 984 1696 1061 ἐμφερῶς
1753 986 1834 1054 τῷ

179 1079 498 1154 Βασιλείδῂ·
528 1079 731 1144 amo“
761 1076 819 1133 δὲ
871 1081 1007 1149 ἡμῖν
1069 1073 1226 1151 δεῦρο
1257 1079 1419 1128 τοῦτο
1449 1071 1514 1141 δὴ
1544 1074 1607 1127 τὸ
1641 1069 1834 1135 δτάφο-

183 1188 280 1244 ρον
325 1167 499 1242 γένος,
559 1165 647 1220 ἐπὶ
700 1165 800 1234 τὴν
855 1167 953 1218 τοῦ
1011 1162 1242 1216 θανάτου
1300 1159 1607 1233 καθαίρεσιν
1663 1157 1827 1226 ἣκειν·

183 1256 414 1312 θανάτου
467 1253 524 1310 δὶ
580 1255 786 1323 γένεσιν
836 1245 991 1327 ἔργον
1050 1249 1184 1306 εἶναι
1240 1251 1337 1302 τοῦ
1409 1246 1692 1308 κτίσαντος
1738 1244 1832 1298 τὸν

179 1345 412 1419 κόσμον.
447 1344 540 1398 Διὸ
597 1342 686 1397 καὶ
736 1341 836 1410 τὴν
884 1339 1103 1416 Γραφῆν
1157 1337 1368 1404 ἐκείνην
1399 1335 1573 1396 οὕτως
1607 1331 1832 1408 ἐκδέχε-

177 1450 291 1490 ται·
324 1459 352 1486 ‹‹
387 1429 578 1493 Οὒδείς
611 1428 802 1503 ὄψεται
830 1431 942 1501 (78)
985 1429 1047 1482 τὸ
1103 1426 1396 1501 πρόσωπον
1423 1428 1520 1478 τοῦ
1553 1427 1707 1487 Θεοῦ,
1737 1421 1827 1476 καὶ

184 1523 426 1593 ζήσεται·
462 1544 490 1572 ››
522 1519 597 1582 ὡς
621 1519 850 1573 θανάτου
873 1515 1072 1572 αἰτίου.
1131 1515 1260 1589 Περὶ
1306 1514 1503 1568 τούτου
1539 1515 1638 1566 τοῦ
1693 1514 1828 1565 Θεοῦ

178 1611 358 1666 ἐκεῖνα
409 1608 719 1674 αἰνίττεται,
773 1605 994 1683 γράφων
1028 1604 1218 1665 αὐταῖς
1279 1601 1501 1674 λέξεσιν·
1537 1625 1565 1652 ‹‹
1592 1598 1824 1657 Ὁπόσον

181 1699 422 1756 ἐλάττων
481 1699 517 1767 ἠ
577 1696 736 1751 εἰκὼν
783 1699 881 1750 τοῦ
926 1699 1131 1764 ζῶντος
1188 1693 1508 1767 προσώπου,
1568 1693 1826 1744 τοσοῦτον

177 1789 362 1859 ἥσσων
397 1787 658 1859 ὁκόσμος
685 1789 782 1840 τοῦ
837 1787 1039 1853 ζῶντος
1099 1781 1333 1843 Αἰῶνος.
1393 1779 1490 1841 Τίς
1529 1775 1620 1834 οῦν
1680 1776 1826 1832 αἰτία

177 1884 280 1948 τῆς
301 1876 506 1937 εἰκόνος
540 1894 554 1944 ;
589 1871 972 1949 Μεγαλωσόνη
1030 1873 1129 1926 τοῦ
1187 1869 1508 1942 προσώπου,
1540 1886 1829 1941 παρεσχη-

187 1968 352 2041 μένου
380 1969 460 2037 τῷ
494 1963 764 2041 ζωγράφῳ
816 1962 909 2017 τὸν
965 1961 1162 2028 τύπον,
1205 1956 1297 2012 ’ίνα
1346 1959 1558 2031 τιμηθῇ
1592 1954 1661 2010 δι’
1714 1955 1832 2010 ὀνόα

186 2077 357 2131 ματος
379 2055 564 2110 αὐτοῦ·
600 2052 666 2108 οὗ
695 2055 794 2126 γὰρ
828 2052 1155 2115 αὖθεντικῶς
1213 2050 1404 2124 εὑρέθη
1461 2051 1571 2120 (79)
1620 2046 1829 2123 μορφὴ,

182 2143 330 2202 ἀλλὰ
356 2145 419 2200 τὸ
448 2139 623 2216 ὄνομα
652 2139 980 2214 ἐπλήρωσαν
1014 2141 1129 2212 (80)
1156 2139 1218 2193 τὸ
1253 2138 1546 2211 ὑστερῆσαν
1576 2134 1628 2190 ἐν
1690 2132 1832 2189 πλά-

183 2255 284 2290 σει.
321 2237 575 2308 Κυνεργεῖ
603 2229 660 2286 δὲ
687 2229 777 2284 καὶ
806 2229 868 2283 τὸ
912 2231 1010 2283 τοῦ
1068 2230 1201 2282 Θεοῦ
1255 2225 1483 2299 ἀόρατον
1543 2224 1620 2287 εἰς
1651 2222 1831 2278 πίστιν

892 2318 984 2373 τὸν
1049 2319 1142 2390 μέν
1209 2317 1312 2390 γὰρ
1359 2312 1697 2388 δημιουργὸν
1760 2312 1835 2376 ὡς

1195 2405 1374 2459 εἰκόνα
1418 2407 1516 2458 τοῦ
1567 2403 1833 2471 ἀληθινοῦ

180 2327 278 2379 τοῦ
333 2319 742 2393 πεπλασμένου·
808 2342 836 2368 ››

183 2412 317 2468 Θεὸν
372 2411 462 2465 καὶ
507 2409 716 2483 [Ιατέρα
771 2405 1066 2476 κληθέντα,
1121 2430 1148 2456 ‹‹

183 2503 340 2566 Θεοῦ,
376 2523 403 2550 »
433 2498 523 2554 καὶ
555 2523 582 2550 ‹‹
614 2497 912 2572 Προφήτην
946 2519 973 2546 υ
1003 2500 1313 2569 προσεῖπεν·
1343 2516 1372 2545 ιι
1397 2491 1682 2566 ζωγράφον
1716 2515 1743 2542 ››
1777 2489 1835 2544 δὲ

180 2590 282 2657 τὴν
317 2588 543 2666 Σοφίαν,
575 2589 642 2656 ἧς
670 2587 734 2640 τὸ
792 2583 1024 2657 πλάσμα
1071 2587 1106 2653 ἡ
1169 2583 1352 2648 εἰκὼν,
1412 2581 1488 2644 εἷς
1518 2578 1672 2649 δόξαν
1735 2581 1834 2632 τοῦ

179 2676 434 2753 ἀοράτου·
468 2675 583 2730 ἐπεὶ
637 2674 736 2728 ὃσα
795 2672 854 2726 ἐκ
913 2670 1165 2746 συζυγίας
1209 2672 1559 2744 προέρχεται,
1592 2668 1832 2738 πληρώ-

182 2752 327 2840 ματά
383 2764 546 2819 ἐστιν·
599 2762 699 2816 ὅσα
756 2758 814 2814 δὲ
873 2759 979 2814 ana
1037 2759 1175 2825 ἑνὸς,
1227 2757 1450 2816 εἰκόνες.
1477 2755 1624 2810 Ἐπεὶ
1661 2752 1718 2808 δέ
1772 2754 1834 2808 τὸ

181 2852 512 2932 φαινόμενον
573 2851 738 2904 αὐτοῦ
797 2849 900 2902 οὐκ
958 2842 1186 2915 ἕστιν,ἠ
1233 2844 1293 2899 ἐκ
1326 2844 1624 2916 μεσότητος
1678 2843 1832 2916 ψυχὴ

181 2929 427 3016 ἔρχεται,
459 2938 520 2993 τὸ
571 2935 826 3010 διαφέρον
855 2936 986 3007 (81)·
1035 2932 1124 2987 καὶ
1182 2933 1330 2987 τοῦτ’
1377 2929 1486 2986 ἐστι
1542 2933 1604 2986 τὸ
1662 2929 1831 3008 ἐμφύ-

181 3050 335 3102 σημα
361 3031 458 3083 τοῦ
497 3024 850 3103 διαφέροντος
899 3022 1230 3096 πνεύματος,
1289 3021 1377 3076 καί
1436 3021 1556 3084 καθ’
1602 3021 1737 3076 ’ὸΛου
1806 3019 1836 3074 ὅ

182 3119 469 3193 ἐμπνεῖται
539 3119 608 3189 τῇ
661 3115 814 3188 ψυχῇ
869 3116 937 3188 τῇ
997 3110 1161 3166 εῗκόνι
1218 3116 1314 3166 τοῦ
1361 3111 1693 3184 πνεύματος·
1742 3111 1830 3165 καὶ

1942 539 2072 594 vitae
2105 545 2365 608 aeternae,
2399 547 2456 596 et
2484 547 2736 596 mortem
2788 541 3058 596 voluistis
3111 541 3268 596 inter
3295 559 3400 598 vos
3433 543 3596 615 ipsos

1941 628 2242 700 dispertiri
2275 635 2342 685 ut
2371 645 2502 684 eam
2533 631 2982 697 consumeretis,
3013 635 3072 685 et
3117 646 3278 684 mors
3309 631 3371 684 in
3425 633 3594 688 vobis

1940 723 2226 782 moretur,
2261 723 2319 773 et
2347 735 2454 789 per
2485 735 2604 773 vos.
2638 719 2883 784 Quando
2935 719 3096 774 enim
3145 719 3438 774 mundum
3461 722 3592 792 qui-

1940 806 2075 861 dem
2107 806 2354 874 solvitis,
2391 826 2493 864 vos
2551 813 2748 863 autem
2800 825 2923 863 non
2982 807 3395 876 dissolvimini,
3449 809 3592 865 estis

1939 894 2166 949 domini
2187 902 2472 950 creatura}
2497 901 2554 951 et
2572 897 2833 969 cujusvis
2856 897 3153 952 interitus.
3166 920 3186 947 (ι
3200 899 3395 953 Genus
3411 899 3596 970 enim,

1939 984 2098 1054 quod
2122 991 2336 1040 natura
2368 992 2651 1053 servatur,
2686 987 2859 1057 ponit
2887 987 3012 1057 ipse
3056 1003 3291 1056 quoque
3322 987 3601 1042 similiter

1939 1077 2116 1144 atque
2148 1073 2438 1130 Basilides
2463 1096 2476 1142 ;
2499 1075 2571 1130 ad
2603 1092 2711 1130 nos
2743 1081 2942 1130 autem
2974 1075 3231 1146 desuper
3260 1076 3378 1131 huc
3399 1077 3598 1133 venire

1939 1161 2050 1217 hoc
2077 1163 2373 1218 diversum
2404 1180 2610 1235 genus,
2645 1164 2718 1219 ad
2751 1170 3002 1220 mortem
3037 1163 3109 1219 de
3152 1164 3349 1219 medio
3381 1165 3600 1221 tollen-

1938 1250 2074 1306 dam
2110 1269 2123 1317 ;
2159 1252 2369 1308 mortis
2391 1259 2589 1308 autem
2622 1255 3069 1326 generationem
3101 1269 3231 1307 esse
3259 1269 3408 1324 opus
3439 1255 3591 1326 ejus,

1937 1341 2036 1411 qui
2071 1342 2294 1396 creavit
2323 1341 3037 1408 mundum.Quamobrem
3069 1342 3153 1397 sic
3177 1342 3354 1396 etiam
3382 1342 3599 1414 accipit

1936 1415 2101 1484 illam
2133 1430 2496 1502 Scripturam
2524 1448 2537 1484 :
2565 1454 2592 1480 «
2627 1433 2809 1486 Nemo
2840 1430 3062 1486 videbit
3089 1430 3304 1485 faciem
3353 1431 3478 1498 Dei,
3539 1437 3600 1486 et

1933 1520 2085 1573 vivet
2113 1519 2192 1590 (a)
2222 1536 2235 1584 ;
2273 1541 2301 1568 ››
2335 1519 2504 1590 quasi
2537 1519 2637 1574 ille
2663 1520 2738 1574 sit
2768 1524 2976 1575 auctor
2994 1520 3315 1576 mortis.De
3341 1520 3454 1574 hoc
3475 1521 3597 1576 Deo

1893 1663 1896 1666 .
1935 1607 2019 1662 ita
2049 1607 2542 1672 innuit,scribens
2572 1609 2666 1663 his
2696 1608 2890 1663 verbis
2920 1625 2932 1662 :
2970 1629 2997 1657 «
3028 1609 3258 1673 Quanto
3281 1608 3473 1681 imago
3487 1610 3599 1663 mi-

1935 1713 2046 1750 nor
2077 1701 2168 1751 est
2204 1697 2330 1751 viva
2368 1696 2539 1760 facie,
2586 1703 2747 1751 tanto
2803 1696 3063 1751 mundus
3107 1701 3198 1751 est
3239 1696 3440 1752 minor
3468 1698 3598 1753 vivo

1934 1785 2134 1839 onne.
2159 1785 2445 1849 Quaanam
2478 1789 2568 1840 est
2615 1800 2752 1857 ergo
2811 1800 2991 1840 causa
3022 1784 3345 1857 imaginis?
3405 1785 3594 1840 Faciei

1943 1873 2248 1944 majestas,
2279 1888 2410 1942 qua)
2443 1873 2653 1943 pictori
2679 1872 2949 1928 exhibuit
2970 1873 3313 1945 figuram,ut
3339 1890 3446 1946 per
3468 1873 3595 1945 ejus

1942 1977 2162 2015 nomen
2185 1961 2594 2015 honoraretur.
2607 1963 2732 2016 Non
2747 1962 2908 2016 enim
2940 1979 3086 2017 exse
3119 1967 3177 2016 et
3206 1978 3312 2017 sua
3332 1962 3595 2017 auctori-

1942 2055 2058 2105 tate
2081 2049 2193 2104 fuit
2225 2050 2418 2105 forma
2446 2049 2708 2118 inventa,
2742 2050 2843 2106 sed
2895 2051 3162 2123 implevit
3191 2067 3410 2106 nomen
3437 2051 3596 2122 quod

1942 2140 2004 2194 in
2035 2139 2333 2195 creatione
2357 2143 2482 2194 erat
2503 2140 3599 2212 imperfectumAdjuvatautemquod

1943 2228 2044 2283 Dei
2077 2245 2312 2299 quoque
2337 2233 2428 2282 est
2456 2228 2905 2300 inaspectabile,
2939 2229 3010 2283 ad
3045 2229 3224 2284 fidem
3257 2229 3408 2300 ejus,
3440 2228 3598 2298 quod

1942 2316 2208 2371 effictum
2242 2321 2331 2370 est
2360 2337 2386 2364 ι)
2419 2316 2754 2370 Creatorem
2771 2315 3026 2385 enim,ut
3043 2317 3145 2387 qui
3176 2318 3332 2371 Deus
3353 2321 3412 2370 et
3426 2318 3600 2371 Pater

1945 2405 2020 2459 sit
2049 2411 2312 2470 vocatus,
2347 2425 2374 2451 ‹‹
2401 2405 2522 2458 veri
2552 2404 2656 2458 Dei
2713 2404 3060 2475 imaginem,
3092 2427 3119 2453 »
3152 2409 3212 2458 et
3262 2427 3290 2455 ‹‹
3339 2405 3599 2475 prophe-

1945 2501 2065 2551 tam
2091 2518 2118 2545 n
2150 2495 2504 2566 appellavit;
2531 2517 2559 2543 «
2591 2494 2879 2566 pictorem
2912 2517 2938 2543 »
2974 2499 3172 2550 autem
3210 2496 3596 2566 Sapientiam,

1943 2585 2112 2654 cujus
2146 2584 2494 2655 figmentum
2519 2588 2610 2637 est
2631 2583 2924 2654 imago,ad
2955 2583 3205 2655 gloriam
3232 2583 3363 2654 ejus
3385 2584 3487 2655 qui
3510 2589 3601 2639 est

1945 2671 2412 2743 inaspectabilis.
2433 2673 2574 2726 Nam
2602 2688 2975 2742 quiscunque
2999 2671 3333 2743 procedunt
3362 2688 3432 2727 ex
3454 2689 3596 2729 con-

1935 2761 2342 2834 jugatione,ea
2372 2765 2510 2814 sunt
2527 2760 2882 2832 pleromata;
2911 2777 3283 2832 quacunque
3304 2767 3504 2817 autem
3523 2762 3596 2817 ab

1942 2867 2084 2912 uno,
2119 2850 2428 2922 imagines.
2463 2850 2752 2914 Quoniam
2801 2855 3001 2905 autem
3068 2867 3188 2905 non
3220 2857 3310 2906 est
3353 2851 3482 2923 ejus
3512 2851 3594 2917 id,

1944 2937 2102 3009 quod
2135 2944 2379 3009 apparet
2412 2955 2425 2992 :
2459 2956 2589 3009 quae
2620 2945 2710 2993 est
2741 2956 2810 2994 ex
2841 2939 3158 2995 medietate
3183 2940 3386 2996 anima
3415 2940 3593 3008 venit,

1944 3043 2158 3098 nempe
2191 3027 2271 3093 id,
2291 3027 2450 3098 quod
2482 3033 2572 3082 est
2601 3027 2902 3096 differens,
2939 3035 2996 3083 et
3015 3029 3126 3084 hoc
3149 3035 3238 3084 est
3267 3030 3592 3085 insufflatio

1944 3115 2275 3170 differentis
2307 3115 2635 3186 spiritus,et
2665 3115 2725 3170 in
2749 3133 2982 3171 summa
3011 3116 3256 3187 id,quod
3270 3118 3596 3190 inspiratur

179 3179 425 3272 καθόλου
463 3207 530 3261 τὰ
581 3179 686 3260 έπὶΙ
715 3179 812 3258 τοῦ
865 3179 1215 3278 Δημιουργοῦ
1247 3179 1519 3277 λεγόμενα
1572 3205 1669 3256 τοῦ
1715 3203 1831 3256 κατ’

1948 3204 2006 3258 in
2037 3204 2459 3274 animamqum
2493 3210 2582 3258 est
2610 3205 2802 3276 imago
2835 3203 3098 3276 spiritus.
3130 3207 3218 3272 Et,
3241 3212 3306 3260 ut
3334 3207 3397 3261 in
3427 3225 3592 3262 sum-

181 3297 365 3354 εἰκόνα
411 3297 729 3371 γενομένου,
784 3293 934 3348 ταῦτ’
982 3291 1032 3346 έν
1093 3291 1302 3352 εἷκόνος
1351 3289 1614 3360 αἰσθητῆς
1673 3289 1840 3365 μοίρᾳ

181 3387 235 3443 έν
267 3390 334 3460 τῇ
361 3386 565 3460 γενέσει
619 3386 732 3458 (82)
778 3382 904 3458 περὶ
962 3381 1405 3457 ἀνθρωπογονίαν
1464 3382 1836 3457 προπεφητεῦ-

181 3487 303 3539 σθαι
335 3472 581 3548 λέγουσι·
631 3471 721 3526 καὶ
781 3469 848 3538 δὴ
907 3471 1199 3546 μετάγουσι
1239 3471 1338 3538 τὴν
1398 3469 1705 3540 ὁμοιότητα
1745 3468 1835 3523 καὶ

182 3564 267 3640 ἔφ’
299 3563 549 3631 ἑαυτοὺς,
598 3560 877 3638 ἄγνωστον
907 3563 985 3630 τῷ
1033 3562 1369 3634 Δημιουργῷ
1394 3559 1497 3628 τήν
1521 3561 1618 3613 τοῦ
1650 3555 1835 3633 διαφέ-

183 3674 376 3730 ροντος
427 3651 698 3707 έπένθεσιν
779 3649 1086 3721 πνεύματος
1140 3649 1460 3724 γεγενῆσθαι
1506 3645 1838 3721 παραδιδόν-

172 3764 282 3805 τες.
315 3745 484 3800 ’Όταν
521 3741 616 3814 μὶν
671 3737 761 3794 οὖν
813 3737 938 3812 περὶ
967 3740 1066 3790 τοῦ
1112 3733 1206 3791 ἵνα
1235 3737 1369 3791 εἶναι
1400 3737 1491 3790 τὸν
1530 3737 1683 3806 Θεὸν,
1739 3738 1833 3792 τὸν

175 3829 265 3886 διὰ
295 3831 470 3906 νόμου
514 3830 604 3885 καὶ
662 3826 963 3906 προφητῶν
1020 3824 1110 3879 καὶ
1174 3823 1514 3900 Εὐαγγελίου
1562 3825 1832 3897 κηρυσσό-

179 3942 360 3993 μενον,
409 3912 896 3990 διαλαμϐάνωμεν,
927 3912 1185 3988 καὶπρὸς
1235 3917 1395 3967 τοῦτο
1454 3911 1830 3986 διαλεξόμεθα·

176 4010 412 4084 ἀρχικὸς
442 4008 544 4083 γὰρ
579 4009 606 4062 ὁ
640 4005 824 4084 λόγος·
886 4008 1021 4080 πρὸς
1054 3999 1112 4058 δὶ
1153 4003 1216 4056 τὸ
1244 4006 1557 4074 κατεπεῖγον
1588 4003 1831 4074 ἀπαντη-

171 4098 316 4156 τέον.
350 4099 416 4155 Εἰ
447 4099 533 4154 ἐπὶ
564 4099 628 4152 τὸ
657 4100 766 4170 (83)
798 4094 1100 4152 καταλῦσαι
1159 4093 1383 4146 θάνατον
1439 4091 1739 4168 ἀφικνεῖται
1768 4094 1830 4148 τὸ

175 4187 429 4265 διαφέρον
461 4187 613 4264 γένος
647 4189 782 4258 (84),
801 4185 910 4258 οὐχ
940 4185 968 4238 ὁ
998 4182 1228 4257 Χριστὸς
1257 4180 1348 4235 τὸν
1384 4178 1607 4244 θάνατον
1634 4183 1833 4257 κατήρ-

1947 3309 2045 3348 ma
2065 3292 2419 3362 dicam,quaa
2442 3291 2720 3346 dicuntur
2749 3293 2820 3347 de
2851 3294 3146 3360 Creatore,
3172 3295 3272 3364 qui
3295 3295 3483 3350 factus
3505 3301 3596 3352 est

1947 3383 2020 3438 ad
2042 3383 2381 3454 imaginem,
2415 3398 2485 3436 ea
2513 3382 2572 3436 in
2594 3382 2851 3455 imagine
2900 3382 3107 3438 sensili
3131 3383 3190 3439 in
3211 3385 3594 3456 generatione

1948 3473 2156 3527 dicunt
2183 3471 2364 3526 fuisse
2384 3479 2447 3544 ›ι‹
2467 3470 2750 3542 praedicta
2787 3471 2859 3526 de
2888 3473 3269 3543 generatione
3310 3473 3591 3529 hominis.

1947 3563 2092 3616 Nam
2119 3559 2192 3615 ad
2225 3560 2451 3631 seipsos
2477 3575 2713 3630 quoque
2747 3558 3114 3614 transferunt
3140 3560 3596 3618 similitudinem

1949 3652 2096 3721 ejus,
2131 3649 2232 3719 qui
2260 3648 2478 3713 differt,
2511 3647 2754 3720 spiritus
2794 3648 3274 3720 interjectionem
3333 3650 3594 3705 Creatori

1945 3737 2129 3794 fuisse
2160 3737 2420 3810 ignotam
2481 3735 2800 3791 tradentes.
2857 3737 3001 3791 Cum
3035 3755 3171 3810 ergo
3204 3737 3276 3794 de
3315 3755 3406 3806 eo,
3434 3739 3594 3809 quod

1946 3844 2101 3882 unus
2131 3827 2286 3881 Deus
2317 3825 2523 3895 sit,qui
2551 3825 2907 3896 praedicatur
2921 3843 3027 3897 per
3048 3826 3237 3898 legem
3263 3828 3593 3898 etprophe-

1946 3924 2035 3973 tas
2063 3923 2122 3971 et
2145 3915 2545 3989 Evangelium,
2580 3915 2987 3983 tractabimus,
3011 3917 3291 3972 adversus
3312 3918 3422 3972 hoc
3443 3935 3590 3988 quo-

1944 4023 2059 4078 que
2091 4005 2486 4072 disseremus;
2519 4009 2610 4060 est
2639 4005 2797 4060 enim
2836 4005 3000 4060 locus
3054 4005 3393 4076 primarius.
3426 4008 3592 4062 Nunc

1944 4098 2225 4154 adversus
2256 4095 2337 4164 id,
2371 4114 2486 4168 quo
2514 4097 2575 4150 in
2622 4113 2885 4167 praesens
2925 4114 3222 4169 urgemur,
3255 4103 3346 4152 est
3393 4114 3595 4153 occur-

1944 4186 2219 4241 rendum.
2256 4186 2313 4240 Si
2336 4185 2410 4241 ad
2437 4185 2875 4241 dissolvendam
2907 4191 3158 4242 mortem
3189 4187 3352 4242 venit
3405 4203 3591 4260 genus

245 4334 310 4398 ›ι‹
339 4337 402 4390 Ρ.
427 4335 533 4387 604-
562 4333 674 4386 ED.
710 4331 1005 4396 POTTEB,
1038 4329 1143 4382 510
1172 4329 1284 4382 ΕΙ).
1316 4328 1546 4384 PARIS.
1579 4328 1656 4400 (a)
1688 4329 1831 4384 Exod

1948 4347 2097 4396 mu,
2128 4333 2216 4384 20.

247 4469 360 4542 (78)
391 4462 586 4542 Οὐδεὶς
613 4461 703 4542 ὂψ.
740 4464 919 4542 Exod.
953 4467 1298 4542 xxx:1t,_2_p_:
1358 4460 1435 4518 Οὐ
1491 4460 1592 4537 γὰρ
1627 4462 1704 4534 μὴ
1738 4459 1828 4536 ἴδῃ

176 4534 461 4611 ἅνθρωπος
491 4537 552 4611 τὸ
583 4534 882 4611 πρόσωπόν
917 4555 1043 4611 μου,
1075 4534 1162 4588 καὶ
1196 4535 1435 4611 ζήσεται,

1948 4464 2239 4538 Υξιιθιιιὶιιὶ
2268 4464 2624 4519 sententiam
2646 4465 2902 4536 explicat
2926 4465 3023 4537 (de
3054 4484 3171 4538 qua
3199 4466 3273 4522 cf'.
3302 4468 3589 4522 Irenaeum

1942 4533 2045 4588 lib.
2108 4553 2143 4602 ι,
2198 4541 2340 4590 sect.
2392 4539 2446 4603 9)
2508 4555 2522 4601 ;
2574 4533 2943 4607 quanquam'
2994 4533 3088 4592 ex'
3120 4539 3392 4593 Orientali
3479 4539 3590 4592 Va-

249 4604 362 4683 (79)
385 4604 637 4691 βῦρέθηξ
663 4609 831 4665 Haud
865 4604 986 4663 scio
1018 4624 1096 4664 an
1127 4607 1325 4662 verius
1356 4604 1574 4681 ἐρῥὲθη,
1613 4627 1640 4656 α
1672 4605 1831 4662 dicta

1948 4607 2370 4691 lentinianorum
2402 4604 2715 4691 Didasch‘lia
2919 4608 3588 4691 Clementem,pag_._80f,

176 4691 286 4742 est.
324 4706 350 4732 η
381 4684 652 4738 Sanunc.

249 4756 360 4827 (80)
389 4751 773 4827 ’Enhﬁpmsav.
821 4752 1144 4827 interpres
1170 4749 1362 4827 sing.“
1381 4764 1629 4827 innumero
1661 4745 1830 4827 ἐπλήο

177 4819 372 4894 ρωσεν,
387 4819 694 4896 «implevit
717 4841 730 4878 :
766 4847 786 4875 ι
818 4819 1011 4896 inquit
1029 4819 1643 4896 _Sylburg.Cl_.Gra_bius
1657 4821 1829 4890 Spici-

178 4888 313 4968 legii
343 4888 478 4954 saec.
515 4888 573 4956 Ῐι.
605 4913 662 4966 p.
697 4897 784 4961 54,
819 4888 943 4948 huic
975 4888 1220 4968 adnotat
1293 4914 1320 4941 «
1354 4893 1482 4968 Ego
1503 4888 1826 4968 ἐπλήρωσαν

177 4959 254 5026 inv
275 4959 799 5042 ὲπλήρωσενῖηιιιό
824 4985 838 5030 ;
872 4971 931 5019 et
958 4963 1136 5042 verba
1167 4963 1302 5042 ista,
1333 4959 1525 5042 οιξῖγᾲρ
1557 4960 1827 5042 αὐθ-εντικ.

177 5044 261 5098 ita
293 5034 687 5111 interpretor:
711 5059 738 5085 ‹‹
757 5038 885 5111 Non
909 5035 1067 5111 enim
1095 5040 1296 5089 exacte
1326 5034 1400 5089 ad
1431 5035 1618 5111 vivum
1641 5034 1834 5089 forma

179 5138 204 5163 ιι
231 5112 433 5184 aliqua
454 5105 851 5184 reperitur_(in
874 5106 1130 5184 imagine
1156 5105 1588 5184 expres.sa).sed
1605 5122 1831 5184 nomen

177 5176 372 5260 «(ejus
394 5176 718 5260 scil.:cujus
742 5179 934 5260 imago
957 5176 1066 5258 est)
1099 5176 1336 5260 supplet
1356 5176 1439 5258 id,
1465 5177 1622 5260 quod
1655 5179 1834 5260 effor-

177 5279 206 5306 «
224 5247 484 5311 ‘mationi
510 5247 731 5308 deest.»
749 5247 921 5304 Moris
945 5247 1104 5303 enim
1120 5248 1264 5302 olim
1286 5248 1469 5302 fuisse
1487 5248 1830 5319 pistoribus,

176 5333 244 5382 ut
273 5328 520 5382 nomina
577 5319 945 5394 imaginibus
980 5319 1368 5394 ascriberent,
1429 5336 1545 5394 quo
1597 5319 1832 5375 facilius

178 5389 800 5470 dignoscerenturfer
843 5390 1184 5470 _Aristot_elis
1235 5389 1343 5470 lib.
1377 5407 1428 5444 VI
1483 5392 1834 5470 Topicorum,

180 5460 287 5539 cap
337 5473 390 5536 2,
425 5460 742 5539 colligitur.
775 5462 860 5517 Ad
907 5460 1191 5539 eumd_em_
1232 5462 1430 5539 itaque
1451 5460 1834 5539 Ino'dumYa-

179 5533 445 5596 lentinus
458 5533 1063 5606 docébatsupremum
1078 5533 1434 5606 invisibilem
1451 5534 1630 5606 Deum
1653 5533 1831 5606 ﬁdem

181 5611 502 5668 conciliare
535 5627 656 5666 suae
679 5603 947 5679 imagini,
971 5605 1029 5658 id
1063 5609 1189 5679 est,~
1206 5605 1278 5659 ad
1310 5603 1628 5679 imaginem
1649 5605 1777 5675 ejus
1799 5621 1834 5659 a

181 5688 372 5740 matre
399 5681 616 5752 Sophia
635 5674 887 5752 formato
919 5675 1127 5752 mundi
1150 5674 1591 5752 Creatori,_dum
1609 5674 1831 5752 nomen

181 5780 208 5805 ‹‹
247 5755 348 5810 Dei
382 5776 408 5803 »
436 5747 547 5825 ipsi
579 5747 1065 5815 communicavit;
1097 5747 1183 5803 uti
1214 5747 1487 5804 Clemens
1502 5747 1678 5819 paulo
1702 5752 1835 5819 post

1941 4677 2095 4752 edit._
2113 4678 2320 4739 Paris.,
2345 4677 2524 4732 verba
2544 4677 2838 4752 Valentini
2870 4680 2930 4734 in
2980 4680 3287 4752 meliorem
3307 4677 3588 4752 explicari

1941 4748 2171 4821 possint
2228 4765 2499 4822 sensum.
2550 4749 2715 4822 Quod
2759 4767 2894 4805 vero
2954 4751 3198 4822 reliqum
3246 4753 3306 4806 in
3367 4748 3588 4807 mundo

1940 4819 2228 4876 creaturae
2258 4819 2377 4873 sint
2410 4820 2696 4891 imagines
2737 4819 3151 4878 cateroruma
3207 4839 3438 4878 summo
3471 4825 3588 4878 Deo

1942 4891 2431 4946 descendentium
2445 4893 2718 4962 Aionum,
2732 4897 2866 4962 post
2898 4893 3273 4949 Valentinum
3297 4894 3426 4950 loco
3443 4895 3592 4950 cita-

1941 4970 2022 5026 to,
2055 4967 2375 5032 sectatores
2408 4963 2538 5032 ejus
2567 4961 2862 5030 docuisse,
2895 4980 2964 5017 ex
3007 4967 3228 5020 lrenaao
3272 4973 3524 5022 constat.
3555 4985 3584 5018 ι

2013 5036 2122 5104 (81)
2176 5031 2252 5088 Τὸ
2313 5027 2588 5155 διασὲερον.
2641 5027 2938 5104 Interpres
2986 5036 3310 5106 appositive
3351 5038 3586 5110 accipit,

2013 5122 2053 5155 .c
2085 5121 2311 5155 sensu:
2355 5128 2380 5152 α
2445 5104 2589 5155 ’enit
2617 5105 2838 5155 anima.
2871 5121 3000 5155 cum
3062 5123 3129 5155 ex
3181 5107 3426 5155 dimidia
3478 5115 3586 5155 est-

1941 5105 2053 5160 hoc
2085 5122 2264 5159 sensu
2299 5121 2311 5157 :
2355 5128 2380 5152 α
2412 5104 2838 5176 Υθῐιίιίωιίωᾶ,
2871 5121 3000 5174 qua:
3025 5104 3041 5106 ⁷
3062 5104 3131 5162 ex
3181 5107 3426 5164 dimidio
3478 5104 3587 5176 est,

1943 5193 2154 5247 nempe
2184 5176 2241 5230 id
2270 5175 2427 5246 quod
2460 5182 2550 5247 est
2578 5175 2881 5230 differens.
2916 5198 2942 5224 »
2975 5177 3248 5233 SYLBURG.

2012 5243 2120 5317 (82)
2153 5247 2238 5320 Ἑν
2288 5243 2360 5318 τῇ
2412 5243 2611 5320 γενέσει
2633 5289 2667 5320 ,Α
2706 5248 3022 5320 Perperam
3073 5250 3388 5320 interpres,
3448 5271 3475 5299 «
3528 5249 3589 5304 in

1941 5319 2381 5390 generatione.»
2414 5317 2776 5390 Vertendum
2799 5317 2909 5373 fuit
2931 5343 2957 5367 ‹‹
2980 5320 3041 5374 in
3062 5321 3221 5376 libro
3236 5317 3588 5376 Ceneseos.»

1942 5389 2162 5463 Sensus
2194 5395 2362 5463 est,_«
2399 5407 2468 5444 ea
2498 5390 2556 5443 in
2586 5389 2687 5444 illo
2715 5391 3009 5463 Ceneseos
3038 5392 3188 5457 loco,
3222 5409 3338 5463 quo
3377 5392 3449 5447 de
3479 5393 3590 5448 ho-

1942 5462 2120 5534 minis
2152 5461 2449 5534 creatione
2485 5477 2678 5534 sermo
2709 5461 2899 5534 factus
2931 5468 3039 5529 est,
3087 5480 3193 5534 per
3241 5461 3588 5518 sensibilem

1942 5533 2432 5604 imaginemgolim
2465 5533 2749 5604 praadicta
2788 5533 3031 5588 fuisse.»

2013 5550 2260 5604 uaginem
2291 5550 2432 5588 onm
2508 5550 2749 5588 raaaicta
2788 5550 3031 5588 1111888.»

2013 5607 2124 5675 (83)
2157 5603 2279 5658 Ἐπὶ
2311 5603 2390 5659 τό.
2435 5550 2623 5662 έίίαιιι
2667 5604 2862 5659 dativo
2919 5621 3059 5659 casu
3106 5605 3218 5676 legi
3275 5610 3470 5677 potest
3498 5603 3585 5659 ἐπὶ

1939 5677 2040 5745 τῷ.
2075 5677 2347 5731 SvLsunc.

2013 5749 2124 5821 (84)
2186 5748 2446 5825 Διαφέρον
2508 5747 2682 5820 γένος.
2745 5749 2964 5818 Nempe
3041 5762 3228 5818 genus
3274 5747 3584 5806 hominum
