4004 6144
339 225 478 279 1299

1569 225 1978 281 ΟΙιΕΜΕΝἸἹΒ
2014 224 2520 280 ALEXANDRINI

3617 229 3767 285 i300

341 351 645 420 differens,
671 351 938 407 Christus
976 354 1230 406 mortem
1260 364 1381 404 non
1413 347 1687 415 abolevit,
1720 346 1836 401 nisi
1865 346 1992 418 ipse

2136 363 2292 414 ησεν,
2327 343 2373 399 εί
2408 346 2484 416 μή
2517 345 2604 399 καὶ
2638 344 2798 406 αὐτὸς
2842 343 3027 407 αὐτοῖς
3080 346 3381 419 ὁμοούσιος
3439 346 3691 424 λέχθείη·
3725 344 3774 404 εὶ

342 459 579 513 quoque
609 441 841 496 dicatur
857 439 1121 510 ejusdem
1157 455 1293 493 cum
1325 439 1411 493 eis
1443 437 1752 502 essentia};
1779 435 1872 490 sin
1895 451 2001 490 au-

343 540 461 587 tem
490 534 550 585 in
577 532 688 584 hoc
720 545 848 584 eam
877 528 1153 597 abolevit,
1187 534 1252 582 ut
1281 544 1467 599 genus
1523 543 1644 580 non
1683 526 2005 597 attingeret

344 623 647 686 differens,
673 635 791 673 non
825 617 922 672 isti
958 623 1210 672 mortem
1244 616 1622 686 abolent,qui
1648 613 2004 669 suntmmuli

343 709 656 771 Creatoris,
692 708 791 778 qui
824 707 1066 779 imagini
1099 723 1219 761 suas
1251 707 1425 760 istius
1476 707 1714 769 animm,
1750 720 1881 774 quaa
1917 707 2006 757 est

343 816 412 854 ex
444 798 1112 868 medietate,supernam
1142 797 1321 851 vitam
1343 796 1642 866 inspirant
1674 793 2004 849 secundum

344 888 558 958 dogma
599 887 671 941 ab
728 887 812 941 eis
871 891 1235 957 susceptum.
1297 885 1398 939 Sin
1457 901 1590 939 vero
1633 883 1746 938 hoc
1804 883 2008 938 dicant

345 978 582 1044 evenire
616 993 721 1047 per
742 981 1015 1040 matrem,
1067 975 1154 1029 vel
1219 975 1266 1030 si
1318 975 1522 1029 dicant
1577 989 1638 1028 se
1695 989 1815 1027 una
1871 988 2006 1027 cum

345 1067 576 1121 Christo
609 1065 890 1120 adversus
917 1070 1169 1119 mortem
1192 1064 1566 1136 belligerare,
1596 1067 1798 1133 aperte
1819 1060 2006 1116 faten-

348 1162 444 1210 tur
498 1154 556 1209 id
616 1155 914 1209 occultum
964 1154 1199 1226 dogma,
1257 1153 1553 1224 siquidem
1610 1168 1729 1206 non
1764 1151 2011 1206 timeant

349 1245 642 1300 Creatoris
673 1243 932 1298 divinam
982 1242 1262 1298 insectari
1311 1241 1662 1313 potentiam,
1727 1239 1830 1295 sed
1881 1239 2008 1309 ejus

350 1340 708 1399 creaturam,
743 1338 1025 1404 tanquam
1077 1333 1192 1403 ipsi
1235 1332 1513 1386 meliores
1552 1335 1772 1393 essent,
1804 1345 2011 1384 emen-

352 1423 512 1488 dant,
548 1427 604 1476 et
635 1422 958 1477 animalem
988 1422 1518 1493 imaginem,quam
1550 1419 1650 1474 ille
1673 1435 1795 1474 non
1819 1417 2012 1489 potuit

348 1513 602 1566 liberare
625 1511 697 1565 ab
721 1511 1230 1577 interitu,servare
1251 1510 1543 1565 nituntur.
1589 1509 1789 1565 Fuerit
1810 1512 2008 1562 autem

356 1601 638 1656 Dominus
661 1617 897 1672 quoque
928 1601 1046 1655 Deo
1081 1605 1347 1655 creatore
1381 1599 1595 1654 melior
1620 1615 1686 1653 ac
1709 1601 2007 1668 praastan-

2109 429 2156 486 δ’
2215 433 2292 495 εἷς
2350 437 2513 488 τοῦτο
2570 435 2941 509 κατήργησεν,
3005 434 3080 496 ὡς
3143 437 3220 508 μὴ
3279 441 3376 490 τοῦ
3419 433 3778 512 διαφέροντος

2109 520 2364 576 ’ἅπτεσθαι
2395 524 2606 598 γένους,
2638 523 2747 578 οὐχ
2778 524 2929 578 οὗτοι
2985 525 3077 578 τὸν
3135 527 3361 588 θάνατον
3409 531 3775 600 καταργοῦσιν

2111 612 2162 666 οἱ
2195 613 2610 685 ἀντίμιμοιτοῦ
2644 617 3016 688 Δημιουργοῦ,
3079 613 3132 667 οἱ
3189 615 3290 682 τῆς
3352 613 3411 668 ἐκ
3473 615 3780 688 μεσότητος

2111 703 2297 774 ψυχῆς
2327 704 2395 773 τῇ
2428 701 2656 777 σφετέρᾳ
2687 699 2857 756 είκόνι
2909 699 3256 778 ἐμφυσῶντες
3316 703 3415 772 τὴν
3476 705 3624 772 ζωὴν
3675 705 3778 772 τὴν

2113 790 2335 860 ἄνωθεν,
2365 791 2502 844 κατὰ
2527 791 2628 858 τήν
2653 787 2750 843 τοῦ
2782 788 3050 864 δόγματος
3108 787 3335 864 α’ίρεσιν·
3394 789 3490 846 κᾶν
3531 789 3622 846 διὰ
3674 800 3779 862 τῆς

2117 879 2327 952 μητρὸς
2375 883 2536 933 τοῦτο
2595 873 2911 951 συμϐαίνειν
2941 875 3197 954 λέγωσιν,
3253 876 3400 934 ἀλλά
3445 880 3543 934 κᾶν
3577 880 3622 934 εἰ
3684 880 3779 934 σὺν

2114 971 2340 1043 Χριστῷ
2371 969 2887 1043 καταστρατεύεσθαι
2935 973 3032 1022 τοῦ
3091 969 3323 1032 θανάτου
3370 967 3606 1045 λέγοιεν,
3639 972 3781 1043 ὁμο-

2116 1056 2431 1133 λογούντων
2454 1057 2516 1112 τὸ
2548 1054 2729 1132 δόγμα
2757 1057 2821 1111 τὸ
2877 1059 3281 1131 κεκρυμμένον,
3345 1058 3420 1122 ὡς
3477 1066 3576 1129 τῆς
3629 1062 3782 1122 θείας

2112 1151 2210 1200 τοῦ
2243 1150 2593 1222 Δημιουργοῦ
2638 1148 2992 1222 κατατρέχειν
3023 1145 3279 1220 τολμῶσι
3340 1145 3646 1222 δυνάμεως,
3677 1151 3782 1218 τὴν

2113 1234 2286 1289 κτίσιν
2313 1237 2412 1304 τήν
2439 1235 2711 1304 αὐτοῦ,ὡς
2741 1236 3022 1312 κρείττους
3054 1235 3545 1312 ἐπανορθούμενοι,
3567 1240 3782 1314 πειρώ-

2119 1345 2272 1397 μενοι
2305 1325 2496 1392 σώζειν
2528 1326 2624 1393 τὴν
2649 1327 2893 1400 ψυχικὴν
2928 1324 3132 1398 εἰκόνα,
3189 1323 3256 1396 ἤν
3312 1325 3470 1388 αὐτὸς
3518 1327 3780 1403 ῥύσασθαι

2113 1420 2214 1483 τῆς
2247 1417 2447 1492 φθορᾶς
2497 1413 2559 1468 οὐ
2615 1413 2966 1489 κατίσχυσεν.
3023 1413 3120 1486 Εῗη
3180 1412 3227 1469 δ’
3257 1413 3317 1470 ἄν
3348 1415 3437 1470 καί
3495 1417 3524 1471 6
3583 1416 3785 1492 Κύριος

2116 1502 2351 1575 ἀμείνων
2384 1507 2481 1557 τοῦ
2514 1499 2863 1579 δημιουργοῦ
2919 1508 3075 1559 Θεοῦ’
3111 1505 3172 1559 οὐ
3203 1505 3306 1581 γὰρ
3342 1507 3403 1559 ἄν
3435 1526 3568 1560 ποτε
3598 1508 3627 1561 6
3659 1507 3783 1570 υἱὸς

2113 1597 2194 1664 τῷ
2221 1592 2385 1667 πατρῖ
2443 1589 2906 1671 διαφιΛονεικοίη,
2957 1593 3048 1648 καὶ
3100 1598 3269 1648 ταῦτα
3326 1593 3379 1650 ἐν
3441 1596 3606 1657 θεοῖς.
3652 1598 3780 1654 Ὀτι

355 1691 471 1744 tior
504 1707 839 1760 :nunquam
873 1690 1032 1744 enim
1065 1688 1225 1744 ﬁlius
1257 1705 1392 1743 cum
1424 1693 1589 1759 patre
1611 1684 2005 1751 contenderit,

2136 1684 2176 1738 3‘s
2205 1683 2360 1745 οὗτός
2390 1682 2530 1738 ἐστιν
2565 1684 2591 1738 6
2622 1687 2719 1738 τοῦ
2751 1684 2871 1738 υἲοῦ
2927 1685 3133 1757 πατὴρ,
3190 1686 3218 1739 6
3267 1687 3611 1761 Δημιουργὸς
3665 1692 3778 1742 τῶν

355 1782 536 1851 idque
569 1782 725 1835 inter
755 1781 918 1836 deos.
955 1779 1120 1844 Quod
1147 1785 1347 1834 autem
1405 1779 1502 1833 hic
1553 1778 1629 1832 sit
1661 1782 1831 1847 pater
1880 1774 2008 1839 filii,

358 1872 599 1925 Creator
639 1871 1074 1938 universorum,
1128 1868 1417 1923 Dominus
1475 1866 1876 1936 omnipotens,
1938 1862 2012 1918 ad

355 1959 520 2013 illam
553 1957 893 2012 distulimus
925 1958 1415 2029 disputationem,
1457 1956 1517 2009 in
1569 1971 1686 2025 qua
1733 1953 2012 2008 adversus

355 2049 507 2104 219
540 2048 796 2102 haereses
824 2045 1116 2102 disserere
1168 2044 1574 2116 promisimus,
1624 2041 2011 2096 ostendentes

355 2154 490 2191 eum
523 2153 651 2191 esse
684 2136 898 2199 solum,
933 2136 1032 2206 qui
1065 2139 1155 2190 est
1184 2135 1255 2190 ab
1311 2134 1440 2204 ipso
1472 2130 1847 2204 praadicatus.
1900 2128 2012 2183 Sed

353 2225 526 2280 nobis
558 2223 800 2294 quidem
858 2224 1124 2279 scribens
1179 2221 1494 2292 Apostolus
1557 2221 1627 2275 de
1687 2217 2012 2274 tolerandis

351 2313 776 2369 afflictionibus
813 2331 824 2367 :
867 2333 888 2361 ι
932 2315 1000 2367 Ει
1030 2312 1164 2376 hoc,
1196 2311 1408 2381 inquit,
1442 2327 1513 2364 ex
1544 2311 1686 2378 Deo,
1721 2307 1879 2378 quod
1909 2323 2011 2360 vo-

350 2403 443 2458 bis
462 2403 747 2458 donatum
779 2408 868 2456 est
896 2419 1002 2472 pro
1025 2400 1352 2466 Christo,ut
1368 2415 1488 2453 non
1509 2398 1700 2453 solum
1733 2398 1793 2451 in
1815 2398 2012 2468 ipsum

352 2492 628 2558 credatis,
664 2491 768 2546 sed
801 2491 979 2545 etiam
1033 2503 1140 2560 pro
1175 2505 1243 2543 eo
1302 2487 1612 2558 patiamini
1651 2505 1665 2554 ;
1717 2487 1875 2542 idem
1909 2487 2015 2542 ha-

355 2581 563 2635 bentes
595 2586 922 2643 certamen,
983 2576 1155 2647 quale
1214 2576 1445 2630 vidistis
1497 2576 1559 2631 in
1612 2593 1728 2642 me,
1763 2581 1823 2630 et
1853 2593 2015 2631 nunc

357 2670 578 2724 auditis
609 2669 670 2722 in
704 2683 816 2722 me.
853 2666 909 2720 Si
943 2681 1060 2736 qua
1090 2670 1180 2720 est
1209 2681 1345 2738 ergo
1395 2665 1721 2721 consolatio
1755 2665 1816 2720 in
1849 2666 2014 2720 Chri-

361 2765 470 2828 sto,
506 2758 554 2812 si
596 2756 754 2827 quod
787 2755 1064 2810 solatium
1093 2755 1422 2820 charitatis,
1483 2755 1531 2808 si
1590 2771 1707 2825 qua
1765 2755 2017 2809 societas

362 2847 625 2917 spiritus,
661 2844 709 2897 si
760 2859 875 2913 qua
933 2844 1158 2897 viscera
1189 2847 1247 2896 et
1304 2843 1737 2908 miserationes,
1771 2842 2016 2914 implete

363 2952 562 2991 meum
594 2932 897 3004 gaudium,
946 2936 1012 2985 ut
1036 2930 1195 2985 idem
1254 2931 1548 2998 sentiatis,
1582 2931 1852 2987 eamdem
1911 2933 2014 2987 ha-

361 3025 567 3078 bentes
620 3022 991 3084 charitatem,
1052 3021 1388 3087 unanimes,
1448 3020 1605 3075 idem
1666 3022 2014 3076 sentientes.

365 3113 420 3166 Si
450 3116 649 3165 autem
683 3109 1030 3165 immolatur
1058 3126 1239 3180 super
1271 3109 1562 3165 sacrificio
1589 3116 1647 3165 et
1682 3111 2016 3166 ministerio
2049 3081 2091 3148 Ο

364 3199 502 3253 ﬁdei
535 3198 800 3270 gaudens
858 3203 915 3253 et
971 3198 1390 3270 congratulans
1424 3199 1520 3270 (a),
1549 3221 1575 3248 »
1610 3216 1734 3269 eos,
1767 3200 1840 3255 ad
1871 3217 2021 3271 quos

361 3289 628 3358 loquitur
657 3288 995 3358 Apostolus,
1030 3288 1444 3360 Philippenses
1493 3305 1713 3344 vocans
1741 3310 1769 3339 «
1817 3291 2021 3362 gratim

362 3381 668 3431 consortes
702 3378 794 3447 (ὁ),
830 3399 858 3426 ››
889 3375 1188 3447 quomodo
1220 3377 1382 3447 ipsos
1415 3376 1557 3432 dicit
1591 3399 1618 3428 ι(
1650 3378 1970 3433 unanimes
1993 3401 2021 3428 ››

365 3473 423 3521 et
449 3466 742 3521 animales
764 3466 791 3520 *ἶ
815 3465 1101 3520 Similiter
1131 3465 1310 3520 etiam
1345 3465 1416 3520 de
1447 3467 1754 3521 Timotheo
1787 3483 2022 3537 quoque

367 3555 632 3610 scribens
664 3559 721 3608 et
752 3554 1006 3626 seipso,«
1027 3555 1338 3610 Neminem
1370 3555 1550 3620 enim,
1584 3554 1800 3627 inquit,
1833 3556 2023 3612 habeo

370 3650 487 3699 tam
520 3643 888 3710 unanimem,
923 3643 1024 3714 qui
1059 3660 1339 3716 germane
1371 3644 1442 3700 de
1473 3644 1638 3699 vobis
1681 3645 1916 3700 futurus
1950 3647 2027 3708 sit

371 3733 907 3788 sollicitus.0mnes
925 3721 1105 3798 enim,
1127 3749 1257 3804 quae
1282 3750 1388 3789 sua
1409 3739 1870 3805 sunt,quaarunt,
1906 3753 2025 3790 non

372 3840 502 3893 qum
528 3824 664 3877 Jesu
681 3821 896 3876 Christi
931 3823 1146 3891 (c).»Ne
1179 3839 1317 3896 ergo
1348 3823 1549 3894 probri
1576 3823 1708 3878 loco
1731 3841 1840 3879 nos
1861 3826 2027 3879 «ani-

370 3913 558 3968 males
595 3936 614 3960 ι
651 3913 853 3967 dicant
882 3917 984 3967 aut
1026 3913 1190 3984 prius
1221 3915 1534 3968 memorati
1598 3915 1893 3984 homines,
1927 3921 2028 3972 aut

369 4007 431 4070 ἦ(
460 4003 638 4057 etiam
663 4002 925 4072 Phryges
958 4001 1128 4071 :jam
1161 4003 1323 4056 enim
1355 4003 1394 4056 ii
1449 4019 1687 4073 quoque
1735 4003 1890 4070 illos,
1924 4004 2027 4076 qui

370 4109 532 4146 novm
563 4108 682 4146 non
701 4089 1018 4145 attendunt
1047 4091 1396 4161 prophetiae,
1422 4111 1452 4144 κ
1474 4092 1762 4147 animales
1781 4115 1807 4142 »
1823 4095 2027 4164 appel-

371 4181 514 4248 lant,
549 4182 832 4236 adversus
865 4196 1014 4251 quos
1046 4180 1434 4248 disseremus,
1493 4198 1628 4236 cum
1680 4198 1923 4254 agemus
1955 4184 2028 4238 de

369 4271 702 4342 prophetia.
739 4273 882 4324 Eum
911 4286 1071 4341 ergo,
1133 4270 1233 4340 qui
1296 4277 1387 4325 est
1443 4271 1762 4342 perfectus,
1797 4278 2032 4344 oportet

374 4377 648 4416 exercere
680 4359 1054 4428 charitatem,
1091 4365 1148 4413 et
1177 4359 1317 4415 hinc
1349 4360 1422 4414 ad
1476 4361 1578 4416 Dei
1613 4361 1856 4416 tendere
1878 4362 2030 4417 ami-

2119 1772 2470 1845 συμπάντων,
2506 1774 2534 1827 ὁ
2565 1773 2954 1848 παντοκράτωρ
2987 1773 3210 1849 Κύριος,
3270 1774 3346 1837 εἷς
3381 1772 3596 1830 ἐκείνων
3653 1775 3780 1831 ἀνε-

2119 1859 2405 1936 ϐαλόμεθα
2460 1866 2560 1934 τήν
2619 1865 2834 1938 σκέψιν,
2888 1866 3007 1919 καθ’
3062 1863 3128 1932 ἢν
3179 1865 3317 1939 πρὸς
3398 1868 3492 1927 τὰς
3544 1865 3783 1939 αἱρέσεις

2123 1954 2482 2028 ὑπεσχήμεθα
2513 1951 2882 2027 διαλέξασθαι,
2911 1959 3102 2010 τοῦτον
3137 1955 3271 2011 εἶναι
3330 1955 3491 2027 μόνον
3529 1953 3779 2011 δεικνύνε

2117 2063 2205 2104 τες
2232 2043 2322 2097 τὸν
2361 2043 2451 2096 ὑπ’
2499 2044 2664 2097 αὐτοῦ
2723 2042 3150 2118 κεκηρυγμένον.
3211 2043 3374 2098 Ἀλλ’
3419 2046 3556 2116 ἡμῖν
3611 2065 3673 2118 γε
3757 2045 3784 2099 ὁ

2119 2128 2457 2193 Ἀπόστολος
2492 2130 2569 2195 εἷς
2597 2133 2695 2202 τήν
2729 2136 2836 2187 τῶν
2894 2131 3134 2206 Ολίψεων
3197 2133 3486 2206 ὑπομονῆν
3533 2132 3782 2211 γράφωνθ

2121 2244 2149 2272 ‹‹
2182 2221 2280 2275 Καὶ
2309 2225 2470 2276 τοῦτο
2632 2223 2644 2242 ‘
2740 2223 2753 2240 ’
2812 2223 2826 2241 ⁸
2969 2227 2996 2238 ’
3099 2222 3106 2237 ’
3229 2225 3241 2242 θ
3302 2229 3324 2240 ’
3763 2224 3776 2240 ‘

2480 2243 2834 2299 ,φησιν,απο
2865 2229 3022 2290 Θεου,
3077 2224 3161 2278 δτι
3224 2245 3351 2295 υμιν
3399 2222 3670 2299 ἐχαρίσθη
3722 2245 3786 2278 το

2122 2311 2254 2386 ὑπὲρ
2277 2313 2532 2385 Χριστοῦ,
2568 2309 2628 2366 οὗ
2657 2310 2824 2385 μόνον
2852 2311 2915 2366 τὸ
2976 2312 3050 2374 είς
3101 2312 3262 2367 αὐτὸν
3313 2312 3607 2384 πιστεύειν,
3640 2313 3787 2368 ἀλλά

2119 2398 2210 2454 καὶ
2238 2401 2300 2454 τὸ
2356 2399 2490 2474 ὑπὲρ
2520 2399 2685 2454 αὐτοῦ
2715 2401 2969 2474 πάσχειν’
3030 2401 3120 2456 τὸν
3164 2394 3332 2456 αὐτὸν
3379 2402 3564 2477 ἀγῶνα
3619 2397 3783 2477 ἕχον·

2119 2509 2229 2556 τες,
2262 2491 2377 2543 οἷον
2412 2486 2556 2543 ἴδετε
2587 2487 2639 2543 έν
2672 2487 2821 2562 ἐμοὶ,
2851 2489 2941 2543 καὶ
2968 2493 3059 2543 νῦν
3090 2490 3316 2546 ἀκούετε
3347 2489 3397 2545 ἒν
3432 2491 3581 2564 ἐμοί.
3614 2491 3782 2554 Εῗτις

2122 2579 2211 2632 οὖν
2233 2576 2578 2652 παράκλησις
2599 2577 2650 2633 ἒν
2673 2580 2914 2651 Χριστῷ,
2935 2576 2990 2633 εἷ’
3009 2600 3059 2634 τι
3091 2580 3439 2653 παραμύθιον
3473 2581 3717 2654 ἀγάπης,
3737 2578 3780 2636 εἴ

2121 2688 2202 2729 τις
2223 2668 2482 2722 κοινωνία
2511 2666 2843 2742 πνεύματος,
2880 2665 2927 2722 ε⁹ί
2955 2688 3078 2723 τινα
3109 2667 3402 2746 σπλάγχνα
3444 2671 3536 2724 καὶ
3579 2671 3782 2740 οἰκτιρ-

2126 2756 2244 2831 μοὶ,
2278 2755 2612 2830 πληρώσατέ
2645 2778 2752 2830 μου
2781 2758 2883 2827 τὴν
2920 2759 3118 2833 χαρὰν,
3148 2759 3240 2813 ἳνα
3267 2759 3330 2814 τὸ
3364 2758 3496 2814 αὐτὸ
3524 2767 3779 2836 φρονῆτε,

2119 2847 2218 2914 τὴν
2247 2845 2414 2914 αὐτὴν
2448 2845 2666 2920 ἀγάπην
2698 2844 2944 2922 ἔχοντες,
3004 2845 3310 2922 σύμψυχοι,
3341 2848 3404 2902 τὸ
3437 2844 3493 2903 ’ἐν
3525 2854 3786 2926 φρονοῦν.

2119 2956 2226 2998 τες.
2263 2934 2326 2989 Ei’
2357 2932 2414 2990 δὲ
2445 2931 2725 2990 σπένδεται
2757 2933 2842 2989 ἐπὶ
2876 2939 2942 3010 τῇ
3003 2936 3161 3008 θυσίᾳ
3187 2936 3276 2991 καὶ
3334 2940 3404 3011 τῇ
3469 2936 3788 3013 λειτουργίᾳ

2127 3032 2228 3094 τῆς
2257 3025 2494 3086 πίστεως
2527 3024 2737 3100 χαίρων
2765 3025 2853 3080 καὶ
2885 3024 3264 3101 συγχαίρωνρ»
3283 3025 3423 3100 πρὸς
3455 3026 3549 3091 οὕς
3576 3029 3604 3082 ὁ
3629 3026 3786 3102 λόγος

2128 3119 2208 3186 τῷ
2232 3112 2576 3186 Ἀποστόλῳ,
2608 3112 2735 3174 τοὺς
2769 3113 3183 3185 Φιλιππησίους
3223 3140 3242 3165 ι
3279 3117 3672 3189 συμμετόχους
3691 3121 3786 3183 τῆς

2128 3206 2358 3279 χάριτος
2532 3227 2558 3254 ››
2591 3201 2798 3272 καλῶν,
2831 3207 2950 3266 πῶς
2982 3202 3182 3268 αὐτοὺς
3213 3226 3239 3259 α
3269 3204 3600 3280 συμψύχους
3639 3232 3660 3257 ι
3697 3207 3786 3262 καὶ

2129 3293 2400 3368 ψυχικοὺς
2434 3295 2546 3366 (86)
2577 3291 2722 3369 λέγει
2757 3311 2770 3362 ;
2803 3294 3043 3366 Ὁμοίως
3096 3294 3185 3349 καὶ
3239 3295 3364 3370 περὶ
3395 3295 3669 3368 Τιμοθέου
3699 3295 3790 3350 καὶ

2129 3384 2325 3438 ἑαυτοῦ
2354 3381 2597 3458 γράφων,
2649 3406 2676 3433 ‹‹
2735 3379 2931 3437 οὐδένα
2985 3382 3090 3458 γὰρ
3149 3378 3285 3459 ἔχω,
3347 3383 3534 3461 φησὶν,
3597 3384 3793 3460 ἰσόψυ-

2129 3491 2256 3545 χον,
2311 3469 2458 3532 ὅστις
2504 3470 2744 3546 γνησίως
2799 3473 2866 3525 τὰ
2939 3471 3065 3545 περὶ
3122 3473 3274 3546 ὑμῶν
3341 3475 3689 3546 μεριμνήσει”
3745 3475 3798 3528 οἱ

2130 3559 2326 3622 πάντες
2351 3560 2451 3634 γάρ
2482 3559 2550 3614 τὰ
2606 3559 2809 3622 ἒαυτῶς
2870 3565 3148 3634 ζητοῦσιν,
3208 3564 3270 3614 ού
3321 3561 3388 3616 τὰ
3435 3563 3616 3634 Ἰησοῦ
3661 3567 3800 3637 Χριο

2130 3653 2258 3704 στοῦ
2303 3651 2436 3721 (87).
2487 3673 2516 3700 ιι
2577 3649 2665 3717 Μὴ
2727 3647 2904 3703 τοίνυν
2950 3673 2977 3700 ι(
3038 3648 3310 3725 ψυχικοῦς
3356 3674 3384 3701 ››
3443 3650 3498 3705 ἐν
3546 3647 3799 3713 ὀνείδους

2134 3737 2284 3812 μέρει
2343 3736 2619 3812 λεγόντων
2680 3740 2830 3810 ἡμᾶς
2905 3739 2956 3792 οἱ
3015 3739 3431 3814 προειρημένοι,
3493 3737 3640 3793 ἀλλὰ
3704 3742 3799 3795 καὶ

2131 3827 2184 3880 οἱ
2211 3824 2446 3901 Φρύγες
2480 3823 2590 3896 ἤδη
2624 3827 2729 3901 γὰρ
2760 3827 2848 3880 καὶ
2880 3827 3029 3882 οὗτοι
3085 3826 3218 3890 τοὺς
3262 3832 3330 3901 τῇ
3363 3828 3454 3898 νέᾳ
3483 3829 3802 3905 προφητείᾳ

2135 3915 2211 3988 μὴ
2244 3916 2612 3990 προσέχοντας
2648 3940 2675 3966 ‹‹
2707 3915 2980 3990 ψυχικοὺς
3014 3937 3040 3969 ι
3096 3915 3379 3985 καλοῦσιν,
3410 3917 3546 3988 πρὸς
3606 3915 3713 3980 οὕς
3747 3919 3799 3973 έν

2128 4011 2246 4069 τοῖς
2277 4031 2303 4057 ‹‹
2337 4004 2466 4077 Περὶ
2498 4004 2835 4081 προφητείας
2869 4029 2896 4057 ››
2957 4002 3338 4078 διαλεξόμεθα.
3390 4005 3637 4081 Ἀγάπην
3703 4006 3797 4064 οὖν

2132 4093 2314 4149 ἀσκεῖν
2345 4096 2434 4148 τὸν
2460 4093 2673 4148 τέλειον
2709 4095 2846 4168 χρὴ.
2888 4092 3143 4149 κάνθένδε
3201 4093 3290 4148 ἐπὶ
3335 4095 3436 4162 τὴν
3499 4095 3642 4158 θείαν
3707 4120 3799 4175 φι-

2135 4180 2254 4237 λίαν
2289 4180 2561 4251 σπεύδειν,
2597 4179 2667 4235 δι⁹
2698 4181 2910 4256 ἀγάπην
2936 4180 3254 4237 έκτελοῦντα
3273 4181 3369 4245 τὰς
3402 4181 3651 4246 ἐντολάς.
3719 4186 3796 4242 Τὸ

2135 4271 2193 4328 δὲ
2223 4271 2434 4346 ἀγαπᾷν
2465 4269 2592 4332 τοὺς
2618 4269 2856 4345 ἐχθροὺς
2903 4271 3002 4326 οὐκ
3052 4271 3266 4345 ἀγαπᾷν
3298 4272 3361 4327 τὸ
3408 4271 3572 4327 κακὸν
3625 4271 3794 4347 λέγει,

2135 4358 2265 4415 οὐδὲ
2295 4355 2568 4429 ἀσέϐειαν,
2599 4358 2634 4430 ἤ
2671 4359 2949 4434 μοιχείαν,
2981 4357 3017 4430 ἤ
3049 4357 3290 4433 κλοπὴν,
3342 4359 3491 4416 ἀλλᾶ
3543 4361 3635 4415 τὸν
3669 4360 3790 4415 κλέ-

376 4452 596 4516 citiam,
639 4466 747 4521 per
777 4449 1129 4504 charitatem
1159 4449 1289 4520 ejus
1347 4450 1628 4505 mandata
1675 4467 2018 4521 exsequens.

2138 4470 2302 4520 πτην,
2334 4449 2422 4504 καὶ
2453 4449 2543 4503 τὸν
2576 4443 2770 4518 ἀσεϐῆ,
2806 4448 2896 4503 καὶ
2927 4451 3016 4504 τὸν
3054 4449 3279 4524 μοιχὸν,
3313 4449 3376 4504 οὐ
3423 4449 3558 4513 καθὸ
3616 4450 3792 4523 ἁμαρ·-

378 4542 518 4594 Cum
579 4557 713 4594 vero
761 4538 937 4610 jubet
991 4537 1238 4610 diligere
1293 4538 1588 4607 inimicos,
1622 4556 1739 4594 non
1787 4540 2031 4613 diligere

382 4630 619 4697 quidem
652 4628 876 4684 malum
902 4627 1206 4699 jubemur,
1241 4644 1434 4698 neque
1493 4627 1881 4700 impietatem,
1939 4630 2033 4685 vel

383 4716 764 4785 adulterium,
795 4717 888 4771 vel
916 4717 1142 4772 furtum
1179 4735 1192 4784 ;
1226 4717 1330 4772 sed
1359 4717 1573 4784 furem,
1643 4724 1703 4773 et
1759 4719 2032 4790 impium,

383 4811 441 4859 et
470 4805 828 4873 adulterum,
881 4824 1000 4863 non
1060 4807 1302 4879 quidem
1343 4813 1637 4879 quatenus
1695 4814 1918 4879 peccat,
1977 4815 2036 4865 et

2141 4538 2311 4604 τάνει,
2341 4538 2432 4592 καὶ
2461 4536 2528 4612 τῇ
2584 4541 2719 4607 ποιᾷ
2774 4535 3014 4614 ἐνεργείᾳ
3073 4537 3299 4610 μολύνει
3355 4539 3454 4606 τὴν
3505 4539 3792 4611 ἀνθρώπου

2143 4631 2538 4702 προσηγορίαν,
2597 4627 2716 4681 καθ’
2775 4625 2805 4680 δ
2863 4624 2921 4680 δὶ
2973 4624 3259 4702 ἅνθρωπός
3315 4625 3449 4699 ἐστι,
3496 4627 3588 4681 καὶ
3637 4623 3790 4703 ἔργον

2145 4721 2312 4788 Θεοῦε
2362 4715 2589 4789 ’Λμέλει
2643 4715 2707 4770 τὸ
2757 4718 3084 4790 ἁμαρτάνειν
3136 4716 3375 4792 ἐνεργείᾳ
3443 4721 3635 4787 κιῖται,
3698 4717 3796 4770 οὐκ

2146 4805 2322 4879 οὐσίᾳ·
2358 4802 2442 4861 διὸ
2475 4804 2602 4861 οὐδὲ
2657 4801 2816 4881 ἔργον
2873 4811 3026 4865 Θεοῦ.
3070 4806 3297 4882 Ἐχθροὶ
3331 4803 3388 4860 δὲ
3446 4807 3498 4861 οἱ
3556 4805 3793 4882 ἁμαρτά-

448 4968 738 5046 »ΧξΔΡζβοὸ
770 4970 883 5024 ED.
925 4973 1219 5039 POTTER,
1261 4971 1499 5030 511Ε1).
1542 4972 1773 5030 PARIS.
1808 4974 1882 5046 (α)
1915 4973 2018 5028 Phi

2165 4991 2204 5041 Ι,
2236 4977 2324 5042 29,
2351 4975 2420 5027 30
2455 4990 2467 5040 ;
2500 4991 2554 5042 ιι,
2591 4977 2641 5041 l,
2669 4976 2721 5039 2,
2761 4977 2845 5028 l7.
2920 4974 2994 5044 (ὁ)
3025 4972 3241 5044 Philip.
3267 4990 3304 5039 ι,
3339 4977 3390 5026 7.
3453 4974 3524 5042 (c)
3575 4971 3790 5042 Philip.

379 5057 438 5108 ll,
469 5041 556 5105 20,
591 5041 677 5092 2t.

379 5212 403 5249 s
453 5189 709 5256 irituale,
744 5188 901 5257 quod
945 5192 1205 5249 haeretici
1239 5196 1636 5265 affirmabant,
1674 5215 1704 5253 e
1735 5198 1881 5254 caelo
1952 5198 2024 5253 ad

379 5211 733 5318 abolendam
759 5267 1007 5317 mortem
1040 5266 1419 5318 descendisse
1442 5278 1534 5318 :ut
1553 5270 1727 5318 nanln
1761 5271 2024 5318 simerins

377 5260 733 5342 abolendam
759 5267 1007 5317 mortem
1040 5266 1419 5324 descendisse
1442 5278 1534 5325 :ut
1550 5260 1727 5341 paulo
1761 5271 2033 5342 superius

379 5336 528 5390 dixit
558 5336 782 5387 auctor.

457 5409 566 5484 (8_5i
598 5399 1131 5484 g'JII-lLAETéxOUgTﬁS
1150 5404 1398 5478 χάριτος.
1432 5413 1690 5484 Respicit
1744 5413 1954 5483 Philip.
1988 5429 2028 5479 ῐ,

383 5484 448 5562 7,,
471 5476 568 5531 ubi
596 5473 914 5562 A'pqslg'lus
945 5477 1028 5531 ait
1055 5473 1509 5549 :Vﬁn‘yiowmwéq
1542 5473 1646 5552 μου
1668 5489 1766 5549 τῆς
1803 5473 2030 5558 χάριτος

381 5567 584 5605 παντας
620 5565 758 5615 υμας
792 5565 967 5610 οντας.

453 5619 566 5688 (86)
617 5616 949 5694 Συμψῦχους
1008 5618 1105 5675 παὶ
1163 5617 1455 5694 ψυχικούς.
1515 5623 1629 5678 Vox
1677 5626 2029 5695 posteriora

2137 5197 2320 5269 priori
2351 5197 2426 5253 ab
2458 5203 2699 5254 auctore
2731 5197 3014 5271 infertur:
3046 5194 3664 5271 ηειιηᾲσύμψυχοιρεβθ
3687 5213 3792 5252 ne-

2145 5277 2396 5340 queunt,
2429 5272 2529 5340 qui
2564 5287 2685 5325 non
2718 5270 2899 5325 habet
2924 5269 3024 5334 τήν
3057 5269 3266 5340 ψυχήν,
3300 5288 3367 5325 ac
3399 5269 3650 5340 proinde
3693 5271 3791 5339 ψυ-

2141 5339 2296 5394 Χικοί
2328 5339 2488 5415 sunt.
2527 5344 2641 5397 Vox
2675 5343 2804 5413 ipsa
2833 5339 3173 5415 ψυχικοίίή
3209 5343 3316 5397 hac
3371 5339 3624 5412 epistola
3672 5357 3789 5395 non

2141 5414 2370 5468 occurri
2381 5419 2419 5473 ι,

2214 5487 2326 5559 (_8_'_7)
2360 5485 2434 5538 Τά
2468 5485 2648 5552 Ἰησοῦ
2709 5485 2964 5557 Χριστοῦ.
3025 5483 3102 5538 Τὰ
3155 5486 3252 5536 τοῦ
3295 5481 3532 5559 Χριστοῦ
3590 5483 3790 5551 Ἰησοῦ,

2139 5556 2354 5626 Philip.
