4004 6144
233 300 369 359 1301

1567 301 2016 358 ΒΤΒΟΜΔΤΠΠ
2054 305 2188 357 LIB.
2229 304 2321 358 IV.

3519 313 3660 368 1302

226 451 412 493 νοντες
447 427 694 506 εἷ’ρηνται
725 433 879 498 Θεοῦ,
913 430 965 484 οἱ
992 427 1183 504 ἐχθροὶ
1217 425 1284 497 δὴ
1333 433 1442 483 τῶν
1507 427 1767 501 ἐντολῶν,
1801 431 1876 490 αἶς

2002 431 2258 502 quadam
2285 433 2515 487 actione
2559 434 2820 488 humano
2871 437 3101 491 nomini
3144 438 3400 497 dedecus
3454 443 3653 513 infert,

231 517 376 593 μηδὲ
411 520 776 591 ὑπακηκόασι,
809 518 1096 595 γενόμενοι
1131 517 1312 593 ὥσπερ
1362 515 1517 594 φίλοι
1568 519 1621 572 οἱ
1680 519 1888 587 ὑπακη-

226 611 439 680 κοότες,
473 611 524 664 οἳ
558 611 653 684 μὲν
690 607 778 664 διὰ
807 610 907 678 τήν
942 607 1238 677 οἷκείωσιν,
1273 610 1330 662 οἱ
1363 605 1420 662 8‘s
1451 605 1542 662 διὰ
1581 608 1679 676 τήν
1711 607 1891 663 ἀπαλ-

230 698 526 775 λοτρίωσιν
584 699 683 767 τήν
741 697 801 754 ἐκ
856 697 1232 774 προαιρέσεως
1306 699 1835 773 προσαγορευθέντες
1870 717 1882 730 ο

229 789 384 853 οὐθὲν
426 789 526 864 γὰρ
558 789 593 858 ἡ
645 784 816 862 ἔχθρα
867 784 982 842 οὐδ’
1011 789 1046 856 ἡ
1078 785 1319 862 ἁμαρτία
1377 782 1500 841 ἄνευ
1537 791 1638 841 τοῦ
1685 787 1887 860 ἐχθροῦ

225 879 318 934 καὶ
348 882 444 933 τοῦ
476 877 904 954 ἁμαρτάνοντοςο
950 877 1037 931 καὶ
1091 901 1120 928 ‹‹
1151 877 1213 931 τὸ
1247 874 1482 948 μηδενὸς
1515 874 1821 948 ἐπιθυμεῖν,
1862 901 1880 924 ιι

228 966 340 1043 οὐχ
369 969 442 1030 ὡς
474 966 782 1040 ἀλλοτρίων
822 971 932 1022 τῶν
973 965 1327 1038 ἐπιθυμητῶν
1362 961 1556 1034 ὄντων,
1589 964 1757 1027 πόθον
1807 965 1882 1036 μή

225 1053 374 1133 ἔχειν
427 1054 690 1126 διδάσκει,
741 1057 980 1130 καθάπερ
1027 1054 1390 1132 ὑπειλήφασιν
1425 1055 1476 1108 οἱ
1505 1053 1597 1108 τὸν
1655 1053 1882 1123 Κτίστην

226 1145 401 1202 ἄλλον
460 1146 591 1202 εἶναι
648 1145 794 1221 παρὰ
841 1145 933 1200 τὸν
983 1149 1202 1219 πρῶτον
1250 1151 1380 1198 Θεον
1440 1141 1881 1219 δογματίζοντες’

226 1232 344 1300 οὔθ’
368 1236 443 1298 ὡς
470 1230 872 1310 ἐϐδελυγμὲνης
900 1233 991 1289 καὶ
1039 1239 1212 1302 κακῆς
1245 1229 1410 1302 οὔσης
1467 1239 1566 1301 τῆς
1625 1233 1886 1306 γενέσεως

224 1327 396 1398 (ἄθεοι
428 1325 530 1399 γὰρ
583 1325 638 1378 αἱ
690 1320 837 1394 δόξαι
891 1321 1096 1394 αὗται)’
1160 1345 1182 1374 ι
1235 1319 1503 1396 ἀλλότρια
1535 1345 1562 1372 ››
1614 1318 1672 1374 δὲ
1719 1323 1884 1393 ἡμεῖς

225 1434 400 1492 φαμεν
427 1413 494 1468 τὰ
515 1416 613 1466 τοῦ
643 1411 881 1484 κόσμου,
911 1411 1019 1486 οὐχ
1048 1412 1124 1473 ὡς
1157 1412 1354 1478 ἄτοπα,
1387 1408 1500 1464 οὐδ’
1531 1410 1604 1472 ὡς
1627 1409 1756 1485 οὐχὶ
1786 1407 1882 1464 τοῦ

226 1507 362 1559 Θεοῦ
389 1506 488 1557 τοῦ
516 1499 730 1557 πάντων
773 1501 996 1573 Κυρίου,
1042 1499 1168 1556 ἀλλ’
1217 1497 1404 1568 ἐπειδὴ
1460 1502 1536 1572 μή
1587 1499 1883 1572 καταμὲνο-

231 1613 326 1667 μεν
359 1590 412 1646 ἐν
460 1591 644 1653 αὐτοῖς
690 1589 782 1644 τὸν
832 1587 1006 1644 πάντα
1050 1589 1240 1644 αἰῶνα*
1293 1590 1478 1658 κτήσει
1531 1585 1658 1642 ὄντα
1705 1587 1882 1643 ἀλλό-

224 1702 372 1756 τρια,
401 1681 630 1736 καὶτῶν
685 1679 823 1735 κατᾶ
866 1676 1141 1754 διαδοχήν
1199 1679 1537 1753 ὑπάρχοντα·
1589 1679 1787 1752 χρήσει
1823 1674 1880 1732 δὲ

224 1773 454 1827 ἑκάστου
495 1773 655 1844 ἡμῶν
715 1766 854 1838 ἴδια,
885 1766 954 1823 δι’
1016 1767 1108 1831 οὓς
1161 1767 1250 1822 καὶ
1305 1767 1534 1842 ἐγένετο·
1591 1767 1739 1837 πλὴν
1799 1766 1878 1838 ἐφ’

224 1862 350 1916 ὅσον
396 1863 508 1934 (88)
562 1880 622 1935 γε
669 1859 852 1920 αὐτοῖς
909 1859 1200 1932 ἀναγκαῖον
1253 1860 1665 1931 συμπαρεῖναι.
1726 1857 1876 1912 Κατᾶ

222 1952 454 2028 φυσικὴν
511 1949 696 2005 τοίνυν
756 1945 928 2024 ὄρεξιν
989 1945 1258 2022 χρηστέον
1313 1949 1427 2006 τοῖς
1474 1943 1875 2016 κεκωλυμένοις

222 2037 430 2110 καλῶς,
461 2045 634 2094 πᾶσαν
685 2038 1090 2112 ὑπερέκπτωσιν
1141 2035 1230 2091 καὶ
1289 2035 1626 2107 συμπάθειαν
1673 2053 1875 2103 παραι-

220 2130 546 2202 τουμὲνους.

2002 521 2106 576 sed
2139 525 2434 591 quatenus
2457 527 2547 575 est
2579 523 2754 577 homo
2787 529 2844 576 et
2874 540 3021 594 opus
3057 526 3179 579 Dei.
3216 529 3466 586 Peccare
3498 539 3656 590 certe

2000 611 2157 665 inter
2169 611 2434 664 actiones
2452 611 2713 681 ponitur,
2735 628 2856 666 non
2876 612 3033 667 inter
3047 615 3430 686 substantias,
3445 638 3657 690 quam-

2001 699 2204 753 obrem
2249 715 2359 754 nec
2402 700 2504 753 Dei
2547 706 2636 755 est
2675 717 2845 772 opus.
2872 702 2975 756 Dei
3012 709 3213 758 autem
3250 705 3476 762 inimici
3512 711 3653 766 dicti

2002 793 2141 842 sunt
2171 790 2642 860 peccatores,qui
2663 796 2802 844 sunt
2815 791 3040 846 inimici
3057 793 3492 863 mandatorum,
3527 800 3659 868 qui-

1999 877 2242 932 busnon
2266 878 2922 945 obediunt,sicutamici
2949 883 3221 952 sunt,qui
3243 883 3564 954 obediunt;
3592 887 3651 942 hi

2001 968 2241 1038 quidem
2256 975 2497 1040 propter
2508 971 2638 1041 conj
2649 972 2996 1025 unctionem
3011 972 3096 1025 illi
3114 988 3248 1028 vero
3261 981 3506 1046 propter
3517 977 3656 1033 alie-

1999 1058 2602 1126 nationem,ex1ibero
2618 1060 3058 1115 animiarbitrio
3078 1061 3423 1132 profectam,
3445 1068 3649 1137 appel-

1998 1146 2286 1202 lati.Nihil
2306 1149 2465 1202 enim
2486 1149 2968 1204 suntinimicitiaa
2984 1167 3177 1221 neque
3191 1155 3655 1222 peccatum,abs-

1999 1254 2112 1308 que
2147 1238 2388 1292 inimico
2414 1244 2472 1292 et
2494 1245 2821 1310 peccatore.
2855 1240 3010 1295 Illud
3031 1246 3231 1296 autem
3262 1251 3648 1316 preceptum,

1997 1343 2113 1395 quo
2137 1326 2420 1395 jubemur
2448 1350 2475 1375 «
2513 1327 2596 1381 nil
2629 1328 3070 1399 concupiscere,
3107 1352 3134 1378 η
3184 1347 3304 1386 non
3352 1339 3509 1389 vetat
3538 1352 3646 1391 nos

1997 1415 2399 1486 qualicunque
2431 1416 2726 1470 desiderio
2781 1418 2960 1485 afﬁci,
2991 1436 3058 1474 ac
3107 1420 3153 1474 si
3213 1421 3410 1476 aliena
3448 1431 3652 1480 essent

1998 1521 2369 1575 quaecunque
2399 1510 2536 1560 sunt
2556 1505 2998 1574 desiderabilia,
3023 1514 3088 1562 ut
3109 1509 3526 1567 existimarunt
3545 1515 3648 1585 qui

1995 1593 2332 1647 Creatorem
2373 1593 2556 1649 alium
2603 1611 2732 1649 esse
2763 1612 2797 1650 a
2829 1596 3022 1666 primo
3054 1598 3172 1652 Deo
3204 1603 3508 1667 statuunt;
3542 1618 3648 1658 ne-

1996 1697 2110 1751 que
2145 1687 2425 1753 tanquam
2449 1683 2577 1753 ipsa
2597 1685 2899 1756 generatio
2928 1685 3004 1740 sit
3022 1686 3181 1740 mala
3203 1691 3262 1741 et
3286 1692 3648 1747 exsecranda

1994 1769 2156 1840 (sunt
2187 1770 2347 1825 enim
2383 1771 2580 1842 impiaa
2628 1773 2972 1844 hujusmodi
2996 1775 3364 1847 opiniones);
3399 1778 3503 1833 sed
3533 1796 3644 1835 nos

1988 1873 2085 1913 res
2108 1859 2286 1929 hujus
2307 1859 2514 1914 mundi
2534 1883 2561 1909 «
2586 1861 2813 1917 alienas
2833 1883 2862 1911 ››
2889 1879 3018 1918 esse
3033 1863 3306 1932 dicimus,
3337 1883 3457 1921 non
3480 1869 3639 1939 quod

1985 1947 2402 2003 sintabsurdae
2445 1966 2513 2004 ac
2571 1956 2793 2021 turpes,
2839 1956 2942 2005 aut
2970 1952 3127 2022 quod
3158 1953 3232 2008 ad
3284 1955 3466 2010 Deum
3524 1958 3638 2012 Do-

1982 2037 2215 2092 minum
2246 2038 2657 2094 universorum
2680 2056 2801 2094 non
2833 2040 3193 2111 pertineant,
3218 2043 3321 2098 sed
3353 2045 3636 2114 quoniam

1983 2126 2043 2179 in
2078 2126 2163 2180 eis
2195 2143 2318 2182 non
2366 2143 2788 2198 permanemus
2821 2129 2882 2184 in
2913 2147 3090 2185 omne
3140 2132 3448 2201 saeculum,
3500 2151 3635 2190 cum

223 2218 420 2291 quoad
451 2219 892 2290 possessionem
925 2218 1044 2272 sint
1074 2216 1290 2282 aliena,
1324 2219 1383 2270 et
1411 2213 1856 2270 successoribus
1886 2215 2108 2270 nostris
2141 2216 2447 2284 tradenda,
2481 2217 2678 2288 quoad
2716 2234 2890 2273 usum
2932 2235 3066 2273 vero
3100 2221 3219 2275 sint
3247 2223 3639 2294 uniuscujus-

222 2324 339 2380 que
369 2313 639 2362 nostrum
670 2307 929 2378 propria,
963 2311 1204 2378 propter
1233 2321 1376 2375 quos
1409 2303 1589 2360 etiam
1618 2304 1774 2358 facta
1801 2307 1941 2358 sunt
1963 2320 1983 2365 ;
2014 2303 2116 2358 sed
2150 2308 2347 2358 tamen
2369 2309 2636 2370 eatenus,
2663 2311 2955 2374 quatenus
2977 2323 3098 2362 una
3126 2324 3260 2362 cum
3292 2310 3344 2362 ei
3375 2325 3504 2365 esse
3533 2327 3639 2364 no-

223 2395 318 2452 bis
349 2412 592 2452 necesse
626 2402 734 2451 est.
766 2396 952 2468 Igitur
981 2395 1402 2450 convenienter
1457 2393 1716 2449 naturali
1776 2391 2125 2462 appetitioni
2184 2399 2341 2446 recte
2399 2392 2688 2446 utendum
2719 2398 2809 2447 est
2839 2394 2931 2459 iis,
2967 2412 3098 2464 quas
3131 2401 3270 2450 sunt
3322 2397 3640 2468 prohibita,

223 2490 495 2540 caventes
525 2502 601 2541 ne
630 2485 874 2541 modum
907 2483 1283 2551 excedamus,
1318 2488 1376 2539 et
1406 2499 1585 2554 supra
1605 2497 1781 2552 quam
1814 2497 1921 2551 par
1950 2484 2040 2534 est
2068 2479 2131 2534 in
2158 2496 2226 2534 ea
2255 2480 2606 2535 afﬁciamur.

1718 2647 1950 2702 CAPUT
2000 2647 2144 2702 XIV.

1284 2761 1360 2812 De
1389 2757 1682 2812 dilectione
1713 2756 1974 2821 omnium,
2008 2756 2176 2808 etiam
2204 2753 2574 2810 inimicorum.

290 2907 426 2974 Ὅση
486 2902 576 2956 καὶ
636 2898 1002 2974 χρηστότηςς
1062 2923 1090 2950 ‹‹
1127 2899 1398 2974 Ἀγαπᾶτε
1451 2895 1580 2958 τοὺς
1636 2893 1870 2970 ἐχθροὺς

222 2997 377 3068 ὑμῶν
413 3037 427 3062 ,
480 3015 509 3044 ››
570 2989 741 3064 λέγει·
801 3014 828 3040 ‹‹
889 2987 1168 3064 εὐλογεῖτε
1247 2985 1374 3047 τοὺς
1459 2984 1875 3060 καταρωμένους

220 3085 361 3157 ὑμᾶς
393 3086 523 3154 (89)·
558 3079 646 3134 καὶ
696 3077 1069 3154 προσεύχεσθε
1126 3077 1258 3149 ὑπὲρ
1305 3079 1412 3129 τῶν
1463 3073 1871 3152 ἐπηρεαζόντων

221 3173 373 3246 ὑμῖν,
403 3195 430 3221 ››
462 3171 550 3224 καὶ
603 3169 670 3224 τὰ
728 3167 914 3240 ὅμοια·
980 3169 1062 3228 οἷς
1118 3165 1499 3240 προστίθησινο
1561 3189 1582 3215 ι
1616 3166 1734 3221 Ἵνα
1787 3161 1873 3237 γὲ-

2054 2897 2234 2950 Porro
2258 2899 2457 2950 autem
2479 2901 2702 2966 quanta
2724 2903 2813 2952 est
2833 2897 3011 2953 etiam
3035 2897 3368 2972 benignitas
3391 2898 3419 2953 ‘2
3437 2920 3465 2950 «
3500 2899 3636 2954 Dili-

1983 2984 2122 3056 gite,
2151 3008 2170 3032 ιι
2200 2985 2414 3055 inquit,
2437 3007 2465 3034 «
2498 2984 2775 3041 inimicos
2798 2994 3040 3043 vestros.
3069 2989 3408 3044 Benedicite
3434 2988 3505 3044 iis
3535 2991 3637 3060 qui

1983 3090 2085 3127 vos
2114 3079 2515 3141 exsecrantur,
2555 3079 2612 3128 et
2644 3081 2807 3130 orate
2833 3093 2939 3147 pro
2965 3077 3070 3144 eis,
3105 3079 3204 3148 qui
3231 3095 3331 3133 vos
3369 3078 3641 3159 afficiunt

1987 3165 2367 3220 contumeliis
2383 3169 2476 3237 (α),
2496 3186 2518 3215 ι
2539 3166 2846 3220 etsimilia.
2865 3166 3088 3230 Quibus
3111 3167 3346 3240 adjicit:
3366 3192 3392 3218 ‹‹
3417 3170 3488 3224 Ut
3509 3169 3639 3224 sitis

219 3272 382 3331 νησθε
412 3258 520 3314 υἱοὶ
552 3262 648 3312 τοῦ
680 3257 888 3330 ΙΙατρὸς
924 3256 1076 3328 ὑμῶν
1113 3259 1210 3310 τοῦ
1268 3253 1320 3309 ἐν
1366 3259 1483 3315 τοῖς
1538 3253 1809 3328 οὐρανοῖςο
1848 3277 1874 3303 ››

1994 3254 2218 3309 similes
2244 3254 2434 3308 Patris
2465 3254 2664 3320 vestri,
2689 3255 2788 3324 qui
2821 3261 2910 3309 est
2935 3256 2994 3309 in
3042 3255 3205 3310 caelis
3235 3257 3311 3326 (ὁ)
3338 3278 3352 3322 ;
3387 3279 3415 3306 »
3447 3257 3637 3329 signi-

220 3351 318 3418 τήν
352 3347 677 3420 ἐξομοίωσιν
737 3347 834 3414 τὴν
893 3345 1030 3421 πρὸς
1083 3346 1210 3399 Θεὸν
1258 3342 1653 3415 αἰνισσόμενος.
1702 3339 1873 3399 Πάλιν

223 3437 270 3494 δ’
301 3439 364 3493 αὖ
396 3455 580 3515 φησιν·
616 3459 644 3487 ‹‹
677 3441 815 3498 Ἴσθι
873 3433 1072 3488 εὐνοῶν
1124 3436 1204 3504 τῷ
1261 3429 1519 3504 ἀντιδίκῳ
1567 3452 1662 3486 σου
1711 3429 1874 3506 ταχὺ,

221 3525 326 3590 ἓως
360 3525 488 3581 ὅτου
520 3525 569 3580 εἴ
620 3523 670 3579 ἐν
729 3526 796 3596 τῇ
830 3520 941 3595 ὁδῷ
1003 3523 1118 3595 μετ’
1171 3520 1356 3578 αὐτοῦ.
1410 3517 1716 3581 Ἀντίδικος
1747 3543 1774 3571 ιι
1819 3516 1877 3574 δὲ

229 3615 292 3672 οὐ
321 3616 383 3672 τὸ
417 3619 599 3688 σῶμα,
630 3612 704 3676 ὥς
734 3633 876 3674 τινες
912 3609 1230 3688 βούλονται,
1263 3608 1390 3666 ἀλλ’
1422 3611 1450 3665 6
1481 3605 1746 3671 διάϐολος
1784 3610 1872 3664 καὶ

229 3707 282 3762 οἱ
337 3704 515 3777 τούτῳ
572 3701 1014 3776 ἐξομοιούμενοι,
1049 3701 1078 3755 6
1135 3723 1162 3754 α
1195 3697 1495 3755 συνοδεύων
1551 3721 1576 3752 ο
1636 3702 1772 3772 ἡμῖν
1807 3696 1878 3753 δι’

229 3795 531 3870 ἀνθρώπων
557 3797 665 3848 τῶν
694 3789 1005 3862 ξηλοόντων
1037 3789 1105 3843 τὰ
1142 3785 1270 3864 ἔργα
1322 3789 1490 3843 αὐτοῦ
1521 3787 1574 3842 ἐν
1627 3792 1708 3860 τῷ
1758 3787 1875 3842 ἐπι-

227 3884 360 3958 γείῳ
388 3882 530 3956 τῷδε
563 3884 686 3957 βίῳ.
721 3879 845 3956 Οὐχ
875 3879 988 3935 οἶόν
1019 3900 1077 3934 τε
1108 3878 1198 3933 οὖν
1237 3879 1313 3950 μὴ
1337 3882 1524 3940 παθεῖν
1555 3877 1620 3932 τὰ
1651 3871 1877 3951 ἔχθιστα

223 3972 350 4035 τοὺς
381 3969 795 4046 ὁμολογοῦντας
832 3971 926 4042 μὶν
959 3966 1181 4029 ἑαυτοὺς
1230 3968 1365 4021 εἶναι
1420 3969 1539 4028 τοῖς
1592 3969 1693 4019 τοῦ
1746 3971 1878 4038 Χρι-

225 4065 356 4115 στοῦ
387 4064 517 4135 (90),
552 4059 603 4114 ἐν
643 4057 700 4114 δὲ
728 4064 842 4120 τοῖς
870 4063 967 4114 τοῦ
999 4051 1262 4112 διαϐόλου
1292 4055 1758 4131 καταγινομένους
1786 4049 1876 4127 ἕρ-

224 4170 346 4224 γοις
383 4168 396 4182 °
454 4149 754 4223 γέγραπται
811 4146 931 4222 γάρ·
997 4171 1023 4198 ‹‹
1057 4147 1151 4216 Μή
1211 4166 1344 4200 ποτε
1399 4139 1628 4220 παραδῷ
1686 4164 1743 4197 σε
1796 4142 1876 4214 τῷ

225 4241 410 4312 κριτῇ,
447 4258 470 4288 ν
506 4239 533 4290 6
564 4237 756 4311 κριτὴς
788 4233 846 4290 δὲ
873 4238 986 4304 (91)
1015 4233 1095 4306 τῷ
1146 4233 1384 4310 ὑπηρέτῃ
1423 4237 1524 4298 τῆς
1553 4232 1732 4306 ἀρχῆς
1781 4238 1878 4288 τοῦ

227 4321 530 4380 διαϐόλου.
594 4349 621 4376 ‹‹
657 4324 958 4396 Πέπεισμαι
1010 4323 1132 4397 γὰρ,
1193 4321 1276 4376 ὅτι
1331 4319 1455 4376 οὕτε
1514 4322 1762 4390 θάνατος,
1798 4324 1876 4377 »ὁ

225 4414 344 4469 κατ’
374 4412 638 4488 ἐπιφορὰν
667 4417 774 4467 τῶν
809 4410 1144 4467 διωκόντων·
1211 4433 1234 4464 σ
1269 4406 1393 4465 οὔτε
1425 4411 1563 4479 ζωὴ,
1593 4436 1615 4464 ι
1663 4413 1698 4479 ἡ
1742 4411 1880 4466 κατά

224 4503 317 4558 τὸν
374 4502 491 4578 βίον
551 4505 774 4556 τοῦτον·
837 4526 862 4552 ι‹
897 4498 1022 4555 οὔτε
1078 4497 1324 4576 ἄγγελοι,
1355 4522 1382 4550 ιι
1444 4499 1496 4553 οἱ
1554 4499 1875 4555 ἀποστάταιο

225 4617 253 4643 ‹‹
284 4588 407 4646 οὔτε
437 4589 624 4666 ἀρχαί*
661 4614 688 4643 ››
733 4590 880 4664 ἆρχή
935 4587 993 4644 δὲ
1043 4593 1122 4662 τῷ
1175 4594 1408 4661 Σατανᾷ,
1440 4589 1468 4643 6
1503 4589 1626 4666 βίος
1677 4589 1734 4644 ’ὃν
1792 4588 1876 4644 ετ-

228 4679 372 4736 λετο·
408 4684 653 4734 τοιαῦται
691 4681 798 4752 (92)
828 4679 930 4755 γὰρ
967 4678 1022 4732 αἱ
1053 4680 1169 4732 κατ’
1233 4677 1390 4732 αὐτὸν
1451 4677 1620 4753 ἀρχαί
1675 4700 1734 4734 τε
1786 4679 1877 4734 καὶ

1992 3345 2174 3399 ﬁcans
2199 3358 2350 3410 eam,
2376 3359 2506 3414 qua)
2526 3345 2711 3398 Deum
2733 3344 2932 3411 refert,
2955 3345 3469 3400 assimilationem.
3490 3349 3641 3402 Rur-

1991 3450 2090 3488 sus
2126 3438 2323 3487 autem
2368 3432 2565 3502 inquit
2598 3449 2610 3486 :
2639 3456 2667 3483 «
2699 3433 2789 3488 Sis
2833 3434 2946 3488 cito
2978 3433 3301 3488 benevolus
3358 3435 3638 3490 adversa-

1989 3524 2077 3577 rio
2111 3527 2232 3589 tuo,
2267 3522 2455 3576 donec
2487 3538 2548 3576 es
2580 3521 2639 3576 in
2674 3523 2765 3577 via
2791 3539 2923 3576 cum
2968 3522 3153 3594 ipso.»
3187 3553 3253 3562 --
3285 3544 3313 3571 ‹‹
3345 3524 3639 3579 Adversa-

1989 3611 2113 3666 rius
2143 3633 2172 3662 »
2207 3617 2407 3665 autem
2461 3627 2580 3665 non
2635 3616 2724 3666 est
2775 3627 3011 3681 corpus,
3039 3617 3104 3665 ut
3135 3611 3379 3681 quidam
3412 3612 3637 3681 volunt,

1991 3700 2096 3756 sed
2113 3701 2404 3770 diabolus,
2426 3707 2483 3755 et
2502 3701 2602 3771 qui
2628 3701 2678 3754 ei
2698 3700 3107 3756 assimilantur
3132 3719 3144 3768 ;
3167 3705 3265 3772 qui
3290 3719 3409 3758 una
3430 3703 3639 3758 nobis-

1990 3807 2125 3844 cum
2158 3813 2184 3838 «
2221 3788 2280 3842 in
2314 3789 2460 3842 via»
2497 3789 2847 3860 ingreditur,
2888 3805 2994 3861 per
3037 3790 3330 3860 homines,
3358 3791 3460 3862 qui
3510 3792 3638 3864 ejus

1988 3879 2143 3934 facta
2170 3878 2480 3933 imitantur
2510 3879 2570 3932 in
2603 3879 2712 3933 hac
2742 3879 2859 3933 vita
2880 3885 3133 3934 terrena.
3167 3881 3318 3935 Fieri
3349 3898 3484 3954 ergo
3517 3899 3635 3936 non

1989 3973 2203 4041 potest,
2229 3974 2295 4023 ut
2323 3985 2442 4024 non
2500 3969 2804 4040 patiantur
2830 3968 2893 4032 ’Β
2932 3969 3372 4038 inimicissima,
3406 3973 3508 4043 qui
3567 3989 3629 4027 se

1990 4059 2053 4112 in
2085 4058 2300 4112 Christi
2334 4057 2574 4129 quidem
2601 4074 2729 4113 esse
2765 4059 3146 4127 conﬁtentur,
3181 4060 3241 4114 in
3275 4059 3496 4114 diaboli
3527 4077 3636 4116 au-

1991 4153 2109 4201 tem
2145 4152 2452 4202 versantur
2481 4147 2781 4218 operibus.
2818 4147 3109 4219 Scriptum
3143 4153 3233 4202 est
3264 4149 3463 4202 enim:
3497 4170 3525 4198 «
3559 4151 3640 4204 Ne

1988 4235 2139 4290 forte
2175 4242 2227 4289 te
2263 4236 2455 4290 tradat
2477 4234 2689 4306 judici,
2715 4235 2900 4306 judex
2928 4241 3126 4290 autem
3157 4236 3431 4292 ministro
3466 4258 3495 4286 ››
3528 4237 3642 4291 im-

1991 4325 2138 4396 perii
2163 4323 2404 4379 diaboli.
2435 4348 2453 4371 -
2483 4325 2838 4379 Persuasum
2868 4325 3024 4378 enim
3049 4324 3433 4395 habeo,quod
3448 4342 3642 4396 neque

1989 4431 2172 4479 mors,
2207 4430 2385 4484 quam
2417 4415 2676 4468 afferunt
2705 4413 2744 4466 ii
2776 4413 2876 4483 qui
2924 4420 3368 4485 persequuntur
3400 4432 3414 4480 ;
3473 4437 3499 4462 ‹‹
3531 4431 3640 4469 ne-

1991 4519 2105 4573 que
2131 4503 2268 4569 vita,
2299 4522 2326 4554 ιι
2357 4519 2512 4573 quas,
2540 4503 2635 4557 hic
2665 4502 2899 4575 agitur;
2931 4525 2959 4552 «
2995 4519 3189 4573 neque
3235 4503 3453 4575 angeli,
3488 4525 3515 4552 »
3539 4505 3642 4574 qui

1989 4592 2357 4659 defecerunt,
2396 4614 2415 4640 ι
2453 4607 2646 4663 neque
2679 4591 3048 4664 principatus
3079 4614 3106 4642 ››
3154 4592 3384 4647 Satanae
3442 4597 3642 4648 autem

1987 4681 2356 4753 principatus
2390 4685 2480 4736 est
2495 4682 2632 4750 vita,
2666 4697 2845 4752 quam
2867 4681 3064 4753 eligit:
3099 4681 3246 4736 tales
3278 4682 3457 4737 emim
3477 4686 3642 4747 sunt,

294 4834 357 4897 ›ι‹
377 4836 439 4889 Ρ.
471 4837 572 4888 606
603 4835 716 4888 ED.
747 4833 1040 4902 POTTER,
1074 4837 1177 4887 διε
1207 4834 1318 4887 ED.
1353 4833 1578 4888 PARIS.
1637 4834 1713 4904 (a)
1746 4833 1946 4889 Matth.
1979 4850 2031 4900 ν,
2063 4835 2152 4900 44,
2183 4835 2272 4888 45.
2303 4833 2381 4905 (δ)
2410 4831 2558 4888 Ibid.
2588 4835 2676 4890 24.

297 4986 406 5057 (88)
439 4983 554 5060 Ἐφ’
587 4985 733 5039 ὅσον.
754 4987 887 5060 ,Ηοο
914 4989 1024 5052 est,
1058 5007 1084 5033 «
1120 4986 1469 5056 quantisper
1498 4985 1717 5060 versari
1772 5002 1881 5040 nos

227 5060 288 5114 in
320 5060 430 5114 hac
455 5057 574 5129 vita
607 5057 917 5129 contingit,
951 5079 972 5105 ο
1027 5073 1147 5111 non
1206 5074 1362 5125 vero,
1415 5062 1480 5111 ut
1536 5057 1712 5128 paulo
1745 5062 1880 5111 ante

225 5131 472 5192 dictum.
505 5127 580 5188 εἷς
604 5128 776 5181 πάντα
807 5127 999 5182 αἰῶνα.

297 5203 412 5272 (89)
439 5201 627 5272 Ὑμᾶς.
683 5200 858 5255 Addit
890 5200 1197 5255 Matthazus
1250 5195 1434 5259 καλῶς
1481 5203 1698 5272 ποιεῖτε
1753 5199 1878 5272 τοὺς

229 5271 719 5344 μισοῦνταςὺμᾶς,
752 5288 882 5342 qua)
913 5272 1162 5344 fortasse
1196 5276 1439 5344 propter
1472 5271 1611 5340 ὑμᾶς
1661 5271 1880 5341 repeti-

226 5343 373 5417 tum,
397 5362 503 5417 per
525 5343 903 5417 librariorum
919 5343 1342 5417 negligentiam
1360 5344 1726 5417 exciderunt.
1754 5345 1879 5397 Mox

227 5413 650 5489 ἐπηρεαζόντων
682 5413 834 5489 ὑμῖν,
880 5415 1078 5489 Matth.
1113 5431 1180 5478 V;
1229 5415 1388 5489 dein.
1441 5413 1592 5489 ὅπως
1635 5414 1876 5487 γένησθεο

229 5495 288 5542 et
318 5484 477 5548 mox,
507 5490 602 5541 τοῦ
633 5484 684 5539 ἐν
721 5485 994 5558 οὐρανοῖς,
1026 5485 1249 5556 absque
1282 5487 1554 5558 articulo.

301 5563 410 5627 (90)
468 5563 592 5620 Τοῖς
648 5561 744 5611 τοῦ
791 5556 1039 5626 ’Χριστοῦ
1075 5601 1087 5611 .
1178 5558 1416 5612 Rectius
1501 5556 1552 5610 ἐν
1611 5561 1729 5615 τοῖς
1783 5559 1880 5610 τοῦ

231 5619 468 5704 Χριστοῦ
498 5647 632 5688 cum
657 5619 956 5754 praposit.
991 5629 1053 5683 in
1084 5643 1208 5699 seq.
1234 5629 1502 5684 membro
1534 5629 1808 5685 SvLsuac.

302 5702 411 5754 (9H
443 5701 504 5754 '0
533 5721 727 5754 κρισξηε
759 5699 786 5754 δ
823 5746 835 5754 .
871 5699 968 5754 Καὶ
1003 5698 1030 5753 6
1059 5699 1276 5754 κριτής.
1308 5701 1509 5754 Matth.

302 5702 411 5774 (91)
443 5701 504 5759 ’0
533 5698 727 5776 κριτῆς
759 5698 835 5759 δ’ἐ.
871 5699 968 5754 Καὶ
1003 5698 1030 5753 6
1059 5698 1276 5774 κριτής,
1308 5701 1509 5756 Matth.

2063 4985 2176 5054 (92)
2207 4986 2485 5054 Τοιαῦται,
2517 4986 2668 5038 Ante
2711 4985 2864 5038 hanc
2921 4999 3118 5039 vocem
3153 4988 3219 5039 A.
3255 4985 3639 5042 inserendum

1990 5050 2180 5137 putat,
2213 5050 2639 5137 οὕτε-δυνάμεις·
2675 5054 2891 5137 d‘ein'de
2923 5061 3060 5111 ante
3091 5055 3166 5115 ὡς
3195 5059 3293 5137 τοῦ
3328 5056 3422 5137 μεν
3455 5077 3638 5131 στρατ.

1991 5121 2633 5200 ἰηιθῐιεοποῃόιιω,ὀῦτε
2661 5125 2727 5178 τὰ
2761 5123 3057 5200 μέλλοντα·
3080 5134 3144 5182 ut
3174 5121 3424 5200 singulis
3455 5121 3641 5183 mem-

1989 5199 2113 5252 bris
2145 5215 2252 5252 sua
2281 5197 2640 5269 respondeat
2661 5199 2832 5269 ratio.
2862 5200 3068 5254 Primae
3101 5197 3300 5255 tamen
3326 5200 3639 5254 insertioni

1991 5271 2184 5342 obstat
2210 5268 2524 5342 relativum
2568 5268 2754 5335 αὐτόν,
2789 5270 2946 5342 quod
3004 5288 3038 5326 a
3096 5289 3202 5327 suo
3254 5271 3641 5325 antecedente

1992 5340 2246 5396 discludi
2278 5358 2399 5396 non
2423 5347 2634 5412 potest.
2671 5344 2786 5398 Nec
2808 5340 2996 5398 altera
3015 5360 3203 5413 usque
3229 5343 3374 5397 adeo
3396 5357 3642 5396 necesa—

1990 5413 2080 5467 ria
2109 5419 2236 5475 est;
2270 5430 2402 5466 cum
2438 5413 2610 5467 militi
2647 5431 2833 5484 spem,
2859 5420 2917 5470 et
2945 5415 3257 5469 mercatori
3291 5413 3543 5475 lucrum,
3580 5413 3639 5467 in

1991 5485 2101 5538 hac
2134 5485 2270 5542 vita,
2304 5493 2583 5554 tanquam
2636 5487 2972 5554 praesentia,
3023 5485 3322 5556 proposita
3353 5501 3482 5539 esse
3514 5485 3639 5555 ipse

1991 5556 2262 5610 Clemens
2294 5557 2532 5611 indicet.
2570 5559 2846 5614 Gnostico
2881 5574 3021 5612 sane
3049 5558 3178 5623 jam
3215 5571 3481 5625 prmsens
3511 5572 3642 5611 esse

1992 5627 2072 5694 id,
2098 5626 2532 5698 quodfuturum
2555 5636 2664 5696 est,
2689 5629 2845 5685 idem
2871 5628 3026 5683 infra
3051 5626 3333 5683 declarat.
3363 5627 3636 5683 SYLBURG.
