4004 6144
331 234 472 293 1303

1559 238 1969 295 CLEMENTIB
2004 237 2503 293 ALEXANDBINI

3617 234 3785 292 1304

327 363 428 435 qui
462 367 603 418 sunt
631 379 701 419 ex
730 378 799 418 eo
829 362 1220 435 principatus,
1251 367 1310 419 et
1346 368 1671 435 potestates
1705 361 1978 418 tenebra-

2102 356 2331 433 ἐξρυσίαι
2359 363 2457 413 τοῦ
2489 357 2734 422 σκότους·
2773 381 2802 412 ι(
2855 355 2980 413 οὔτε
3035 357 3104 412 τὰ
3150 356 3438 428 ἐνεστῶτα,
3488 382 3518 409 ››
3567 357 3625 412 ἐν
3679 360 3787 421 οἷς

327 469 459 508 rum
485 452 524 521 ;)
555 475 581 502 «
615 467 810 522 neque
862 452 1200 522 praesentia,
1236 452 1296 506 in
1331 452 1548 523 quibus
1599 469 1805 508 sumus
1836 457 1980 506 tem-

325 559 469 613 pore
495 541 674 612 hujus
703 539 856 606 vitaa,
892 547 956 594 ut
1005 557 1139 611 spes
1171 541 1412 610 quidem
1465 541 1695 608 militis,
1747 541 1979 595 lucrum

327 647 460 685 vero
493 629 842 683 mercatoris
869 647 881 695 ;
925 651 948 680 ι
980 647 1174 700 neque
1206 630 1477 694 altitudo,
1511 646 1706 700 neque
1739 629 1978 701 profun-

328 718 500 782 ditas,
534 733 727 788 neque
759 718 961 788 aliqua
991 719 1109 773 alia
1137 724 1431 786 creatura,
1466 742 1493 768 η
1529 736 1635 790 per
1681 719 1981 789 propriam

326 806 556 862 homini
589 806 810 861 resistit
831 807 1239 878 operationem
1262 808 1398 862 fidei
1423 808 1575 878 ejus,
1600 808 1700 878 qui
1734 825 1840 862 suo
1863 808 1984 878 agit

327 895 596 951 arbitrio.
633 916 660 944 «
691 896 986 950 Creaturaa
1023 919 1043 944 ι
1072 902 1270 951 autem
1293 913 1513 952 nomen
1545 897 1826 951 tribuitur
1847 897 1978 951 uni-

329 1001 466 1040 voce
494 984 957 1056 operationibus,
990 991 1057 1039 ut
1085 1003 1218 1055 quae
1253 987 1330 1040 sit
1358 992 1624 1041 nostrum
1671 1002 1820 1056 opus
1847 1002 1858 1038 ε
1893 990 1982 1040 ta-

329 1073 403 1129 lis
425 1090 563 1143 ergo
595 1074 858 1145 operatio
892 1095 920 1124 «
952 1091 1072 1128 non
1099 1076 1314 1146 poterit
1337 1091 1446 1129 nos
1479 1090 1753 1145 separare
1780 1092 1814 1129 a
1843 1074 1982 1128 cha-

329 1161 503 1217 ritate
527 1163 801 1232 Dei,quaa
829 1168 918 1217 est
966 1163 1027 1218 in
1084 1163 1314 1218 Christo
1358 1165 1494 1218 .lesu
1543 1163 1791 1218 Domino
1843 1179 1980 1218 nos-

332 1255 421 1305 tro
453 1250 553 1322 (α).
588 1272 615 1301 ››
651 1251 840 1306 Habes
871 1268 1167 1307 summam
1198 1253 1477 1322 martyris
1507 1252 1780 1322 gnostici.

2092 445 2250 519 ἐσμεν
2283 447 2418 502 κατὰ
2446 447 2538 502 τὸν
2585 451 2681 502 τοῦ
2732 446 2852 523 βίου
2904 448 3129 522 χρόνον,
3183 447 3257 508 ὡς
3301 451 3399 502 τοῦ
3461 449 3558 519 μὲν
3592 468 3778 524 στρα-

2089 538 2292 590 τιώτου
2325 535 2543 606 ἡέλτιὶς
2610 542 2708 592 τοῦ
2765 537 3012 612 ἐμπόρου
3073 534 3130 591 δί
3171 536 3233 590 τὸ
3290 533 3502 610 κέρδος·
3564 562 3595 590 κ
3631 535 3779 592 οὔτε

2091 623 2315 696 ὕψωμα,
2363 623 2486 679 οὕτε
2549 626 2738 698 βάθος,
2785 624 2907 678 οὕτε
2961 645 3046 687 τις
3100 623 3274 686 κτίσις
3335 623 3513 696 ἐτέρα,
3551 648 3578 675 ››
3637 627 3778 680 κατ’

2093 712 2358 788 ἐνέργειαν
2409 714 2509 782 τὴν
2558 712 2763 768 οἷκείαν
2811 713 3106 789 ἀνθρώπῳ,
3159 713 3505 786 ἀντιπράττει
3552 717 3625 788 τῇ
3670 713 3781 768 πί-

2093 823 2203 856 στει
2255 806 2354 856 τοῦ
2405 802 2870 878 προαιρουμένου·
2930 827 2959 852 ι(
3020 801 3192 863 κτίσις
3232 824 3261 853 ιο
3324 799 3382 856 δὲ
3413 803 3772 876 συνωνύμως

2092 890 2182 946 καὶ
2209 889 2473 966 ἐνέργεια,
2509 916 2536 944 ‹‹
2571 891 2635 946 οὐ
2671 889 2954 962 δυνήσεται
3007 893 3155 964 ἧμᾶς
3204 891 3445 966 χωρίσαι
3496 892 3603 946 ἀπὸ
3651 899 3776 962 τῆς

2094 978 2311 1053 ἀγάπης
2363 985 2463 1034 τοῦ
2511 984 2669 1052 Θεοῦ,
2699 986 2800 1048 τῆς
2832 979 2883 1034 ἐν
2917 983 3134 1053 Χριστῷ
3195 981 3376 1049 Ἰησοῦ
3425 985 3509 1052 τῷ
3566 981 3774 1055 Κυρίῳ

2093 1071 2128 1137 ἠ
2141 1073 2254 1140 μῶν
2291 1113 2303 1128 .

2093 1177 2279 1232 τυρος.

2363 1093 2391 1121 υ
2460 1071 2649 1144 Ἔχεις
2719 1067 3191 1145 συγκεφαλαίωσιν
3245 1073 3555 1144 γνωστικοῦ
3617 1071 3774 1145 μάρ-

1847 1393 2078 1449 CAPUT
2116 1395 2234 1452 XV.

1711 1505 1788 1557 De
1826 1503 2052 1557 vitando
2089 1502 2371 1558 scandala.

408 1668 436 1696 ‹‹
472 1646 700 1702 Scimus
731 1651 949 1715 autem,
983 1647 1141 1718 quod
1186 1664 1395 1703 omnes
1440 1646 1730 1703 habemus
1779 1646 1986 1720 cogni-

337 1735 560 1789 tionem
593 1757 622 1783 «
655 1751 1056 1800 communem,
1091 1753 1221 1807 qua?
1245 1742 1334 1792 est
1364 1737 1424 1790 in
1455 1736 1896 1796 communibus.
1930 1739 1990 1790 et

341 1824 500 1895 quod
529 1840 684 1878 unus
717 1825 794 1879 sit
840 1825 1014 1879 Deus.
1067 1825 1372 1880 Scribebat
1421 1826 1582 1880 enim
1629 1825 1702 1880 ad
1757 1825 1984 1894 fideles,

339 1912 497 1967 unde
529 1913 709 1966 infert
739 1930 752 1967 :
785 1934 814 1961 «
838 1913 952 1967 Sed
985 1930 1102 1967 non
1136 1919 1226 1968 est
1253 1914 1314 1968 in
1347 1914 1624 1968 omnibus
1656 1915 1934 1985 cognitio,
1963 1934 1992 1963 »

345 2016 476 2070 quin
509 1999 764 2054 traditur
791 2001 852 2054 in
883 2001 1110 2070 paucis.
1174 2001 1322 2055 Sunt
1377 2006 1577 2056 autem
1627 2001 1727 2071 qui
1788 2001 1995 2056 dicunt

342 2103 496 2153 eam,
530 2105 661 2158 quas
721 2093 810 2143 est
857 2088 929 2142 de
961 2088 1058 2154 iis,
1111 2105 1243 2160 qum
1292 2089 1630 2143 simulacris
1688 2088 1996 2144 immolata

341 2182 499 2246 sunt,
533 2179 932 2250 cognitionem
967 2195 1088 2233 non
1122 2180 1331 2234 eﬂ'erre
1381 2179 1538 2234 inter
1583 2195 1813 2247 omnes,
1859 2202 1880 2228 ι
1916 2197 1994 2236 ne

341 2267 490 2322 forte
513 2272 777 2338 potestas
809 2272 1014 2322 nostra
1060 2268 1164 2322 fiat
1209 2267 1634 2323 offendiculum
1686 2269 1945 2324 infirmis
1979 2284 1995 2326 :

342 2357 496 2427 perit
517 2356 678 2411 enim
701 2356 974 2410 inﬁrmus
997 2363 1097 2411 tua
1119 2357 1456 2429 cognitione
1478 2359 1571 2427 (b).
1599 2378 1625 2405 ››
1650 2357 1815 2423 Quod
1838 2358 1886 2411 si
1911 2357 2000 2412 di-

349 2450 506 2512 cant,
537 2465 566 2494 α
594 2450 867 2516 oportere
900 2461 1098 2501 emere
1130 2445 1421 2517 quidquid
1451 2445 1730 2502 venditur
1759 2447 1819 2500 in
1867 2463 1994 2502 ma-

349 2534 524 2601 cello,
555 2553 582 2585 ι
619 2551 726 2605 per
780 2534 1306 2607 interrogationem
1363 2535 1791 2608 subjungentes
1849 2535 1998 2589 illud

346 2622 564 2677 «Nihil
614 2623 1067 2695 interrogantes,
1103 2644 1126 2673 η
1189 2641 1356 2695 aeque
1414 2640 1482 2679 ac
1538 2624 1995 2696 interrogantes,

340 2711 656 2767 ridiculam
704 2713 962 2766 afferunt
1005 2712 1577 2783 interpretationem.
1626 2713 1780 2767 Dicit
1834 2713 1994 2767 enim

340 2799 686 2870 Apostolus:
715 2799 1018 2854 «Omnia»
1042 2799 1158 2853 alia
1180 2821 1208 2847 ‹‹
1242 2815 1310 2854 ex
1337 2799 1588 2854 macello
1620 2800 1821 2871 emite,
1843 2799 1996 2854 nihil

345 2888 780 2959 interrogantes
817 2887 907 2957 (ο).
933 2908 960 2937 η
990 2887 1063 2940 iis
1094 2891 1294 2941 tamen
1317 2887 1596 2958 exceptis,
1622 2904 1752 2958 quae
1783 2894 1995 2942 notan-

340 2981 436 3031 tur
465 2977 526 3030 in
585 2975 879 3030 catholica
933 2975 1202 3030 omnium
1261 2976 1666 3047 apostolorum
1722 2976 1992 3048 epistola,

344 3082 495 3136 quas,
522 3064 680 3135 quod
703 3065 784 3119 ita
807 3087 833 3114 α
870 3064 1057 3119 visum
1083 3065 1160 3120 sit
1190 3065 1430 3136 Spiritui
1467 3071 1693 3136 sancto,
1716 3085 1741 3115 ι
1776 3067 1996 3138 scripta

338 3151 580 3222 quidem
611 3157 701 3206 est
736 3150 797 3205 in
829 3151 987 3207 Actis
1013 3152 1420 3223 apostolorum
1453 3170 1467 3218 ;
1502 3152 1621 3208 lata
1652 3160 1849 3209 autem
1884 3154 1995 3208 fuit

334 3241 409 3297 ad
441 3240 648 3296 ﬁdeles
679 3257 786 3312 per
816 3241 1002 3313 ipsius
1025 3242 1192 3297 Pauli
1224 3242 1644 3299 ministerium.
1680 3243 1986 3315 Signiﬁca-
2017 3231 2063 3293 C
2101 3259 2266 3294 νυσαν
2319 3241 2425 3316 γὰρ

334 3337 475 3386 runt
493 3332 648 3388 220
690 3332 848 3386 enim
872 3338 1142 3403 oportere
1169 3355 1196 3382 «
1221 3334 1557 3388 necessario
1581 3333 1881 3389 abstinere
1911 3332 1983 3388 ab

332 3421 676 3490 immolatis,
703 3427 764 3477 et
788 3423 1100 3494 sanguine,
1125 3428 1182 3477 et
1203 3423 1528 3486 suffocatis,
1553 3429 1612 3478 et
1640 3424 1984 3480 fornicatio—

333 3528 446 3578 ne;
478 3528 512 3566 a
541 3511 757 3583 quibus
806 3528 866 3567 se
928 3517 1368 3578 conservantes,
1410 3517 1568 3568 recte
1615 3529 1744 3568 esse
1795 3512 1982 3568 factu-

331 3617 427 3655 ros
455 3601 557 3672 (ἀ).
592 3623 619 3650 ››
653 3600 827 3655 Aliud
860 3617 997 3674 ergo
1026 3606 1134 3667 est,
1160 3601 1317 3673 quod
1346 3601 1571 3656 dictum
1605 3607 1694 3657 est
1724 3601 1796 3656 ab
1828 3604 1980 3673 Apo-

339 3689 512 3745 stolo.
546 3711 573 3738 ‹‹
610 3690 887 3761 Nunquid
918 3707 1038 3745 non
1063 3689 1351 3746 habemus
1391 3695 1743 3762 potestatem
1786 3707 1981 3746 come-

333 3775 512 3830 dendi
549 3775 613 3839 ἰα
643 3782 698 3830 et
730 3776 1017 3832 bibendi?
1047 3777 1323 3848 Nunquid
1349 3795 1468 3833 non
1500 3779 1788 3833 habemus
1818 3784 1986 3850 pote-

333 3869 546 3919 statem
578 3881 843 3920 sororem
886 3881 1129 3921 uxorem
1161 3866 1666 3930 circumducendi,
1707 3873 1771 3920 ut
1803 3867 1980 3922 etiam

331 3952 547 4024 reliqui
571 3953 844 4024 apostoli,
870 3959 927 4008 et
946 3954 1160 4009 fratres
1191 3955 1445 4019 Domini,
1482 3961 1541 4010 et
1568 3957 1796 4026 Cephas
1817 3956 1844 4010 ?
1871 3955 1982 4010 Sed

332 4061 452 4100 non
485 4045 576 4099 usi
610 4061 838 4110 sumus,
870 4043 1083 4114 inquit,
1115 4044 1225 4099 hac
1265 4049 1576 4116 potestate,
1632 4044 1735 4099 sed
1783 4044 1984 4099 omnia

330 4135 715 4199 sustinemus,
741 4150 816 4187 ne
839 4131 1049 4188 demus
1070 4134 1461 4189 offensionem
1481 4132 1798 4205 Evangelio
1821 4133 1980 4188 Chri-

2167 1669 2194 1697 «
2253 1642 2496 1718 Οἳδαμεν
2555 1641 2613 1700 δὲ
2671 1643 2753 1700 ὅτι
2805 1642 3000 1706 πάντες
3045 1649 3244 1721 γνῶσιν
3297 1639 3524 1720 ἔχομεν,
3559 1668 3590 1696 ››
3657 1647 3766 1715 τήν

2094 1735 2286 1802 κοινὴν
2315 1733 2367 1788 ἐν
2399 1740 2514 1796 τοῖς
2556 1739 2792 1804 κοινοῖς,
2849 1733 2941 1788 καὶ
2994 1735 3094 1803 τὴν
3155 1733 3237 1788 ὅτι
3299 1735 3378 1797 εἷς
3431 1733 3586 1796 Θεός⁰
3617 1735 3764 1810 πρὸς

2097 1822 2324 1885 πιστοὺς
2379 1823 2479 1899 γὰρ
2538 1821 2858 1878 ἐπέστελλεν
2895 1842 2906 1854 ·
2961 1821 3078 1877 ὅθεν
3131 1821 3394 1900 ἐπιφέρει·
3442 1821 3604 1879 Ἀλλ’
3653 1822 3768 1879 οὐκ

2100 1912 2153 1965 ἐν
2185 1917 2344 1966 πᾶσιν
2378 1915 2413 1981 ἡ
2461 1916 2686 1985 γνῶσις,
2724 1936 2746 1963 ρ
2810 1909 2861 1965 ἐν
2909 1910 3118 1986 ὀλίγοις
3172 1908 3584 1983 παραδιδομένη
3620 1915 3767 1984 (93).

2097 1998 2220 2053 Εΐσὶ
2253 1997 2330 2067 δὲ,
2365 2001 2416 2054 οἳ
2451 2020 2580 2077 φασι
2620 2000 2719 2068 τὴν
2779 1999 2903 2074 περὶ
2955 2004 3065 2053 τῶν
3120 1996 3504 2063 εἷ’δωλοθύτων
3554 2004 3764 2074 γνῶσιν

2099 2087 2198 2143 οὐκ
2228 2087 2280 2142 ἐν
2309 2093 2438 2142 πᾶσι
2489 2089 2687 2165 φέρειν,
2733 2112 2761 2139 (ι
2795 2089 2985 2160 μήτως
3017 2090 3050 2158 ἠ
3105 2086 3320 2158 ἐξουσία
3369 2090 3530 2161 ἡμῶν
3583 2088 3769 2164 πρόσ-

2096 2197 2289 2249 κομμα
2317 2181 2436 2238 τοῖς
2466 2177 2708 2231 ἀσθενέσι
2751 2178 2997 2252 γένηταν
3049 2176 3362 2232 ἀπόλλυται
3403 2178 3508 2253 γὰρ
3541 2179 3570 2230 ὁ
3601 2178 3770 2242 ἀσθε-

2097 2270 2204 2320 νῶν
2235 2269 2304 2340 τῇ
2337 2269 2405 2340 σῇ
2434 2266 2654 2340 γνώσει.
2689 2290 2717 2318 ››
2751 2264 2861 2322 Κᾶν
2895 2267 3164 2344 φάσκωσι,
3215 2291 3243 2318 ‹‹
3281 2272 3388 2322 Πᾶν
3419 2267 3483 2321 τὸ
3534 2266 3588 2322 ἐν
3644 2287 3771 2340 μα-

2097 2353 2282 2425 κέλλῳ
2313 2353 2680 2427 πωλούμενον
2713 2356 2996 2430 ἀγοράζειν
3030 2351 3132 2422 δεῖ,
3169 2379 3197 2405 ››
3226 2355 3363 2410 κατά
3390 2360 3581 2409 πεῦσιν
3615 2355 3761 2410 ἐπά-

2097 2463 2280 2516 γοντες
2317 2488 2332 2511 ,
2385 2445 2447 2498 τὸ
2485 2487 2498 2511 ,
2559 2467 2588 2495 ‹‹
2647 2440 2830 2513 Μηδὲν
2888 2443 3262 2518 ἀνακρινοντες
3297 2488 3310 2510 ,
3351 2470 3370 2492 ι
3425 2443 3622 2515 ἐπίσης
3675 2449 3764 2517 τῷ

2098 2531 2495 2603 ἀνακρίνοντες,
2545 2535 2763 2606 γεΛοίαν
2815 2531 3070 2607 ἐξήγησιν
3123 2534 3534 2606 παραθήσονται
3563 2536 3694 2605 (94)·
3731 2534 3762 2587 ὁ

2099 2620 2202 2696 γὰρ
2236 2620 2594 2687 Ἀπόστολος,
2650 2645 2678 2672 ‹‹
2714 2623 2916 2691 Πάντα,
2950 2620 3082 2698 φησὶ
3114 2621 3182 2675 τὰ
3229 2619 3374 2675 ἄλλα
3426 2620 3654 2676 ὠνεῖσθε
3701 2621 3768 2676 ἐκ

2104 2707 2408 2782 μακέλλου,
2468 2707 2636 2783 μηδὲν
2686 2709 3095 2785 ἀνακρίνοντες,
3163 2734 3190 2761 ››
3247 2711 3366 2764 καθ’
3420 2710 3759 2782 ὑπεξαίρεσιν

2098 2802 2205 2852 τῶν
2241 2796 2597 2869 δηλουμένων
2624 2798 2761 2853 κατὰ
2808 2800 2908 2868 τὴν
2958 2798 3258 2866 ἐπιστολὴν
3298 2801 3396 2867 τήν
3452 2796 3760 2868 καθολικὴν

2097 2891 2205 2940 τῶν
2267 2886 2591 2942 ἀποστόλων
2652 2887 2904 2942 ἁπάντων
2943 2932 2956 2958 ,
3015 2912 3043 2939 ‹‹
3106 2886 3201 2941 σὺν
3257 2885 3326 2961 τῇ
3383 2884 3605 2958 εὐδοκία
3659 2891 3758 2943 τοῦ

2100 2975 2253 3049 ἀγίου
2285 2975 2623 3047 Πνεύματοςς
2659 3000 2686 3028 ››
2718 2979 2787 3049 τῇ
2817 2977 3174 3050 γεγραμμένῃ
3205 2977 3301 3048 μὲν
3336 2975 3388 3031 ἐν
3434 2981 3557 3038 ταῖς
3608 2975 3756 3051 Πρά-

2099 3061 2206 3132 ξεσι
2263 3067 2372 3117 τῶν
2430 3061 2756 3118 ἀποστόλων
2793 3106 2808 3131 ,
2869 3057 3284 3136 διακομισθέίσῃ
3361 3060 3419 3117 δὲ
3495 3063 3575 3126 εἷς
3625 3062 3752 3125 τοὺς

2097 3150 2324 3212 πιστοὺς
2382 3149 2454 3206 δι’
2482 3151 2660 3207 -αὐτοῦ
2715 3149 3095 3213 διακονοῦντος
3151 3155 3247 3206 τοῦ
3306 3149 3551 3207 Παύλου·
3611 3151 3755 3224 ἐμή-

2534 3263 2563 3292 ‹‹
2631 3240 2926 3314 ἐπάναγκες
3021 3239 3320 3315 ἀπέχεσθαι
3413 3237 3527 3294 δεῖν
3589 3239 3748 3294 εἰδω-

2095 3327 2340 3384 λοθύτων
2377 3373 2391 3396 ,
2442 3328 2532 3382 καὶ
2595 3326 2825 3402 α’ίματος
2862 3371 2877 3396 ,
2942 3328 3032 3383 καὶ
3109 3332 3348 3383 πνικτῶν
3428 3333 3539 3400 (95)
3575 3371 3589 3396 ,
3654 3328 3744 3384 καὶ

2091 3420 2348 3494 πορνείας
2391 3437 2404 3450 ·
2470 3418 2521 3488 ἐξ
2587 3419 2661 3472 ὧν
2731 3415 3124 3494 διατηροῦντας
3190 3419 3443 3487 ἐαυτους,
3503 3417 3559 3472 εὐ
3607 3418 3747 3494 πρά-

2094 3507 2240 3577 ξειν.
2277 3531 2304 3558 ››
2358 3509 2581 3580 Ἕτερον
2639 3509 2748 3580 (96)
2807 3504 2898 3560 οὖν
2972 3505 3082 3561 ἐστι
3136 3507 3202 3561 τὸ
3255 3505 3544 3579 εἰρημένον
3604 3509 3738 3583 πρὸς

2090 3600 2187 3650 τοῦ
2242 3594 2622 3650 Ἀποστόλου⁸
2683 3621 2710 3647 ‹‹
2773 3596 2860 3663 Μὴ
2920 3594 3019 3650 ούκ
3047 3593 3250 3670 ἔχομεν
3276 3593 3522 3664 ἐξουσίαν
3557 3601 3739 3670 φαγεῖν

2092 3684 2179 3739 καῖ
2214 3689 2354 3738 πιεῖν
2389 3703 2403 3753 ;
2437 3685 2512 3756 μή
2548 3683 2647 3738 οὐκ
2686 3681 2890 3759 ἔχομεν
2941 3683 3180 3754 ἐξουσίαν
3231 3680 3474 3761 ἀδελφὴν
3520 3689 3747 3759 γυναῖκα

2092 3773 2390 3848 περιάγειν,
2422 3773 2497 3834 ὡς
2529 3773 2619 3828 καὶ
2651 3773 2704 3826 οἱ
2735 3772 2925 3827 λοιποὶ
2957 3771 3281 3842 ἀπόστολοι,
3312 3773 3406 3827 καὶ
3437 3773 3489 3826 οἱ
3519 3770 3746 3850 ἀδελφοὶ

2090 3867 2186 3916 τοῦ
2212 3862 2434 3936 Κυρίου,
2459 3867 2554 3916 καῖ
2576 3866 2799 3940 Κηφᾶς;
2825 3859 2984 3918 Ἀλλ’
3008 3861 3108 3917 οὐκ
3129 3861 3486 3936 ἐχρησάμεθα
3597 3861 3746 3934 ἐξου-

2092 3953 2182 4022 σίᾳ
2209 3951 2402 4026 ταύτῃ,
2437 3951 2621 4026 φησὶν,
2658 3949 2803 4006 ἀλλὰ
2832 3950 3005 4005 πάντα
3036 3951 3319 4024 στέγομεν,
3351 3949 3440 4003 ἳνα
3467 3951 3544 4020 μὴ
3577 3949 3738 4024 ἐγκο-

2090 4042 2198 4108 πήν
2231 4044 2341 4112 (97)
2374 4036 2555 4111 δῶμεν
2611 4044 2691 4112 τῷ
2749 4035 3063 4113 Εὐαγγελίῳ
3118 4036 3215 4092 τοῦ
3271 4043 3506 4111 Χριστοῦ
3541 4061 3562 4090 ι
3615 4036 3745 4106 ἤτοι

2091 4130 2288 4206 φορτία
2318 4129 2686 4204 περίαγοντες,
2719 4125 2840 4182 δέον
2862 4124 3120 4188 εὖλυτους
3153 4127 3262 4198 (98)
3291 4126 3366 4189 εἰς
3395 4127 3596 4189 πάντας
3627 4130 3736 4202 (99)

399 4248 462 4312 >X<
493 4249 556 4303 P.
589 4249 692 4301 607
723 4247 835 4301 ΕΙ).
869 4247 1164 4316 POTTER,
1189 4249 1290 4302 513
1322 4248 1434 4302 ΕΙ).
1465 4246 1693 4303 PARIS.
1774 4248 1845 4317 (a)
1877 4249 1981 4303 R0!

2102 4263 2189 4312 'm,
2222 4245 2310 4312 38,
2371 4248 2457 4299 59.
2518 4245 2594 4316 (b)
2625 4245 2649 4298 Ι
2696 4246 2824 4299 Cor.
2860 4260 2955 4298 vm
2993 4247 3039 4311 1,
3074 4247 3127 4311 7,
3159 4246 3213 4311 9,
3247 4245 3330 4299 11.
3364 4243 3434 4318 (c)
3468 4245 3492 4298 Ι
3522 4245 3649 4299 Cor.
3684 4263 3737 4314 x,

327 4325 417 4376 25.
452 4321 530 4391 (ιι)
561 4322 688 4373 Act.
719 4336 812 4384 xv,
844 4320 933 4388 24,
969 4335 1094 4390 seq.

401 4445 512 4515 (93)
562 4440 803 4516 Ὀλίγοις
856 4439 1113 4513 παραδιδ.
1174 4447 1466 4500 Arcauam
1521 4443 1716 4514 γνῶσιν
1778 4444 1983 4515 paucis

332 4522 563 4572 tantum
593 4515 874 4572 traditam
905 4515 1110 4580 fuisse,
1145 4516 1419 4587 superius
1468 4521 1860 4570 memoratum
1895 4521 1985 4570 est

335 4590 674 4659 Stromatli,
707 4604 836 4659 pag.
873 4589 940 4641 32
983 4631 994 4652 ,
1030 4593 1150 4642 not.
1188 4591 1253 4641 10
1278 4605 1290 4652 ;
1319 4603 1449 4658 pag.
1481 4590 1606 4652 323,
1639 4592 1758 4641 net.
1794 4590 1845 4641 7.

405 4659 517 4727 (94)
549 4653 674 4732 Κᾶν,
709 4653 850 4732 ἷράξκ
978 4701 990 4732 τ
1051 4653 1456 4732 παραθήσονται
1494 4701 1506 4712 .
1533 4729 1541 4732 Δ
1564 4661 1643 4712 Ex
1700 4659 1791 4712 his
1843 4674 1976 4732 ver:

335 4728 447 4789 bis,
472 4728 780 4800 proutjain
812 4747 875 4785 se
897 4730 1135 4796 habent,
1162 4747 1342 4786 sanus
1363 4729 1578 4800 aliquis
1611 4745 1822 4800 sensus
1844 4729 1978 4783 elici

335 4799 494 4874 haud
517 4815 686 4874 posse
710 4801 957 4858 videtur.
993 4804 1108 4859 Nec
1130 4804 1272 4858 satis
1298 4799 1545 4874 apparet
1565 4799 1707 4874 quid
1738 4800 1847 4874 sibi
1881 4816 1982 4874 vo:

334 4868 514 4942 luerit
537 4869 829 4940 interpres
862 4874 986 4929 haec
1005 4880 1256 4930 vertens.
1294 4868 1544 4939 Interea,
1577 4868 1718 4927 dum
1754 4871 1980 4942 aliquid

336 4938 556 5017 certius
579 4955 646 4993 ac
669 4938 882 5017 melius
902 4948 1254 5016 reperiatur.
1279 4947 1362 5001 sic
1391 4943 1568 5000 scribi
1609 4949 1667 5017 _et
1698 4938 1978 5017 explicari

332 5025 452 5090 non
512 5013 888 5090 incommode
946 5013 1117 5090 posse
1143 5017 1444 5090 Avidentur
1477 5032 1490 5070 :
1534 5013 1656 5090 ¹Κδὶν
1691 5015 1975 5090 ,φάσκωσις

334 5081 444 5161 na}
475 5078 537 5130 τὸ
568 5077 623 5161 ἐν
657 5079 921 5161 μακέλλῳ
948 5077 1343 5161 ’πωλούμενον
1372 5085 1654 5161 ἀγοράζειν
1685 5077 1767 5140 δεῖ
1791 5103 1811 5161 _;
1843 5085 1980 5161 κατὰ

331 5154 543 5234 πξῦεξξνξ
604 5147 903 5234 ἐπάγοντες
949 5155 1031 5222 τὸ,
1085 5147 1265 5234 Μηδὲν
1323 5147 1732 5229 ἀνακρίνόντες,
1786 5147 1978 5227 ἐπίσης

328 5220 540 5302 nihl-1‘1
599 5219 1074 5302 dyatitpivovuc,_f{.
1137 5219 1299 5302 ἐξ.π.
1362 5254 1390 5280 ‹‹
1423 5219 1587 5297 Quod
1647 5219 1975 5302 sitdicant':

333 5317 357 5346 (ι
395 5292 698 5370 Quidquid
726 5292 1067 5370 in_macello
1099 5292 1394 5370 venditur,
1423 5292 1618 5357 emere
1639 5301 1922 5370 oportet?
1943 5321 1969 5352 ο

333 5382 438 5437 per
470 5363 992 5440 interrogationem
1019 5384 1037 5440 :_
1068 5363 1495 5440 subjungentes
1521 5391 1533 5426 :
1563 5394 1586 5422 α
1614 5363 1769 5427 Nihil
1802 5374 1978 5428 inter-

333 5435 356 5486 ἱ.
382 5440 678 5514 rogantes,
693 5458 718 5481 ι»
740 5435 898 5514 quod
917 5436 1160 5514 perinde
1176 5435 1274 5492 est
1293 5435 1358 5493 ac
1378 5459 1496 5496 non
1520 5445 1974 5514 interrogantes,

333 5532 360 5558 «ι
388 5506 447 5561 id
463 5499 656 5570 Tacite,
686 5524 708 5553 ι
752 5499 1910 5577 ridiculaminterpretationemaﬂerent.
1938 5499 1974 5564 νζ

402 5579 516 5658 ςίξὸ)
562 5576 1135 5658 ἰῐξνικτῶν..[1νικτοῦ
1187 5576 1401 5658 singul.
1460 5599 1624 5637 num.
1685 5587 1745 5639 in
1806 5586 1970 5658 Vulg.

402 5596 516 5644 (im)
579 5596 839 5629 ιινικτων.
903 5596 1133 5632 Ιινικτου
1187 5597 1274 5633 sm
1319 5596 1401 5634 ut.
1460 5599 1540 5636 nu

335 5646 481 5704 Bibl.
520 5646 739 5716 ubique
769 5645 882 5719 legi
901 5650 1146 5709 adnotat
1176 5653 1240 5707 A.
1274 5596 1546 5708 Summo.

2164 4443 2274 4512 (96)
2304 4441 2550 4512 ’Έτερον.
2587 4440 2760 4496 Aliud
2791 4455 3007 4511 nempe
3033 4455 3068 4494 a
3096 4437 3602 4512 praacedentibus.
3627 4439 3739 4494 Pu-

2097 4509 2442 4568 tavit’enim'
2473 4518 2680 4567 auctor
2722 4509 3147 4567 abstinentiam
3195 4509 3268 4564 ab
3312 4509 3638 4564 immolatis
3686 4515 3741 4565 et

2017 4590 2060 4652 1)
2091 4584 2360 4654 reliquis,
2387 4599 2638 4654 quorum
2672 4601 2838 4638 esum
2867 4581 3300 4654 prohibuerunt
3324 4581 3382 4654 in
3408 4581 3568 4636 Actis
3600 4596 3736 4654 apo-

2091 4652 2249 4718 stoli,
2284 4652 2420 4709 esse
2444 4671 2571 4707 rem
2603 4655 2664 4709 in
2712 4671 2773 4708 se
2823 4652 3262 4717 necessariam;
3317 4652 3732 4707 abstinentiam

2089 4743 2225 4780 vero
2247 4727 2319 4780 ab
2377 4727 2470 4791 iis,
2522 4741 2651 4796 qua;
2696 4728 2820 4795 jam
2872 4731 3184 4794 sequntur,
3232 4723 3608 4779 solummodo
3663 4723 3733 4779 ad

2090 4797 2395 4852 vitandum
2429 4796 2776 4851 scandalum
2805 4814 2932 4851 esse
2964 4801 3344 4866 praeceptam.

2160 4870 2272 4968 (972
2305 4867 2601 4941 Ἧγκοπίν.
2638 4868 2914 4940 Ἐγκοπήν
2948 4885 3085 4920 τινα.
3121 4867 3144 4919 Ι
3174 4868 3303 4920 Cor.
3337 4883 3412 4920 lx.

2160 4942 2246 4968 mo
2309 4938 2423 4968 AL-..
2471 4913 2731 4968 μάχη..-
2814 4941 2904 4968 ειη
2961 4937 3230 4968 mmmam.
3297 4937 3412 4968 Cl.“

2160 4913 2423 5010 3983.344};
2471 4913 2753 4999 εδἎ-ετουὲ.
2814 4913 2906 4994 8ἰό
2961 4937 3500 5010 ευρριιὶιιεβῑνοιη.
3567 4953 3645 5005 ιιι,
3679 4953 3731 5010 p.

2089 5013 2191 5065 533
2225 5008 2356 5066 cum
2395 5017 2798 5068 memorasset.
2819 5008 3058 5064 Petrum
3081 5014 3141 5063 et
3169 5008 3511 5080 Philippum
3543 5009 3736 5080 matri-

2089 5085 2292 5168 monio
2318 5085 2561 5168 junctps
2593 5083 2774 5168 fuisse
2798 5081 3106 5168 et'li'beros
3136 5079 3501 5168 procreasse:
3534 5079 3730 5166 additi

2093 5154 2186 5210 Καὶ
2219 5153 2250 5208 ὅ
2277 5148 2337 5224 γε
2371 5154 2583 5215 Παῦλος
2611 5153 2711 5206 οὐκ
2740 5151 2884 5224 ὀκνεῖ
2909 5150 3099 5224 ἔν-τινι
3138 5148 3405 5224 ἐπιστολῇ
3419 5150 3536 5224 *τῂν
3569 5149 3727 5224 αὐτοῦ

2086 5218 2506 5312 προσαγορεύειν
2541 5224 2789 5312 σύζυγον,
2822 5223 2890 5292 ἥν
2922 5221 2982 5274 ού
3014 5218 3390 5312 περιεκόμιζε
3414 5218 3504 5274 διὰ
3547 5221 3609 5274 τὸ
3635 5227 3730 5304 τῇς

2091 5293 2385 5370 emptae;
2418 5293 2697 5358 εὐσταλὲςξ
2729 5320 2757 5346 ‹‹
2791 5299 2860 5351 Et
2900 5295 3116 5370 Paulus
3164 5299 3644 5370 non_cunctatur
3671 5293 3730 5348 in

2090 5366 2344 5440 quadam
2378 5370 2642 5440 Epistola
2673 5385 2839 5424 suam
2872 5367 3131 5440 salutare
3182 5366 3518 5440 conjugem,
3553 5380 3728 5440 quam

2088 5435 2208 5496 rion
2257 5435 2736 5505 circumferebat,
2770 5437 2929 5510 quod
2978 5454 3098 5492 non
3149 5435 3496 5509 magno‘uti
3549 5435 3729 5491 voluit

2087 5513 2440 5568 ministerio.
2481 5536 2504 5559 ι»

2156 5587 2265 5653 (99)
2302 5582 2391 5644 Ei;
2420 5583 2643 5640 πάντας.
2686 5579 2852 5635 Haud
2902 5578 3022 5633 scio
3057 5595 3146 5633 am
3178 5577 3401 5632 rectius
3429 5573 3508 5638 εἷς
3535 5576 3729 5649 πάντα,

2087 5680 2110 5703 α
2147 5657 2221 5711 ad
2252 5655 2474 5710 omnia.
2510 5677 2536 5703 ››
2569 5655 2840 5708 SYLBURG.
