4004 6144
267 266 405 324 1805

1586 273 2038 330 STBOMATW
2072 273 2208 328 LIB.
2249 273 2343 328 IV.

3537 277 3681 334 1306

267 388 424 444 εἶναι·
455 388 491 459 ἦ
528 388 833 468 ὑπόδειγμα
885 397 1003 455 τοῖς
1048 392 1300 458 θὲλουσιν
1359 393 1770 471 ἰγκρατεύεσθαι
1826 415 1915 469 γι-

2033 396 2102 451 sti
2129 397 2200 467 (a)
2238 414 2252 463 ;
2290 419 2310 446 ι
2348 396 2577 453 scilicet
2605 413 2790 454 onera
2818 398 3323 472 circumferentes,
3347 417 3484 460 cum
3506 421 3677 476 opor-

567 481 645 552 μή
697 477 1160 555 οἰκοδομούμενοι
1213 483 1290 546 εἷς
1317 484 1380 539 τὸ
1426 481 1613 554 ἆηδῶς
1644 485 1710 537 τὰ
1739 503 1919 553 παρα-

259 569 512 641 τιθέμενα
544 571 619 641 (1)
651 569 868 638 ἐσθίειν,
928 572 1018 625 καὶ
1081 574 1156 636 ὼς
1211 567 1400 649 ἔτυχεν
1457 572 1675 645 ὁμιλεῖν
1720 575 1790 646 τῇ
1820 594 1917 646 γυ-

262 658 426 712 ναικί·
463 658 701 730 μάλιστα
733 659 790 714 δὲ
817 659 942 722 τοὺς
981 659 1318 733 τηλικαύτην
1351 661 1668 734 οἰκονομίαν
1701 683 1922 715 πεπεισ-

259 477 505 550 νόμενοι,

271 747 462 818 μένους
522 751 598 822 (2)
660 747 969 824 ὑπόδειγμα
1018 757 1136 814 τοῖς
1216 753 1578 824 μανθάνουσιν
1647 751 1920 825 ἄχραντον

265 835 535 902 ἕκκεῖσθαι
567 840 854 914 προσήκει.
891 864 918 890 ‹‹
947 839 1266 916 Ἐλεύθερος
1296 843 1398 918 γὰρ
1455 840 1528 896 ὥν
1575 841 1634 896 ἐκ
1686 841 1920 911 πάντων,

266 931 425 980 πᾶσιν
487 925 720 1000 ἐμαυτὸν
779 925 1084 1000 ἐδούλευσα,
1145 931 1333 1008 φησῖν,
1387 928 1479 986 ’ἱνα
1533 930 1660 992 τοὺς
1720 931 1921 992 πάντας

261 1013 533 1090 κερδήσω.
569 1019 673 1074 Καὶ
705 1025 807 1080 πᾶς
836 1017 893 1074 δὲ
961 1021 988 1074 ὁ
1041 1020 1462 1097 ἀγωνιζόμενος,
1496 1021 1670 1076 πάντα
1726 1020 1922 1098 ἐγκρασ-

259 1104 491 1162 τεύεται.
527 1103 704 1163 Ἀλλὰ
733 1112 828 1162 τοῦ
861 1109 1058 1184 Κυρίου
1092 1113 1126 1180 ἠ
1159 1114 1250 1185 γῆ,
1294 1110 1384 1165 καὶ
1414 1111 1477 1166 τὸ
1507 1109 1794 1186 πλήρωμα
1825 1109 1920 1164 αὐ-

260 1200 382 1264 τῆς.
416 1196 512 1249 Διὰ
539 1206 640 1266 την
672 1195 978 1269 συνείδησιν
1013 1222 1034 1251 ι
1071 1197 1161 1254 οὖν
1191 1200 1470 1278 ἀφεκτέον,
1504 1200 1576 1254 ὧν
1632 1199 1918 1277 ἀφεκτέον.

263 1308 289 1335 ιι
323 1281 642 1355 Συνείδησιν
672 1283 730 1340 δὲ
776 1285 948 1360 λέγω,
1003 1287 1134 1364 οὐχὶ
1185 1289 1283 1357 τὴν
1315 1289 1527 1344 ἑαυτοῦ·
1568 1313 1594 1340 ››
1644 1289 1918 1363 γνωστική

258 1373 382 1449 γάρ·
411 1372 556 1428 ἀλλὰ
584 1376 684 1444 τήν
721 1380 812 1431 τοῦ
842 1376 1051 1452 ὲτὲρου,
1078 1375 1172 1434 ἵνα
1205 1379 1280 1452 μή
1335 1383 1518 1442 κακῶς
1546 1375 1918 1453 οἷκοδομηθῇ,

259 1461 468 1534 ἀμαθίᾳ
549 1463 896 1538 μιμούμενος
957 1465 988 1521 ὅ
1044 1469 1122 1540 μὴ
1168 1467 1444 1542 γινώσκει,
1503 1469 1920 1546 καταφρονητὴς

257 1551 376 1606 ἀντὶ
413 1549 825 1630 μεγαλόφρονος
855 1557 932 1628 (3)
989 1555 1298 1629 γινόμενος.
1361 1581 1390 1608 ‹‹
1449 1559 1564 1614 Ἲνα
1609 1557 1664 1612 τί
1720 1557 1826 1632 γὰρ
1882 1559 1917 1626 ἡ

261 1637 545 1716 ἰλευθερία
577 1663 682 1714 μου
711 1641 950 1718 κρίνεται
1013 1645 1114 1698 ὑπὸ
1173 1642 1352 1716 ἄλλης
1397 1643 1756 1716 συνειδήσεως
1792 1665 1806 1714 ;
1859 1645 1920 1700 Εἰ

258 1728 371 1804 ἐγὼ
405 1733 480 1800 (4)
536 1729 724 1806 χάριτι
779 1732 1020 1808 μετέχω,
1059 1732 1112 1788 τί
1173 1733 1611 1812 βλασφημοῦμαι
1666 1733 1798 1806 ὑπὶρ
1858 1733 1919 1787 οὗ

259 1816 371 1893 ἐγὼ
395 1819 704 1894 εὐχαριστῶ
739 1838 752 1888 ;
785 1822 955 1876 πάντα
983 1825 1058 1894 (5)
1093 1819 1185 1876 οὖν
1218 1823 1316 1877 ’ὀσα
1347 1828 1575 1892 ποιεῖτε,
1625 1821 1701 1884 εἷς
1758 1819 1916 1892 δόξαν

259 1911 395 1961 Θεοῦ
422 1913 649 1963 ποιεῖτε·
685 1932 714 1960 ››
745 1907 845 1964 ’ὅσα
877 1910 979 1965 ὑπὸ
1035 1910 1127 1966 τὸν
1186 1907 1384 1966 κανόνα
1415 1913 1490 1985 (6)
1545 1917 1645 1980 τῆς
1685 1910 1918 1974 πίστεως

259 2001 435 2050 ποιεῖν
472 1995 876 2073 ἐπιτέτραπται.

2028 489 2146 540 teat
2175 501 2303 542 esse
2336 485 2642 558 expeditos
2664 487 2735 542 ad
2749 504 2957 543 omnes
2981 496 3108 555 ;aut
3132 492 3677 565 eﬂ’ectiexemplum

2026 575 2122 642 iis,
2155 576 2255 646 qui
2283 575 2488 630 volunt
2518 577 2892 631 continentes
2924 594 3077 643 esse,
3108 583 3174 632 ut
3203 580 3302 650 qui
3336 597 3456 635 non
3488 584 3672 640 itain-

2027 666 2233 720 structi
2260 665 2538 730 simus,ut
2569 683 2700 736 qum
2734 665 2906 720 nobis
2937 673 3319 736 apponuntur
3342 685 3460 723 non
3483 671 3678 728 liben-

2027 759 2116 808 ter
2145 753 2614 822 comedamus,et
2645 761 2867 809 temere
2902 771 3036 809 cum
3071 755 3321 810 muliere
3351 757 3679 816 habeamus

2025 841 2541 898 consuetudinem.
2603 843 2851 898 Maxime
2903 849 3102 898 autem
3163 860 3284 913 eos,
3346 846 3562 916 quibus
3592 854 3684 905 est

2025 932 2250 987 credita
2281 938 2444 988 tanta
2474 931 3153 1003 dispensatio,convenit
3180 934 3444 1005 prasbere
3463 953 3679 1006 purum

2026 1027 2084 1076 et
2113 1021 2279 1076 nulla
2309 1021 2440 1076 labe
2456 1021 2753 1092 pollutum
2768 1021 3074 1092 exemplar
3103 1020 3680 1080 discentibus.«Nam

2025 1127 2160 1164 cum
2191 1110 2363 1177 liber,
2407 1110 2622 1181 inquit,
2677 1126 2870 1165 essem
2931 1128 3002 1165 ex
3061 1110 3360 1178 omnibus,
3411 1112 3680 1169 omnium

2024 1216 2117 1254 me
2151 1215 2383 1253 servum
2413 1198 2618 1266 feci,ut
2647 1214 2856 1254 omnes
2887 1198 3316 1254 lucrifacerem.
3337 1201 3544 1256 Omnis
3575 1217 3681 1257 au-

2026 1293 2166 1354 tem,
2197 1288 2379 1359 quiin
2412 1288 2735 1343 certamine
2767 1288 3098 1354 contendit,
3132 1294 3222 1344 est
3273 1290 3588 1346 continens
3617 1290 3682 1348 in

2024 1378 2304 1432 omnibus
2326 1377 2541 1445 (b).Sed
2557 1377 2790 1432 Domini
2823 1383 2912 1432 est
2935 1383 3178 1444 terra,et
3197 1377 3506 1448 plenitudo
3527 1379 3678 1451 ejus.

2023 1469 2271 1538 Propter
2301 1467 2730 1522 conscientiam
2767 1489 2792 1515 η
2841 1483 2978 1539 ergo
3011 1466 3437 1523 abstinendum
3461 1474 3552 1524 est
3606 1468 3678 1524 ab

2025 1554 2117 1618 iis,
2150 1572 2184 1610 a
2213 1553 2429 1625 quibus
2461 1561 2552 1609 est
2580 1555 3004 1610 abstinendum
3031 1573 3044 1623 ;
3078 1579 3104 1605 «
3130 1557 3558 1612 conscientiam
3582 1574 3681 1613 au-

2026 1649 2143 1698 tem
2176 1643 2326 1712 dico,
2357 1661 2475 1698 non
2500 1661 2667 1698 suam
2703 1661 2716 1709 ;
2753 1669 2774 1694 ι
2815 1649 2904 1699 est
2933 1645 3094 1699 enim
3156 1646 3491 1718 cognitione
3527 1663 3677 1718 pras-

1953 1757 1996 1820 B
2027 1733 2149 1787 dita
2182 1750 2194 1797 ;
2229 1731 2332 1786 sed
2363 1731 2629 1798 alterius,
2663 1749 2736 1787 ne
2770 1733 2924 1788 male
2947 1732 3297 1801 aedificetur,
3317 1750 3423 1806 per
3443 1733 3681 1806 ignora-

2026 1822 2250 1876 tionem
2283 1821 2570 1875 imitando
2623 1820 2704 1884 id,
2739 1821 2896 1892 quod
2956 1839 3076 1877 non
3109 1823 3428 1894 cognoscit,
3463 1827 3522 1878 et
3571 1839 3680 1894 pro

2027 1910 2245 1966 excelsi
2276 1911 2457 1965 animi
2491 1910 2610 1964 viro
2644 1911 2747 1966 ﬁat
2777 1917 3168 1982 contemptor.
3188 1934 3214 1961 «
3237 1912 3352 1967 Cur
3374 1912 3531 1967 enim
3547 1927 3682 1968 mea

2025 2000 2268 2055 libertas
2291 1999 2600 2071 judicatur
2619 1999 2691 2054 ab
2725 1999 2844 2055 alia
2868 1999 3234 2056 conscientia
3260 1999 3287 2053 ?
3317 2000 3373 2055 Si
3406 2016 3509 2072 ego
3540 2016 3678 2058 cum
3744 2060 3745 2064 η

257 2088 447 2161 gratia
471 2089 780 2161 participo,
809 2106 916 2145 cur
944 2089 1280 2146 maledictis
1311 2096 1557 2164 appetor
1586 2107 1691 2163 pro
1723 2108 1816 2159 eo,
1848 2107 1954 2162 pro
1987 2106 2102 2161 quo
2133 2089 2351 2162 gratias
2383 2105 2489 2157 ago
2521 2088 2548 2143 ‘I
2577 2089 2788 2144 Omnia
2817 2106 2975 2162 ergo,
3009 2107 3140 2161 quas
3195 2089 3421 2157 facitis,
3465 2089 3526 2144 in
3553 2089 3684 2161 glo-

256 2177 409 2234 riam
442 2177 544 2233 Dei
565 2178 738 2234 facite
772 2180 842 2250 (c)
879 2197 894 2247 ;
930 2202 958 2228 »
991 2197 1122 2251 quae
1155 2181 1385 2237 scilicet
1412 2198 1448 2237 a
1476 2181 1680 2254 regula
1710 2181 1847 2236 fidei
1879 2179 2238 2251 permissum
2264 2185 2354 2234 est
2381 2178 2597 2234 facere.

1759 2306 1992 2361 CAPUT
2035 2305 2178 2359 XVI.

729 2403 987 2467 Quasdam
1009 2404 1313 2474 Scriptum
1343 2406 1464 2460 loca
1477 2405 1544 2460 de
1573 2406 1907 2470 constantia,
1935 2401 2214 2473 patientia
2239 2407 2292 2454 et
2322 2400 2596 2454 charitate
2616 2405 2923 2468 martyrum
2951 2400 3220 2455 illustrat.

334 2538 362 2565 ι(
394 2513 603 2589 Καρδίᾳ
635 2515 729 2588 μὲν
760 2516 1064 2572 πιστεύεται
1123 2517 1198 2580 εἷς
1259 2517 1631 2590 δικαιοσύνην,
1683 2516 1914 2590 στόματι

261 2601 318 2658 δδ
347 2603 706 2679 ὁμολογεῖται
739 2605 814 2664 εἷς
848 2607 1143 2682 σωτηρίαν.
1179 2609 1332 2682 Λέγει
1365 2613 1492 2684 γοῦν
1531 2612 1605 2679 (7)
1636 2609 1670 2674 ἡ
1703 2605 1912 2680 Γραφή·

259 2699 370 2754 Πᾶς
456 2693 484 2747 ὁ
567 2694 835 2747 πιστεύων
895 2692 980 2748 ἐπ’
1041 2693 1187 2767 αύτῷ
1244 2696 1307 2750 ού
1365 2696 1913 2770 καταισχυνθήσεται·

258 2781 501 2836 τουτέστι
561 2783 635 2853 (8)
694 2781 756 2835 τὸ
799 2779 951 2856 ῥῆμα
1008 2788 1109 2850 τῆς
1162 2782 1397 2844 πίστεως
1457 2782 1486 2836 ὅ
1542 2781 1912 2857 κηρύσσομεν·

260 2869 344 2923 ὅτι
377 2867 464 2921 ἐὰν
496 2867 848 2944 ὁμολογήσῃς
875 2869 939 2922 τὸ
971 2866 1122 2943 ῥῆμα
1181 2869 1232 2924 ἐν
1282 2874 1362 2935 τῷ
1416 2869 1647 2943 στόματί
1680 2891 1775 2924 σου
1832 2868 1915 2924 δτι

255 2957 456 3030 Κύριος
487 2956 722 3026 Ἰησοῦς,
761 2957 850 3010 καὶ
909 2956 1199 3032 πιστεύσῃς
1231 2957 1285 3013 ἐν
1333 2963 1400 3032 τῇ
1429 2956 1626 3031 καρδίᾳ
1683 2981 1778 3014 σου
1833 2959 1915 3015 ὅτι

257 3047 286 3100 ὁ
319 3046 449 3108 Θεὸς
478 3043 700 3119 ἤγειρεν
730 3045 894 3100 αὐτὸν
929 3044 989 3101 ἐκ
1017 3051 1247 3122 νεκρῶν,
1279 3050 1526 3124 σωθήσῃ.
1564 3071 1587 3100 ι)
1623 3053 1912 3125 Ἄντικρυς

258 3131 470 3188 τελείαν
502 3129 847 3202 δικαιοσύνην
881 3133 1204 3212 ὑπογράφει,
1260 3133 1406 3209 ἔργῳ
1459 3155 1519 3190 τε
1565 3135 1655 3189 καὶ
1714 3136 1917 3211 θεωρίᾳ

251 3219 716 3293 πεπληρωμένην.
768 3245 796 3272 ‹‹
853 3222 1204 3296 ΕὑΑογητὲον
1266 3222 1357 3278 οὖν
1408 3223 1536 3286 τοὺς
1594 3221 1914 3288 διώκοντας.

254 3310 571 3386 Εὐλογεῖτε,
601 3309 691 3364 καὶ
729 3311 804 3382 μή
835 3316 1160 3384 καταρᾶσθε·
1221 3314 1257 3382 ἡ
1290 3313 1391 3389 γὰρ
1448 3311 1722 3387 καύχησις
1751 3315 1914 3387 ἡμῶν

256 3397 391 3467 αὕτη
425 3397 557 3467 ἐστὶ,
587 3399 650 3454 τὸ
686 3399 983 3474 μαρτύριον
1033 3403 1133 3466 τῆς
1184 3398 1543 3472 συνειδήσεως
1585 3404 1770 3477 ἡμῶν,
1831 3401 1912 3457 ὅτι

254 3488 308 3542 ἰν
336 3487 590 3561 ἁγιότητι
618 3493 698 3556 (9)
727 3489 815 3541 καὶ
849 3485 1175 3562 είλικρινείᾳ
1204 3491 1333 3546 Θεὸν
1362 3489 1664 3568 ἔγνωμεν.»
1691 3489 1760 3546 δι’
1793 3490 1914 3546 ὀλί-

256 3595 360 3650 γης
382 3574 584 3646 ταύτης
609 3575 933 3650 προφάσεως
962 3577 1026 3632 τὸ
1055 3584 1156 3647 τῆς
1189 3578 1402 3654 ἀγάπης
1461 3578 1614 3655 ἔργον
1648 3577 1915 3636 ἰνδεικνύο

2036 3591 2094 3639 et
2123 3584 2462 3639 sinceritate
2494 3584 2678 3638 Deum
2701 3582 3081 3655 cognovimus

261 3685 435 3736 μενοι,
470 3663 550 3719 ὅτι
614 3690 642 3715 ‹‹
674 3663 772 3719 οὐκ
814 3664 870 3720 ἐν
919 3667 1084 3744 σοφίᾳ
1133 3673 1391 3742 σαρκικῇ,
1448 3669 1575 3724 ἀλλ’
1625 3669 1676 3724 ἐν
1733 3667 1920 3745 χάριτι

255 3758 390 3810 Θεοῦ
418 3755 828 3830 ἀνεστράφημεν
862 3753 914 3809 ἐν
973 3760 1054 3828 τῷ
1108 3755 1322 3829 κόσμῳ.
1361 3781 1387 3808 ››
1421 3763 1601 3814 Ταῦτα
1637 3760 1731 3832 μὶν
1791 3759 1914 3834 περῖ

250 3846 350 3906 τῖς
377 3845 631 3916 γνώσεως
664 3845 692 3898 ὁ
726 3843 1094 3906 ’Λπόστολος·
1151 3846 1250 3914 τὴν
1311 3843 1369 3901 δὲ
1417 3849 1604 3916 κοινήν
1652 3845 1916 3903 διδασκα-

255 3928 378 3984 λίαν
413 3937 523 4006 (10)
555 3940 654 4002 τῆς
695 3932 933 3995 πίστεως
985 3959 1013 3985 κ
1067 3933 1245 4007 ὀσμῆν
1305 3934 1560 4011 γνώσεως
1622 3961 1650 3988 ››
1701 3935 1914 4007 εἶξοηκεν

257 4019 308 4073 ἐν
330 4024 397 4094 τῇ
433 4018 653 4098 δευτέρᾳ
675 4025 790 4096 (11)
820 4024 958 4096 πρὸς
1019 4025 1354 4098 Κορινθίους.
1389 4048 1416 4074 ‹‹
1449 4027 1625 4100 ’Ἄχρι
1679 4025 1784 4099 γὰρ
1813 4031 1916 4094 τῆς

257 4112 499 4183 σήμερον
545 4113 758 4186 ἡμέρας
805 4113 868 4166 τὸ
903 4113 1032 4167 αύτο
1091 4113 1360 4187 κάλυμμα
1415 4119 1532 4174 τοῖς
1561 4113 1798 4178 πολλοῖς
1828 4113 1914 4170 ἐπὶ

255 4200 324 4270 τῇ
384 4197 680 4274 ἀναγνώσει
736 4203 836 4268 τῆς
889 4202 1126 4264 παλαιᾶς
1174 4205 1452 4274 Διαθήκης
1505 4202 1669 4276 μένει,
1730 4225 1760 4258 υ
1839 4205 1913 4278 μή

2100 2539 2127 2566 ‹‹
2152 2515 2337 2571 Corde
2372 2537 2399 2564 »
2429 2513 2670 2584 quidem
2703 2536 2730 2562 ‹‹
2779 2514 3041 2569 creditur
3095 2515 3167 2569 ad
3209 2515 3526 2587 justitiam,
3581 2534 3687 2574 ore

2029 2610 2226 2660 autem
2261 2604 2327 2657 ﬁt
2358 2602 2651 2657 confessio
2683 2602 2756 2657 ad
2784 2603 3056 2658 salutem.
3092 2604 3245 2659 Dicit
3284 2606 3488 2676 itaque
3527 2606 3686 2663 Scri-

2029 2700 2201 2764 ptura
2235 2709 2248 2746 :
2280 2691 2559 2762 Quisquis
2587 2691 2775 2746 credit
2807 2693 2868 2746 in
2899 2694 3117 2764 ipsum,
3150 2694 3376 2764 pudore
3399 2711 3518 2750 non
3553 2695 3685 2751 afﬂ-

2026 2783 2235 2837 cietur.
2274 2783 2391 2836 Hoc
2422 2786 2510 2836 est
2539 2780 2780 2836 verbum
2833 2781 2992 2848 ﬁdei,
3025 2783 3182 2852 quod
3240 2783 3675 2854 praadicamus:

2029 2869 2186 2941 quod
2219 2871 2266 2924 si
2302 2869 2609 2924 confessus
2641 2870 2825 2924 lueris
2855 2869 3102 2925 verbum
3135 2871 3195 2926 in
3227 2888 3327 2926 ore
3360 2877 3482 2940 tuo,
3525 2873 3685 2944 quod

2032 2959 2318 3014 Dominus
2345 2960 2535 3026 Iesus,
2568 2964 2626 3013 et
2655 2959 2980 3015 credideris
3029 2960 3088 3014 in
3137 2961 3312 3016 corde
3343 2966 3464 3031 tuo,
3527 2961 3686 3033 quod
3743 3036 3746 3040 ᾳ

2032 3050 2186 3104 Deus
2213 3066 2348 3103 eum
2382 3048 2691 3104 suscitavit
2720 3065 2754 3103 a
2788 3051 3057 3115 mortuis,
3084 3050 3278 3105 salvus
3329 3051 3446 3106 eris
3496 3052 3593 3122 (εἰ).
3657 3073 3686 3103 ››

2030 3135 2344 3190 Evidenter
2372 3135 2698 3207 perfectam
2761 3135 3048 3190 describit
3098 3137 3417 3208 justitiam,
3469 3156 3598 3210 quas
3632 3142 3691 3194 et

2028 3240 2207 3295 opere
2236 3230 2295 3279 et
2320 3223 2826 3294 contemplatione
2857 3224 3207 3295 completur.
3230 3249 3257 3275 ‹‹
3293 3227 3687 3283 Benedicere»

2027 3330 2165 3385 ergo
2198 3319 2432 3386 oportet
2452 3337 2479 3362 ‹‹
2505 3313 2598 3382 iis,
2625 3313 2724 3384 qui
2747 3320 3206 3386 persequuntur.
3241 3315 3600 3385 Benedicite,
3632 3321 3692 3374 et

2026 3403 2212 3458 nolite
2245 3403 2537 3458 exsecrari
2570 3404 2664 3474 (e).
2698 3403 2980 3458 Gloriatio
3000 3402 3158 3458 enim
3183 3409 3388 3459 nostra
3419 3405 3544 3460 haec
3577 3411 3686 3475 est,

2030 3494 2436 3548 testimonium
2469 3493 2847 3548 conscientias
2866 3492 3270 3564 nostrm,quod
3291 3494 3352 3548 in
3375 3496 3688 3551 sanctitate

3118 3599 3131 3649 ;
3169 3605 3196 3631 ι)
3227 3599 3335 3654 per
3373 3584 3527 3639 hanc
3557 3600 3690 3656 par-

2030 3690 2159 3728 vam
2193 3673 2569 3727 occasionem
2601 3688 2750 3741 opus
2781 3670 3164 3725 ostendentes
3190 3672 3686 3745 charitatis,quod

2033 3783 2054 3809 ε
2084 3777 2205 3815 non
2239 3759 2299 3814 in
2333 3759 2625 3830 sapientia
2654 3759 2900 3824 carnali,
2930 3758 3032 3812 sed
3066 3758 3127 3813 in
3156 3760 3346 3832 gratia
3397 3761 3497 3817 Dei
3545 3777 3687 3816 con-

2026 3847 2237 3906 versati
2262 3847 2542 3902 sumusin
2556 3846 2778 3902 mundo
2797 3848 2884 3919 (Γ).
2918 3867 2940 3898 ι
2960 3849 3093 3902 Haec
3110 3849 3427 3920 Apostolus
3446 3849 3687 3921 quidem

2026 3938 2097 3993 de
2129 3937 2484 4011 cognitione.
2513 3938 2900 3992 Communem
2932 3942 3129 3992 autem
3167 3938 3304 3993 ﬁdei
3329 3938 3686 4009 doctrinam,

2024 4027 2086 4092 ›ι‹
2110 4028 2260 4083 dixit
2296 4048 2321 4078 ιι
2351 4026 2590 4082 odorem
2623 4025 2978 4099 cognitionis
3002 4027 3099 4098 fg),
3125 4048 3152 4075 η
3188 4028 3248 4082 in
3275 4029 3536 4084 secunda
3557 4029 3685 4100 Epi-

2028 4117 2178 4173 stola
2209 4115 2283 4171 ad
2314 4115 2672 4170 Corinthios.
2705 4137 2731 4164 «
2793 4117 2936 4170 Nam
2969 4115 3030 4170 in
3090 4115 3444 4173 hodiernum
3488 4133 3681 4188 usque

2029 4205 2187 4261 diem
2215 4204 2372 4259 idem
2404 4203 2600 4258 velum
2630 4202 2835 4258 multis
2866 4204 2926 4258 in
2957 4203 3214 4260 lectione
3238 4206 3463 4261 Veteris
3483 4207 3682 4261 Testa-

329 4325 392 4387 -ι‹
422 4325 484 4378 Ρ.
511 4324 615 4377 608
644 4325 757 4379 ED.
790 4325 1094 4389 POTTER,
1124 4327 1228 4379 514
1257 4328 1368 4381 ΕΙ).
1402 4329 1632 4384 PARIS.
1665 4328 1740 4398 (a)
1773 4329 1915 4383 [Cor

338 4395 451 4452 .(dl
475 4396 642 4449 Rom.
674 4412 732 4452 ι.
768 4398 856 4452 10.
887 4397 973 4452 11.
1006 4398 1060 4452 8.
1090 4399 1144 4450 9.
1172 4397 1240 4452 te)
1264 4399 1430 4452 Rom.
1464 4416 1564 4452 xu.
1601 4400 1685 4452 14.
1717 4399 1788 4452 (fl
1817 4401 1867 4452 lI
1889 4401 1915 4452 (ζ

2037 4368 2052 4395 ,
2085 4331 2138 4397 4,
2171 4331 2224 4395 Ei,
2271 4331 2357 4382 12.
2396 4327 2475 4452 (δὲ
2502 4325 2644 4381 Ibid.
2685 4330 2767 4389 l9,
2798 4330 2885 4381 25.
2919 4327 2990 4398 (ο)
3018 4329 3041 4381 Ι
3071 4328 3201 4385 Cor.
3235 4346 3290 4397 x,
3349 4330 3440 4396 28,
3471 4329 3559 4396 29,
3591 4331 3681 4399 30,

2072 4416 2086 4452 1
2127 4402 2206 4452 12.
2241 4403 2324 4452 (a)
2356 4398 2403 4451 ll
2480 4413 2565 4452 or.
2599 4414 2662 4452 ιι.
2696 4399 2782 4452 14.

259 4397 349 4449 31.
376 4395 451 4463 (d)
475 4396 642 4449 Rom.
674 4412 732 4460 ι,
768 4398 856 4462 10,
887 4397 973 4460 11,
1006 4398 1060 4463 8,
1090 4399 1144 4450 9.
1172 4397 1240 4467 (ε)
1264 4399 1430 4453 Rom.
1464 4416 1564 4466 xu,
1601 4395 1685 4454 14.
1717 4395 1788 4471 (f)
1817 4401 1867 4456 ΙΙ
1889 4401 1915 4454 (ξ

2072 4416 2086 4453 1
2126 4395 2206 4452 l2.
2241 4398 2403 4469 (9)11

325 4520 409 4608 (1)
433 4518 662 4608 Μήθοῖκ.
697 4517 858 4608 είςιτὸ
887 4516 1074 4608 ᾀηδςῦς
1107 4521 1188 4608 τκᾶ.
1203 4541 1260 4580 π.
1297 4523 1543 4608 ‘Videt'ur
1601 4525 1921 4608 legendum

2480 4413 2565 4452 or.
2599 4414 2662 4466 ιι,
2696 4399 2782 4452 li.

2037 4549 2057 4572 ι
2094 4523 2423 4607 secundum
2455 4524 2742 4607 regulam.
2770 4525 3422 4607 »AV_ul.gatz_e_lectionis
3471 4543 3683 4607 sensus

256 4584 718 4663 οἰκοδομούμενοι
751 4589 828 4651 εἶς
856 4593 919 4670 τξ)
1045 4590 1231 4662 ἀηδῶς
1254 4595 1320 4649 τὰ
1349 4615 1407 4650 π.
1437 4599 1554 4652 Vox
1586 4584 1915 4669 οἰκοδομού-

2033 4603 2139 4663 est,
2160 4584 2779 4670 quaecunquevregulm
2808 4584 3272 4669 fideivsubjicere
3321 4599 3680 4670 permissum

258 4685 408 4736 μενοι
441 4669 797 4736 ειιωριολεει
822 4680 852 4717 e
885 4666 1205 4736 ICor.ivm,
1242 4671 1326 4722 10.
1366 4669 1587 4725 Loer.

331 4740 400 4807 12)
431 4733 764 4808 φίκομονίαν
815 4733 1239 4808 πεπεισμένους.
1287 4741 1412 4794 Non
1463 4741 1615 4795 solet
1666 4740 1782 4796 dici
1842 4738 1920 4792 οἶ-

257 4805 518 4878 κονομίαν
571 4805 875 4878 πείθεσθαι,
926 4805 1030 4864 sed
1103 4809 1470 4867 πιστεύεσθαι.
1521 4813 1916 4877 Quamobrem

257 4876 666 4954 scribendum.
697 4876 1018 4954 οἴκονομέαν
1049 4882 1532 4954 πεπιστευμένους.
1551 4876 1689 4948 Qua
1712 4884 1914 4954 phrasi

252 4967 398 5026 usus
430 4956 521 5006 est
549 4951 867 5021 Apostolus
893 4952 955 5026 in
972 4953 1084 5026 hoc
1115 4954 1243 5026 ipso
1268 4951 1794 5026 capite,quod7jam
1822 4971 1915 5009 ex-

255 5023 438 5099 plicat
456 5027 904 5099 auctor,ne_r_npe
935 5025 958 5077 Ι
981 5025 1112 5099 Cor.
1137 5023 1288 5099 ix_,l7
1315 5023 1549 5099 {Etyi—p
1583 5023 1719 5099 ὲκῲν
1749 5027 1913 5099 τοῦτο

252 5089 500 5165 πράσσω,
537 5092 725 5163 μισθὸν
762 5089 897 5168 ἔχὶυ.
962 5093 1011 5148 εἲ
1071 5093 1129 5150 δὶ
1179 5089 1348 5166 ἄκων,
1401 5089 1720 5170 οἰκονομίαν
1747 5095 1911 5151 πεπίο

257 5183 510 5221 στευμαι,

324 5186 880 5316 ῗξῗῖίιέγαλριἢοονος.
919 5235 1352 5316 Μεγαλὸφρονας
1401 5239 1646 5313 opponit
1671 5241 1743 5295 iis
1762 5257 1912 5311 quos

265 5306 582 5382 Apostolus
614 5306 850 5382 ᾀσθενεξς
871 5306 1065 5382 _vo_ca't.

327 5374 404 5462 (ξ)
440 5378 654 5462 ξίιέγώ.
689 5374 839 5462 utﬁt
866 5375 996 5462 ἐγὼ,
1029 5383 1061 5462 1_
1082 5382 1214 5462 ger,
1248 5400 1302 5438 χ,

329 5449 403 5522 (ὅ)
442 5449 637 5523 nihil.
659 5449 1003 5523 _Abbrev__iat.
1038 5454 1061 5506 Ι
1090 5453 1219 5508 Cor.
1252 5471 1308 5523 Χ,
1338 5455 1398 5508 31
1440 5471 1453 5508 :
1515 5453 1640 5510 Εἴτε
1698 5450 1789 5523 οὖν
1821 5450 1910 5506 ἐσ-

250 5519 410 5585 θίετε,
447 5521 550 5576 ε”τε
607 5520 805 5580 πίνετε.
858 5519 964 5575 ε”τε
1023 5543 1074 5576 τι
1125 5519 1352 5593 ποιεῖτε,
1413 5525 1584 5580 πάντα
1642 5524 1716 5586 εἷς
1755 5522 1910 5595 δόξαν

257 5597 392 5646 Θεοῦ
425 5599 646 5650 ποιεῖτε.

324 5667 398 5736 (6)
423 5665 554 5719 Ὑπὸ
573 5665 664 5719 τὸν
709 5663 930 5720 κανόνα.
991 5667 1056 5720 Α.
1113 5667 1333 5723 mavult
1381 5668 1517 5722 κατᾶ
1563 5667 1654 5722 τὸν
1685 5667 1904 5738 κανόνα,

2032 4674 2140 4722 est.
2180 4674 2452 4722 SYLBURG.

2125 4743 2174 4802 7)
2208 4741 2366 4812 Γοῦν.
2397 4737 2504 4812 Γάρ
2533 4740 2723 4812 Rom._
2936 4800 2944 4808 ί

2125 4746 2174 4802 7)
2208 4746 2363 4791 Γοῦν.
2398 4746 2504 4812 Γάρ
2535 4746 2700 4792 Rom.
2936 4800 2944 4808 ί

2099 4746 2481 4884 (8)-Τουτέστι,
2515 4812 2591 4884 Α.
2614 4810 2794 4884 divise
2823 4809 2970 4884 τοῦτ’
3000 4805 3132 4884 ἔστι.
3167 4812 3513 4868 SYLBURG.-—
3532 4815 3678 4884 Mox,

2027 4877 2426 4956 Ὀμολογήσῃς
2459 4877 2518 4956 ἐν
2539 4883 2619 4950 τῷ
2650 4879 2879 4950 στόματί
2909 4901 3005 4934 σου
3064 4881 3259 4956 Κύριον
3317 4884 3551 4953 Ἰησοῦν,
3583 4877 3674 4939 καῖ

2025 4972 2172 5008 πιστ.
2210 4955 2377 5009 Rom.
2409 4969 2463 5019 x,
2497 4955 2548 5006 9.

2097 5028 2168 5090 (9)
2199 5017 2497 5097 Ἅγιὸτητι.
2533 5017 2859 5097 ’Δπλὸτητι,
2892 5024 2936 5077 Il
2959 5024 3100 5097 βοΐ.
3137 5043 3176 5093 1,
3214 5026 3296 5082 12.

2094 5097 2204 5166 (10)
2236 5089 2344 5164 Τίῆν
2401 5089 2466 5166 δὲ.
2502 5092 2694 5166 κοινὴν
2755 5089 3012 5166 διδηΤὴν
3063 5089 3254 5166 κοινὴν
3327 5093 3676 5154 διδασκαλίαν

2023 5161 2386 5240 ορροὶιίῐςτῇ
2420 5162 2629 5240 ὀλίγοις
2659 5161 3096 5240 παραδιδομὲνῃ,
3128 5161 3361 5226 arcanae
3392 5171 3677 5226 scientia).

2095 5233 2209 5314 (ll)
2239 5239 2326 5293 Ἐν
2355 5233 2424 5314 τῇ
2480 5233 2746 5314 δευτέρας
2773 5238 2844 5292 Α.
2905 5233 3221 5312 legendum
3273 5249 3474 5296 censet
3527 5240 3576 5314 ἐν
3605 5243 3674 5314 τῇ

2022 5309 2184 5381 αὐτῇ,
2218 5311 2500 5383 quoniam
2526 5310 2798 5383 superior
2811 5309 3052 5383 (quoque
3065 5313 3362 5383 sententia
3381 5329 3448 5383 ex
3468 5309 3676 5370 eadem

2022 5380 2273 5452 epiStola
2303 5382 2614 5454 desumpta
2639 5387 2743 5435 est.
2763 5380 3019 5454 Ἡμέρας,
3042 5390 3100 5438 et
3126 5388 3244 5443 τοῖς
3277 5381 3675 5454 nonamque)

2023 5453 2601 5524 sequuntur,absunt
2631 5469 2665 5507 a
2685 5452 2936 5524 vulgatis
2969 5455 3132 5510 Pauli
3167 5455 3401 5509 editt.ut
3423 5452 3581 5510 idem
3604 5458 3672 5511 A.

2019 5524 2282 5599 adnotat.
2298 5526 2591 5599 Sicanae.
2619 5556 2683 5563 -—
2720 5525 2867 5580 Sunt
2897 5532 3096 5583 autem
3156 5527 3672 5599 interpretamenti

2027 5595 2154 5650 loco
2188 5613 2223 5651 a
2251 5597 2555 5654 Clemente
2579 5597 2818 5652 inserta.
