4004 6144
311 263 450 321 1307

1534 269 1946 324 CLEMENTIS
1981 266 2482 324 ALEXANDle

3576 271 3717 326 1308

308 391 494 474 menti
526 400 727 450 manet
755 394 1013 465 (a),mon
1043 395 1366 474 revelatum
1387 410 1494 467 per
1515 394 1958 450 conversionem

2075 389 2588 466 ἀνακαλυπτόμενον
2611 395 2747 448 κατά
2802 395 2900 462 τήν
2932 394 3068 469 πρὸς
3099 395 3188 449 τὸν
3224 395 3428 469 Κύριον
3462 394 3717 474 ἐπιιιντρο⁴

309 473 381 539 ad
403 477 1072 554 Dominum.Propterea
1100 473 1556 538 ostenditetiam
1580 479 1957 538 resurrectio-

311 589 448 628 nem
480 574 574 639 iis,
635 573 733 643 qui
795 580 1046 644 possunt
1098 573 1455 645 perspicere,
1489 590 1640 639 eam,
1691 590 1821 644 qua}
1871 577 1961 627 est

311 664 505 719 adhuc
529 664 586 718 in
620 664 954 730 carne,vitre
978 665 1272 735 serpentis
1303 683 1480 736 super
1500 663 1956 720 ventrem.Unde

309 753 484 807 etiam
510 753 740 824 eos,qui
775 759 913 806 sunt
943 753 1257 824 ejusmodi,
1291 755 1518 809 vocavit
1541 777 1564 802 (ι
1600 755 1772 808 fmtus
1797 755 1955 824 vipe-

308 843 628 912 rarum(b),
665 868 682 889 ι
713 841 1063 896 libidinosos
1085 860 1149 897 ac
1182 843 1880 913 voluptarios,ventrique
1903 847 1960 896 et

307 932 442 1003 peni
477 932 817 1000 servientes,
855 938 910 986 et
939 937 1180 1004 propter
1227 931 1560 988 mundanas
1606 933 1958 1003 cupiditates

308 1037 415 1076 sua
444 1021 698 1076 invicem
732 1021 926 1093 capita
957 1021 1394 1078 abscindentes.
1430 1045 1457 1072 ‹‹
1489 1022 1702 1088 Filioli,
1724 1039 1798 1077 ne
1823 1021 1960 1075 dili-

305 1127 511 1185 gamus
543 1127 836 1177 sermone,
871 1128 982 1166 nec
1013 1112 1233 1184 lingua,
1265 1134 1291 1161 »
1324 1113 1407 1168 ait
1444 1115 1720 1182 Joannes,
1775 1111 1960 1182 perfe-

305 1206 432 1257 ctos
463 1217 592 1256 esse
625 1200 866 1268 docens,
894 1200 1038 1256 «sed
1067 1218 1242 1272 opere
1275 1207 1332 1256 et
1362 1203 1707 1258 veritate.ln
1740 1202 1848 1256 hoc
1867 1217 1960 1255 co-

304 1306 656 1364 gnoscemus
689 1290 844 1361 quod
877 1308 947 1346 ex
977 1291 1220 1345 veritate
1253 1291 1565 1361 sumus(c).
1597 1313 1624 1340 ››
1666 1291 1721 1345 Si
1759 1295 1958 1346 autem

305 1381 505 1436 «Deus
534 1386 622 1435 est
653 1380 932 1449 charitas,
971 1402 997 1429 »
1030 1380 1287 1436 charitas
1321 1397 1558 1452 quoque
1587 1386 1675 1436 est
1691 1380 1957 1452 pietasin

305 1471 512 1536 Deum,
547 1493 574 1519 «
608 1470 785 1525 timor
815 1487 937 1525 non
970 1476 1060 1526 est
1108 1471 1168 1524 in
1209 1471 1496 1525 charitate
1524 1488 1535 1524 :
1569 1469 1672 1526 sed
1700 1471 1961 1542 perfecta

2063 481 2192 558 φήν.
2257 481 2354 536 Διὰ
2408 483 2569 537 τοῦτο
2613 483 2702 537 καὶ
2760 482 3046 538 ἀνάστασιν
3102 482 3268 558 ἔδειξε
3345 491 3462 547 τοῖς
3529 483 3713 562 διορᾷν

2064 567 2526 642 Suvayé'voz;,tﬁv
2557 567 2634 626 ἔτι
2667 571 2719 626 ἐν
2750 573 2906 647 σαρκὶ
2962 577 3058 628 τοῦ
3119 576 3246 650 βίου
3303 571 3568 650 ’ἑρποντος
3628 576 3715 630 ἐπὶ

2062 660 2281 714 κοιλίαν
2314 666 2440 733 (12).
2475 664 2658 725 Ἔνθεν
2691 664 2780 717 καὶ
2815 687 2843 715 ι(
2881 665 3189 738 γεννήματα
3243 662 3480 740 ἐχιδνῶν
3526 691 3553 716 ››
3590 665 3714 728 τοὺς

2061 748 2343 810 τοιούτους
2375 749 2616 816 ἐκάλεσε,
2648 750 2774 812 τοὺς
2810 752 3164 829 φιληδόνους,
3223 753 3351 812 τοὺς
3379 754 3568 828 γαστρὶ
3624 754 3716 808 καὶ

2066 836 2296 902 αἰδοίοις
2326 837 2709 902 δουλεύοντας,
2741 843 2827 895 καὶ
2862 841 2956 904 τὰς
2987 841 3253 912 ἀλλήλων
3287 840 3378 897 διά
3404 845 3500 904 τὰς
3521 863 3718 914 κοσμιο

2062 929 2158 988 κάς
2193 928 2481 1000 ἐπιθυμίας
2541 931 2944 1002 ἀποτέμνοντας
3002 932 3241 1009 κεφαλάς
3281 937 3414 1004 (13).
3447 957 3473 979 ‹‹
3503 932 3717 1003 Τεκνία,

2067 1017 2144 1089 μή
2203 1017 2500 1093 ἀγαπῶμεν
2554 1020 2730 1093 λόγῳ,
2792 1018 2933 1092 μηδὲ
2991 1019 3243 1095 γλώσσῃ,
3302 1022 3558 1091 Ἰωᾶννης
3601 1025 3717 1095 (14)

2061 1105 2304 1168 τελείους
2335 1108 2466 1161 εἶναι
2499 1104 2790 1176 διδάσκων,
2827 1134 2854 1159 (ι
2895 1107 3024 1164 ἀλλ’
3054 1108 3104 1163 ἐν
3139 1104 3285 1183 ἔργῳ
3342 1110 3428 1163 καὶ
3462 1107 3715 1180 ἀληθείᾳ·

2063 1194 2117 1249 ἐν
2142 1195 2321 1268 τούτῳ
2361 1196 2702 1269 γνωσόμεθα,
2745 1196 2828 1252 ὅτι
2882 1197 2942 1251 ἐκ
2997 1205 3098 1266 τῆς
3149 1195 3408 1268 ἀληθείας
3449 1194 3626 1271 ἔσμεν.
3691 1222 3717 1250 n

2063 1284 2132 1342 Εἴ
2162 1283 2220 1340 δὲ
2253 1311 2280 1338 (ι
2313 1286 2494 1361 ἀγάπη
2555 1289 2582 1341 6
2642 1288 2797 1357 Θεὸς,
2859 1313 2886 1338 ››
2945 1288 3125 1363 ἀγάπη
3188 1288 3277 1343 καὶ
3322 1290 3355 1357 ἡ
3419 1283 3717 1356 θεοσέϐεια,

2064 1395 2094 1428 α
2125 1371 2294 1453 φόϐος
2327 1375 2423 1430 οῧκ
2455 1376 2594 1431 ἐστιν
2651 1375 2703 1430 ἐν
2757 1380 2825 1450 τῇ
2859 1377 3056 1452 ἀγάπῃ·
3090 1375 3217 1431 ἀλλ’
3247 1379 3281 1446 ἡ
3314 1376 3498 1433 τελεία
3531 1379 3715 1451 ἀγάπη

2062 1463 2163 1535 ἔξω
2197 1464 2394 1540 βάλλει
2423 1468 2514 1520 τὸν
2547 1460 2739 1544 φόϐον.
2771 1466 2918 1537 Αὕτη
2954 1464 3096 1521 ἐστὶν
3129 1469 3163 1537 ἡ
3218 1466 3399 1543 ἀγάπη
3431 1472 3529 1523 τοῦ
3558 1472 3720 1536 Θεοῦ,

303 1558 561 1614 charitas
592 1558 752 1614 foras
785 1559 948 1630 ejicit
979 1559 1253 1614 timorem
1286 1560 1381 1628 (di.
1417 1561 1548 1614 Hmc
1582 1567 1672 1614 est
1700 1562 1958 1616 Charitas

2070 1553 2151 1609 ίνα
2180 1555 2276 1616 τὰς
2309 1553 2532 1616 ἐντολάς
2592 1555 2758 1610 αὐτοῦ
2813 1561 3093 1630 τηρῶμεν.
3131 1581 3158 1607 ››
3220 1556 3392 1612 Πάλιν
3431 1578 3488 1611 τε
3517 1555 3580 1611 αὗ
3638 1562 3719 1630 τῷ

304 1649 427 1714 Dei,
462 1653 528 1704 ut
558 1649 686 1720 ejus
717 1654 1012 1722 praecepta
1042 1665 1343 1704 servemus
1364 1649 1456 1718 (ρ).
1492 1671 1519 1698 ››
1554 1651 1621 1703 Ει
1652 1667 1859 1704 rursus
1881 1652 1956 1720 ei,

3445 1672 3472 1699 «
3540 1647 3719 1705 ἈλΛά

2063 1651 2352 1720 γνωστικῷ
2410 1650 2667 1709 ποθοῦντι
2725 1647 2971 1722 γενέσθαι
3030 1646 3385 1722 γέγραπται,

304 1734 405 1809 qui
437 1735 600 1810 cupit
627 1735 750 1793 fieri
781 1735 1103 1811 gnosticus,
1139 1735 1425 1809 scriptum
1458 1743 1547 1792 est
1596 1756 1610 1792 :
1653 1760 1679 1788 ‹‹
1731 1739 1842 1793 Sed
1875 1741 1956 1795 sis

2070 1735 2232 1797 τύπος
2281 1735 2433 1810 γίνου
2483 1739 2592 1789 τῶν
2647 1740 2876 1804 πιστῶν,
2931 1735 2985 1790 ἐν
3043 1733 3216 1811 λόγῳ,
3277 1737 3330 1792 ἐν
3387 1739 3718 1810 ἀναστροφῇ,

300 1830 492 1886 forma
521 1829 808 1893 fidelium,
845 1829 906 1882 in
939 1844 1235 1891 sermone,
1294 1828 1353 1881 in
1385 1828 1853 1896 conversatione,
1888 1828 1950 1882 in

303 1921 614 1984 charitate,
642 1919 701 1971 in
737 1917 850 1971 ﬁde
883 1923 941 1970 et
969 1918 1238 1970 castitate
1263 1918 1351 1985 (γ’).
1411 1939 1438 1964 »
1471 1916 1632 1970 Fidei
1670 1917 1852 1983 enim,
1884 1923 1952 1971 ut

303 2009 579 2074 arbitror,
612 2006 894 2078 perfectio
924 2004 1307 2076 distinguitur
1363 2021 1397 2059 a
1452 2006 1754 2059 communi
1811 2006 1947 2062 fide.

304 2099 487 2152 Porro
517 2101 715 2150 autem
749 2094 981 2149 divinus
1021 2111 1255 2165 quoque
1304 2094 1621 2165 Apostolus
1671 2112 1778 2166 per
1827 2096 1954 2149 haec

306 2184 487 2240 tradit
515 2183 778 2256 regulam
814 2183 1089 2256 gnostici,
1124 2185 1208 2238 sic
1240 2183 1506 2238 scribens
1531 2201 1544 2240 :
1569 2206 1598 2234 «
1626 2186 1741 2257 Ego
1794 2185 1953 2240 enim

304 2271 508 2340 didici,
533 2274 595 2328 in
628 2274 721 2339 iis,
749 2273 810 2327 in
844 2273 1060 2344 quibus
1092 2291 1244 2339 sum,
1279 2289 1407 2328 esse
1437 2278 1776 2328 contentus.
1825 2274 1954 2329 Scio

305 2370 364 2419 et
396 2380 524 2419 esse
547 2363 811 2431 humilis,
836 2363 959 2419 scio
981 2369 1038 2418 et
1057 2362 1380 2418 abundare.
1416 2362 1640 2433 Ubique
1659 2369 1717 2418 et
1744 2363 1805 2417 in
1827 2379 1955 2418 om-

304 2452 482 2520 nibus
515 2469 646 2508 sum
673 2451 1001 2518 institutus,
1026 2457 1085 2507 et
1106 2451 1305 2508 satiari
1331 2457 1388 2507 et
1409 2451 1657 2521 esurire,
1692 2457 1749 2506 et
1767 2452 1955 2507 abun-

306 2542 446 2598 dare
478 2547 537 2598 et
566 2543 878 2614 penuriam
909 2543 1071 2613 pati;
1105 2542 1306 2597 omnia
1334 2557 1578 2614 possum
1609 2543 1672 2597 in
1712 2558 1802 2610 eo,
1855 2541 1957 2612 qui

304 2632 450 2687 mihi
483 2631 582 2688 dat
599 2633 749 2687 vires
772 2633 873 2703 (g).
907 2633 1072 2687 dam
1094 2647 1230 2687 vero
1263 2648 1396 2686 cum
1419 2632 1552 2687 aliis
1576 2648 1813 2703 quoque
1835 2631 1959 2687 dis-

300 2739 525 2789 serens,
559 2727 625 2778 ut
683 2723 754 2776 iis
786 2721 1201 2777 verecundiam
1255 2721 1523 2788 incutiat,
1578 2738 1697 2777 non
1728 2727 1961 2776 veretur

309 2811 504 2868 dicere
530 2828 542 2866 :
567 2836 592 2862 ‹‹
620 2811 1034 2868 Recordemini
1065 2816 1264 2866 autem
1290 2813 1554 2883 priorum
1586 2811 1836 2878 dierum,
1897 2812 1960 2866 in

306 2901 519 2972 quibus
551 2901 870 2955 illuminati
913 2917 1193 2972 magnum
1238 2905 1540 2956 certamen
1594 2901 1960 2956 sustinuistis

304 2989 671 3061 passionum,
689 2989 902 3060 partim
923 2990 1160 3060 quidem
1185 2989 1519 3060 opprobriis
1542 2994 1599 3043 et
1618 2989 1925 3044 afﬂictioni
1945 3021 1957 3030 ~

304 3077 418 3133 bus
440 3077 577 3132 facti
601 3078 1024 3149 spectaculum,
1045 3080 1260 3149 partim
1282 3083 1480 3133 autem
1514 3079 1655 3134 socii
1706 3079 1788 3134 ita
1817 3095 1959 3134 con-

303 3166 667 3221 versantium
695 3167 906 3221 eﬂ‘ecti.
931 3169 1074 3222 Nam
1117 3173 1175 3222 et
1229 3167 1468 3222 vincula
1525 3185 1655 3222 mea
1711 3169 1961 3222 commi-

305 3255 484 3310 serati
514 3255 674 3321 estis,
709 3261 766 3310 et
791 3255 1063 3327 rapinam
1106 3256 1402 3312 bonorum
1451 3262 1779 3312 vestrorum
1822 3273 1957 3312 cum

305 3345 519 3418 gaudio
540 3345 882 3416 suscepistis
907 3363 920 3412 ;
947 3351 1371 3417 cognoscentes
1393 3363 1493 3400 vos
1513 3346 1730 3401 habere
1753 3347 1959 3401 melio-

303 3451 400 3490 res
429 3439 488 3490 et
524 3439 836 3489 manentes
867 3434 1197 3490 facultates.
1233 3435 1423 3490 Nolite
1453 3435 1652 3506 itaque
1684 3435 1956 3490 amittere

305 3524 732 3579 confidentiam
756 3529 1029 3590 vestram,
1065 3541 1195 3596 quae
1228 3541 1503 3598 magnam
1529 3524 1709 3578 habet
1753 3541 1956 3579 remu-

306 3613 678 3669 nerationem
707 3630 719 3668 :
753 3630 900 3684 Opus
932 3614 1094 3668 enim
1127 3613 1358 3669 habetis
1382 3614 1688 3685 patientia,
1711 3619 1780 3668 ut
1822 3630 1955 3668 cum

306 3703 410 3758 Dei
433 3702 797 3758 voluntatem
816 3702 1098 3770 feceritis,
1123 3704 1440 3775 reportetis
1475 3703 1955 3775 promissionem.

305 3792 514 3847 Adhuc
537 3792 694 3846 enim
719 3808 1038 3863 parumper
1056 3792 1155 3863 qui
1177 3793 1340 3847 venit
1368 3793 1586 3861 veniet,
1613 3797 1672 3846 et
1694 3809 1812 3847 non
1837 3797 1956 3846 tar-

306 3880 487 3937 dabit.
511 3882 710 3937 Justus
733 3886 930 3936 autem
949 3897 1118 3936 meus
1138 3897 1208 3936 ex
1229 3881 1345 3936 fide
1364 3881 1530 3936 vivet.
1559 3881 1722 3946 Quod
1743 3881 1790 3936 si
1817 3881 1958 3936 sub-

305 3970 554 4026 traxerit
572 3973 634 4036 ›ι‹
653 3987 736 4038 se,
759 3987 878 4026 non
902 3969 1390 4042 placebitanimaa
1449 3986 1616 4024 mem.
1671 3971 1784 4025 Nos
1843 3987 1956 4025 au-

309 4062 429 4116 tem
462 4076 582 4116 non
599 4076 803 4116 sumus
827 4060 1249 4116 subtractionis
1281 4060 1356 4114 ad
1385 4059 1803 4131 perditionem,
1855 4059 1958 4114 sed

2066 1823 2120 1880 ἐν
2149 1824 2329 1898 ἀγάπῃ
2358 1826 2495 1898 (15),
2532 1823 2583 1879 ἐν
2615 1822 2816 1894 πίστει,
2866 1826 2919 1879 iv
2976 1825 3172 1899 ἁγνείᾳ.
3236 1848 3262 1876 n
3327 1827 3565 1888 Πίστεως
3594 1827 3718 1902 γὰρ,

2067 1915 2252 1985 οἶμαι,
2278 1911 2565 1981 τελειότης
2597 1915 2730 1987 πρὸς
2761 1914 2859 1983 τὴν
2883 1916 3073 1983 κοινήν
3108 1911 3486 1970 διαστέλλεται
3514 1915 3719 1969 πίστιν.

2068 2004 2170 2059 Καὶ
2231 2002 2298 2073 δὴ
2351 2008 2655 2079 γνωστικοῦ
2713 2006 2912 2059 κανόνα
2969 2005 2997 2059 6
3056 2010 3200 2069 θεῖος
3232 2003 3572 2066 Ἀπόστολος
3634 2002 3722 2059 διὰ

2064 2089 2304 2146 τοσῶνδε
2335 2095 2442 2166 (16)
2476 2093 2819 2166 παρίστησιν,
2848 2095 3009 2149 τοῦτο
3067 2094 3164 2166 μὲν
3219 2094 3462 2172 γράφων·
3520 2119 3540 2145 ι
3577 2094 3722 2168 Ἐγὼ

2067 2182 2171 2257 γὰρ
2199 2179 2426 2255 ἔμαθον,
2488 2180 2538 2236 ἐν
2591 2185 2674 2245 οἷς
2733 2183 2871 2254 εἰμι,
2931 2183 3205 2258 αὐτάρκης
3265 2183 3421 2238 εἶναι·
3479 2180 3605 2237 οἶδα
3634 2183 3721 2237 καὶ

2065 2272 2467 2338 ταπεινοῦσθαι,
2529 2268 2649 2325 οἶδα
2703 2272 2798 2326 καὶ
2850 2274 2961 2345 (17)
3021 2271 3378 2347 περισσεύειν.
3414 2273 3502 2328 Ἑν
3561 2272 3722 2326 παντὶ

2066 2362 2156 2417 καί
2185 2361 2237 2417 ἐν
2269 2369 2399 2416 πᾶσι
2429 2361 2743 2435 μεμύημαι,
2799 2363 2890 2418 καὶ
2940 2363 3301 2438 χορτάζεσθαι
3358 2364 3451 2418 καὶ
3507 2367 3721 2437 πεινῇν,

2067 2452 2154 2506 καὶ
2217 2450 2550 2528 περισσεύειν
2609 2451 2697 2506 καὶ
2760 2453 3119 2527 ὑστερεῖσθαι·
3207 2453 3379 2507 πάντα
3434 2451 3614 2508 ἰσχύω
3671 2453 3719 2507 ἐν

2067 2545 2146 2612 τῷ
2174 2538 2565 2614 ἐνδυναμοῦντί
2602 2562 2666 2595 με
2695 2544 2831 2614 (18).
2861 2564 2890 2593 ››
2947 2544 3118 2597 Τοῦτο
3153 2538 3209 2596 δὲ
3239 2542 3327 2596 καὶ
3369 2542 3507 2618 πρὸς
3539 2541 3721 2618 ἐντρο-

2069 2631 2178 2698 πὴν
2232 2633 2345 2704 (19)
2397 2627 2592 2692 ἄλλοις
2669 2628 3082 2705 διαλεγόμενος,
3143 2629 3242 2685 οὐκ
3320 2629 3468 2686 ὀκνεῖ
3523 2629 3717 2706 λέγειν·

2071 2719 2639 2791 «Ἀναμιμνήσκεσθε
2698 2716 2755 2774 δὲ
2809 2719 2904 2781 τὰς
2955 2721 3222 2795 πρότερον
3276 2715 3517 2795 ἡμέρας,
3558 2721 3610 2775 ἐν
3640 2722 3720 2781 αἷς

2071 2810 2422 2886 φωτισθέντες
2449 2805 2666 2877 πολλὴν
2701 2806 2929 2876 ἄθλησιν
2992 2807 3312 2880 ὑπεμείνατε
3360 2811 3723 2882 παθημάτων,

2069 2901 2231 2952 τοῦτο
2267 2898 2361 2968 μὶν
2395 2894 2730 2970 ὀνειδισμοῖς
2762 2919 2819 2953 τε
2876 2898 2967 2952 καὶ
3027 2895 3242 2972 θλίψεσι
3291 2898 3724 2971 θεατριζόμενοι,

2069 2984 2322 3041 τοῦτοδὲ
2379 2987 2636 3040 κοινωνοὶ
2692 2990 2799 3041 τῶν
2860 2985 3037 3048 οὕτως
3095 2986 3578 3063 ἀναστρεφομένων
3635 3008 3725 3062 γε·

2073 3075 2346 3145 νηθὲντες.
2380 3075 2481 3132 Καὶ
2523 3075 2625 3150 γὰρ
2681 3081 2798 3138 τοῖς
2856 3073 3079 3148 δεσμοῖς
3139 3097 3244 3150 μου
3300 3077 3726 3150 συνεπαθήσατε,

2071 3166 2160 3221 καὶ
2186 3167 2284 3241 τὴν
2315 3165 2568 3240 ἁρπαγὴν
2596 3169 2704 3219 τῶν
2761 3165 3121 3242 ὑπαρχόντων
3186 3167 3339 3238 ὑμῶν
3373 3167 3509 3240 μετά
3549 3173 3721 3241 χαρᾶς

2067 3255 2486 3333 προσεδέξασθεσ
2545 3256 2901 3330 γινώσκοντες
2960 3252 3108 3332 ἔχειν
3165 3256 3387 3319 ἑαυτοὺς
3443 3258 3726 3333 κρείττονα

2067 3347 2290 3421 ὕπαρξιν
2341 3346 2430 3400 καὶ
2492 3345 2754 3418 μένουσαν
2815 3349 2952 3419 (20).
3141 3343 3467 3416 ἀποϐάλητε
3500 3345 3591 3402 οὗν
3626 3347 3722 3415 τήν

2065 3435 2370 3513 παρρησίαν
2406 3436 2581 3508 ὑμῶν,
2636 3434 2760 3504 ἥτις
2813 3429 2930 3510 ἔχει
2993 3435 3239 3511 μεγάλην
3273 3433 3718 3509 μισθαποδοσίαν’

2067 3526 2352 3598 ὑπομονῆς
2385 3525 2488 3599 γὰρ
2520 3520 2674 3598 ἔχετε
2705 3522 2915 3597 χρείαν,
2940 3521 3048 3591 ἵνα,
3093 3525 3156 3578 τὸ
3189 3523 3408 3594 θέλημα
3462 3527 3558 3578 τοῦ
3588 3526 3723 3579 Θεοῦ

2065 3611 2746 3684 ποιήσαντες,κομίσησθε
2774 3613 2873 3679 τήν
2923 3610 3271 3688 ἐπαγγελίανο
3333 3609 3411 3666 ἔτι
3466 3611 3566 3686 γὰρ
3631 3633 3719 3684 μι-

2065 3701 2192 3774 κρὸν
2227 3700 2350 3756 ὅσον
2383 3701 2410 3754 ὁ
2455 3698 2756 3773 ἐρχόμενος
2813 3699 2946 3771 ἣξει,
3001 3700 3092 3754 καὶ
3151 3701 3215 3756 οὗ
3276 3706 3511 3776 χρονιεῖ.
3545 3701 3606 3758 '0
3666 3697 3724 3755 δὲ

2069 3787 2277 3852 δίκαιός
2312 3811 2416 3861 μου
2448 3792 2558 3862 (21)
2590 3789 2650 3844 ἐκ
2703 3791 2939 3851 πίστεως
2991 3791 3233 3860 ζήσεται·
3291 3789 3382 3844 καὶ
3443 3789 3529 3844 ἐὰν
3589 3790 3724 3844 ὑπο-

2069 3877 2374 3950 στείληται,
2407 3880 2510 3934 οὐκ
2541 3876 2755 3934 εὐδοκεῖ
2782 3881 2817 3948 ἡ
2849 3882 3002 3954 ψυχή
3060 3901 3166 3952 μου
3225 3879 3277 3935 ἒν
3336 3879 3504 3952 αὐτῷ.
3536 3881 3728 3952 Ἡμεῖς

2069 3967 2128 4023 δὲ
2158 3965 2256 4022 οὔκ
2287 3967 2447 4041 ἐσμεν
2473 3965 2784 4034 ὑποστολῆς
2815 3966 2891 4029 εἰς
2936 3966 3238 4038 ἀπώλειαν,
3297 3965 3445 4022 ἀλλά
3494 3967 3729 4026 πίστεως

2068 4057 2146 4119 εἲς
2180 4082 2206 4109 ‹‹
2239 4057 2857 4133 περιποίησινιψυχῆς.
2890 4058 3020 4113 Εἶτά
3048 4077 3134 4111 σοι
3165 4063 3376 4130 σμῆνος
3396 4053 3726 4130 ὑποδειγμά-

377 4236 441 4299 ›ι‹
468 4238 530 4290 P.
565 4237 668 4289 609
701 4234 812 4287 ED.
846 4231 1138 4295 POT'I‘ER,
1173 4231 1274 4282 515
1308 4229 1417 4282 ED.
1452 4228 1682 4282 PARIS.
1718 4226 1790 4297 (α)
1823 4226 1870 4281 ιι
1909 4229 1958 4299 ο

2070 4244 2148 4299 ιιι,
2180 4229 2264 4280 14.
2299 4227 2376 4299 (b)
2406 4227 2607 4282 Matth.
2643 4244 2726 4294 ιιι,
2758 4228 2813 4284 7.
2842 4227 2911 4298 (c)
2944 4228 3151 4282 IJoan.
3187 4243 3274 4294 ιιι,
3331 4228 3417 4294 18,
3481 4227 3561 4280 19.
3585 4205 3665 4294 (ἆ)
3704 4226 3719 4279 1

306 4298 471 4364 Joan.
507 4324 579 4375 IV,
607 4309 691 4375 16,
728 4307 812 4362 18.
843 4305 910 4375 (ε)
945 4304 1151 4358 lJoan.
1183 4317 1236 4368 v,
1269 4301 1319 4354 3.
1354 4300 1418 4371 (Γ)
1452 4303 1470 4352 1
1500 4299 1645 4354 Tim.
1677 4316 1750 4366 ιν,
1786 4302 1870 4353 12.
1897 4298 1953 4370 (g

2070 4298 2214 4370 lillp.
2248 4298 2323 4366 ιν,
2360 4301 2443 4367 11,
2481 4300 2566 4365 12,
2600 4301 2685 4353 13.
2729 4335 2742 4347 .

515 4475 635 4534 Ἐπὶ
666 4471 904 4530 κοιλίαν.
938 4471 1175 4530 Rectius
1201 4465 1289 4522 ἰπὶ
1311 4465 1551 4537 κοιλίας,
1585 4486 1765 4542 super
1813 4485 1957 4524 ven-

309 4556 421 4610 tre.
453 4556 724 4607 SYLBURG.

309 4716 336 4744 «
361 4683 586 4764 Viperae
608 4683 739 4764 inae,
755 4697 933 4764 caput
954 4686 1164 4764 inserit
1185 4684 1245 4738 in
1278 4701 1363 4764 os,
1396 4684 1554 4764 quod
1586 4683 1958 4764 illaabrodit

307 4755 626 4836 voluptatis
649 4755 985 4836 dulcedine.
1012 4782 1039 4811 »
1067 4755 1648 4836 I-lorus_HierOgt_yp‘l't..
1668 4755 1773 4836 lib.
1798 4772 1859 4820 ιι,
1885 4755 1956 4836 de

311 4823 511 4909 vipera
535 4837 735 4909 refert,
757 4836 925 4909 quod
956 4831 1083 4909 ὅταν
1112 4825 1436 4909 συγγένηται
1460 4823 1789 4909 τιξῖἅρρενι,
1822 4825 1954 4909 στό-

355 4897 386 4962 αἶ
418 4907 645 4976 στόματι
679 4897 968 4976 ἐμϐἀλλει,
999 4902 1089 4958 καὶ
1111 4897 1259 4976 έμετᾶ
1286 4901 1348 4955 τὸ
1381 4897 1957 4976 ἀποζευχθῆναιβπο-

355 4930 386 4962 α
418 4930 645 4976 στοματι
679 4930 968 4975 εμοςιΛΛει,
999 4930 1089 4958 και
1125 4930 1259 4970 μετα
1286 4930 1348 4955 ἰυ
1381 4930 1957 4972 αϊιυζδυλυιδνιι,ιιιυ-

307 4930 546 5036 διακοῦσα
573 4977 671 5043 τήν
704 4974 945 5044 κεφαλὴν
973 4979 1070 5031 τοῦ
1101 4971 1339 5046 ἄρῥενος,
1376 4973 1602 5046 ἀναιρεῖ.
1641 4971 1803 5053 Πιιάβ
1828 4987 1958 5053 mu:

307 5056 515 5111 lierem
543 5066 648 5120 per
663 5048 880 5120 coitum
897 5043 1018 5103 viro
1038 5043 1286 5104 insidias
1309 5043 1637 5120 struentem
1661 5043 1956 5120 designari

301 5115 632 5198 cupientes,
649 5119 907 5198 viperam
924 5121 1246 5198 pillgebant
1260 5117 1835 5198 hieroglyphicarum
1862 5115 1955 5168 lit-

302 5187 566 5255 terarum
593 5187 764 5264 periti
812 5187 974 5264 Con't'.
997 5187 1209 5264 Tietza:
1244 5187 1580 5264 scholia‘in
1622 5187 1956 5264 Lycophro-

303 5273 399 5328 nis
430 5258 686 5324 Cassahd.
715 5280 766 5316 γ.
808 5263 961 5326 1114,
994 5260 1254 5331 itemque
1310 5270 1513 5317 noster
1567 5261 1626 5315 in
1672 5258 1957 5331 ejusdem

306 5339 601 5418 poematis
635 5353 686 5418 γ.
727 5333 1386 5418 liliComme‘ntarius.

378 5416 489 5482 (14)
526 5408 797 5482 Ἰωάννης..
836 5403 1305 5482 Constructionis
1336 5404 1429 5457 lex
1479 5403 1737 5482 postulat
1794 5400 1958 5482 φησὶν

308 5472 590 5552 Ἰωάννης,
628 5497 729 5535 seu
756 5475 1008 5542 Ἰωάννης
1044 5472 1213 5552 λέγει.
1249 5475 1312 5528 ln
1345 5493 1440 5552 eo.
1473 5472 1670 5527 autem
1724 5472 1877 5537 loco,
1936 5474 1958 5527 Ι

302 5542 632 5619 Ιοδιιιι.”ιιί,
669 5553 832 5619 Vulg.
860 5550 1007 5606 Bibl.
1044 5542 1265 5619 habent
1296 5542 1478 5619 τεκνία
1511 5561 1635 5619 μου·
1697 5550 1754 5598 et
1800 5562 1955 5599 mox.

303 5614 432 5686 ἀλλ’
462 5621 604 5700 ἔργῳ
621 5614 721 5681 ’καὶ
753 5614 1005 5708 ἀληθεία
1037 5618 1126 5675 καὶ
1159 5617 1210 5673 ἐν
1241 5614 1420 5686 τούτῳ
1471 5615 1832 5685 γινώσκομεν,
1889 5619 1956 5669 Α,

303 5714 584 5760 bYLBURG.

834 4617 1065 4696 Plinius
1095 4615 1198 4696 Nat
1231 4612 1383 4680 hist,
1415 4611 1780 4696 lib.‘x_,ncap‘.
1823 4614 1953 4696 62:“:
1993 4589 2034 4653 ί)

2137 4468 2247 4550 (15)
2280 4467 2365 4520 Ἐν
2395 4466 2599 4542 ἀγάπῃ.
2637 4467 2726 4522 Ἐν
2757 4466 3027 4539 πνεύματι
3084 4466 3314 4523 addunt
3371 4467 3536 4540 Vulg.
3571 4468 3721 4524 Bibl.

2066 4541 2089 4594 Ι
2119 4541 2266 4594 Tim.
2302 4557 2374 4595 ιγ.
2445 4541 2450 4542 “

2137 4611 2250 4682 (16)
2280 4610 2380 4683 Διά
2405 4605 2799 4683 τοσῶνδεηΔιά
2837 4604 3025 4663 τῶνδε.
3059 4609 3329 4683 Sylburg.

2167 4680 2252 4750 17)
2287 4681 2404 4736 Καί.
2442 4680 2525 4750 Δὲ,
2560 4680 2776 4752 Philip.
3104 4680 3114 4683 ⁷

2169 4753 2255 4782 ΑΩΧ
2310 4749 2732 4782 Ἐ’..ἓηυηηλπησί
2792 4770 2853 4782 ..σ-
2944 4754 3146 4782 v-....'.

2167 4688 2252 4750 17)
2287 4688 2404 4736 Καί.
2442 4688 2525 4750 At,
2560 4688 2776 4752 Philip.

2121 4688 2255 4879 2318)
2310 4749 2733 4835 ⁹Ενδυναμοῦντί
2791 4770 2878 4820 με.
2944 4754 3159 4826 Χριστῷ
3243 4750 3472 4808 addunt
3557 4753 3719 4826 Vulg.

2072 4825 2133 4878 Βι
2180 4824 2219 4878 l.
2254 4826 2468 4897 Plllllp.
2502 4842 2573 4892 ιν,
2603 4840 2946 4897 quanquam
2977 4842 3012 4880 a
3040 4829 3233 4879 vetere
3278 4840 3517 4896 quoque
3548 4825 3723 4880 inter—

2070 4902 2238 4978 prete
2267 4895 2480 4978 Christi
2525 4895 2745 4978 nomen
2773 4895 2977 4978 abest:
3004 4897 3278 4978 Sustine;

2073 4966 2088 4968 ⁷
2142 4970 2248 5039 (19)
2282 4968 2423 5040 Πρὸς
2453 4967 2739 5039 ἐντροπήν.
2773 4968 3013 5023 Phrasis
3073 4983 3104 5021 e
3150 4968 3214 5021 D.
3248 4966 3430 5022 Paulo
3464 4972 3718 5038 sumpta,

2073 5044 2091 5092 Ι
2121 5041 2251 5094 Cor.
2285 5059 2360 5094 vn.
2383 5042 2419 5094 5
2447 5057 2460 5094 :
2485 5057 2575 5094 xv.
2609 5042 2695 5094 34.

2143 5080 2660 5183 (2())Γινώσδιοντες.
2721 5152 2734 5164 .
2793 5149 2808 5164 .
2843 5109 2950 5183 ’καὶ
3008 5110 3290 5183 μενουσαν.
3357 5108 3718 5183 νηίδηθὶῢί.

2073 5176 2248 5272 lle-b1".
2281 5201 2375 5272 Χέ
2439 5181 2801 5269 Ιςινώσκοντες
2841 5176 3020 5272 ἕχεινέ
3045 5177 3096 5272 ἐγ
3160 5179 3376 5262 ἑαυτοῖς
3443 5176 3721 5263 κρείττονα

2071 5252 2293 5334 ὕπαρξιν
2327 5253 2377 5334 ἐν
2409 5253 2680 5328 οὐρανοῖς,
2712 5254 2803 5307 καὶ
2831 5252 2949 5334 μὲν.
2983 5252 3095 5334 sed
3127 5269 3197 5307 ex
3220 5252 3716 5334 interpretatione

2073 5327 2325 5396 alicujus
2358 5328 2416 5381 in
2449 5327 2792 5382 contextum
2849 5327 3159 5397 irrepsisse
3218 5327 3331 5378 ista
3387 5329 3724 5397 exegemata

2075 5398 2317 5480 adnotat
2348 5398 3097 5480 noviss._doctissimusque
3129 5395 3719 5480 interpresskupc.

2076 5501 2141 5560 —'-
2175 5472 2320 5524 Mox.
2352 5470 2450 5537 τὴν
2483 5467 2785 5542 παρρησίαν
2823 5461 3018 5538 ὑμῶν,’
3060 5464 3182 5533 ἥτις
3240 5461 3355 5520 ἕλει
3386 5461 3723 5538 μισθαποδο-

2339 5541 2348 5559 Ι
2372 5555 2379 5560 .
2525 5543 2565 5560 ΙΙ
2585 5541 2677 5560 κι-κᾼ
2724 5559 2756 5560 κ
2967 5549 2974 5554 ·

2074 5541 2192 5594 σίαν
2223 5541 2484 5613 γεγάΛην.
2525 5541 2698 5597 Hebr.
2723 5559 2778 5595 Χ.
2967 5549 2974 5554 ’

2146 5614 2254 5681 (21)
2280 5613 2341 5668 '0
2373 5609 2429 5666 δὲ
2460 5609 2668 5672 δίκαιός
2705 5631 2830 5682 μου.
2884 5609 2945 5666 '0
2999 5603 3057 5662 δὲ
3104 5603 3312 5670 δίκαιος
3367 5607 3593 5680 absque
3621 5626 3724 5679 μου

2075 5684 2293 5740 legitur
2321 5684 2383 5740 in
2408 5684 2573 5740 Vulg.
2609 5683 2762 5739 Bibl.
2793 5683 2955 5738 SYLB.

2101 5698 2293 5756 egltur
2321 5701 2383 5740 1n
2414 5698 2573 5758 vulg.
2611 5698 2762 5739 UlDl.
2793 5698 2955 5738 BYLB.
