4004 6144
290 302 432 360 1309

285 449 396 484 των
433 427 590 492 θείων
617 429 966 503 παρίστησιν.

287 541 316 571 ‹‹
351 515 422 572 δι’
455 519 738 591 ὑπομονῆς
777 519 1141 592 κατώρθωσαν
1203 523 1316 592 (22)
1377 519 1428 573 οἱ
1485 518 1820 594 ἐμπαιγμῶν
1851 519 1941 574 καὶ

287 607 563 683 μαστίγων
592 612 782 680 πεῖραν
821 604 1078 670 λαϐόντες
1109 612 1240 681 (23),
1272 605 1349 663 ἔτι
1385 606 1442 662 δὲ
1473 607 1688 681 δεσμῶν
1716 609 1803 662 καὶ
1840 629 1942 686 φυ-

283 694 461 767 λακῆς
490 723 504 764 ;
534 696 958 767 Ἐλιθασθησαν,
992 697 1390 770 ἐμειράσθησαν
1418 701 1552 770 (24),
1579 697 1630 752 ἐν
1659 696 1806 773 φόνῳ
1838 717 1939 768 μα-

286 785 484 860 χαίρας
515 785 799 840 ἀπέθανον·
835 784 1136 860 περιῆλθον
1182 784 1232 840 ἐν
1288 784 1599 858 μηλωταῖς,
1634 785 1684 839 ἐν
1715 784 1942 859 αἰγείοις

285 871 566 949 δέρμασιν,
625 875 1036 949 ὑστερούμενοι,
1091 870 1434 948 θλιϐόμενοι,
1476 874 1938 948 κακουχούμενοι,

285 963 360 1017 ὧν
395 963 497 1018 οὐκ
524 963 589 1032 ἦν
621 964 766 1036 ἄξιος
798 964 827 1018 ὁ
855 962 1082 1036 κόσμος·
1143 963 1197 1018 ἐν
1255 963 1509 1038 ἐρημίαις
1558 961 1939 1035 πλανώμενοι,

284 1051 375 1108 καὶ
407 1049 579 1127 ὄρεσι,
637 1053 727 1108 καὶ
787 1050 1105 1122 σπηλαίοις,
1157 1053 1246 1108 καὶ
1305 1058 1425 1114 ταῖς
1487 1052 1648 1114 ὀπαῖς
1680 1056 1780 1117 τῆς
1813 1059 1937 1128 γῆς.

283 1143 386 1198 Καὶ
417 1144 612 1204 πάντες
646 1144 756 1215 (25)
791 1144 1223 1215 μαρτυρηθέντες
1276 1141 1365 1196 διὰ
1411 1149 1513 1212 τῆς
1551 1141 1808 1210 πίστεως,
1841 1141 1942 1196 οὐκ

285 1229 614 1304 ἐκομίσαντο
641 1232 740 1298 τὴν
793 1229 1120 1306 ἐπαγγελίαν
1179 1235 1276 1286 τοῦ
1333 1235 1486 1287 Θεοῦ·
1526 1258 1547 1286 ι
1585 1230 1940 1286 ἀπολείπεται

284 1325 429 1375 νοεῖν
482 1321 547 1374 τὸ
597 1321 736 1375 κατὰ
789 1321 1208 1395 παρασιώπησιν
1269 1321 1580 1394 εἱρημένον,
1631 1344 1658 1371 ι(
1695 1320 1873 1394 μόνοι.
1911 1344 1938 1372 ι)

283 1409 562 1483 Ἐπιφέρει
594 1413 745 1483 γοῦν·
782 1433 810 1460 ‹‹
845 1409 979 1483 ΙΙερὶ
1037 1412 1196 1482 ἡμῶν
1249 1410 1494 1485 κρεῖττόν
1527 1431 1578 1464 τι
1609 1408 1942 1483 προειδομὲ-

283 1519 385 1552 νου
413 1502 510 1552 τοῦ
539 1502 694 1567 Θεοῦ,
729 1520 757 1548 ››
791 1499 1013 1573 (ἀγαθὸς
1072 1500 1176 1572 γὰρ
1233 1500 1302 1568 ἦν
1332 1502 1494 1573 (26))
1527 1524 1553 1552 ‹‹
1582 1499 1676 1554 ἰνα
1706 1501 1780 1572 μὴ
1815 1520 1934 1574 χω-

286 1587 370 1665 ρὶς
401 1589 562 1660 ἡμῶν
591 1589 953 1646 τελειωθῶσι.
1015 1592 1319 1664 Τοιγαροῦν
1374 1588 1464 1645 καὶ
1525 1591 1710 1660 ἡμεῖς,
1740 1593 1938 1643 τοσοῦ-

281 1697 375 1732 τον
406 1671 627 1751 ἔχοντες
661 1675 1044 1751 περικείμενον
1076 1679 1211 1748 ἡμῖν
1243 1679 1402 1754 νέφος
1433 1700 1455 1730 ι
1506 1679 1658 1753 ἅγιον
1687 1676 1777 1732 καὶ
1805 1674 1940 1732 διει-

1617 307 2061 363 ΒΤΒΟΜΔἹἮΜ
2099 309 2232 362 LIB.
2275 308 2370 363 IV.

3559 309 3701 366 1310
3735 297 3738 300 ’

1027 454 1053 480 α
1105 433 1172 485 Ἣ
1231 429 1334 506 γὰρ
1389 429 1455 483 οὐ
1485 429 1687 500 πίστει,
1720 455 1742 484 ι
1780 430 1936 508 φησὶ,

2057 431 2196 486 ﬁdei
2217 431 2290 487 ad
2311 430 2768 502 acquisitionem
2797 455 2825 482 »
2852 427 3066 488 animae
3092 434 3186 505 (a).
3217 428 3439 492 Deinde
3460 427 3702 493 adducit

2054 520 2158 575 tibi
2218 537 2466 576 examen
2522 522 2933 593 exemplorum
2996 521 3348 580 divinorum.
3395 548 3424 575 «
3458 528 3699 596 Annon,

2049 611 2264 681 inquit,
2329 613 2442 666 ﬁde
2498 629 2604 682 per
2657 612 3006 683 patientiam
3067 629 3128 667 se
3187 614 3469 684 praeclare
3501 633 3702 688 gesse-

2048 707 2209 767 runt,
2243 701 2344 770 qui
2377 701 2635 756 ludibria
2666 707 2725 755 et
2755 701 3014 772 ﬂagella,
3042 707 3100 755 et
3129 703 3364 757 vincula
3394 710 3700 773 praeterea,

2049 795 2108 844 et
2135 806 2434 845 carcerem
2467 790 2692 861 experti
2736 791 2920 845 sunt?
2968 791 3232 861 Lapidati
3278 792 3538 859 fuerunt,
3572 799 3698 848 ten-

2051 879 2153 933 tati
2188 885 2346 944 sunt,
2380 880 2441 933 in
2474 880 2634 934 caade
2665 879 2845 951 gladii
2877 881 3092 934 mortui
3126 887 3285 943 sunt,
3339 879 3703 936 circuierunt

2047 969 2108 1022 in
2142 969 2329 1023 ovinis
2362 975 2422 1023 et
2450 969 2708 1040 caprinis
2740 969 3011 1040 pellibus,
3051 976 3312 1041 egentes,
3344 970 3572 1035 afﬂicti,
3604 988 3699 1025 ve-

2045 1057 2186 1123 xati,
2217 1058 2435 1128 quibus
2467 1058 2678 1130 dignus
2706 1075 2826 1112 non
2858 1065 2986 1113 erat
3013 1059 3308 1126 mundus;
3343 1060 3404 1114 in
3428 1060 3702 1115 solitudi-

2046 1145 2224 1200 nibus
2251 1152 2541 1213 errantes,
2570 1153 2630 1201 et
2659 1147 2986 1212 montibus,
3020 1154 3077 1202 et
3107 1147 3427 1218 speluncis,
3463 1155 3521 1203 et
3543 1149 3698 1205 fora-

2047 1235 2310 1290 minibus
2332 1241 2521 1293 terraa.
2542 1239 2610 1290 Et
2627 1237 2685 1290 hi
2709 1253 2916 1291 omnes
2935 1237 3276 1292 testimonio
3291 1238 3428 1293 ﬁdei
3447 1239 3698 1310 probati,

2048 1341 2168 1379 non
2202 1332 2561 1396 acceperunt
2582 1327 3041 1396 promissionem
3070 1345 3082 1393 ;
3112 1349 3138 1374 »
3165 1333 3350 1381 restat
3371 1328 3704 1383 subintelli-

2046 1414 2328 1486 gendum,
2362 1415 2520 1485 quod
2553 1415 2728 1469 tacite
2761 1415 2983 1470 dictum
3019 1421 3128 1479 est,
3157 1438 3185 1465 ‹‹
3219 1416 3350 1472 soli.
3384 1437 3410 1467 ιι
3441 1417 3700 1488 Subjun-

2044 1504 2128 1575 git
2164 1505 2391 1574 itaque:
2427 1505 2570 1558 Cum
2624 1503 2695 1558 de
2756 1504 2928 1558 nobis
2987 1503 3201 1558 melius
3259 1505 3485 1575 aliquid
3546 1508 3700 1562 Deus

2046 1592 2415 1663 praavidisset
2442 1591 2657 1663 (bonus
2699 1593 2859 1646 enim
2891 1593 3038 1660 erat)
3091 1599 3156 1647 ut
3203 1610 3321 1648 non
3367 1594 3493 1649 sine
3526 1595 3700 1650 nobis

2047 1682 2191 1737 2'3]
2259 1687 2836 1736 consummarentur.
2900 1683 3102 1752 Itaque
3147 1699 3283 1737 cum
3317 1687 3374 1736 et
3403 1700 3512 1738 nos
3545 1685 3701 1739 circa

285 1763 373 1827 δές
405 1767 514 1838 (27)
575 1789 604 1815 ‹‹
641 1765 955 1840 μαρτύρων,
1015 1761 1179 1840 ὄγκον
1238 1767 1565 1839 ἀποθέμενοι
1623 1767 1816 1832 πάντα,
1847 1767 1936 1821 καὶ

2049 1788 2158 1826 nos
2182 1771 2508 1825 habeamus
2528 1775 2752 1826 tantam
2778 1770 2997 1825 nubem
3021 1793 3049 1820 ››
3075 1777 3338 1826 sanctam
3362 1777 3420 1826 et
3448 1773 3702 1844 pelluci-

281 1858 384 1926 τὴν
416 1856 796 1930 εὐπερίστατον
832 1856 1122 1931 ἁμαρτίαν,
1183 1855 1254 1913 δι’
1314 1859 1597 1930 ὑπομονῆς
1649 1859 1937 1933 τρέχωμεν

281 1947 374 2001 τὸν
403 1947 766 2020 προκείμενον
797 1951 933 2020 ἡμῖν
991 1946 1190 2021 ἀγῶνα,
1248 1948 1557 2021 ἀφορῶντες
1605 1947 1681 2010 είς
1719 1949 1811 2002 τὸν
1843 1955 1941 2017 τῆς

282 2035 514 2098 πίστεως
546 2036 792 2110 ἀρχηγὸν
854 2035 941 2090 καὶ
998 2034 1296 2106 τελειωτὴν
1352 2039 1593 2106 Ἰησοῦν.
1627 2060 1656 2087 ››
1688 2038 1806 2091 ’Ὀτι
1842 2037 1938 2110 μὲν

287 2123 380 2179 οὖν
413 2125 536 2196 μίαν
570 2123 842 2195 σωτηρίαν
892 2122 1036 2199 λέγει
1095 2123 1146 2179 ἐν
1201 2129 1420 2202 Χριστῷ
1449 2130 1554 2179 τῶν
1590 2123 1816 2181 δικαίων
1847 2127 1938 2180 καὶ

279 2216 440 2285 ἡμῶν
500 2215 637 2286 (28),
690 2217 875 2290 σαφῶς
937 2213 1030 2285 μὶν
1093 2212 1308 2288 εἷ’ρηκεν
1359 2215 1644 2290 πρότερον·
1693 2213 1849 2269 οὐδὲν
1882 2212 1940 2269 δὲ

281 2305 442 2371 ἦττον
471 2301 559 2356 καὶ
590 2301 714 2377 περὶ
762 2303 1027 2364 Μοϋσὲως
1083 2303 1282 2378 λέγων,
1343 2302 1604 2382 ἐπιφέρει·
1640 2327 1669 2356 ‹‹
1698 2305 1940 2373 Μείζονα

278 2389 516 2445 πλοῦτον
577 2389 930 2466 ἡγησάμενος
983 2395 1090 2445 τῶν
1153 2391 1430 2468 Αἷ’γύπτου
1487 2394 1598 2466 (29)
1647 2393 1934 2469 θησαυρῶν

277 2480 368 2534 τὸν
404 2477 711 2553 ὀνειδισμὸν
767 2485 865 2536 τοῦ
920 2482 1178 2556 Χριστοῦ·
1239 2477 1516 2538 ἀπέϐλεπε
1567 2482 1670 2557 γὰρ
1730 2481 1806 2544 εἷς
1834 2483 1932 2551 τὴν

283 2567 736 2642 μισθαποδοσίαν·
798 2570 974 2625 πίστει
1025 2570 1312 2627 κατέλιπεν
1371 2569 1665 2645 Αἴγυπτον,
1727 2572 1803 2641 μή
1837 2592 1939 2643 φο-

281 2653 470 2728 ϐηθεὶς
524 2659 617 2713 τὸν
679 2659 850 2730 θυμὸν
915 2659 1206 2733 βασιλέως·
1267 2662 1356 2714 τὸν
1417 2661 1520 2734 γὰρ
1583 2658 1814 2733 ἀόρατον
1860 2659 1934 2719 ὡς

281 2748 425 2822 ὁρῶν
458 2745 835 2819 ἐκαρτέρησεν.
872 2771 900 2798 ››
960 2747 1023 2802 Ἦ
1087 2747 1201 2810 θεία
1262 2747 1438 2823 Σοφία
1493 2746 1617 2819 περὶ
1656 2751 1761 2801 τῶν
1799 2767 1936 2822 μαρ-

277 2834 456 2909 τύρων
490 2831 656 2909 λέγει·
691 2859 718 2885 ‹‹
753 2830 938 2905 ἔδοξαν
1000 2833 1054 2888 ἐν
1117 2835 1427 2912 ὀφθαλμοῖς
1469 2834 1717 2912 ἀφρόνων
1744 2837 1936 2890 τεθνά-

277 2944 384 2992 ναι,
442 2924 532 2978 καὶ
590 2921 847 2998 ἐλογίσθη
907 2922 1145 2984 κάκωσις
1205 2925 1239 2992 ἡ
1301 2920 1486 2994 ἔξοδος
1547 2925 1747 2994 αὐτῶν,
1779 2927 1866 2981 καὶ
1899 2928 1933 2994 ἡ

287 3013 564 3091 ἀφ’ἠμῶν
605 3009 801 3087 πορεία
857 3010 1190 3085 σύντριμμα·
1251 3014 1301 3067 οἱ
1358 3010 1415 3067 δὲ
1472 3012 1603 3066 εἰσιν
1638 3013 1691 3067 ἐν
1719 3013 1932 3089 εἰρήνῃ·

280 3101 370 3157 καὶ
402 3101 507 3177 γὰρ
540 3101 591 3156 ἐν
627 3096 749 3173 ὄψει
802 3100 1102 3173 ἀνθρώπων
1158 3101 1243 3155 ἐὰν
1303 3098 1670 3170 κολασθῶσιν,
1699 3105 1734 3172 ἡ
1776 3101 1936 3165 ἐλπὶς

2047 1859 2184 1914 dam
2217 1883 2242 1909 «
2280 1859 2542 1925 testium,
2586 1859 2952 1930 deponentes
3001 1877 3178 1915 omne
3214 1861 3467 1932 pondus,
3500 1869 3561 1918 et
3588 1881 3699 1919 nos

2045 1947 2219 2002 facile
2242 1947 2636 2003 circumstans
2659 1954 2986 2018 peccatum,
3008 1967 3114 2020 per
3130 1951 3477 2020 patientiam
3497 1969 3696 2008 curra-

2044 2053 2179 2091 mus
2209 2036 2284 2091 ad
2316 2036 2487 2091 nobis
2536 2038 2906 2109 propositum
2956 2043 3278 2107 certamen,
3311 2040 3697 2112 respicientes

2045 2126 2119 2180 ad
2138 2125 2274 2181 ﬁdei
2297 2131 2602 2182 auctorem
2626 2133 2684 2182 et
2699 2133 3243 2184 consummatorem
3264 2130 3290 2184 .l
3297 2145 3461 2185 esum
3484 2132 3612 2201 (b).»
3629 2133 3699 2186 Et

2046 2215 2204 2285 quod
2231 2231 2415 2270 unam
2439 2216 2829 2286 eamdemque
2853 2217 3146 2289 intelligat
3169 2218 3422 2273 salutem
3445 2220 3506 2274 in
3528 2221 3698 2274 Chri-

2047 2309 2158 2370 sto,
2191 2321 2322 2358 cum
2351 2305 2677 2374 justorum,
2715 2310 2836 2358 tum
2869 2305 3048 2359 etiam
3080 2308 3538 2378 nostram,prius
3571 2309 3696 2378 qui-

2048 2391 2182 2446 dem
2215 2393 2364 2446 dixit
2389 2397 2610 2462 aperte,
2667 2391 2857 2446 nihilo
2917 2397 3116 2447 tamen
3177 2393 3368 2449 secius
3399 2394 3472 2449 de
3502 2397 3697 2467 Moyse

2046 2497 2279 2550 quoque
2303 2479 2530 2546 dicens,
2556 2479 2862 2552 subjungit
2885 2497 2898 2534 :
2929 2503 2948 2528 ι
2972 2481 3222 2552 Majores
3245 2482 3592 2538 existimans
3616 2485 3699 2539 di-

2045 2569 2216 2622 vitias
2244 2585 2423 2638 quam
2473 2568 2784 2624 thesauros
2830 2570 3079 2641 [EgyptL
3131 2570 3346 2625 Christi
3396 2573 3694 2644 imprope-

2043 2657 2229 2722 rium;
2250 2656 2609 2727 respiciebat
2632 2658 2790 2712 enim
2813 2659 3379 2715 remunerationem.
3397 2661 3535 2716 Fide
3559 2662 3696 2717 reli-

2046 2746 2522 2818 quitzEgyptum,
2552 2763 2672 2801 non
2703 2747 2924 2802 veritus
2956 2747 3107 2802 iram
3139 2749 3311 2821 regis.
3332 2749 3696 2805 Invisibilem

2046 2835 2203 2890 enim
2239 2841 2522 2906 tanquam
2547 2836 2646 2906 qui
2671 2836 3346 2909 videret,sustinuit(c).n
3372 2839 3577 2894 Divina
3597 2841 3697 2896 Sa-

2044 2926 2271 2998 pientia
2301 2926 2444 2982 dicit
2473 2927 2546 2982 de
2573 2927 2932 2999 martyribus
2959 2946 2971 2983 :
3014 2953 3041 2980 ‹‹
3080 2929 3197 2984 Visi
3243 2935 3384 2985 sunt
3414 2932 3476 2986 in
3509 2931 3699 2986 oculis

2043 3015 2458 3086 insipientium
2490 3017 2662 3084 mori,
2705 3023 2763 3070 et
2812 3024 3083 3089 reputata
3115 3024 3204 3073 est
3233 3021 3460 3075 vexatio
3493 3037 3697 3075 eorum

2049 3105 2262 3172 exitus,
2297 3110 2355 3160 et
2384 3122 2417 3161 a
2455 3106 2626 3161 nobis
2685 3106 3001 3174 discessus,
3063 3109 3382 3163 contritio:
3441 3109 3531 3164 illi
3562 3127 3696 3165 vero

283 3167 801 3254 aﬁtciiv'éotzvactz:
862 3190 1104 3263 πλήρης.
1140 3215 1168 3242 ››
1227 3191 1360 3248 Εἶτα
1419 3191 1630 3266 ἐπάγει,
1682 3193 1936 3266 κάθαρσιν

2050 3201 2190 3250 sunt
2218 3196 2278 3250 in
2311 3213 2474 3268 pace.
2509 3197 2741 3251 Etenim
2773 3197 2819 3251 si
2881 3197 2942 3250 in
2992 3197 3180 3252 oculis
3212 3199 3520 3254 hominum
3556 3217 3697 3271 sup-

282 3277 495 3351 ἔνδοξον
546 3282 608 3334 τὸ
667 3278 962 3355 μαρτύριον
1022 3277 1368 3335 διδάσκουσα·
1404 3306 1432 3332 ‹‹
1467 3281 1570 3337 Καὶ
1606 3281 1766 3357 ὀλίγα
1795 3304 1932 3337 παι-

284 3365 577 3436 δευθέντες,
613 3369 828 3441 μεγάλα
857 3369 1398 3444 εὐεργετηθήσονται·
1432 3371 1516 3424 ’ὁτι
1557 3370 1585 3424 ὁ
1625 3370 1756 3432 Θεὸς
1788 3369 1935 3426 ἐπεί-

283 3477 438 3533 ρασεν
497 3456 712 3519 αὐτούς·
748 3481 776 3510 »ι
835 3456 1138 3530 τουτέστιν,
1199 3458 1274 3520 εἰς
1332 3457 1584 3532 δοκίμιον
1631 3457 1933 3515 καὶδυσω-

280 3547 407 3602 πίαν
469 3550 562 3602 τοῦ
620 3545 968 3622 πειράζοντος
1042 3547 1215 3602 εἷάσεν
1291 3546 1485 3610 αὐτοὺς
1554 3552 1932 3624 πειρασθῆναι·

281 3660 311 3688 ‹‹
343 3635 431 3690 καὶ
465 3635 613 3711 εὗρεν
673 3634 868 3696 αὐτοὺς
919 3634 1099 3705 ἀξίους
1155 3636 1369 3708 ἑαυτοῦ,
1419 3637 1570 3696 υἱοὺς
1598 3639 1872 3708 κληθῆναι
1907 3663 1935 3691 ››

280 3722 564 3795 δηλονότι.
599 3750 626 3777 ‹‹
654 3725 746 3786 Ὠς
783 3724 986 3799 χρυσὸν
1021 3724 1072 3779 tv
1105 3725 1468 3799 χωνευτηρίῳ
1501 3723 1823 3800 ἐδοκίμασεν
1847 3726 1939 3781 αὐ-

276 3814 423 3881 τοὺς,
482 3813 572 3868 καὶ
633 3814 706 3873 ὡς
761 3811 1142 3887 ὁλοκάρπωμα
1193 3812 1377 3874 θυσίας
1429 3813 1788 3887 προσεδέξατο
1837 3817 1934 3870 αὗ-

277 3901 425 3965 τούς·
459 3901 549 3957 καὶ
599 3901 650 3957 tv
705 3905 880 3977 καιρῷ
939 3901 1243 3971 ἐπισκοπῆς
1300 3901 1475 3956 αὐτῶν
1530 3903 1936 3978 ἀναλάμψουσι,

278 3989 368 4044 καὶ
429 3991 503 4052 ὡς
563 3997 856 4065 σπινθῆρες
900 3989 952 4045 tv
1005 3987 1232 4066 καλάμῃ
1308 3988 1753 4066 διαδραμοῦνται·
1814 4013 1935 4065 κρι-

281 4083 462 4133 νοῦσιν
518 4077 668 4150 ἔθνη,
726 4081 816 4135 καὶ
876 4082 1207 4154 κρατήσουσι
1261 4079 1434 4150 λαῶν,
1473 4081 1562 4135 καὶ
1626 4079 1934 4156 βασιλεύσει

281 4167 454 4222 αὐτῶν
491 4168 693 4242 Κύριος
728 4169 804 4230 εἲς
826 4167 954 4233 τοὺς
983 4169 1206 4232 αἶ’ῶνας.
1241 4195 1268 4221 ››

2045 3285 2241 3356 pliciis
2271 3285 2465 3340 affecti
2495 3285 2736 3353 fuerint,
2764 3302 2898 3356 spes
2922 3302 3127 3342 eorum
3154 3287 3332 3357 plena
3348 3293 3440 3342 est
3458 3289 3698 3343 immor-

2047 3374 2292 3428 talitatis
2314 3374 2412 3445 (ἀ).
2435 3396 2462 3423 ››
2482 3374 2706 3429 Deinde
2725 3374 3046 3448 subjungit,
3067 3375 3385 3447 gloriosam
3409 3393 3696 3448 expurga-

2046 3463 2270 3518 tionem
2330 3463 2550 3518 docens
2609 3481 2737 3519 esse
2792 3465 3182 3536 martyrium:
3237 3487 3265 3514 «
3297 3467 3367 3518 Et
3398 3465 3459 3518 in
3490 3465 3695 3536 paucis

2047 3554 2338 3626 castigati,
2383 3553 2614 3626 magnis
2663 3553 3002 3608 afﬁcientur
3047 3553 3376 3620 beneficiis,
3412 3554 3695 3624 quoniam

2048 3644 2201 3697 Deus
2234 3643 2482 3696 tentavit
2511 3659 2634 3709 eos,
2668 3663 2697 3692 »
2747 3643 2859 3696 hoc
2908 3648 3016 3708 est,
3049 3641 3123 3696 ad
3155 3659 3361 3697 eorum
3393 3643 3697 3713 probatio-

2047 3747 2206 3796 nem,
2232 3735 2291 3784 et
2317 3730 2630 3801 ut’pudore
2658 3730 2953 3784 afﬁciatur
2979 3735 3254 3801 tentator,
3277 3731 3411 3786 sivit
3440 3748 3540 3786 eos
3573 3737 3696 3786 ten-

2045 3819 2197 3886 tari;
2233 3841 2260 3869 ‹‹
2295 3824 2352 3873 et
2381 3819 2607 3873 invenit
2635 3835 2737 3873 eos
2784 3836 2846 3874 se
2892 3819 3124 3891 dignos,
3158 3843 3186 3870 »
3242 3827 3307 3875 ut
3337 3821 3564 3876 scilicet
3591 3838 3691 3876 vo-

2046 3915 2256 3964 centur
2287 3909 2417 3963 ﬁlii.
2452 3932 2481 3957 «
2513 3908 2820 3979 Tanquam
2843 3926 3052 3965 aurum
3075 3911 3136 3964 in
3157 3910 3397 3966 fornace
3427 3911 3696 3983 probavit

2047 4015 2172 4063 eos,
2206 4004 2265 4053 et
2295 4003 2574 4068 tanquam
2607 3997 2860 4053 solidam
2900 3999 3174 4054 sacriﬁcii
3201 3999 3561 4056 oblationem
3595 4016 3692 4054 ex-

2047 4088 2204 4160 cepit
2232 4105 2353 4150 eos,
2387 4093 2445 4142 et
2473 4088 2536 4142 in
2568 4092 2835 4158 tempore
2858 4087 3246 4158 inspectionis
3276 4105 3482 4143 eorum
3510 4088 3694 4161 fulge-

2046 4176 2213 4244 bunt,
2249 4183 2307 4232 et
2335 4182 2619 4248 tanquam
2651 4176 2927 4232 scintillae
2980 4177 3042 4231 in
3074 4177 3294 4249 stipula
3321 4183 3690 4250 percurrent.

1959 4299 2006 4363 Β
2045 4267 2402 4322 Judicabunt
2429 4271 2654 4338 gentes,
2683 4271 2741 4321 et
2760 4265 3227 4322 dominabuntur
3248 4267 3572 4338 populis,et
3591 4283 3695 4322 rex

2039 4371 2244 4411 eorum
2277 4357 2389 4411 erit
2419 4355 2706 4412 Dominus
2737 4356 2797 4410 in
2831 4356 3049 4412 saecula
3069 4356 3166 4428 (ε).
3210 4378 3237 4406 ››

352 4518 426 4599 (α)
454 4517 632 4599 Hebr.
657 4517 944 4599 x,§2:39.
978 4518 1051 4588 (b)
1079 4517 1253 4574 Hebr.
1287 4535 1366 4585 χι,
1401 4521 1487 4591 36,
1522 4523 1611 4588 37,
1643 4521 1734 4590 38,
1766 4523 1854 4593 39,
1887 4525 1936 4577 4(

2049 4543 2124 4596 :11,
2166 4525 2218 4590 l,
2271 4529 2321 4579 2.
2373 4525 2446 4597 (ο)
2496 4525 2669 4580 Hebr.
2715 4542 2792 4596 xi,
2835 4528 2922 4595 26,
2954 4526 3043 4580 27.
3078 4526 3153 4597 (ἁ)
3187 4527 3320 4599 Sap.
3354 4544 3432 4596 ιιι,
3464 4530 3517 4597 2,
3550 4529 3603 4598 3,
3636 4529 3692 4584 4ο.

279 4588 350 4660 (ε)
386 4588 530 4643 Ibid.
565 4591 704 4657 5,6,
738 4590 791 4656 7,
819 4591 871 4642 8.

378 4759 466 4812 22)
497 4761 567 4812 Ἣ
599 4757 702 4812 γὰρ
748 4798 761 4812 .
811 4798 822 4810 .
869 4799 881 4812 .

354 4759 466 4830 (22)
497 4761 567 4812 Ἣ
599 4759 702 4831 γὰρ
748 4798 761 4812 .
811 4798 822 4810 .
869 4799 881 4812 .
940 4759 1332 4830 κατώρθωσαν.
1396 4759 1718 4815 Clementis
1763 4762 1934 4818 verba

282 4831 564 4886 sunthaec
587 4829 660 4884 ad
683 4845 910 4901 eaquae
937 4831 1934 4901 sequuntur,transitumfacientis.

353 4903 464 4973 (23)
501 4894 1228 4974 Πεῖραν-λαϐόντες-Βοῦν,
1257 4894 1332 4970 i1,
1365 4905 1553 4974 πεῖραν
1587 4898 1805 4958 ἔλαϐον.

351 4970 460 5049 (24)
531 4970 950 5049 Ἐλιθάσθη-σαν,
993 5044 1002 5049 _
1048 4970 1468 5049 ἐπειράσθησανξ
1546 4975 1735 5049 Vulg._
1783 4977 1932 5049 Bibl.

282 5041 458 5122 Hebr.
515 5063 605 5122 x_i_,_
635 5047 716 5122 37
746 5063 758 5100 :
801 5041 1239 5122 ⁸Ἐλιθαὶσθῃσσιν,
1294 5041 1687 5122 ’ἐπρίσθησανξ
1717 5044 1934 5122 ἐπειρά-

282 5117 506 5183 σθησαν.
542 5117 648 5188 Ubi
677 5117 832 5172 conf.
869 5134 999 5188 quae
1031 5117 1337 5173 adnotavit
1364 5117 1717 5188 CLMillius.

351 5191 461 5262 (25)
498 5187 717 5262 Πάντες.
753 5187 923 5262 Vulg.
985 5189 1130 5244 Bibl.
1194 5188 1345 5262 οὗτοι
1401 5187 1616 5249 πάντες⁶
1672 5197 1729 5245 et
1775 5208 1930 5250 mox.

279 5259 377 5328 την
412 5257 756 5334 ἐπαγγελίαν,
809 5257 1036 5334 alisque
1081 5261 1412 5334 διπλῆ.-.τοῦ
1444 5264 1604 5334 Θεοῦ·
1645 5263 1806 5333 dein,
1838 5267 1933 5317 τοῦ

277 5325 411 5386 Θεοῦ
445 5325 574 5405 περῖ
598 5325 758 5405 ἡμῶν
790 5325 1038 5405 κρεῖττόν
1069 5325 1121 5384 ’ἶι
1153 5325 1631 5405 προϐλεψαμένου.

349 5406 456 5475 (26)
493 5401 721 5476 Ἀγαθὸς
750 5401 850 5476 γὰρ
878 5401 967 5470 ἦν.
1003 5401 1389 5460 Commation
1428 5401 1538 5460 hoc
1569 5422 1602 5461 a
1632 5406 1933 5464 Clemente

277 5475 577 5548 insertum
599 5475 832 5530 videtur
863 5481 1105 5546 propter
1134 5477 1447 5533 haereticos
1480 5477 1580 5548 qui
1612 5478 1796 5534 Deum
1827 5497 1934 5535 ne-

284 5547 498 5618 gabant
530 5549 752 5604 bonum
783 5563 932 5603 esse.

940 4757 1332 4830 κατώρθωσαν.
1396 4759 1718 4815 Clementis
1763 4762 1941 4818 verba

2120 4765 2233 4834 (27)
2259 4765 2452 4837 Ἀγιον
2502 4763 2592 4818 καὶ
2651 4761 2868 4826 διειδὲς.
2927 4767 3297 4823 Commation
3350 4767 3500 4824 illud
3565 4771 3699 4827 Cle-

2047 4837 2267 4890 mentis
2301 4842 2564 4909 est,Anon_
2598 4838 2862 4909 Apostoli
2895 4839 3068 4893 Hebr.
3107 4857 3206 4894 xu.
3241 4841 3514 4897 SYLBURG.

2120 4909 2231 4989 (28)
2265 4903 2763 4992 Τῶχ“’δικαίων’κ.αἱ
2796 4911 2979 4992 ἡμῶν.
3023 4913 3301 4992 Νςφρθμ
3329 4915 3696 4992 justorum_»

2048 4979 2148 5057 _qui
2182 4984 2318 5057 ante
2341 4981 2639 5034 Christum
2662 4979 2958 5057 vixerunt,
2983 4987 3037 5036 et
3059 4979 3698 5057 Christianorum,qui-

2045 5049 2160 5122 bus
2189 5052 2393 5122 eadem
2424 5057 2513 5105 est
2539 5068 2645 5122 per
2674 5052 2973 5122 Christum
3004 5053 3077 5108 ad
3109 5055 3362 5111 salutem
3393 5058 3480 5112 via
3507 5074 3518 5112 :
3542 5049 3691 5112 nam

2045 5119 2204 5201 αὗτός
2239 5121 2299 5201 ἂν
2332 5120 2466 5201 θύρα
2494 5119 2592 5201 τοῦ
2620 5123 2855 5201 ματρός,
2875 5120 2953 5201 ,δι’
2975 5125 3040 5192 ἧς
3071 5123 3692 5201 εῗσὲρχονται⁹ᾼ6ραὰμ

2042 5192 2130 5271 καὶ
2165 5193 2344 5271 Ἰσαᾲκ
2371 5188 2805 5271 καξςῐακὼϐκαὶ
2841 5188 2893 5248 οἱ
2915 5188 3344 5271 -προφῆταὶῗκαὶ
3379 5199 3430 5252 οἱ
3460 5188 3694 5253 ἀποστο-

2044 5262 2156 5341 λοι,
2188 5265 2305 5341 ,καὶ
2359 5267 2393 5333 ἡ
2446 5263 2763 5341 Ἐκκλησία,
2801 5291 2853 5341 _«
2889 5262 2993 5324 Ille
3048 5262 3363 5339 (Christus)
3394 5277 3482 5324 est
3505 5273 3693 5341 janua

2042 5339 2232 5411 Patris
2256 5359 2269 5404 ;
2288 5354 2394 5409 per
2416 5355 2591 5409 quam
2613 5339 3029 5411 ingrediuntur
3050 5341 3344 5397 Abraham
3378 5348 3437 5395 et
3460 5339 3617 5398 Isaac
3636 5350 3694 5396 et

2040 5409 2238 5484 Iacob,
2296 5415 2354 5484 et
2409 5409 2735 5484 prophetae.
2770 5418 2829 5466 et
2857 5413 3130 5484 apostoli,
3165 5419 3222 5467 et
3253 5412 3533 5484 Ecclesia,
3572 5435 3598 5463 η
3626 5420 3695 5470 ut

2042 5481 2123 5535 ait
2158 5482 2418 5555 lgnatius
2447 5484 2624 5555 Epist.
2659 5483 2732 5538 ad
2758 5481 3238 5555 Philadelphenos,
3271 5501 3398 5555 cap.
3429 5485 3484 5539 9.

2115 5551 2223 5622 (29)
2254 5551 2554 5627 Αἶγύπτου.
2593 5553 2676 5607 Ἐν
2708 5551 3200 5628 ΑἷγύπτῳξΗθΙηκ
