4004 6144
269 325 280 362 .'
325 311 466 368 1313

1647 305 2098 362 ΒΤΒΟΠΔἸὍΠ
2134 305 2267 358 LIB.
2310 305 2405 359 IV.

3561 300 3566 307 ’
3601 305 3739 361 1314

318 433 663 512 γαλοπρεπεῖ
693 429 819 505 δόξῃ
849 435 981 504 (35).
1033 427 1304 502 Λάϐωμεν
1362 428 1564 504 Ἑνὼχ,
1621 427 1704 498 ὃς,
1738 426 1790 482 ίν
1824 427 1970 482 ὑπα-

2113 427 2337 483 ierunt.
2357 426 2731 497 Accipiamus
2753 426 2974 491 Enoch,
2991 427 3092 498 qui
3107 428 3169 482 in
3188 428 3528 486 obedientia
3535 430 3740 502 justus

321 527 428 596 κοῇ
468 522 680 585 δίκαιος
737 519 994 596 εὑρεθεὶς,
1059 518 1312 590 μεττέθη’
1344 519 1434 573 καὶ
1493 520 1636 585 Νῶε,
1669 515 1728 578 ὅς
1755 513 1972 572 πῖστεύ·

322 634 417 675 σας
451 610 706 682 διεσώθη’
749 611 840 664 καὶ
892 604 1170 684 Ἀϐραὰμ,
1201 610 1262 670 ’ὀς
1294 605 1384 663 διὰ
1433 608 1613 664 πίστιν
1658 608 1748 662 καὶ
1799 605 1976 685 φιλο-

325 699 495 772 ξενίαν
528 701 641 773 (36)
671 722 696 751 α
721 698 884 774 φίλος
919 702 1053 753 Θεοῦ
1085 702 1218 770 (37),
1251 722 1280 749 ››
1329 698 1510 772 πατὴρ
1560 694 1619 752 δὲ
1669 699 1768 752 τοῦ
1799 696 1980 752 Ἰσαὰκ

324 800 748 865 προσηγορευθη
787 830 801 845 .
871 787 970 842 Διᾶ
1020 785 1331 864 φιλοξενίαν
1390 789 1500 858 (38)
1558 785 1647 840 καὶ
1709 779 1980 840 εὐσέϐειαν

326 878 453 935 Λὼτ
499 876 678 947 ἐσώθη
733 876 793 932 ἐκ
843 872 1140 946 Σοδόμων·
1196 873 1286 930 διὰ
1340 873 1521 930 πίστιν
1576 877 1687 947 (39)
1742 873 1831 928 καὶ
1883 895 1978 945 φι-

326 964 566 1038 λοξενίαν
616 964 794 1034 ἐσώθη
853 958 1016 1018 Ῥαὰὸ
1069 966 1106 1033 ἡ
1137 963 1336 1037 πόρνη·
1399 961 1468 1018 δι’
1527 964 1812 1036 ὑπομονὴν

326 1057 414 1112 καὶ
447 1055 628 1111 πίστιν
683 1054 734 1110 ἐν
796 1052 1060 1130 δέρμασιν
1118 1053 1348 1118 αἰγείοις
1402 1053 1491 1109 καὶ
1553 1052 1841 1126 μηλωταῖς
1889 1051 1980 1106 καὶ

328 1149 539 1220 τριχῶν
593 1141 916 1215 καμηλιίων
982 1141 1296 1218 πλέγμασιν
1371 1143 1774 1217 περιεπάτησαν
1807 1185 1821 1211 ,
1882 1161 1981 1211 κη-

336 1233 623 1310 ρύσσοντες
671 1232 772 1300 τὴν
837 1229 1119 1305 βασιλείαν
1174 1235 1288 1304 (41)
1367 1236 1465 1287 τοῦ
1543 1232 1778 1304 Χριστοῦ
1813 1273 1826 1286 .
1881 1229 1985 1284 Λέ-

330 1343 502 1398 γομεν
553 1319 611 1376 δὲ
665 1319 862 1377 Ἠλίαν
917 1320 1008 1375 καὶ
1062 1319 1396 1377 Ἑλισσαῖον⁶
1455 1317 1722 1389 ἰεζεκιὴλ
1776 1339 1836 1374 τε
1892 1320 1984 1373 καὶ

332 1412 585 1480 Ἰωάννην
619 1412 756 1481 (42).
785 1407 916 1470 τοὺς
973 1411 1282 1486 προφήτας.
1343 1409 1406 1466 Ὀ
1454 1410 1556 1484 γάρ
1612 1429 1697 1463 τοι⁵
1758 1433 1786 1460 ‹‹
1821 1407 1984 1482 φίλος

333 1501 468 1552 Θεοῦ
527 1495 619 1551 διὰ
673 1496 855 1550 πίστιν
914 1494 1202 1571 ἐλευθέραν
1276 1495 1500 1565 κληθεὶς
1578 1491 1833 1569 ’Λόραὰμ
1889 1493 1986 1549 οὐκ

334 1585 545 1658 ἰπῄρθη
577 1588 646 1658 τῇ
679 1583 830 1659 δόξῃ·
889 1587 1260 1657 μετριοκαθῶν
1316 1583 1374 1640 δὶ
1420 1580 1623 1660 ἔλεγενο
1681 1607 1706 1639 ε
1742 1584 1883 1659 Ἐγὼ
1929 1581 1988 1638 δὲ

337 1674 452 1748 εἷ’μι
485 1677 558 1748 γῆ
589 1673 677 1728 καὶ
707 1671 931 1735 σποδός.
969 1697 997 1723 »
1031 1673 1159 1747 Περί
1187 1694 1247 1729 τε
1273 1677 1370 1727 τοῦ
1415 1668 1546 1728 Ἰὼϐ
1591 1672 1766 1736 οὕτως
1791 1674 1985 1749 γέγρα-

2086 516 2382 578 inventus.
2400 515 2514 570 fuit
2532 515 2855 571 translatus
2876 533 2890 583 ;
2914 521 2973 570 et
3003 518 3142 578 Noe,
3166 519 3266 586 qui
3289 535 3425 574 cum
3452 521 3740 577 credidis-

2093 610 2202 672 set,
2233 605 2348 660 fuit
2377 610 2678 671 servatus;
2712 610 2770 660 et
2799 605 3118 672 Abraham,
3141 607 3242 675 qui
3284 613 3528 679 propter
3559 610 3738 666 ﬁdem

2088 701 2146 750 et
2174 694 2639 765 hospitalitatem
2672 717 2698 744 «
2734 693 2836 749 Dei
2879 695 3110 749 amicus
3141 697 3242 765 (a),
3272 717 3298 747 ι
3333 703 3502 766 pater
3543 706 3742 754 autem

2087 785 2250 839 Isaac
2303 789 2394 838 est
2443 782 2798 855 appellatus.
2859 785 3110 854 Propter
3153 783 3623 855 hospitalitatem
3685 795 3744 843 et

2089 873 2370 944 pietatem
2401 873 2544 927 Loth
2574 872 2688 927 fuit
2725 878 2989 928 servatus
3021 889 3092 928 ex
3125 873 3395 928 Sodomis
3429 891 3444 940 ;
3494 880 3740 946 propter

2093 961 2272 1017 fidem
2303 969 2362 1016 et
2380 961 2844 1032 hospitalitatem
2868 966 3096 1016 servata
3123 968 3212 1016 est
3233 963 3390 1017 Raab
3415 965 3695 1019 meretrix
3725 983 3738 1032 ;

2092 1057 2338 1122 propter
2360 1050 2710 1120 patientiam
2734 1057 2794 1105 et
2813 1051 3016 1119 ﬁdem,
3036 1051 3097 1106 in
3120 1051 3380 1123 pellibus
3403 1053 3663 1124 caprinis
3687 1060 3747 1108 et

2092 1139 2303 1206 ovinis,
2337 1146 2396 1195 et
2425 1157 2495 1195 ex
2534 1140 2901 1196 camelorum
2952 1140 3092 1211 pilis
3137 1141 3432 1196 contextis
3481 1142 3744 1198 vestibus

2091 1228 2479 1284 ambularunt
2512 1271 2526 1297 ,
2587 1229 2978 1301 praedicantes
3037 1247 3289 1303 regnum
3348 1231 3586 1287 Christi.
3649 1232 3743 1287 Di-

2094 1318 2285 1373 cimus
2332 1325 2531 1374 autem
2582 1318 2770 1374 Eliam
2819 1325 2878 1374 et
2931 1319 3229 1384 Elisaaum,
3291 1320 3658 1375 Ezechielem
3691 1326 3751 1376 et

2091 1407 2155 1471 ὦ
2194 1409 2508 1471 Joannem,
2539 1409 2879 1479 prophetas.
2927 1409 3032 1473 Qui
3067 1409 3226 1462 enim
3256 1431 3284 1459 «
3319 1409 3420 1463 Dei
3459 1413 3688 1466 amicus
3720 1432 3749 1459 »

2093 1502 2336 1568 prOpter
2366 1496 2546 1551 ﬁdem
2578 1496 2824 1551 liberam
2849 1503 3090 1552 vocatus
3129 1503 3219 1552 est
3269 1497 3589 1564 Abraham,
3623 1514 3746 1554 non

2092 1587 2206 1641 fuit
2233 1586 2420 1658 gloria
2443 1585 2654 1649 elatus,
2685 1585 2808 1649 sed,
2841 1585 3108 1640 modeste
3127 1585 3313 1640 dixit:
3339 1607 3367 1635 «
3399 1587 3515 1656 Ego
3546 1592 3745 1642 autem

2097 1691 2228 1730 sum
2252 1682 2409 1730 terra
2434 1679 2492 1729 et
2512 1674 2662 1729 cinis
2685 1675 2778 1745 (ὸ).
2807 1698 2829 1726 ι
2855 1676 2924 1729 Ει
2944 1674 3016 1730 de
3045 1675 3151 1730 Job
3184 1675 3267 1730 sic
3295 1674 3582 1746 scriptum
3607 1679 3699 1730 est
3732 1691 3745 1728 :

333 1784 464 1818 πται
491 1766 623 1835 (43)·
665 1783 686 1811 ε
720 1756 848 1847 Ἰὼβ
880 1759 938 1816 δὶ
971 1761 1038 1830 ἦν
1091 1759 1303 1824 δίκαιος
1350 1760 1442 1816 καί
1483 1759 1796 1834 ἄμεμπτος,
1847 1760 1988 1830 ἀλη-

2113 1786 2126 1811 ‹
2157 1764 2261 1818 Job
2293 1769 2492 1819 autem
2521 1769 2648 1817 erat
2669 1763 2891 1834 justus,
2933 1763 3387 1835 reprehensioni
3419 1780 3540 1820 non
3570 1763 3751 1819 obno-

345 1852 490 1916 θινὸς
521 1851 610 1905 καὶ
643 1845 926 1918 θεοσεϐὴς,
962 1850 1304 1924 ἀπεχόμενος
1335 1849 1441 1905 ἀπὸ
1485 1850 1687 1912 παντὸς
1735 1849 1925 1907 κακοῦ,
1960 1872 1989 1900 ››

2113 1853 2275 1915 rius,
2339 1853 2524 1906 Deum
2577 1852 2687 1906 rite
2749 1852 2953 1906 colens
2987 1891 3001 1916 ,
3080 1852 3388 1908 abstinens
3455 1851 3527 1908 ab
3587 1851 3750 1907 omni

339 1941 512 2002 Οὗτος
558 1941 586 1994 ὁ
617 1941 842 2009 νικήσας
899 1936 968 1993 δι’
1026 1939 1312 2012 ὑπομονῆς
1369 1939 1461 1993 τὸν
1519 1939 1870 2013 πειράσαντα,
1901 1936 1990 1992 καὶ

344 2031 695 2105 μαρτυρήσας
725 2029 840 2100 ἅμα
868 2028 958 2083 καὶ
1023 2027 1389 2101 μαρτυρηθεὶς
1447 2028 1550 2083 ὑπὸ
1593 2031 1691 2083 τοῦ
1743 2032 1899 2082 Θεοῦ·
1931 2027 1992 2090 ὃς

338 2117 846 2192 ταπεινοφροσῦνης
889 2116 1175 2191 ἀντέχεται
1216 2121 1346 2189 (44),
1393 2141 1421 2168 ‹‹
1451 2117 1543 2172 καὶ
1590 2116 1755 2191 λέγει·
1807 2113 1995 2178 Οὐδεὶς

340 2207 573 2282 καθαρὸς
624 2204 730 2262 διπὸ
780 2205 978 2281 ῥύπου,
1009 2204 1127 2261 οὐδ’
1182 2206 1233 2261 εἷ’
1287 2211 1415 2279 μιᾶς
1445 2203 1656 2279 ἡμέρας
1686 2208 1722 2276 ἡ
1755 2206 1868 2276 ζωή
1899 2207 1997 2262 αὖ-

339 2299 459 2352 τοῦ.
491 2319 521 2347 ››
555 2297 818 2363 Μωϋσῆς,
854 2318 881 2346 α
915 2295 944 2349 ὁ
978 2294 1168 2358 πίστὸς
1199 2293 1446 2369 θεράπων
1480 2298 1592 2369 (45)
1640 2294 1693 2350 ἐν
1750 2292 1870 2367 ὅλῳ
1916 2299 1998 2366 τῷ

345 2383 482 2457 οἴκῳ
537 2383 724 2452 αὐτοῦ,
756 2383 894 2458 πρὸς
951 2384 1047 2438 τὸν
1109 2383 1523 2458 χρηματίζοντα
1580 2383 1640 2439 ἐκ
1692 2390 1794 2453 τῆς
1830 2384 1997 2459 βάτου

350 2475 518 2528 εἶπεν⁸
555 2494 577 2524 ε
607 2471 703 2534 Τίς
733 2471 848 2545 εἶμι
882 2471 1011 2547 ἐγὼ,
1042 2467 1125 2528 ὅτι
1160 2494 1228 2546 με
1284 2471 1517 2546 πέμπεις
1551 2493 1566 2543 ;
1625 2472 1770 2546 Ἐγὼ
1797 2469 1856 2527 δὲ
1884 2471 1999 2543 εἶμι

347 2561 688 2639 ἰσχνόφωνος
720 2559 811 2616 καὶ
856 2559 1304 2637 βραδύγλωσσος,
1339 2584 1367 2613 ››
1419 2563 1605 2640 φωνὴν
1656 2560 1862 2634 Κυρίου
1911 2557 1999 2614 διὰ

348 2651 607 2728 γλώσσης
665 2648 1015 2722 ἀνθρωπίεης
1070 2647 1389 2719 διακονῆσαι
1437 2654 1598 2722 (46).
1650 2648 1755 2704 Καὶ
1811 2645 1997 2702 πάλιν·

358 2761 386 2789 «ι
423 2738 569 2811 Ἐγὼ
599 2740 712 2808 (47)
773 2733 832 2790 δέ
891 2735 1005 2807 εἶμι
1064 2736 1230 2809 ἀτμὶς
1263 2735 1370 2790 ἀπὸ
1425 2737 1654 2808 χύτρας.
1717 2733 1846 2795 Θεὸς
1899 2733 2002 2808 γὰρ

361 2825 725 2903 ὑπερηφάνοις
782 2825 1152 2879 ἀντιτάσσεται
1187 2866 1202 2893 ,
1252 2829 1526 2886 ταπεινοῖς
1579 2820 1637 2878 δὶ
1685 2821 1874 2878 δίδωσι
1907 2823 2006 2898 χά-

360 2934 465 2989 ριν.
502 2939 530 2965 ››
563 2940 590 2965 «
624 2912 728 2969 Ναὶ
771 2914 878 2985 μὴν
909 2917 1024 2984 (48)
1055 2912 1144 2967 καὶ
1186 2907 1374 2982 Δαϐὶδ,
1408 2911 1487 2990 ἐφ’
1540 2913 1602 2967 οὗ
1656 2917 1943 2988 μαρτυρῶν
1977 2913 2006 2967 ὸ

355 3003 553 3078 Κύριος
584 3001 728 3077 λέγει
763 3023 775 3033 ·
849 3023 870 3051 ι
903 3002 1073 3074 Εὗρον
1120 2998 1289 3077 ἄνδρα
1326 3002 1462 3057 κατά
1490 3004 1587 3071 τὴν
1620 2999 1843 3076 καρδίαν
1879 3023 2006 3076 μου,

354 3087 544 3161 Δαϐὶδ,
587 3093 680 3146 τὸν
738 3094 835 3145 τοῦ
893 3089 1107 3147 Ἰεσσαί’
1154 3089 1206 3145 έν
1253 3089 1420 3163 ἐλαίῳ
1450 3091 1586 3167 ἁγίῳ
1643 3095 1750 3164 (49)
1809 3091 2004 3166 ἔχρισα

354 3181 536 3236 αὐτόν·
561 3203 589 3231 ››
612 3179 756 3235 ἀλλᾶ
768 3179 856 3232 καὶ
881 3179 1039 3241 αὐτὸς
1064 3177 1213 3254 λέγει
1236 3181 1370 3255 πρὸς
1392 3180 1484 3234 τὸν
1508 3181 1658 3235 Θεὸν·
1683 3205 1710 3231 ‹‹
1739 3179 2002 3252 Ἐλέησόν

351 3271 497 3342 με,ὁ
537 3270 691 3338 Θεὸς,
723 3269 859 3322 κατὰ
910 3267 974 3324 τὸ
1034 3269 1173 3343 μέγα
1227 3266 1378 3330 ἔλεός
1433 3289 1548 3323 σου·
1607 3268 1699 3323 καὶ
1751 3269 1885 3324 κατᾶ
1942 3269 2050 3325 τὸ·

347 3355 565 3427 πλῆθος
602 3361 713 3411 τῶν
775 3355 1074 3429 οἰκτιρμῶν
1127 3378 1224 3412 σου
1281 3356 1562 3432 ίξάλειῲον
1619 3359 1683 3413 τὸ
1739 3356 2006 3432 ἀνόμημα

354 3464 480 3518 μου’
516 3443 801 3500 ἐπιπλεῖον
845 3445 1052 3501 πλῦνόν
1082 3467 1149 3519 με
1193 3447 1299 3502 ἀπὸ
1339 3453 1442 3516 τῆς
1492 3447 1719 3520 ἀνομίας
1751 3469 1877 3521 μου,
1911 3447 2004 3503 ita?

351 3535 458 3590 ἀπὸ
487 3541 588 3603 τῆς
620 3534 887 3608 ἁμαρτίας
923 3555 1027 3607 μου
1076 3535 1366 3611 καθάρισόν
1405 3537 1488 3609 με’
1521 3535 1608 3591 ὅτι
1637 3537 1737 3606 τήν
1769 3535 2000 3609 ἀνομίαν

356 3644 462 3697 μου
487 3623 594 3699 ἐγὼ
623 3624 898 3700 γινώσκω,
929 3625 1016 3679 καὶ
1059 3647 1083 3677 α
1117 3627 1152 3694 ἡ
1182 3624 1419 3699 ἁμαρτία
1453 3647 1558 3697 μου
1608 3625 1840 3681 ἐνώπιόν
1897 3647 2002 3698 μου

352 3713 464 3769 ἐστι
517 3711 808 3775 διαπαντός
844 3756 857 3768 .
917 3737 944 3764 ››
999 3715 1228 3769 Ἐπειτα
1281 3715 1380 3783 τὴν
1427 3713 1536 3790 οὐχ
1592 3715 2003 3770 ὕποπίπτουσαν

351 3802 529 3875 Νόμῳ
573 3801 947 3876 αἰνιττόμενος
997 3801 1290 3876 ἁμαρτίαν,
1334 3809 1651 3877 γνωπικῶς
1701 3826 2002 3879 μετριοπα-

352 3892 483 3962 θῶν,
515 3890 756 3969 ἰπιφέρει
795 3893 928 3964 (50)·
980 3915 1007 3943 «
1042 3891 1136 3944 Σοὶ
1170 3890 1324 3965 μόνῳ
1366 3891 1634 3967 ἥμαρτον,
1665 3895 1753 3948 καὶ
1786 3895 1850 3948 τὸ
1900 3914 2004 3948 πο-

2099 1941 2255 1996 malo
2279 1944 2370 2010 (ο).
2405 1963 2434 1991 ››
2459 1943 2516 1996 Is
2537 1946 2648 2008 est,
2675 1941 2776 2010 qui
2801 1957 2907 1996 sua
2929 1940 3219 2012 patientia
3249 1941 3547 2012 superavit
3566 1946 3757 1996 tenta-

2101 2035 2310 2094 torem,
2344 2034 2405 2084 et
2431 2028 2612 2083 simul
2642 2029 2754 2083 fuit
2782 2035 3008 2100 martyr
3055 2045 3161 2084 seu
3210 2030 3401 2099 testis,
3433 2035 3493 2084 et
3547 2046 3582 2085 a
3628 2031 3747 2085 Deo

2048 2157 2049 2160 η
2099 2117 2329 2189 accepit
2358 2118 2807 2184 testimonium;
2855 2118 2958 2188 qui
2990 2118 3390 2174 humilitatem
3420 2117 3751 2190 amplexus,

2101 2207 2246 2262 dicit
2273 2223 2286 2261 :
2320 2226 2346 2257 ι
2379 2207 2584 2262 Nullus
2617 2212 2707 2262 est
2736 2206 2997 2262 mundus
3023 2223 3058 2262 a
3084 2207 3277 2271 sorde,
3305 2224 3378 2262 ne
3429 2207 3476 2262 si
3509 2208 3586 2261 sit
3615 2208 3755 2278 qui-

2103 2295 2237 2352 dem
2269 2295 2447 2350 unius
2475 2294 2593 2350 diei
2613 2295 2735 2349 vita
2752 2294 2992 2366 ejus(d).
3017 2313 3048 2346 »
3081 2297 3327 2366 Moyses,
3352 2316 3382 2344 «
3415 2295 3612 2350 ﬁdelis
3635 2311 3755 2350 ser-

2101 2403 2207 2440 vus
2238 2385 2298 2438 in
2330 2389 2450 2437 toto
2494 2382 2670 2436 domo
2722 2383 2850 2451 ejus
2889 2384 2986 2448 (e),
3018 2403 3046 2429 ››
3077 2383 3223 2436 dixit
3254 2382 3328 2436 ad
3359 2398 3519 2447 eum,
3550 2382 3651 2453 qui
3683 2399 3756 2438 ex

2103 2472 2252 2526 rubo
2284 2471 2463 2524 dabat
2500 2485 2824 2539 responsa:
2882 2490 2908 2518 «
2942 2469 3084 2534 Quis
3116 2486 3221 2542 ego
3253 2486 3406 2536 sum,
3440 2470 3599 2540 quod
3659 2487 3755 2526 me

2107 2559 2268 2614 mitis
2295 2558 2324 2612 ‘I
2351 2560 2466 2626 Ego
2511 2563 2710 2612 autem
2743 2573 2873 2612 sum
2924 2563 2982 2612 et
3025 2574 3162 2612 voce
3213 2557 3398 2620 tenui,
3449 2564 3509 2613 et
3554 2558 3757 2631 lingua

2108 2647 2352 2703 tardiori
2378 2647 2468 2716 (f),
2493 2668 2520 2694 »
2551 2651 2616 2700 ut
2647 2646 2882 2700 Domini
2913 2662 3112 2701 vocem
3142 2646 3477 2701 ministrem
3507 2663 3614 2718 per
3633 2647 3750 2702 lin-

2108 2753 2284 2807 guam
2314 2737 2659 2791 humanam.
2689 2737 2758 2789 Et
2787 2751 3026 2791 rursus:
3060 2758 3087 2785 ‹‹
3123 2737 3239 2808 Ego
3269 2742 3469 2791 autem
3503 2753 3633 2792 sum
3664 2754 3758 2792 va-

2111 2843 2219 2898 por
2239 2843 2309 2880 ex
2335 2825 2472 2880 olla.
2509 2825 2660 2879 Deus
2677 2824 2840 2879 enim
2865 2823 3138 2895 superbis
3159 2824 3404 2888 resistit,
3428 2824 3754 2880 humilibus

2112 2920 2312 2970 autem
2351 2913 2451 2969 dat
2478 2913 2725 2986 gratiam
2757 2913 2855 2984 (g).
2888 2934 2914 2964 ιι
2959 2913 3086 2968 Jam
3117 2930 3252 2969 vero
3289 2913 3468 2969 David
3498 2929 3756 2984 quoque,

2113 3003 2185 3059 de
2209 3020 2324 3074 quo
2349 3003 2754 3058 testimonium
2777 3002 2976 3057 ferens
3002 3003 3147 3056 dicit
3168 3004 3484 3059 Dominus:
3504 3027 3529 3051 ‹‹
3559 3002 3758 3057 Inveni

2114 3095 2422 3150 hominem
2441 3092 2766 3148 secundum
2780 3108 3115 3160 cormeum,
3133 3094 3312 3148 David
3323 3094 3523 3149 Jessaei
3545 3094 3758 3163 filium,

2116 3183 2176 3238 in
2200 3183 2331 3238 oleo
2355 3187 2557 3237 sancto
2579 3181 2719 3236 unxi
2739 3197 2874 3235 eum
2896 3181 3006 3250 (h):
3034 3204 3059 3228 ››
3080 3181 3180 3235 sed
3205 3182 3331 3253 ipse
3355 3199 3590 3254 quoque
3613 3182 3760 3237 dicit

2112 3273 2186 3329 ad
2199 3273 2413 3328 Deum:
2443 3295 2462 3319 ι
2483 3271 2754 3324 Miserere
2779 3270 2915 3336 mei,
2935 3270 3109 3334 Deus,
3131 3270 3459 3326 secundum
3481 3287 3756 3343 magnam

2111 3359 2583 3418 misericordiam
2627 3365 2789 3414 tuam
2819 3376 2832 3426 ;
2867 3363 2923 3413 et
2953 3357 3282 3413 secundum
3314 3360 3758 3416 multitudinem

2112 3451 2563 3507 miserationum
2583 3453 2816 3503 tuarum
2834 3447 2966 3502 dele
2987 3446 3364 3518 iniquitatem
3387 3463 3602 3502 meam.
3631 3449 3762 3502 Am-

2112 3541 2228 3594 lius
2258 3539 2387 3594 lava
2417 3553 2509 3593 me
2541 3536 2614 3592 ab
2668 3535 2982 3606 iniquitate
3015 3551 3168 3601 mea,
3201 3540 3260 3590 et
3288 3551 3323 3590 a
3352 3541 3594 3606 peccato
3625 3552 3757 3592 meo

2111 3627 2335 3683 munda
2363 3643 2478 3682 me.
2525 3625 2814 3690 Quoniam
2865 3623 3244 3694 iniquitatem
3297 3640 3493 3679 meam
3525 3641 3629 3697 ego
3661 3642 3762 3681 co-

2109 3735 2350 3792 gnosco,
2374 3723 2433 3772 et
2460 3721 2768 3787 peccatum
2815 3730 3014 3768 meum
3046 3714 3106 3768 in
3155 3721 3477 3787 conspectu
3508 3732 3640 3771 meo
3675 3721 3766 3771 est

2112 3808 2438 3877 semper(i).
2455 3824 2479 3853 ι
2499 3803 2720 3858 Deinde
2735 3804 2994 3858 innuens
3012 3810 3319 3874 peccatum
3333 3804 3491 3875 quod
3506 3804 3618 3878 legi
3636 3822 3755 3861 non

2113 3895 2443 3967 subjicitur,
2465 3892 2729 3966 gnostice
2779 3907 2947 3947 suam
3001 3892 3324 3949 ostendens
3379 3893 3754 3961 modestiam,

418 4044 482 4107 >X<
512 4047 573 4100 P.
607 4045 704 4100 611
765 4046 877 4118 El).
928 4045 1220 4100 POTTER.
1281 4044 1359 4116 (α)
1386 4046 1504 4102 Jac.
1539 4063 1602 4112 ιι,
1633 4048 1722 4101 23.
1789 4047 1864 4118 (b)
1895 4048 1992 4103 Gel

2164 4063 2321 4110 xvm,
2347 4049 2435 4100 27.
2505 4047 2573 4118 (ο)
2604 4043 2710 4118 Job
2739 4061 2778 4118 ι,
2815 4046 2866 4097 1.
2933 4044 3012 4114 (d)
3043 4043 3197 4118 Job.)
3231 4061 3345 4113 xxv,
3372 4047 3430 4118 4.
3483 4046 3760 4118 (e)7Hebr.

349 4131 428 4184 ιιι,
460 4120 510 4170 5.

349 4189 402 4252 ι,
432 4190 486 4251 2,
520 4189 572 4252 3,
605 4189 658 4243 4.

359 4357 528 4481 R(35)
560 4353 742 4413 Αὐτοῦ
783 4358 852 4427 τῇ
913 4375 1036 4428 μεγ.
1072 4353 1121 4413 δ.
1156 4359 1240 4430 Τῇ
1275 4377 1401 4431 μεγ.
1462 4353 1510 4412 δ.
1573 4355 1758 4428 αὐτοῦ,
1812 4359 1999 4417 Clem.

411 4443 529 4481 om.
1938 4454 1940 4456 '

411 4443 529 4483 om.
1938 4454 1940 4456 '

302 4499 306 4502 ’
422 4499 534 4567 (36)
591 4494 689 4549 Καὶ
723 4494 1054 4571 φιλοξειίαν.
1113 4500 1244 4571 Haec
1303 4501 1363 4554 in
1423 4502 1689 4556 Romano
1719 4519 1840 4571 non
1898 4519 2000 4558 ex-

305 4638 309 4644 .
349 4573 549 4648 stant;
601 4574 666 4622 ut
695 4569 803 4624 nec
857 4569 1028 4648 illud,
1063 4570 1223 4640 quod
1277 4572 1565 4642 sequitur,
1597 4573 1778 4648 πατὴρ
1819 4570 1876 4628 δὲ
1905 4578 2000 4628 τοῦ

349 4638 534 4713 Ἰσαὰκ
561 4639 1004 4713 προσηγορεύθη.

421 4712 528 4780 (37)
562 4709 736 4770 Φίλος
759 4709 922 4768 Θεοῦ.
957 4713 1078 4767 Vox
1107 4715 1242 4766 Θεοῦ
1273 4729 1307 4768 a
1335 4713 1638 4770 Clemente
1689 4718 1858 4774 Rom.
1892 4717 1997 4771 ho-

352 4779 558 4836 dierno
589 4783 776 4850 abest,
811 4783 904 4838 cui
936 4789 1136 4839 tamen
1164 4801 1232 4839 ex
1281 4785 1391 4840 hoc
1444 4785 1573 4841 loco
1631 4787 2003 4844 restituenda

303 4853 603 4936 addatur.
643 4855 918 4936 'Respicit
972 4855 1134 4910 enim
1181 4855 1378 4911 Jacob.
1429 4873 1490 4921 ιι,
1532 4859 1641 4926 23;
1705 4859 1808 4914 Καὶ
1839 4856 1999 4936 φίλος

315 4935 327 4942 ‘
355 4927 490 4978 Θεοῦ
521 4921 755 4992 ἐκλήθη.

423 4996 533 5077 (68)
565 4995 661 5048 Διᾶ
685 4992 875 5077 Δφιλοξ.
911 4997 1045 5053 Haec
1077 5014 1107 5053 e
1137 4998 1384 5054 Romani
1416 4999 1737 5056 Clementis
1772 5018 1900 5073 cap.
1935 5005 1994 5056 11

354 5073 540 5139 petita
561 5074 719 5139 sunt.

415 5140 523 5264 (3:)
559 5137 657 5191 Διὰ
686 5138 836 5194 πίστ.
870 5141 1004 5196 Haec
1054 5157 1123 5196 ex
1175 5140 1444 5212 ejusdem
1502 5159 1630 5214 cap.
1668 5145 1733 5198 12
1765 5150 2000 5215 sumpta

415 5227 464 5264 in
499 5251 512 5264 .

352 5227 512 5265 sunt.

414 5282 529 5349 (40)
563 5281 640 5333 Δι’
673 5279 984 5352 ὑπομονὴν,
1017 5283 1142 5338 Jam
1177 5284 1392 5340 transit
1417 5283 1491 5340 ad
1520 5284 1844 5342 Clementis
1875 5289 1996 5343 Ro-

348 5354 510 5409 mani
542 5370 671 5409 can.
708 5356 793 5406 17.

421 5427 530 5491 (41)
560 5420 670 5492 Τῆν
692 5420 1006 5497 βασιλείαν.
1034 5425 1148 5489 Τήν
1181 5421 1408 5487 ἔλευσιν,
1445 5426 1719 5484 Clemens
1751 5431 1816 5484 Β.

417 5498 528 5582 (42)
556 5495 849 5582 ,Ἰωάννῃνι
876 5535 890 5548 .
948 5496 1268 5581 Baptistam
1313 5498 1649 5582 ‘in'tellig‘it';
1700 5499 1774 5554 ad
1818 5517 1998 5582 quem

583 4120 650 4188 (Γ)
680 4117 860 4171 Exod.
895 4133 977 4187 ιιι,
1030 4119 1087 4170 11
1122 4134 1136 4183 ;
1169 4133 1241 4183 ιν,
1298 4120 1382 4175 10.
1450 4118 1528 4188 (g)
1581 4119 1699 4173 Jac.
1734 4117 1808 4188 ιν,
1869 4121 1939 4186 6;

2113 4124 2208 4174 atr.
2267 4135 2345 4186 iv,
2377 4120 2429 4171 5.

2033 4629 2078 4692 D
2112 4644 2434 4700 Clementis
2462 4643 2708 4697 Romani

2508 4117 2586 4188 (h)
2643 4115 2797 4170 Psal.
2857 4131 3124 4183 Lxxxvm,
3179 4117 3270 4170 21.
3337 4117 3401 4189 (ἱ)
3457 4115 3610 4173 Psal.
3671 4135 3759 4186 ιιι,

2109 4366 2333 4425 mento,
2368 4374 2483 4413 non
2519 4373 2589 4412 ex
2618 4357 2892 4413 versione
2941 4359 3048 4410 τῶν
3099 4355 3177 4424 0',
3207 4358 3402 4428 qualis
3450 4358 3626 4414 hodic
3656 4376 3759 4416 ex-

2109 4438 2246 4494 stat,
2279 4429 2384 4485 sed
2415 4446 2482 4484 ex
2515 4429 2819 4484 Clemente
2850 4430 3020 4484 Rom.
3047 4428 3224 4484 citata
3258 4435 3415 4492 sunt,

2178 4505 2291 4574 (44)
2337 4499 2568 4574 Οὗτοςρ
2608 4520 2761 4556 νικ...
2815 4497 3120 4574 ἀντέχεται.
3183 4501 3315 4555 Haec
3376 4501 3764 4574 Alexandrini

2110 4571 2284 4629 verba
2315 4578 2456 4654 sunt
2483 4571 2557 4626 ad
2587 4571 3066 4695 martgriumﬁde
3099 4589 3214 4642 quo
3239 4573 3512 4654 superius
3535 4579 3757 4646 egerat,

2112 4646 2434 4695 Clementis
2462 4645 2708 4695 Romam
2783 4648 2962 4695 ictum
2995 4642 3458 4695 accomodantis.

2783 4643 2962 4697 ictum
2995 4642 3458 4698 accomodantis.

2181 4719 2285 4784 (45)
2322 4712 2602 4787 Θεράπων.
2637 4715 2755 4769 Hoc
2781 4714 2959 4787 etiam
2981 4731 3015 4770 a
3036 4714 3343 4787 Clemente
3373 4717 3538 4770 Rom.
3573 4716 3758 4772 abest.

2108 4784 2400 4860 Additum
2416 4784 2654 4860 videtur
2682 4801 2753 4860 ex
2798 4785 3088 4860 Hebrtug,
3122 4789 3191 4839 5:
3243 4785 3350 4860 Καὶ
3398 4791 3635 4856 Μωϋσῆς
3664 4787 3760 4860 μὲν

2107 4857 2296 4918 πιστὸς
2325 4855 2376 4909 ἐν
2411 4853 2530 4925 ὅλῳ
2558 4852 2808 4926 τῷ-οῗκῳ
2834 4855 3002 4908 αὐτοῦ
3035 4854 3108 4916 ὡς
3142 4855 3414 4925 θεράπων.

2181 4929 2294 5000 (46)
2325 4923 2975 5000 Φωνήν...’διακονῆσαι.
3033 4929 3166 4982 Ηωο
3205 4923 3294 4983 ab
3354 4929 3758 4986 Alexandrino

2109 4998 2311 5055 nostro
2334 5000 2558 5073 inserta
2589 5014 2707 5073 non
2737 4998 3004 5070 agnoscit
3034 5001 3333 5055 Romanus
3359 5018 3373 5068 ;
3401 5008 3467 5056 ut
3490 5018 3600 5057 nec
3626 5019 3757 5073 qua

2110 5088 2245 5127 mox
2274 5088 2343 5126 ex
2373 5072 2496 5124 Jac.
2537 5085 2612 5132 IV,
2646 5072 2697 5134 6,
2733 5075 3083 5140 sequuntur.

2181 5145 2291 5210 (47)
2320 5139 2485 5213 Ἐγώ.
2521 5140 2610 5213 De
2634 5140 2727 5195 his
2754 5139 2968 5213 verbis,
2998 5157 3124 5210 quae
3171 5158 3291 5197 non
3345 5148 3577 5198 exstant
3605 5143 3668 5198 in
3696 5144 3752 5200 S.

2107 5210 2451 5286 Scripturis.
2472 5211 2625 5286 conf.
2652 5228 2784 5282 quaa
2806 5210 3090 5268 adnotata
3120 5220 3259 5268 sunt
3281 5213 3390 5268 sub
3419 5215 3599 5270 finem
3623 5232 3751 5286 cap.

2110 5231 2451 5339 scripturis.
2472 5231 2625 5293 com.
2652 5231 2784 5282 quaa
2806 5231 3005 5266 aunou

2110 5288 2173 5340 17
2201 5286 2241 5339 C
2271 5289 2524 5340 ementis
2556 5284 2700 5338 Rom
2735 5326 2748 5349 ,
2791 5301 2846 5354 ρ,
2885 5286 3005 5338 156.

2180 5359 2287 5426 (48)
2335 5353 2434 5407 Ναὶ
2497 5354 2626 5422 μήν.
2687 5353 2826 5420 Quas
2885 5361 3219 5426 sequuntur
3276 5355 3459 5426 petita
3516 5360 3755 5411 suntex

2107 5427 2435 5497 Clementis
2460 5428 2651 5488 Rom.
2685 5444 2741 5497 p.
2780 5429 2900 5480 156.

2180 5501 2290 5571 (49)
2313 5496 2508 5571 νἈγίῳ.
2549 5493 2822 5554 Clemens
2878 5500 2969 5566 IL,
3001 5493 3228 5566 αἰωνίῳ.
3264 5495 3377 5551 Sed
3427 5493 3567 5570 ἁγίῳ
3598 5497 3756 5569 apud

346 5573 593 5647 spectat,
627 5568 790 5647 quod
817 5565 889 5647 de
918 5565 1130 5640 τριχῶν
1153 5567 1472 5647 καμηλεέων
1515 5565 1992 5647 πλέγμασιν-,ἰᾶσι

2113 5565 2322 5647 causa
2335 5565 2552 5647 exstat.

348 5635 572 5710 dictum
600 5635 708 5710 est.
746 5635 1328 5710 Neutrum'agnoscit
1357 5635 1727 5698 Clemens'R.

419 5709 530 5783 (43)
563 5709 883 5786 Γέγραπται.
919 5711 1058 5776 Ωιιω
1091 5709 1425 5783 sequuntur
1463 5729 1534 5768 ex
1568 5714 1758 5770 Veteri
1793 5714 1996 5771 Testa-

2177 5643 2289 5714 (50)
2318 5643 2566 5714 Ἔπειτα.
2603 5683 2617 5696 .
2650 5685 2663 5697 .
2699 5658 2854 5714 μετρ.
2903 5634 3168 5714 ἐπιφέρει.
3224 5637 3344 5692 Hoc
3397 5638 3470 5694 ab
3501 5638 3760 5695 Alexan-

2107 5713 2282 5771 drino
2314 5720 2517 5771 nostro
2547 5713 2839 5769 insertum
2862 5717 2971 5767 est.
