4004 6144
317 178 457 236 1343

1535 179 1940 242 CLEMENTIS
1977 179 2482 237 ALEXANDBINI

3590 177 3729 234 1344

313 307 657 362 trimentum
690 325 724 364 a
751 310 922 365 nobis
952 310 1280 381 accipiatis.
1319 313 1460 366 Nam
1485 328 1614 380 quae
1639 313 1728 364 est
1755 319 1936 360 secun

2083 299 2203 374 ρίαν
2233 302 2650 377 ἀμεταμέλητον
2703 304 2983 380 ἐργάζεται
3022 308 3155 378 (84)·
3190 307 3224 374 ἡ
3259 301 3317 360 δὲ
3360 308 3458 358 τοῦ
3513 304 3726 375 κόσμου

312 395 452 450 dum
485 398 668 451 Deum
694 399 952 466 tristitia,
988 400 1406 470 paenitentiam
1437 399 1512 454 ad
1549 400 1800 453 salutem
1824 412 1960 466 ope-

309 490 476 540 ratur
488 502 608 540 non
627 486 1029 556 pamitendam
1049 506 1062 553 ;
1081 490 1322 543 tristitia
1334 494 1530 543 autem
1547 487 1775 551 mundi,
1804 503 1964 540 mor-

310 578 428 628 tem
471 579 770 644 operatur.
805 577 1035 630 Etenim
1059 577 1116 630 id
1140 578 1349 648 ipsum,
1375 577 1531 648 quod
1555 575 1794 630 tristitia
1815 575 1961 628 affe-

311 663 387 717 cti
414 662 554 716 estis
578 663 907 719 secundum
932 666 1139 733 Deum,
1163 673 1450 737 quantum
1474 667 1534 720 in
1558 663 1727 720 nobis
1753 679 1962 734 opera-

311 751 483 805 batur
506 750 1451 820 studium,seddefensionem,sed
1467 753 1957 825 indignationem,

311 838 413 894 sed
448 839 744 908 timorem,
779 841 881 895 sed
931 841 1316 911 desiderium,
1349 843 1453 898 sed
1493 843 1960 908 zemulationem,

311 927 412 981 sed
439 927 780 982 vindictam.
819 928 882 983 In
914 930 1075 984 omni
1105 931 1455 986 exhibuistis
1488 948 1586 985 vos
1627 936 1820 985 castos
1851 945 1958 982 ne-

304 1017 461 1088 gotio
481 1017 616 1086 (a).»
631 1018 763 1071 Haec
778 1024 916 1072 sunt
928 1019 1366 1074 exercitationis
1378 1021 1657 1091 gnosticze
1675 1035 1960 1091 prmexer-

306 1107 644 1161 citamenta.
681 1109 971 1172 Quoniam
1001 1114 1198 1164 autem
1230 1111 1383 1164 Deus
1413 1111 1538 1180 ipse
1581 1111 1958 1180 omnipotens

308 1216 334 1242 ‹‹
351 1194 674 1250 deditalios
693 1196 932 1266 quidem
948 1198 1266 1268 apostolos,
1287 1198 1434 1252 alios
1447 1216 1580 1252 vero
1613 1199 1956 1270 prophetas,

309 1283 457 1338 alios
485 1289 685 1338 autem
718 1286 1130 1357 evangelistas,
1164 1287 1314 1342 alios
1349 1293 1540 1343 autem
1603 1294 1868 1358 pastores
1900 1294 1959 1343 et

309 1374 601 1439 doctores,
635 1375 708 1430 ad
739 1377 1165 1448 perfectionem
1195 1379 1648 1446 sanctorum,ad
1677 1396 1826 1450 opus
1843 1379 1958 1432 mi-

306 1462 535 1518 nisterii
557 1463 631 1518 ad
661 1465 1118 1522 mdiﬂcationem
1177 1468 1440 1538 corporis
1468 1468 1704 1536 Christi,
1767 1467 1956 1522 donec

307 1568 683 1607 occurramus
716 1570 923 1609 omnes
957 1556 1017 1609 in
1045 1557 1333 1611 unitatem
1367 1556 1504 1610 ﬁdei
1550 1562 1607 1611 et
1635 1556 1955 1629 agnitionis

2076 390 2223 461 λύπη
2277 395 2502 455 θάνατον
2553 394 2961 468 κατεργάζεται.
3024 391 3164 449 Ἰδοὺ
3222 394 3321 468 γάρ
3382 393 3510 448 αὐτὸ
3560 398 3721 449 τοῦτο

2070 480 2132 533 τὸ
2164 483 2299 535 κατά
2349 483 2476 536 Θεὸν
2537 480 2851 553 λυπηθῆναι
2909 487 3051 554 ὑμᾶς
3108 480 3282 552 πόσην
3332 485 3716 557 κατειργάσατο

2072 567 2202 640 ὑμῖν
2250 569 2532 641 σπουδήνς
2592 570 2738 627 ἀλλά
2786 573 3101 647 ἀποκογίαν,
3160 571 3306 627 ἀλλά
3335 572 3716 648 ἀγανάκτησιν,

2070 655 2218 711 ἀλλά
2261 654 2453 732 φόϐον,
2511 658 2656 715 ἀλλά
2712 657 3059 730 ἐπιπόθησιν,
3111 657 3257 714 ἀλλά
3317 658 3510 728 ζῆλον,
3571 658 3718 714 ἀλλά

2070 745 2369 816 ἐκδίκησιν·
2434 749 2486 804 έν
2562 751 2723 806 παντὶ
2803 753 3160 821 συνεστήσατε
3232 750 3452 811 ἑαυτοὺς
3519 752 3717 824 ἁγνοὺς

2069 837 2314 910 εἶναιτῷ
2362 843 2806 914 πράγματι
2861 863 2886 890 ››
2941 843 3125 896 Ταῦτα
3179 843 3485 914 γνωστικῆς
3546 840 3716 908 ἀσκή-

2067 947 2202 989 σεως
2233 929 2716 1003 προγυμνάσματα.
2750 930 2900 984 Ἐπεὶ
2955 927 3012 983 δὲ
3060 931 3087 983 ὁ
3136 931 3525 1004 παντοκράτωρ
3584 930 3714 990 Θεὸς

2069 1019 2182 1088 (86)
2214 1016 2374 1079 αὐτὸς
2408 1013 2666 1073 «ἔδωκεν
2708 1018 2838 1080 τοὺς
2901 1019 2994 1090 μὲν
3046 1016 3410 1085 ἀποστόλους,
3471 1017 3598 1080 τοῦς
3660 1016 3717 1072 δὲ

2066 1108 2368 1180 προφήτας,
2427 1106 2554 1168 τοῦς
2605 1105 2662 1161 δὲ
2707 1107 3115 1183 εὐαγγελιστάς,
3170 1106 3300 1168 τοῦς
3361 1105 3416 1162 δὲ
3448 1109 3715 1179 ποιμένας

2064 1197 2154 1250 καὶ
2187 1194 2564 1265 διδασκάλους,
2599 1197 2733 1272 πρὸς
2780 1200 2872 1252 τὸν
2930 1198 3295 1271 καταρτισμὸν
3351 1202 3461 1251 τῶν
3519 1198 3715 1271 άγίων,

2066 1283 2142 1345 εἰς
2172 1279 2326 1359 ἔργον
2361 1283 2658 1354 διακονίας,
2693 1284 2770 1347 εἷς
2819 1281 3120 1356 οῗκοδομήν
3165 1289 3261 1338 τοῦ
3312 1285 3566 1357 σώματος
3618 1289 3716 1338 τοῦ

2066 1374 2334 1447 Χριστοῦ,
2387 1375 2554 1448 μέχρι
2597 1375 3004 1446 καταντήσομεν
3063 1372 3258 1436 πάντες
3314 1376 3424 1445 (87)
3485 1372 3562 1436 εἷς
3612 1373 3714 1441 τὴν

2065 1457 2293 1531 ἑνότητα
2347 1469 2446 1530 τῆς
2491 1462 2724 1523 πίστεως
2767 1461 2857 1516 καὶ
2906 1468 3006 1530 τῆς
3056 1461 3402 1536 ἐπιγνώσεως
3439 1465 3538 1515 τοῦ
3587 1459 3715 1516 ι’ἱοῦ

2064 1554 2160 1604 τοῦ
2190 1549 2324 1605 Θεοῦ
2356 1554 2490 1622 (88),
2539 1549 2614 1612 εἴς
2641 1547 2809 1625 ἄνδρα
2837 1547 3071 1614 τέλειον,
3123 1549 3198 1611 εἷς
3253 1552 3449 1623 μέτρον
3491 1549 3717 1620 ἡλικίας

3413 1637 3431 1670 1.

307 1639 406 1694 Dei
448 1640 600 1707 Filii,
635 1641 695 1695 in
728 1642 916 1696 virum
940 1644 1286 1714 perfectum,
1320 1645 1382 1698 in
1398 1659 1740 1699 mensuram
1764 1645 1941 1700 aetatis

2062 1644 2159 1694 τοῦ
2217 1637 2592 1715 πληρώματος
2643 1642 2740 1694 τοῦ
2799 1642 3057 1713 Χριστοῦ·
3121 1661 3146 1690 ι
3209 1637 3496 1693 σπευστέον
3541 1639 3718 1693 ἀπαν-

302 1728 693 1798 plenitudinis
723 1731 938 1785 Christi
971 1733 1083 1802 (b);
1120 1755 1148 1781 »
1181 1733 1562 1800 studendum,
1594 1739 1659 1786 ut
1686 1734 1949 1804 gnostice

299 1817 407 1870 viri
437 1817 752 1873 evadamus
783 1825 841 1872 et
870 1835 1048 1890 quam
1080 1821 1334 1876 maxime
1373 1822 1772 1892 perﬁciamur,
1807 1822 1946 1877 dum

300 1906 493 1960 adhuc
519 1907 578 1959 in
606 1923 782 1961 carne
795 1923 1104 1962 manemus
1126 1926 1138 1972 ;
1165 1915 1222 1962 et
1239 1909 1496 1978 perfecta
1517 1911 1612 1965 hic
1633 1910 1951 1964 concordia

301 2001 357 2049 et
387 1995 778 2048 consensione
827 1994 1116 2065 degendo,
1154 1995 1514 2050 meditemur
1542 2014 1678 2051 cum
1706 1998 1806 2050 Dei
1839 2015 1946 2052 v0-

296 2082 522 2135 luntate
545 2097 919 2150 concurrere,
951 2082 1024 2136 ad
1050 2083 1485 2138 restitutionem
1515 2100 1648 2138 vere
1670 2085 1945 2155 perfectae

296 2169 622 2225 nobilitatis
649 2174 708 2224 et
736 2170 1105 2242 cognationis
1136 2172 1197 2225 in
1233 2191 1260 2221 «
1293 2171 1728 2242 plenitudinem
1777 2173 1941 2227 Chri-

297 2260 412 2324 sti;
447 2282 474 2308 »
503 2275 633 2329 quas
667 2281 694 2308 «
727 2259 1139 2330 perfectione»
1175 2266 1378 2315 nostra
1407 2261 1675 2316 absolute
1709 2263 1945 2332 perfici-

299 2352 412 2404 tur.
444 2350 632 2417 Atque
652 2347 780 2418 jam
812 2348 1132 2414 cernimus,
1167 2366 1424 2420 quanam
1456 2350 1686 2405 ratione
1708 2355 1767 2404 et
1797 2367 1941 2420 quo-

292 2437 467 2491 modo
491 2442 549 2490 et
570 2435 808 2507 quando
829 2457 852 2487 ι
879 2437 1204 2508 perfectum
1230 2459 1256 2488 »
1279 2438 1424 2493 dicit
1443 2439 1676 2494 divinus
1698 2442 1945 2511 Aposto-

292 2525 473 2593 lus,et
498 2530 564 2580 ut
584 2525 980 2596 perfectorum
1004 2526 1264 2582 ostendit
1294 2528 1679 2584 differentias.
1710 2530 1780 2582 Et
1807 2546 1940 2583 rur-

291 2632 426 2670 sus:
462 2637 490 2664 «
539 2615 868 2685 Unicuique
927 2615 1100 2670 datur
1129 2617 1526 2672 manifestatio
1558 2618 1807 2688 Spiritus
1866 2618 1939 2672 ad

291 2704 644 2770 utilitatem;
678 2703 778 2758 alii
810 2704 1051 2773 quidem
1081 2704 1254 2759 datur
1284 2721 1390 2775 per
1418 2705 1693 2776 spiritum
1744 2723 1937 2761 sermo

292 2792 598 2862 sapientiai
631 2836 646 2858 ,
703 2792 804 2846 alii
866 2793 1110 2862 quidem
1168 2810 1361 2847 sermo
1413 2794 1676 2849 scientia;
1727 2811 1938 2850 secun-

291 2881 432 2934 dum
494 2880 769 2934 eumdem
829 2881 1132 2950 spiritum,
1183 2881 1354 2936 alteri
1415 2883 1562 2936 ﬁdes
1611 2884 1672 2937 in
1724 2884 1934 2939 eodem

286 2969 518 3040 spiritu,
577 2968 676 3023 alii
739 2973 938 3022 autem
987 2969 1188 3039 gratias
1242 2971 1559 3026 sanitatem
1614 2973 1675 3026 in
1729 2973 1936 3028 eodem

287 3059 518 3130 spiritu,
605 3058 707 3112 alii
783 3074 917 3114 vero
1000 3062 1376 3131 operationes
1446 3062 1751 3133 virtutum,
1832 3063 1934 3118 alii

285 3147 617 3218 prophetia,
677 3147 777 3202 alii
837 3149 1114 3204 discretio
1173 3151 1512 3220 spirituum,
1567 3151 1668 3206 alii
1719 3169 1937 3224 genera

285 3238 643 3307 linguarum,
675 3237 775 3291 alii
807 3242 1004 3292 autem
1038 3239 1449 3310 interpretatio
1482 3240 1840 3312 linguarum.
1872 3241 1935 3304 ἤ(

285 3326 496 3380 Omnia
526 3331 723 3381 autem
757 3327 880 3381 haec
913 3334 1194 3397 operatur
1232 3345 1386 3383 unus
1419 3335 1507 3383 est
1555 3329 1715 3384 idem
1748 3331 1930 3400 Spiri-

287 3421 398 3481 tus,
434 3415 702 3471 dividens
733 3433 1000 3470 seorsum
1050 3417 1373 3486 unicuique
1403 3424 1578 3487 prout
1624 3419 1747 3472 vult
1775 3420 1866 3489 (c).
1901 3441 1928 3469 ››

284 3506 420 3568 Qum
471 3521 604 3559 cum
656 3505 738 3559 ita
782 3522 842 3559 se
883 3504 1158 3570 habeant,
1193 3505 1495 3575 prophetae
1527 3507 1769 3574 qnidem
1797 3524 1933 3578 per-

284 3592 419 3646 fecti
455 3599 593 3647 sunt
625 3594 684 3647 in
719 3594 1049 3664 prophetia,
1093 3593 1240 3663 justi
1271 3598 1468 3648 autem
1506 3594 1564 3647 in
1587 3594 1841 3664 justitia,
1875 3602 1935 3650 et

286 3687 574 3750 martyres
606 3682 666 3735 in
699 3682 1094 3747 confessione,
1123 3681 1222 3735 alii
1246 3687 1444 3738 autem
1469 3683 1530 3736 in
1563 3683 1934 3753 praedicatio-

285 3787 376 3834 ne,
413 3787 532 3824 non
563 3777 834 3840 expertes
883 3770 1125 3840 quidem
1168 3772 1449 3825 virtutum
1499 3774 1930 3840 communium,

283 3858 386 3911 sed
419 3864 704 3929 praetereo
738 3859 1098 3913 excellentes
1121 3859 1181 3912 in
1216 3859 1308 3924 iis,
1343 3860 1415 3913 ad
1444 3877 1574 3930 quas
1607 3867 1748 3915 sunt
1772 3863 1933 3917 ordi-

2062 1726 2320 1803 δροῦσθαι
2351 1725 2666 1802 γνωπικῶς
2705 1727 2795 1782 καὶ
2819 1725 3161 1791 τελειοῦσθαι
3221 1727 3296 1789 ὡς
3355 1727 3438 1782 δτι
3474 1726 3717 1800 μάλιστα

2060 1813 2138 1870 ἐτι
2187 1816 2239 1869 έν
2289 1816 2446 1891 σαρκὶ
2487 1816 2909 1888 καταμένοντας,
2963 1815 3023 1869 ἐκ
3070 1823 3170 1885 τῆς
3227 1815 3441 1878 τελείας
3500 1815 3716 1872 ἐνθένδε

2059 1903 2442 1982 ὁμοφροσύνης
2475 1905 2877 1978 μελετήσαντας
2915 1902 3239 1978 συνδραμεῖν
3294 1911 3374 1978 τῷ
3432 1903 3714 1978 θελήματι

2054 1997 2152 2046 τοῦ
2183 1997 2316 2046 Θεοῦ
2347 1993 2424 2056 εἷς
2446 1994 2544 2061 τὴν
2587 1993 3014 2048 ἀποκατάστασιν
3045 1996 3143 2061 τῆς
3194 1998 3275 2066 τῷ
3323 1991 3437 2049 ὄντι
3496 1991 3714 2055 τελείας

2056 2081 2327 2154 εὐγενείας
2359 2102 2416 2135 τε
2465 2082 2555 2135 καὶ
2612 2082 2912 2156 συγγενείας
2943 2082 3018 2144 εἰς
3074 2106 3102 2133 ‹‹
3160 2083 3222 2137 τὸ
3279 2081 3561 2156 πλήρωμα
3607 2085 3711 2137 τοῦ

2057 2170 2312 2243 Χριστοῦ,
2346 2195 2373 2220 ››
2417 2170 2481 2224 τὸ
2531 2169 2589 2225 ἐκ
2642 2195 2662 2221 ι
2697 2176 3074 2246 καταρτισμοῦ
3105 2195 3132 2222 ››
3179 2171 3408 2234 τελείως
3459 2172 3709 2246 ἀπηρτι-

2053 2257 2271 2330 σμένον.
2305 2255 2445 2328 Ἤδη
2481 2263 2794 2334 συιορῶμεν
2828 2259 2936 2328 ὅπη
2971 2259 3060 2313 καὶ
3109 2259 3262 2322 ὅπως
3312 2262 3402 2316 καὶ
3451 2261 3615 2316 ὁπότε
3677 2263 3710 2316 ὁ

2053 2352 2196 2410 θεῖος
2226 2345 2562 2408 Ἀπόστολος
2609 2349 2702 2402 τὸν
2751 2373 2778 2398 ‹‹
2820 2346 3031 2402 τέλειον
3069 2372 3096 2398 ››
3127 2349 3308 2420 λέγει,
3353 2351 3443 2403 καὶ
3493 2349 3566 2411 ὡς
3620 2370 3716 2404 τε-

2053 2434 2215 2490 λείων
2265 2433 2514 2509 ἐμφαίνει
2573 2433 2857 2512 διαφοράς.
2906 2433 3074 2489 Πάλιν
3105 2455 3164 2488 τε
3193 2435 3278 2489 αὖ·
3323 2438 3570 2509 Ἐκάστῳ
3625 2435 3713 2491 δί-

2053 2521 2204 2578 δοται
2249 2526 2284 2593 ἡ
2335 2522 2634 2601 φανέρωσις
2660 2527 2756 2578 τοῦ
2807 2521 3116 2595 Πνεῦματος
3144 2523 3283 2596 πρὸς
3309 2526 3373 2578 τὸ
3401 2527 3716 2602 συμφέρον·

2051 2611 2097 2685 ᾧ
2129 2613 2224 2685 μὶν
2256 2613 2356 2686 γάρ
2386 2609 2591 2667 δίδοται
2622 2609 2712 2666 διὰ
2736 2615 2834 2666 τοῦ
2877 2609 3187 2683 πνεύματος
3234 2611 3399 2686 λόγος
3450 2617 3561 2684 (89)
3615 2635 3719 2667 σο-

2051 2703 2197 2779 φίας,
2223 2699 2380 2774 ἄλλῳ
2429 2698 2487 2756 δέ
2536 2697 2703 2771 λόγος
2749 2701 2999 2774 γνώσεως
3047 2699 3183 2754 κατά
3207 2701 3268 2755 τὸ
3298 2700 3429 2756 αὐτὸ
3459 2706 3718 2774 πνεῦμα,

2049 2791 2216 2863 ἑτέρῳ
2258 2791 2438 2852 πίστις
2492 2789 2542 2845 έν
2589 2793 2670 2860 τῷ
2716 2789 2862 2860 αὐτῷ
2911 2787 3196 2861 πνεύματι,
3248 2787 3407 2861 ἄλλῳ
3433 2787 3491 2843 δὲ
3537 2791 3717 2866 χαρί-

2050 2901 2228 2952 σματα
2275 2883 2388 2952 (90)
2433 2878 2677 2952 ἰαμάτων
2727 2877 2779 2932 έν
2808 2881 2888 2949 τῷ
2916 2877 3062 2949 αὖτῷ
3090 2877 3380 2950 πνεύματι,
3428 2876 3589 2950 ἄλλῳ
3649 2877 3716 2935 δὶ

2049 2967 2391 3042 ἐνεργήματα
2439 2964 2744 3038 δυνάμεων,
2794 2962 2951 3037 ἄλλῳ
2999 2964 3328 3042 προφητεία,
3370 2964 3529 3038 ἄλλῳ
3582 2964 3714 3022 διά-

2048 3079 2226 3132 κρισις
2280 3058 2625 3129 πνευμάτων,
2683 3054 2850 3129 έτέρῳ
2905 3055 3032 3130 γένη
3079 3054 3368 3130 γλωσσῶν,
3430 3055 3586 3128 ἄλλῳ
3641 3054 3707 3112 δὲ

2048 3146 2310 3220 ἑρμηνεία
2364 3147 2652 3220 γλωσσῶν·
2714 3144 2890 3198 πάντα
2920 3141 2977 3197 δὲ
3033 3148 3201 3198 ταῦτα
3260 3144 3470 3218 ἐνεργεῖ
3523 3146 3586 3198 τὸ
3639 3143 3704 3200 ἓν

2045 3238 2134 3292 καὶ
2191 3236 2255 3291 τὸ
2307 3235 2440 3290 αὐτὸ
2495 3231 2731 3306 Πνεῦμα,
2779 3230 3027 3306 διαιροῦν
3084 3230 3198 3304 ⁴ἰδίᾳ
3251 3233 3461 3305 έκάστῳ
3516 3234 3704 3296 καθὼς

2049 3323 2324 3401 βούλεται.
2360 3347 2386 3374 ››
2421 3326 2513 3377 Ὧν
2558 3323 2736 3385 οὕτως
2767 3321 3029 3395 ἐχόντων,
3088 3323 3140 3376 οἱ
3175 3322 3269 3394 μὶν
3303 3329 3577 3399 προφῆται
3638 3321 3695 3376 ἐν

2042 3415 2349 3489 προφητείᾳ
2375 3409 2600 3480 τέλειοι,
2651 3412 2702 3464 οἱ
2763 3407 2965 3464 δίκαιοι
2998 3407 3055 3464 δὲ
3098 3408 3150 3464 έν
3203 3407 3544 3484 δικαιοσύνῃ,
3601 3411 3697 3464 καὶ

2044 3505 2096 3558 οἱ
2157 3503 2423 3576 μάρτυρες
2465 3499 2516 3554 ἐν
2578 3499 2870 3572 ὁμολογίᾳ,
2921 3496 3090 3554 ἄλλοι
3145 3497 3203 3554 δὲ
3255 3499 3307 3553 ἐν
3356 3501 3693 3574 κηρύγματι,

2043 3592 2143 3646 οὐκ
2169 3590 2458 3662 ἀμέτοιχοι
2512 3589 2608 3660 μὲν
2664 3593 2770 3642 τῶν
2811 3591 3009 3641 κοινῶν
3040 3588 3266 3662 ἀρετῶν,
3299 3593 3694 3660 κατορθοῦντες

2044 3679 2102 3734 δὲ
2158 3679 2209 3733 ἐν
2257 3679 2336 3739 οἷς
2371 3677 2697 3751 ἐτάχθησαν·
2759 3675 2874 3730 ἐπεὶ
2903 3675 2987 3736 τίς
3048 3673 3106 3728 ἃν
3164 3677 3220 3730 εὖ
3278 3681 3489 3750 φρονῶν
3547 3674 3692 3730 εἶ’ποι

2039 3770 2131 3825 τὸν
2164 3769 2460 3844 προφήτων
2491 3765 2552 3820 οὐ
2585 3763 2794 3820 δίκαιον
2820 3809 2833 3831 ,
2863 3764 2922 3817 Τί
2954 3765 3094 3838 γάρ;
3129 3765 3258 3840 οὐχὶ
3289 3765 3378 3819 καὶ
3409 3767 3460 3818 οί
3492 3763 3692 3820 δίκαιοι

2043 3859 2224 3930 ὥσπερ
2255 3851 2505 3930 Ἀϐραὰμ
2531 3856 2904 3930 προφήτευσεν
2937 3858 3080 3924 (91);

284 3948 426 4002 nati.
463 3949 602 4012 Quis
635 3949 794 4002 enim
826 3965 983 4002 sanie
1013 3948 1231 4002 mentis
1261 3949 1491 4013 dixerit,
1529 3951 1877 4020 prophetam
1909 3969 2027 4008 non
2057 3967 2187 4007 esse
2216 3950 2444 4020 justum
2465 3947 2493 4001 ‘l
2521 3945 2671 4010 Quid
2703 3945 2881 4011 enim,
2916 3961 3035 3999 non
3060 3944 3209 4016 justi
3241 3962 3499 4014 quoque,
3536 3945 3695 4000 sicut

282 4037 592 4105 Abraham,
625 4037 1057 4108 prophetarunt
1076 4036 1102 4090 ‘I

357 4143 563 4198 Bellica
591 4160 830 4213 namque
859 4146 998 4198 Deus
1029 4144 1180 4197 dedit
1205 4142 1334 4198 huic
1366 4151 1428 4197 ut
1475 4161 1702 4200 munera
1733 4148 1928 4214 obiret,

355 4216 458 4269 Illa
489 4222 550 4268 ut
579 4215 824 4274 saltaret.
857 4215 1076 4269 cithara
1105 4221 1377 4284 cantuque
1406 4223 1642 4271 sonaret.

281 4330 363 4384 ait
395 4332 703 4385 Homerus.
737 4353 763 4378 «
797 4329 905 4383 Sed
947 4329 1358 4399 unusquisque
1404 4329 1580 4384 habet
1623 4333 1930 4403 proprium

283 4419 504 4474 donum
533 4436 567 4474 a
600 4421 716 4474 Deo
745 4437 758 4484 ;
794 4419 890 4472 hic
921 4418 1162 4488 quidem
1195 4418 1300 4482 sic,
1334 4417 1433 4472 ille
1466 4436 1602 4473 vero
1636 4419 1719 4474 sic
1750 4421 1867 4490 ((1);
1903 4443 1930 4469 ››

348 4571 411 4633 ›ι‹
441 4573 501 4624 Ρ.
535 4572 641 4625 625
667 4571 776 4624 ΕΙ).
813 4571 1105 4632 POTTER,
1141 4570 1245 4621 528
1276 4569 1384 4621 ΕΙ).
1416 4570 1644 4624 PARIS.

279 4643 413 4696 Cor.
452 4659 554 4705 ιιι,
589 4646 640 4708 7,
675 4644 727 4710 8,
757 4645 810 4708 9,
846 4644 928 4707 10,
969 4642 1052 4694 li.
1133 4640 1205 4709 (d)
1238 4641 1260 4692 Ι
1291 4640 1421 4693 Cor.
1455 4656 1551 4706 v11,
1581 4645 1632 4695 7.

353 4797 461 4865 (84)
491 4795 828 4868 Ἐργάζεται.
859 4797 907 4848 II
934 4796 1063 4868 Cor.
1098 4792 1640 4868 vn,‘xa1spya':Es1ai.

351 4863 922 4938 (35)Τῷ’πράγματι.
977 4866 1072 4935 Τῷ
1124 4863 1424 4938 πράγματι⁷
1469 4866 1735 4938 agnoscit
1788 4881 1924 4938 cum

279 4939 579 4993 Clemente
604 4940 1075 5008 vetusinterpres
1102 4953 1114 4990 :
1149 4937 1250 4991 sed
1279 4954 1411 4991 cum
1441 4937 1928 5008 prinposhabent

281 5010 412 5062 libri
447 5009 596 5080 vulg.
631 5006 680 5059 ἐν
724 5012 802 5077 τῷ
829 5007 1128 5080 πράγματι.
1161 5006 1446 5080 _SYLBURG.

350 5083 457 5146 (86)
515 5078 574 5133 '0
627 5078 1008 5150 παντοκράτωρ
1073 5078 1222 5136 Θεὸς.
1284 5082 1500 5150 Nempe
1535 5080 1818 5143 Christus,
1854 5080 1925 5135 de

279 5169 393 5221 quo
426 5151 597 5204 verba
629 5150 767 5221 facit
799 5151 1114 5221 Apostolus
1146 5150 1356 5219 Ephes.
1392 5167 1463 5217 ιν,
1503 5153 1587 5205 Η.

348 5226 453 5290 (87)
487 5220 907 5288 Καταντήσομεν
938 5220 1148 5281 πάντες.
1207 5221 1443 5290 Ephes.,
1501 5222 1926 5292 καταντήσωμεν

279 5311 328 5344 οι
357 5312 567 5352 πάντες.

349 5367 454 5433 (8.3)
511 5370 622 5431 Τῆς
680 5360 1018 5434 ἐπιγνώσεως
1079 5359 1359 5434 τοῦ-Υίοῦ
1417 5365 1512 5434 τοῦ
1559 5366 1712 5418 Θεοῦ.
1767 5364 1920 5418 Flor.

277 5435 415 5487 edit.
440 5430 745 5508 duplicem
775 5430 1089 5508 lectionem
1115 5430 1798 5508 ὴᾶῢςιπῇςηέπιγνώσεως
1826 5438 1922 5486 τοῦ

275 5509 429 5556 Θεοῦ·
491 5502 566 5574 et,
624 5509 722 5568 τῆς
777 5502 1123 5574 ἐπιγνώσεως
1180 5505 1276 5554 τοῦ
1317 5503 1443 5554 ι”ιοῦ
1474 5502 1570 5557 τοῦ
1603 5509 1755 5559 Θεοῦ·
1792 5523 1921 5577 quae

275 5594 406 5629 cum
446 5579 503 5631 in
537 5596 714 5634 unam
746 5578 1007 5634 confusae
1052 5579 1271 5643 essent,
1322 5590 1426 5642 ego
1486 5592 1618 5631 eam
1683 5585 1922 5633 secutus

1721 4573 1797 4642 (a)
1830 4572 1879 4624 II
1909 4571 2037 4626 Cor.
2073 4588 2167 4636 vn,
2205 4573 2252 4637 1,
2286 4573 2337 4634 9,
2378 4571 2458 4635 ίΟ,
2496 4571 2580 4622 11.

2110 4142 2302 4216 Ἄλλῳ
2337 4142 2433 4216 μὲν
2457 4141 2560 4216 γὰρ
2591 4137 2760 4216 ἔδωκε
2789 4139 2918 4216 Θεὸς
2948 4135 3415 4216 τῖεὲλεμήΐαέργαρ

2133 4163 2302 4214 ΑΛΛῳ
2337 4163 2432 4269 ἵεν
2457 4163 2560 4216 γαρ
2591 4163 2760 4195 εοωκε
2789 4163 2918 4200 σεος
2948 4163 3168 4211 ποΛεμη
3183 4163 3231 4192 ια
3260 4163 3415 4213 εργα,

2111 4213 2304 4287 Ἄλλῳ
2372 4215 2382 4231 ’
2413 4212 2712 4288 ὀρχηστῦν,
2741 4212 2907 4286 ἑτέρῳ
2936 4210 3145 4282 κίθαριν
3168 4211 3258 4264 καὶ
3289 4210 3509 4282 ἀοιδήν,

2037 4332 2286 4402 Ὅμηρος
2348 4327 2511 4401 λέγει·
2567 4353 2593 4376 ‹‹
2630 4323 2788 4381 Ἀλλ’
2836 4321 3058 4386 ἕκαστος
3108 4321 3244 4378 ἴδιον
3293 4320 3408 4399 ἔχει
3445 4327 3694 4401 χάρισμα

2043 4418 2148 4473 ἀπὸ
2193 4421 2344 4472 Θεοῦ⁶
2382 4417 2409 4470 ὁ
2443 4415 2537 4487 μὲν
2571 4415 2768 4484 οὕτως,
2811 4415 2839 4468 ὁ
2873 4410 2929 4467 δὲ
2978 4413 3171 4474 οὕτως·
3203 4437 3228 4463 ››
3286 4415 3337 4467 οἱ
3389 4413 3690 4470 ἀπόστολοι

2660 4568 2731 4636 (b)
2763 4567 2975 4637 Ephes.
3011 4584 3082 4633 IV,
3143 4571 3229 4633 H,
3267 4571 3352 4636 i2,
3392 4572 3475 4622 13.
3557 4572 3632 4641 (c)
3666 4571 3686 4626 Ι

2038 4810 2191 4858 sum,
2225 4809 2354 4864 qua)
2385 4792 2447 4846 in
2479 4793 2645 4864 Yulg.
2681 4791 3069 4864 Biblqexstat.
3105 4793 3377 4848 SYLBURG.

2107 4865 2219 4934 (89)
2243 4857 2470 4934 Ἀίδοταᾼι
2499 4857 2711 4916 διάντοῦ
2741 4883 2802 4917 π.
2834 4857 2888 4916 λ.
2952 4863 3117 4934 vulg.
3169 4864 3291 4934 Bib.
3342 4867 3364 4918 Ι
3395 4866 3526 4921 Cor.
3579 4884 3682 4934 xu,

2035 4930 2409 5007 concinnius,
2443 4930 2532 4987 διὰ
2559 4937 2655 5007 τοῦ
2682 4930 3230 5007 πνεύματος-δέδοται
3263 4932 3518 5007 λόγος,οῐ
3547 4930 3684 4993 η]οκ

2035 5006 2202 5082 ἑτέρῳ
2251 5005 2308 5060 δὲ
2349 5005 2562 5082 πίστις’.
2605 5006 2766 5082 dein,
2806 5004 2963 5082 ἄλλῳ
2981 5003 3046 5082 δὲ
3073 5003 3399 5082 προφητεία,
3436 5007 3594 5080 ἄλλῳ
3626 5007 3683 5062 δὲ

2036 5073 2314 5152 διάκρισις
2359 5075 2701 5148 πνευμάτων,
2754 5073 3206 5152 έτέρῳίδὲὴγένή
3248 5073 3536 5151 γλωσσῶν·
3567 5073 3682 5136 ’ὶῐι-

2035 5158 2191 5205 serta
2221 5151 2441 5220 ubique
2469 5151 2910 5221 conjunctione.
2946 5151 3008 5203 A.
3041 5151 3314 5206 SYLBURG.

2102 5225 2212 5290 (90)
2244 5220 2591 5293 Χαρίσματα.
2628 5221 2791 5293 Vulg.
2830 5220 2976 5285 Bib.,
3012 5221 3278 5293 χάρισμα·

2105 5294 2216 5362 (91)
2274 5295 2716 5366 Προεφήτευσεν.
2777 5296 2964 5366 Forte
2999 5294 3216 5366 rectius
3272 5296 3678 5366 προεφήτευσαν

2033 5349 2384 5445 ριίις.ἠιιῂι.
2419 5349 2683 5445 Sequens
2734 5363 3166 5445 Homelilocus
3198 5349 3387 5445 exstat
3419 5349 3577 5420 lliad.

2032 5436 2264 5507 in‘fine‘.
2301 5437 2460 5492 εγω.
2501 5469 2562 5507 -Αῖ
2594 5437 2812 5507 Nempe
2840 5453 2893 5491 ν.
2928 5436 3049 5507 739ἔ
3094 5437 3286 5507 Mox,l
3319 5437 3447 5491 Cor.
3483 5455 3571 5500 vn,
3608 5441 3679 5490 7:

2034 5503 2189 5580 ’ᾼλλ’
2235 5501 2655 5580 εκάστοςῌῗδιον
2713 5499 2961 5580 ίάρισμα
3018 5499 3134 5578 ἔχει
3193 5503 3251 5559 ἐκ
3299 5512 3453 5560 Θεοῦ·
3488 5499 3681 5578 ὃςίμὶν

2032 5575 2226 5645 οὕτως,
2256 5578 2318 5640 ’ὀς
2349 5576 2409 5632 δῖ».
2439 5575 2633 5638 οὕτως.
