4004 6144
246 276 391 334 1345

1587 280 2038 338 STROMATUM
2072 280 2208 334 LIB.
2250 280 2345 333 ιν.

3521 279 3665 336 1346

255 395 314 452 δὲ
344 396 398 452 ἐν
429 398 560 453 πάσι
591 395 1329 475 πεπληρωμένοιΈὺρήσεις
1357 405 1511 476 γοῦν,
1542 402 1608 471 ἢν
1642 400 1903 473 θελήσης,

2023 401 2275 474 apostoli
2305 405 2504 456 autem
2533 401 2699 457 fuere
2744 400 2907 473 pleni
2945 400 3007 457 in
3051 403 3349 460 omnibus.
3394 406 3666 461 Invenies

252 487 314 541 ἐκ
342 492 454 542 τῶν
484 488 729 562 πράξεων
781 488 871 543 καὶ
926 492 1034 543 τῶν
1086 489 1529 565 συγγραμμάτων
1553 490 1750 560 αὐτῶν,
1806 491 1904 559 τήν

250 580 479 651 γνῶσιν,
509 576 602 630 τὸν
637 576 776 650 βίον,
835 577 898 630 τὸ
938 578 1221 652 κήρυγμα,
1252 580 1351 648 τήν
1385 576 1758 649 δικαιοσύνην,
1806 580 1906 647 τήν

250 656 488 739 ἁγνείαν,
522 665 622 733 τήν
656 665 1012 741 προφητείαν.
1046 668 1245 723 ’ἰστέον
1310 667 1518 741 μέντοι,
1576 668 1662 723 ὅτι
1714 667 1760 722 εἰ
1818 668 1907 722 καὶ

250 753 282 809 ὁ
315 750 533 815 Παῦλος
557 758 673 815 τοῖς
710 754 933 828 χρόνοις
993 753 1191 825 νεάζει,
1240 755 1442 820 εὐθέως
1500 758 1637 830 μετὰ
1663 757 1765 825 τὴν
1811 760 1907 811 τοῦ

255 842 458 917 Κυρίου
484 841 757 915 ἀνάληψιν
790 841 1059 916 ἀκμάσας·
1121 843 1249 900 ἀλλ’
1306 845 1396 900 οὖν
1448 848 1482 915 ἡ
1516 847 1702 924 γραφὴ
1759 844 1907 917 αὐτῷ

252 930 313 985 ἐκ
355 937 457 999 τῆς
504 929 748 994 Παλαιᾶς
792 931 1026 1005 ἢρτηται
1086 935 1383 1005 Διαθήκης,
1432 934 1632 998 ἐκεῖθεν
1682 934 1909 989 ἀναπνέ-

251 1040 388 1074 ουσα
416 1019 506 1073 καὶ
538 1017 802 1075 λαλοῦσαο
854 1022 889 1089 ἡ
945 1021 1047 1096 γὰρ
1099 1022 1175 1084 ιίς
1235 1023 1467 1095 Χριστὸν
1520 1023 1699 1085 πίστις
1726 1023 1817 1077 καὶ
1869 1024 1905 1092 ἡ

249 1106 348 1164 τοῦ
380 1108 716 1185 Εὐαγγελίου
746 1113 948 1185 γνῶσις
1007 1109 1259 1185 ἐξήγησίς
1317 1111 1428 1167 ἐστι
1481 1112 1571 1167 καὶ
1603 1116 1698 1166 τοῦ
1735 1112 1906 1184 νόμου

246 1197 538 1273 πλήρωσις
570 1200 697 1271 (92)·
728 1197 818 1252 καὶ
850 1195 939 1253 διά
965 1202 1126 1254 τοῦτο
1170 1200 1380 1273 εἴρηται
1433 1206 1552 1265 τοῖς
1609 1195 1906 1277 Ἑϐραίοις·

243 1309 279 1359 ,ι
311 1287 434 1343 Ἐάν
485 1287 563 1360 μὴ
622 1286 970 1359 πιστεύσητε,
1020 1287 1081 1342 οὐ
1145 1289 1221 1361 μὴ
1272 1290 1389 1363 (93)
1446 1296 1665 1359 συνῆτε·
1721 1313 1750 1341 ››
1780 1309 1906 1343 του-

248 1375 452 1443 τὲστιν,
486 1374 574 1429 ἐὰν
610 1377 685 1448 μὴ
719 1375 1044 1446 πιστεύσητε
1079 1380 1158 1449 τῷ
1217 1374 1306 1432 διὰ
1363 1379 1539 1451 νόμου
1596 1397 1904 1453 προφητευο

250 1463 395 1527 θέντι
425 1465 515 1519 καὶ
576 1463 677 1519 ὑπὸ
736 1465 910 1538 νόμου
973 1467 1336 1537 θεσπισθὲντι,
1390 1467 1456 1522 οὐ
1507 1469 1765 1537 συνήσετε
1804 1468 1903 1536 τὴν

248 1555 527 1624 Διαθήκην
573 1555 673 1623 τὴν
702 1556 967 1625 Παλαιὰν,
999 1551 1067 1623 ἤν
1112 1555 1274 1620 αὐτὸς
1318 1556 1455 1611 κατά
1479 1557 1579 1624 τὴν
1611 1553 1752 1611 ἰδίαν
1783 1554 1904 1628 ἐξη-

248 1643 320 1717 γή
332 1663 460 1697 σατο
491 1645 810 1718 παρουσίαν.

2020 491 2241 561 itaque,
2294 490 2342 544 si
2390 488 2671 557 volueris,
2722 506 2791 544 ex
2850 506 3056 545 eorum
3100 491 3262 546 Actis
3302 497 3360 547 et
3406 494 3663 566 scriptis,

2020 597 2227 637 eorum
2286 579 2708 652 cognitionem,
2757 580 2958 647 vitam,
3017 581 3522 652 praedicationem,
3562 585 3664 655 ju-

2019 670 2262 737 stitiam,
2292 668 2645 736 castitatem,
2678 670 3070 741 prophetiam.
3097 670 3416 725 Sciendum
3450 676 3538 726 est
3557 689 3664 727 au-

2018 764 2159 823 tem,
2192 757 2348 829 quod
2380 757 2491 813 etsi
2519 758 2738 813 Paulus
2795 759 2873 813 sit
2918 764 3184 830 tempore
3233 760 3547 827 recentior,
3601 766 3665 815 ut

2018 849 2118 919 qui
2133 847 2333 902 statim
2349 846 2620 902 ﬂoruerit
2630 853 2765 918 post
2779 847 3015 902 Domini
3030 864 3268 920 assump
3277 849 3518 916 tionem;
3535 849 3584 920 ej
3595 865 3663 904 us

2016 940 2218 989 tamen
2249 935 2543 1006 scriptura
2568 934 2792 1006 pendet
2822 951 2893 990 ex
2936 936 3126 991 Veteri
3164 937 3558 1003 Testamento,
3589 936 3661 991 il-

2018 1023 2139 1078 linc
2170 1028 2229 1077 et
2257 1023 2491 1094 spirans
2524 1028 2582 1077 et
2606 1023 2876 1093 loquens.
2911 1025 3055 1079 Nam
3089 1024 3236 1080 fides
3254 1024 3315 1079 in
3336 1025 3658 1096 Christum,

2021 1118 2078 1167 et
2106 1111 2404 1184 Evangelii
2435 1111 2715 1183 cognitio,
2740 1117 2830 1167 est
2850 1113 3163 1184 expositio,
3213 1118 3272 1167 et
3298 1113 3445 1185 legis
3468 1113 3660 1169 adim-

2016 1200 2220 1271 pletio,
2254 1206 2310 1255 et
2339 1199 2472 1254 ideo
2506 1199 2728 1255 dictum
2755 1206 2844 1256 est
2866 1200 3127 1257 Hebraeis
3152 1218 3165 1258 :
3192 1224 3220 1252 ι(
3248 1202 3371 1257 Nisi
3393 1201 3662 1257 credide—

2015 1288 2166 1355 ritis,
2200 1305 2322 1343 non
2349 1288 2694 1360 intelligetis
2714 1290 2791 1361 (α)
2817 1306 2830 1356 ;
2862 1311 2890 1339 ››
2918 1290 3030 1345 hoc
3053 1295 3160 1356 est,
3185 1290 3300 1346 nisi
3325 1293 3376 1345 ei
3400 1291 3661 1346 credide-

2014 1378 2167 1443 ritis,
2202 1377 2303 1448 qui
2333 1393 2440 1448 per
2469 1376 2661 1449 legem
2691 1383 2782 1433 est
2812 1378 3129 1449 praadictus
3179 1385 3239 1435 et
3265 1397 3301 1435 a
3348 1379 3493 1452 legis
3523 1396 3660 1435 ora-

2016 1466 2149 1521 culo
2183 1472 2271 1522 est
2301 1465 2687 1538 signiﬁcatus,
2719 1483 2841 1522 Lon
2880 1467 3223 1540 intelligetis
3258 1470 3432 1523 Vetus
3461 1470 3659 1524 Testa-

2017 1560 2308 1624 mentum,
2339 1554 2498 1625 quod
2530 1554 2657 1626 ipse
2701 1572 2808 1627 per
2835 1557 3138 1628 prapriam
3191 1558 3463 1628 exposuit
3507 1574 3659 1629 prae-

2019 1646 2292 1701 sentiam.

1737 1788 1969 1843 CAPUT
2002 1786 2175 1841 XXII.

252 1889 579 1956 Perfectum,
611 1904 705 1943 seu
736 1903 857 1942 vere
901 1890 1208 1957 gnosticum
1249 1905 1424 1959 neque
1465 1893 1611 1943 metu
1659 1902 1891 2012 permit);
1913 1901 2234 2011 negzéewspe
2280 1888 2511 1957 prmii
2565 1889 2811 1956 ofﬁcium
2838 1890 3043 1957 facere,
3070 1890 3165 1944 sed
3212 1891 3379 1946 solius
3429 1893 3557 1947 boni
3606 1899 3657 1947 et

1720 1976 1798 2012 nu
1823 1975 1850 2012 c
1894 1974 1946 2012 η
1973 1973 2032 2011 ιη
2061 1974 2121 2011 ιιι
2146 1973 2202 2011 u.

1714 1973 1946 2029 putcnn
1973 1973 2202 2011 mnum.

318 2090 381 2149 Ὀ
407 2087 475 2159 δὴ
508 2090 705 2144 συνιὼν
746 2091 835 2146 καὶ
869 2088 1178 2166 διορατικὸς
1218 2091 1374 2154 οὗτός
1403 2090 1545 2146 ἐστιν
1586 2092 1615 2146 ὁ
1666 2112 1905 2167 γνωστι-
1936 2094 1985 2159 Β

247 2182 370 2242 κός.
397 2182 594 2252 ’Ἑρ-(ον
630 2176 688 2234 δὲ
716 2178 882 2234 αὐτοῦ
915 2178 1024 2254 οὐχ
1060 2181 1095 2249 ἡ
1131 2180 1320 2255 ἀποχή
1377 2185 1483 2235 τῶν
1528 2183 1709 2235 κακῶν
1764 2179 1903 2251 [ἐπι.

252 2264 428 2343 ϐάθρα
455 2268 557 2344 γὰρ
588 2267 723 2337 αὕτη
778 2276 1070 2344 προκοπῆς
1129 2270 1393 2344 μεγίστης
1453 2273 1609 2344 (94)],
1643 2267 1767 2345 σιξδέ
1800 2270 1907 2342 μὴν

249 2361 426 2410 ποιεῖν
452 2378 505 2411 τι
565 2356 787 2432 ἀγαθὸν,
845 2356 969 2426 ἢτοι
1030 2354 1119 2413 διὰ
1170 2353 1359 2435 φόϐον·
1422 2360 1720 2434 γέγραπται
1776 2360 1901 2435 γάρ·

251 2469 279 2496 ‹‹
316 2449 425 2499 Ποῦ
457 2445 608 2520 φύγω
640 2447 770 2519 (95),
820 2446 909 2500 καὶ
957 2450 1063 2501 ποῦ
1122 2442 1472 2522 κρυϐήσομαι
1531 2448 1636 2502 ἀπὸ
1684 2448 1904 2523 προσώ-

249 2555 356 2589 που
386 2555 481 2589 σου
516 2554 530 2604 ;
560 2536 685 2591 Ἐὰν
715 2530 897 2590 ἀναϐῶ
929 2534 1006 2600 εἷς
1050 2537 1143 2591 τὸν
1177 2536 1428 2611 οὐρανὸν,
1480 2536 1543 2590 σὺ
1575 2535 1688 2591 ἐκεῖ
1717 2536 1780 2590 εἴ·
1814 2533 1901 2589 ἐὰν

251 2620 474 2688 ἀπέλθω
505 2628 615 2694 (96)
648 2621 722 2684 εἷς
753 2625 819 2677 τὰ
858 2620 1059 2698 ἔσχατα
1106 2631 1207 2693 τῆς
1260 2623 1557 2694 θαλάσσης,
1606 2622 1720 2677 ἐκεῖ
1748 2625 1781 2692 ἡ
1816 2619 1904 2677 δε-

256 2712 343 2782 ξιά
373 2731 487 2766 σου·
523 2710 612 2766 ἐὰν
666 2707 887 2766 καταϐῶ
936 2711 1011 2774 εἰς
1071 2709 1362 2781 ἀϐύσσους,
1421 2712 1533 2766 ἐκεῖ
1576 2710 1639 2766 τό
1696 2712 1908 2785 πνεῦμά

252 2820 370 2854 σου·
408 2824 434 2850 ›)
459 2797 584 2855 ἀλλ’
617 2798 741 2854 οὐδὲ
773 2798 844 2854 δι’
874 2798 1071 2854 ἐλπίδα
1098 2808 1269 2873 τιμῆς
1298 2799 1902 2877 ἐπηγγελμένηςοεῗρη-

249 2910 339 2945 ται
371 2888 496 2963 γάρ·
533 2911 561 2939 ‹‹
595 2884 733 2941 Ἰδοὺ
763 2888 965 2962 Κύριος
996 2892 1131 2961 (97),
1162 2890 1254 2943 καί
1300 2890 1328 2943 ὁ
1388 2889 1575 2962 μισθὸς
1604 2889 1769 2944 αὐτοῦ
1799 2890 1905 2945 ἀπὸ

254 2978 563 3051 προσώπου
593 2976 782 3049 αὐτοῦ,
811 2973 1102 3031 ἀποδοῦναι
1135 2976 1342 3050 ἑκάστῳ
1372 2978 1507 3033 κατά
1534 2979 1601 3033 τὰ
1630 2973 1763 3054 ἔργα
1808 2979 1903 3034 αὖ·

244 3071 367 3121 τοῦ·
402 3062 437 3120 ἅ
460 3063 748 3144 ὀφθαλμὸς
779 3065 879 3121 οὐκ
935 3063 1091 3138 εἶδεν,
1147 3066 1237 3121 καὶ
1285 3065 1377 3129 οὗς
1407 3066 1506 3122 οὐκ
1534 3064 1783 3140 ἤκουσεν,
1817 3069 1906 3124 καὶ

248 3153 336 3208 ἐπὶ
368 3151 593 3229 καρδίαν
654 3155 943 3231 ἀνθρώπου
976 3156 1078 3210 οὐκ
1105 3149 1291 3225 ἀνέϐη,
1324 3152 1358 3209 ἄ
1386 3155 1683 3230 ἡτοίμασεν
1716 3157 1744 3211 ὁ
1775 3159 1906 3219 Θεὸς

249 3247 372 3304 τοῖς
403 3242 679 3317 ἀγαπῶσιν
711 3244 894 3298 αὐτόν·
920 3268 949 3296 ››
977 3244 1116 3317 μόνη
1146 3241 1191 3299 δ’
1276 3241 1347 3298 δι’
1376 3244 1593 3319 ἀγάπην
1626 3244 1903 3316 εὐποιία,ἡ

256 3330 329 3386 δι’
358 3332 487 3387 αὐτὸ
516 3334 579 3388 τὸ
607 3333 776 3389 καλὸν
796 3334 983 3408 αἳρετὴ
1005 3339 1085 3406 τῷ
1116 3334 1640 3408 γνωστικῷ.Δῦτίκα
1660 3334 1903 3411 ἐκπροσ-

2085 2091 2402 2156 Quorcirca
2433 2092 2534 2162 qui
2578 2091 2918 2164 intelligens
2949 2097 3008 2147 et
3054 2096 3363 2167 perspicax
3408 2101 3518 2165 est,
3565 2097 3662 2153 hic

2017 2196 2253 2252 quoque
2286 2185 2376 2235 est
2402 2181 2722 2253 gnosticus.
2757 2184 2858 2237 Est
2900 2187 3098 2237 autem
3140 2184 3268 2255 ejus
3300 2201 3448 2256 opus
3478 2202 3598 2241 non
3630 2203 3665 2241 a

2015 2269 2191 2324 malis
2220 2269 2552 2325 abtinentia
2581 2271 2670 2339 (ea
2702 2275 2791 2324 est
2822 2270 2979 2324 enim
3011 2270 3180 2339 quasi
3210 2271 3425 2343 gradus
3447 2272 3520 2327 ad
3543 2290 3666 2328 ma-

2006 2357 2205 2429 jorem
2236 2358 2609 2428 profectum),
2661 2357 2765 2411 sed
2813 2374 2925 2411 nec
2977 2356 3205 2427 aliquid
3253 2358 3393 2413 boni
3443 2360 3660 2430 facere,

2017 2445 2245 2500 scilicet
2273 2450 2515 2515 propter
2541 2448 2788 2498 metum.
2822 2445 3116 2516 Scriptum
3140 2450 3228 2501 est
3249 2447 3409 2502 enim
3435 2465 3448 2502 :
3481 2469 3507 2500 ιι
3535 2450 3658 2514 Quo

2012 2533 2258 2605 fugiam,
2293 2537 2351 2586 et
2378 2531 2479 2586 ubi
2509 2531 2841 2587 abscondar
2867 2548 2901 2587 a
2920 2532 3065 2587 lacie
3090 2538 3190 2589 tua
3210 2534 3238 2589 ?
3257 2534 3313 2588 Si
3336 2537 3660 2593 ascendere

2014 2621 2076 2675 in
2109 2620 2343 2686 cmlum,
2378 2624 2439 2674 tu
2470 2619 2595 2673 illic
2627 2636 2723 2686 es;
2773 2620 2821 2675 si
2871 2619 3071 2675 abiero
3103 2622 3176 2676 ad
3222 2628 3487 2680 extrema
3534 2642 3662 2681 ma-

2014 2710 2115 2777 ris,
2150 2708 2275 2763 illic
2301 2714 2390 2763 est
2410 2707 2654 2764 dextera
2681 2715 2782 2764 tua
2804 2725 2818 2775 ;
2853 2708 2903 2764 si
2927 2708 3287 2767 descendero
3306 2712 3369 2767 in
3389 2713 3657 2786 abyssos,

2015 2797 2139 2852 illic
2157 2796 2403 2868 spiritus
2420 2802 2557 2852 tuus
2579 2797 2677 2869 (b).
2699 2819 2725 2845 η
2749 2796 2861 2852 Sed
2877 2814 3071 2870 neque
3089 2806 3332 2871 propter
3344 2819 3507 2874 spem
3522 2821 3660 2874 pro-

2014 2887 2183 2943 missi
2200 2887 2445 2942 honoris
2467 2905 2481 2954 ;
2503 2887 2728 2944 dictum
2742 2896 2830 2945 est
2847 2891 3006 2948 enim
3029 2906 3041 2945 :
3064 2912 3088 2943 ιι
3110 2893 3256 2947 Ecce
3276 2892 3584 2961 Dominus,
3601 2899 3660 2949 et

2015 2992 2243 3032 merces
2272 2975 2402 3048 ejus
2418 2993 2453 3031 a
2466 2976 2616 3031 facie
2636 2977 2783 3048 ejus,
2804 2983 2869 3033 ut
2885 2978 3093 3034 reddat
3108 2979 3430 3052 unicuique
3448 2997 3662 3036 secun-

2016 3065 2156 3121 dum
2171 3081 2352 3137 opera
2363 3082 2469 3120 sua
2480 3067 2546 3135 (ο)
2563 3082 2575 3132 ;
2595 3082 2725 3136 quae
2739 3066 2946 3122 oculus
2962 3084 3083 3123 non
3096 3069 3260 3135 vidit,
3280 3074 3338 3124 et
3353 3070 3515 3125 auris
3538 3087 3659 3125 non

2015 3155 2262 3222 audivit,
2293 3160 2353 3210 et
2380 3155 2444 3208 in
2473 3171 2576 3210 cor
2602 3155 2863 3210 hominis
2894 3172 3015 3210 non
3058 3157 3477 3227 ascenderunt,
3529 3177 3660 3231 quae

2014 3243 2617 3319 praeparavitDeusiis
2632 3244 2733 3315 qui
2747 3244 2941 3316 ipsum
2962 3244 3330 3318 diligunt(d).
3356 3268 3384 3296 »
3404 3248 3538 3304 Sola
3557 3266 3664 3304 au-

2014 3338 2135 3387 tem
2162 3332 2577 3398 beneficentia,
2619 3350 2749 3403 quae
2780 3338 3024 3405 propter
3064 3334 3413 3390 charitatem
3440 3342 3499 3391 et
3525 3355 3665 3408 pro-

253 3421 408 3474 ώπου
432 3426 528 3476 τοῦ
557 3426 690 3478 Θεοῦ
709 3427 789 3496 τῶ
821 3422 1002 3499 Κυρίῳ
1035 3422 1583 3494 λέλεκται,‹‹Α⁹ίτησαι
1612 3423 1900 3500 παρ’ἐμοῦ,

2023 3427 2147 3493 pter
2174 3422 2369 3493 ipsum
2402 3422 2716 3477 honestum
2746 3422 2834 3490 ﬁt,
2867 3427 2956 3477 est
2984 3439 3019 3478 a
3048 3423 3173 3478 viro
3203 3424 3468 3495 gnostico
3490 3441 3664 3496 expe-

250 3507 341 3563 καὶ
374 3506 535 3565 δώσω
567 3531 651 3565 σοι
671 3508 796 3582 ἔθνη
819 3513 919 3581 τὴν
936 3511 1315 3587 κληρονομίαν
1349 3509 1638 3583 σουηιαῖτη
1651 3512 1797 3587 ματὸ
1814 3514 1905 3589 βα-

251 3597 614 3654 σιλικώτατον
650 3596 919 3655 διδάσκων
950 3600 1234 3670 αἰτεῖσθαι,
1290 3601 1389 3670 τὴν
1445 3605 1552 3656 τῶν
1604 3601 1903 3678 ἀνθρώπιον

251 3685 551 3761 σωτηρίαν,
585 3687 801 3759 ἀμισθὶ,
829 3687 921 3743 ’ίνα
950 3687 1016 3759 ὀὴ
1052 3691 1217 3762 ἡμεῖς
1274 3693 1791 3764 κληρονομήσωμεν
1824 3693 1914 3745 καὶ

258 3776 587 3848 κτησώμεθα
612 3776 702 3831 τὸν
740 3775 1243 3850 Κόριον.⁹¹Εμπαλιν
1277 3778 1404 3854 γὰρ,
1436 3779 1622 3855 χρείας
1640 3777 1918 3842 τινὸςὲνε-

260 3883 373 3933 κεν,
396 3861 485 3919 ’ἱνα
519 3885 613 3937 μοι
640 3861 765 3919 τόδε
797 3866 1043 3940 γενηται,
1100 3867 1190 3922 καὶ
1245 3864 1371 3922 τόδε
1413 3869 1487 3942 μή
1521 3869 1765 3943 γενηται,
1814 3873 1916 3935 τῆς

259 3950 570 4027 ἐπιστήμης
603 3952 843 4033 ἐφίεσθαι
872 3961 973 4024 τῆς
1003 3955 1127 4031 περὶ
1156 3958 1250 4012 τὸν
1286 3957 1438 4028 Θεὸν,
1481 3958 1582 4013 οὐκ
1602 3955 1745 4013 ’ίδιον
1776 3980 1915 4033 γνω-

257 4046 465 4097 στικοῦ·
498 4042 721 4118 ἀπόχρη
755 4040 802 4097 δ’
851 4043 997 4115 αὖτῷ
1044 4044 1191 4099 αἰτία
1247 4052 1344 4115 τῆς
1389 4048 1619 4121 θεωρίας
1648 4048 1683 4117 ή
1715 4052 1916 4123 γνῶσις

256 4128 418 4200 αὐτή.
452 4129 750 4203 Τολμήσας
782 4131 886 4206 γὰρ
919 4130 1128 4205 εἴποιμ’
1183 4131 1267 4203 ἂν,
1319 4135 1382 4189 οὐ
1436 4132 1525 4190 διὰ
1556 4137 1617 4191 τὸ
1650 4135 1914 4205 σώζεσθαὶ

264 4218 560 4294 βούλεσθαι
588 4220 687 4287 τὴν
742 4223 944 4293 γνῶσιν
979 4221 1259 4293 αἱρήσεται
1291 4223 1318 4276 ὁ
1343 4221 1411 4276 δι’
1444 4225 1614 4293 αὐτὴν
1644 4226 1744 4294 τήν
1771 4225 1913 4279 Θείαν

256 4305 569 4380 ἐπιστήμην
608 4308 854 4380 μεθέπων
886 4309 989 4377 τὴν
1021 4314 1242 4383 γνῶσιν·
1275 4312 1339 4364 τὸ
1394 4312 1488 4383 μὲν
1547 4313 1651 4388 γὰρ
1682 4320 1827 4369 νοεῖν
1860 4314 1917 4369 ἐκ

261 4397 641 4464 συνασκήσεως
669 4393 744 4458 εἷς
762 4396 825 4449 τὸ
847 4394 929 4450 ἀεὶ
958 4401 1101 4451 νοεῖν
1135 4395 1421 4453 ἐκτείνεται
1473 4401 1536 4455 τὸ
1568 4398 1634 4470 δὴ
1664 4401 1745 4456 ἀεὶ
1775 4408 1917 4459 νοεῖν

263 4481 421 4537 οὐσία
459 4487 557 4538 τοῦ
616 4483 1002 4559 γίνώσκοντος,
1060 4486 1196 4540 κατά
1253 4486 1539 4563 ἀνάκρασιν
1601 4487 1918 4547 ἀδιάστατον

259 4573 550 4647 γενομένη,
583 4573 673 4628 καὶ
705 4571 880 4636 ἀίδιος
929 4575 1150 4649 θεωρία,
1214 4580 1358 4645 ζῶσα
1417 4577 1711 4641 ὑπόστασις
1743 4581 1912 4651 μένει.

2017 3511 2216 3567 tenda.
2250 3512 2377 3566 1am
2406 3527 2540 3565 vero
2573 3526 2644 3565 ex
2671 3527 2932 3583 persona
2961 3512 3088 3579 Dei,
3137 3511 3387 3566 Domino
3416 3513 3663 3568 'dictum

2020 3598 2083 3662 ἄ(
2114 3604 2241 3654 est:
2276 3621 2303 3649 «
2336 3600 2474 3654 Pete
2504 3615 2539 3653 a
2572 3615 2685 3662 me,
2722 3602 2779 3651 et
2808 3597 2959 3652 dabo
2993 3597 3096 3651 tibi
3118 3601 3323 3670 gentes
3352 3598 3668 3655 haeredita-

2022 3692 2143 3742 tem
2167 3694 2328 3742 tuam
2357 3686 2426 3758 (ε)
2452 3703 2465 3740 :
2491 3708 2520 3735 »
2542 3685 2889 3757 petitionem
2906 3686 3161 3741 maxime
3184 3685 3426 3758 regiam,
3446 3686 3667 3743 docens

2024 3776 2337 3833 hominum
2370 3775 2621 3830 salutem
2649 3778 2851 3845 petere
2883 3774 3011 3829 sine
3037 3774 3331 3841 mercede,
3364 3782 3430 3831 ut
3454 3793 3565 3831 nos
3588 3777 3669 3831 si-

2024 3882 2160 3922 mus
2187 3863 2456 3919 hmredes
2502 3868 2560 3918 et
2605 3862 3014 3934 possideamus
3065 3864 3399 3919 Dominum.
3453 3865 3671 3920 Contra

2026 3955 2210 4022 enim,
2251 3953 2504 4024 alicujus
2552 3969 2696 4007 usus
2748 3951 2956 4024 gratia,
3005 3968 3221 4024 nempe
3271 3946 3337 4007 ut
3380 3953 3493 4009 hoc
3543 3954 3666 4022 ﬁat,

2024 4044 2115 4099 vel
2145 4043 2296 4098 illud
2324 4059 2442 4097 non
2479 4042 2600 4105 ﬁat,
2632 4056 2783 4111 eam,
2817 4056 2947 4111 qum
2978 4041 3134 4097 circa
3166 4042 3349 4096 Deum
3378 4047 3666 4110 versatur,

2027 4132 2366 4189 desiderare
2381 4130 2690 4186 scientiam
2701 4171 2713 4194 ,
2727 4145 2849 4183 non
2866 4129 3144 4185 convenit
3158 4130 3425 4202 gnostica
3438 4148 3451 4197 ;
3466 4146 3671 4185 verum

2027 4224 2079 4278 ei
2112 4239 2217 4294 pro
2244 4236 2423 4276 causa
2451 4217 2970 4289 contemplationis
2991 4218 3214 4273 sufﬁcit
3237 4220 3365 4291 ipsa
3393 4219 3671 4291 cognitio.

2026 4312 2231 4367 Ausim
2263 4309 2422 4364 enim
2454 4307 2670 4370 dicere.
2704 4323 2824 4361 non
2857 4323 2925 4361 eo
2956 4306 3113 4378 quod
3138 4307 3277 4362 velit
3302 4308 3496 4363 salvus
3518 4324 3670 4375 esse,

2027 4416 2163 4457 eum
2186 4398 2513 4454 electurum
2545 4396 2964 4469 cognitionem,
3007 4396 3107 4466 qui
3151 4396 3528 4467 persequitur
3568 4413 3669 4452 co-

2025 4489 2351 4563 gnitionem
2382 4491 2626 4558 propter
2654 4485 2843 4555 ipsam
2890 4483 3148 4539 divinam
3194 4485 3524 4540 scientiam.
3571 4486 3673 4540 In-

2025 4574 2354 4650 telligentia
2375 4574 2535 4629 enim
2552 4575 2835 4630 continua
2856 4573 3279 4629 exercitatione
3302 4574 3367 4628 fit
3386 4578 3673 4645 perpetua

262 4660 326 4717 Ei
354 4665 482 4735 γοῦν
513 4683 597 4725 τις
626 4665 745 4727 καθ’
774 4663 1027 4719 ὑπόθεσιν
1057 4664 1283 4739 προθείη
1315 4670 1393 4739 τῷ
1423 4672 1734 4741 γνωστικῷ,
1761 4669 1908 4723 πότε-

2024 4664 2440 4738 intelligentia.
2468 4665 2710 4735 Semper
2720 4667 2919 4718 autem
2933 4660 3285 4733 intelligere,
3306 4663 3566 4719 essentia
3582 4668 3672 4719 est

328 4844 392 4910 ᾧ
414 4846 486 4921 _P.
510 4847 612 4921 Q26
642 4847 751 4901 ED.
785 4847 1074 4916 POTTER,
1108 4851 1211 4904 529
1242 4851 1354 4905 ED.
1383 4849 1613 4905 PARIS.
1647 4848 1720 4921 (al
1754 4851 1863 4905 Isa.
1893 4867 1991 4917 vn,
2015 4852 2065 4904 9.
2092 4845 2355 4921 (1))Ρεειι.Δ
2379 4860 2649 4921 cxxxvm,
2678 4846 2819 4921 7,_8,
2853 4848 2907 4913 9,
2944 4848 3028 4900 10.
3056 4843 3130 4917 (c)
3155 4846 3265 4901 lsa.
3290 4861 3381 4912 xL,
3409 4843 3512 4916 10;
3535 4862 3668 4915 Lxll,

265 4918 322 4969 11
362 4930 376 4980 ;
410 4916 566 4971 Psal.
602 4934 713 4986 ιλιι,
747 4922 815 4972 12
843 4936 857 4985 ;
888 4922 1068 4991 Apoc.
1101 4938 1241 4986 xxii,
1271 4924 1377 4987 l2;
1411 4923 1578 4976 Rom.
1612 4915 1678 4989 ιι,
1701 4924 1754 4977 6.
1788 4922 1868 4993 (d)
1898 4924 1908 4977 ]

2023 4938 2084 4975 ιι.
2117 4915 2180 4986 ιι,
2212 4921 2266 4972 9.
2300 4916 2366 4987 (ο)
2390 4915 2607 4970 Psalm.
2643 4932 2706 4983 ιι,
2735 4918 2786 4970 8.

356 5096 450 5163 92)
479 5095 769 5224 ἘΞήγησίς
820 5098 930 5154 ἐστι
986 5099 1076 5155 καὶ
1107 5104 1203 5155 τοῦ
1236 5102 1412 5174 νόμου
1441 5097 1754 5177 πλήρωσις.
1789 5102 1913 5167 Vel,

362 5167 525 5224 γησίς
577 5188 659 5221 στι
701 5174 798 5224 τοῦ
828 5169 1003 5224 νόμον)
1033 5172 1123 5224 καὶ
1177 5171 1494 5224 πλήθωσις·
1550 5197 1578 5224 ‹‹
1637 5180 1726 5224 est
1769 5173 1913 5224 legis

265 5162 525 5250 ἒξήγησίς
549 5162 798 5250 ἐστι’τοῦ
828 5169 1003 5250 νόμος)
1033 5172 1123 5226 καὶ
1177 5162 1494 5250 πλήρωσις·
1545 5162 1578 5226 ὶὲ
1637 5162 1726 5230 est
1768 5162 1916 5246 legis

264 5241 553 5315 expositio
585 5245 656 5315 et_
673 5241 1041 5315 adimpletio.
1060 5266 1099 5315 ῃ

334 5311 445 5387 (ρει)
473 5310 550 5387 Οὐ
580 5311 680 5387 μή.
715 5310 959 5387 ιεαξγιι,
988 5311 1114 5387 οὐδὲ
1147 5315 1245 5387 μή.

338 5382 771 5458 (94)Μεγίστης.
834 5386 897 5439 ll.
957 5382 1525 5458 μεγίστηήοιιιίιιειι.
1586 5405 1726 5445 casu
1784 5405 1797 5443 :
1857 5393 1917 5444 et

261 5468 399 5507 mox
429 5459 598 5520 ποιεῖ,
629 5456 813 5512 indic.
846 5456 1048 5512 modo.
1078 5459 1349 5513 SYLBURG.

331 5524 443 5645 (95)
475 5526 587 5582 Ποῦ
617 5547 673 5603 φ.
710 5530 820 5581 Ποῦ
871 5528 1123 5600 πορευθῶ
1153 5525 1259 5581 ἀπὸ
1305 5531 1402 5582 τοῦ
1451 5530 1761 5603 πνεύματός
1795 5549 1913 5602 σου,

410 5596 518 5645 ἀπὸ
574 5603 671 5645 τοῦ
726 5597 1027 5645 προσώπου
1089 5618 1184 5645 σου
1242 5602 1349 5645 ποῖ’)
1404 5598 1557 5645 ωύνιιι
1620 5621 1632 5633 ο
1694 5604 1889 5645 βαιιΙιη

262 5596 353 5645 καὶ
410 5596 518 5652 ἀπὸ
574 5596 671 5653 τοῦ
726 5596 1027 5673 προσώπου
1089 5618 1184 5652 σου
1242 5602 1349 5653 ποῦ
1404 5598 1557 5676 φύγω
1592 5596 1633 5671 ’;
1694 5596 1912 5659 Ρεᾶιιῐιί

267 5680 495 5726 CXXXIX.

2098 5099 2210 5184 (9?)
2239 5094 2362 5184 ’Eﬁw
2394 5091 2587 5184 ἀπέλθ.
2621 5092 2741 5180 ’βὰν
2798 5087 3019 5184 καταϐῶ
3076 5093 3154 5158 είς
3206 5094 3298 5150 τὸν
3347 5093 3507 5184 ᾅδην,
3566 5094 3667 5183 ξά-

2022 5158 2126 5240 ρεί·
2161 5158 2247 5223 ἐάν
2281 5158 2542 5241 ἀναλάϐω
2596 5165 2691 5241 τας
2749 5164 3017 5241 πτέρυγάς
3053 5186 3184 5241 μμου
3240 5158 3386 5241 xc":
3407 5158 3550 5241 (scr.
3575 5161 3672 5241 ὄρ·-

2023 5234 2174 5317 θρον)
2206 5238 2296 5317 καὶ
2334 5236 2740 5317 κατασκηνώσω
2795 5234 2872 5301 εἷς
2927 5234 3018 5317 τᾷ.
3052 5234 3253 5317 ἔσχατα
3316 5234 3422 5304 τῆς
3466 5234 3671 5317 θαλάσ-

2024 5257 2174 5317 θρον)
2206 5258 2296 5293 και
2334 5257 2739 5306 κατασκηνωσω
2795 5257 2872 5301 εις
2927 5258 2996 5292 τα
3052 5258 3076 5292 ε
3156 5258 3253 5293 ατα
3316 5259 3413 5304 της
3466 5257 3670 5291 υαΑασ-

2024 5333 2148 5385 σης,
2178 5310 2267 5366 καὶ
2297 5308 2401 5385 γὰεσ
2419 5307 2601 5385 ἐκεῖὴ
2647 5308 2771 5384 χείρ
2821 5329 2917 5364 σου
2957 5257 3218 5385 ﬁngas:
3281 5328 3369 5381 με,
3416 5306 3505 5363 καὶ
3562 5328 3670 5362 κα-

2026 5378 2162 5456 esset
2196 5378 2322 5456 μεᾼῇ
2352 5378 2637 5456 δεξιάᾷσου.

2095 5449 2207 5529 (97)
2238 5449 2468 5529 ἸδοὺΑΚ.
2500 5454 2722 5529 Prester
2748 5453 2802 5508 S.
2832 5453 3151 5529 Scriptura;
3210 5450 3341 5529 loca
3359 5451 3671 5529 __superius

2023 5521 2223 5594 allata,
2255 5524 2410 5582 conf.
2427 5541 2558 5596 quea
2571 5523 2874 5580 adnotavit
2900 5521 3226 5596 Cotelerius
3257 5521 3329 5575 ad
3351 5521 3671 5577 Clementis

2023 5599 2271 5656 Romani
2304 5593 2576 5669 Epistolas
2595 5596 2813 5669 prioris
2844 5595 2918 5649 ad
2948 5593 3261 5648 Corinthios
3282 5609 3411 5664 cap.
3446 5596 3533 5647 34.
