4004 6144
381 264 518 320 1351

1617 263 2025 319 CLEMENTIS
2062 261 2568 319 ALEXANDBINI

3653 263 3780 319 1352

373 391 438 456 ἦ(
466 406 708 448 cessans
738 405 773 445 a
802 387 1097 457 sensibus,
1146 388 1513 445 convertitur
1543 389 1619 445 ad
1657 388 1937 460 seipsam,
1970 404 2000 442 e

2140 385 2253 458 χρὴ
2286 385 2377 439 καὶ
2408 385 2533 460 περὶ
2566 386 2796 450 θανάτου
2853 385 3146 459 ἐξακούειν·
3207 388 3460 456 ἑκάτερος
3500 387 3605 463 γὰρ
3632 384 3781 456 δηλοῖ

373 486 465 537 est
492 481 679 553 magis
713 501 741 529 «
768 478 1100 549 prudentia:
1130 498 1158 529 »
1187 480 1504 550 particeps.
1537 480 1860 550 Propterea
1890 492 2025 549 ergo

372 586 541 625 sacra
572 584 810 640 quoque
843 568 1127 637 mysteria
1152 568 1410 624 maxime
1432 573 1611 623 noctu
1644 568 1815 634 ﬁunt,
1845 566 2025 639 signi-

371 657 612 712 ﬁcantia
643 672 795 723 eam,
822 673 952 726 quae
986 660 1168 711 noctu
1195 657 1280 725 ﬁt,
1305 656 1517 711 animae
1549 673 1584 711 a
1613 672 1859 728 corpore
1889 672 2027 710 con-

368 747 745 802 tractionem.
783 768 807 798 α
842 748 921 802 Ne
952 745 1322 801 dormiamus
1354 746 1533 818 igitur
1561 752 1627 800 ut
1656 745 1894 816 reliqui,
1920 744 2025 799 sed

371 835 685 908 vigilemus
717 841 775 890 et
800 835 978 891 sobrii
1012 835 1218 891 simus.
1239 835 1348 900 Qui
1382 835 1541 890 enim
1571 834 1897 894 dormiunt,
1922 850 2022 887 no-

371 930 471 979 ctu
502 924 843 991 dormiunt;
879 928 937 979 et
967 923 1067 994 qui
1098 924 1492 991 inebriantur,
1517 928 1696 977 noctu
1726 922 2024 977 inebrian-

374 1018 490 1067 tur.
524 1015 639 1067 Nos
670 1017 891 1079 autem,
925 1028 1059 1067 cum
1092 1013 1281 1068 simus
1307 1012 1445 1080 diei,
1479 1012 1661 1067 sobrii
1693 1012 1900 1078 simus,
1927 1011 2021 1064 in-

367 1100 620 1156 duentes
640 1100 891 1156 loricam
917 1100 1055 1155 ﬁdei
1082 1107 1140 1155 et
1160 1101 1320 1156 chari
1331 1101 1486 1165 tatis,
1511 1106 1569 1155 et
1588 1100 1840 1172 galeam,
1858 1115 2023 1170 spem

368 1189 576 1245 salutis
598 1190 695 1260 (a).
729 1208 755 1239 »
795 1190 1173 1260 Quaacunque
1206 1194 1405 1244 autem
1451 1189 1656 1244 dicunt
1685 1188 1757 1243 de
1790 1204 2023 1255 somno,

367 1278 577 1333 eadem
602 1276 780 1332 etiam
805 1282 1041 1348 oportet
1057 1278 1338 1333 exaudire
1362 1277 1434 1333 de
1456 1282 1646 1332 morte
1669 1294 1681 1331 :
1702 1283 2021 1348 utrumque

366 1367 526 1421 enim
561 1366 858 1439 signiﬁcat
887 1366 1232 1422 abscessum
1265 1367 1520 1432 animae;
1567 1384 1729 1421 mors
1782 1366 2018 1437 quidem

371 1456 580 1529 magis,
614 1473 860 1511 somnus
918 1473 1055 1513 vero
1105 1457 1341 1524 minus;
1404 1457 1564 1528 quod
1609 1456 1851 1527 quidem
1882 1456 2024 1511 licet

367 1545 546 1601 etiam
569 1545 641 1600 ab
666 1544 959 1600 Heraclito
987 1545 1291 1616 accipere:
1318 1569 1345 1597 «
1372 1546 1557 1600 Homo
1581 1546 1642 1600 in
1660 1545 1867 1600 laetitia
1892 1551 2023 1599 tan-

362 1633 445 1705 git
470 1632 665 1688 lucem
700 1632 813 1688 sibi
856 1637 1150 1700 mortuus,
1204 1633 1575 1698 exstinctus;
1630 1633 1791 1687 vivus
1822 1637 2021 1687 autem

366 1721 557 1793 tangit
585 1726 907 1789 mortuum,
941 1720 1246 1776 dormiens
1267 1722 1593 1777 exstinctus
1615 1721 1841 1777 oculus.
1869 1721 2019 1793 Vigi-

363 1810 496 1865 lans
531 1810 718 1882 tangit
747 1810 1165 1865 dormientem.
1202 1811 1363 1865 Beati
1398 1811 1579 1876 enim,
1615 1810 1717 1881 qui
1748 1810 2022 1866 viderunt

360 1900 700 1966 Dominum,
724 1920 751 1948 ››
779 1915 849 1952 ex
872 1899 1169 1953 sententia
1189 1899 1453 1969 Apostoli
1476 1916 1489 1965 ;
1516 1921 1545 1949 ι(
1569 1899 1853 1969 quoniam
1877 1904 2020 1953 tem-

355 2004 470 2061 pus
502 1992 592 2041 est
612 1987 740 2056 jam
772 2002 879 2039 nos
904 2002 975 2040 ex
995 2001 1203 2039 somno
1229 2001 1467 2056 surgere
1493 2003 1507 2050 ;
1540 2002 1701 2040 nunc
1732 1986 1893 2041 enim
1928 1992 2017 2040 est

356 2074 602 2147 propius
651 2078 856 2127 nostra
898 2072 1081 2140 salus,
1116 2089 1294 2143 quam
1344 2072 1581 2142 quando
1622 2072 2008 2128 credidimus.

2133 475 2235 542 τήν
2264 473 2560 530 ἀπόστασιν
2591 483 2692 547 τῆς
2723 480 2934 553 ψυχῆς,
2967 480 2996 533 ὁ
3051 478 3145 552 μὲν
3185 475 3422 550 μᾶλλον.
3457 477 3486 531 ὁ
3520 474 3578 531 δὲ
3603 478 3774 546 ἥττον’

2134 561 2268 636 ὅπερ
2299 560 2410 616 ἐστὶ
2441 562 2529 617 καὶ
2571 565 2718 640 παρὰ
2769 564 3128 641 Ἡρακλείτου
3162 561 3373 621 λαϐεῖν·
3409 592 3439 620 ιι
3470 567 3780 639 Ἀνθρωπος

2135 648 2187 703 ἐν
2220 648 2537 727 εύφροσύηῃ
2585 673 2721 727 φαος
2780 656 3004 709 ἅπτεται
3063 655 3237 727 ἑαυτῷ
3286 655 3596 726 ἀποθανὼν,
3656 653 3782 708 ἄπο-

2132 732 2398 803 σϐεσθείς·
2434 745 2540 809 ζῶν
2571 738 2648 812 δὲ,
2711 742 2936 799 ἅπτεται
2991 746 3288 807 τεθνεῶτος
3339 742 3508 800 εὕδων
3561 739 3784 799 ἀποσϐεο

2134 828 2278 891 σθείς
2324 828 2494 902 ὄψεις
2544 829 2886 906 ἐγρηγορὼς,
2938 834 3159 888 ἅπτεται
3225 831 3477 895 εὕδοντος
3508 835 3641 907 (14).
3672 837 3780 888 Ma.-

2131 917 2313 991 κάριοι
2344 917 2445 994 γὰρ
2472 920 2525 973 οἱ
2554 917 2758 984 εἰδότες
2778 921 2870 976 τὸν
2895 920 3096 996 Κύριον
3124 926 3258 996 (15),
3289 946 3318 974 ››
3343 923 3480 977 κατά
3508 923 3600 977 τὸν
3624 921 3785 977 Ἀπό-

2134 1004 2329 1059 στολον
2385 1031 2411 1057 (ι
2446 1005 2528 1061 ὅτι
2557 1006 2672 1081 ὥρα
2732 1009 2870 1081 ὑμᾶς
2927 1012 3042 1082 (16)
3101 1007 3211 1081 ἤδη
3262 1010 3313 1080 ἐξ
3356 1010 3528 1066 ὕπνου
3560 1010 3782 1086 ἐγερθῆ-

2129 1112 2237 1148 ναι·
2270 1099 2360 1149 νῦν
2393 1097 2498 1172 γὰρ
2548 1095 2830 1173 ἐγγύτερον
2888 1101 3049 1171 ἡμῶν
3100 1101 3135 1168 ἡ
3184 1101 3447 1175 σωτηρία,
3478 1099 3514 1168 ἢ
3549 1099 3638 1155 ὅτε
3668 1099 3785 1155 ἐπι-

2132 1183 2448 1256 στεύσαμεν
2502 1188 2537 1254 ἠ
2592 1185 2684 1256 νὺξ
2740 1187 3070 1261 προέκοψεν,
3129 1191 3163 1258 ἡ
3217 1186 3274 1244 δὲ
3322 1188 3505 1260 ἡμέρα
3532 1186 3781 1264 ἤγγικεν.

2130 1273 2496 1345 ’Δποθώμεθα
2527 1273 2618 1328 οὖν
2678 1276 2743 1329 τὰ
2802 1275 2930 1351 ἔργα
2985 1276 3082 1331 τοῦ
3140 1277 3388 1340 σκότους·
3435 1275 3788 1352 ἐνδυσώμεθα

2132 1358 2190 1416 δὲ
2217 1361 2284 1416 τὰ
2312 1361 2458 1417 ὅπλα
2485 1367 2585 1417 τοῦ
2644 1364 2845 1437 φωτὸς.
2903 1365 3140 1441 Ἠμέραν
3177 1390 3205 1419 ››
3240 1363 3298 1421 δὲ
3325 1367 3416 1422 τὸν
3453 1367 3570 1422 υἱὸν
3605 1365 3787 1439 άλλη-

2130 1456 2287 1526 γορεῖ
2314 1451 2404 1506 καὶ
2436 1456 2569 1529 φῶς
2625 1452 2721 1515 τάς
2778 1474 2838 1508 τε
2895 1452 2961 1509 αὖ
3019 1454 3390 1532 παραγγελίας
3433 1481 3461 1509 ‹‹
3497 1454 3644 1511 ὅπλα
3674 1478 3792 1534 φω-

2130 1539 2242 1609 τὸς,
2301 1563 2330 1591 »
2390 1545 2789 1618 μεταφορικῶς,
2850 1542 3029 1618 Ταύτῃ
3087 1563 3176 1598 τοι
3231 1542 3603 1617 λελουμένους
3658 1547 3787 1621 φασὶ

2132 1624 2243 1684 δεῖν
2284 1628 2372 1683 ἐπὶ
2414 1630 2511 1691 τὰς
2563 1629 2866 1705 ἱεροποιίας
2914 1633 3004 1687 καὶ
3063 1632 3159 1696 τὰς
3206 1632 3370 1709 εύχὰς
3420 1632 3578 1702 ἶέναι,
3612 1645 3784 1697 καθα-

2130 1716 2260 1791 ροὺς
2289 1716 2379 1771 καὶ
2412 1715 2724 1791 λαμπρούς”
2776 1719 2865 1774 καὶ
2923 1724 3084 1776 τοῦτο
3148 1723 3244 1794 μὲν
3300 1717 3587 1794 συμϐόλου
3619 1721 3782 1798 χάριν

2126 1806 2387 1882 γίνεσθαι,
2439 1807 2503 1862 τὸ
2559 1803 2753 1879 ἔξωθεν
2812 1810 3187 1884 κεκοσμῆσθαί
3243 1831 3304 1866 τε
3357 1810 3452 1866 καὶ
3508 1812 3785 1886 ἡγνίσοαι.

2127 1894 2342 1970 Ἀγνεία
2373 1894 2430 1951 δὲ
2459 1895 2572 1952 ἐστι
2597 1903 2811 1975 φρονεῖν
2844 1898 2988 1954 ὅσια·
3048 1898 3140 1954 καὶ
3200 1896 3267 1969 δὴ
3312 1901 3402 1955 καί
3431 1903 3467 1970 ἡ
3501 1900 3661 1955 εἰκὼν
3689 1905 3786 1956 τοῦ

2127 1984 2501 2058 βαπτίσματος
2531 1982 2617 2056 εἴη
2670 1983 2756 2056 ἂν,
2809 1988 2900 2043 καὶ
2957 1990 2992 2058 ἡ
3054 1986 3115 2043 ἐκ
3171 1988 3447 2051 Μωϋσέως
3476 1986 3789 2065 παραδεδο-

2122 2072 2259 2143 μένη
2291 2078 2408 2134 τοῖς
2437 2080 2695 2145 ποιηταῖς
2727 2073 2834 2131 ὧδέ
2859 2095 3001 2139 πως*

356 2164 478 2216 Nox
509 2161 833 2233 praecessit,
865 2161 993 2215 dies
1022 2161 1533 2232 appropinquavit.
1562 2162 1938 2233 Deponamus
1987 2177 2121 2233 ergo
2171 2178 2353 2232 opera
2402 2164 2804 2233 tenebrarum,
2841 2172 2901 2222 et
2930 2167 3252 2224 induamur
3283 2187 3450 2226 arma
3497 2169 3652 2225 lucis
3684 2171 3781 2242 (ὸ).

359 2250 526 2306 Diem
557 2271 585 2300 »
615 2254 815 2305 autem
846 2249 1162 2322 allegorice
1195 2249 1337 2305 dicit
1368 2249 1560 2305 ﬁlium
1592 2255 1650 2304 et
1678 2250 1871 2306 lucem
1898 2267 1911 2316 ;
1947 2255 2005 2304 et
2042 2266 2247 2305 rursus
2295 2257 2613 2323 praecepta,
2667 2275 2696 2303 «
2729 2271 2897 2310 arma
2928 2256 3102 2324 lucis,
3135 2279 3163 2306 ››
3197 2258 3627 2329 metaphorice.
3662 2261 3783 2314 Hac

352 2339 584 2394 ratione
616 2338 822 2394 dicunt
850 2344 1123 2410 oportere
1156 2355 1265 2393 nos
1296 2338 1549 2406 ablutos,
1583 2339 1657 2395 ad
1687 2339 1981 2395 sacriﬁcia
2023 2343 2081 2393 et
2127 2354 2333 2410 preces
2382 2338 2466 2394 ire
2512 2341 2771 2397 mundos
2802 2348 2861 2397 et
2886 2343 3231 2414 splendidos
3257 2367 3271 2411 ;
3305 2350 3364 2400 et
3391 2346 3505 2401 hoc
3537 2346 3784 2417 quidem

353 2428 484 2483 ﬁeri
516 2426 771 2499 symboli
804 2427 1025 2500 signive
1056 2428 1264 2500 gratia,
1294 2444 1423 2483 esse
1456 2427 1684 2483 scilicet
1713 2428 2079 2483 extrinsecus
2109 2432 2384 2483 ornatum
2417 2433 2475 2482 et
2504 2429 2913 2485 emundatum.
2946 2432 3302 2487 Emundatio
3333 2439 3537 2489 autem
3571 2440 3683 2501 est,
3716 2452 3789 2491 ea

354 2533 486 2587 qum
518 2521 658 2571 sunt
687 2520 893 2571 sancta
922 2517 1122 2571 animo
1155 2517 1376 2587 agitare
1408 2521 1466 2571 et
1495 2517 1738 2573 sentire.
1788 2517 1940 2582 Quin
1988 2516 2166 2572 etiam
2215 2516 2406 2588 imago
2458 2533 2693 2587 quoque
2739 2516 2919 2571 fuerit
2970 2517 3385 2589 baptismatis;
3429 2539 3567 2592 qum
3599 2523 3785 2579 etiam

356 2620 390 2658 a
419 2606 614 2675 Moyse
646 2604 837 2675 poetis
871 2604 1085 2659 tradita
1108 2603 1221 2658 fuit
1250 2604 1361 2659 hoc
1390 2604 1567 2659 modo
1597 2621 1612 2660 :

421 2713 554 2766 Cum
609 2711 797 2767 hausit
853 2727 1079 2781 aquam,
1132 2712 1365 2766 mundos
1417 2718 1637 2781 gestans
1678 2714 1739 2766 in
1779 2728 2007 2783 corpore

1723 2784 1933 2854 [vestes,

354 2852 651 2924 Penelope
682 2852 757 2907 ad
781 2868 989 2923 preces
1018 2852 1199 2919 venit,

1138 2998 1154 3012 .
1200 2999 1213 3013 .
1258 2999 1272 3013 .
1318 2999 1331 3014 .
1377 3000 1390 3014 .
1418 2959 1927 3031 .Telemachusque:

421 3029 643 3085 Ablutis
698 3029 950 3083 manibus
998 3028 1220 3099 pelago,
1271 3031 1384 3086 edit
1434 3037 1564 3086 vota
1609 3028 1888 3087 Mineruam

349 3207 455 3264 Hic
479 3212 609 3262 erat
630 3224 760 3263 mos
781 3209 1139 3275 Iudaeorum,
1157 3214 1224 3264 ut
1244 3209 1421 3264 etiam
1448 3226 1602 3282 saape
1625 3211 1689 3264 in
1711 3209 1863 3265 lecto
1887 3211 2001 3265 tin-

349 3300 651 3369 gerentur.
686 3297 841 3352 Bene
873 3314 1011 3371 ergo
1042 3296 1192 3352 illud
1224 3314 1460 3368 quoque
1491 3298 1715 3354 dictum
1747 3305 1878 3354 eat:

598 3404 717 3459 Non
750 3404 966 3459 lavacro
996 3404 1230 3459 mundus
1261 3410 1394 3473 esto,
1425 3406 1521 3459 sed
1547 3408 1750 3462 animo.

419 3514 484 3579 ᾧ
502 3512 604 3566 Est
628 3511 789 3565 enim
810 3510 1166 3583 perfecta,ut
1185 3511 1890 3583 sentio,mundities,qum
1913 3516 2005 3567 est

347 3600 567 3654 mentis
625 3604 684 3654 et
737 3616 984 3671 operum
1025 3604 1083 3654 et
1136 3599 1579 3672 cogitationum,
1629 3606 1688 3655 et
1716 3606 2005 3673 praeterea

348 3687 644 3743 sermonis
676 3704 912 3759 quoque
944 3688 1274 3754 sinceritas,
1323 3693 1381 3743 et
1431 3694 1729 3760 postremo
1774 3689 1999 3761 peccati

344 3772 410 3830 in
437 3775 687 3831 somniis
736 3777 1016 3832 vacuitas.
1052 3778 1154 3831 Est
1195 3782 1396 3832 autem
1447 3778 1771 3845 sufﬁciens,
1805 3782 1872 3833 ut
1897 3794 2001 3850 ego

2033 2999 2077 3067 ϐ
2185 3030 2385 3104 Χεῖρας

2187 2710 2250 2765 ἰι
2284 2706 2332 2764 δ’
2363 2706 2718 2785 ὑδριναμὲνη,
2776 2713 2890 2784 (17)
2944 2712 3154 2788 καθαρὰ
3192 2712 3324 2789 χροΐ
3347 2712 3507 2787 Tum?
3542 2710 3778 2792 ἔχουσα·

2109 2854 2173 2910 Ἠ
2206 2851 2507 2923 Πηνελόπη
2537 2851 2625 2908 ἐπὶ
2654 2855 2753 2924 τήν
2786 2853 2956 2931 εὐχήν
2990 2848 3231 2930 ἔρχεταιο

2770 3031 2784 3052 ζ
2996 3005 3009 3017 .
3053 3000 3069 3016 .
3114 2959 3507 3052 ,χτηηλέμζαχος
3541 2961 3621 3034 δὲ,

2465 3031 2575 3103 (18)
2654 3031 2958 3104 νιψάμενος
3049 3029 3260 3103 πολιῆς
3325 3029 3554 3111 ’ἀλὸ-ςη
3590 3029 3779 3111 εὔχετ’

3445 3106 3691 3179 [Ἀθήνῇ

3445 3129 3460 3179 ι
3486 3129 3691 3181 nomn.

2111 3205 2275 3269 Ἔθος
2303 3209 2469 3260 τοῦτο
2501 3203 2801 3279 Ἰουδαίων,
2834 3207 2909 3271 ὡς
2937 3208 3027 3263 καὶ
3068 3208 3131 3263 τὸ
3179 3207 3453 3273 πολλάκις
3488 3210 3574 3267 ἐπὶ
3607 3211 3777 3286 κοίτῃ

2110 3293 2223 3367 (19)
2261 3292 2628 3369 βαπτίζεσθαι.
2659 3293 2735 3351 Εὗ
2764 3299 2894 3369 γοῦν
2925 3296 3141 3352 κάκεῖνο
3172 3296 3405 3375 εἷ’ρηται·

2359 3401 2498 3457 ’Ίσθι
2535 3401 2610 3472 μὴ
2645 3397 2886 3477 λουτρῷ,
2935 3401 3081 3458 ἀλλᾶ
3118 3404 3231 3476 νόῳ
3258 3405 3514 3481 καθαρός.

2109 3507 2328 3583 Ἀγνεία
2357 3505 2485 3581 γὰρ,
2511 3506 2690 3579 οἶμαι,
2741 3505 2927 3563 τελεία
2956 3510 2991 3578 ἠ
3022 3514 3120 3564 τοῦ
3150 3514 3267 3584 νοῦ,
3299 3512 3391 3567 καὶ
3420 3517 3531 3567 τῶν
3562 3510 3767 3588 ἔργων,

2109 3595 2338 3651 καὶτῶν
2370 3592 2775 3668 διανοημάτων,
2812 3597 2950 3673 πρὸς
2998 3595 3056 3652 δὶ
3100 3599 3190 3654 καὶ
3243 3605 3352 3656 τῶν
3403 3601 3588 3677 λόγων
3620 3601 3772 3657 εἴλι-

2108 3683 2336 3759 κρίνεια,
2367 3682 2458 3737 καὶ
2498 3680 2785 3738 τελευταῖα
2839 3686 2875 3755 ἡ
2935 3686 3072 3741 κατᾶ
3126 3689 3195 3742 τὰ
3248 3689 3468 3745 ἐνύπνια
3520 3690 3768 3765 ἀναμαρ-

2108 3773 2291 3843 τησία.
2323 3772 2500 3841 Ἱκανὴ
2535 3769 2613 3843 δὲ,
2664 3773 2842 3846 οἶμαι,
2891 3775 3168 3851 ἀνθρώπῳ
3214 3779 3472 3855 κάθαρσις
3506 3778 3770 3853 μετάνοια

410 3900 1711 3974 *r,§2sso.rorma,531Enpxnls.
1770 3904 1845 3974 (a)
1902 3903 1926 3956 I
1983 3904 2000 3958 ι

2127 3919 2185 3956 ιε.
2246 3916 2300 3967 v,
2351 3902 2404 3967 6,
2455 3899 2511 3966 7,
2567 3899 2619 3954 8.
2680 3899 2756 3971 (ὁ)
2808 3901 2976 3956 Rom.
3035 3920 3158 3973 xm,
3213 3909 3299 3973 11,
3351 3904 3624 3970 12.›Χ‹Ρ.
3657 3909 3764 3961 629

342 3973 456 4026 ED.
489 3972 781 4039 POTTER,
815 3973 1056 4026 531-532
1086 3974 1197 4027 ED.
1232 3974 1461 4029 PARIS.

417 4094 527 4173 (14)
555 4093 875 4173 ’Ἄνθρωπος
930 4093 980 4148 ἐν
1035 4094 1337 4173 εύφροσύνῃ
1378 4115 1429 4173 μιρ
1465 4137 1577 4173 ._
1616 4138 1627 4151 .
1664 4137 1676 4149 .
1718 4095 1989 4173 _<'1:1t£.‘§£‘tat

342 4162 619 4238 εὕδοντος.
679 4162 766 4238 In
805 4167 917 4238 hoc
972 4170 1074 4220 τοῦ
1110 4162 1417 4238 ’σκοτεινοῖὶ
1436 4167 1779 4238 philosophi
1809 4167 1991 4236 dicto,

342 4235 954 4316 Sylburgius_cdopovn
983 4256 1100 4316 pro
1120 4235 1746 4316 eoogoeﬁvp'substitui
1775 4238 1993 4316 debere

343 4259 688 4309 oywurgius
720 4259 954 4312 ευφρονῃ
983 4259 1088 4310 pro
1120 4259 1383 4316 ευφροσυν
1468 4259 1746 4294 sunsuwl
1775 4259 1989 4295 uenere

341 4309 631 4383 conjecit:
684 4309 822 4383 dein
867 4326 970 4383 pro
1015 4306 1182 4383 εὕδων
1230 4259 1588 4383 ἀποσῦὶεσθεῖς
1620 4305 1796 4383 ὄψεις.
1831 4310 1989 4366 Low-

339 4376 503 4435 thilis
536 4381 777 4456 mavult,
834 4376 1003 4456 εὕδων
1062 4381 1428 4456 ἐγρηγορότος
1488 4376 1733 4456 ἅπτεται.
1769 4383 1994 4456 Poterit

339 4456 539 4524 autem
572 4452 892 4524 leviuscule
925 4452 1237 4519 mutatum,
1271 4452 1356 4524 Sic
1407 4454 1583 4511 scribi
1632 4461 1694 4524 et
1736 4454 1987 4524 exponi:

337 4521 681 4596 ’.εινθρῳποςΔ
722 4521 991 4596 εὐφρόνης
1046 4497 1268 4596 ἅπτετάι
1326 4523 1377 4579 ἐν
1438 4523 1633 4594 ἑαυτῷ,
1676 4497 1987 4596 ἀποθίάνὼν,
2024 4497 2070 4560 D

338 4587 879 4664 φάοςᾴποσϐεσθείςσ
934 4587 1037 4664 ζῶν
1091 4593 1148 4650 δὲ
1192 4597 1415 4651 ἅπτεται
1445 4587 1760 4657 τεθνεῶτος.
1793 4587 1985 4649 εὕδωνί

337 4658 694 4743 ἀποσϐεσθεὶς
768 4658 961 4740 ὄψεις,⁷
1025 4666 1341 4743 ἐγρηγορὼς
1424 4668 1646 4743 ἅπτεται
1712 4663 1986 4743 εὕδοντος.

341 4736 580 4812 «_Homo
602 4736 870 4795 mortuus
890 4736 1126 4812 noctem
1145 4736 1203 4795 in
1228 4736 1289 4795 se
1316 4739 1520 4812 tangit.
1540 4739 1671 4794 luce
1692 4739 1985 4812 privatus;

338 4807 503 4883 vivus
535 4813 733 4883 autem
760 4811 1297 4883 tangitmortuum.
1331 4807 1665 4883 dormiens;
1694 4807 1798 4883 'gzui
1851 4827 1987 4865 vero

341 4878 788 4958 exstinctisunt
817 4878 993 4949 oculi,
1056 4883 1106 4958 i_s
1162 4883 1411 4958 vigilans
1468 4882 1656 4953 tangit
1684 4881 1990 4958 dormien-

338 4955 545 5025 tem_._»
571 4948 780 5025 Simile
812 4948 1088 5025 estquod
1134 4971 1205 5009 ex
1220 4948 1465 5009 “eodem
1496 4948 1987 5025 auétore‘recita-

337 5020 421 5075 vit
446 5019 825 5095 Plutarchus,
858 5019 967 5080 lib:
994 5026 1071 5095 De
1100 5027 1471 5095 consolatione
1501 5025 1575 5080 ad
1598 5024 1988 5095 Apollonium

337 5093 574 5182 p.‘10'tl‘:
609 5088 735 5176 Καὶ,
833 5092 1607 5182 φησιν’Ἦράκλειτοςκταυτὸ
1658 5088 1830 5182 ἴένι
1883 5099 1986 5182 ζῶν(

334 5160 425 5239 καὶ
452 5160 732 5239 τεθνηκὸς,
765 5160 865 5239 καῖ,
894 5160 957 5218 τὸ
990 5160 1290 5239 ἐγρήγορὸς
1337 5160 1427 5221 καὶ
1475 5167 1538 5220 τὸ
1575 5163 1863 5239 καθεῦδον,
1894 5160 1986 5239 καὶ

336 5236 459 5311 νὲον
517 5233 607 5311 καὶ
665 5232 917 5311 γηραιόν·
976 5232 1708 5311 τάδε”γὰρΑμεταπεσὸντχ
1766 5232 1991 5292 κάκεῖνά

338 5306 470 5362 ἐστι·
531 5305 754 5361 κάκεῖνά
804 5305 970 5360 πάλιν
1031 5305 1413 5379 μεταπεσόντα,
1474 5313 1659 5365 ταῦτα.
1696 5305 1749 5360 ν‹‹
1785 5313 1873 5378 Et,
1925 5314 1993 5364 ut

340 5381 424 5454 ait
451 5379 801 5454 Heraclitus,
833 5379 990 5435 idem
1009 5383 1107 5454 est
1161 5380 1356 5434 vivum
1396 5398 1465 5454 ac
1492 5387 1816 5449 mortuum,
1848 5381 1991 5454 vigi-

342 5451 476 5525 lans
503 5468 574 5525 ac
594 5452 928 5525 dormiens,
953 5450 1304 5507 adolescens
1319 5467 1385 5505 ac
1411 5452 1779 5525 decrepitum
1805 5470 1821 5523 ;
1854 5450 1993 5523 quia

341 5523 467 5597 haec
498 5523 558 5597 in
591 5523 714 5593 illa,
749 5525 1127 5597 vicissimque
1156 5528 1528 5597 mutentur._»

413 5594 523 5665 (15)
580 5587 858 5671 Μακάριον
916 5587 1126 5672 γὰρ’οἱ
1186 5587 1388 5653 εἰδότες
1443 5591 1534 5647 τὸν
1606 5591 1819 5650 Κύριον.
1884 5593 1990 5648 Ubi

2102 4098 2215 4172 hoc
2245 4096 2393 4172 dicit
2419 4094 2792 4172 Apostolus?
2830 4098 2999 4172 Certe
3057 4097 3120 4152 in
3176 4100 3343 4172 Hom.
3394 4117 3519 4172 xm,
3557 4105 3643 4172 11,
3675 4102 3765 4157 nil

2103 4167 2398 4256 ejusmodi
2429 4167 2712 4256 occurrit,
2750 4167 3161 4256 sed‘tan'tum:
3197 4169 3298 4225 Καὶ
3341 4167 3528 4256 τοῦτο’,
3551 4170 3766 4256 εἰδότες

2099 4237 2191 4294 τὸν
2221 4238 2434 4318 καιρόν.
2459 4240 2719 4318 Αιιᾼνεινο
2746 4244 2962 4318 auctor
2985 4237 3186 4313 Κύριον
3211 4258 3317 4313 pro
3337 4237 3526 4318 καιρὸν
3550 4244 3762 4318 legisse

2101 4308 2404 4390 putandus
2432 4315 2526 4390 _e_st
2543 4308 2923 4390 ?_E'jusmodi_
2946 4308 3101 4390 sane
3118 4308 3469 4390 exemplum
3501 4308 3761 4390 occurrit

2102 4380 2270 4440 Rom.
2296 4398 2396 4447 xu,
2426 4382 2511 4447 11,
2535 4380 2805 4454 ubicum
2831 4380 2985 4454 vulg.
3011 4380 3324 4454 editiones,
3353 4391 3412 4440 et
3430 4402 3573 4442 mss.
3600 4387 3758 4443 codi-

2101 4472 2200 4510 ces
2232 4469 2351 4509 non
2376 4451 2548 4523 pauci
2581 4451 2924 4526 exhibeant,
2940 4451 3026 4526 ῖιῷ
3048 4458 3224 4526 καιρῷ
3245 4451 3759 4526 δουλεύοντεςβιεο

2104 4542 2275 4613 mens
2295 4521 2517 4589 noster,
2543 4521 2767 4593 aliique
2790 4521 3072 4594 permulti
3098 4521 3406 4599 leguntm'p
3428 4521 3619 4602 Κυρίῳ
3639 4525 3757 4583 Sou-

2104 4608 2355 4651 Λευοντες
2366 4635 2379 4648 .

2167 4614 2879 4740 ἴῖἕίξῗίμᾶς.,ναιεηιΒὶῢι
2933 4668 3099 4723 Rom.
3150 4685 3273 4735 xm,
3303 4670 3478 4740 ἡμᾶς,
3529 4688 3665 4727 nos:
3698 4676 3752 4726 et

2095 4734 2188 4793 καὲ
2218 4736 2269 4791 ἐν
2282 4734 2570 4806 δυσῴμε-θα
2597 4734 2666 4788 τᾶ
2820 4737 3099 4793 SYLBUHG.

2168 4801 2810 4895 (‘17.):H8’t'dpwaplévn.
2845 4808 3010 4895 Vulg.
3061 4810 3439 4895 Hom.-editt-.
3472 4814 3662 4895 Qdyss,
3690 4821 3745 4867 Δ,

2095 4879 2211 4937 ’118³
2239 4876 2614 4953 ῥδρηναμένη,
2649 4876 2707 4932 et
2736 4876 3107 4953 mox,_s'ip.a0’
3136 4879 3355 4936 ἑλοῦσα.
3384 4884 3451 4939 Η.
3478 4876 3753 4941 ΞΥἰΒυιιϐ.

2096 4985 2162 4996 ...
2198 4947 2390 5021 δείμαθ’
2422 4947 2624 5002 ἑλοῦσα
2683 4956 2875 5005 exstat
2904 4947 2994 5004 ιη’
3023 4953 3210 5021 Odyss.
3246 4958 3305 5021 Δ,
3342 4970 3503 5010 vers.
3554 4958 3653 5010 751
3690 4961 3752 5011 et

2097 5027 2222 5089 760,
2251 5022 2438 5093 Odyss.
2472 5023 2557 5093 P._,
2616 5037 2763 5076 vers.
2823 5022 2892 5075 48
2946 5026 3006 5076 et
3059 5025 3147 5076 58.
3207 5025 3389 5079 Porro
3425 5025 3497 5081 de
3534 5027 3653 5082 ritu
3687 5043 3748 5083 se

2098 5112 2251 5168 aqua
2280 5091 2573 5149 lustrandi
2603 5098 2739 5147 ante
2769 5107 2975 5163 preces
3015 5093 3173 5149 conf.
3204 5096 3605 5167 Archaeologiae
3637 5115 3748 5153 no-

2099 5174 2234 5223 straa
2266 5167 2472 5223 Graecae
2501 5162 2604 5217 lib.
2637 5180 2702 5223 ιι.
2731 5179 2860 5223 cap.
2894 5166 2951 5219 4.

2099 5180 2234 5224 Βῐΐω
2266 5180 2472 5223 (ἐτ’παῖ
2501 5180 2604 5217 ιιι).
2637 5180 2702 5226 ιι,
2731 5180 2860 5234 cap.
2894 5180 2951 5219 4-.

2168 5240 2280 5310 (18)
2311 5238 2533 5308 Χεῖρας.
2562 5236 2651 5310 Ex
2679 5234 2869 5310 Odyss.
2902 5237 2972 5310 Α.
3000 5235 3069 5310 H.
3103 5236 3376 5293 Sanunc.
3401 5270 3472 5282 --
3493 5241 3600 5295 Hic
3622 5258 3749 5296 ver»

2101 5306 2201 5366 sus
2234 5306 2427 5364 exstat
2452 5323 2515 5377 in
2540 5306 2734 5377 Odyss.
2770 5306 2831 5361 Β.
2864 5323 2914 5359 v.
2952 5308 3079 5361 261.

2169 5382 2281 5452 (19)
2312 5376 2436 5436 Ἐπὶ
2457 5374 2647 5450 Stat-cn.
2703 5378 2824 5433 Hoc
2875 5382 2985 5452 est,
3039 5400 3074 5452 _«
3117 5383 3248 5452 post
3277 5380 3684 5437 concubitum.
3722 5406 3750 5431 η

2100 5449 2382 5507 Hervetus
2410 5449 2725 5524 perperam
2740 5449 2946 5524 ‘vertit,
2973 5449 3096 5524 «_in
3127 5449 3303 5506 lecto.
3333 5476 3353 5499 -
3383 5452 3756 5524 Hesychius:

2103 5524 2311 5593 Κοῖται,
2343 5517 2614 5597 γυναικῶν
2643 5517 2947 5592 ἐπιθυμίαι.
2998 5521 3166 5575 Rom.
3218 5539 3339 5586 xm,
3383 5525 3447 5577 13
3473 5517 3606 5595 ίΜὴ
3637 5523 3768 5580 κοι-

2105 5613 2223 5656 ταις
2243 5593 2726 5668 περιπατήσωμεν.
