4004 6144
301 312 441 366 1355

1530 307 1938 364 CLEMENTIB
1975 309 2476 364 ALBXANDBINI

3571 308 3714 364 1356

299 435 645 507 Pythagorei
673 452 685 500 ;
707 449 844 488 nam
869 433 956 486 illi
971 449 1207 503 quoque
1226 449 1413 504 spem,
1434 437 1720 502 tanquam
1740 431 1943 496 ﬁnem,

2075 449 2242 491 ιενοςο
2274 452 2302 483 ι
2369 431 2718 503 Ἀνθρώπους
2792 429 2935 502 μένει
2988 431 3356 494 ἀποθανόντας
3418 432 3556 486 ἅσσα
3615 432 3716 488 οὐκ

298 523 711 596 proponebant
741 521 814 574 iis
839 521 938 590 qui
965 519 1541 592 phi1050phabantur
1563 538 1578 586 ;
1602 536 1736 575 cum
1767 518 1950 572 etiam

301 616 568 669 Socrates
601 611 756 665 dicat
788 611 848 664 in
895 611 1186 677 Phaedone,
1223 633 1250 659 ‹‹
1300 610 1486 665 bonas
1535 610 1765 665 animas
1812 609 1950 662 hinc

301 719 434 757 cum
486 700 549 762 ›ι‹
607 699 762 753 bona
801 715 903 770 spe
949 699 1274 764 excedere;
1330 718 1368 748 ››·
1403 705 1461 754 et
1508 715 1715 754 rursus
1762 697 1951 751 malos

303 793 664 862 vituperans,
700 789 784 843 eis
816 790 1062 859 opponit
1089 806 1101 842 :
1128 812 1156 838 ‹‹
1189 789 1402 843 Vivunt
1430 789 1589 843 enim
1631 804 1764 842 cum
1795 785 1952 840 mala

305 900 430 952 spe,
452 904 470 928 ι
491 880 785 935 dicens.Ei
804 879 1035 934 videtur
1051 880 1229 934 etiam
1249 879 1584 934 consentire
1599 877 1950 944 Heraclitus,

307 973 366 1026 in
395 972 490 1038 iis,
523 988 653 1040 quae
687 969 830 1023 dicit
860 969 1161 1024 disserens
1205 969 1277 1022 de
1326 968 1705 1023 hominibus:
1755 989 1783 1016 ‹‹
1838 967 1954 1020 Ilo-

309 1061 502 1115 mines
559 1064 826 1114 mortuos
884 1063 1147 1122 manent,
1199 1075 1331 1128 qua)
1382 1074 1502 1112 non
1551 1061 1795 1128 sperant
1843 1071 1953 1109 nec

311 1154 673 1221 exspectant.
711 1170 737 1196 ››
770 1147 973 1202 Divine
996 1163 1132 1219 ergo
1166 1146 1382 1201 Paulus
1413 1151 1614 1217 aperte
1647 1144 1853 1200 scribit
1880 1142 1954 1198 ad

310 1242 606 1294 Romanos
629 1253 683 1290 :«
706 1235 962 1290 Afﬂictio
985 1236 1332 1306 patientiam
1347 1241 1644 1306 operatur,
1670 1232 1956 1305 patientia

310 1344 444 1381 vero
479 1325 912 1396 probationem,
935 1324 1204 1394 probatio
1227 1329 1424 1378 autem
1448 1339 1636 1394 spem,
1663 1339 1796 1393 spes
1818 1337 1952 1376 vero

309 1418 531 1489 pudore
564 1433 684 1470 non
709 1415 1000 1485 afﬁcit(a).
1020 1437 1046 1463 ››
1061 1417 1309 1486 Propter
1331 1431 1495 1486 spem
1510 1414 1668 1469 enim
1691 1413 1952 1468 futuram

311 1513 400 1561 est
430 1506 750 1576 patientia;
781 1527 807 1554 «
845 1521 979 1575 spes
1014 1526 1040 1552 ››
1074 1509 1272 1558 autem
1317 1510 1406 1558 est
1435 1503 1614 1558 etiam
1657 1503 1953 1574 aaquivoce

312 1596 435 1666 spei
464 1595 716 1648 redditio
759 1601 818 1648 et
863 1593 1196 1658 restitutio;
1248 1609 1379 1663 quas
1429 1592 1608 1647 etiam
1657 1612 1680 1640 ι
1731 1591 1956 1663 pudore

311 1701 430 1738 non
459 1683 661 1748 afficit,
697 1704 724 1731 ››
755 1687 820 1736 ut
846 1698 978 1752 qua:
1029 1680 1260 1752 probris
1307 1687 1364 1734 et
1410 1680 1787 1735 contumeliis
1836 1696 1956 1734 non

2059 516 2337 590 ἕλπονται,
2372 517 2498 574 οὖδὶ
2549 516 2860 577 δοκέουσιν.
2919 519 3087 580 Θείως
3146 518 3237 574 οὖν
3271 522 3298 575 ὁ
3334 520 3552 583 Παῦλος
3580 522 3714 576 Ῥω-

2062 607 2247 677 μαίοις
2303 606 2552 682 ἄντικρυς
2607 607 2876 663 ἐπιστέλει
2914 627 2926 640 ·
2985 632 3014 660 ‹‹
3056 609 3124 664 Ἠ
3181 608 3367 682 θλίψις
3426 612 3713 683 ὑπομονήν

2057 697 2465 769 κατεργάζεται,
2520 699 2554 764 ἡ
2589 695 2645 750 δὲ
2709 697 2960 769 ὑπομονὴ
3025 695 3280 770 δοκιμὴν,
3321 701 3355 768 ἡ
3405 695 3462 753 δι
3507 697 3712 772 δοκιμὴ

2061 781 2274 838 ἐλπίδα’
2309 788 2342 853 ἡ
2377 782 2432 839 δὲ
2477 782 2637 846 ἐλπὶς
2690 785 2752 839 οὐ
2797 786 3169 860 καταισχύνει,
3203 811 3230 837 υ
3263 785 3335 841 δι’
3367 785 3565 842 ἐλπίδα
3616 789 3715 862 μὶν

2060 873 2164 947 γὰρ
2193 875 2292 942 τήν
2355 872 2663 947 μέλλουσαν
2695 877 2729 944 ἡ
2765 875 3036 948 ὑπομονή.
3072 875 3266 938 Ἐλπὶς
3297 880 3411 950 (25)
3443 875 3503 931 δὲ
3555 878 3716 950 ὁμω-

2060 961 2247 1033 νύμως
2291 963 2379 1016 καὶ
2411 965 2445 1032 ἡ
2477 969 2578 1032 τῆς
2637 961 2862 1024 ἐλπίδος
2913 961 3172 1026 ἀπόδοσίς
3223 985 3283 1019 τε
3313 965 3403 1020 καὶ
3437 966 3714 1020 ἀποκατά-

2061 1072 2267 1114 στασις·
2299 1051 2334 1120 ἢ
2367 1053 2455 1106 καὶ
2488 1078 2516 1104 ‹‹
2551 1054 2614 1107 οὐ
2642 1053 3012 1126 καταισχύνει,
3037 1076 3065 1103 ››
3093 1053 3167 1124 μή
3201 1050 3573 1126 ὀνειδιζομένη
3609 1053 3714 1110 ἔτι.

2060 1140 2116 1192 Ὀ
2145 1136 2201 1194 δὲ
2229 1138 2362 1214 κιλῇ
2393 1138 2608 1210 κλήσει,
2641 1141 2774 1204 καθὸ
2802 1138 3091 1210 κέκληται,
3127 1141 3414 1195 ὑπακούων
3469 1140 3595 1197 οὔτε
3626 1140 3720 1197 διὰ

2062 1222 2230 1303 φόϐον
2262 1224 2385 1283 οὔτε
2410 1225 2498 1282 διὰ
2527 1227 2726 1298 ἡδονὰς
2773 1229 2862 1283 ἐπὶ
2908 1231 3008 1298 τήν
3059 1235 3260 1303 γνῶσιν
3310 1229 3470 1285 ἳεται·
3505 1233 3568 1286 οὐ
3611 1233 3717 1308 γὰρ

2063 1318 2500 1391 περισκέπτεται,
2528 1317 2582 1372 εἷ’
2616 1339 2668 1372 τι
2729 1315 3012 1382 λυσιτελὲς
3069 1316 3261 1388 ἔξωθεν
3311 1316 3494 1374 ’έπεται
3525 1318 3721 1396 κέρδος

2065 1405 2099 1474 ἢ
2133 1405 2434 1470 ἀπόλαυσις
2489 1411 2599 1479 (26)
2652 1407 2821 1478 αὐτῷ·
2881 1407 3058 1483 ἀγάπῃ
3091 1404 3148 1462 δὲ
3175 1411 3272 1462 τοῦ
3328 1403 3502 1470 ὅντως
3561 1405 3723 1472 ὄντος

2065 1493 2290 1567 ἐραστοῦ
2321 1493 2641 1568 ἆλκόμενος,
2671 1494 2758 1550 καί
2789 1495 2924 1572 πρὸς
2956 1497 3017 1550 τὸ
3067 1493 3186 1551 δέον
3220 1496 3510 1571 ἀγόμενος,
3539 1509 3723 1562 θεοσε-

2065 1579 2170 1640 ϐεῖ.
2201 1586 2363 1649 ⁴Ὅθεν
2392 1582 2516 1640 οὐδ’
2543 1584 2590 1640 εἰ
2625 1586 2743 1649 καθ’
2779 1585 3030 1640 ὑπόθεσιν
3065 1585 3304 1658 ἐξουσίαν
3359 1581 3528 1641 λάϐοι
3571 1587 3723 1659 παρᾶ

2063 1678 2165 1729 τοῦ
2198 1679 2331 1730 Θεοῦ
2387 1675 2638 1750 πράττειν
2678 1674 2745 1728 τά
2774 1673 3217 1749 ἀπηγορευμένα,
3250 1674 3600 1749 ἀτιμώρητός
3656 1696 3720 1730 τε

311 1773 566 1843 amplius
584 1771 897 1825 afﬁciatur.
924 1769 1032 1834 Qui
1055 1775 1255 1824 autem
1278 1769 1453 1824 nudae
1475 1770 1789 1835 vocationi,
1816 1787 1957 1840 qua-

2075 1761 2163 1832 ίὸν,
2196 1761 2311 1818 οὐδ’
2341 1763 2386 1818 εἰ
2423 1764 2513 1817 καὶ
2568 1763 2757 1836 μισθὸν
2814 1763 2882 1817 τὰ
2940 1764 3195 1838 μακάρων
3246 1763 3417 1838 ἀγαθὰ
3448 1761 3720 1838 λήψεσθαι

2075 1851 2152 1866 ..
2253 1849 2442 1866 ....
2626 1850 2684 1866 κ,
2947 1847 3052 1866 ηρ
3187 1849 3401 1866 μη..
3505 1853 3622 1866 ι.

314 1868 488 1915 tenus
518 1865 756 1914 vocatus
789 1864 896 1923 est,
929 1858 1150 1924 obedit,
1185 1858 1234 1912 is
1279 1875 1473 1927 neque
1514 1863 1754 1928 propter
1785 1858 1956 1912 timo-

314 1967 460 2014 rem,
495 1965 688 2017 neque
720 1953 963 2016 propter
983 1946 1334 2014 voluptates,
1361 1945 1552 1999 tendit
1571 1945 1644 2000 ad
1668 1947 1958 2016 cognitio-

316 2055 473 2092 nem.
509 2039 632 2090 Non
655 2035 814 2087 enim
835 2031 1174 2086 considerat
1194 2048 1271 2086 an
1293 2031 1537 2101 aliquod
1559 2031 1704 2085 utile
1728 2031 1962 2085 lucrum

314 2127 402 2180 vel
436 2123 746 2179 delectatio
778 2121 979 2192 aliqua
1007 2121 1374 2175 extrinsecus
1404 2124 1824 2189 consequatur,
1858 2119 1961 2174 sed

316 2220 539 2269 tractus
578 2230 611 2268 a
642 2211 959 2266 dilectione
994 2210 1144 2282 ejus,
1176 2209 1278 2280 qui
1306 2225 1438 2264 vere
1461 2214 1551 2263 est
1574 2207 1874 2276 amabilis,
1906 2211 1964 2262 et

313 2302 387 2357 ad
428 2301 508 2369 id,
541 2300 700 2371 quod
735 2299 862 2354 fieri
897 2303 1149 2370 oportet,
1179 2297 1492 2364 adductus,
1535 2297 1667 2368 pius
1718 2303 1810 2353 est
1857 2297 1960 2352 Dei

312 2391 521 2445 cultor.
559 2387 724 2443 Unde
755 2405 865 2442 nec
895 2388 942 2441 si
968 2404 1074 2458 per
1102 2387 1458 2459 hypothesin
1498 2403 1532 2441 a
1567 2387 1684 2442 Deo
1715 2402 1960 2457 accepe-

310 2480 388 2533 rit
418 2483 772 2550 potestatem
827 2475 1082 2531 faciendi
1130 2492 1222 2542 ea,
1273 2493 1403 2546 quas
1454 2480 1592 2530 sunt
1638 2475 1958 2546 prohibita,

316 2569 464 2622 citra
495 2568 679 2622 ullam
707 2583 940 2637 pne-nam
968 2583 980 2633 ;
1009 2581 1202 2636 neque
1234 2566 1282 2620 si
1307 2570 1621 2637 propterea
1651 2563 1960 2620 beatorum

312 2657 470 2712 bona
503 2661 884 2726 accepturum
918 2671 1052 2709 eum
1086 2670 1236 2723 esse,
1271 2653 1324 2707 ei
1355 2653 1715 2724 promissum
1745 2653 1961 2720 fuerit;

313 2747 417 2800 sed
449 2763 557 2799 nec
585 2746 632 2799 si
662 2760 1012 2815 persuasum
1043 2742 1319 2797 habuerit
1345 2743 1491 2808 fore,
1535 2748 1600 2796 ut
1646 2743 1831 2796 Deum
1875 2741 1963 2797 la-

309 2840 472 2889 teant
500 2851 569 2889 ea
600 2850 730 2904 qua)
761 2833 911 2904 gerit
944 2831 1123 2902 (quod
1155 2830 1397 2900 quidem
1423 2831 1550 2885 fieri
1575 2847 1696 2885 non
1724 2832 1960 2902 potest),

311 2924 369 2976 in
403 2923 667 2976 animum
691 2936 953 2990 unquam
979 2924 1069 2973 est
1097 2918 1472 2987 inducturus,
1501 2925 1566 2974 ut
1581 2919 1807 2990 aliquid
1830 2925 1964 2992 agat

311 3017 526 3082 praeter
556 3016 778 3063 rectam
812 3008 1127 3072 rationem,
1158 3024 1292 3062 cum
1344 3007 1426 3074 id,
1477 3008 1637 3078 quod
1688 3024 1822 3062 vere
1873 3013 1962 3062 est

2068 1851 2155 1908 ἐπὶ
2186 1849 2369 1906 τοῖσδε
2425 1850 2746 1927 ἐπαγγελίαν
2801 1847 3133 1926 προσλάϐοι,
3177 1849 3302 1908 ἀλλ’
3360 1853 3522 1907 εἶκαὶ
3553 1855 3719 1923 nfec-

2065 1943 2185 1995 σθαι
2214 1941 2306 1996 τὸν
2355 1941 2484 1996 Θεὸν
2527 1941 2608 2014 ἐφ’
2667 1942 2745 2002 οἷς
2800 1940 3021 2016 πράττει
3071 1941 3336 2012 πεισθείη·
3398 1941 3554 2018 (ὅπερ
3585 1939 3718 1996 ἀδύ-

2071 2032 2277 2099 νατον·)
2311 2029 2505 2102 πράξαί
2533 2051 2585 2084 τι
2615 2030 2761 2105 παρᾶ
2805 2031 2895 2085 τὸν
2952 2029 3115 2104 λόγον
3145 2031 3238 2085 τὸν
3273 2031 3429 2105 ὀρθὸν
3463 2029 3719 2102 ἐθελήσαι

2069 2118 2191 2170 ποτ’
2221 2114 2306 2184 ἂν,
2335 2117 2396 2171 τὸ
2427 2117 2599 2181 ὅντως
2647 2116 2814 2173 καλὸν
2864 2119 2953 2174 καὶ
3011 2121 3220 2194 αἱρετὸν
3280 2120 3329 2194 ἐξ
3385 2122 3595 2190 ἑαυτοῦ,
3629 2121 3720 2176 καὶ

2066 2207 2234 2272 ταύτῃ
2290 2207 2567 2282 ἀγαπητὸν
2625 2207 2760 2263 εἶναι
2831 2209 2968 2278 ἅπαξ
3027 2208 3312 2282 ἐλόμενος.
3374 2210 3451 2268 Οὐ
3505 2211 3608 2286 γάρ
3668 2209 3719 2266 ἐν

2069 2295 2300 2370 γαστρὸς
2333 2296 2470 2371 βορᾷ
2522 2297 2586 2350 τὸ
2644 2297 2888 2372 χρηστὸν
2947 2299 3084 2352 εἶναι
3140 2296 3522 2376 διειλήφαμεν.
3555 2301 3726 2370 Ἀκή-

2069 2407 2162 2440 κοε
2194 2382 2239 2440 δ’
2269 2385 2494 2454 ἐκεῖνος,
2529 2387 2602 2448 ὡς
2645 2388 2842 2462 βρῶμα
2899 2390 3046 2460 ἡμᾶς
3103 2389 3166 2442 οὑ
3214 2392 3572 2462 παραστήσει,
3599 2388 3728 2444 οὐδὲ

2075 2474 2181 2546 μὴν
2208 2472 2403 2549 γάμος,
2435 2472 2560 2528 ἀλλ’
2593 2473 2721 2529 οὐδὲ
2777 2475 2965 2548 ἀποχή
3025 2475 3204 2550 γάμου
3234 2482 3348 2545 (27)
3379 2476 3430 2530 ἐν
3461 2478 3726 2552 ἀγνωσίη,

2072 2560 2216 2617 ἀλλά
2243 2563 2305 2616 τὸ
2334 2563 2448 2616 κατ’
2481 2561 2675 2636 ἀρετὴν
2736 2557 2894 2636 ἔργον
2948 2563 3012 2617 τὸ
3070 2564 3392 2638 γνωστικόν·
3425 2565 3543 2619 ἐπεὶ
3571 2566 3666 2620 καὶ
3697 2566 3728 2619 ὁ

2069 2650 2238 2723 κύων,
2295 2651 2358 2705 τὸ
2421 2655 2556 2720 ζῶον
2609 2653 2670 2706 τὸ
2729 2648 2954 2726 ὂίλογον,
3014 2649 3270 2727 ἐγκρατὲς
3325 2652 3585 2726 λεγέσθω,
3634 2655 3725 2709 τὸν

2070 2738 2399 2814 ἐπαιρόμενο
2459 2741 2558 2808 τὴν
2593 2740 2888 2814 βακτηρίαν
2925 2739 3124 2810 δεδιὸς,
3157 2743 3246 2796 καὶ
3291 2739 3380 2796 διὰ
3420 2747 3585 2798 τοῦτο
3627 2748 3728 2799 τοῦ

2071 2826 2210 2902 ὄψου
2242 2829 2611 2903 ἀπεχόμενον.
2643 2831 2766 2885 Τῶν
2813 2830 3102 2898 τοιούτων,
3137 2831 3191 2884 εὖ
3224 2828 3356 2896 ἴσθι,
3389 2832 3473 2885 ὅτι
3504 2853 3729 2907 περιαι-

2072 2923 2284 2992 ρεθεῖσα
2315 2919 2350 2986 ἡ
2384 2917 2677 2993 ὑπόσχεσις
2727 2920 2762 2987 ἡ
2793 2916 3319 2994 προεπηγγελμένη,
3368 2919 3458 2973 καὶ
3493 2921 3520 2974 ὁ
3552 2916 3734 2997 φόϐος

2052 3010 2430 3080 ,περιγραφείς
2463 3007 2492 3060 ὁ
2522 3004 2988 3079 ἐπηπειλημένος,
3025 3008 3111 3061 καὶ
3147 3009 3439 3082 χωρισθεὶς
3489 3010 3516 3063 ὁ
3543 3008 3734 3064 κίνδυο

312 3080 653 3165 honestum,
687 3101 745 3149 et
774 3113 842 3150 ex
873 3096 1068 3166 seipso
1102 3095 1460 3167 eligendum,
1504 3101 1563 3150 et
1609 3112 1679 3151 ea
1727 3097 1956 3151 ratione

2075 3116 2159 3157 νος
2193 3096 2220 3149 ὁ
2253 3093 2655 3168 ἐπηρτημένος,
2688 3097 2786 3163 τὴν
2834 3099 3086 3171 πρόθεσιν
3119 3080 3362 3172 ἐλέγχει.

312 3185 709 3260 expetendum
741 3185 1204 3256 amandumque,
1237 3184 1421 3240 semel
1448 3184 1710 3256 elegerit.
1747 3187 1869 3240 Non
1902 3186 2062 3240 enim
2094 3186 2154 3240 in
2188 3203 2324 3241 esca
2354 3185 2574 3241 ventris
2603 3185 2826 3241 bonum
2859 3203 2987 3241 esse
3011 3187 3192 3243 situm
3222 3188 3580 3260 accepimus.
3613 3193 3740 3245 Au-

311 3277 454 3330 divit
483 3282 681 3329 autem
715 3274 836 3342 ille,
870 3273 1029 3344 quod
1071 3297 1097 3324 ‹‹
1131 3273 1298 3328 cibus
1350 3290 1459 3328 nos
1516 3291 1636 3328 non
1695 3275 2138 3331 commendabit
2163 3276 2256 3347 (b),
2292 3292 2486 3347 neque
2543 3276 3014 3343 matrimonium,
3050 3276 3152 3331 sed
3200 3295 3394 3349 neque
3427 3278 3740 3334 abstinen-

312 3367 392 3420 tia
422 3382 455 3420 a
481 3364 860 3419 matrimonio
904 3364 965 3417 in
1025 3361 1421 3434 ignoratipne,
1456 3362 1556 3416 sed
1587 3379 1735 3433 opus
1766 3364 2098 3435 gnosticum
2149 3382 2218 3420 ex
2249 3365 2485 3420 virtute.
2547 3368 2684 3421 Nam
2719 3367 2882 3421 canis
2943 3383 3198 3437 quoque,
3257 3369 3356 3438 qui
3389 3375 3480 3423 est
3509 3369 3738 3438 animal

315 3473 526 3526 expers
558 3454 828 3520 rationis,
863 3451 946 3506 sic
987 3451 1216 3505 dicatur
1245 3465 1374 3504 esse
1405 3451 1739 3518 continens,
1773 3451 1916 3509 dum
1949 3469 2083 3508 eum
2114 3454 2283 3509 timet
2312 3454 2414 3525 qui
2446 3455 2602 3508 tollit
2631 3455 2926 3522 baculum,
2961 3461 3018 3510 et
3048 3456 3179 3510 ideo
3211 3473 3245 3511 a
3271 3457 3402 3512 cibo
3451 3457 3733 3515 abstinet.

310 3544 472 3609 qud
507 3544 553 3598 si
587 3542 785 3597 ablata
813 3541 992 3596 fuerit
1021 3538 1337 3611 promissio
1370 3537 1489 3592 illis
1521 3539 1694 3605 facta,
1731 3540 1776 3594 si
1814 3540 1991 3595 timor
2027 3543 2352 3599 intentatbs
2382 3544 2667 3614 praecisus
2697 3544 2877 3599 fuerit
2905 3550 2963 3600 et
2993 3545 3323 3616 periculum
3375 3545 3734 3618 impendens

309 3633 635 3700 evanuerit,
673 3636 795 3685 tum
828 3635 987 3685 certo
1019 3629 1171 3685 scias
1203 3627 1401 3684 statim
1433 3629 1844 3701 appariturum
1872 3629 2000 3687 fore
2031 3632 2272 3687 illorum
2302 3633 2692 3704 propositum.

1765 3791 1996 3848 CAPUT
2062 3793 2258 3847 XXIII.

312 3896 387 3951 Ob
418 3908 580 3964 quam
613 3891 885 3948 rationem
937 3891 1199 3961 perfectis
1228 3906 1262 3944 a
1290 3890 1450 3944 rebus
1502 3893 1684 3946 sensui
1723 3893 2010 3974 jucundis,
2039 3909 2230 3974 _quam
2285 3895 2523 3947 maxime
2572 3899 2773 3963 potest,
2843 3895 3137 3962 abstineat,
3195 3895 3486 3950 meliorum
3530 3895 3740 3950 scilicet

1904 3965 2132 4022 intuitu.

390 4095 515 4146 Non
557 4089 714 4143 enim
767 4087 879 4158 ipsi
931 4086 1015 4141 rei
1063 4089 1291 4140 naturis
1342 4101 1404 4140 se
1448 4087 1857 4152 accomodant,
1907 4093 1974 4142 ut

315 4198 520 4235 revera
551 4177 812 4251 gnostice
839 4173 1374 4246 comprehendant,
1398 4189 1526 4228 esse
1550 4173 1791 4244 quidem
1815 4175 1972 4232 bona

317 4271 542 4334 omnia,
575 4285 707 4338 quae
731 4271 928 4320 creata
955 4269 1094 4318 sunt
1119 4263 1192 4318 ad
1223 4279 1398 4318 usum
1420 4267 1694 4318 nostrum
1720 4284 1734 4330 ;
1758 4269 1824 4319 ut
1846 4282 1960 4320 ma.

2077 4262 2220 4318 καλὰ
2257 4264 2352 4336 μὶν
2403 4265 2537 4318 εἶναι
2592 4264 2786 4333 πάντα,
2821 4266 2918 4320 ὅσα
2971 4265 3048 4328 είς
3107 4272 3309 4340 χρῆσιν
3371 4268 3534 4338 ἡμῶν
3593 4265 3739 4322 ἐκτί-

316 4359 685 4422 trimonium,
719 4355 875 4409 verbi
907 4354 1115 4426 gratia,
1150 4358 1207 4406 et
1237 4351 1562 4406 liberorum
1604 4354 1960 4423 procreatio-

2078 4353 2202 4422 σθη”
2261 4354 2337 4414 ὡς
2400 4357 2575 4429 γάμον
2623 4397 2636 4422 ,
2705 4353 2831 4431 φέρε
2899 4353 3113 4422 εἰπεῖν,
3178 4355 3269 4408 καὶ
3332 4350 3732 4419 παιδοποιίαν,

316 4467 473 4515 nem,
509 4448 554 4501 si
587 4447 656 4499 iis
688 4450 992 4498 uteremur
1017 4458 1151 4496 cum
1180 4440 1592 4512 temperantia,
1617 4440 1842 4496 bonum
1860 4458 1960 4497 au-

2075 4417 2208 4511 ptstd
2266 4417 2633 4520 σωφροσύνης
2695 4417 3164 4516 παρειλημμένα·
3224 4442 3402 4498 καλοῦ
3479 4441 3536 4498 δὲ
3598 4417 3730 4498 εἶναι

317 4544 433 4592 tem
465 4537 527 4599 >X<
558 4551 687 4590 esse
715 4533 950 4598 melius,
983 4537 1047 4585 ut
1078 4530 1209 4601 quis
1231 4546 1337 4601 per
1359 4545 1509 4597 eam,
1545 4544 1676 4599 quae
1699 4535 1788 4583 est
1819 4531 1958 4596 Deo,

2075 4529 2289 4602 ἄμεινον
2344 4533 2448 4604 (‘29i
2510 4534 2611 4602 τήν
2669 4532 2805 4608 πρὸς
2863 4533 2925 4587 τὸ
2985 4538 3138 4588 Θεῖον
3205 4531 3533 4604 ἐξομοίωσιν
3591 4532 3732 4586 ἀπα-

315 4624 828 4688 assimilationem,
850 4619 1057 4676 evadat
1073 4617 1420 4689 impatibilis
1440 4622 1498 4671 et
1518 4617 1731 4672 virtute
1755 4617 1960 4689 praedi-

2075 4620 2136 4688 Βῆ
2191 4622 2305 4693 (30)
2353 4621 2442 4675 καὶ
2501 4619 2749 4697 ἐνάρετον
2809 4622 3077 4696 γενέσθαι.
3148 4627 3276 4684 Τοῖς
3308 4619 3366 4676 δὲ
3399 4620 3593 4692 ἔξωθεν
3646 4621 3733 4676 εὑ-

387 4778 449 4838 >x<
479 4770 539 4822 P.
573 4769 675 4820 630
707 4767 818 4820 ED.
853 4765 1142 4826 POTTER,
1169 4763 1413 4838 ΕΒΖ-533
1446 4762 1558 4815 ED.
1594 4761 1819 4817 PARIS.

316 4859 370 4907 v,
401 4834 453 4905 3,
482 4841 533 4908 4,
566 4843 616 4892 5.
685 4839 762 4908 (b)
794 4839 816 4890 Ι
847 4838 974 4892 Cor.
1004 4851 1125 4902 vm,
1163 4834 1216 4890 8.

2152 4085 2230 4145 Οὑ
2266 4088 2368 4162 γὰρ
2428 4085 2564 4160 αὑτῇ
2629 4091 2696 4161 τῇ
2756 4085 2909 4152 φύσει
2969 4091 3066 4142 τοῦ
3113 4107 3432 4162 πράγματος
3495 4087 3736 4144 οῗκειοῦ-

2081 4195 2169 4229 ται
2223 4177 2388 4249 (28),
2449 4176 2522 4238 ὡς
2577 4179 2655 4247 τῷ
2709 4174 2825 4231 δντι
2894 4181 3204 4251 ⁸(νωστωιιῶς
3287 4173 3688 4232 καταλαϐέσθαι
3720 4221 3736 4249 ,

1895 4765 2047 4834 μμ).
2079 4765 2180 4820 631
2242 4768 2354 4822 ED.
2411 4767 2705 4836 POTTER,
2747 4769 3130 4823 sas-534131).
3164 4768 3396 4824 PARIS.
3454 4768 3727 4840 (a)Rom.

391 4996 498 5062 ('25)
531 4989 746 5048 Ἐλπίς.
784 4991 917 5062 Vult
949 4995 1154 5045 auctor
1194 4989 1302 5043 bac
1335 5004 1472 5062 voce
1524 4987 1818 5062 denotari,
1850 5006 1973 5045 non

321 5058 515 5122 solum
547 5087 572 5111 ‹‹
609 5061 884 5132 sperandi
919 5081 948 5113 »ι
975 5063 1292 5128 actionem,
1324 5058 1424 5132 sed
1448 5058 1637 5132 etiam
1667 5059 1751 5114 rei
1778 5081 1806 5132 ᾳ
1839 5077 1970 5132 spe-

321 5146 461 5194 ratae
493 5129 949 5204 acqu'isitionem
985 5149 998 5187 :
1033 5149 1229 5204 quam_
1254 5132 1354 5202 qui
1386 5129 1639 5204 feliciter
1687 5129 1971 5204 attigerit,

321 5202 699 5266 contumeliis
722 5202 1307 5272 deincepsisuperior
1338 5202 1469 5256 erit.

391 5284 502 5348 (26)
548 5273 751 5352 Κέρδος
789 5272 841 5352 ’ἢ
886 5269 1431 5352 ’ἀπόλαιὶσιςηῐῖιοιξε
1487 5271 1648 5336 edit,
1682 5269 1877 5352 κέρδος
1933 5275 1967 5344 ἡ

319 5343 642 5422 arenam;
692 5344 940 5404 articulo
993 5361 1098 5416 pro
1131 5343 1553 5414 conjunctione
1585 5343 1798 5415 posito.
1833 5343 1972 5402 Sne

319 5445 502 5568 BI33267.)
533 5491 672 5552 Οὐδὲ
714 5489 902 5564 ἀποχὴ
933 5508 983 5561 γ.
1018 5485 1183 5542 Conf.
1219 5484 1493 5556 superius
1550 5486 1752 5542 Strom.
1791 5504 1874 5558 ιιι,
1908 5507 1966 5562 p.

417 5572 517 5608 32!.
574 5569 609 5608 li

320 5588 378 5638 p.
416 5572 537 5624 534.
574 5568 676 5621 lin.
712 5569 800 5619 27.
1407 5626 1417 5636 .

357 5649 498 5710 ,(28)
539 5641 871 5710 υίκεγοῦτᾳι,
928 5632 1252 5710 interpres“
1276 5631 1473 5710 vertit,
1524 5643 1626 5710 ac”
1649 5628 1695 5681 si
1729 5628 1970 5710 legisset

318 5697 642 5761 οἰκειόῦνται
675 5709 737 5761 in
767 5704 984 5777 plurali
1015 5697 1180 5760 num.
1214 5697 1381 5768 Quod
1429 5698 1477 5753 si
1518 5697 1848 5757 retineatur
1884 5702 1968 5756 oi-

2080 4994 2342 5066 κειοῖξται,
2375 4992 2664 5048 referetur
2691 4993 2764 5049 ad
2796 4993 3044 5066 πρόθεσιν
3078 4995 3139 5049 in
3186 4993 3441 5065 prmced.
3496 4996 3732 5048 senten-

2085 5065 2184 5128 tia,
2218 5065 2541 5191 hocdsensu
2571 5082 2584 5119 :
2621 5067 2795 5120 «Non
2830 5065 2987 5121 enim
3021 5081 3221 5120 rerum
3273 5072 3501 5121 naturas
3537 5081 3598 5119 se
3628 5080 3728 5118 ac-

2087 5153 2319 5191 commo
2366 5142 2442 5190 at.

2087 5142 2442 5191 commodat.

2150 5209 2264 5276 (29)
2310 5205 2491 5260 Καλοῦ
2552 5201 2609 5259 δὲ
2668 5206 2800 5259 εἶναι
2855 5203 3098 5277 ἄμεινον.
3161 5208 3313 5262 Dicit
3369 5213 3733 5261 «creaturas

2079 5295 2209 5333 esse
2240 5297 2335 5334 res
2364 5278 2570 5343 bonas,
2607 5278 2710 5332 sed
2741 5300 2768 5327 ιο
2805 5279 2897 5333 his
2945 5279 3118 5333 bonis
3159 5279 3375 5334 melius
3426 5299 3451 5329 ι
3485 5293 3637 5342 esse,
3668 5282 3736 5330 ut

2083 5351 2206 5435 Deo
2233 5367 2337 5435 per
2360 5351 2646 5435 virtutem
2693 5350 2920 5435 similes
2973 5350 3312 5435 evadamus:
3350 5371 3376 5398 ››
3433 5347 3732 5435 Sic‘paulo

2079 5413 2430 5502 ροειὶιαλῶν
2474 5417 2741 5503 καλλίονα
2771 5421 2938 5476 dixit.
2973 5421 3092 5504 Sed.
3144 5421 3257 5476 hoc
3287 5421 3418 5476 loco
3449 5413 3616 5502 καλὸν
3674 5413 3734 5471 δὶ

2080 5489 2214 5565 εἶναι
2259 5489 2357 5563 ἄμ.
2393 5509 2467 5565 mi
2488 5493 2780 5565 editiones
2826 5492 3214 5565 Sylburgiana
3267 5497 3629 5565 posteriores
3661 5506 3737 5547 ex

2079 5562 2396 5647 La'tnina,_ut
2419 5563 2670 5647 videtur,
2703 5562 2973 5647 versione
3004 5562 3263 5647 irrepsit.

2149 5637 2264 5706 (30)
2307 5635 2544 5703 Ἀπαθῆ.
2602 5635 2767 5690 Conf.
2819 5636 3048 5706 Paedag.
3109 5635 3208 5692 lib.
3247 5653 3287 5704 ι,
3319 5651 3449 5706 cap.
3513 5638 3565 5703 l,
3597 5650 3730 5708 pag.

2076 5704 2170 5776 99,
2199 5711 2324 5764 not.
2353 5709 2408 5762 4.
