4004 6144
211 315 352 372 1357

1538 314 1983 374 ΒΤΒΟΜΔἸὍΠ
2022 314 2156 368 LIB.
2199 311 2294 368 IV.

3491 316 3630 372 1358

204 445 476 518 χρήστοις
535 445 571 515 ἢ
661 440 1032 519 δυσχρήστως
1080 443 1543 519 προσαγομένοις,
1599 445 1710 496 τῶν
1770 438 1860 512 μὲν

1983 444 2096 493 tus.
2131 437 2243 493 Sed
2265 454 2334 493 ex
2361 437 2456 506 iis,
2479 453 2611 508 quae
2635 437 3004 492 extrinsecus
3026 439 3426 512 adducuntur,
3456 442 3632 498 bonis

206 530 528 606 ἀπέχονται,
559 535 668 586 τῶν
702 529 747 585 δ’
779 530 868 590 οὗ.
911 529 1088 588 Ἀλλά
1144 533 1231 586 καὶ
1291 532 1365 585 ὧν
1417 530 1733 608 ἀφίστανται
1771 549 1876 600 μυ-

209 621 549 693 σαττόμενοι,
583 625 751 676 ταῦτα
781 619 1062 698 φαίνονται
1113 621 1212 689 τήν
1273 620 1445 676 κτίσιν
1491 621 1582 675 καὶ
1611 619 1703 673 τὸν
1766 626 1871 687 Δη-

212 711 475 786 μιουργόν
527 705 942 772 διαϐάλλοντες·
993 709 1089 764 κᾶν
1143 715 1224 782 τῷ
1277 707 1456 764 δοκεῖν
1487 713 1692 770 πιστῶς
1746 708 1871 761 ἀνα-

211 796 572 874 στρέφωνται,
629 802 729 869 τήν
791 799 970 873 κρίσιν
1043 794 1268 874 ἔχουσιν
1353 799 1592 854 ἀνόσιον.
1662 801 1734 851 Τὸ
1792 794 1868 882 δὲ,

212 913 240 939 ‹‹
278 887 393 945 Οὐκ
441 887 818 960 ἐπιθυμήσεις,
883 912 909 938 ››
963 887 1084 942 οὕτε
1140 889 1372 963 ἀνάγκης
1428 893 1528 956 τῆς
1581 885 1640 940 ἐκ
1697 880 1871 960 φόϐου

215 974 413 1047 δεῖται,
444 984 544 1047 τῆς
598 977 933 1052 βιαζομένης
993 976 1287 1050 ἀπέχεσθαι
1343 981 1451 1030 τῶν
1511 971 1710 1044 ἡδέων,
1745 971 1871 1028 οὔτε

216 1067 436 1137 μισθοῦ,
468 1070 565 1120 τοῦ
598 1063 666 1120 δι’
711 1063 1038 1140 ἐπαγγελίας
1097 1069 1234 1136 (31),
1294 1064 1679 1128 ἀναπείθοντος
1731 1064 1868 1118 ἀνα-

208 1153 430 1209 κόπτειν
461 1154 558 1216 τὰς
589 1155 783 1226 ὁρμάς.
817 1150 956 1211 Οὔτε
984 1154 1085 1222 τὴν
1147 1154 1392 1222 ὑπακοὴν
1424 1151 1514 1208 διὰ
1568 1158 1668 1221 τὴν
1713 1151 1866 1208 ἐντο-

209 1242 342 1312 λὴν,
397 1239 486 1296 διὰ
525 1239 582 1296 δὲ
637 1244 736 1310 τήν
794 1241 1127 1316 ἐπαγγελίαν
1178 1244 1452 1318 αἱροῦνται
1513 1244 1565 1297 οἱ
1624 1240 1713 1296 διὰ
1766 1245 1864 1310 τῆς

207 1328 537 1406 ἐπαγγελίας
601 1329 974 1401 ὐπακηκοότες
1046 1335 1126 1402 τῷ
1184 1335 1322 1403 Θεῷ,
1399 1329 1610 1386 δελέατι
1665 1328 1867 1400 ἡδονῆς

207 1419 501 1494 ᾑρημένοι.
537 1416 678 1476 Οὐδὲ
697 1421 804 1491 μὴν
833 1422 868 1488 ἡ
899 1423 1006 1473 τῶν
1036 1418 1308 1490 αἰσθητῶν
1333 1421 1651 1494 ἀποστροφὴ
1675 1421 1774 1488 τήν
1800 1421 1868 1474 τὰ

207 1508 352 1581 πρὸς
381 1511 448 1562 τὰ
469 1508 642 1578 νοητά
663 1508 938 1563 οἱκείωσιν
962 1507 1280 1572 ἀκολούθως
1313 1510 1506 1578 ποιοίη
1528 1508 1610 1562 ἄν·
1626 1507 1866 1581 ἔμπαλιν

213 1593 296 1665 δὲ,
329 1599 362 1666 ἡ
387 1597 522 1668 πρὸς
549 1599 616 1652 τὰ
646 1597 811 1662 νοητά
842 1596 1116 1659 οῗκείωσις
1166 1599 1301 1651 κατά
1355 1597 1509 1674 φύσιν
1549 1598 1863 1672 περιαγωγή

208 1689 288 1756 τῷ
318 1690 606 1760 γνωστικῴ
660 1686 765 1740 ἀπὸ
823 1689 930 1739 τῶν
986 1685 1258 1754 αἰσθητῶν
1293 1685 1517 1760 γίνεται,
1557 1688 1674 1739 κατ’
1704 1684 1864 1741 ἐκλο-

1985 527 2074 583 vel
2092 527 2367 593 malis,ab
2387 527 2520 582 aliis
2540 527 2780 598 quidem
2801 527 3201 597 abstinent,ab
3220 531 3351 584 aliis
3364 548 3499 585 vero
3515 533 3632 587 mi-

1986 618 2168 673 nime.
2196 618 2407 671 Verum
2427 617 2487 670 in
2513 617 2584 670 iis
2606 632 2640 670 a
2661 616 2876 687 quibus
2897 616 3199 672 abstinent
3219 619 3628 688 abhorrentes,

1984 711 2319 762 creaturam
2344 711 2401 760 et
2421 706 2694 776 Opiﬁcem
2719 711 3045 759 cernuntur
3073 722 3386 773 accusare;
3413 713 3472 761 et
3492 708 3632 763 licet

1981 795 2112 866 ipsa
2128 796 2324 866 specie
2337 799 2646 849 versentur
2658 795 2734 849 (id
2744 793 3373 860 eliter,habenttamen
3390 796 3628 868 impium

1972 885 2286 956 judicium.
2310 884 2462 938 Illud
2485 889 2682 939 autem
2712 901 2722 937 :
2745 907 2771 932 ‹‹
2802 886 2924 938 Non
2948 886 3352 955 concupisces,
3379 908 3406 934 »
3429 903 3623 956 neque

1979 973 2332 1029 necessitate
2364 979 2514 1045 eget,
2547 990 2677 1043 quas
2720 990 2825 1044 per
2851 974 3124 1027 timorem
3159 973 3416 1043 incussa,
3471 975 3626 1046 cogit

1979 1063 2276 1118 abstinere
2294 1080 2328 1117 a
2347 1062 2622 1118 suavibus
2649 1079 2662 1128 ;
2685 1079 2880 1133 neque
2905 1063 3198 1132 mercede,
3223 1081 3352 1133 quas
3370 1081 3476 1135 per
3497 1081 3628 1135 pr0«

1973 1152 2305 1206 missionem
2319 1152 2669 1221 persuadeat
2681 1153 2992 1222 reprimere
3007 1152 3626 1223 appetitiones.Neque

1976 1240 2374 1295 obedientiam
2387 1246 2629 1310 propter
2641 1240 2984 1295 mandatum
2998 1241 3102 1295 sed
3114 1247 3356 1311 propter
3369 1243 3595 1312 promis
3607 1273 3626 1282 -

1977 1329 2205 1383 sionem
2220 1329 2575 1400 eligunt,qui
2590 1330 2706 1383 Deo
2721 1335 2963 1400 propter
2974 1329 3268 1400 promissa
3282 1329 3630 1398 obediunt,a

1975 1417 2272 1488 voluptate
2287 1417 2672 1472 inescati.Sed
2690 1434 2886 1487 neque
2901 1419 3188 1472 aversatio
3203 1435 3237 1472 a
3250 1418 3425 1472 rebus
3442 1419 3630 1473 sensi-

1975 1505 2133 1562 libus
2164 1507 2503 1561 necessario
2533 1507 2714 1560 infert
2735 1507 3219 1577 conjunctionem
3243 1524 3377 1561 cum
3401 1507 3472 1562 iis
3496 1525 3627 1578 quas

1974 1595 3026 1667 percipiunturintelligentia;contra
3041 1600 3258 1662 autem,
3285 1596 3625 1668 conjunctio

1974 1701 2109 1738 cum
2141 1685 2234 1752 iis,
2267 1701 2398 1754 qum
2431 1684 2826 1755 intelligentia
2858 1684 3286 1755 percipiuntur,
3319 1685 3625 1740 hominem

210 1775 312 1847 γῆν
343 1778 450 1828 τῶν
483 1771 664 1828 καλῶν
695 1773 924 1849 τάγαθόν
971 1773 1220 1846 ἑλομένῳ
1277 1779 1616 1848 γνωστικῶς,
1650 1777 1860 1847 θαυμά-

1976 1774 2302 1844 gnosticum
2317 1773 2668 1828 naturaliter
2681 1772 3011 1827 convertita
3023 1772 3198 1828 rebus
3214 1773 3628 1840 sensilibus;ut

215 1869 360 1932 ζοντι
395 1864 489 1936 μὲν
539 1863 636 1930 τὴν
690 1863 920 1936 γένεσιν,
979 1863 1066 1917 καὶ
1125 1864 1400 1938 ἁγιάζοντι
1457 1864 1546 1916 τὸν
1603 1864 1865 1934 ποιητὴν,

215 1953 488 2028 ἀγιάζοντι
524 1949 581 2006 δὲ
623 1952 721 2020 τήν
782 1953 918 2026 πρὸς
970 1952 1032 2006 τὸ
1086 1956 1240 2006 Θεῖον
1299 1949 1643 2023 ἐξομοίωσιν.
1703 1952 1863 2025 Ἀτάρ

212 2039 323 2115 ἐγὼ
355 2041 453 2114 ἐμὲ
481 2039 722 2113 λύσομαι
749 2047 850 2109 τῆς
880 2040 1191 2114 ἐπιθυμίας,
1225 2042 1392 2110 φήσαι
1446 2044 1578 2113 (32),
1631 2039 1719 2095 διὰ
1769 2041 1867 2109 τὴν

211 2131 346 2204 πρὸς
379 2130 436 2184 σὲ
465 2127 760 2198 οἷκείωσιν,
793 2130 979 2204 Κύριε·
1024 2128 1166 2198 καλὴ
1198 2131 1298 2204 γὰρ
1351 2131 1386 2198 ἡ
1441 2135 1716 2193 κτισθεῖσα
1796 2126 1862 2199 δὴ

213 2217 522 2291 οἰκονομία,
562 2218 648 2271 καὶ
682 2219 858 2271 πάντα
916 2217 972 2271 εὗ
1031 2215 1338 2289 διοικεῖται,
1398 2216 1548 2272 οὐδὲν
1611 2217 1866 2278 ἀναιτίως

206 2308 438 2381 γίνεται.
504 2308 593 2360 Ἐν
646 2310 764 2366 τοῖς
817 2311 936 2368 σοῖς
987 2306 1116 2361 εἶναί
1173 2327 1240 2378 με
1298 2304 1399 2362 δεῖ.
1462 2310 1861 2382 Παντοκρᾶτορ·

206 2392 304 2449 κᾶν
338 2393 563 2457 ἐνταῦθα
593 2392 659 2460 ὦ,
687 2395 832 2470 παρᾶ
871 2393 956 2448 σοὶ
1018 2394 1152 2468 εἰμί·
1187 2393 1350 2464 ἀδεὴς
1401 2392 1449 2449 δ’
1506 2396 1637 2450 εἶναι
1697 2395 1864 2464 θέλω,

203 2481 297 2538 ’ίνα
347 2504 431 2538 σοι
485 2483 815 2558 συνεγγίζειν
867 2481 1107 2556 δυνηθῶ,
1167 2484 1381 2560 ὀλίγοις
1439 2484 1530 2539 καὶ
1565 2485 1862 2558 ἀρκεῖσθαι,

218 2572 460 2644 μελετῶν
493 2575 592 2642 τήν
627 2573 725 2640 σὴν
759 2572 992 2649 ἐκλογὴν
1023 2574 1122 2642 τήν
1155 2571 1364 2629 δικαίαν
1395 2578 1505 2629 τῶν
1541 2573 1723 2628 καλῶν
1757 2572 1863 2626 ἀπὸ

209 2665 320 2716 τῶν
352 2662 580 2734 ὁμοίων.
616 2663 1015 2718 Μυστικώτατα
1061 2663 1153 2716 καὶ
1211 2664 1481 2716 ὁσιώτατα
1523 2662 1550 2714 ὁ
1593 2661 1861 2715 Ἀπόστο-

214 2749 336 2817 λος,
370 2748 639 2804 διδάσκων
670 2753 818 2822 ἡμᾶς
846 2750 946 2817 τὴν
979 2749 1202 2818 ἀληθῶς
1248 2749 1570 2824 εὐχάριστον
1599 2747 1860 2824 ἐκλογὴν,

211 2839 274 2892 οὐ
304 2839 420 2892 κατ’
453 2836 766 2911 ἀπεκλογήν
799 2843 906 2891 τῶν
958 2836 1152 2912 ἐτέρων
1181 2839 1256 2899 ὡς
1315 2835 1560 2915 φαύλων,
1604 2836 1730 2894 ἀλλ’
1788 2839 1862 2902 ὡς

209 2926 396 2982 καλῶν
433 2924 698 2981 καλλίονα
722 2927 1018 2996 ποιεῖσθαι,
1065 2927 1371 2999 μεμήνυκεν
1406 2925 1594 2981 εἰπών’
1629 2951 1657 2978 ‹‹
1705 2928 1862 2982 Ὠστε

207 3016 297 3070 καὶ
333 3016 360 3070 6
391 3014 637 3090 γαμίζων
665 3017 765 3084 τήν
797 3015 1058 3091 παρθένον
1116 3013 1280 3070 αὐτοῦ
1329 3018 1439 3089 (33)
1471 3020 1654 3078 καλῶς
1691 3021 1857 3071 ποιεῖ’

205 3105 296 3160 καὶ
330 3105 357 3158 6
391 3106 468 3177 μή
498 3103 745 3178 γαμίζων
775 3109 1024 3180 κρεῖσσον
1078 3109 1229 3159 ποιεῖ
1283 3105 1416 3180 πρὸς
1470 3103 1533 3159 τὸ
1573 3103 1855 3180 εὔσχημον

1981 1862 2081 1932 qui
2095 1879 2200 1934 per
2212 1879 2438 1930 eorum,
2456 1879 2586 1932 quae
2603 1861 3385 1932 suntpulchra,eleclionem
3399 1863 3623 1918 bonum

1977 1953 2240 2024 gnostice
2255 1952 2518 2023 elegerit,
2533 1950 3473 2022 etadmireturgenerationem,et
3485 1969 3626 2007 san-

1977 2041 2196 2096 ctificet
2214 2042 2701 2108 Creatorem,una
2715 2045 2912 2094 tamen
2926 2040 3258 2095 sanctificet
3272 2057 3401 2096 eam
3415 2059 3546 2111 quas
3561 2043 3628 2096 ﬁt

1977 2132 2094 2185 Deo
2107 2128 2740 2185 assimilationem.Sed
2754 2144 2857 2200 ego
2877 2145 2965 2182 me
2980 2128 3245 2183 liberabo
3260 2129 3626 2185 dixeritacu-

1977 2220 2245 2291 piditate,
2279 2236 2312 2273 ο
2344 2219 2612 2284 Domine,
2647 2223 2712 2271 ut
2742 2217 2887 2271 mihi
2913 2223 3109 2272 tecum
3133 2218 3624 2273 intercedatcon-

1968 2309 2201 2380 junctio
2228 2324 2240 2361 :
2275 2307 2525 2378 pulchra
2555 2306 2713 2359 enim
2747 2311 2856 2370 est,
2891 2323 3022 2375 quaa
3050 2306 3254 2375 utique
3288 2311 3484 2361 creata
3515 2312 3624 2372 est,

1977 2396 2363 2467 dispensatio,
2386 2394 2661 2448 etomnia
2678 2399 2835 2447 recte
2853 2392 3368 2460 administrantur,
3395 2398 3453 2448 et
3476 2393 3624 2448 nihil

1976 2485 2043 2538 fit
2073 2485 2200 2538 sine
2233 2499 2429 2538 causa.
2465 2483 2530 2536 In
2563 2481 2677 2535 tuis
2708 2497 2799 2534 me
2833 2498 2961 2535 esse
2995 2485 3243 2551 oportet,
3276 2498 3308 2534 ο
3343 2483 3624 2553 Omnipo-

1974 2578 2126 2639 tens,
2160 2577 2218 2626 et
2247 2572 2385 2625 licet
2405 2570 2501 2624 hic
2531 2570 2718 2637 fuero,
2753 2586 2882 2624 sum
2907 2569 3063 2640 apud
3096 2575 3188 2635 te;
3220 2570 3322 2625 sed
3354 2571 3484 2625 volo
3516 2588 3621 2625 ex-

1973 2679 2110 2733 pers
2141 2679 2268 2716 esse
2301 2665 2514 2727 metus,
2535 2659 2688 2713 utad
2709 2664 2762 2713 te
2787 2661 3009 2729 possim
3036 2661 3539 2730 appropinquare,
3565 2664 3624 2714 et

1971 2751 2175 2822 paucis
2207 2750 2384 2805 etiam
2416 2754 2752 2815 contentus,
2788 2753 2949 2802 tuam
2980 2749 3223 2803 imitans
3242 2750 3468 2820 justam
3500 2750 3619 2804 ele-

1971 2841 2254 2907 ctionem,
2288 2857 2418 2910 quze
2449 2838 2636 2892 bonos
2667 2855 2700 2892 a
2731 2837 3026 2892 similibus
3043 2837 3346 2893 discernit.
3383 2840 3620 2910 Mystice

1971 2928 2294 2984 admodum
2309 2933 2581 2982 etsancte
2604 2944 2711 2982 nos
2730 2927 2951 2981 docens
2969 2928 3287 2998 Apostolus
3311 2945 3464 2994 eam,
3489 2945 3620 2998 qua)

1969 3035 2102 3073 vere
2133 3024 2298 3086 grata
2328 3022 2436 3084 est,
2466 3017 2838 3081 electionem,
2864 3033 2982 3070 non
3005 3017 3121 3072 alia
3152 3023 3436 3088 tanquam
3462 3017 3620 3074 mala

1970 3106 2362 3177 reprobanda,
2399 3104 2500 3159 sed
2533 3104 2707 3159 bonis
2737 3105 2854 3159 alia
2875 3106 3173 3160 censenda
3201 3123 3328 3161 esse
3351 3107 3618 3173 meliora,

204 3194 292 3249 καὶ
344 3191 674 3268 εὐπάρεδρον
722 3199 803 3266 τῷ
849 3193 1042 3268 Κυρίῳ
1099 3195 1530 3268 ἀπερισπάστως.
1587 3218 1614 3245 ››
1675 3196 1854 3267 ’Ἰσμεν

1973 3195 2323 3268 significavit
2345 3194 2550 3248 dicens
2577 3211 2637 3246 τα
2665 3195 2854 3258 Quare
2879 3199 2937 3248 et
2958 3195 3057 3264 qui
3080 3195 3619 3266 matrimoniojun-

206 3280 265 3337 δὶ
292 3283 359 3336 τὰ
397 3283 491 3354 μὲν
523 3279 854 3358 δυσπόριστα
885 3283 983 3338 οὐκ
1035 3283 1322 3357 ἀναγκαῖα·
1367 3283 1434 3336 τὰ
1487 3280 1543 3337 δὲ
1593 3282 1856 3358 ἀναγκαῖα

207 3371 500 3442 εὐπόριστα
557 3378 879 3446 γεγενῆσθαι
932 3369 1249 3448 φιλαγάθως
1303 3373 1452 3447 παρὰ
1527 3375 1623 3426 τοῦ
1700 3377 1852 3429 Θεοῦ.

211 3459 408 3533 Διόπερ
442 3461 470 3514 ὁ
499 3459 848 3533 Δημόκριτος
878 3461 934 3515 εὖ
965 3459 1131 3536 λέγει,
1163 3460 1238 3524 ὡς
1287 3485 1314 3512 ‹‹
1369 3463 1403 3530 ἡ
1455 3460 1610 3536 φύσις
1651 3482 1708 3516 τε
1764 3463 1854 3517 καὶ

213 3545 414 3623 διδαχή
449 3548 830 3622 παραπλήσιόν
864 3549 994 3604 ἐστι’
1057 3576 1078 3604 ι
1143 3550 1232 3604 καὶ
1287 3551 1386 3619 τὴν
1439 3550 1612 3605 αἰτίαν
1671 3550 1858 3606 συντό-

219 3659 336 3711 μως
361 3635 952 3712 προσαποδεδώκαμεν’
1011 3639 1098 3693 καὶ
1150 3638 1250 3713 γὰρ
1309 3641 1344 3708 ἡ
1396 3637 1598 3715 διδαχὴ
1657 3640 1856 3716 μεταρ-

219 3726 467 3802 ῥυθμίζει
497 3728 590 3782 τὸν
651 3725 958 3801 ἄνθρωπον
1023 3727 1475 3804 μεταρῥυθμοῦσα
1532 3727 1608 3799 δὲ,
1669 3751 1855 3793 φυσιοο

202 3821 371 3870 ποιεῖ’
459 3815 548 3869 καὶ
628 3812 904 3890 διήνεγκεν
991 3813 1169 3882 οὐδὲν,
1227 3815 1263 3883 ἢ
1333 3816 1487 3894 φύσει
1546 3815 1856 3883 πλασθῆναι

199 3900 492 3974 τοιόνδε,ἢ
528 3903 714 3978 χρόνῳ
747 3904 832 3958 καὶ
868 3905 1096 3976 μαθήσει
1133 3908 1604 3976 μετατυπωθῆναι.
1650 3911 1853 3984 ’Ἄμφω

204 3991 263 4048 δὲ
293 3994 322 4046 6
355 3993 550 4066 Κύριος
582 3993 948 4068 παρέσχηται·
990 3993 1053 4047 τὸ
1088 3993 1181 4065 μὲν
1239 3994 1376 4047 κατὰ
1431 3995 1529 4062 τήν
1591 3992 1857 4068 δημιουρ-

201 4082 350 4157 γίαν,
381 4081 442 4136 τὸ
475 4079 532 4136 δὲ
561 4083 699 4136 κατὰ
738 4083 827 4137 τὸν
890 4081 948 4136 ἐκ
993 4088 1092 4151 τῆς
1154 4084 1428 4152 Διαθήκης
1485 4084 1757 4138 ἀνάκτισίν
1801 4105 1858 4140 τε

200 4170 293 4225 καὶ
373 4169 684 4226 ἀνανέωσιν.
747 4173 824 4226 Τὸ
911 4167 968 4224 δὲ
1015 4171 1288 4247 συμφέρον
1357 4175 1436 4242 τῷ
1519 4171 1855 4248 κυριωτέρῳ,

199 4263 362 4314 τοῦτο
396 4259 775 4333 αἱρετώτερον·
812 4260 1147 4334 κυριώτατον
1179 4257 1236 4313 δὲ
1281 4260 1498 4315 πάντων
1531 4263 1565 4330 ἡ
1622 4257 1854 4318 διάνοια.

203 4347 357 4402 Οὕτω
396 4347 576 4402 τοίνυν
624 4351 704 4419 τῷ
761 4343 873 4401 ὄντι
932 4345 1077 4402 καλά
1132 4347 1374 4424 φαίνεται
1430 4347 1644 4419 ἣδιστα,
1731 4353 1858 4423 παρ’

203 4437 368 4492 αὐτοῦ
401 4434 457 4491 δὲ
497 4435 776 4512 πορίζεται
831 4439 942 4510 (34)
991 4436 1048 4491 ὅν
1099 4438 1258 4491 ποθεῖ
1310 4438 1542 4512 καρπὸν,
1600 4440 1699 4508 τὴν
1755 4447 1856 4509 τῆς

1965 3286 2048 3357 git
2077 3284 2362 3355 virginem
2397 3298 2586 3349 suam,
2621 3282 2771 3336 bene
2803 3282 2982 3348 facit;
3017 3288 3074 3335 et
3105 3283 3204 3352 qui
3237 3300 3354 3337 non
3397 3284 3617 3354 jungit,

1967 3373 2352 3440 meliusfacit,
2373 3371 2445 3426 ad
2466 3372 2546 3436 id,
2567 3371 2725 3441 quod
2746 3371 3061 3426 honestum
3082 3373 3335 3427 est229
3359 3378 3418 3426 et
3433 3373 3620 3428 facul-

1965 3469 2147 3518 tatem
2171 3461 2395 3533 praebet
2417 3459 2709 3515 indivulse
2734 3461 2982 3515 Domino
3001 3460 3413 3531 assidendi(a).
3444 3481 3464 3510 ι
3492 3461 3615 3515 Sci-

1967 3571 2098 3608 mus
2129 3559 2327 3607 autem
2360 3568 2448 3618 ea,
2477 3569 2608 3622 quae
2639 3550 2960 3605 difﬁculter
2992 3550 3232 3620 quidem
3263 3551 3459 3621 parari
3484 3567 3614 3622 pos-

1969 3648 2123 3703 sunt,
2160 3657 2281 3695 non
2317 3657 2443 3695 esse
2475 3639 2814 3694 necessaria
2837 3655 2849 3704 ;
2875 3655 3006 3708 quae,
3031 3645 3227 3694 autem
3251 3644 3389 3693 sunt
3408 3655 3612 3695 neces-

1968 3731 2357 3800 saria,paratu
2371 3729 2569 3783 facilia
2581 3727 2944 3799 benignitate
2962 3729 3060 3782 Dei
3075 3744 3202 3782 esse
3215 3727 3612 3793 facta.Quam-

1967 3820 2172 3874 obrem
2203 3819 2351 3873 bene
2384 3817 2527 3872 dicit
2561 3817 2952 3884 Democritus,
3007 3839 3032 3865 ‹‹
3083 3822 3356 3872 naturam
3408 3823 3465 3872 et
3510 3818 3619 3873 do-

1967 3909 2223 3963 ctrinam
2239 3924 2362 3961 rem
2389 3922 2519 3960 esse
2537 3905 2924 3976 persimilem.
2949 3928 2975 3953 ››
2993 3906 3242 3960 Causam
3267 3913 3463 3961 autem
3482 3906 3619 3961 bre-

1969 3998 2116 4051 viter
2128 3994 2804 4050 reddidimus.Doctrina
2817 3994 2973 4048 enim
2989 3994 3286 4049 hominem
3301 3996 3624 4050 concinnat

1969 4093 2028 4141 et
2044 4085 2348 4157 componit
2369 4103 2382 4150 ;
2403 4083 2772 4138 concinnans
2794 4088 2990 4136 autem
3020 4099 3086 4137 ac
3104 4100 3486 4155 componens,
3513 4101 3619 4140 na-

1969 4183 2162 4230 turam
2196 4174 2247 4227 ei
2281 4172 2530 4238 tribuit;
2564 4187 2758 4240 neque
2790 4171 3059 4237 interest,
3092 4188 3167 4226 an
3196 4172 3375 4227 fuerit
3404 4178 3618 4228 natura

1970 4266 2214 4318 effectus
2238 4262 2394 4329 talis,
2417 4278 2494 4316 an
2521 4266 2785 4331 tempore
2811 4265 2868 4314 et
2887 4260 3205 4331 disciplina
3225 4262 3616 4317 transforma-

1970 4358 2084 4406 tus.
2117 4353 2444 4420 Utrumque
2475 4357 2672 4404 autem
2704 4349 2956 4420 praabuit
2981 4350 3287 4417 Dominus,
3313 4350 3461 4404 illud
3484 4351 3621 4420 qui-

1970 4441 2105 4495 dem
2136 4457 2242 4511 per
2275 4439 2666 4508 creationem,
2694 4438 2805 4493 hoc
2827 4455 2962 4493 vero
2986 4456 3091 4510 per
3111 4439 3540 4494 recreationem
3561 4437 3626 4501 ἦ(

205 4529 393 4600 ψυχῆς
445 4528 557 4597 (35)
615 4524 943 4590 εὐστάθειαν.
995 4550 1021 4578 ‹‹
1056 4527 1116 4583 Ὀ
1175 4523 1232 4580 δὲ
1285 4526 1422 4599 ἐμοῦ
1471 4527 1704 4597 ἀκούων,
1759 4550 1860 4605 φη.

1975 4536 2033 4585 et
2061 4529 2526 4594 renovationem,
2553 4543 2684 4596 qua:
2717 4527 2783 4581 fit
2805 4544 2871 4582 ex
2904 4528 3299 4582 Testamento.
3331 4527 3495 4592 Quod
3518 4542 3626 4582 au-

280 4653 404 4720 (a)I
433 4652 561 4706 Cor.
585 4669 681 4722 vn,
714 4653 805 4722 38,
830 4655 917 4710 35.
963 4658 1027 4722 ›ι‹
1065 4653 1128 4708 P.
1162 4655 1266 4707 632
1294 4655 1406 4708 ΕΙ).
1431 4655 1726 4723 POTTER,
1761 4654 2000 4711 334-334
2030 4655 2142 4711 ED.
2175 4653 2402 4708 PARIS.

277 4795 389 4865 (31)
421 4793 800 4870 ξΕπαγγελίας.
860 4795 1167 4851 Editiones
1203 4797 1606 4870 _Sﬁylburgiana
1652 4816 1862 4854 recen-

203 4868 386 4948 tiores
417 4865 748 4948 ἀπαγγελίας
780 4883 1096 4948 perperam
1129 4865 1428 4948 exhibent.

275 4939 384 5008 (32)
435 4939 638 5014 ειξήσοιι.
674 4939 796 5014 Etsi
844 4940 1167 5014 optativum
1225 4940 1392 5014 φήσαι
1441 4941 1582 4995 ferri
1641 4947 1856 5012 potest,

203 5015 404 5086 tamen
433 5010 480 5064 si
513 5011 646 5081 quis
676 5011 1058 5086 indica-tivum
1077 5010 1673 5086 orﬁaez‘malit,_per_me
1697 5010 1855 5086 licet.

203 5081 435 5158 Allusio
467 5088 666 5158 autem
700 5089 788 5136 est
817 5081 891 5158 ad
917 5081 1693 5158 Homericumillud;A61&p
1725 5083 1858 5157 ἐγὼν

206 5150 367 5212 αὐτὸς
397 5151 494 5222 ἐμὲ
527 5149 785 5222 λύσομαι.
820 5155 1090 5209 SYLBURG.

279 5225 390 5298 (33)
419 5220 480 5298 Ὀ
517 5220 764 5297 γαμίζων
822 5225 920 5291 τὴν
980 5220 1543 5298 παρθένονηαύτοῦεῐ
1595 5227 1726 5282 Cor.
1759 5230 1854 5294 vni,

203 5293 852 5372 ὁ-ἐκγαμίζων,οῐηὶ880
883 5293 1198 5372 commatio
1254 5297 1380 5362 illo,
1438 5297 1537 5363 τήν
1593 5299 1856 5372 παρθένον

203 5365 389 5439 αὐτοῦ·
412 5365 583 5439 quod
614 5368 908 5439 glossema
940 5385 1067 5423 esse
1090 5369 1322 5423 videtur
1365 5386 1377 5422 :
1415 5374 1472 5424 et
1528 5365 1687 5439 mox,
1720 5370 1748 5424 ὁ
1803 5366 1860 5422 δὲ

205 5438 282 5512 μῌή
320 5436 960 5512 ἐκγαμίζωνίηδγωυιιο.
1003 5472 1071 5480 -
1121 5441 1291 5507 Dein,
1332 5436 1697 5512 εὐπρόσεδρον
1753 5459 1859 5512 pro

203 5507 560 5583 εὐπάρεδρον.
603 5511 749 5566 Ibid.

278 5577 388 5656 (34)
422 5577 554 5656 Παρξ
584 5583 752 5637 αὐτοῦ
784 5577 840 5656 δὲ
870 5579 1052 5654 πορίζ.
1083 5583 1148 5656 ᾼ,
1183 5580 1650 5656 insertacopula
1696 5584 1859 5656 legit,

202 5651 298 5706 καὶ
331 5654 455 5726 παρ’
492 5651 872 5729 αὐτοῦ-πορίς.
899 5651 1047 5729 Mox,
1102 5652 1266 5729 Vulg:
1309 5653 1456 5729 Bibl.
1490 5651 1857 5729 Proverbii,

205 5721 616 5794 κατασκηνώσει
667 5721 980 5781 ἔπ”ἐλπίδι
1029 5721 1330 5786 πεποιθώς.
1365 5725 1637 5784 SYLBURG.
1682 5759 1752 5769 —
1779 5727 1863 5783 lbi

1972 4815 2106 4854 vero
2120 4795 2446 4851 Flaminius
2460 4795 2725 4849 Nobilius
2741 4809 2770 4864 e
2789 4793 3012 4864 scholio
3033 4795 3286 4864 quodam
3309 4795 3434 4852 haac
3447 4797 3624 4853 verba

1972 4868 2274 4925 adnotavit
2298 4883 2310 4920 :
2345 4864 2701 4918 ἀναπαύσεται
2734 4862 2786 4917 ἐν
2811 4863 3000 4936 εἰρήνῃ
3027 4862 3329 4927 πεποιθώς.

2043 4942 2154 5010 (35)
2187 4939 2298 5003 Τῆς
2328 4936 2534 5010 ψυχῆς.
2565 4939 2789 5010 Rursus
2820 4937 3246 5010 Democritum
3286 4940 3503 4994 imitari
3526 4941 3619 4994 vi-

1971 5005 2180 5066 detur:
2217 5005 2356 5064 nam
2389 5009 2492 5063 ille
2520 5008 2618 5072 τήν
2655 5005 2852 5059 εὐεστὼ
2876 5025 3177 5063 summum
3200 5010 3422 5066 bonum
3441 5012 3618 5066 dixit:

1968 5080 2134 5141 Τέλος
2168 5077 2225 5133 δὲ
2249 5079 2382 5152 εἶναι
2411 5082 2509 5146 τήν
2544 5079 2824 5147 εὐθυμίαν,
2860 5076 2920 5130 οὐ
2969 5080 3098 5152 τὴν.
3123 5079 3290 5148 αὐτὴν
3345 5082 3506 5134 οὖσαν
3551 5084 3621 5152 τῇ

1969 5151 2149 5224 ἡδονῇ
2179 5151 2252 5210 ὡς
2283 5148 2442 5224 ἔνιοι,
2472 5150 2932 5224 παρακούσαντες,
2965 5147 3286 5224 ἐξεδέξαντο,
3330 5151 3476 5206 ἀλλά
3505 5147 3626 5224 καθ’

1970 5219 2038 5294 ἦν
2067 5219 2323 5297 γαληνῶς
2346 5220 2438 5297 καὶ
2467 5219 2738 5297 εὐσταθῶς
3072 5219 3283 5296 δι’ἀγει,’
3315 5224 3418 5297 ἀπὸ
3453 5221 3626 5297 μηδε-

1969 5287 2693 5368 νὶίταράττομέηᾍφόϐου,
2845 5287 3385 5368 δεισιδαιμονίας,ᾲῆ
3447 5287 3622 5368 ἀλλου

1969 5368 2112 5426 τινὸς
2145 5361 2368 5425 πάθους.
2405 5361 2576 5419 Καλεϊ
2625 5361 2681 5418 δὲ
2730 5365 2896 5432 αὐτὴν
2957 5361 3176 5431 εὐεστὼ,
3236 5361 3327 5418 καὶ
3385 5363 3623 5425 πολλοῖς

1972 5438 2168 5500 ἄλλοις
2185 5436 2462 5506 ὀνόμασιν.
2496 5460 2515 5485 α
2545 5437 2745 5492 Finem
2764 5455 2897 5492 vero
2921 5455 3049 5492 esse
3072 5445 3298 5492 rectum
3322 5437 3620 5506 quietum-

1972 5530 2087 5583 que
2119 5510 2304 5583 animi
2339 5513 2716 5583 statum,qum
2736 5527 2854 5564 non
2875 5509 3031 5563 idem
3064 5509 3306 5579 sitquod
3331 5508 3621 5583 voluptas,

1969 5579 2037 5639 ut
2059 5581 2299 5654 quidam
2314 5580 2552 5651 oblique
2577 5583 3271 5654 interpretan_tur,verum
3299 5579 3625 5634 secundum

1975 5651 2153 5726 quam
2177 5654 2414 5726 animus
2447 5669 2660 5726 magna
2691 5651 3122 5726 tranquillitate
3173 5654 3628 5726 constantiaque

1973 5722 2182 5784 Beatus
2213 5724 2472 5797 est,dum
2503 5722 2668 5781 nullo
2700 5722 3057 5792 metu,nulla
3078 5725 3634 5796 superstitione,aut
