4004 6144
332 351 472 409 1359

1561 346 1965 404 ΟΙΒΠΒΝΤῙΒ
1999 345 2500 404 ALEXAND!!!“

3598 346 3734 402 {360

328 485 446 534 tem
481 477 759 534 conducit
787 477 863 539 ei,
891 473 1051 546 quod
1076 479 1167 530 est
1196 473 1382 547 magis
1411 472 1763 545 principale,
1792 470 1853 527 id
1883 478 1957 528 est

2086 469 2190 539 σὶν,
2225 468 2585 530 ἀναπαύσεται
2617 470 2699 527 ἐπ’
2748 470 2941 547 εἴρηνῃ
2974 469 3277 541 πεποιθὼς,
3336 469 3428 525 καὶ
3474 469 3736 545 ἠσυχάσει

329 569 515 640 magis
568 565 946 638 eligendum;
1006 569 1097 619 est
1151 570 1350 620 autem
1402 562 1669 619 omnium
1719 561 1976 617 maxime

2089 554 2310 636 ἀφόϐως
2361 559 2467 614 ἀπὸ
2518 560 2720 624 παντὸς
2773 564 2964 617 κακοῦ.
3016 563 3153 624 Ἰσθι
3202 559 3482 621 πεποιθὼς
3523 558 3576 613 έν
3629 558 3731 633 ὅλῃ

328 656 677 729 principale,
737 670 928 709 mens.
990 654 1082 709 Sic
1155 669 1291 726 ergo
1360 651 1637 707 videntur
1694 667 1783 719 ea,
1842 666 1957 722 qua

2086 645 2278 722 καρδίᾳ
2308 668 2404 703 σου
2436 648 2625 723 καὶτῇ
2681 646 2894 720 διανοίᾳ
2950 670 3046 705 σου
3095 652 3205 723 (36)
3264 647 3352 704 ἐπὶ
3403 653 3485 721 τῷ
3535 652 3670 719 Θεῷ.
3705 672 3733 700 ιο

327 762 461 800 vere
519 744 678 799 bona
729 750 887 810 sunt,
947 759 1076 799 esse
1136 741 1619 812 jucundissima;
1676 746 1735 795 et
1785 757 1857 796 ex
1913 755 1976 795 se

2083 736 2277 809 Τούτῳ
2309 734 2531 792 δυνατὸν
2562 737 2642 809 τῷ
2671 732 2861 811 τρόπῳ
2888 738 2980 793 τὸν
3009 738 3303 812 γνωστικὸν
3346 734 3454 808 ἢδη
3490 737 3739 811 γενέσθαι

330 833 601 905 praabent
634 849 792 900 eum,
827 848 1004 903 quem
1037 830 1399 899 desiderant,
1448 831 1728 898 fructum,
1762 843 1957 899 nemp1

2086 823 2215 879 Θεόν
2245 829 2377 899 (37).
2441 851 2470 880 (ι
2531 826 2670 901 Ἐγὼ
2719 827 2860 881 εἶπα·
2924 826 3046 882 Θεοί
3099 826 3217 882 ἐστε
3266 826 3357 882 καὶ
3416 826 3526 881 υἱοὶ
3578 825 3739 899 Ὑψί-

333 926 547 979 animae
580 923 1097 994 tranquillitatem.
1140 942 1160 971 ι
1190 923 1297 988 Qui
1337 926 1536 977 autem
1586 937 1682 977 me
1729 916 1914 986 audit,
1946 938 1974 968 ››

332 1015 548 1085 inquit,
603 1033 628 1064 ι
677 1013 1014 1084 requiescet
1058 1011 1121 1067 in
1171 1028 1315 1083 pace
1363 1010 1692 1077 conﬁdens,
1743 1014 1803 1064 et
1852 1007 1979 1062 sine

2087 934 2236 969 στου.
2275 937 2303 965 »

2160 1007 2307 1071 Φησί
2337 1000 2395 1057 δὶ
2421 1001 2511 1058 καὶ
2551 1003 2581 1058 6
2616 1000 3000 1076 Ἐμπεδοκλῆς
3055 1005 3195 1078 (38),
3251 1008 3362 1060 τῶν
3420 1008 3602 1082 σοφῶν
3649 1004 3748 1066 τὰς

330 1109 495 1159 metu
525 1103 910 1173 conquiescet
931 1101 1003 1156 ab
1027 1101 1190 1155 omni
1208 1101 1365 1156 malo
1390 1105 1484 1168 (α).
1510 1097 1751 1154 Conﬂ’de
1773 1097 1835 1151 in
1858 1100 1957 1151 toti

2089 1090 2270 1166 ψυχὰς
2303 1089 2458 1155 θεοὺς
2487 1092 2753 1166 γίνεσθαι,
2776 1090 2884 1147 ὧδέ
2922 1113 3039 1155 πως
3068 1093 3314 1169 γράφων·

331 1193 507 1248 corde
539 1197 637 1247 tuo
666 1197 724 1245 et
754 1196 953 1246 mente
985 1195 1085 1246 tua
1114 1191 1176 1245 in
1199 1191 1318 1245 Deo
1341 1190 1436 1259 (b).
1473 1211 1501 1239 »
1535 1190 1655 1244 Hoc
1683 1186 1862 1243 modo
1892 1184 2026 1241 ﬁeri
2059 1186 2255 1254 potest
2281 1188 2349 1236 ut
2376 1182 2464 1236 vir
2516 1183 2820 1255 gnosticus
2857 1183 2986 1255 jam
3041 1185 3195 1239 Deus
3253 1183 3525 1239 evaserit.
3565 1202 3591 1235 ι
3623 1184 3742 1255 Ego

329 1282 470 1351 dixi,
505 1281 585 1336 dii
618 1281 779 1351 estis,
806 1284 864 1335 et
894 1279 1002 1335 ﬁlii
1031 1278 1324 1334 Altissimi
1354 1277 1450 1350 (ο).
1482 1299 1513 1331 ››
1546 1277 1700 1334 Dicit
1727 1279 1924 1332 autem
1955 1269 2345 1343 Empedocles
2376 1286 2614 1342 quoque
2645 1271 3006 1343 sapientium
3026 1272 3258 1327 animas
3275 1272 3418 1328 deos
3448 1270 3603 1336 ﬁeri,
3632 1270 3750 1325 hoc

326 1369 505 1425 modo
538 1369 806 1425 scribens
832 1385 845 1421 :

434 1476 708 1531 Postremo
737 1481 901 1543 vates,
950 1481 1001 1529 et
1033 1476 1132 1545 qui
1157 1474 1385 1544 hymnos
1434 1474 1677 1545 carmine
1727 1476 1974 1545 cantant,

434 1549 503 1601 Et
532 1546 858 1616 medicique,
890 1543 1160 1616 ducesque
1205 1543 1344 1600 uiris
1384 1543 1972 1616 mortalibusiadsunt.

435 1620 577 1673 Hinc
616 1615 890 1674 exsistunt
918 1619 1018 1686 dii,
1051 1615 1180 1673 sunt
1197 1632 1432 1688 quorum
1455 1618 1698 1672 maxime
1721 1615 1975 1670 honores.

401 1810 592 1878 Atque
623 1808 800 1863 homo
823 1806 1063 1878 quidem
1085 1806 1355 1863 absolute
1375 1822 1443 1862 ac
1467 1806 1797 1879 generatim
1814 1820 1976 1860 sum-

2086 1461 2183 1525 Elc
2264 1459 2323 1518 δὶ
2375 1462 2559 1534 τέλος,
2625 1464 2847 1536 μάντεις
2919 1484 3001 1535 τι,
3084 1463 3175 1519 καὶ
3263 1462 3592 1538 ὑμνοπόλοι,
3630 1462 3747 1538 ,καὶ

3439 1533 3668 1609 [ἶηῖτροῖ.

2085 1604 2188 1663 Καὶ
2263 1603 2472 1696 πρόμοι
2552 1606 2918 1681 ἀνθρώποισιν
3004 1604 3374 1699 ἐπιχθονίοισι
3440 1603 3750 1661 πέλονται·

2086 1680 2152 1699 un
2189 1679 2253 1699 IL,
2368 1697 2390 1699 μ
2433 1670 2550 1699 γρκ-
2590 1682 2694 1699 ,7,”
2844 1680 2953 1699 Inn\
3030 1680 3056 1699 Λ
3326 1681 3352 1692 -ι
3404 1698 3407 1699 ,
3522 1679 3563 1699 ο-
3640 1697 3690 1699 γ-

2086 1670 2317 1734 Ἔνθεν’
2363 1670 2754 1733 άναϐλαστόῦσι
2841 1680 2956 1752 (39)
3030 1670 3163 1733 θεοῖ
3220 1681 3414 1752 τιμῇσι
3473 1679 3748 1754 φέριστοι.

2084 1803 2145 1860 Ὀ
2181 1802 2276 1876 μὶν
2305 1801 2398 1858 οὖν
2430 1799 2718 1879 ἄνθρωπος
2776 1803 2966 1865 ἁπλῶς
3025 1804 3181 1866 οὗτος
3213 1804 3330 1860 κατ’
3388 1800 3533 1859 ἰδέαν
3564 1800 3755 1859 πλᾶσ-

332 1902 467 1967 ptus
498 1896 789 1951 formatur
815 1896 1141 1951 secundum
1172 1896 1369 1952 ideam
1411 1878 1656 1967 spiritus
1685 1894 1734 1949 si
1764 1909 1949 1965 conge

2086 1913 2232 1947 σεται
2287 1897 2385 1948 τοῦ
2435 1878 2719 1968 συμφυοῦς
2766 1893 3097 1967 πνεύματος·
3149 1891 3275 1949 οὐδὲ
3320 1894 3426 1969 γὰρ
3481 1889 3753 1960 ἀνείδεος,

332 1986 461 2040 niti.
487 1988 687 2056 Neque
718 1986 876 2040 enim
899 1985 1027 2039 sine
1046 1985 1239 2038 forma
1258 1989 1317 2038 et
1338 1985 1534 2055 specie
1552 1988 1788 2038 creatur
1807 1983 1869 2037 in
1886 1981 1972 2037 of-

330 2075 509 2129 ficina
537 2079 784 2139 natura,
817 2072 918 2127 ubi
947 2071 1207 2126 hominis
1235 2071 1539 2144 generatio
1559 2071 1808 2142 mystice
1838 2085 1970 2140 per-

2082 1979 2197 2037 οὐδ’
2251 1982 2668 2058 ἀσχημάτιστος
2727 1982 2780 2039 έν
2832 1988 2911 2055 τῷ
2964 1991 3067 2054 τῆς
3125 1983 3338 2061 φύσεως
3394 1982 3744 2059 ἐργαστηρίῳ

2080 2066 2526 2146 δημιουργεῖται,
2585 2070 2709 2128 ἔνθα
2769 2077 3047 2146 μυστικῶς
3101 2072 3395 2148 ἀνθρώπου
3444 2069 3749 2128 έκτελεῖται

328 2163 544 2229 ﬁcitur,
578 2178 712 2216 cum
735 2160 813 2216 sit
841 2160 1179 2216 communis
1207 2165 1266 2215 et
1285 2176 1381 2215 ars
1402 2164 1461 2215 et
1479 2160 1757 2215 essentia.
1783 2159 1957 2213 Homc

2086 2156 2303 2233 γένεσις,
2337 2167 2526 2230 κοινῆς
2575 2158 2747 2230 οὔσης
2804 2161 2896 2216 καὶ
2944 2168 3045 2231 τῆς
3098 2163 3303 2237 τέχνης
3346 2162 3439 2216 καὶ
3489 2168 3593 2231 τῆς
3642 2159 3747 2216 οὐ·

326 2256 525 2306 autem
556 2251 650 2304 hic
682 2250 998 2322 quispiam,
1033 2265 1137 2306 seu
1166 2250 1345 2304 homo
1377 2248 1716 2321 singularis,
1761 2248 1968 2303 chara-

324 2346 546 2396 cterem
580 2339 829 2410 suscipit
858 2356 928 2394 ex
957 2339 1151 2394 forma
1181 2338 1394 2394 animae
1426 2337 1608 2393 insita
1631 2352 1702 2392 ex
1730 2337 1805 2392 iis
1836 2352 1968 2408 quas

324 2428 586 2502 elegerit.
620 2429 743 2494 Qua
766 2428 993 2484 ratione
1024 2427 1211 2484 Adam
1245 2442 1481 2499 quoque
1510 2426 1765 2482 dicimus
1784 2425 1969 2481 fuisse

2078 2246 2194 2308 σίας
2238 2248 2267 2302 6
2300 2244 2359 2303 δὲ
2384 2248 2470 2311 τὶς
2525 2248 2812 2325 ἅνθρωπος
2865 2250 3003 2305 κατὰ
3056 2250 3299 2306 τύπωσιν
3355 2251 3456 2320 τήν
3516 2249 3738 2325 ἐγγινο-

2080 2336 2248 2408 μένην
2288 2340 2358 2411 τῇ
2411 2340 2592 2413 ψυχῇ,
2649 2338 2724 2392 ὧν
2779 2336 2840 2393 ἂν
2893 2340 3215 2414 αἱρήσηται,
3248 2339 3733 2414 χαρακτηρίξεται.

2074 2429 2145 2494 ᾝ
2171 2425 2263 2479 καὶ
2291 2425 2383 2480 τὸν
2407 2424 2588 2498 Ἀδάμ
2615 2424 2825 2482 τέλειον
2888 2426 2983 2499 μὲν
3043 2427 3119 2489 ὡς
3173 2428 3313 2501 πρὸς
3366 2429 3471 2495 τὴν
3529 2426 3736 2483 πλάσιν

322 2520 672 2589 perfectum,
720 2517 877 2588 quod
936 2518 1149 2571 attinet
1194 2517 1268 2572 ad
1312 2516 1772 2584 formationem;
1819 2514 1957 2569 nihil

2086 2512 2350 2587 γεγονέναι
2397 2512 2593 2589 φαμέν·
2654 2511 2811 2568 οὐδὲν
2869 2516 2970 2588 γάρ
3028 2519 3136 2569 τῶν
3205 2515 3732 2592 χαρακτηριζόντων

325 2607 483 2662 enim
517 2608 568 2661 ei
601 2606 789 2662 defuit
819 2622 888 2660 ex
918 2606 993 2660 iis
1025 2622 1155 2677 quas
1186 2607 1417 2661 homini
1442 2605 1647 2661 formae
1671 2609 1730 2660 et
1751 2604 1957 2676 speciei

2086 2603 2174 2670 τὴν
2205 2602 2493 2677 ἀνθρώπου
2525 2600 2669 2657 ἰδέαν
2712 2622 2773 2657 τε
2827 2604 2914 2658 καὶ
2981 2605 3194 2680 μορφὴν
3250 2601 3532 2675 ἐνεδέησεν
3563 2606 3736 2678 αὐτῷ·

325 2697 726 2751 characterem
756 2694 1044 2749 tribuunt.
1069 2694 1233 2759 Quod
1256 2700 1454 2751 autem
1486 2694 1627 2749 dum
1660 2694 1850 2760 ﬁeret,
1870 2709 1971 2748 ac-

325 2784 481 2855 cepit
510 2783 955 2856 perfectionem,
982 2782 1373 2854 justiﬂcatum
1405 2788 1496 2838 est
1524 2800 1629 2855 per
1673 2781 1967 2838 obedien-

326 2874 488 2932 tiam.
524 2874 634 2927 hoc
656 2878 802 2939 erat,
831 2872 988 2942 quod
1011 2872 1070 2925 in
1094 2871 1280 2926 virum
1300 2870 1622 2940 crescebat,
1647 2888 1862 2944 nempe
1884 2870 1964 2935 id,

326 2962 484 3032 quod
514 2962 577 3015 in
608 2961 738 3031 ejus
760 2965 1051 3032 potestate
1081 2966 1208 3015 erat
1235 2961 1433 3028 situm,
1459 2977 1563 3017 seu
1592 2961 1850 3016 liberum
1872 2977 1966 3016 ar-

322 3050 589 3103 bitrium.
608 3049 773 3114 Quod
785 3053 982 3103 autem
999 3049 1262 3121 elegerit,
1281 3054 1457 3121 atque
1475 3048 1621 3104 adeo
1640 3050 1801 3121 quod
1816 3050 1965 3104 veti-

320 3142 445 3191 tum
462 3137 852 3208 elegerit,non
867 3143 957 3192 est
969 3138 1144 3210 culpa
1156 3139 1216 3192 in
1230 3139 1438 3204 Deum,
1454 3138 1559 3193 sed
1573 3138 1633 3193 in
1646 3138 1964 3209 eligentem

319 3226 696 3281 conferenda.
722 3226 951 3298 Duplex
982 3228 1140 3282 enim
1167 3233 1258 3283 est
1287 3229 1590 3299 generatio
1617 3244 1630 3281 :
1660 3243 1784 3282 una
1829 3226 1962 3297 qui-
1996 3252 2049 3334 C-

325 3313 446 3334 Αη,
490 3329 682 3334 Δηημ
727 3314 816 3334 μμ,
859 3314 1172 3334 _g_____.___
1222 3314 1395 3334 -.μμ
1429 3330 1560 3334 -____
1612 3330 1801 3334 --μω
1840 3329 1959 3334 μ-,μ

318 3313 451 3366 dem
484 3329 688 3368 eorum
720 3314 821 3384 qui
851 3314 1194 3386 gignuntur,
1218 3314 1406 3370 altera
1429 3330 1569 3369 vero
1604 3330 1809 3369 eorum
1832 3329 1966 3384 qum

316 3401 487 3455 fiunt.
510 3403 580 3455 Et
600 3402 860 3456 hominis
881 3401 1122 3472 quidem
1145 3402 1392 3458 virilitas
1417 3407 1476 3457 et
1500 3402 1804 3470 fortitudo,
1828 3418 1965 3457 cum

317 3491 683 3559 sit,utaiunt,
701 3507 806 3546 sua
819 3491 1078 3545 essentia
1090 3490 1637 3562 perturbationibus
1650 3491 1962 3557 obnoxius,

315 3580 714 3636 redditmetus
730 3585 1031 3652 expertem
1047 3579 1578 3652 etinsuperabilem
1595 3581 1861 3651 eum,qui
1877 3586 1968 3635 est

319 3669 448 3739 ejus
461 3670 754 3740 particeps
768 3669 914 3723 adeo
928 3670 1093 3725 utira
1105 3669 1150 3725 si
1163 3674 1476 3741 ttanquam
1489 3669 1711 3724 mentis
1725 3669 1965 3725 satelles

318 3758 380 3812 in
394 3758 699 3828 patientia,
716 3764 774 3812 et
784 3757 1119 3824 tolerantia,
1136 3764 1192 3813 et
1208 3758 1278 3813 iis
1292 3774 1423 3829 qua;
1442 3763 1581 3812 sunt
1593 3757 1840 3824 similia;
1860 3773 1966 3813 cu-

316 3847 545 3917 piditati
579 3850 775 3901 autem
808 3847 1132 3917 praeﬁcitur
1158 3847 1550 3917 temperantia
1579 3852 1640 3901 et
1686 3846 1964 3902 salutaris

316 3934 652 4005 prudentia.
687 3936 841 3989 Deus
870 3940 1067 3989 autem
1100 3940 1191 3989 est
1228 3934 1599 4006 impatibilis,
1632 3934 1837 4006 iraque
1869 3951 1964 3989 ex-

314 4040 451 4093 pers
502 4027 561 4078 et
607 4022 970 4093 cupiditatis.
1030 4024 1085 4078 Is
1138 4028 1334 4078 autem
1386 4040 1511 4078 non
1562 4023 1694 4079 ideo
1744 4023 1963 4079 dicitur

312 4111 375 4175 ›ι‹
403 4118 597 4167 metus
619 4127 848 4182 expers,
870 4110 1029 4182 quod
1051 4111 1314 4167 declinat
1333 4129 1465 4183 quae
1487 4117 1629 4167 sunt
1649 4112 1959 4168 terribilia.

314 4202 425 4256 Sed
437 4217 631 4272 neque
647 4204 1234 4272 esttemperans,qua
1250 4200 1504 4272 imperat
1514 4201 1957 4272 cupiditatibus;

310 4307 505 4362 neque
539 4290 698 4346 enim
726 4290 787 4344 in
819 4290 1085 4345 terribile
1115 4289 1342 4361 aliquid
1363 4291 1465 4345 Dei
1497 4296 1712 4346 natura
1734 4290 1962 4345 incide-

308 4382 405 4445 rit,
440 4396 636 4452 neque
667 4380 816 4452 fugit
848 4381 1002 4435 Deus
1026 4380 1301 4435 timorem
1327 4397 1341 4446 ;
1363 4380 1517 4435 sicut
1544 4395 1654 4435 nec
1679 4380 1958 4451 concupi-

312 4476 453 4537 scct,
486 4475 553 4525 ut
583 4469 634 4523 ei
666 4484 911 4524 necesse
942 4469 1019 4524 sit
1047 4469 1341 4541 imperare
1364 4468 1694 4541 cupiditati.
1718 4469 1957 4541 Mystice

2079 2691 2108 2745 δ
2140 2688 2198 2746 δέ
2222 2689 2275 2746 έν
2306 2690 2384 2762 τῷ
2411 2691 2651 2767 γίνεσθαι
2674 2692 2774 2761 τὴν
2826 2690 3109 2747 τελείωσιν
3159 2688 3458 2766 έλάμϐανε,
3509 2695 3601 2750 καὶ
3663 2693 3735 2764 δι,

2078 2781 2323 2849 ὑπακοῆς
2354 2777 2683 2848 έδικαιοῦτο,
2713 2784 2877 2835 τοῦτο
2907 2781 2973 2849 ἦν
3035 2778 3502 2854 ἀπανδρούμενον,
3560 2784 3626 2838 τὸ
3654 2781 3738 2838 ἐπ’

2076 2869 2222 2940 αύτῷ
2248 2869 2519 2943 κείμενον·
2552 2869 2697 2924 αἰτία
2726 2872 2839 2944 (40)
2894 2868 2953 2925 δὲ
3009 2868 3299 2943 ἑλομένου,
3357 2871 3445 2926 καὶ
3478 2868 3557 2926 ἔτι
3591 2869 3739 2944 μᾶλ-

2077 2971 2174 3014 Λον
2206 2958 2269 3013 τὸ
2293 2959 2537 3022 κωΑυθὲν
2571 2959 2859 3031 ἑλομένου·
2889 2959 2917 3013 6
2948 2960 3077 3021 Θεὸς
3106 2959 3538 3029 ἀναίτιος.Διττή
3570 2961 3734 3034 γάρὴ

2073 3048 2300 3122 γένεσις,
2331 3049 2367 3116 ἠ
2412 3047 2507 3119 μὲν
2533 3051 2639 3101 τῶν
2681 3048 3061 3122 γεννωμένων,
3109 3050 3142 3117 ἡ
3176 3045 3235 3102 δὲ
3261 3053 3370 3103 τῶν
3400 3051 3735 3124 γινομένων.

2074 3135 2237 3205 Καὶὴ
2275 3136 2369 3209 μὲν
2413 3138 2512 3190 τοῦ
2565 3135 2857 3207 ἀνθρώπου
2917 3133 3156 3210 ἀνδρεία,
3214 3135 3493 3211 ἐμπαθοῦς
3549 3137 3734 3207 ὄντος,

2074 3244 2226 3302 φασι,
2246 3225 2385 3279 κατὰ
2411 3225 2512 3293 τήν
2546 3223 2755 3291 οὐσίαν,
2788 3218 2991 3301 ἄφοϐον
3041 3224 3130 3280 καὶ
3176 3225 3448 3296 ἀήττητον
3473 3228 3565 3282 τὸν
3597 3248 3736 3301 μετ-

2075 3313 2276 3389 έχοντα
2304 3313 2477 3383 αὐτῆς
2503 3318 2672 3384 ποιεῖ,
2696 3313 2788 3369 καὶ
2835 3312 2946 3369 ἔστι
3006 3310 3309 3391 δορυφόρος
3364 3320 3468 3371 τοῦ
3520 3320 3618 3372 νοῦ
3703 3318 3738 3372 6

2077 3402 2248 3475 θυμὸς
2280 3399 2335 3457 ἐν
2379 3402 2659 3476 ὑπομονῇ,
2713 3401 2806 3457 καὶ
2854 3403 3131 3476 καρτερίᾳ,
3190 3403 3281 3459 καὶ
3320 3410 3437 3467 τοῖς
3489 3404 3737 3477 ὁμοίοις·

2073 3489 2164 3546 ἐπὶ
2196 3488 2350 3564 δὶτῇ
2409 3488 2674 3563 ἐπιθυμίᾳ
2723 3489 2967 3545 τάττεται
3015 3490 3107 3546 καὶ
3164 3494 3200 3561 ἡ
3254 3493 3599 3570 σωφροσύνη,
3636 3495 3737 3550 καὶ

2074 3581 2347 3653 σωτήριος
2433 3579 2720 3653 φρόνησις.
2779 3580 2909 3641 Θεὸς
2978 3577 3037 3635 δὶ
3092 3580 3328 3653 ἀπαθὴς,
3414 3581 3625 3655 ἄθυμός
3671 3603 3741 3638 τι

2072 3666 2163 3722 καὶ
2211 3666 2636 3740 ἆνεπιθύμητος.
2696 3667 2800 3724 Καὶ
2852 3668 2918 3722 οὐ
2993 3668 3164 3744 ταύτῃ
3250 3665 3456 3748 ἂφοϐος
3513 3674 3643 3743 (41),
3699 3670 3742 3747 ᾖ

2069 3756 2138 3811 τὰ
2159 3753 2308 3811 δεινὰ
2337 3755 2576 3811 έκκλίνει
2607 3758 2744 3830 (42)·
2771 3753 2900 3812 οὐδὲ
2932 3758 3040 3830 μὴν
3073 3759 3329 3834 σώφρων,
3464 3764 3572 3815 τῶν
3606 3759 3738 3815 έπι-

2074 3846 2284 3918 θυμιῶν
2309 3844 2489 3921 ἃρχει·
2550 3842 2675 3900 οὔτε
2727 3847 2829 3921 γὰρ
2878 3843 2938 3900 ἂν
2983 3846 3271 3921 περιπέσοι
3318 3850 3427 3903 τινὶ
3475 3845 3637 3921 δεινῷ
3694 3852 3734 3920 ἡ

2069 3938 2167 3990 τοῦ
2191 3938 2325 3990 Θεοῦ
2374 3934 2558 4008 φύσις,
2616 3935 2740 3990 οὕτε
2804 3934 2989 4013 φεύγει
3022 3936 3051 3990 6
3104 3936 3234 3998 Θεὸς
3285 3934 3511 3993 δειλίαν)
3545 3937 3736 4015 ὥσπερ

2072 4022 2199 4080 οὐδὲ
2228 4023 2578 4096 ἐπιθυμήσει,
2622 4021 2712 4078 ’ίνα
2758 4023 2851 4078 καὶ
2905 4021 3035 4099 ἄρξῃ
3068 4023 3377 4098 ἐπιθυμίας.
3434 4028 3733 4090 Μυστικῶς

2071 4112 2167 4166 οὖν
2201 4111 2283 4189 ἐφ’
2302 4114 2461 4184 ἡμῶν
2491 4111 2583 4167 καὶ
2613 4112 2675 4167 τὸ
2703 4111 3068 4188 Πυθαγόρειον
3118 4111 3363 4188 ἐλέγετο,
3395 4139 3424 4168 ι(
3456 4112 3551 4171 ἕνα
3576 4115 3731 4190 γενέ-

2070 4203 2194 4255 σθαι
2224 4201 2317 4255 καὶ
2346 4200 2439 4255 τὸν
2470 4197 2756 4275 ἄνθρωπον
2790 4198 2921 4255 δεῖν·
2951 4225 2981 4253 ››
3010 4201 3126 4256 ἐπεὶ
3155 4203 3245 4258 καὶ
3279 4204 3445 4266 αὐτὸς
3476 4205 3504 4259 ὸ
3534 4204 3733 4280 ἀρχιε-

2072 4288 2194 4366 ρεὺς
2224 4290 2325 4356 εἷς,
2357 4288 2477 4353 ένὸς
2534 4285 2690 4352 ὄντος
2741 4294 2839 4344 τοῦ
2895 4294 3031 4346 Θεοῦ
3084 4291 3222 4347 κατᾶ
3277 4294 3378 4362 τήν
3426 4293 3733 4367 ἀμετάτρε-

2067 4400 2203 4434 πτον
2226 4382 2324 4433 τοῦ
2352 4377 2435 4433 ἀεὶ
2466 4401 2495 4430 ιι
2528 4384 2639 4442 θεῖν
2696 4401 2725 4433 »
2781 4381 2892 4452 (45)
2946 4379 3016 4435 τὰ
3072 4381 3250 4455 ἀγαθά
3288 4378 3412 4453 ἕξιν.
3448 4380 3654 4439 Αὐτίκα
3697 4384 3729 4438 6

2070 4469 2269 4542 Σωτήρ
2322 4464 2411 4521 διὰ
2462 4470 2562 4532 τῆς
2605 4467 2898 4541 ἐπιθυμίας
2954 4470 3066 4542 (44)
3143 4470 3428 4547 συνανῄρει
3484 4471 3575 4527 καὶ
3630 4472 3725 4527 τὸν

378 4612 456 4683 (α)
488 4615 652 4667 Prov.
687 4628 727 4678 ι,
762 4613 849 4665 33.
873 4611 950 4682 (b)
972 4613 1138 4666 Prov.
1172 4627 1255 4679 In,
1287 4615 1340 4665 5.
1371 4610 1439 4684 (ο)
1470 4610 1690 4667 Psalm.
1721 4627 1913 4679 Lxm,
1941 4612 1957 4663 t

2086 4612 2171 4665 ‘P.
2201 4611 2302 4663 633
2324 4610 2438 4666 ΕΙ).
2471 4610 2766 4678 POTTER,
2799 4612 3040 4668 535-536
3070 4615 3180 4669 ΕΙ).
3216 4616 3448 4671 PARIS.

306 4759 424 4813 alia
445 4758 651 4830 quavis
677 4756 1123 4830 perturbatione
1182 4758 1456 4830 agitatur.
1508 4756 1790 4830 Eamdem
1820 4773 1957 4813 vero
1985 4759 2033 4826 D

310 4829 365 4882 εύ
406 4826 543 4881 eoid)
574 4826 1250 4899 appel_lant,multisque
1282 4828 1414 4884 aliis
1449 4827 1811 4884 nominibus.

378 4903 487 4969 (36)
512 4896 706 4965 Kzi'é-ﬁ
736 4896 943 4967 διανοίᾳ
974 4919 1089 4953 σου.
1139 4896 1273 4955 Hinc
1317 4899 1514 4964 verba,
1574 4917 1706 4970 quae
1739 4900 1958 4955 absunt

306 4990 339 5028 a
370 4975 533 5027 Prov.
570 4988 651 5038 III,
686 4974 738 5035 5,
769 4971 919 5026 forte
950 4972 1169 5043 adjecit
1197 4978 1403 5027 auctor
1445 4988 1515 5026 ex
1564 4972 1765 5026 Matth.
1815 4988 1954 5031 χχιι.

306 5044 515 5115 Μητρὶ
548 5043 681 5095 Luc.
714 5046 891 5115 35,27,
925 5042 1033 5097 ubi
1058 5043 1325 5115 Christus
1347 5045 1532 5115 Deum
1564 5043 1957 5115 amarejubet

305 5115 357 5170 ἐν
391 5112 495 5183 ὅλη
527 5115 594 5181 τῇ
627 5108 822 5188 καρδίᾳ
853 5132 969 5188 σου,
992 5113 1082 5168 καὶ
1116 5113 1167 5167 έν
1201 5113 1311 5188 ὅλῃ·
1348 5117 1418 5187 τῇ
1449 5111 1664 5184 διανοίᾳ
1691 5108 1809 5169 σουῖ

374 5180 491 5257 (37)
568 5180 814 5244 Γενέσθαι
873 5184 1025 5243 Θεόν.
1112 5180 1290 5242 Οοηίῗ
1332 5180 1667 5259 Protreptici
1724 5205 1783 5260 p.
1861 5186 1949 5254 88,

302 5266 422 5315 not.
456 5263 507 5313 7.

374 5332 482 5403 (38)
514 5321 914 5403 Ἐμπεδοκλῆς.
946 5326 1061 5403 Hos
1106 5328 1485 5403 Empedoclis
1518 5345 1717 5386 versus
1743 5328 1955 5403 recitat

299 5399 699 5458 Theodoretus
728 5400 797 5452 De
827 5400 1057 5471 curand.
1090 5399 1260 5454 Graec.
1294 5403 1501 5471 affect,
1536 5418 1711 5457 serm.
1745 5402 1797 5471 8,
1850 5399 1950 5471 qui

299 5476 370 5529 de
404 5472 764 5547 martyribus
795 5468 1020 5547 agitj‘p.
1052 5472 1175 5547 599.

368 5549 477 5616 (39)
531 5536 714 5599 Ἔνθεν
792 5536 1213 5594 ἀναϐλαστοῦσι.
1268 5539 1409 5605 ’Eve’
1465 5536 1947 5613 ἀναϐλαστάνουσι,

294 5619 644 5673 Theodoret.

366 5709 479 5756 (ιω)
504 5687 681 5740 Αἰτίαι.
714 5685 879 5756 Conf.
912 5687 1114 5756 Str-om.
1140 5701 1181 5756 ι,
1204 5700 1262 5755 p.
1296 5684 1421 5756 318,
1452 5690 1574 5740 not.
1608 5686 1658 5739 3.

367 5750 476 5826 (41)
534 5756 638 5810 Καὶ
695 5754 757 5808 οὐ
802 5756 972 5829 ταύτῃ
1027 5750 1255 5833 ἂφοϐοξ.
1312 5750 1446 5828 Legi
1510 5760 1713 5828 posset
1742 5755 1945 5820 etiam,

2070 4756 2432 4840 transposita
2459 4758 2749 4840 negativa,
2777 4758 2867 4812 καὶ
2895 4758 3063 4833 ταύτῃ
3084 4760 3185 4816 οὐκ
3215 4757 3381 4840 ἄφοϐ.
3444 4766 3701 4823 SYLnunc

2066 4827 2279 4903 —rSe_'d
2297 4827 2476 4903 nulla
2506 4831 2835 4903 mutatione
2868 4848 3017 4903 Opus
3040 4827 3147 4888 est.

2137 4901 2249 4989 (4g)
2287 4894 2569 4989 ξΓὰβεξνρι
2618 4897 2875 4957 ἐκκλίνει.
2907 4894 3630 4989 scribendumupotius,"
3656 4909 3729 4989 τᾲ

2066 4965 2345 5025 amica.
2385 4968 2644 5040 ἐκκλίνει,
2675 4995 2701 5022 ‹‹
2761 4990 2884 5029 non
2940 4974 3088 5040 fugit
3146 4965 3457 5035 terribilia.
3521 5002 3549 5028 ››
3586 4965 3725 5037 'Vuu

2066 4993 2216 5025 οεινα
2245 4993 2345 5024 ουκ
2385 4993 2644 5040 εκκΛινει,
2675 4995 2701 5022 ι(
2761 4993 2884 5029 non
2940 4993 3000 5030 lu
3043 4993 3088 5030 lt
3146 4993 3457 5035 terrlDllla.
3521 5002 3549 5028 ›)
3591 4993 3723 5037 Vult

2065 5044 2248 5110 enim,
2282 5044 2467 5126 Deum
2492 5060 2633 5126 nop,
2660 5045 2907 5126 perinde
2930 4993 3316 5126 utgliomines,
3348 5044 3553 5126 ἃφοϐον
3577 5051 3723 5120 dici,

2065 5132 2135 5171 eo
2157 5114 2316 5185 quod
2350 5130 2530 5193 «_non
2562 5114 2712 5193 fugit
2741 5116 3031 5193 terribilia
3056 5136 3069 5185 ;
3108 5142 3129 5169 ιι
3172 5126 3239 5174 ut
3269 5114 3466 5193 neque
3487 5146 3516 5173 κ
3568 5114 3729 5178 tem;

2063 5204 2283 5265 parans
2310 5208 2339 5234 ››
2372 5185 2611 5265 dicitur,
2635 5185 2799 5243 _sicut
2828 5190 3120 5265 homines.
3147 5185 3415 5265 _eo_quo-d
3437 5218 3463 5241 ‹‹
3486 5194 3728 5265 cupidi-

2061 5258 2238 5332 nibus
2269 5258 2569 5332 imperet_:
2607 5281 2627 5309 ι
2666 5274 2803 5332 cum
2833 5260 2887 5332 ei
2910 5261 2998 5314 nil
3022 5258 3291 5318 terribile
3317 5264 3414 5332 sit,
3439 5280 3550 5320 nec
3565 5258 3729 5323 'ullis

2062 5331 2141 5385 sit
2160 5326 2468 5402 affectibus
2495 5326 2808 5402 obnoxius.
2826 5331 3107 5402 Superius
3138 5334 3319 5389 etiam
3345 5326 3727 5394 observatum

2061 5401 2509 5477 est,ne_gat_i_vam
2521 5400 2871 5477 particulam
2887 5400 3193 5477 excidisse,
3203 5423 3238 5477 p
3260 5407 3499 5477 7532,ubi
3513 5404 3727 5462 ἀδικεῖν

2060 5467 2166 5552 pro
2197 5467 2566 5552 96.1-a‘8t18hl,‘
2620 5478 2679 5552 et
2733 5490 2790 5544 p.
2824 5476 2948 5552 529,
2982 5474 3082 5530 ubi
3114 5467 3221 5538 ὡς’
3246 5467 3450 5551 ἀγαθὴν
3511 5496 3621 5552 pro
3647 5480 3734 5545 ὡς

2065 5542 2166 5598 οὐκ
2195 5542 2428 5617 ἀγαθήν,
2456 5542 2751 5617 scriptum
2774 5550 2882 5601 est.

2127 5615 2254 5756 (43)
2275 5618 2419 5669 Θεῖν.
2456 5615 2621 5670 Conf.
2645 5615 2984 5688 Protreptici
3009 5634 3067 5689 p.
3112 5620 3201 5687 22,
3235 5622 3359 5675 not.
3381 5623 3436 5677 4.

2150 5690 2219 5743 44η
2273 5684 2370 5741 Διά
2395 5689 2495 5751 τῆς
2527 5683 2838 5756 ἐπιθυμίας.
2872 5711 2901 5740 (ι
2950 5690 3062 5746 Per
3111 5690 3436 5756 cupiditati:

2150 5683 2242 5766 {*4}
2273 5684 2370 5741 Διά
2395 5689 2495 5766 τῆς
2527 5683 2901 5759 ἐπιθυμίαςῖα
2950 5683 3062 5746 Per
3111 5683 3452 5763 cupiditatis
3498 5695 3726 5766 prohi-

2057 5757 2368 5815 bitionem.
2405 5779 2434 5809 ι)
2455 5758 2679 5815 Lowrn.
