4004 6144
373 253 508 312 1361

1700 257 2149 315 ΒΤΒΟΜΔΤΠΜ
2187 255 2322 312 LIB.
2362 255 2458 309 IV.

3655 261 3678 313 1
3688 260 3794 315 362

370 383 570 457 θυμὸν,
593 385 869 461 τιμωρίας
894 380 1018 440 ὄντα
1047 384 1367 459 ἐπιθυμίαν·
1400 385 1640 443 καθόλου
1668 384 1771 462 γὰρ
1824 383 1889 439 τὸ
1916 402 2004 438 παι

2134 398 2271 457 ergo
2302 382 2462 455 apud
2512 399 2622 439 nos
2653 399 2890 455 quoque
2922 383 3148 441 dictum
3182 392 3274 442 est
3302 388 3453 444 illud
3497 391 3793 463 Pythago-

374 472 597 543 θητικὸν
628 472 789 529 παντί
819 475 964 549 γὲνει
993 470 1306 547 ἐπιθυμίας.
1355 474 1451 538 Εἷς
1511 473 1571 530 δὶ
1621 474 1722 542 τὴν
1766 471 2024 528 ἀπάθειαν

2137 489 2328 540 reum,
2360 494 2387 521 ‹‹
2424 478 2698 545 oportere
2731 474 3035 528 hominem
3079 491 3314 546 quoque
3348 478 3475 532 ﬁeri
3527 496 3732 535 unum.
3759 503 3789 530 ››

371 561 661 635 θεούμενος
692 572 975 636 ανθρωπος
1004 565 1118 636 (45)
1157 564 1465 638 ἀχράντως,
1530 561 1822 635 μοναδικὸς
1881 560 2004 636 γίνει

2137 564 2281 618 Nam
2313 562 2440 632 ipse
2462 578 2698 633 quoque
2731 562 2996 634 pontifex
3025 568 3116 617 est
3154 581 3328 631 unus,
3363 583 3495 620 cum
3530 569 3606 622 sit
3634 586 3789 624 unus

368 672 457 707 ται
494 654 624 724 (46).
658 650 911 728 Καθάπερ
943 656 1056 725 (47)
1089 650 1185 707 οῦν
1246 653 1298 707 οἱ
1357 651 1410 708 ἐν
1443 651 1682 726 θαλάττῃ
1713 651 1818 706 ἀπὸ
1846 650 2023 726 ἀγκύ-

370 761 468 818 ρας
493 740 817 814 τονούμενοι
847 742 1072 799 ’ὲλκουσι
1107 744 1203 816 μὶν
1229 743 1331 812 τήν
1362 742 1623 818 ἃγκυραν,
1657 741 1757 797 οὐκ
1811 740 2020 810 ἐκείνην

369 828 429 887 δὲ
457 831 815 900 ἐπισπῶνται,
849 830 979 888 ἀλλ’
1004 831 1228 887 ἑαυτοὺς
1262 831 1349 887 ἐπὶ
1400 832 1500 900 τήν
1560 830 1816 906 ἃγκυραν·
1851 828 2023 891 οὕτως

368 920 421 974 οἳ
460 918 596 974 κατά
632 919 724 975 τὸν
785 921 1085 995 γνωστικὸν
1145 922 1265 998 βίον
1323 920 1698 993 ἐπισπώμενοι
1750 919 1842 976 τὸν
1892 918 2021 974 Θεὸν

366 1007 589 1070 ἑαυτοὺς
632 1005 826 1072 ἔλαθον
877 1008 1282 1085 προσαγόμενοι
1339 1010 1479 1083 πρὸς
1534 1009 1627 1063 τὸν
1687 1007 1835 1063 Θεόν.
1889 1006 2017 1062 Θεὸν

360 1096 463 1173 γὰρ
492 1097 521 1151 ὁ
552 1095 863 1169 θεραπεύων
895 1097 1086 1153 ἑαυτὸν
1117 1098 1421 1174 θεραπεύει.
1454 1099 1542 1154 Ἐν
1590 1095 1682 1151 οὖν
1734 1117 1816 1168 τῳ
1872 1106 2021 1160 θεω-

361 1189 576 1259 ρητικῷ
610 1184 715 1261 βίῳ
746 1186 939 1242 ἑαυτοῦ
989 1208 1073 1249 τις
1132 1185 1500 1261 ἐπιμελεῖται,
1554 1183 1866 1262 θρησκεύων
1926 1184 2016 1239 τὸν

359 1275 510 1345 Θεὸν,
542 1273 633 1330 καὶ
665 1272 755 1330 διὰ
782 1282 886 1345 τῆς
935 1273 1074 1340 ἰδίας
1133 1274 1468 1352 εἷ’λικριθοῦς
1524 1275 1838 1350 καθάρσεως
1888 1273 2017 1329 ἐπο-

357 1363 542 1419 πτεύει
566 1363 660 1420 τὸν
691 1364 822 1419 Θεὸν
877 1364 1033 1440 ἃγιον
1096 1366 1281 1443 ἁγίως·
1343 1368 1378 1435 ἡ
1424 1365 1528 1440 γὰρ
1583 1364 1906 1442 σωφροσύνη
1963 1360 2018 1417 ἐν

357 1454 685 1528 παραστάσει
716 1456 987 1530 γενομένη
1048 1458 1184 1530 (48),
1242 1458 1439 1525 ἑαυτὴν
1498 1454 1869 1511 ἐπισκοποῦσα
1923 1454 2014 1509 καὶ

357 1544 638 1621 θεωροῦσα
695 1541 1089 1612 ἀδιαλείπτως,
1151 1544 1501 1620 ἐξομοιοῦται
1557 1542 1694 1600 κατά
1778 1539 2011 1616 δύναμιν

357 1636 491 1703 Θεῷ.

2134 652 2289 706 Deus
2318 667 2426 723 per
2453 651 2889 707 immutabilem
2922 652 3213 721 habitum,
3233 656 3349 725 quo
3379 654 3539 711 bona
3556 674 3792 730 semper

2134 761 2163 790 «
2196 746 2462 795 currunt.
2493 763 2522 791 »
2555 742 2682 796 Jam
2712 758 2849 796 vero
2903 742 3192 810 Servator,
3259 744 3491 799 sublata
3558 748 3786 817 cupidi-

2131 834 2273 896 tate,
2300 846 2421 885 una
2444 829 2622 884 etiam
2673 829 2915 885 sustulit
2970 831 3141 894 iram,
3202 848 3333 902 quas
3392 838 3480 888 est
3509 834 3785 890 vindictae

2131 918 2446 991 cupiditas.
2479 920 2623 974 Nam
2655 919 2980 974 universim
3011 919 3337 991 patibilitas
3368 926 3459 977 est
3488 923 3548 977 in
3581 926 3785 994 quovis

2129 1024 2345 1081 genere
2376 1007 2738 1078 cupiditatis.
2771 1009 2879 1073 Qui
2911 1014 3109 1063 autem
3139 1025 3246 1080 per
3281 1010 3785 1081 impatibilitatem

2128 1098 2307 1152 homo
2337 1095 2481 1152 deus
2500 1095 2916 1153 efﬁciturcitra
2944 1097 3134 1153 ullum
3166 1098 3787 1169 inquinamentum,ﬁt

2134 1207 2156 1235 ι
2190 1185 2424 1240 unicus.
2459 1205 2489 1235 »
2520 1184 2823 1251 Quomodo
2846 1202 2982 1258 ergo
3015 1186 3116 1257 qui
3146 1187 3206 1241 in
3240 1188 3387 1243 mari
3421 1188 3493 1243 ab
3521 1191 3784 1247 anchora

2128 1273 2530 1341 stabiliuntur,
2554 1274 2799 1330 trahunt
2827 1275 3069 1346 quidem
3096 1276 3439 1345 anchoram,
3463 1294 3583 1333 non
3615 1278 3781 1335 illam

2125 1368 2326 1419 autem
2357 1363 2795 1419 attrahunt.sed
2825 1364 3052 1435 seipsos
3082 1364 3157 1420 ad
3188 1366 3510 1421 anchoram
3539 1385 3551 1434 ;
3578 1368 3658 1423 ita
3679 1370 3782 1440 qui

2124 1468 2232 1524 per
2260 1452 2442 1508 vitam
2471 1453 2805 1526 gnosticum
2834 1455 3020 1509 Deum
3056 1456 3385 1525 attrahunt,
3418 1474 3539 1512 non
3570 1458 3782 1513 adver-

2122 1545 2339 1606 tentes,
2372 1541 2599 1613 seipsos
2630 1542 2706 1597 ad
2731 1543 2918 1598 Deum
2945 1542 3383 1610 adducunt.Qui
3418 1546 3578 1601 enim
3593 1549 3777 1602 Deum

2122 1629 2287 1699 colit,
2318 1631 2582 1702 seipsum
2634 1630 2795 1688 colit.
2827 1632 2895 1686 In
2926 1632 3041 1688 vita
3089 1650 3387 1704 ergo,quaa
3416 1641 3684 1691 versatur
3712 1637 3775 1691 in

355 1722 883 1794 contemplatione,
916 1723 1008 1779 sui
1038 1723 1171 1795 quis
1202 1738 1407 1780 curam
1438 1723 1609 1795 gerit,
1641 1721 1782 1778 dum
1813 1723 1999 1777 Deum
2025 1724 2360 1788 veneratur,
2407 1725 2467 1775 et
2519 1736 2583 1776 se
2642 1720 2871 1776 sincere
2925 1728 3172 1795 purgato
3227 1724 3412 1778 Deum
3499 1730 3770 1779 sanctum

357 1814 561 1867 sancte
591 1812 1052 1884 contemplatur.
1084 1813 1224 1878 Qum
1256 1811 1418 1867 enim
1450 1810 1678 1867 assistit
1703 1808 2116 1883 temperantia,
2167 1808 2427 1881 seipsam
2483 1808 2722 1865 assidue
2778 1810 3165 1867 considerans
3216 1816 3274 1867 et
3329 1813 3764 1885 contemplans,

357 1900 498 1969 Deo,
530 1900 725 1973 quoad
750 1900 881 1957 fieri
910 1905 1124 1973 potest,
1156 1900 1541 1958 assimilatur.

1833 1995 2064 2053 CAPUT
2092 1995 2285 2051 XXIV.

1421 2098 1500 2151 De
1520 2110 1816 2167 pcenarum
1843 2110 1879 2149 a
1904 2096 2015 2151 Deo
2042 2094 2386 2164 inmatarum
2414 2095 2633 2151 ratione
2661 2099 2714 2149 et
2735 2096 2864 2163 ﬁne.

421 2217 626 2274 Αύτίκα
651 2219 714 2274 τὸ
737 2216 820 2297 ἐφ’
846 2221 984 2293 ἡμῖν
1016 2217 1179 2288 ἐστιν,
1214 2218 1379 2290 οὗπερ
1439 2216 1633 2289 ἐπίσης
1685 2216 1851 2273 αὐτοῦ
1936 2237 1993 2272 τε

2169 2220 2297 2275 Jam
2324 2218 2556 2274 veroid
2612 2223 2704 2273 est
2758 2218 2821 2273 in
2878 2224 3085 2274 nostra
3123 2223 3435 2290 potestate,
3479 2221 3650 2291 cujus
3710 2229 3770 2278 et

345 2306 527 2383 κύριοί
557 2306 715 2382 ἐσμεν
748 2307 836 2363 καὶ
867 2312 965 2363 τοῦ
996 2308 1375 2381 ἀντικειμένου
1419 2306 1589 2380 αὐτῷ,
1623 2308 1696 2370 ὡς
1726 2306 1789 2361 τὸ
1842 2305 2009 2384 φιλο-

349 2400 557 2474 σοφεῖν,
586 2395 622 2466 ἢ
659 2398 758 2470 μή³
792 2395 882 2451 καὶ
910 2396 973 2452 τὸ
1004 2395 1295 2466 πιστεύειν,
1328 2394 1365 2466 ἢ
1415 2395 1683 2454 ἀπιστεῖν.
1726 2395 1824 2450 Διὰ
1876 2397 2003 2469 γοῦν

345 2483 407 2539 τὸ
437 2484 693 2560 ἑκατέρου
716 2488 826 2540 τῶν
858 2483 1245 2558 ἀντικειμένων
1278 2483 1470 2556 ἐπίσης
1529 2484 1659 2539 εἶναι
1717 2485 1866 2556 ἡμᾶς
1912 2502 2005 2535 κυ-

348 2573 528 2648 ρίους,
561 2570 783 2628 δυνατὸν
816 2572 1117 2647 εύρίσκεται
1146 2574 1209 2629 τὸ
1242 2573 1326 2649 ἐφ’
1362 2577 1520 2647 ἡμῖν.
1553 2573 1657 2628 Καὶ
1719 2569 1786 2639 δὴ
1820 2571 1874 2625 αἱ
1922 2569 2005 2624 ὲν-

346 2659 504 2716 τολαὶ
538 2660 652 2715 οἷαί
679 2682 739 2716 τε
766 2661 1035 2736 γενέσθαι,
1066 2661 1159 2715 καὶ
1194 2662 1271 2733 μὴ
1304 2660 1548 2737 γενέσθαι
1584 2661 1672 2737 ὑφ’
1701 2661 1886 2732 ἡμῶν,
1921 2660 2005 2721 οῖς

349 2746 598 2823 εὐλόγως
626 2744 812 2803 ἕπεται
840 2746 1058 2810 ἔπαινός
1089 2767 1149 2802 τε
1193 2747 1285 2803 καὶ
1337 2748 1526 2823 ψόγος⁸
1558 2746 1612 2802 οἳ
1638 2747 1687 2800 τ’
1743 2743 1808 2801 αὖ
1837 2744 2004 2802 κολα-

356 2835 579 2910 ζόμενοι
606 2832 780 2892 ἕνεκεν
833 2841 942 2892 τῶν
993 2834 1299 2911 γενομὲνων
1356 2836 1543 2898 αὐτοῖς
1593 2834 2002 2912 ἁμαρτημάτων

351 2923 439 2981 ἐπ’
464 2924 650 2987 αὐτοῖς
679 2924 869 2998 μόνοις
899 2925 1233 2995 κολάζονται
1288 2928 1420 3000 (49)·
1474 2922 1725 3000 παρῆλθε
1780 2924 1884 3001 γὰρ
1938 2925 2006 2980 τὰ

350 3014 637 3091 γενόμενα,
694 3012 820 3070 οὐδὲ
879 3014 1136 3091 ἀγένητον
1195 3014 1394 3090 γένοιτ’
1424 3011 1487 3069 ἂν
1518 3034 1651 3069 ποτε
1678 3014 1740 3069 τὸ
1778 3014 2004 3090 γενόμε-

346 3124 462 3159 νον.
498 3105 773 3179 Ἀφίενται
803 3109 931 3180 γοῦν
985 3106 1123 3180 πρὸς
1174 3108 1272 3159 τοῦ
1304 3104 1512 3180 Κυρίου
1559 3104 1614 3158 αἱ
1639 3104 1746 3178 πρὸ
1774 3109 1874 3172 τῆς
1901 3101 2002 3157 πί-

349 3214 538 3265 στεως,
572 3193 683 3271 οὐχ
700 3192 795 3250 ’ίνα
828 3194 905 3269 μή
937 3195 1037 3249 ὦσι
1070 3195 1376 3270 γενόμεναι,
1411 3191 1538 3250 ἀλλ’
1569 3193 1644 3255 ὡς
1680 3194 1756 3266 μή
1776 3194 2003 3269 γενόμε-

346 3303 456 3341 ναι.
493 3282 646 3351 ΙΙλήν
680 3280 808 3338 οὐδὲ
837 3282 1010 3346 πάσας
1045 3283 1073 3338 ὁ
1122 3279 1451 3352 Βασιλείδης
1510 3282 1667 3359 φησὶ,
1721 3282 1890 3355 μόνας
1946 3278 2005 3337 δὶ

342 3373 440 3434 τὰς
477 3370 765 3432 ἀκουσίους
816 3370 905 3426 καὶ
967 3373 1105 3427 κατὰ
1151 3369 1377 3448 ἄγνοιαν
1435 3369 1706 3450 ἀφίεσθαι’
1766 3369 2003 3448 καθάπερ

348 3459 638 3537 ἀνθρώπου
663 3460 834 3529 τινὸς,
867 3457 997 3515 ἀλλ’
1045 3459 1105 3515 οὐ
1138 3464 1293 3531 Θεοῦ,
1352 3461 1454 3530 τήν
1505 3459 1775 3530 τοσαύτην
1834 3479 2004 3536 παρεο

345 3533 590 3623 χομὲνου
622 3546 850 3626 δωρεάν.
884 3547 1080 3622 Τούτῳ
1108 3549 1270 3621 φησὶν
1320 3551 1356 3620 ἡ
1386 3551 1574 3629 Γραφή
1609 3550 1745 3623 (50)’
1782 3573 1810 3602 ‹‹
1841 3533 1995 3604 ’Υπέ-
2028 3533 2072 3601 C

417 3686 481 3751 ιιι
509 3687 573 3740 Ρ.
606 3686 710 3739 634
739 3684 853 3739 ΕΙ).
883 3684 1176 3741 POTTER.

417 3818 534 3888 (45)
565 3814 869 3889 Θεούμενος
897 3811 1200 3889 ᾅνθρωπος.
1260 3816 1356 3889 Sic
1406 3818 1610 3889 Strom.
1644 3834 1745 3889 Δγι,
1779 3820 2001 3889 -Ρηϐὅο

348 3883 655 3962 ιὲεἱξΡπὶεζ
697 3883 1002 3962 ε’Θεοειδῄς
1030 3886 1144 3962 ⁸κιιιὶ
1196 3884 1590 3962 Θεοείκελος-ὁ,
1633 3883 1832 3962 ἀγαθοὶ
1862 3887 1999 3962 ἀνὴρ

350 3960 484 4031 μετά
513 3960 724 4032 ψυχὴν,
758 3955 969 4032 ὅτε-,αὗ
1020 3958 1157 4032 Οεὸς
1212 3955 1646 4032 ἀνθρωποειδής.
1682 3955 1713 4009 ὶ(
1771 3955 1997 4015 Βθὶΐοῐά

348 4030 462 4087 mis
494 4030 553 4087 et
582 4030 699 4086 Deo
728 4030 944 4086 similis
974 4035 1064 4084 est
1082 4030 1273 4085 bonus
1294 4030 1490 4100 quoad
1512 4031 1998 4095 animam,etrur-

351 4121 451 4159 sus
479 4103 608 4174 ipse
632 4103 792 4174 Deus
822 4102 1101 4174 humana}
1132 4101 1334 4156 formae
1394 4101 1629 4174 similis.
1650 4123 1693 4174 _»
1742 4104 1838 4174 Et!
1868 4119 1998 4174 pag.

349 4177 446 4228 671
489 4168 670 4243 ε’Καθ’
700 4169 967 4243 ὁμοίωσιν
1029 4168 1119 4224 οὖν
1165 4174 1261 4224 τοῦ
1310 4174 1474 4243 Θεοῦ,
1535 4172 1563 4224 ὁ
1621 4171 1695 4233 εἷς
1729 4168 1998 4243 υἱοθεσίαν

344 4244 436 4298 καὶ
471 4241 657 4318 φιλίαν
700 4241 797 4296 τοῦ
845 4245 979 4318 Θεοῦ
1035 4241 1381 4318 καταταγεὶς,
1434 4243 1574 4296 κατά
1608 4243 1706 4307 τήν
1758 4241 1998 4318 συγκλη-

351 4312 611 4385 ρονομίαν
637 4317 745 4368 τῶν
776 4313 996 4387 κυρίων,
1019 4313 1108 4367 καὶ
1159 4312 1293 4387 θεῶν
1320 4312 1542 4387 γίνεται.
1579 4338 1607 4364 ‹‹
1665 4312 2000 4371 Secundum

349 4387 452 4443 Dei
483 4387 661 4459 igitur
690 4385 1166 4459 similitudinem,
1200 4386 1300 4459 qui
1335 4385 1446 4441 est
1496 4387 1560 4441 in
1598 4387 1817 4459 ﬁlium
1857 4388 2002 4443 ado—

346 4457 565 4529 ptatus,
601 4463 660 4513 et
688 4458 749 4512 in
780 4474 1099 4513 numerum
1129 4457 1458 4529 amicorum
1489 4458 2000 4522 ascitus,cohaares

349 4528 728 4584 dominorum
761 4536 819 4583 et
847 4530 1092 4585 deorum
1124 4530 1209 4584 ﬁt.
1231 4550 1258 4579 ››
1283 4528 1532 4584 Eosdem
1552 4529 1709 4585 viros
1727 4533 2001 4593 θεοποιεῖ-

346 4600 635 4676 σθαιμάὶίξὶῑ
663 4619 720 4672 p.
910 4603 1057 4655 Item
1080 4600 1359 4676 aitDeum
1373 4617 1476 4656 eos
1493 4598 1643 4661 υἱοὺς
1656 4599 1997 4676 ἀναγορεύειν

346 4672 437 4725 καὶ
467 4671 643 4734 θεούς,
676 4671 703 4722 α
738 4672 895 4727 ﬁlios
921 4688 1127 4727 vocare
1154 4677 1213 4726 et
1242 4672 1408 4735 deos,
1440 4693 1467 4721 ι»
1524 4690 1580 4743 p.
1642 4671 1779 4727 διιΠζ
1828 4671 1997 4729 Conf.

348 4745 683 4814 Protreptici
706 4759 762 4814 p_.
798 4745 886 4814 88,
918 4748 1043 4814 not.
1077 4746 1107 4795 7
1152 4742 1277 4797 edit
1327 4742 1566 4814 nostrai.

419 4809 878 4882 (46)’Μοναδικὸς
900 4810 1125 4886 γίνεται.
1178 4814 1272 4869 Sic
1322 4813 1594 4886 superius
1625 4814 1775 4869 dixit
1803 4815 1996 4872 virum

427 4886 680 4960 osticum
712 4890 792 4960 .et
835 4883 1185 4960 perfectum,
1241 4886 1321 4952 τῷ
1378 4883 1509 4960 θείῳ
1564 4885 1811 4959 καθαρῶς
1855 4886 1993 4960 ⁸ὁμι-
2029 4896 2073 4960 [)

386 4952 905 5031 οῦνταεῄμετέχοντα
930 4960 1031 5023 τῆς
1061 4953 1217 5031 ἁγίας
1270 4952 1591 5031 ποιότητος,
1632 4952 1996 5031 προσεχέστε-

347 5046 441 5101 ρον
465 5027 517 5082 ἐν
547 5025 668 5101 ἔξειΔ
700 5025 934 5101 γίνεσθαι
988 5025 1324 5101 ταυτότητος
1370 5025 1628 5101 ἀπαθοῦς.
1666 5025 1688 5078 αἱ
1725 5025 1868 5084 Cuiil
1900 5030 1994 5085 di-

345 5098 480 5155 vino
507 5098 753 5155 numine
774 5116 983 5170 puram
1004 5099 1493 5155 consuetudinem
1508 5099 1995 5162 habentem,san-

344 5170 1166 5253 ctaeuqualitatisparticipem
1192 5170 1434 5253 factum,
1463 5170 1537 5227 ad
1581 5171 1850 5253 habitum
1881 5173 1995 5227 im-

344 5242 607 5315 patibilis
635 5242 1161 5315 identitatisquam
1186 5243 1453 5313 proxime
1480 5242 1991 5299 accedere.Strom.

343 5312 421 5386 iv,
452 5332 510 5386 p.
542 5316 647 5370 490
678 5312 818 5386 edit.
839 5313 1034 5386 _Paris.
1096 5312 1241 5386 Item
1292 5316 1494 5386 Strom.
1549 5331 1624 5374 γι.
1653 5382 1665 5386 _
1685 5316 1936 5386 pag.‘9§t
1978 5331 1990 5368 :

343 5332 421 5381 1V,
498 5355 510 5369 ε
542 5332 647 5370 ἂνυ
678 5332 818 5367 Θαιι.
851 5332 1034 5369 ΓέὶῙΊε.
1096 5332 1241 5369 Item
1292 5332 1494 5370 δινοτη.
1549 5332 1624 5374 VI.
1685 5332 1816 5386 pag.
1840 5332 1936 5369 υῧῙ
1978 5332 1990 5368 ἶ

343 5332 591 5445 Είκὲτως
622 5382 802 5437 τοίνυν
836 5381 888 5436 ἐν
917 5386 986 5457 τῇ
1022 5387 1119 5454 μιᾷ
1146 5380 1250 5457 ἕξει
1312 5383 1457 5455 μὲνει
1516 5388 1582 5455 τῇ
1642 5378 1991 5457 ἀμεταϐόλῳ,

341 5456 927 5537 γνωστικῷ-ςάγαπῷν.
963 5478 991 5505 ‹‹
1027 5456 1229 5537 Merito
1286 5457 1722 5537 igiturmrnanet
1769 5457 1831 5537 in
1859 5475 1993 5537 uno

346 5476 657 5528 γνωστικως
685 5475 927 5582 αγὶαπων.
963 5478 991 5505 ί(
1027 5475 1229 5510 ΜΘῙἸΕΟ
1286 5475 1497 5537 Igitur.
1521 5475 1722 5511 manet
1769 5475 1831 5512 In
1886 5475 1993 5513 uno

346 5530 680 5585 immutabili
770 5527 959 5599 abitu.
1004 5528 1104 5597 qui
1141 5535 1412 5599 ignostice
1444 5528 1637 5599 diligit
1668 5545 1680 5582 :
1716 5550 1744 5577 ››
1779 5528 1994 5584 deinde

350 5601 625 5656 eumdem
655 5599 857 5666 ἀπαθῆ,
877 5620 917 5670 ,κ
948 5598 1360 5670 impetibilem,
1392 5619 1421 5648 »
1444 5598 1577 5655 esse
1606 5600 1993 5664 tradit.Quin-

350 5670 529 5728 etiam
558 5687 697 5730 voce
730 5665 1246 5745 novastxdc'paulo
1304 5665 1442 5742 pest
1488 5671 1677 5727 utitur
1732 5689 1791 5743 p.
1850 5674 1991 5727 537:

2115 2324 2286 2378 atquo
2318 2323 2525 2362 sumus
2555 2305 2779 2361 domini
2810 2322 2944 2360 cum
2976 2323 3067 2372 eo,
3101 2307 3258 2378 quod
3291 2308 3343 2361 ei
3374 2308 3719 2366 adversatur
3752 2330 3765 2377 ;

2113 2401 2180 2450 ut
2206 2394 2636 2465 philosophari,
2668 2393 2760 2447 vel
2790 2410 2911 2449 non
2946 2411 2959 2461 ;
2994 2400 3053 2449 et
3082 2395 3456 2460 credere,aut
3485 2414 3605 2451 non
3647 2415 3769 2453 cre-

2115 2483 2276 2538 dere.
2309 2484 2421 2537 Per
2453 2481 2566 2536 hoc
2624 2497 2762 2554 ergo
2822 2482 2979 2553 quod
3039 2499 3245 2538 sumus
3305 2501 3473 2554 aeque
3532 2487 3767 2542 Domini

2116 2571 2427 2642 utriusque
2459 2587 2665 2625 eorum
2699 2587 2830 2641 quae
2862 2571 3018 2626 inter
3039 2588 3099 2627 se
3123 2572 3771 2643 adversantur,inveni-

2114 2665 2213 2716 tur
2239 2661 2370 2717 fieri
2400 2677 2573 2731 posse
2592 2659 2653 2714 id
2666 2660 2825 2730 quod
2851 2661 3015 2716 estin
3046 2666 3250 2717 nostra
3270 2665 3767 2733 potestate.Quin-

2115 2750 2295 2805 etiam
2324 2750 2622 2820 praecepta
2651 2749 2944 2821 ejusmodi
2975 2766 3009 2805 a
3056 2750 3229 2805 nobis
3272 2758 3522 2822 possunt
3553 2754 3681 2808 ﬁeri
3709 2758 3768 2809 et

2114 2853 2238 2893 non
2270 2837 2420 2903 ﬁeri,
2459 2853 2591 2908 quae
2623 2842 3093 2893 consentaneum
3127 2843 3235 2905 est,
3275 2845 3341 2893 ut
3365 2847 3766 2911 consequatur

2112 2924 2244 2981 laus
2271 2930 2329 2980 et
2354 2924 2705 2996 vituperatio
2737 2943 2753 2993 ;
2797 2930 2855 2979 et
2905 2926 3007 2996 qui
3045 2927 3378 2997 puniuntur
3405 2934 3648 2999 propter
3672 2946 3763 2999 ea,

2113 3031 2246 3086 quae
2276 3013 2349 3069 ab
2380 3013 2525 3085 ipsis
2563 3012 2825 3069 admissa
2879 3020 3038 3084 sunt,
3070 3022 3333 3085 peccata,
3365 3024 3608 3089 pr0pter
3634 3020 3766 3091 ipsa

2112 3103 2240 3160 sola
2268 3103 2618 3175 puniuntur.
2650 3102 3074 3158 Prmterierunt
3127 3106 3289 3160 enim
3344 3122 3418 3161 ea
3450 3125 3580 3178 quas
3609 3108 3766 3165 facta

2112 3197 2254 3250 sunt
2285 3209 2298 3259 ;
2332 3207 2528 3273 neque
2560 3191 2688 3247 ﬁeri
2720 3196 2934 3264 potest,
2963 3196 3030 3247 ut
3058 3193 3135 3247 sit
3168 3210 3430 3264 unquam
3454 3196 3767 3277 infectum,

2113 3280 2273 3352 quod
2300 3280 2524 3336 factum
2553 3286 2663 3337 est.
2696 3281 3089 3336 Dimittuntur
3117 3297 3253 3353 ergo
3284 3298 3391 3353 per
3418 3284 3762 3354 Dominum,

2115 3387 2247 3443 quae
2280 3370 2437 3426 facta
2460 3375 2601 3426 sunt
2623 3375 2761 3427 ante
2812 3369 3013 3440 fidem,
3045 3387 3166 3427 non
3193 3376 3259 3425 ut
3285 3372 3442 3427 facta
3471 3390 3593 3428 non
3624 3374 3763 3445 sint,

2116 3459 2220 3516 sed
2246 3464 2315 3515 ut
2342 3460 2460 3516 sint
2517 3464 2802 3530 tanquam
2825 3463 2889 3527 ›ι‹
2917 3476 3037 3514 non
3066 3460 3241 3515 facta.
3303 3460 3413 3515 Sed
3460 3477 3534 3516 ne
3566 3464 3766 3518 omnia

2110 3549 2374 3621 quidem,
2389 3548 2535 3605 dicit
2558 3546 2864 3617 Basilides,
2880 3547 2985 3604 sed
3014 3546 3141 3604 sola
3171 3548 3389 3604 dimitti
3415 3548 3761 3607 involunta-

2112 3815 2207 3869 Διὸ
2231 3810 2297 3891 δῂ
2329 3813 2420 3891 καὶ
2447 3812 2512 3891 τὸ
2542 3810 2620 3877 εἷς
2642 3810 2826 3891 αὐτὸν,
2855 3813 2946 3868 καὶ
2989 3814 3062 3891 τὸ
3120 3810 3190 3868 δι’
3229 3812 3393 3891 αὐτοῦ
3450 3819 3754 3891 πιστεῦσαι,

2158 3883 2410 3958 οναδικόν
2467 3883 2578 3939 ἐστι
2628 3885 2891 3958 γενέσθαι,
2978 3884 3395 3958 ἀπερισπάστως
3464 3883 3757 3958 ἑνούμενον

2158 3907 2410 3940 οναοικον
2467 3907 2578 3939 εστι
2628 3907 2891 3958 γενεσῠαι,
2978 3907 3395 3958 απερισπαστως
3464 3907 3757 3958 ενουμενον

2109 3907 2161 4012 ξι
2196 3956 2362 4032 αύτῷ.
2387 3980 2416 4009 ‹‹
2448 3958 2845 4032 Quamobrem
2876 3962 2935 4032 et
2980 3958 3041 4032 in
3071 3959 3293 4032 ipsum.
3323 3965 3515 4032 etper
3562 3960 3759 4032 ipsum

2110 4030 2371 4099 credere,
2399 4035 2488 4085 est
2515 4031 2738 4084 unicum
2793 4029 2944 4095 ﬁeri,
3002 4030 3063 4085 in
3100 4029 3248 4100 ipso
3280 4029 3757 4087 indivulse_uni-

2109 4108 2234 4157 tum
2251 4118 2284 4172 _:
2315 4123 2344 4152 »
2380 4100 2914 4172 quemadmodum,
2935 4104 3000 4154 ut
3024 4101 3108 4156 ibi
3138 4101 3408 4172 sequitur
3432 4101 3495 4154 τὸ
3525 4101 3757 4171 ἀπιστῆ-

2109 4192 2195 4226 σαι
2247 4167 2492 4245 διστάσαι
2551 4168 2683 4239 ἔστὶ,
2745 4171 2838 4245 καὶ
2894 4167 3349 4245 διαστῆναι,’καί
3411 4167 3754 4245 μερισθῆναισ

2108 4261 2292 4370 angari
2323 4244 2564 4300 credere
2597 4248 2688 4298 est
2727 4242 3009 4312 discerni,
3056 4244 3365 4315 spatioque
3412 4242 3669 4319 diSjungi
3702 4254 3760 4302 et

2150 4333 2223 4369 m
2271 4333 2308 4369 1.
2346 4337 2367 4364 ιι

2150 4333 2308 4369 ινιαι.
2346 4337 2367 4364 I

2180 4387 2293 4457 (47)
2327 4384 2595 4458 Καθάπερ.
2631 4388 2755 4441 Non
2813 4387 3093 4458 multum,
3127 4386 3441 4441 dissimilia
3471 4394 3609 4442 sunt
3652 4390 3757 4444 illa

2108 4457 2373 4531 Dionysii
2401 4457 3024 4531 pseudo—AreOpagitae
3056 4457 3160 4513 lib.
3184 4460 3261 4531 De
3286 4458 3487 4531 diuinis
3516 4464 3754 4515 nominio

2108 4529 2204 4602 bus
2234 4522 2361 4602 cap.
2396 4522 2426 4583 3
2475 4545 2488 4583 :
2553 4522 2863 4602 'H__6ia1rép
2892 4522 2992 4602 θείς
3033 4532 3159 4581 ναῦν
3209 4522 3601 4602 ἐμϐεϐηκότες,
3661 4531 3752 4585 καὶ

2106 4596 2460 4673 ἀντεχόμενοι
2489 4602 2597 4673 τῶν
2630 4596 2689 4653 ἔκ
2729 4596 2875 4673 τινος
2933 4601 3132 4671 πὲτρας
3188 4596 3263 4673 εἱς
3300 4600 3467 4673 Δἡμῖὶς
3522 4596 3751 4673 ἐκτεινο-

2153 4668 2285 4725 ἑνων
2310 4668 2647 4740 πεισμάτων,
2678 4670 2768 4724 καὶ
2817 4673 2932 4725 οἷον
2966 4668 3100 4743 ἡμῖν
3162 4669 3238 4731 εἷς
3287 4668 3573 4743 ἀντίληψιν
3607 4671 3752 4729 ἐκδι-

2107 4691 2372 4797 ῦιοιεένων.
2407 4740 2486 4797 ἐφ’
2514 4743 2663 4797 ἡμᾶς
2691 4743 2791 4797 τήν
2815 4742 3035 4797 πέτραν.
3066 4739 3193 4797 ἀλλ’
3221 4743 3369 4797 ἡμᾶς
3426 4743 3619 4797 αὐτοὺς
3672 4750 3752 4797 τῶ

2107 4739 2372 4815 δομὲνων,
2407 4739 2486 4817 ἐφ’
2514 4743 2663 4813 ἡμᾶς
2691 4743 2791 4809 τὴν
2815 4739 3035 4811 πέτραν,
3066 4739 3193 4797 ἀλλ’
3221 4743 3369 4810 ἡμᾶς
3426 4739 3619 4806 αὐτοὺς
3672 4750 3753 4818 τῷ

2106 4811 2304 4889 ἄληθεῖ
2330 4812 2418 4866 καὶ
2449 4812 2550 4889 τήν
2576 4812 2821 4889 ναῦνῌᾷπὶ
2850 4816 2950 4883 τὴν
2999 4811 3196 4889 πέτραν
3229 4815 3480 4889 προσήγο
3490 4837 3606 4888 μεν.

2175 4886 2287 4957 (48)
2342 4882 2636 4957 Γενομένη.
2695 4886 2872 4959 Flor.,
2910 4882 3505 4959 γενουμένηί-θινιέόνὸ
3561 4889 3749 4946 ambi-

2103 4973 2217 5028 guo
2252 4955 2275 5011 .’
2298 4972 2437 5032 nam
2466 4955 2570 5012 aut
2594 4955 2857 5032 γενομένη
2912 4955 3221 5032 nobiscum
3280 4955 3618 5032 legendum,
3652 4966 3754 5016 aut

2103 4978 2217 5028 8110
2252 4998 2264 5011 .
2298 4978 2437 5012 nam
2466 4978 2570 5012 ᾶιιι
2629 4978 2857 5027 ενομενη
2912 4978 3221 5013 [1001861111]
3280 4978 3618 5032 legendum,
3652 4978 3748 5016 aut

2103 5027 2433 5102 γανουμένης
2472 4978 2630 5102 quod
2662 5028 2821 5102 haud
2852 5030 2994 5097 scio,
3017 5046 3092 5084 an
3123 5030 3200 5084 sit
3228 5032 3441 5089 verius.
3476 5034 3748 5088 SYLBURG.

2172 5096 2431 5173 (49)’βπ¹
2483 5096 2670 5173 ἀύτοῖς
2730 5098 2918 5170 μόνοις
2972 5096 3324 5173 κολάζονται.
3389 5125 3412 5155 ιι
3477 5104 3540 5157 In
3592 5105 3748 5173 ipso-

2103 5186 2233 5245 rum
2267 5170 2640 5245 Solummodo
2662 5177 2954 5245 potestate
2986 5178 3095 5241 est,
3129 5172 3289 5245 quod
3334 5170 3686 5245 puniuntur.
3718 5195 3749 5224 ››

2103 5241 2374 5297 Sanunc.
2411 5242 2473 5296 in
2500 5241 2686 5298 Indice
2724 5243 2928 5299 erco.

2171 5312 2373 5389 (§0):H
2407 5314 2612 5389 Γραφή.
2647 5314 2882 5389 Psalmo
2913 5333 3042 5389 xui:
3088 5316 3162 5387 (L)
3194 5317 3295 5371 ubi
3350 5315 3584 5389 legitur,
3619 5316 3749 5367 ὑπὲ-

2105 5377 2649 5458 λαϐεςὰνομίανζκιιῐ
2704 5386 2881 5442 etiam
2934 5377 3173 5458 infra‘p'.
3221 5390 3346 5448 285,
3378 5377 3481 5440 lin.
3518 5377 3580 5441 7.’
3604 5388 3749 5440 Cum

2104 5457 2493 5531 sequentibus
2547 5456 2619 5512 de
2658 5459 3049 5531 castigatione
3096 5456 3156 5531 et
3208 5458 3519 5529 punitione
3551 5458 3753 5531 confer

2104 5544 2235 5609 qua:
2259 5529 2486 5609 Seneca
2510 5546 2580 5609 e_x
2612 5528 2854 5609 lflatgne
2888 5529 3067 5584 tradit
3095 5528 3249 5584 libfi
3278 5531 3355 5584 De
3384 5531 3491 5599 ira,
3521 5529 3750 5599 cap.ul-

2104 5601 2269 5669 timo,
2298 5618 2355 5672 p.
2388 5603 2514 5670 206,
2539 5601 2581 5657 l.
2615 5604 2702 5659 52.
2731 5603 3004 5658 Srmunc.
