4004 6144
302 238 445 294 1365

1637 235 2087 294 ΒΤΒΟΗΑἹὊΠ
2121 235 2258 289 LIB.
2301 235 2395 291 IV.

3590 233 3730 288 1366

298 366 419 426 τοῖς
449 359 667 418 εἷ’δισινο
701 386 730 415 ‹‹
763 360 884 426 οἷός
915 362 1058 418 ἐστιν
1087 363 1116 418 6
1145 359 1198 416 ἐν
1229 364 1310 434 τῷ
1352 385 1380 415 ‹‹
1413 361 1695 431 Θεαιτήτῳ
1730 381 1758 409 »
1788 375 1955 432 κορυ-

2078 355 2428 428 similes,qui
2450 357 2512 412 in
2532 358 2710 413 urbes
2731 358 3040 414 ventitant.
3064 359 3312 422 Quando
3336 359 3496 415 enim
3521 359 3729 415 anima

304 455 467 526 φαῖος
527 453 661 524 (57)’
724 454 840 506 οἷον
899 449 1129 527 ἅγγελος
1189 453 1296 522 (58)
1353 446 1461 521 ἢδη
1522 448 1831 525 γενόμενος,
1871 444 1963 499 σὺν

308 542 530 614 Χριστῷ
556 560 617 594 τε
645 534 816 610 ἔσται,
850 540 1187 615 θεωρητικὸς
1229 535 1327 611 ὣν,
1372 537 1453 593 ἀεὶ
1478 537 1542 592 τὸ
1577 534 1837 612 βούλημα
1864 536 1962 588 τοῦ

307 633 445 687 Θεοῦ
476 633 714 696 σκοπῶν,
746 630 825 700 τῷ
852 624 989 684 ὄντι.

2075 446 2446 500 transcendit
2469 446 2534 510 is
2562 448 3033 519 generationem,
3083 451 3142 500 et
3190 465 3296 518 per
3345 467 3405 503 se
3437 449 3634 517 fuerit,
3669 454 3728 503 et

2075 551 2211 590 cum
2240 535 2448 590 formis
2495 552 2599 590 seu
2649 536 2798 590 ideis
2846 541 3132 602 versatur,
3160 555 3186 587 ι
3241 536 3435 605 qualis
3480 544 3588 603 est,
3621 538 3723 606 qui

2071 625 2421 696 coryphaaus
2452 624 2670 680 dicitur
2698 626 2761 679 in
2794 626 3084 692 Theaeteto,
3119 625 3168 678 is
3217 624 3406 678 factus
3437 630 3722 694 tanquam

301 721 568 794 angelus,
603 721 716 775 erit
744 736 881 774 cum
919 720 1171 787 Christo,
1217 718 1546 775 versabitur
1591 718 1654 772 in
1703 713 2230 785 contemplatione,
2280 730 2516 786 semper
2572 714 2675 768 Dei
2727 714 3095 771 voluntatem
3141 713 3571 780 considerans;
3626 730 3723 766 re—

311 827 449 867 vera
477 811 594 865 hic.

381 915 509 976 Οἶος
545 918 652 986 (59)
683 913 1046 986 πεπνυμένος,
1105 913 1194 968 τοὶ
1255 910 1302 967 δ’
1361 913 1436 976 ὡς
1484 911 1630 966 σκιαὶ
1662 909 1960 966 ἀίσσουσιν.

306 1022 503 1098 Νεκροὶ
565 1024 676 1097 (60)
730 1023 834 1098 γὰρ
920 1020 1047 1084 τοὺς
1133 1021 1337 1076 ἑαυτῶν
1395 1022 1657 1076 θάπτουσι
1718 1017 1960 1094 νεκρούς.

303 1114 467 1176 ’Ὀοεν
525 1109 789 1186 Ἱερεμίας
851 1108 1021 1183 λέγει·
1101 1135 1129 1162 (ι
1189 1109 1480 1184 Πληρώσω
1533 1107 1702 1177 αὐτὴν
1759 1110 1962 1180 νεκρῶν

303 1204 555 1277 γηγενῶν
589 1201 724 1273 (61),
779 1197 870 1260 οῦς
923 1195 1138 1254 ἔπαισεν
1189 1201 1222 1267 ἡ
1273 1198 1412 1274 ὀργή
1468 1219 1595 1272 μου.
1649 1197 1706 1250 Ὀ
1741 1196 1834 1269 μὶν
1868 1192 1960 1248 οῦν

306 1291 436 1354 Θεὸς
486 1291 615 1361 (62),
667 1285 1057 1351 ἀναπόδεικτος
1111 1284 1208 1358 ὢν,
1267 1287 1366 1342 οὐκ
1422 1283 1566 1341 ἔστιν
1602 1283 1959 1357 ἐπιστημονι-

303 1379 422 1440 κός·
456 1378 483 1431 6
516 1375 573 1432 δὲ
603 1375 726 1438 Υἱὸς
757 1375 916 1454 σοφία
965 1377 1024 1430 τὲ
1067 1375 1201 1446 ἐστι,
1232 1376 1322 1429 καὶ
1363 1373 1665 1447 ἐπιστήμη,
1697 1373 1787 1427 καὶ
1817 1370 1959 1442 ἀλή-

307 1478 445 1536 θεια,
477 1467 564 1520 καὶ
600 1464 697 1520 ὅσα
748 1462 892 1520 ἄλλα
945 1464 1127 1537 τούτῳ
1177 1471 1433 1540 συγγενῆ,
1466 1462 1569 1520 Καὶ
1601 1460 1668 1531 δὴ
1699 1461 1789 1516 καὶ
1821 1459 1960 1516 ἀπό-

310 1554 472 1628 δειξιν
504 1549 644 1630 ἔχει,
675 1553 765 1608 καὶ
799 1551 1060 1624 διέξοδον·
1095 1559 1261 1608 πᾶσαι
1311 1549 1368 1607 δὲ
1416 1553 1472 1607 αἱ
1504 1549 1759 1624 δυνάμεις
1789 1549 1958 1604 ΙΙνεύ-

318 1664 512 1718 ματος,
545 1637 868 1713 συλλήϐδην
896 1643 989 1715 μὲν
1038 1638 1092 1697 ἔν
1131 1663 1183 1697 τι
1231 1647 1455 1718 πρᾶγμα
1496 1641 1801 1716 γενόμεναι,
1835 1659 1960 1692 συν-

308 1732 562 1789 τελοῦσιν
598 1731 674 1794 είς
703 1731 765 1786 τὸ
794 1732 948 1799 αὐτὸ,
997 1732 1092 1786 τὸν
1144 1731 1289 1786 Υἱόν·
1341 1729 1727 1806 ἀπαρὲμφατος
1760 1727 1818 1782 δὲ
1848 1727 1958 1782 ἐστι

308 1827 407 1890 τῆς
437 1823 560 1898 περὶ
595 1823 822 1892 ἑκάστης
879 1821 1043 1876 αὐτοῦ
1098 1825 1204 1875 τῶν
1265 1819 1544 1893 δυνᾶμεων
1592 1817 1818 1880 ἐννοίας.
1853 1817 1958 1872 Καὶ

311 1911 377 1983 δὴ
411 1913 473 1968 οὐ
499 1912 702 1987 γίνεται
735 1911 977 1985 ἀτεχνῶς
1006 1907 1060 1965 ἓν
1105 1911 1178 1972 ὡς
1233 1907 1312 1980 ἓν,
1366 1913 1477 1982 (63)
1509 1905 1634 1963 οὐδὲ
1663 1906 1851 1962 πολλά
1882 1907 1955 1968 ὡς

312 2001 447 2076 μέρη
482 1971 684 2070 δΥἱὸς,
741 1971 872 2055 ἀλλῖ
926 2001 1000 2062 ὡς
1058 2000 1231 2054 πάντα
1285 1996 1362 2054 ἕν’
1424 1971 1570 2061 ἔνθεν
1628 1997 1718 2051 καὶ
1760 1999 1952 2050 πάντα·
1988 1971 2036 2035 Β

305 2090 512 2152 κύκλος
545 2091 647 2166 γὰρ
681 2091 708 2143 6
748 2088 908 2150 αὐτὸς
963 2092 1150 2143 πασῶν
1209 2091 1317 2142 τῶν
1373 2084 1654 2159 δυνάμεων
1688 2084 1761 2146 εἷς
1791 2083 1848 2139 ἓν
1881 2084 1955 2138 εἷ-

309 2178 595 2252 λουμένων
641 2179 728 2232 καὶ
781 2178 1109 2250 ἓνουμὲνωψ
1171 2174 1261 2231 διὰ
1312 2181 1474 2231 τοῦτο
1525 2199 1553 2227 ‹‹
1587 2183 1628 2229 Δ
1672 2174 1763 2229 καὶ
1795 2181 1836 2228 Ω
1869 2196 1896 2225 ››
1929 2175 1956 2227 ὁ

308 2269 482 2343 Λόγος
533 2263 764 2337 εἶ’ρηται·
801 2266 862 2320 οὗ
899 2267 1069 2339 μόνου
1115 2267 1178 2321 τὸ
1216 2265 1376 2329 τὲλος
1421 2265 1570 2339 ἀρχὴ
1611 2263 1837 2338 γίνεται,
1869 2263 1958 2317 καὶ

302 2355 530 2426 τελευτᾷ
558 2354 723 2410 πάλιν
775 2353 869 2410 ἐπὶ
911 2357 1010 2424 τὴν
1061 2353 1262 2419 ἄνωθεν
1312 2355 1515 2430 ἀρχὴν,
1567 2351 1811 2425 οὐδαμοῦ
1843 2349 1961 2405 διά-

307 2465 492 2498 στασιν
527 2437 735 2499 λαϐών.
770 2443 864 2497 Διὸ
897 2440 964 2510 δή
995 2444 1085 2498 καὶ
1114 2444 1176 2498 τὸ
1208 2443 1284 2505 εἷς
1316 2443 1475 2498 αὐτὸν
1499 2441 1588 2497 καὶ
1610 2443 1671 2496 τὸ
1699 2438 1768 2495 δι’
1794 2439 1960 2494 αὐτοῦ

307 2536 590 2587 πιστεῦσαι
625 2530 917 2605 μοναδικόί
943 2536 1052 2604 (64)
1083 2531 1194 2586 ἐστι
1245 2531 1510 2606 γενέσθαι,
1544 2527 1960 2603 ἀπερισπάστως

313 2620 604 2692 ἑνούμενον
655 2619 706 2675 ἄν
761 2619 926 2691 αὐτῷ’
985 2620 1047 2673 τὸ
1097 2617 1155 2673 δὲ
1198 2620 1491 2688 ἀπιστῆσαι
1552 2615 1794 2670 διστάσαι
1826 2614 1962 2681 ἐστὶ,

313 2710 405 2764 καὶ
438 2706 742 2777 διαστῆναι,
797 2708 885 2761 καὶ
945 2708 1284 2782 μερισθῆναι.
1319 2731 1347 2758 ‹‹
1381 2708 1479 2760 Διά
1507 2709 1667 2760 τοῦτο
1695 2701 1823 2759 τάδε
1871 2701 1962 2758 λι-

309 2818 389 2871 γει
427 2798 629 2871 Κύριος
685 2800 814 2868 (65)·
875 2800 984 2858 Πᾶς
1044 2796 1157 2858 υἱὸς
1216 2795 1549 2871 ἀλλογενὴς,
1594 2795 1964 2869 ἀπερίτμητος

313 2883 530 2962 καρδίᾳ,
563 2885 652 2940 καὶ
714 2884 1084 2959 ἀπερίτμητός
1138 2883 1246 2939 ἐστι
1293 2884 1470 2957 σαρκί·
1500 2886 1799 2954 τουτέστιν,
1831 2884 1964 2939 ἀκά-

319 2987 515 3052 θαρτος
576 2972 790 3046 σώματί
846 2994 904 3027 τε
958 2974 1049 3029 καὶ
1105 2972 1392 3046 πνεύματυ
1454 2973 1551 3028 οὐκ
1606 2972 1962 3029 εἰσελεύσεται

313 3063 390 3128 εἷς
417 3065 485 3118 τὰ
541 3063 673 3137 ἅγια
729 3061 836 3116 ἀπὸ
893 3067 1000 3116 τῶν
1060 3060 1377 3136 ἀλλογενῶν
1411 3061 1462 3115 ἐν
1494 3061 1642 3135 μὲσῳ
1674 3082 1828 3116 οικου
1858 3065 1963 3116 Ἰσ-

314 3152 480 3226 ραήλ,
515 3149 644 3207 ἀλλ’
673 3149 707 3220 ἢ
741 3151 797 3204 οἳ
828 3156 1068 3208 Λευῖται.
1095 3149 1440 3224 Ἀλλογενεῖς
1467 3174 1494 3200 »
1520 3148 1577 3205 δὲ
1601 3147 1814 3225 εἷ’ρηκεν
1835 3153 1961 3214 τοὺς

315 3243 390 3314 μὴ
424 3245 704 3296 πιστεῦσαι
759 3238 1150 3314 βουληθέντας,
1207 3239 1332 3294 ἀλλ’
1375 3241 1618 3294 ἀπιστεῖν
1654 3239 1960 3307 ἐθέλοντας,

2248 910 2405 966 Solus
2427 911 2693 980 prudens,
2739 911 2840 965 isti
2873 909 3107 964 volitant
3135 908 3284 963 velut
3314 909 3539 965 umbrae.

2072 1017 2281 1072 Mortui
2316 1019 2473 1072 enim
2521 1017 2821 1089 sepeliunt
2867 1021 3133 1071 mortuos
3179 1034 3336 1070 suos.
3383 1016 3548 1072 Unde
3581 1017 3725 1071 dicit

2068 1107 2391 1162 Jeremias:
2427 1129 2455 1156 «
2489 1106 2752 1178 Implebo
2793 1106 2983 1177 ipsam
3015 1105 3265 1159 mortuis
3297 1109 3456 1160 terra
3485 1106 3719 1176 genitis,

2071 1212 2221 1267 quos
2250 1196 2545 1267 percussit
2573 1196 2661 1249 ira
2691 1211 2824 1250 mea
2852 1194 2952 1266 (α).
2991 1217 3018 1243 ››
3047 1197 3236 1264 Atque
3267 1195 3418 1249 Deus
3453 1194 3716 1264 quidem,

2072 1302 2206 1341 cum
2228 1285 2626 1340 demonstrari
2646 1289 3054 1355 nequeat,non
3073 1289 3270 1354 potest
3296 1300 3425 1338 esse
3454 1283 3717 1337 scientiae

2071 1373 2370 1445 objectum
2393 1390 2406 1440 ;
2433 1373 2614 1427 Filius
2637 1379 2835 1428 autem
2859 1377 2948 1427 est
2968 1379 3026 1426 et
3049 1373 3427 1444 sapientia,et
3449 1373 3715 1442 scientia,

2073 1467 2131 1518 et
2159 1463 2392 1530 veritas,
2437 1467 2496 1516 et
2543 1478 2913 1532 quascunque
2961 1478 3094 1516 cum
3140 1461 3252 1516 hoc
3282 1461 3466 1516 ullam
3497 1462 3720 1515 habent

2069 1552 2506 1624 cognationem.
2536 1551 2874 1616 Quinetiam
2905 1551 3084 1605 habet
3121 1550 3715 1618 demonstrationem,

2069 1647 2130 1696 et
2160 1643 2276 1695 vim
2305 1639 2722 1695 ratiocinandi.
2756 1640 2972 1694 Omnes
3020 1644 3219 1694 autem
3263 1639 3513 1710 Spiritus
3547 1644 3714 1709 pote-

2070 1734 2270 1796 states,
2304 1746 2439 1784 cum
2472 1729 2649 1783 simul
2679 1745 2799 1783 una
2837 1745 2931 1782 res
2979 1728 3146 1782 factae
3176 1728 3419 1793 fuerint,
3453 1727 3526 1782 ad
3558 1727 3716 1781 idem

2069 1819 2403 1886 conferunt,
2437 1834 2651 1889 nempe
2691 1817 2765 1872 ad
2815 1817 3048 1872 Filium.
3083 1819 3184 1871 Est
3212 1821 3410 1871 autem
3444 1817 3714 1871 inﬁnitus

2067 1924 2426 1979 unaquaque
2448 1923 2690 1962 suarum
2705 1911 3064 1978 potestatum
3087 1907 3349 1961 notione.
3365 1909 3714 1976 Quanquam

2067 2015 2187 2053 non
2220 1997 2298 2052 sit
2326 2013 2457 2052 vere
2487 2012 2697 2063 unum,
2729 2001 2796 2051 ut
2823 2012 3032 2064 unum,
3057 2012 3250 2066 neque
3274 1996 3463 2051 multa
3493 2001 3557 2049 ut
3585 2012 3713 2067 par-

2068 2093 2156 2142 tes
2186 2087 2391 2152 Filius,
2417 2086 2520 2141 sed
2541 2089 2608 2139 ut
2632 2085 2834 2140 omnia
2853 2100 3061 2151 unum,
3088 2084 3246 2138 unde
3280 2086 3455 2139 etiam
3490 2085 3710 2139 omnia.

2067 2178 2166 2231 Est
2198 2177 2356 2230 enim
2387 2175 2546 2229 idem
2577 2174 2836 2228 circulus
2867 2174 3135 2228 omnium
3169 2177 3550 2242 potestatum,
3585 2191 3714 2243 quae

2069 2265 2130 2318 in
2155 2280 2345 2319 unum
2365 2261 2908 2316 circumvolvuntur
2937 2269 2991 2314 et
3021 2261 3328 2314 uniuntur.
3359 2259 3575 2313 Etideo
3600 2262 3716 2313 Lo-

2069 2369 2173 2424 gos
2204 2352 2394 2405 dictus
2427 2355 2517 2404 est
2546 2370 2574 2398 ‹‹
2607 2349 2785 2419 alpha
2816 2355 2873 2402 et
2903 2364 3112 2418 omega
3142 2350 3237 2418 (b),
3275 2370 3300 2396 ι)
3329 2349 3499 2420 cujus
3532 2350 3718 2402 solius

2071 2440 2209 2495 finis
2241 2439 2318 2493 sit
2346 2437 2729 2509 principium,
2783 2443 2840 2491 et
2888 2453 3095 2490 rursus
3135 2437 3354 2490 desinit
3383 2437 3442 2490 in
3474 2437 3533 2490 id
3562 2438 3720 2507 quod

2073 2533 2162 2583 est
2190 2533 2365 2582 antea
2392 2527 2774 2598 principium,
2807 2542 3104 2596 nusquam
3155 2525 3502 2580 distantiam
3555 2527 3719 2580 acci-

2071 2617 2242 2690 piens
2269 2621 2326 2670 et
2356 2615 2811 2670 dimensionem.
2845 2614 3240 2679 Quamobrem
3275 2619 3332 2668 et
3357 2615 3417 2668 in
3441 2615 3636 2684 ipsum
3663 2621 3721 2668 et

2071 2723 2178 2779 per
2199 2707 2395 2778 ipsum
2416 2703 2676 2773 credere,
2707 2709 2796 2759 est
2814 2703 3057 2758 unicum
3082 2703 3232 2770 ﬁeri,
3259 2703 3486 2758 scilicet
3507 2703 3569 2756 in
3591 2704 3718 2773 ipso

2073 2794 2366 2850 indivulse
2388 2795 2656 2860 unitum;
2679 2810 2802 2848 non
2826 2793 3068 2848 credere
3095 2797 3414 2860 autem,est
3435 2792 3717 2855 discerni,

2075 2884 2384 2957 spatioque
2417 2883 2674 2956 disjungi
2706 2888 2765 2938 et
2794 2882 2993 2937 dividi.
3030 2905 3057 2932 «
3083 2884 3402 2953 Propterea
3428 2882 3552 2935 haec
3577 2881 3721 2934 dicit

2074 2975 2389 3030 Dominus:
2410 2973 2613 3029 Omnis
2633 2973 2790 3027 filius
2807 2973 3142 3044 alienigena
3158 2977 3248 3027 est
3268 2971 3720 3026 incircumcisus

2075 3063 2272 3127 corde,
2299 3068 2358 3117 et
2383 3062 2836 3116 incircumcisus
2858 3077 3106 3126 carne,»
3129 3061 3241 3114 hoc
3265 3066 3354 3114 est
3374 3060 3721 3114 immundus

2074 3155 2134 3207 et
2161 3167 2406 3222 corpore
2451 3154 2510 3205 et
2553 3149 2786 3220 spiritu,
2818 3171 2845 3198 «
2880 3165 3000 3202 non
3032 3147 3398 3219 ingredietur
3427 3148 3486 3202 in
3520 3153 3722 3202 sancta

2075 3257 2144 3296 ex
2175 3240 2524 3312 alienigenis
2550 3239 2611 3292 in
2635 3238 2828 3293 medio
2851 3237 3061 3292 domus
3087 3236 3289 3302 Israel,
3326 3243 3722 3307 praeterquam

309 3331 482 3388 Μόνοι
511 3329 692 3384 τοίνυν
745 3330 797 3383 οἱ
844 3333 1098 3402 καθαρῶς
1149 3329 1395 3404 βιοῦντες
1440 3329 1603 3404 ἱερεῖς
1654 3324 1822 3391 ὅντως
1862 3335 1960 3385 τοῦ

2078 3329 2283 3385 [.evitaa
2304 3330 2396 3398 (ο).
2416 3327 2796 3400 Alienigenas
2818 3349 2845 3376 »
2869 3332 3066 3382 autem
3091 3325 3238 3379 dixit
3258 3326 3488 3395 eos,qui
3517 3326 3723 3379 nolue-

382 3480 446 3546 ›ι‹
475 3475 537 3528 Ρ.
571 3475 673 3527 635
704 3473 816 3528 ED.
849 3473 1142 3540 POTTER,
1174 3474 1278 3528 537
1307 3473 1417 3528 ιιι).
1450 3474 1678 3529 PARIS.
1740 3474 1817 3546 (a)
1876 3475 1963 3531 1e:

2078 3515 2090 3530 .
2151 3488 2350 3540 χχχιιι,
2383 3474 2435 3525 5.

386 3621 640 3694 ραν-τοῖοι
671 3618 1007 3694 τελέθοντες,
1037 3614 1418 3694 ἐπιστρωφῶσι
1442 3616 1680 3694 Δπόλησιις,

385 3688 718 3764 Ἀνθρώπων
748 3683 903 3763 ὕϐριν
934 3683 1112 3742 τεκαὶ
1145 3683 1404 3761 εὖνομίην
1439 3683 1761 3765 ἐφορῶντες.

382 3790 452 3843 Et
472 3789 552 3843 dii
583 3786 894 3857 hospitibus
922 3788 1125 3842 similes
1147 3790 1478 3858 peregrinis,

387 3858 687 3928 Omnifarii
718 3860 1055 3924 emsistentes,
1076 3867 1364 3914 versantur
1387 3877 1491 3928 per
1522 3862 1786 3926 civitates,

388 3933 684 3986 Hominum
713 3933 906 3999 fasque
936 3933 1198 4000 nefasque
1228 3932 1595 4000 inspicientes.

388 4027 503 4100 (5?)
536 4029 862 4100 Κορυφαῖος.
900 4026 1065 4100 P_lato
1096 4028 1159 4082 in
1195 4028 1468 4100 Theaeteto
1507 4045 1564 4098 p.
1609 4029 1708 4100 127
1735 4044 1748 4082 :
1780 4028 1966 4100 Λέγωο

388 4049 502 4098 (οι)
537 4049 862 4100 δορυφαιος.
900 4049 1065 4082 nato
1096 4049 1159 4082 ιιι
1198 4049 1468 4082 ιηεωιειο
1508 4049 1564 4098 p.
1609 4049 1705 4082 ἰιι
1735 4049 1748 4082 :
1780 4049 1853 4082 Λε
1893 4049 1965 4082 ωε

322 4117 416 4170 μεν
449 4094 687 4171 δὴλέπεί
719 4095 805 4150 σοί
834 4116 895 4171 γε
927 4093 1097 4171 δοκεῖ,
1119 4097 1266 4171 ,περὶ
1295 4101 1402 4171 τῶν
1439 4098 1774 4171 κορυφαίων.
1812 4049 1965 4155 ιιᾙί-

319 4169 525 4252 camus
552 4169 752 4293 igitur,
780 4169 1060 4238 quoniam
1088 4170 1195 4224 tibi
1215 4169 1546 4238 videtur,d'e
1567 4171 1660 4226 his
1679 4171 1778 4242 qui
1802 4172 1967 4243 prin-

321 4257 483 4293 cmes
517 4257 628 4293 sun
663 4280 674 4293 .
712 4261 738 4288 »

321 4257 483 4296 cmes
517 4257 674 4294 sunt.
712 4261 738 4288 ι)

379 4258 971 4384 12§§)53{;Z";W.io..
1037 4313 1297 4384 Respicit
1360 4311 1511 4384 forte
1564 4314 1764 4368 Matth.
1825 4331 1964 4380 χιιι,

317 4377 934 4472 30;;945172101105
957 4386 1089 4465 Θεοῦ
1121 4377 1174 4436 ἐν
1206 4382 1418 4457 οὐρανῷ
1451 4381 1573 4439 εἶσι.

391 4453 509 4523 (59)
568 4453 720 4514 Οἷος.
781 4455 1017 4510 Homeri
1089 4453 1291 4511 versus
1362 4461 1470 4525 est,
1527 4473 1596 4510 ex
1653 4456 1839 4526 Odyss.
1898 4458 1965 4527 K,

322 4524 593 4578 SYLBURG.

361 4541 593 4580 YLBURG.

393 4597 508 4672 (60)
563 4594 1106 4672 Naupo_l.__BeSp_ici_t
1189 4599 1389 4654 Matth.
1458 4615 1578 4672 vni,
1636 4599 1744 4652 22:
1801 4597 1966 4672 Ἀφες

318 4663 446 4725 τοῦς
475 4663 701 4740 νεκροὺς
733 4666 895 4740 Θάψαι
925 4663 1052 4740 τοὺς
1077 4668 1280 4722 ἑαυτῶν
1308 4667 1553 4737 νεκρούς.

395 4736 834 4813 (animum
880 4739 1054 4813 αὐτὴν
1106 4759 1219 4795 νεκ.
1279 4760 1335 4813 γ.
1391 4736 1604 4796 Jerem.
1656 4757 1863 4813 xxxiii,
1896 4744 1966 4813 Et:

323 4807 426 4885 ξζαξ
485 4806 808 4885 πληρῶσαι,
837 4806 1042 4885 αὐτὴν,
1080 4806 1302 4885 νεκρῶν’
1327 4815 1435 4865 τῶν
1496 4811 1820 4885 ἀνθρώπων,
1853 4806 1971 4873 νοῦς

327 4878 559 4962 ἐπάταξα
591 4878 641 4934 ἔν
679 4881 812 5009 ὀρὲῇ
849 4902 1000 4964 μου..
1022 4878 1264 4964 Latina:
1320 4906 1348 4932 «
1380 4878 1758 4939 Venientium
1789 4889 1853 4964 ut
1881 4883 1970 4937 di-

327 4958 551 5007 micent
580 4970 714 5008 cum
790 4954 1056 5009 haldzels.
1078 4959 1136 5008 et
1154 4954 1443 5009 impleant
1464 4971 1562 5009 eas
1589 4954 1970 5009 cadaveribus

327 4954 551 5025 micent
580 4954 718 5008 cum
747 4954 1056 5022 Chaldzeis,
1078 4959 1136 5008 et
1154 4954 1443 5025 impleant
1464 4971 1562 5010 eas
1589 4954 1970 5010 cadaveribus

325 5024 660 5096 hominum,
696 5042 845 5096 quos
877 5027 1141 5096 percussi
1175 5024 1465 5081 in’furore
1499 5043 1629 5080 meo
1658 5031 1716 5080 et
1739 5027 1796 5079 in
1820 5025 1972 5079 indi-

325 5095 604 5165 gnatione
624 5095 820 5151 mea.»
844 5095 1090 5161 Quidam
1117 5114 1186 5151 ex
1211 5097 1452 5152 Hebrmo
1476 5097 1966 5166 interpretantur:

327 5187 354 5215 ‹‹
393 5167 674 5222 Dominus
703 5167 850 5222 dixit
907 5169 980 5223 ad
1039 5169 1244 5223 domos
1296 5169 1463 5234 Juda,
1491 5186 1622 5239 qua:
1654 5169 1968 5222 destructas

328 5242 504 5305 sunt;
539 5255 606 5292 eo
633 5239 790 5309 quod
822 5239 1180 5295 habitatores
1214 5257 1413 5295 earum
1445 5245 1753 5306 venerunt,
1787 5247 1852 5294 ut
1881 5239 1971 5294 di-

325 5309 617 5382 micarent
639 5327 770 5364 cum
791 5311 1174 5372 Chaldaeismt
1195 5312 1510 5382 implerent
1536 5328 1634 5366 eas
1655 5311 1860 5366 domos
1881 5327 1972 5366 ca-

326 5381 657 5446 daveribus,
680 5387 738 5436 et
760 5382 962 5436 multis
991 5383 1207 5437 Judzeis
1239 5381 1406 5438 caesis
1440 5383 1838 5446 efﬁcerent,ut
1859 5383 1973 5436 im—

324 5451 649 5525 plerentur.
674 5475 701 5502 »
725 5455 863 5519 Quae
885 5470 1018 5508 vero
1040 5455 1215 5525 paulo
1237 5459 1372 5509 ante
1406 5454 1571 5525 dixit,
1597 5479 1621 5503 ‹‹
1651 5471 1854 5525 revera
1876 5455 1971 5525 hic

324 5522 487 5595 solus
517 5525 778 5595 prudens
828 5548 854 5574 ››
890 5527 982 5580 Gr.
1008 5522 1186 5584 εὉῖος
1230 5524 1590 5594 πεπνυμένος,
1622 5524 1706 5578 τοὶ
1740 5523 1797 5578 δὲ
1827 5524 1967 5578 σκιαὶ

320 5590 620 5668 ἀίσσουσιν,
653 5597 724 5651 ad
759 5613 988 5651 versum
1042 5598 1344 5667 pertinent
1389 5590 1576 5668 Odyss.
1611 5600 1674 5660 Κ,
1711 5599 1782 5652 de
1813 5598 1974 5652 Tire-

319 5664 408 5720 sia
436 5673 585 5739 vate,
618 5689 645 5717 «
680 5668 773 5723 cui
838 5669 940 5723 uni
1003 5664 1359 5741 Proserpina
1397 5664 1614 5726 dicitur
1645 5667 1878 5725 dedisse
1909 5673 1974 5723 ut

2495 3470 2568 3541 (b)
2626 3471 2805 3541 Apoc.
2841 3486 2880 3538 1,
2911 3469 2964 3522 8.
3026 3468 3093 3539 (c)
3122 3467 3326 3522 Ezech.
3359 3483 3505 3534 xmv,
3545 3470 3599 3534 9,
3636 3469 3721 3521 10.

2077 3619 2256 3675 etiam
2287 3615 2602 3671 defunctus
2625 3614 2836 3686 sapiat,
2861 3613 3122 3685 reliquas
3144 3617 3339 3668 autem
3364 3611 3604 3686 umbras
3626 3630 3723 3665 vo-

2075 3691 2266 3745 litare.
2295 3711 2322 3738 »
2358 3689 2712 3758 Usurpatum
2734 3690 2824 3758 est
2845 3686 2954 3740 hoc
2999 3685 3214 3740 deinde
3236 3686 3296 3738 in
3325 3685 3718 3758 Chrysippum

2076 3760 2390 3833 magnifice
2420 3759 2493 3833 de
2510 3755 2577 3833 se
2596 3757 2962 3833 sentientem
2975 3762 3060 3823 ,ut
3074 3757 3257 3810 refert
3273 3757 3438 3833 Diog.
3456 3755 3718 3833 Laertius

2074 3835 2119 3887 Ι.
2147 3827 2244 3898 νῖι,
2279 3836 2336 3886 et
2364 3830 2424 3884 in
2456 3829 2789 3899 Scipionem
2815 3829 3140 3900 juniorem,
3173 3833 3238 3882 ut
3273 3827 3626 3882 Plutarchus
3659 3827 3718 3880 in

2078 3901 2323 3959 Politicis
2358 3902 2651 3972 praceptis
2671 3916 2689 3954 :

2147 4017 2276 4080 Οἶος
2306 4017 2590 4086 πέπνυται,
2621 4013 2707 4070 τοὶ
2742 4014 2799 4069 δὲ
2830 4015 2971 4069 σκιαὶ
3007 4014 3302 4072 ἆῒσσουσιν.

2145 4126 2246 4182 Ille
2273 4126 2420 4195 sapit
2449 4125 2612 4190 solus,
2644 4123 2882 4178 volitant
2912 4123 3012 4177 alii
3041 4125 3186 4177 velut
3209 4123 3434 4177 u'nbraz.

2076 4242 2219 4297 Vide
2249 4240 2523 4296 Proverb.
2557 4242 2645 4306 53,
2679 4246 2833 4296 cent.
2867 4243 2919 4307 3,
2954 4240 3093 4294 chil.
3126 4241 3180 4294 2.
3215 4242 3478 4295 COLLECT.

2149 4314 2257 4386 (62)
2311 4311 2372 4368 Ὁ
2429 4311 2523 4382 μὲν
2579 4310 2670 4365 οὖν
2730 4312 2880 4370 Θεὸς.
2941 4313 3136 4386 Sancti
3193 4308 3718 4386 Patres___t_radunt,

2077 4381 2261 4440 Deum
2284 4381 2516 4438 Patrem
2539 4400 2847 4454 nunquam
2869 4384 3236 4454 apparuisse,
3261 4382 3364 4437 sed
3389 4381 3601 4435 Filium
3626 4399 3718 4434 so-

2077 4457 2221 4511 lum.
2263 4455 2427 4510 Conf.
2481 4457 2546 4510 D.
2601 4455 2750 4511 Bulli
2801 4455 3054 4524 Defensio
3102 4455 3231 4523 ﬁdei
3278 4456 3530 4518 Nicena,
3569 4455 3720 4521 p.90

1997 4546 2044 4610 ι)
2077 4526 2353 4610 edit-19.1.;
2386 4525 2649 4610 ιριιίὲοιι·

2151 4599 2259 4670 (63)
2289 4597 2384 4652 Ἕν
2414 4597 2488 4657 ὡς
2524 4592 2602 4655 ἓν.
2659 4597 2812 4670 Dicit
2866 4597 3079 4652 Filium
3135 4613 3256 4670 non
3311 4611 3438 4649 esse
3471 4617 3497 4642 «
3531 4610 3719 4670 unum

2080 4665 2364 4740 tanquam
2394 4685 2620 4740 unum;
2650 4689 2677 4717 »δ
2711 4668 2823 4722 hoc
2855 4675 2964 4736 est,
2996 4685 3062 4722 eo
3094 4668 3422 4738 modo,quo
3454 4682 3548 4719 res
3579 4665 3718 4727 illae,

2079 4739 2219 4811 quae,
2232 4746 2390 4796 certo
2413 4740 2542 4795 loco
2570 4739 2955 4803 definiuntur,
2980 4744 3330 4811 unumsunt
3352 4756 3365 4804 ;
3391 4753 3498 4792 nec
3523 4743 3720 4790 tamen

2079 4810 2209 4868 esse
2236 4835 2256 4862 ι
2293 4811 2569 4878 multum,
2600 4833 2624 4859 η
2652 4827 2754 4865 seu
2785 4811 2991 4865 multis
3017 4810 3283 4880 partibus
3314 4813 3716 4872 constantem;

2079 4883 2183 4938 sed
2215 4883 2274 4937 in
2299 4899 2436 4938 vera
2467 4899 2532 4937 ac
2563 4882 2803 4952 propria
2843 4903 2870 4930 «
2902 4881 3130 4936 unitate
3163 4881 3363 4936 omnia
3395 4904 3420 4930 ››
3453 4895 3720 4949 compre—

2079 4955 2360 5009 hendere.
2396 4954 2648 5008 Proinde
2674 4953 2944 5007 «circulo
2969 4975 2996 5002 ››
3021 4953 3190 5007 illum
3223 4961 3561 5024 comparat;
3590 4967 3720 5020 qum

2083 5028 2269 5098 ﬁgura
2293 5041 2402 5098 nec
2431 5025 2669 5078 initium
2701 5024 3248 5098 necfinemhabet,
3281 5042 3486 5098 verum
3514 5039 3548 5076 a
3576 5038 3724 5098 quo-

2081 5093 2315 5167 cunque
2337 5096 2465 5166 ejus
2492 5101 2710 5166 puncto
2742 5094 2977 5150 initium
3002 5095 3270 5162 ducatur,
3301 5097 3358 5150 in
3383 5095 3588 5149 eodem
3618 5093 3726 5167 de-

2082 5165 2398 5222 sinendum
2431 5165 2536 5221 est.
2573 5169 2762 5236 Atque
2794 5167 2904 5222 hoc
2937 5167 3110 5222 modo
3134 5169 3331 5222 divina
3352 5165 3725 5236 immensitas

2082 5239 2522 5311 quodammodo,
2541 5233 2878 5293 adumbrari
2901 5239 3068 5294 solet.
3093 5241 3254 5294 Conl‘.
3278 5240 3341 5292 D.
3361 5233 3726 5300 Bullus,libri

2081 5309 2354 5381 superius
2387 5309 2528 5381 dicti
2560 5328 2616 5381 p.
2654 5311 2774 5374 189,
2808 5313 2926 5364 190.

2150 5377 2262 5452 (64)
2294 5377 2623 5435 Μοναδικόν.
2684 5381 2849 5436 Conf.

2079 5458 2283 5508 notata
2315 5457 2473 5525 sunt,
2504 5469 2635 5525 pag.
2668 5455 2790 5525 582,
2821 5456 2923 5525 726

2153 5528 2260 5594 (65)
2293 5523 2388 5578 Διὰ
2439 5516 2612 5578 τοῦτο’
2669 5516 2804 5594 τάδε.
2865 5521 3010 5594 λέγει
3065 5519 3288 5594 Κύριος.
3351 5517 3531 5594 \_’ulg._
3575 5516 3723 5572 Bibl.

2079 5590 2283 5669 Ezech.
2316 5614 2438 5653 XLIV
2465 5615 2476 5650 :
2511 5595 2670 5669 Λέγει
2722 5590 2952 5652 Ἀδωναῖ
2999 5590 3206 5669 Κόριος.
3230 5592 3257 5645 6
3289 5590 3448 5669 βεοςχ
3482 5591 3541 5640 et
3569 5602 3728 5669 mox,

2080 5666 2450 5741 ἀπερίτμητος
2479 5658 2656 5740 cupii,
2692 5669 2913 5737 absque
2965 5658 3140 5721 verbo
3191 5661 3322 5718 ἐστί’
3356 5661 3520 5723 dein,
3558 5658 3632 5714 εἰς
3663 5658 3730 5709 τὰ

2912 5399 3041 5453 pag.
3102 5383 3224 5445 535,
3250 5384 3318 5453 iet
3349 5395 3478 5448 quae
3512 5376 3591 5428 ibi
3623 5376 3723 5429 ad-

3029 5426 3041 5437 .
3102 5399 3224 5445 σου,
3261 5399 3315 5432 ει

2953 5399 3094 5508 Egit.
3132 5451 3315 5504 Paris.
