4004 6144
314 321 463 375 1373

1657 321 2106 377 ΘΤΒΟΠΔἸὌΜ
2146 326 2275 378 LIB.
2318 327 2416 380 IV.

3596 328 3734 384 1374

307 445 412 499 καὶ·
454 441 765 513 κακίξοντες
817 441 880 496 τὸ
929 446 1108 515 σῶμα⁸
1161 442 1222 496 οὐ
1254 446 1589 518 συνορῶντες
1645 444 1746 512 τὴν
1797 463 1960 497 κατα-

2076 452 2192 515 tur,
2227 453 2286 504 et
2315 466 2531 522 corpus
2561 451 2915 522 vituperant,
2949 469 3070 507 non
3100 454 3548 510 considerantes
3589 471 3730 511 cor-

313 535 508 602 σκευήν
561 536 660 587 τοῦ
719 532 1007 607 ἀνθρώπου
1068 531 1238 606 ὀρθὴν
1289 533 1428 606 πρὸς
1458 533 1557 600 τήν
1591 531 1821 607 οὐρανοῦ
1880 531 1968 595 θέ-

312 643 374 677 αν
406 625 516 696 (92)
572 621 896 696 γενομένην,
955 621 1043 675 καὶ
1101 622 1200 690 τὴν
1249 626 1356 675 τῶν
1408 621 1712 691 αἰσθήσεων
1744 623 1969 696 ὁργανο-

310 711 495 766 ποιίαν
530 711 665 786 πρὸς
725 714 924 784 γνῶσιν
984 710 1382 778 συντείνουσαν,
1437 710 1504 764 τά
1557 731 1617 765 τε
1677 709 1817 782 μέλη
1880 709 1968 764 καὶ

313 799 452 874 μέρη
487 800 625 875 πρὸς
672 800 736 854 τὸ
783 797 972 871 καλὸν,
1031 799 1093 854 οὐ
1141 799 1278 872 πρὸς
1316 796 1518 869 ἡδονήν
1552 795 1758 855 εὔθετα.
1812 801 1968 862 *Οθεν

307 887 644 944 ἐπιδεκτικὸν
693 889 898 962 γίνεται
955 894 1057 956 τῆς
1111 887 1450 961 τιμιωτάτης
1493 892 1574 959 τῷ
1615 893 1732 960 Θεῷ
1783 891 1967 962 ψυχῆς

303 976 368 1034 τό
401 977 719 1052 οἷκητήριον
774 978 957 1032 τοῦτο·
1006 977 1094 1032 καὶ
1146 977 1459 1049 Πνεῦματος
1491 976 1648 1052 ἁγίου
1691 978 1828 1031 κατὰ
1877 977 1967 1031 τὸν

304 1070 405 1131 τῆς
439 1070 626 1141 ψυχῆς
656 1087 714 1120 τε
742 1065 831 1120 καὶ
865 1067 1122 1139 σώματος
1174 1067 1439 1140 ἁγιασμὸν
1473 1067 1842 1137 καταξιοῦται,
1891 1064 1970 1138 τῷ

305 1160 404 1210 τοῦ
461 1162 722 1231 Σωτῆρος
779 1160 1132 1231 καταρτισμῶ
1184 1155 1593 1228 τελειούμενον.
1652 1154 1754 1212 Kal
1821 1153 1886 1224 δὴ
1931 1157 1966 1224 ἡ

307 1244 702 1309 ἆντακολουθία
727 1248 836 1300 τῶν
868 1249 1034 1320 τριῶν
1097 1246 1302 1319 ἀρετῶν
1359 1246 1480 1321 περὶ
1539 1245 1632 1300 τὸν
1685 1241 1964 1320 ἄνθρωπον

307 1334 606 1411 εὑρίσκεται
664 1334 756 1389 τὸν
815 1335 1136 1409 γνωστικὸν,
1185 1335 1392 1404 ἠθικῶς
1451 1355 1509 1389 τε
1562 1334 1652 1388 καὶ
1701 1338 1965 1408 φυσικῶς,

303 1425 394 1480 καὶ
454 1425 700 1500 λογικῶς
756 1426 880 1501 περὶ
936 1425 998 1479 τὸ
1058 1429 1212 1479 Θεῖον
1274 1426 1816 1501 πραγματευόμενον.
1861 1431 1963 1480 Σο-

305 1516 404 1593 φία
433 1517 544 1588 (93)
580 1515 675 1587 μὶν
702 1514 824 1589 γὰρ,
878 1513 1155 1587 ἐπιστήμη
1207 1519 1316 1570 τῶν
1368 1513 1526 1578 θείων
1571 1515 1662 1568 καὶ
1718 1518 1826 1568 τῶν
1876 1513 1968 1567 ἆν-

307 1606 632 1680 θρωπίνων⁶
697 1603 1014 1674 δικαιοσύνη
1077 1602 1134 1659 δὲ
1191 1625 1480 1680 συμφωνια
1531 1607 1646 1677 (94)
1696 1608 1806 1658 τῶν
1865 1610 1966 1672 τῆς

308 1697 495 1769 ψυχῆς
556 1699 775 1768 μερῶνο
837 1695 1057 1765 ὁσιότης
1107 1691 1164 1748 δὲ
1221 1694 1478 1769 θεραπεία
1533 1699 1634 1747 τοῦ
1692 1697 1845 1748 Θεοῦ.
1901 1693 1965 1747 Εἰ

309 1780 367 1837 δέ
440 1803 525 1844 τις
602 1778 994 1847 διαϐάλλεσθαι
1069 1784 1168 1852 τὴν
1241 1783 1411 1856 σάρκα
1485 1781 1575 1836 καὶ
1653 1779 1722 1836 δι’
1799 1780 1966 1850 αὐτῆς

306 1873 406 1942 νήν
482 1870 708 1948 γένεσιν,
783 1871 998 1950 φάσκοι,
1081 1870 1342 1947 παραθεὶς
1411 1869 1636 1926 Ἡσαΐαν
1704 1869 1955 1945 λέγοντα·

313 1987 333 2014 ι
397 1968 547 2018 Πᾶσα
609 1961 736 2036 σὰρξ
814 1964 1014 2038 χόρτος
1050 2008 1064 2034 ,
1122 1962 1212 2017 καὶ
1286 1967 1431 2016 πᾶσα
1489 1957 1616 2030 δόξα
1669 1961 1960 2035 ἀνθρώπου

307 2053 383 2114 ὡς
433 2053 593 2114 ἄνθος
642 2053 870 2127 χόρτου·
921 2051 1186 2127 ἐξηράνθη
1245 2052 1272 2104 6
1333 2049 1556 2125 χόρτος.
1607 2049 1697 2105 καὶ
1749 2051 1811 2105 16
1869 2051 1958 2104 ἂν·

307 2151 402 2204 θος
457 2140 719 2211 ἐξέπεσεν·
768 2142 830 2194 τὸ
883 2138 940 2195 δὲ
990 2140 1142 2215 ῥῆμα
1187 2138 1389 2212 Κυρίου
1437 2141 1548 2212 (95)
1584 2137 1731 2212 μένει
1764 2139 1840 2202 εἰς
1867 2139 1958 2193 τὸν

305 2229 499 2284 αἰῶναο
539 2254 558 2279 ι
615 2229 901 2284 ἀκουσάτω
953 2228 1361 2303 έρμηνεύοντος
1399 2229 1463 2284 τὸ
1505 2228 1837 2302 ζητούμενον
1871 2227 1961 2283 διὰ

299 2318 568 2392 Ἱερεμίου
621 2323 719 2372 τοῦ
776 2317 1127 2391 Πνεύματος”
1189 2343 1216 2370 ‹‹
1277 2317 1374 2371 Καὶ
1433 2315 1710 2395 διέσπειρα
1766 2316 1961 2379 αὐτοὺς

308 2408 382 2470 ὡς
413 2409 659 2485 φρύγανα
716 2409 1005 2481 πετώμενα
1037 2409 1139 2462 ὑπὸ
1189 2406 1396 2481 ἀνέμου
1445 2407 1522 2470 εἰς
1580 2404 1787 2480 ἔρημον
1815 2425 1828 2439 ⁸
1864 2407 1958 2460 οὗ-

304 2517 398 2560 τος
433 2498 462 2552 6
489 2496 697 2572 κλῆρος
724 2497 814 2550 καὶ
861 2497 1014 2572 μερὶς
1046 2501 1143 2552 τοῦ
1176 2497 1414 2561 ἀπειθεῖν
1453 2497 1616 2568 ὑμᾶς,
1662 2495 1809 2570 λέγει
1858 2493 1962 2547 Κύ-

308 2605 444 2662 ριος.
499 2587 589 2647 Ὠς
647 2585 918 2641 ἐπελάθου
982 2605 1108 2656 μου,
1155 2585 1246 2638 καὶ
1291 2583 1533 2654 ἤλπισας
1583 2583 1668 2637 ἐπὶ
1720 2579 1958 2656 ψεύδεσι·

303 2675 454 2751 κάγὼ
503 2673 844 2748 ἀποκαλύψω
887 2673 954 2727 τὰ
996 2672 1170 2727 ὀπίσω
1213 2694 1310 2726 σου
1359 2672 1442 2726 ἐπὶ
1491 2669 1782 2746 πρόσωπόν
1841 2688 1957 2725 σου’

303 2765 392 2818 καὶ
427 2763 722 2840 ὀφθήσεται
772 2765 806 2832 ἡ
857 2762 1050 2834 ἀτιμία
1095 2782 1212 2833 σου,
1268 2759 1493 2835 μοιχεία
1537 2780 1654 2826 σου,
1707 2759 1798 2815 καὶ
1831 2778 1960 2835 χρεο

310 2851 572 2926 μετισμός
623 2872 742 2922 σου,
774 2875 800 2901 ››
859 2850 950 2904 καὶ
999 2851 1095 2911 τὰς
1137 2850 1280 2922 ἑξῆς.
1329 2853 1500 2903 Τοῦτο
1552 2851 1654 2924 γὰρ
1688 2873 1716 2900 ‹‹
1747 2849 1809 2903 τὸ
1869 2848 1961 2904 ἅν-

308 2953 401 3007 θος
432 2945 538 3013 (96)
587 2945 686 2994 τοῦ
729 2938 957 3016 χόρτου,
994 2963 1020 2991 ››
1049 2940 1140 2994 καὶ
1173 2963 1192 2988 ιι
1226 2940 1288 2994 τὸ
1337 2939 1471 2993 κατᾶ
1516 2938 1685 3013 σάρκα
1727 2959 1960 3014 περιπα-

310 3037 446 3104 τεῖν,
483 3057 504 3085 ι
540 3029 628 3085 καὶ
663 3055 691 3082 ‹‹
725 3029 1018 3104 σαρκικοὺς
1067 3029 1202 3084 εἶναι
1236 3053 1264 3080 ››
1295 3028 1430 3084 κατᾶ
1457 3029 1546 3083 τὸν
1601 3029 1958 3098 Ἀπόστολον,

312 3121 364 3178 ἐν
425 3120 712 3195 ἁμαρτίαις
783 3115 940 3182 ὄντας
976 3163 988 3175 .
1048 3122 1305 3194 Κρεῖττον
1369 3119 1462 3192 μὲν
1520 3123 1618 3174 τοῦ
1671 3119 1960 3194 ἀνθρώπου

2079 539 2240 609 poris
2271 541 2756 595 constitutionem
2772 546 2993 596 rectam
3020 540 3236 596 factam
3260 559 3386 597 esse
3413 543 3486 597 ad
3517 544 3732 599 caelum

2078 629 2605 700 contemplandum
2627 647 2641 695 ;
2657 636 2716 684 et
2728 647 2948 702 organa
2967 646 3245 685 sensuum
3261 631 3344 684 sic
3359 633 3567 686 eﬂecta
3581 649 3708 687 esse
3720 675 3732 699 ,

2077 721 2143 769 ut
2173 717 2419 772 tendant
2448 718 2521 772 ad
2551 719 2974 791 cognitionem,
3009 724 3066 773 et
3106 719 3374 773 membra
3432 725 3490 774 et
3535 726 3732 790 partes

2077 811 2211 876 apte
2244 823 2372 861 esse
2402 808 2760 878 compositas
2787 808 2859 863 ad
2891 809 3231 872 honestum,
3283 825 3405 862 non
3455 808 3528 863 ad
3567 809 3735 863 volu-

2075 900 2318 966 ptatem.
2357 895 2519 950 Unde
2561 897 2809 968 suscipit
2856 898 2968 952 hoc
3017 897 3421 952 habitaculum
3471 899 3733 952 animam

2077 985 2195 1038 Deo
2253 984 2769 1054 pretiosissimam,
2830 991 2887 1041 et
2943 986 3164 1058 Spiritu
3223 992 3425 1040 sancto
3488 987 3732 1058 dignum

2077 1078 2359 1128 censetur
2387 1091 2494 1144 per
2522 1075 2736 1129 animm
2769 1081 2826 1130 et
2863 1076 3128 1146 corporis
3174 1075 3730 1143 sanctiﬁcationem,

2075 1168 2142 1218 ut
2170 1164 2328 1234 quod
2360 1163 2722 1234 perfectione
2763 1165 3084 1219 Servatoris
3138 1165 3502 1235 perﬁciatur.
3549 1165 3731 1229 Quin-

2077 1253 2256 1307 etiam
2287 1259 2492 1308 mutua
2525 1254 2703 1308 trium
2734 1253 3014 1308 virtutum
3045 1253 3476 1324 consequentia
3503 1253 3730 1308 inveni-

2075 1346 2174 1396 tur
2202 1342 2263 1396 in
2295 1343 2538 1397 homine
2568 1343 2854 1415 gnostico,
2890 1343 2992 1413 qui
3027 1343 3353 1409 moraliter,
3377 1343 3732 1398 naturaliter

2076 1437 2135 1486 et
2155 1431 2340 1504 logice
2371 1432 2528 1487 circa
2557 1434 2739 1487 Deum
2770 1438 3056 1488 versatur.
3106 1431 3406 1502 Sapientia
3437 1431 3595 1486 enim
3642 1437 3734 1486 est

2075 1521 2325 1576 scientia
2337 1539 2535 1577 rerum
2549 1521 2880 1576 divinarum
2894 1520 3618 1576 ethumanarum.Justitia
3631 1537 3730 1575 au-

2075 1616 2195 1666 tem
2209 1616 2634 1666 estconcentus
2667 1611 2924 1682 partium
2949 1611 3186 1666 animae.
3217 1610 3506 1664 Sanctitas
3529 1615 3728 1665 autem

2075 1701 2278 1755 estDei
2297 1701 2576 1756 cultus.Si
2591 1701 2724 1771 quis
2736 1705 2933 1755 autem
2948 1699 3105 1754 dicat
3118 1715 3178 1754 se
3194 1699 3478 1754 infamare
3494 1715 3731 1754 carnem

2077 1794 2135 1844 et
2146 1795 2389 1860 propter
2400 1789 2590 1861 ipsam
2604 1789 3070 1860 generationem,
3087 1788 3389 1843 adducens
3403 1787 3615 1842 Isaiam
3635 1787 3728 1842 di-

2073 1883 2305 1934 centem
2332 1895 2392 1932 :«
2418 1878 2624 1933 Omnis
2645 1894 2780 1933 caro
2796 1876 3020 1944 fenum,
3041 1882 3099 1932 et
3121 1876 3318 1932 omnis
3335 1876 3725 1949 gratiahomi-

2070 1968 2166 2022 nis
2189 1972 2472 2038 tanquam
2495 1966 2605 2021 ﬂos
2626 1966 2766 2020 feni.
2787 1967 3158 2020 Exsiccatum
3177 1970 3266 2020 est
3284 1965 3512 2033 fenum,
3541 1969 3599 2020 et
3615 1965 3725 2019 llos

2068 2055 2132 2118 ›ι‹
2161 2055 2393 2122 cecidit,
2443 2055 2687 2109 verbum
2739 2060 2937 2109 autem
2971 2054 3204 2109 Domini
3237 2059 3439 2109 manet
3467 2054 3526 2108 in
3554 2058 3725 2108 aeter-

2070 2161 2215 2199 num
2241 2145 2349 2215 (a):
2384 2166 2411 2195 ››
2437 2142 2644 2199 audiat
2663 2143 2945 2214 Spiritum
2969 2159 3076 2213 per
3093 2144 3409 2198 Jeremiam
3431 2143 3726 2214 interpre—

2071 2238 2296 2288 tantem
2350 2233 2432 2296 id,
2484 2231 2641 2302 quod
2691 2233 3018 2302 quaeritur:
3065 2254 3092 2280 ‹‹
3129 2233 3197 2284 Et
3243 2231 3496 2302 dispersi
3541 2232 3724 2301 ipsos,

2071 2326 2355 2392 tanquam
2379 2320 2600 2391 paleas,
2635 2336 2764 2388 quas
2796 2335 2830 2373 a
2858 2325 3031 2374 vento
3059 2319 3290 2391 agitata;
3316 2319 3516 2373 volant
3542 2319 3603 2372 in
3631 2336 3726 2373 so-

2069 2410 2407 2464 litudinem.
2433 2409 2566 2462 Haec
2587 2412 2678 2462 est
2699 2423 2826 2461 sors
2857 2414 2914 2462 et
2935 2423 3071 2478 pars
3100 2412 3309 2461 vestras
3335 2407 3723 2462 incredulita-

2068 2498 2166 2564 tis,
2199 2497 2342 2551 dicit
2370 2495 2676 2550 Dominus.
2699 2495 2864 2550 Sicut
2891 2496 3114 2551 oblitus
3134 2513 3197 2550 es
3224 2496 3363 2562 mei,
3389 2501 3448 2549 et
3469 2498 3720 2566 sperasti

2072 2587 2135 2641 in
2169 2586 2373 2651 falsis;
2415 2601 2521 2657 ego
2561 2601 2798 2656 quoque
2828 2584 3100 2640 revelabo
3131 2586 3461 2655 posteriora
3493 2590 3593 2640 tua
3623 2602 3722 2640 su-

2069 2692 2178 2747 per
2203 2675 2414 2730 faciem
2438 2678 2621 2740 tuam,
2652 2679 2710 2729 et
2742 2673 3035 2728 videbitur
3065 2674 3392 2746 ignominia
3418 2679 3537 2742 tua,
3552 2673 3727 2728 adul-

2070 2764 2287 2818 terium
2303 2768 2490 2831 tuum,
2508 2768 2565 2817 et
2582 2763 2851 2818 hinnitus
2865 2763 3111 2833 tuus(b),
3138 2785 3166 2812 »
3197 2767 3254 2816 et
3279 2780 3410 2834 quin
3443 2763 3724 2834 deinceps

2071 2857 2538 2922 consequuntur.
2560 2852 2662 2907 Hic
2688 2857 2777 2906 est
2799 2853 2958 2908 enim
2985 2872 3013 2900 «
3042 2851 3152 2906 ﬂos
3173 2851 3294 2908 feni
3315 2854 3408 2923 (c),
3439 2857 3496 2906 et
3517 2867 3724 2906 secun-

2071 2939 2212 2995 dum
2244 2956 2484 2995 carnem
2512 2942 2814 2998 ambulare
2848 2944 2946 3013 (d),
2973 2947 3032 2997 et
3061 2943 3331 2998 carnales
3354 2958 3481 2997 esse
3503 2945 3572 3009 (ε)
3598 2964 3625 2990 ››
3654 2959 3723 2996 ex

2069 3029 2332 3100 Apostoli
2357 3031 2672 3097 sententia,
2708 3049 2828 3100 eos,
2863 3033 2965 3103 qui
2990 3038 3131 3086 sunt
3159 3033 3220 3086 in
3254 3031 3530 3104 peccatis.
3568 3030 3720 3085 Prm-

2071 3119 2418 3174 stantiorem
2447 3119 2688 3190 quidem
2719 3121 2981 3175 hominis
3016 3126 3244 3192 partem
3277 3138 3405 3176 esse
3436 3121 3719 3187 animam,

311 3209 673 3285 ὡμολόγηται
720 3211 755 3278 ἠ
804 3210 980 3284 ψυχὴ,
1009 3209 1172 3276 ἧττον
1207 3205 1265 3262 δὲ
1319 3209 1381 3261 τὸ
1425 3212 1604 3280 σῶμα·
1655 3206 1782 3262 ἀλλ’
1837 3204 1960 3262 οὔτε

2076 3213 2165 3262 est
2194 3213 2357 3263 extra
2387 3209 2866 3275 controversiam,
2892 3226 3103 3280 corpus
3125 3214 3322 3264 autem
3345 3210 3720 3265 deteriorem.

311 3299 510 3374 ἀγαθὸν
540 3301 574 3368 ἡ
627 3299 780 3374 ψυχὴ
816 3299 991 3376 φύσει,
1043 3295 1166 3352 οὔτε
1195 3297 1260 3351 αὗ
1301 3296 1465 3351 κακὸν
1499 3295 1650 3374 φύσει
1683 3297 1745 3349 τὸ
1777 3300 1956 3367 σῶμα

311 3386 436 3444 οὐδὲ
471 3390 603 3462 μὴν,
634 3388 663 3442 '6
701 3390 776 3460 μή
829 3387 971 3443 ἐστιν
1025 3387 1247 3461 ἀγαθὸν,
1307 3390 1470 3440 τοῦτο
1517 3385 1714 3446 εὐθέως
1771 3386 1957 3440 κακόν.

309 3477 431 3535 Εἰσὶ
464 3477 564 3553 γὰρ
625 3478 713 3531 οὖν
780 3477 870 3531 καὶ
940 3475 1234 3550 μεσότητές
1282 3497 1418 3538 τινες
1477 3474 1565 3529 καὶ
1615 3473 1960 3550 προηγμένα,

309 3567 400 3620 καὶ
456 3565 890 3641 ἀποπροηγμένα
943 3568 1058 3639 (97)
1113 3565 1166 3620 ἐν
1223 3570 1342 3626 τοῖς
1405 3565 1612 3637 μέσοις.
1657 3565 1865 3637 Ἐχρῆν
1893 3559 1960 3631 δὴ

385 3709 447 3773 .ι‹
477 3703 537 3756 Ρ.
572 3704 674 3756 639
710 3703 820 3756 ED.
851 3702 1140 3767 POTTER,
1174 3701 1408 3773 {540-541
1444 3698 1819 3773 ED._P_A_R_[S.

320 3775 370 3841 1,
402 3771 508 3840 i0;
543 3774 566 3826 Ι
595 3775 716 3826 Pet.
753 3790 789 3840 ι,
823 3774 909 3826 24.
988 3773 1064 3842 (d)
1096 3773 1143 3824 ll
1171 3771 1296 3826 Cor.
1331 3789 1386 3837 χ,
1419 3773 1477 3828 2.

386 3907 495 3976 (92)
553 3904 746 3976 Ὀρθὴν
806 3902 942 3974 πρὸς
997 3902 1096 3969 τὴν
1150 3899 1380 3975 οὐρανοῦ
1429 3902 1478 3956 θ.
1517 3900 1756 3957 Ovidius
1785 3904 1964 3956 Meta-

386 3923 495 3976 (υκ)
555 3923 609 3956 νυ
650 3923 746 3971 θην

316 3977 531 4048 mmph.
567 3923 675 4032 lib.
717 3991 770 4030 ιι

315 4087 604 4154 Pronaque
634 4100 756 4138 cum
779 4086 1020 4154 spectent
1057 4080 1323 4154 animalia
1354 4085 1552 4134 caetera
1577 4085 1784 4154 terras,

317 4157 384 4211 Os
416 4152 626 4210 homini
655 4155 885 4209 sublime
913 4152 1084 4219 dedit,
1119 4152 1417 4219 cmlumque
1444 4153 1604 4204 tueri.

388 4265 499 4330 (93)
562 4259 752 4334 Σοφία.
816 4261 948 4334 Haec
1005 4259 1311 4334 sapientiaa
1365 4257 1633 4334 deﬁnitio
1694 4257 1964 4334 superius

321 4329 534 4388 tradita
579 4329 667 4386 est
712 4332 1007 4399 Pwdagog.
1053 4329 1154 4384 lib.
1209 4347 1266 4398 ιι,
1319 4346 1446 4400 cap.
1495 4333 1546 4399 2,
1601 4347 1656 4399 p.
1710 4331 1829 4396 181,
1863 4329 1962 4383 ubi

318 4403 472 4459 conf.
507 4409 629 4457 not.
659 4407 709 4457 5.

390 4477 499 4543 (94)
584 4470 906 4540 Δικαιοσύνη
968 4467 1024 4525 δὲ
1084 4471 1602 4547 συμφηΙξιειῐοῐιηίοὶ
1662 4471 1964 4547 interdum

1896 3697 1970 3768 (a)
2000 3697 2114 3753 Isa.
2151 3714 2241 3768 xL,
2274 3700 2326 3765 6,
2359 3700 2410 3751 8.

1562 3770 1632 3840 (e)
1665 3771 1840 3823 ICor.
1878 3784 1959 3835 ιιι,
1996 3769 2049 3822 3.

2073 3296 2183 3350 Sed
2207 3313 2399 3368 neque
2421 3299 2620 3353 anima
2650 3298 2875 3352 bonum
2903 3304 2992 3352 est
3022 3303 3254 3365 natura,
3289 3314 3481 3368 neque
3515 3314 3720 3352 rursus

2071 3385 2294 3440 malum
2343 3392 2555 3442 natura
2599 3404 2834 3458 corpus.
2884 3388 3079 3458 Neque
3131 3403 3265 3442 vero
3293 3387 3452 3457 quod
3483 3404 3603 3440 non
3635 3390 3723 3441 est

2072 3474 2294 3530 bonum
2309 3476 2420 3531 hoc
2433 3477 2806 3548 estprotinus
2824 3477 3070 3542 malum;
3101 3481 3241 3530 sunt
3262 3475 3420 3530 enim
3446 3474 3720 3546 quadam

2074 3581 2206 3636 quae
2251 3565 2513 3620 medium
2559 3566 2757 3620 locum
2811 3565 3106 3633 obtinent,
3141 3566 3284 3620 etin
3317 3563 3529 3619 mediis
3583 3569 3723 3618 sunt

2489 3698 2560 3769 (ὁ)
2592 3698 2707 3753 Jer.
2739 3714 2864 3764 xm,
2894 3699 2984 3765 24,
3019 3701 3108 3764 25,
3143 3699 3230 3765 26,
3263 3699 3350 3751 27.
3430 3696 3499 3768 (ο)
3523 3697 3642 3752 Jac.
3681 3713 3719 3762 I,

2072 3900 2175 3955 lib.
2224 3917 2320 3955 vm
2374 3903 2450 3956 De
2500 3903 2689 3972 lingua
2718 3903 2919 3956 Latina
2941 3918 2959 3954 :
2999 3923 3026 3950 «
3059 3900 3209 3966 Quid
3240 3916 3396 3972 ergo,
3431 3915 3564 3954 cum
3597 3915 3722 3954 om-

2073 3989 2180 4027 nes
2201 3973 2417 4026 animaa
2440 3973 2750 4028 hominum
2774 3973 2893 4027 sint
2916 3971 3116 4026 divisa;
3143 3973 3203 4026 in
3230 3971 3474 4027 octonas
3495 3976 3716 4042 partes,

2073 4044 2230 4098 inter
2247 4061 2308 4098 se
2332 4060 2452 4098 non
2485 4045 2866 4114 proportione
2899 4044 3124 4100 similes
3144 4045 3171 4098 ?
3201 4044 3487 4114 quinque,
3507 4043 3722 4113 quibus

2075 4116 2364 4170 sentimus
2390 4131 2402 4170 :
2436 4121 2744 4185 sexta,qua
2769 4119 3134 4186 cogitamus;
3165 4115 3562 4186 septima,qua
3584 4130 3719 4186 proi-

2073 4203 2465 4260 generamus;
2524 4193 2746 4250 octava,
2796 4185 3112 4260 quapvoces
3144 4185 3454 4260 mittimus.
3492 4208 3517 4232 ››
3550 4185 3716 4260 Conf.

2073 4257 2424 4312 Plutarchus
2459 4260 2533 4312 De
2552 4260 2779 4327 placitis
2803 4258 3120 4327 philosoph.
3155 4257 3257 4310 lib.
3293 4275 3364 4314 ιν.
3396 4274 3522 4327 cap.
3556 4259 3609 4309 4.

2144 4330 2252 4400 (95)
2302 4327 2520 4398 Κυρίου.
2579 4334 2695 4400 Isa.
2734 4331 2828 4379 τοῦ
2877 4332 3009 4381 Θεοῦ
3059 4331 3237 4400 ἡμῶν.
3285 4328 3594 4400 Mox_apud
3623 4329 3717 4382 Je-

2072 4397 2244 4476 retnﬁ
2273 4397 2531 4476 efﬁngat
2568 4399 3075 4476 φερόμεναχόοίῐιη
3104 4397 3282 4476 οἰέτως
3323 4400 3350 4451 ὁ
3381 4397 3590 4476 κλῆρός
3609 4418 3717 4476 ’σου

2072 4468 2350 4558 καὶγμερῖς
2379 4468 2477 4558 106
2508 4468 2745 4558 éa'at‘ﬁeiv
2780 4468 3097 4558 ὑμᾶςιέμοί.
3140 4471 3320 4525 Paulo
3354 4468 3506 4542 post,
3538 4468 3624 4522 ἐπὶ
3656 4469 3717 4523 τὸ

319 4539 701 4618 ᾀιιὲιεᾶῐιίῐηω
723 4539 923 4618 partes
948 4539 1301 4618 statuunt,16
1336 4539 1730 4618 λογικόνβιετὸ
1763 4541 1962 4614 ἁλογον

2077 4539 2309 4618 πρόσωπ
2333 4614 2342 4618 _
2363 4544 2524 4618 dein,
2556 4543 2644 4596 καὶ
2675 4545 2710 4618 ἡ
2745 4539 3048 4618 μοι-γείασ

319 4617 618 4672 interdum
646 4611 784 4682 tres,
817 4616 879 4669 τὸ
913 4614 1240 4686 λογιστικὸν,
1265 4611 1518 4684 θυμικόν,
1552 4620 1609 4667 et
1639 4611 1968 4682 ἐπιθυμητι-

316 4689 434 4741 κόν·
469 4695 535 4743 ut
566 4690 830 4744 referunt
863 4688 1210 4742 Aristoteles
1251 4689 1324 4740 De
1353 4689 1539 4740 anima
1572 4686 1672 4739 lib.
1710 4703 1792 4750 ιιι,
1826 4703 1874 4739 c.
1911 4689 1964 4754 9,

318 4760 688 4825 Plutarchus,
713 4758 1478 4830 aliique.Unde,secundum
1502 4757 1968 4830 Platonem,sin-

318 4832 469 4903 gula)
492 4833 737 4886 virtutes
755 4828 1046 4903 certarum
1064 4829 1278 4903 animai
1292 4829 1549 4903 partium
1571 4828 1964 4903 perfectiones

321 4899 459 4958 sunt
483 4921 495 4970 ;
521 4903 755 4974 justitia
786 4918 919 4974 vero
943 4902 1123 4955 totius
1154 4900 1368 4974 anima;
1401 4899 1680 4970 perfectio
1704 4905 1821 4974 est;
1849 4914 1967 4969 qua

320 4971 548 5029 scilicet
577 4976 733 5034 tit,ut
762 4973 1007 5042 reliqum
1031 4978 1226 5043 partes
1257 4971 1412 5025 inter
1434 4987 1494 5024 se
1517 4971 1968 5043 concordent.et

318 5063 453 5100 cum
476 5051 595 5100 tota
617 5045 817 5100 anima
834 5042 1506 5112 univer‘sze,unaquaque
1520 5042 1676 5112 quod
1691 5058 1861 5096 suum
1877 5047 1967 5096 est

318 5124 548 5196 agente,
586 5134 695 5171 nec
718 5116 1219 5196 alienum‘munus
1243 5120 1567 5194 occupante
1597 5130 1610 5178 ;
1635 5113 1964 5196 imperante

318 5184 602 5276 pirniru'r‘n
633 5187 882 5276 ratione,
916 5187 1162 5276 reliquis
1191 5203 1326 5273 vero
1358 5184 1409 5272 ei
1445 5184 1806 5272 parentibus.
1829 5186 1966 5270 Erat

317 5259 496 5330 igitur
540 5259 769 5330 Platoni
822 5253 1133 5330 Summa-6w;
1174 5253 1416 5330 6611).).{4
1444 5253 1552 5330 τις,
1582 5253 1702 5330 καθ’
1731 5255 1791 5330 ᾖν
1823 5256 1961 5325 ὁμο-

316 5324 477 5396 λόγεῖ
523 5329 611 5382 καὶ
651 5334 944 5402 συμφωνεῖ
979 5324 1130 5402 πρὸς
1165 5324 1386 5402 ἄλληλα
1432 5327 1650 5402 τατρία
1687 5327 1824 5402 μέρη
1843 5324 1960 5402 ςτῆς

316 5404 388 5530 ἔδυ
437 5409 528 5469 ἧς,
576 5400 664 5453 καὶ
711 5397 933 5454 ἕκαστον
973 5397 1107 5472 πρὸς
1138 5402 1217 5468 τῶ
1248 5397 1435 5469 οἰκείῳ
1467 5397 1691 5469 γίνεται,
1724 5397 1811 5451 καὶ
1839 5397 1960 5451 ἐπι-

355 5421 582 5528 ἀέλοντι
614 5473 731 5525 κατ’
758 5469 924 5530 ἀξίαν.
957 5471 1290 5530 Quinetiam
1319 5471 1493 5526 Stoici
1522 5471 1580 5524 in
1612 5477 1740 5524 octo
1769 5477 1960 5530 partes

355 5469 582 5528 άλλοντι
614 5473 731 5525 κατ’
758 5469 924 5540 ἀξίαν.
957 5469 1290 5537 Quinetiam
1319 5471 1493 5526 Stoici
1522 5471 1580 5524 in
1612 5477 1740 5524 octo
1766 5477 1962 5542 partes

318 5549 580 5604 animam
601 5543 1229 5614 dividebant.Laertius
1252 5543 1354 5614 lib.
1382 5561 1478 5608 vn,
1504 5559 1622 5614 seg.
1654 5545 1783 5596 157:
1808 5545 1958 5614 Μέρη

320 5615 377 5670 δὲ
435 5620 618 5688 ψυχῆς
677 5614 922 5686 λέγουσιν
983 5613 1299 5688 ὀκτὼκτᾶς
1355 5615 1509 5666 πέντε
1543 5611 1957 5681 αἶσθήσεις,καέ

317 5677 456 5761 τους
479 5677 695 5761 ένξῆμῖν
730 5677 1376 5761 σπερματικορς-λόγους)
1424 5684 1514 5761 καὶ
1539 5677 1961 5761 τιὸ-φωνητικὸν,

319 5759 409 5815 καὶ
439 5759 502 5814 τὸ
533 5755 879 5834 λογιστικόν.
918 5757 1086 5824 Quod
1135 5755 1314 5813 Varro
1346 5757 1546 5813 Latine
1573 5755 1657 5814 sic
1685 5757 1964 5829 exprimit

2149 4616 2256 4684 (96)
2287 4614 2356 4668 Τὸ
2388 4615 2503 4677 ἄνθ.
2539 4617 2796 4687 Respicit
2823 4613 2941 4669 Jac.
2974 4631 3012 4672 ι,
3049 4616 3132 4679 10,
3162 4613 3252 4666 vel
3282 4614 3302 4665 Ι
3351 4614 3456 4666 Pet
3528 4629 3563 4675 ι,
3610 4615 3716 4678 24ς

2076 4686 2125 4738 Il
2155 4687 2284 4743 Cor.
2318 4706 2373 4750 x,
2407 4705 2484 4752 n;
2519 4687 2537 4741 l
2570 4686 2699 4741 Cor.
2734 4703 2814 4745 ιιι.
2849 4688 2896 4739 3.

2149 4760 2258 4828 (97)
2316 4756 2663 4832 Προηγμένα,
2695 4753 3437 4832 καὶᾷ-ἀποπροηγμὲναἉΕχ
3496 4754 3716 4832 Stoico-

2073 4843 2208 4882 rum
2238 4825 2438 4884 mente
2468 4825 2592 4884 haec
2613 4829 2771 4884 dicit.
2797 4830 2940 4882 Nam
2973 4827 3081 4893 illi,
3114 4825 3179 4881 ut
3208 4827 3269 4880 in
3302 4829 3507 4880 Zenone
3537 4825 3720 4880 refert

2075 4898 2362 4971 Diogenes
2395 4901 2657 4955 Laertius
2688 4901 2892 4962 lib.vu,
2927 4916 3044 4970 seg.
3079 4901 3178 4951 105
3206 4915 3218 4952 :
3251 4900 3369 4950 Τῶν
3404 4893 3713 5010 ἀδιαφόρων

2075 4967 2132 5010 TI;
2194 4971 2286 5010 πρὶν
2347 4970 2567 5010 λένήηηο
2631 4965 2952 5010 πήητλιηέυη
3033 4969 3097 5010 Ῥἆ
3259 4967 3594 5010 ἆτοπηηνλιη
3629 4987 3709 5010 υηι

2071 4967 2138 5021 τὰ
2185 4965 2286 5042 μὲν
2316 4970 2572 5044 ’λέγουσι
2631 4965 3100 5044 προηγμένας-τά
3156 4965 3217 5044 δέ
3259 4965 3709 5044 ἀποπροηγμένας

2071 5037 2547 5114 προηγμέναςμὶν
2606 5041 2672 5094 τὰ
2727 5037 2953 5114 ἔχοντα,
2982 5039 3153 5114 ἀξζαν,
3193 5037 3629 5114 ἀποπροηγμένα
3661 5037 3718 5114 δὲ

2071 5107 2137 5188 τὰ
2168 5107 2376 5182 ἀναξίαν
2408 5107 2624 5188 ἔχοντα.
2675 5136 2700 5166 ιι
2731 5107 2911 5188 Porro
2943 5107 3556 5188 indit‘fere‘ntiu'm_alia
3584 5113 3715 5188 qui-

2075 5185 2208 5242 dem
2243 5184 2559 5256 przepo‘sita
2575 5192 2801 5250 vocant,
2831 5185 2946 5239 alia
2975 5200 3110 5238 vero
3143 5184 3720 5256 rejecta.Pra3posita

2074 5254 2314 5328 quidem
2338 5254 2468 5328 qum
2494 5259 2715 5312 habent
2741 5254 3234 5311 existimationem
3261 5273 3273 5320 ;
3309 5254 3527 5328 rejecta
3557 5271 3711 5318 vero,

2074 5325 2205 5399 quin
2237 5325 2672 5399 existimatione.
2701 5336 2924 5384 carent.
2962 5350 2988 5375 ››
3019 5329 3218 5390 Porro,
3251 5325 3508 5399 exempli
3535 5342 3717 5380 causa

2070 5397 2138 5453 τὰ
2168 5397 2491 5471 προηγμένα
2523 5400 2594 5454 ab
2626 5401 2746 5454 illis
2780 5401 2893 5456 dici
2931 5399 3148 5471 refert,
3184 5419 3211 5445 ‹‹
3246 5397 3570 5471 ingenium,
3623 5414 3713 5471 sa-

2071 5467 2638 5542 nitatemfgloriam,
2670 5495 2697 5521 ιι
2733 5479 2790 5526 et
2831 5473 2922 5526 his
2973 5469 3193 5542 similia
3221 5484 3239 5542 ε,
3282 5467 3713 5542 ἀποπροηγμένα

2067 5561 2261 5608 vero,«
2284 5539 2700 5599 hebetudinem
2732 5539 3713 5609 imbecillitatem.ignobilitatem.»

2073 5615 2251 5669 etalia
2271 5616 2446 5684 hujus
2461 5617 2879 5684 generiszqum~
2911 5614 3064 5684 bona
3080 5632 3104 5657 »δ
3120 5611 3446 5684 qu_idem.et
3464 5611 3668 5684 «(mala
3685 5633 3710 5657 ››

2071 5704 2189 5741 non
2212 5682 2440 5750 vocant,
2464 5682 2544 5742 ea
2574 5682 2800 5741 scilicet
2829 5683 3072 5740 nomina
3121 5682 3262 5736 solis
3291 5683 3606 5738 virtutibus
3644 5699 3712 5737 ac

2067 5758 2225 5814 vitiis
2255 5759 2602 5831 tribuentes,
2634 5757 2738 5813 sed
2763 5762 2990 5814 tantum
3019 5777 3047 5808 ‹‹
3077 5755 3393 5827 praaposita
3422 5777 3450 5806 »
3482 5759 3541 5810 et
3571 5775 3598 5804 «
3621 5769 3710 5810 re-
