4004 6144
349 305 373 361 1
382 306 488 362 375

1579 313 1988 368 CLEMENTI!
2022 313 2522 370 ALEXANDRINI

3621 314 3765 370 1376

350 457 374 488 ιι
407 439 726 510 praeposita
757 444 816 494 et
844 440 1084 511 rejecta.
1121 462 1147 489 ››
1179 441 1451 512 Oportuit
1481 456 1616 512 ergo
1665 440 1985 504 hominem,

2110 437 2200 493 οῦν
2231 440 2330 508 τήν
2358 439 2598 495 σύνθεσιν
2623 445 2722 496 τοῦ
2752 441 3067 517 ἀνθρώπου,
3103 442 3157 498 ἐν
3195 441 3480 513 αἷσθητοῖς
3527 443 3763 516 γενομὲ-

350 528 450 597 qui
485 528 642 582 inter
667 528 974 584 sensibilia
1007 534 1374 597 numeratur,
1407 531 1733 585 consistere
1759 530 2000 601 quidem

349 633 418 671 ex
442 617 820 685 diversis,sed
843 637 963 674 non
985 637 1053 674 ex
1082 621 1669 692 contrariis,corpore
1696 626 1755 675 et
1775 621 1996 675 anima.

351 705 594 776 Semper
651 723 786 780 ergo
834 708 1004 763 bonm
1055 710 1339 777 actiones,
1374 715 1440 764 ut
1470 710 1769 774 meliores,
1829 710 1996 764 attri-

346 786 610 849 huuntur
642 796 692 848 ei
727 797 883 866 quod
916 803 1005 852 est
1043 798 1446 868 praestantius,
1498 815 1710 869 nempe
1766 798 1999 868 spiritui

347 883 661 955 principali
687 903 700 951 ;
736 885 1078 957 voluptariae
1109 894 1306 942 autem
1339 892 1397 942 et
1417 892 1730 958 peccantes
1762 887 1812 941 ei
1841 885 1998 956 quod

349 978 437 1028 est
494 973 776 1042 deterius,
837 993 1051 1047 nempe
1108 977 1375 1047 peccanti
1407 977 1668 1047 spiritui.
1705 977 1830 1030 Jam
1861 993 1996 1030 vero

347 1063 633 1133 sapientis
651 1071 709 1118 et
730 1065 978 1135 gnostici
1001 1066 1294 1132 anima,ut
1321 1083 1451 1136 quae
1481 1066 1540 1119 in
1562 1081 1804 1136 corpore
1828 1081 1993 1136 pere-

345 1149 631 1222 grinetur,
668 1168 736 1207 eo
769 1168 970 1209 severe
1002 1160 1060 1209 et
1087 1161 1321 1210 austere
1343 1155 1548 1222 utitur,
1577 1171 1694 1209 non
1719 1154 1778 1208 in
1799 1155 1995 1224 ipsum

345 1240 592 1295 nimiam
626 1243 1001 1297 affectionem
1035 1245 1355 1299 ostendens
1386 1249 1488 1298 aut
1525 1241 1953 1314 indulgentiam
1981 1258 1993 1306 ;

345 1333 411 1382 ut
435 1346 567 1400 quae
599 1331 676 1384 sit
719 1349 750 1386 e
805 1333 1046 1404 vestigio
1103 1333 1383 1388 relictura
1413 1332 1887 1397 tabernaculum,
1945 1331 1992 1385 si

347 1417 670 1472 excedendi
717 1426 776 1474 et
822 1421 1114 1492 migrandi
1172 1427 1405 1493 tempus
1466 1438 1594 1476 eam
1654 1421 1990 1476 vocaverit:

345 1527 373 1556 «
409 1505 666 1572 Advena,
701 1508 914 1580 inquit.
950 1528 1080 1565 sum
1111 1511 1170 1565 in
1205 1517 1380 1576 terra,
1411 1516 1471 1566 et
1500 1511 1813 1583 peregrina
1861 1527 1993 1565 sum

345 1610 449 1666 ego
481 1596 783 1652 vobiscum
810 1599 909 1669 (α.)
941 1601 1010 1653 Et
1038 1599 1176 1654 hinc
1207 1599 1501 1670 hospitem
1524 1599 1728 1654 mundi
1753 1598 1990 1653 electio-

344 1701 483 1739 nem
513 1686 802 1742 Basilides
831 1704 960 1743 eam
995 1688 1138 1742 dicit
1167 1689 1483 1760 accepisse,
1518 1693 1586 1742 ut
1614 1705 1745 1758 quas
1777 1689 1854 1741 sit
1882 1703 1992 1742 na-

342 1779 474 1829 tura
505 1777 1010 1846 supramundana.
1045 1779 1163 1832 Hoc
1194 1783 1391 1833 autem
1423 1794 1544 1832 non
1566 1778 1648 1833 ita
1687 1794 1748 1832 se
1777 1777 1985 1842 habet;

337 1862 516 1918 unius
549 1864 707 1919 enim
731 1864 832 1921 Dei
853 1873 990 1921 sunt
1012 1867 1236 1922 ommia
1260 1885 1273 1933 ;
1293 1883 1486 1938 neque
1508 1867 1619 1921 erit
1640 1867 1856 1936 aliquis
1877 1882 1982 1920 na-

339 1956 472 2005 tura
497 1953 701 2007 mundi
736 1954 955 2019 hostes,
1007 1971 1140 2008 cum
1173 1955 1249 2008 sit
1279 1971 1400 2008 una
1437 1955 1678 2024 quidem
1706 1954 1984 2021 essentia,

341 2056 498 2095 unus
529 2045 723 2095 autem
758 2043 932 2096 Deus.
960 2042 1068 2097 Sed
1100 2043 1321 2096 electus
1351 2043 1528 2096 vitam
1555 2043 1675 2113 agit
1703 2047 1986 2111 tanquam

342 2129 581 2200 hospes,
612 2129 804 2184 sciens
837 2131 1039 2185 omnia
1067 2147 1197 2186 esse
1227 2129 1606 2201 possidenda,
1637 2135 1696 2184 et
1725 2129 1863 2184 dein
1891 2146 1986 2186 re-

330 2214 599 2290 jicienda
623 2240 637 2284 ;
667 2236 1037 2290 quaecunque
1059 2224 1254 2275 autem
1287 2220 1444 2274 bona
1472 2219 1731 2290 triplicia
1751 2235 1878 2274 esse
1896 2235 1988 2274 vo-

337 2305 468 2362 lunt
501 2308 896 2380 Peripatetici,
931 2310 1014 2364 eis
1054 2311 1276 2377 utitur;
1331 2309 1662 2380 quinetiam
1713 2324 1984 2380 corpore,

335 2397 489 2451 sicut
502 2397 721 2468 aliquis
743 2399 842 2469 qui
865 2399 1073 2470 procul
1099 2415 1343 2472 peregre
1363 2398 1981 2471 proficiscitur,diver-

332 2485 504 2540 soriis
536 2491 594 2541 et
624 2487 1000 2554 habitaculis,
1036 2506 1167 2559 quae
1201 2491 1250 2542 ei
1281 2489 1343 2542 in
1376 2489 1467 2544 via
1497 2491 1845 2554 occurrunt;
1881 2504 1984 2542 cu-

330 2591 460 2630 ram
491 2577 733 2647 quidem
764 2593 976 2649 gerens
1009 2579 1187 2633 etiam
1217 2595 1417 2632 rerum
1460 2578 1896 2633 mundanarum
1929 2581 1987 2631 et

333 2663 468 2732 loci,
499 2666 559 2720 in
590 2683 706 2737 quo
737 2667 1068 2722 diversatur
1095 2667 1189 2732 ’14;
1235 2667 1667 2722 habitationem
1698 2671 1896 2721 autem
1928 2670 1988 2720 et

333 2752 792 2824 possessionem,
818 2757 971 2811 sicut
1000 2757 1177 2811 etiam
1209 2773 1404 2823 usum,
1425 2757 1793 2827 relinquens,
1819 2755 1987 2809 nulla

331 2849 528 2899 motus
549 2845 1021 2916 perturbatione;
1047 2851 1319 2917 prompto
1344 2852 1401 2899 et
1430 2846 1610 2901 alacri
1629 2846 1828 2901 animo
1847 2860 1985 2899 eum

333 2949 609 3008 sequens,
645 2935 791 3007 quie
820 2936 937 2990 vita
962 2936 1219 2997 abducit,
1250 2935 1417 2991 nulla
1439 2936 1749 2991 occasione
1777 2952 1840 2990 se
1871 2951 1980 2988 un-

325 3043 504 3098 quam
521 3030 678 3080 retro
702 3031 1080 3091 convertens;
1106 3025 1178 3080 ob
1193 3025 1516 3080 incolatum
1543 3025 1782 3095 quidem
1800 3039 1980 3095 agens

2109 550 2230 599 νην,
2287 529 2346 584 ἐκ
2390 527 2666 604 διαφόρων
2708 533 3044 601 συνεστάναι,
3095 532 3223 588 ἀλλ’
3263 534 3365 588 οὐκ
3394 532 3444 602 ἐξ
3477 531 3764 602 ἐναντίων,

2110 617 2362 690 σώματός
2411 638 2467 672 τε
2514 619 2604 672 καὶ
2654 623 2858 694 ψυχῆς.
2908 620 3016 676 Ἀεὶ
3069 621 3247 675 τοίνυν
3296 622 3350 676 αἱ
3399 620 3598 696 ἀγαθαὶ
3629 621 3767 695 πρά-

2109 705 2234 775 ξεις,
2285 707 2357 767 ὡς
2411 707 2687 778 ἀμείνους,
2747 713 2825 780 τῷ
2873 709 3142 780 κρείττονι
3183 714 3263 781 τῷ
3293 709 3555 782 πνεύματι
3587 710 3764 783 κυρίῳ

2107 797 2532 869 προσάπτονται*
2569 797 2622 850 αἱ
2664 794 2720 851 δὲ
2751 795 3038 874 φιλήδονοι
3089 799 3178 853 καὶ
3229 799 3621 872 ἁμαρτητικαὶ,
3682 803 3765 869 τῷ

2106 885 2289 953 ἥττονι
2333 890 2413 956 τῷ
2465 887 2824 960 ἁμαρτητικῷ
2873 886 3260 962 περιτίθενται.
3309 887 3514 942 Αὐτίκα
3564 890 3600 951 ὴ
3657 891 3761 942 τοῦ

2106 979 2275 1050 σοφοῦ
2304 995 2363 1029 τε
2400 975 2489 1029 καὶ
2514 981 2818 1050 γνωστικοῦ
2849 979 3027 1051 ψυχή,
3079 980 3193 1032 οἷον
3237 977 3620 1050 ἐπιξενουμενη
3678 982 3765 1048 τῷ

2105 1065 2343 1136 σώματι,
2398 1069 2609 1136 σεμνῶς
2666 1066 2814 1135 αὐτῷ
2871 1066 2959 1121 καὶ
3007 1071 3318 1138 τιμητικῶς
3366 1069 3762 1142 προσφέρεται,

2105 1153 2166 1207 οὐ
2211 1156 2560 1228 προσπαθῶς,
2613 1154 2736 1209 ὅσον
2779 1153 3016 1210 οὐδέπω·
3052 1156 3139 1210 ἐὰν
3169 1156 3198 1209 6
3247 1157 3436 1230 καιρὸς
3463 1163 3564 1224 τῆς
3617 1157 3760 1211 ἀπο-

2105 1239 2309 1313 δημίας
2339 1241 2502 1316 καλῇ,
2535 1242 2912 1298 ἀπολείπουσα
2936 1247 3046 1315 (98)
3068 1243 3131 1298 τὸ
3159 1250 3379 1312 σκῆνος’
3417 1269 3443 1295 ι(
3471 1243 3759 1318 ΙΙάροικος

2103 1331 2288 1407 φησὶν,
2345 1330 2395 1384 ἐν
2454 1332 2523 1402 τῇ
2576 1331 2667 1405 γῇ,
2718 1331 2806 1385 καὶ
2864 1330 3251 1404 παρεπίδημος
3303 1331 3413 1406 ἐγώ
3460 1331 3579 1404 εἶμι
3636 1333 3759 1403 μεθ’

2106 1421 2282 1491 ὑμῶν.
2322 1443 2347 1470 ››
2399 1421 2499 1476 Καὶ
2545 1419 2780 1484 ἐντεῦθεν
2833 1419 2984 1490 ξένην
3019 1420 3116 1488 τήν
3151 1418 3385 1493 ἐκλογὴν
3412 1424 3510 1474 τοῦ
3540 1419 3758 1492 κόσμου

2102 1509 2130 1562 6
2160 1506 2488 1578 Βασιλείδης
2517 1507 2797 1586 εἷληφὲναι
2831 1507 3002 1583 λέγει,
3034 1511 3107 1570 ὡς
3133 1507 3194 1562 ἂν
3239 1509 3608 1581 ὑπερκὸσμιον
3660 1506 3762 1584 φύε

2101 1618 2178 1651 σει
2230 1597 2416 1654 οὖσαν.
2469 1598 2538 1651 Τὸ
2588 1595 2634 1651 δ’
2667 1598 2778 1672 οὐχ
2819 1596 2993 1659 οὕτως
3031 1593 3169 1671 ἕχει·
3204 1597 3321 1659 ἐνὸς
3352 1597 3453 1672 γὰρ
3483 1598 3550 1651 τὰ
3581 1597 3759 1651 πάντα

2100 1690 2255 1740 Θεοῦ·
2313 1688 2399 1741 καὶ
2462 1688 2561 1741 οὐκ
2616 1688 2674 1740 ἂν
2718 1708 2801 1747 τις
2834 1685 2916 1755 εἶή
2955 1685 3108 1760 φύσει
3166 1690 3263 1740 τοῦ
3317 1685 3530 1758 κόσμου
3581 1684 3756 1756 ξένος,

2102 1783 2229 1848 μιᾶς
2267 1779 2360 1850 μὲν
2415 1784 2515 1846 τῆς
2562 1776 2745 1838 οὐσίας
2794 1775 2977 1844 οῦσης,
3013 1777 3131 1838 ἐνὸς
3163 1774 3221 1830 δὲ
3247 1781 3346 1830 τοῦ
3375 1780 3527 1831 Θεοῦ·
3562 1774 3693 1831 ἀλλ’
3724 1778 3753 1830 ὁ

2100 1865 2354 1927 ἐκλεκτὸς
2411 1867 2486 1928 ὡς
2530 1867 2674 1938 ξένος
2724 1865 3091 1937 πολιτεύεται,
3137 1867 3310 1935 κτητά
3363 1885 3424 1919 τε
3469 1865 3558 1919 καὶ
3607 1864 3753 1918 ἀπό-

2094 1975 2270 2025 κτητα
2323 1952 2480 2016 εἷ’δὼς
2527 1954 2720 2009 πάντα·
2771 1953 2869 2008 ὅσα
2918 1952 2974 2008 δὲ
3015 1956 3206 2027 τριττὰ
3249 1958 3362 2024 (99)
3393 1953 3527 2008 εἶναι
3577 1953 3757 2026 ἀγαθᾶ

2097 2045 2148 2097 οἱ
2197 2043 2620 2118 περιπατητικοὶ
2671 2043 2910 2112 θέλουσι,
2963 2050 3168 2117 χρῆται
3209 2043 3420 2104 αὐτοῖς’
3456 2039 3603 2096 ἀλλὰ
3654 2043 3747 2097 καὶ

2093 2137 2172 2204 τῷ
2211 2135 2448 2205 σώματι,
2510 2133 2584 2196 ὥς
2639 2153 2721 2194 τις
2778 2135 2986 2206 μακρὰν
3020 2130 3386 2205 στελλόμενος
3435 2129 3757 2203 ἀποδημίαν

2093 2219 2450 2295 πανδοχείοις
2499 2222 2589 2276 καὶ
2621 2226 2741 2282 ταῖς
2790 2222 2917 2294 παρ’
2943 2219 3070 2276 ὁδὸν
3098 2221 3398 2292 οἰκήσεσιν
3452 2219 3758 2292 ἐπιμελού-

2098 2332 2258 2383 μενος
2295 2310 2390 2382 μέν
2440 2310 2531 2364 καί
2573 2314 2876 2383 κοσμικῶν,
2926 2311 3016 2363 τὸν
3069 2309 3236 2364 τόπον
3292 2316 3362 2381 (1)
3413 2304 3539 2373 ἔνθα
3585 2329 3758 2364 κατα-

2095 2398 2232 2455 λόει·
2268 2399 2559 2454 ἀπολιπὼν
2593 2397 2650 2453 δὲ
2687 2400 2786 2466 τήν
2819 2396 3030 2468 οἷ’κησιν
3080 2398 3171 2452 καὶ
3229 2400 3329 2468 τὴν
3387 2405 3602 2466 κτῆσιν,
3658 2418 3757 2451 κα-

2097 2488 2264 2562 θάπερ
2316 2488 2404 2543 καὶ
2459 2488 2558 2555 τήν
2613 2493 2836 2562 χρῆσιν,
2880 2485 3270 2561 ἀπροσπαθῶς,
3323 2485 3624 2561 προθύμως
3672 2490 3760 2556 τῷ

2095 2579 2358 2654 ἀπάγοντι
2387 2580 2483 2631 τοῦ
2517 2576 2644 2650 βίου
2695 2571 3080 2647 συνεπόμενος,
3115 2571 3372 2647 οὐδαμῶς
3411 2574 3585 2629 ὀπίσω
3634 2575 3761 2628 κατ’

2094 2664 2352 2739 οὐδεμίαν
2385 2671 2457 2737 (2)
2507 2665 2762 2743 ἀφορμὴν
2813 2663 3292 2739 ἐπιστρεφόμενος
3347 2664 3759 2737 εὐχαριστήσας

2099 2757 2192 2829 μὲν
2227 2755 2314 2810 ἐπὶ
2346 2759 2412 2828 τῇ
2444 2754 2728 2828 παροικίᾳ,
2761 2751 3011 2827 εὐλογῶν
3059 2750 3118 2807 δὲ
3165 2751 3252 2807 ἐπὶ
3299 2757 3367 2824 τῇ
3401 2750 3591 2825 ἐξόδῳ,
3649 2751 3753 2820 τὴν

2097 2847 2268 2918 μονὴν
2319 2843 2692 2916 ἀσπαζόμενος
2741 2843 2840 2910 τήν
2892 2841 2944 2896 ἐν
2975 2841 3212 2914 οὐρὰνῷ.
3274 2865 3302 2891 ‹‹
3335 2838 3572 2913 Οἴδαμεν
3625 2840 3754 2915 γὰρ,

2093 2932 2197 3000 ὅτι,
2258 2931 2345 2987 ἐὰν
2397 2935 2431 3001 ἡ
2491 2931 2730 3007 ἐπίγειες
2779 2933 2938 3003 ἡμῶν
2988 2929 3133 2984 οἰκία
3169 2933 3266 2984 τοῦ
3298 2931 3536 3000 σκήνους
3582 2949 3754 2984 κατα-

2093 3021 2256 3096 λυθῇ,
2289 3019 2592 3097 οἰκοδομὴν
2626 3020 2683 3076 ἐκ
2712 3025 2847 3075 Θεοῦ
2897 3015 3125 3094 ἔχομεν,
3175 3018 3346 3074 οἰκίαν
3389 3017 3755 3094 ἀχειροποίη-

324 3113 929 3188 gratias,benedicens
949 3120 1144 3170 autem
1164 3121 1406 3186 propter
1426 3114 1978 3181 exitum,caalestem

2110 3132 2183 3166 τον
2233 3111 2449 3165 αἶ’ώνιον
2482 3110 2532 3165 ἐν
2565 3115 2684 3173 τοῖς
2713 3111 2992 3184 οὐρανοῖς.
3026 3109 3123 3162 Καὶ
3153 3108 3253 3184 γὰρ
3296 3107 3346 3162 ἐν
3397 3107 3577 3179 τούτῳ
3626 3127 3751 3162 στε-

327 3205 693 3275 amplectens
747 3205 1142 3259 mansionem.
1197 3225 1224 3253 ‹‹
1259 3204 1487 3258 Scimus
1519 3203 1700 3269 enim,
1736 3201 1894 3272 quod
1928 3199 1976 3253 si

328 3299 565 3348 terrena
587 3297 792 3348 nostra
803 3292 1088 3347 habitatio
1109 3291 1474 3347 tabernaculi
1500 3291 1789 3346 dissoluta
1802 3289 1982 3345 fuerit

329 3380 645 3438 aadiflcium
677 3398 711 3438 a
743 3383 857 3436 Deo
890 3381 1200 3444 habemus,
1235 3380 1476 3434 domum
1525 3396 1645 3434 non
1702 3381 1978 3436 manufa~

325 3477 480 3527 ctam
505 3477 789 3527 aeternam
820 3471 882 3525 in
914 3469 1098 3525 caelis.
1141 3469 1372 3523 Etenim
1403 3469 1462 3522 in
1494 3468 1606 3522 hoc
1637 3469 1980 3539 ingemisci-

324 3578 477 3628 mus,
513 3560 920 3615 habitaculum
951 3564 1243 3624 nostrum,
1279 3557 1436 3628 quod
1460 3563 1549 3611 est
1579 3571 1649 3610 ex
1677 3556 1843 3624 cwlo,
1877 3575 1976 3614 su-

324 3649 601 3722 perindui
651 3649 992 3720 cupientes;
1052 3646 1350 3718 siquidem
1399 3636 1578 3701 etiam
1609 3645 1823 3711 induti,
1857 3664 1978 3702 non

325 3739 463 3794 audi
485 3738 875 3793 inveniemur.
901 3740 1012 3792 Per
1030 3736 1208 3791 ﬁdem
1241 3735 1399 3789 enim
1430 3733 1828 3801 ambulamus,
1857 3752 1976 3790 non

327 3845 434 3900 per
452 3827 764 3899 speciem,»
793 3827 952 3882 utait
974 3824 1288 3896 Apostolus
1316 3823 1442 3894 (0).:
1471 3823 1648 3894 Magis
1669 3829 1866 3878 autem
1880 3841 1982 3879 vo-

324 3917 525 3972 lumus
556 3915 922 3990 peregrinari
971 3931 1004 3970 a
1035 3929 1301 3985 corpore,
1359 3917 1416 3966 et
1444 3911 1601 3983 apud
1632 3912 1818 3966 Deum
1850 3929 1983 3967 ver-

328 4007 444 4063 sari
477 4007 569 4077 (c).
607 4029 635 4057 ››
664 4007 816 4063 282
849 4004 1027 4077 Magis
1059 4009 1256 4058 autem
1289 4006 1378 4055 est
1406 4001 1469 4054 in
1501 4001 1981 4070 comparatione;

327 4096 689 4170 comparatio
721 4101 919 4152 autem
966 4099 1056 4150 est
1085 4094 1146 4148 in
1178 4093 1271 4158 iis,
1307 4107 1440 4162 quae
1471 4089 1691 4145 cadunt
1719 4090 1780 4144 in
1813 4091 1982 4146 simi-

323 4187 680 4252 litudinem;
733 4190 799 4240 ut
843 4183 1054 4254 fortior
1083 4181 1336 4236 fortibus
1365 4179 1598 4240 fortior,
1638 4179 1985 4234 timidorum

325 4284 523 4337 autem
545 4276 933 4332 rortissimus.
971 4272 1133 4329 Unde
1159 4269 1499 4342 subjunxit:
1533 4290 1558 4317 ‹‹
1586 4269 1980 4333 Quamobrem

328 4368 766 4434 contendimus,
811 4365 928 4423 sive
978 4361 1453 4435 peregrinantes,
1506 4357 1624 4412 sive
1657 4358 1814 4430 apud
1847 4375 1982 4413 eum

2091 3202 2346 3272 νάζομεν,
2395 3201 2457 3254 τὸ
2505 3199 2832 3274 οἰκητήριον
2877 3200 3038 3270 ἡμῶν
3089 3199 3152 3251 τὸ
3192 3196 3242 3267 ἐξ
3266 3196 3494 3271 οὐρανοῦ
3523 3194 3751 3251 ἐπενδόο

2093 3301 2283 3352 σασθαι
2315 3288 2726 3348 ἐπιποθοῦντες·
2780 3285 2832 3340 εἷ’
2855 3307 2938 3360 γε,
2987 3287 3078 3340 καὶ
3127 3283 3494 3358 ἐνδυσάμενοι,
3545 3285 3608 3340 οὗ
3655 3307 3752 3360 γυ-

2097 3377 2223 3451 μνοὶ
2257 3376 2683 3451 εὑρεθησόμεθα·
2719 3372 2808 3429 διὰ
2864 3375 3100 3436 πίστεως
3157 3375 3262 3448 γὰρ
3320 3377 3749 3448 περιπατοῦμεν,

2093 3467 2156 3522 οὐ
2189 3465 2279 3521 διὰ
2304 3463 2501 3531 εἷ’δους,
2537 3489 2564 3516 ››
2601 3465 2674 3527 ὡς
2721 3466 2748 3518 6
2783 3462 3127 3524 ’Λπόστολος
3179 3464 3362 3538 φησίν.
3418 3485 3442 3517 ιι
3478 3460 3754 3518 Εὐδοκοῦ-

2099 3577 2191 3628 μεν
2245 3552 2303 3609 δὲ
2362 3551 2576 3627 μᾶλλον
2635 3556 2714 3626 (3)
2766 3550 3075 3625 ἐκδημῆσαι
3109 3551 3169 3606 ἐκ
3195 3556 3292 3606 τοῦ
3323 3553 3600 3624 σώματος,
3660 3550 3752 3605 καὶ

2093 3642 2396 3717 ἐνδημῆσαι
2427 3642 2563 3714 πρὸς
2593 3642 2684 3696 τὸν
2717 3642 2868 3696 Θεὸν.
2905 3665 2933 3691 »
2978 3642 3064 3696 Ἑν
3096 3639 3366 3716 συγκρίσει
3402 3638 3457 3694 δὲ
3487 3640 3549 3694 τὸ
3606 3639 3755 3711 μᾶλ-

2096 3732 2214 3788 λον·
2248 3735 2283 3800 ἡ
2318 3731 2375 3786 δὲ
2425 3731 2701 3806 σύγκρισις
2753 3728 2840 3784 ἐπὶ
2894 3733 3004 3784 τῶν
3049 3729 3169 3792 καθ’
3226 3728 3488 3802 ὁμοίωσιν
3546 3729 3756 3784 ὑποπι-

2095 3821 2362 3876 πτόντων·
2423 3819 2499 3882 ὡς
2557 3821 2584 3874 6
2643 3816 3020 3891 ἀνδρειότερος
3059 3814 3320 3891 ἀνδρείων
3353 3815 3755 3892 ἀνδρειότερος,

2097 3908 2293 3964 δειλῶν
2327 3905 2384 3963 δὲ
2416 3905 2812 3982 ἀνδρειότατος.
2855 3907 3013 3970 “Οθεν
3061 3905 3354 3978 ἐπήγαγεν.
3405 3930 3434 3958 (ι
3469 3905 3560 3960 Διό
3589 3903 3758 3982 φιλο-

2093 3999 2406 4073 τιμούμεθα
2435 4003 2530 4071 (4),
2565 3997 2671 4052 εἴτε
2703 3995 3092 4068 ἐκδημοῦντες,
3143 3994 3246 4050 εἶ’τε
3299 3993 3686 4068 ἐνδημοῦντες,
3724 4023 3756 4049 ››

2097 4088 2373 4163 εὐάρεστοι
2429 4087 2562 4142 εῖναι
2621 4086 2795 4156 αὐτῷ,
2841 4089 2920 4154 τῷ
2959 4085 3038 4138 ἑνὶ
3071 4081 3330 4153 δηλονότι
3377 4089 3513 4155 Θεῷ,
3573 4085 3637 4139 οὗ
3683 4086 3763 4140 τὰ

2097 4178 2272 4232 πάντα
2317 4169 2473 4249 ἔργον
2523 4195 2580 4228 τε
2627 4175 2716 4228 καὶ
2747 4173 2943 4236 κτίσις,
2970 4173 2998 4226 ’ὀ
3025 4193 3083 4227 τε
3111 4172 3323 4237 κόσμος
3354 4173 3443 4227 καὶ
3486 4175 3553 4227 τὰ
3587 4175 3760 4248 ὑπερ-

2097 4265 2320 4337 κόσμια.
2380 4266 2617 4339 ’Ᾱγαμαι
2673 4262 2764 4316 τὸν
2824 4261 3209 4336 Ἐπίχαρμον,
3270 4266 3452 4339 σαφῶς
3500 4261 3759 4337 λέγοντα·

2103 4380 2130 4406 ‹‹
2181 4350 2422 4423 Εὐσεϐής
2451 4359 2530 4426 τῷ
2554 4356 2626 4427 (ὅ)
2673 4353 2945 4430 πεφυκὼς,
2981 4352 3044 4406 οὐ
3076 4353 3270 4415 πάθοις
3321 4354 3370 4428 γ’
3402 4350 3554 4406 οὐδὶν
3586 4354 3758 4408 κακὸν

393 4547 457 4612 .ι‹
486 4541 548 4594 Ρ.
581 4538 686 4612 διο
716 4531 1150 4612 Ε-ΒἈΡΟΤΤΕΒ,
1186 4524 1425 4578 541-542
1455 4523 1567 4577 ED.
1600 4524 1828 4578 PARIS.
1912 4523 1985 4592 (αλ

2110 4539 2164 4577 n.
2197 4538 2361 4589 χχιιι,
2393 4524 2463 4588 4,
2495 4520 2648 4575 Psal.
2677 4536 2912 4585 xxxvm,
2947 4520 3031 4573 13.
3109 4519 3185 4590 (b)
3234 4520 3284 4573 II
3324 4519 3454 4573 Cor.
3502 4537 3555 4586 v,
3612 4524 3661 4584 l,
3698 4523 3755 4588 2,

327 4611 380 4679 3,
410 4608 466 4666 '7'.
545 4610 616 4682 (ο)
645 4608 791 4664 Ibid.
825 4608 878 4660 8.

320 4757 517 4829 jecta;
554 4777 581 4804 υ
615 4746 1019 4829 ut‘Ciceronis
1034 4739 1229 4829 verbis
1259 4734 1674 4829 utar.ALlib;iii
1691 4739 1798 4829 Ith
1825 4736 1980 4829 ﬁnIip.
2014 4738 2063 4801 Β

538 4806 962 4897 Ἀπολείπουσα.
996 4818 1062 4897 In
1095 4806 1981 4897 Flor.nest_etiamﬂaltera“is-

329 4877 444 4954 cu};
467 4877 844 4952 hamos”,
877 4892 985 4945 fut.
1021 4894 1204 4955 temp.
1255 4877 1576 4959 Sequentia
1606 4877 1984 4959 verbaDavi-

328 4949 591 5025 dis'sunt
619 4984 690 5021 ex
713 4949 930 5020 Psalm.
964 4949 1199 5029 xxxvii,
1255 4949 1531 5029 pauculis
1586 4949 1849 5029 mutatis.
1909 4951 1980 5029 Αε

328 5019 600 5098 silédiia.
630 5019 701 5077 ξ
722 5019 1000 5090 lnunum
1022 5019 1331 5098 coniungit
1357 5020 1678 5098 Abrahami
1704 5019 1984 5098 verba‘ad

331 5086 1094 5174 illibusv-(‘lhethIliensium,
1129 5086 1160 5152 ἰ
1188 5114 1200 5150 :
1236 5086 1645 5174 ΙῙάροικοςέαὶ.
1673 5086 1982 5174 παρετέθη-

335 5162 595 5256 ᾗξῖιῆὦ
653 5162 765 5249 εῗμι
831 5175 946 5256 μεθ’
1005 5162 1276 5256 detonet
1305 5162 1768 5253 verbapavidis,
1806 5162 1980 5256 lPsal:

330 5231 654 5324 Riihl.
705 5231 958 5314 irxxvui),
1009 5231 1114 5298 4'2:
1170 5238 1438 5310 Πάροικος
1487 5233 1592 5357 ἐγώ
1642 5233 1755 5305 εἶμι
1804 5231 1855 5286 ἐν
1911 5235 1985 5305 τῇ

330 5331 394 5357 -..τ
449 5325 534 5357 ..-:
590 5317 977 5357 ..-.._...txmmc
1048 5308 1230 5357 καθὼς
1269 5308 1463 5357 πάντες
1496 5326 1523 5357 0
1579 5325 1802 5357 πατεοες
1857 5326 1985 5357 μου-

327 5308 537 5401 ᾆῇηκαὶ
558 5308 569 5324 Χ
590 5308 1000 5401 παρεπίδημος,
1048 5308 1230 5391 καβὼς
1259 5308 1548 5401 ’πάντεςᾎοὶ
1579 5325 1985 5401 auceps—(“pain

379 5379 511 5467 ..(99)
537 5379 757 5468 Τριτὶά,
783 5379 1252 5468 ΝέωΒΘΕΜωί,
1287 5379 1553 5468 corppris
1593 5396 1660 5433 ac
1686 5380 1982 5468 ifo‘rtup'aa.

332 5450 679 5526 Aristoteles
707 5466 880 5521 Ethic.
915 5450 1359 5535 adNicorpach.
1390 5450 1503 5533 lib;
1529 5467 1565 5516 ι,
1597 5467 1727 5535 cap.
1761 5451 1828 5532 ξε
1869 5453 1984 5535 Νξ-

338 5538 692 5612 μεμγ,μὲνων,
743 5540 851 5588 τῶν
898 5521 1310 5612 ττερὶωὰγοίθςὺνΙ
1337 5522 1530 5606 τριχῇ,
1573 5521 1693 5609 καὶ-
1720 5520 1829 5573 τῶν
1891 5519 1983 5612 μὲν

335 5592 848 5683 ἓξὲίὸξλεγομξὲνυιν,
880 5592 985 5656 τῶν
1021 5592 1474 5683 Serapi-90x6:
1501 5592 1808 5683 failqc'oijs.
1848 5613 1867 5638 ι

337 5662 792 5736 ἑνιπίῦιιιίέίῖνθνο
841 5662 1026 5730 bonis
1085 5663 1396 5736 trifariam.
1456 5667 1520 5715 ut
1575 5663 1690 5716 alia
1716 5662 1990 5717 dicantur

339 5734 472 5802 eSse
498 5734 682 5814 extra,
716 5749 832 5801 alia
852 5748 916 5800 in
946 5743 1169 5804 animo,
1200 5735 1320 5791 alia.
1348 5734 1411 5788 in
1443 5749 1711 5804 corpore,
1744 5754 1772 5783 »
1805 5740 1916 5790 etc.

495 5916 646 6009 \

2170 4734 2247 4803 (1)
2303 4732 2400 4785 Τὸν
2461 4730 2648 4785 τόπον.
2696 4731 3186 4804 λϐοῐιειῐιιιοιὶοηὶε
3240 4732 3445 4804 regula
3491 4734 3760 4803 postulat

2099 4801 2238 4873 gen.
2297 4821 2458 4870 casu,
2506 4808 2614 4857 τῶν
2644 4801 2850 4867 τόπων,
2885 4802 2975 4856 vel
3003 4805 3098 4854 τοῦ
3127 4801 3332 4856 τόπουῖ
3353 4801 3626 4858 Sne—unc.
3688 4837 3757 4848 -

2101 4873 2431 4947 Gentianus
2462 4877 2744 4931 Hervetus
2767 4875 2908 4947 legit
2933 4876 3031 4926 τοῦ
3059 4873 3253 4940 τόπου,
3283 4876 3343 4930 F.
3379 4875 3657 4931 Morellus
3692 4880 3754 4932 P.

2102 4951 2166 5004 Β.
2197 4950 2305 5000 τῶν
2331 4945 2536 5002 τόπων.
2569 4949 2834 5002 COLLECT.

2176 5019 2252 5090 (2)
2284 5015 2492 5074 Ὀπίσω
2549 5017 2663 5072 κατ’
2724 5013 2840 5070 οὐδ.
2888 5015 3124 5070 Scilicet
3154 5015 3216 5070 in
3249 5017 3451 5090 animo
3512 5034 3758 5075 servans

2103 5088 2318 5146 Christi
2351 5097 2734 5162 praeceptum,
2769 5090 2903 5143 Luc.
2945 5105 3077 5155 xvn,
3111 5091 3216 5141 32:
3252 5088 3636 5159 Μνημονεύετε
3656 5098 3757 5158 τῆς

2102 5161 2373 5234 γυναικὸς-
2386 5161 2528 5234 ᾼώτ.

2174 5233 2272 5307 (3)__
2307 5228 2656 5307 Εὖδρκοῌῦᾼμεν
2713 5226 2770 5307 δέ
2830 5226 3066 5307 μᾶλλονε
3127 5231 3194 5284 Α.
3247 5229 3756 5307 mavult,0a{z‘50§-_

2107 5324 2200 5386 μεν
2234 5296 2310 5370 δὲ,
2343 5303 2433 5358 καὶ
2481 5296 2880 5387 ερδρκιμοῦμεν
2926 5296 3168 5387 μᾶλλον,
3189 5317 3278 5387 ἐκ
3309 5301 3352 5354 lI
3383 5304 3511 5387 901'.
3544 5296 3600 5367 ν,
3627 5296 3758 5359 ἰώί

2103 5369 2281 5432 etiam
2315 5394 2472 5441 mox,
2505 5369 2810 5444 ἐνδημῆσαι
2843 5369 2978 5445 πρὸς
3007 5392 3098 5424 τον
3132 5369 3548 5445 Κύριοι-εγω.

2175 5452 2250 5534 ('4)
2284 5447 2375 5501 Διὸ
2407 5467 2478 5534 cp.”
2501 5447 2662 5534 Vulg.
2685 5445 2858 5534 “Bibl...
2889 5443 2958 5498 VlI
2989 5445 3116 5534 C02.
3170 5460 3238 5530 v.2
3275 5443 3383 5534 θΔιὸ
3413 5443 3501 5530 καὶ
3534 5443 3760 5534 φιλοςι-

2107 5511 2374 5590 μονόμεθα,
2420 5511 2478 5571 εἷ’
2515 5537 2575 5571 τι
2613 5511 3006 5590 ἐνδημοῦντες,
3049 5511 3103 5568 εἴ
3121 5534 3181 5568 τε
3210 5511 3599 5586 ἐκδημοῦντες,
3631 5515 3757 5572 εὐά-

2104 5611 2280 5661 ρεστοι
2311 5592 2458 5661 αὐτῷ
2483 5590 2636 5645 εἶναι.
2671 5594 2739 5644 Α.
2771 5589 3045 5661 SvLeuac.

2175 5666 2251 5729 (5)
2284 5659 2523 5728 Εὐσεϐής
2555 5683 2604 5717 ν.
2637 5665 2752 5716 Hos
2782 5658 3119 5731 Epicharmi
3147 5675 3348 5715 versus
3393 5658 3459 5713 Η.
3513 5661 3754 5719 Grotius

2106 5734 2168 5788 in
2219 5736 2504 5808 Excerptis
2558 5751 2585 5789 ε
2643 5740 2788 5801 trag.
2845 5738 2896 5786 et
2957 5747 3116 5800 com.,
3175 5748 3232 5803 p.
3272 5731 3398 5797 481,
3431 5731 3544 5788 hoc
3572 5735 3751 5790 modo
