4004 6144
300 280 438 336 1379

1521 277 1930 334 CLEMENTIB
1967 279 2464 350 ALEXANDle

3567 287 3707 343 1380

296 403 552 471 Domini,
582 402 683 475 qui
714 401 1003 458 cohabitis
1034 399 1211 456 simul
1257 417 1393 456 cum
1441 401 1747 458 doloribus
1779 403 1877 475 (a).
1915 425 1926 452 ›

2057 401 2206 457 κούει
2267 405 2295 458 6
2345 403 2494 466 Θεός·
2553 399 2763 466 ἀσεϐεῖς
2826 403 2884 461 δὲ
2941 404 3002 461 οὐ
3056 407 3253 477 σώζει,
3311 409 3458 483 παρὰ
3502 410 3564 464 τὸ
3628 413 3704 482 μή

294 497 363 549 Et
417 494 749 549 Abraham:
804 513 832 541 «
866 493 1272 562 Nequaquam,
1325 492 1491 562 dixit,
1527 493 1811 548 Dominus
1843 492 1946 562 qui

287 584 522 655 judicat
552 588 771 638 terram
796 582 892 652 (b).
952 604 972 628 ι
1023 582 1167 636 Nam
1200 603 1227 629 α
1272 582 1372 652 qui
1405 581 1658 636 credidit
1691 625 1704 648 ,
1739 604 1766 631 ››
1801 598 1942 636 ΟΟΠ·

297 673 602 728 venienter
631 671 875 725 salutari
906 670 1052 736 voci,
1103 693 1128 719 «
1157 671 1284 740 jam
1335 671 1638 742 judicatus
1670 676 1759 725 est
1787 671 1877 740 (c).
1911 690 1938 720 »

299 762 592 832 Scriptum
626 764 714 814 est
744 764 942 813 autem
974 760 1035 812 in
1068 758 1236 813 libris
1269 776 1506 831 quoque
1539 762 1760 832 Regum
1785 758 1942 830 judi-

295 851 452 905 cium
485 854 543 904 et
571 848 868 903 sententia
893 848 1144 911 Domini,
1181 864 1311 918 quis
1336 849 1419 902 sic
1449 848 1662 903 habet:
1697 871 1723 896 «
1747 849 1942 903 Justos

295 938 532 994 exaudit
562 939 737 1004 Deus,
767 937 980 1007 impios
1019 941 1216 991 autem
1266 952 1385 990 non
1439 941 1650 1001 servat,
1682 952 1750 990 eo
1783 934 1942 1005 quod

291 1029 404 1099 ipsi
436 1027 631 1082 nolint
658 1043 834 1080 nosse
865 1027 1071 1079 Deum.
1108 1023 1377 1078 Absurda
1406 1024 1565 1078 enim
1617 1041 1737 1078 non
1767 1023 1943 1077 faciet

293 1118 678 1188 Omnipotens
701 1116 800 1185 (d).
819 1137 846 1163 ››
866 1115 1014 1178 Quid
1033 1113 1105 1168 ad
1127 1114 1281 1168 hanc
1303 1129 1503 1167 vocem
1523 1113 1715 1167 adhuc
1738 1113 1943 1166 dicunt

290 1206 567 1272 hzereses,
601 1221 735 1259 cum
789 1204 1261 1273 omnipotentem
1311 1203 1496 1256 Deum
1547 1218 1674 1257 esse
1717 1202 1938 1256 bonum

290 1293 573 1365 pradicet
629 1293 946 1363 Scriptura,
981 1297 1039 1345 et
1084 1291 1206 1344 vitii
1246 1296 1303 1345 et
1335 1290 1640 1361 injustitiaa
1692 1290 1938 1344 minime

291 1399 420 1438 esse
451 1387 751 1437 auctorem
781 1382 808 1436 ‘?
839 1380 1137 1451 siquidem
1170 1380 1505 1452 ignorantia
1537 1379 1778 1450 quidem
1803 1395 1938 1450 pro-

289 1475 495 1542 pterea
526 1471 733 1538 oritur,
767 1469 925 1540 quod
967 1469 1184 1538 aliquis
1217 1486 1338 1523 non
1370 1474 1686 1539 cognoscat
1720 1485 1732 1521 :
1786 1469 1939 1522 Deus

289 1567 486 1617 autem
510 1559 1209 1615 «nihilfacitabsurdum.
1239 1560 1342 1613 Hic
1357 1564 1447 1614 est
1465 1559 1646 1628 enim,
1666 1580 1693 1607 ι)
1721 1558 1937 1629 inquit,

289 1652 494 1705 «Deus
513 1655 736 1716 noster,
763 1653 820 1702 et
841 1663 961 1702 non
986 1653 1074 1701 est
1092 1653 1308 1717 praeter
1331 1663 1486 1714 eum,
1512 1647 1610 1718 qui
1635 1653 1824 1702 servet
1845 1650 1936 1718 (c).

2059 490 2351 564 βούλεσθαι
2405 491 2602 549 εἰδέναι
2658 496 2860 558 αὐτοὺς
2916 495 3008 550 τὸν
3071 498 3223 552 Θεόν·
3285 497 3460 552 ἄτοπα
3500 499 3600 574 γὰρ
3636 499 3698 553 οὐ

2055 583 2352 638 συντελέσει
2411 585 2438 638 ὁ
2497 586 2889 661 Παντοκράτωρ
2927 631 2938 644 .
3000 586 3064 640 Τί
3140 587 3276 662 πρὸς
3361 585 3562 657 ταύτην
3623 587 3703 642 ἔτι

2053 671 2376 746 φθέγγονται
2406 674 2505 740 τήν
2555 676 2741 750 φωνὴν
2787 675 2840 728 αἱ
2891 675 3143 749 αἱρέσεις,
3179 676 3381 750 ἀγαθὸν
3434 676 3562 730 Θεὸν
3611 679 3703 731 τὸν

2051 761 2459 836 παντοκράτορα
2517 763 2893 837 κηρυττούσης
2953 771 3054 832 τῆς
3113 770 3355 842 Γραφῆς,
3415 765 3502 819 καὶ
3552 764 3706 819 ἀναί-

2048 867 2163 900 τιον
2193 849 2380 912 κακίας
2417 871 2477 905 τε
2526 853 2614 904 καὶ
2667 849 2904 920 ἀδικίας,
2935 851 3043 927 εἷ’γε
3073 853 3107 922 ἥ
3144 854 3237 925 μὶν
3271 851 3460 927 ἅγνοία
3520 850 3608 907 διὰ
3639 854 3706 908 τὸ

2053 936 2129 1006 μὴ
2162 938 2447 1011 γινώσκειν
2481 939 2690 1016 φύεται,
2715 942 2742 996 ὁ
2774 941 2903 1002 Θεὸς
2936 938 3012 1009 δὲ,
3049 964 3079 993 ‹‹
3109 940 3262 996 οὐδὲν
3297 940 3497 996 ἄτοπον
3529 947 3702 999 ποιεῖ.

2047 1025 2220 1086 Οὗτος
2278 1032 2388 1100 (15)
2445 1031 2544 1104 γάρ
2578 1029 2710 1098 ἐστι,
2747 1054 2774 1081 »
2836 1029 3020 1106 φησὶν,
3078 1056 3104 1082 ι‹
3152 1033 3339 1093 ὁΘεὸς
3398 1033 3579 1103 ἡμῶν,
3608 1031 3703 1085 καὶ

2049 1112 2290 1169 οὐκέστι
2344 1115 2488 1184 πλὴν
2545 1117 2710 1173 αὐτοῦ
2769 1118 2979 1188 σώζων.
3013 1117 3154 1176 Οὐδὲ
3203 1121 3306 1194 γάρ
3343 1117 3482 1174 ἐστιν
3516 1116 3704 1174 ἀδικία

2048 1204 2190 1278 παρὰ
2218 1209 2298 1276 τῷ
2329 1211 2465 1278 Θεῷ,
2504 1207 2670 1261 »κατὰ
2724 1209 2816 1262 τὸν
2873 1206 3237 1266 Ἀπόστολον.
3301 1214 3498 1282 Σαφῶς
3533 1206 3590 1262 δὲ
3619 1203 3701 1263 ἔτι

2049 1293 2076 1346 ὁ
2107 1295 2395 1370 προφήτης
2421 1295 2519 1362 τὴν
2553 1295 2760 1370 βουλὴν
2791 1301 2889 1351 τοῦ
2934 1302 3087 1367 Θιοῦ,
3138 1299 3225 1352 καὶ
3260 1298 3358 1366 τήν
3410 1299 3700 1372 προκοπὴν

2046 1381 2144 1448 τήν
2199 1385 2506 1456 γνωστικὴν
2558 1381 2648 1438 διὰ
2699 1384 2905 1440 τούτων
2967 1383 3207 1441 διδάσκει
3238 1430 3252 1443 .
3312 1410 3341 1436 ‹‹
3407 1385 3504 1440 Καὶ
3555 1391 3650 1440 νῦν
3683 1429 3700 1457 ,

2045 1469 2294 1543 Ἰσραὴλ,
2326 1470 2378 1524 τί
2424 1471 2625 1546 Κύρίος
2674 1474 2702 1528 6
2755 1473 2887 1536 Θεός
2940 1495 3036 1528 σου
3093 1473 3320 1530 αἰτεῖται
3374 1475 3522 1550 παρᾶ
3578 1476 3701 1542 σοῦ,

2046 1557 2175 1613 ἀλλ’
2207 1561 2240 1630 ἢ
2274 1555 2555 1635 φοϐεῖσθαι
2590 1561 2784 1638 Κύριον
2814 1564 2906 1618 τὸν
2940 1563 3068 1618 Θεὸν
3104 1585 3222 1632 σου,
3253 1565 3342 1619 καὶ
3373 1563 3703 1638 πορεύεσθαι

2049 1645 2100 1700 έν
2133 1646 2327 1709 πάσαις
2385 1653 2505 1709 ταῖς
2559 1646 2710 1713 ὁδοῖς
2764 1651 2954 1719 αὐτοῦ,
2985 1653 3072 1706 καὶ
3127 1651 3335 1726 ἀγαπᾷν
3390 1651 3574 1718 αὐτὸν,
3605 1652 3701 1706 καὶ

287 1739 417 1793 Non
441 1744 530 1792 est
551 1738 709 1792 enim
729 1736 885 1807 apud
914 1737 1098 1790 Deum
1122 1735 1415 1806 injustitia
1435 1736 1504 1807 (f)
1528 1753 1540 1803 ;
1564 1762 1590 1793 ι)
1615 1752 1684 1790 ex
1706 1740 1926 1790 senten'

2051 1734 2327 1807 λατρεύειν
2351 1736 2497 1807 αὐτῷ
2533 1739 2684 1810 μόνῳ
2715 1742 2845 1809 (16),
2877 1740 3103 1794 αἰτεῖται
3135 1742 3282 1815 παρὰ
3310 1745 3432 1807 σοῦ,
3467 1744 3565 1794 τοῦ
3596 1741 3699 1808 τήν

293 1830 371 1884 tia
432 1828 716 1900 Apostoli.
775 1831 990 1898 Aperte
1030 1831 1230 1881 autem
1275 1826 1468 1881 adhuc
1517 1827 1807 1898 propheta
1837 1828 1940 1882 Dei

293 1921 630 1986 consilium,
657 1925 714 1974 et
735 1918 1091 1989 cognitionis
1114 1917 1446 1987 profectum
1469 1933 1574 1987 per
1596 1917 1721 1972 haec
1744 1918 1937 1972 docet:

293 2033 321 2060 ι(
354 2012 424 2063 Ει
448 2026 627 2073 nunc,
673 2005 875 2071 Israel,
926 2004 1069 2074 quid
1123 2005 1407 2058 Dominus
1465 2007 1617 2058 Deus
1652 2011 1787 2060 tuus
1818 2023 1852 2060 a
1881 2011 1937 2060 te

290 2099 457 2170 petit,
516 2096 633 2151 nisi
691 2100 755 2150 ut
806 2095 1019 2148 timeas
1072 2093 1387 2147 Dominum
1431 2093 1615 2147 Deum
1649 2099 1838 2161 tuum,
1880 2099 1938 2148 et

288 2187 559 2243 ambules
591 2187 652 2240 in
683 2184 959 2239 omnibus
1004 2182 1110 2236 viis
1143 2182 1271 2253 ejus
1298 2181 1325 2236 ‘?
1356 2183 1428 2236 Ut
1444 2187 1502 2236 et
1533 2198 1668 2235 eum
1700 2182 1933 2254 diligas,

285 2282 344 2332 et
374 2277 462 2331 illi
494 2275 601 2331 soli
627 2273 846 2329 servias
865 2272 964 2343 (g),
995 2295 1015 2324 ι
1054 2272 1258 2342 petita
1287 2275 1366 2338 te,
1399 2271 1500 2341 qui
1549 2270 1734 2325 habes
1765 2277 1934 2342 pote-

284 2371 494 2422 statem
527 2362 814 2436 eligendae
847 2360 1074 2416 salutis.
1102 2359 1253 2424 Quid
1281 2376 1415 2431 ergo
1449 2359 1560 2414 sibi
1592 2359 1802 2415 volunt
1823 2363 1930 2432 Py-

278 2455 566 2527 thagorei,
596 2469 731 2508 cum
755 2450 972 2522 jubent
1004 2470 1031 2497 ‹‹
1063 2465 1198 2503 cum
1229 2465 1369 2503 voce
1415 2449 1642 2519 precari
1673 2447 1700 2502 ?
1734 2470 1761 2498 »
1811 2466 1932 2504 non

284 2544 462 2616 quod,
491 2549 556 2597 ut
585 2541 732 2597 mihi
755 2540 996 2611 quidem
1029 2537 1280 2605 videtur,
1306 2538 1716 2592 existimarent
1744 2539 1929 2593 Deum

282 2651 401 2688 non
450 2649 624 2704 posse
667 2629 944 2684 exaudire
979 2645 1078 2682 eos
1110 2627 1210 2697 qui
1242 2627 1416 2682 tacite
1450 2627 1795 2698 loquuntur,
1830 2629 1931 2682 sed

279 2722 437 2793 quod
461 2722 655 2792 justas
677 2718 898 2774 vellent
923 2733 1050 2771 esse
1076 2732 1307 2786 preces,
1335 2733 1482 2786 quas
1504 2733 1622 2770 non
1663 2723 1934 2772 vereatur

282 2811 417 2881 quis
449 2810 532 2863 ita
555 2807 825 2875 fundere,
858 2810 923 2859 ut
952 2803 1127 2858 multi
1160 2804 1280 2857 sint
1309 2804 1554 2858 conscii'
1591 2806 1705 2859 Nos
1731 2809 1929 2859 autem

278 2898 350 2953 de
384 2896 726 2969 precatione
751 2894 1014 2964 quidem.
1039 2891 1214 2962 paulo
1239 2897 1371 2962 post
1394 2908 1499 2946 suo
1525 2897 1788 2962 tempore
1814 2899 1926 2946 tra-

278 2987 594 3042 ctabimus.
622 2983 914 3038 Debemus
928 2987 1126 3035 autem
1147 2981 1365 3033 habere
1388 2997 1567 3051 opera
1587 2981 1924 3048 clamantia,

273 3076 336 3139 ἦ(
370 3095 395 3126 ιι
427 3081 711 3142 tanquam
734 3072 794 3124 in
819 3070 912 3124 die
935 3069 1310 3124 ambulantes
1341 3069 1438 3140 (h).
1476 3071 1733 3124 Luceant
1763 3070 1920 3124 enim

2049 1821 2288 1893 ἐξουσίαν
2320 1824 2543 1900 ἔχοντος
2576 1825 2788 1881 ἑλέσθαι
2810 1829 2908 1897 τήν
2943 1829 3214 1901 σωτηρίαν
3247 1833 3381 1903 (1⁸1).
3415 1832 3483 1886 Τί
3514 1827 3697 1883 τοίνυν

2049 1913 2100 1966 οἱ
2125 1915 2450 1988 Πυταγόριοι
2481 1911 2810 1988 βουλόμενοι
2836 1939 2864 1969 ‹‹
2886 1917 3020 1989 μετά
3042 1924 3230 1994 φωνῆς
3253 1915 3506 1992 εὔχεσθαι
3528 1940 3557 1970 ιι
3583 1919 3698 1990 (18)

2045 2000 2398 2073 κελεύουσινς
2460 2003 2584 2076 ἐμοὶ
2645 2002 2832 2073 δοκεῖ,
2891 2005 2990 2061 οὐκ
3046 2006 3130 2061 ὅτι
3187 2007 3249 2061 τὸ
3307 2012 3459 2062 Θεῖον
3519 2003 3696 2078 ᾤοντο

2049 2090 2124 2160 μὴ
2159 2088 2412 2146 δύνασθαι
2455 2098 2563 2147 τῶν
2618 2096 2802 2169 ἡσυχῆ
2865 2099 3254 2172 φθεγγομένων
3308 2093 3536 2164 ἐπαΐειν,
3569 2093 3700 2149 ἀλλ’

2044 2176 2126 2231 ὅτι
2155 2176 2364 2242 δικαίας
2398 2185 2507 2253 (19)
2541 2177 2838 2238 ἐϐούλοντο
2883 2183 3019 2238 εἶναι
3063 2185 3158 2245 τὰς
3190 2184 3383 2258 εὐχὰς,
3417 2183 3479 2238 ἃς
3515 2182 3614 2238 οὐκ
3639 2182 3709 2236 ἃν

2040 2287 2122 2328 τις
2177 2265 2445 2337 αἰδεσθείη
2502 2275 2777 2334 ποιεῖσθαι
2833 2271 3064 2327 πολλῶν
3118 2270 3467 2328 συνειδότων.
3500 2273 3701 2344 Ἡμεῖς

2043 2353 2100 2410 δὲ
2129 2357 2252 2430 περὶ
2287 2356 2382 2429 μὲν
2438 2361 2538 2422 τῆς
2592 2358 2762 2433 εὐχῆς
2815 2361 2952 2414 κατὰ
3009 2361 3197 2436 καιρὸν
3259 2361 3554 2436 προϊόντος
3596 2364 3706 2433 (20)

2041 2448 2136 2498 τοῦ
2167 2443 2334 2519 λόγου
2383 2440 2787 2519 διαληψόμεθα·
2848 2447 2915 2502 τά
2965 2446 3024 2502 δὲ
3075 2445 3203 2525 ἔργα
3253 2450 3555 2525 κεκραγότα
3588 2451 3699 2522 (21)

2042 2531 2188 2607 ἔχειν
2221 2532 2538 2610 ὀφείλομεν,
2572 2535 2648 2596 ὡς
2693 2534 2745 2588 ἐν
2803 2535 2986 2609 ἡμέρᾳ
3043 2542 3484 2611 περιπατοῦντες.
3544 2545 3705 2610 Λαμ-

2041 2623 2194 2695 ψάτω
2242 2622 2342 2697 γάρ
2403 2644 2499 2677 σου
2553 2624 2621 2678 τὰ
2677 2623 2825 2700 ἔργα,
2882 2625 2972 2679 καὶ
3033 2623 3150 2680 ἰδοὺ
3183 2624 3467 2698 ἄνθρωπος
3499 2627 3588 2681 καὶ
3631 2627 3704 2682 τὰ

2041 2710 2167 2787 ἔργα
2198 2712 2362 2766 αὐτοῦ
2392 2713 2498 2786 πρὸ
2542 2715 2841 2782 προσώπου
2900 2714 3086 2771 αὐτοῦ.
3149 2715 3293 2771 Ἰδοὺ
3352 2716 3454 2790 γὰρ
3485 2717 3512 2771 6
3543 2717 3704 2788 Θεὸς,

2039 2802 2128 2856 καὶ
2171 2801 2237 2855 τὰ
2290 2799 2422 2875 ἔργα
2473 2800 2656 2859 αὐτου.
2691 2825 2718 2854 ››
2753 2803 2879 2856 Θεὸν
2912 2805 3023 2877 χρὴ
3091 2804 3400 2878 μιμεῖσθαι,
3434 2805 3512 2867 εἷς
3569 2804 3698 2859 ὅσον

2041 2886 2289 2962 δύναμις,
2319 2894 2396 2960 τῷ
2423 2895 2726 2965 γνωστικῷ.
2765 2893 2922 2964 Ἐμοὶ
2958 2889 3016 2947 δὲ
3063 2893 3154 2947 καὶ
3207 2895 3258 2948 οἱ
3312 2895 3538 2964 ποιηταὶ
3583 2897 3703 2967 (22)

2037 2977 2164 3041 τοὺς
2216 2977 2502 3040 ἐκλεκτοὺς
2555 2980 2703 3054 παρὰ
2759 2982 2906 3057 σφίσι
2967 3005 2994 3032 ‹‹
3028 2979 3296 3045 θεοειδέας
3330 3006 3358 3034 ››
3420 3003 3695 3058 προσαγο-

2038 3065 2209 3142 ρεύειν
2235 3064 2474 3135 δοκοῦσι,
2498 3068 2587 3121 καὶ
2614 3092 2641 3119 (ι
2667 3066 2834 3142 δίους⁹
2856 3095 2874 3120 ι
2898 3069 2987 3124 καὶ
3013 3070 3359 3142 «ἀντιθέους,
3385 3095 3412 3123 ››
3435 3072 3524 3126 καὶ
3549 3096 3578 3124 ιι
3603 3072 3692 3126 Διὶ

283 3136 676 3235 operatua(i).
702 3162 771 3214 Et
789 3176 922 3215 ecce
937 3136 1545 3229 homo,etoperaejus
1562 3158 1921 3213 antefaciem

2051 3163 2198 3224 ιῆτιν
2232 3153 2590 3226 ἆταλάντους,
2641 3158 2732 3212 καὶ
2793 3164 2936 3222 θεοῖς
2992 3158 3277 3234 ἐναλίγκια
3331 3159 3488 3232 μήδε’
3519 3155 3692 3236 ἔχυν-

280 3254 429 3324 ejus.
455 3253 600 3306 Ecce
623 3249 786 3304 enim
831 3250 1006 3315 Deus,
1060 3253 1118 3301 et
1145 3263 1326 3317 Opera
1357 3246 1488 3318 ejus
1520 3247 1615 3318 (lc).
1655 3269 1682 3296 »
1743 3249 1927 3302 Deum

282 3345 515 3413 oportet
543 3337 788 3406 imitari,
826 3336 1021 3408 quoad
1077 3336 1205 3389 ﬁeri
1262 3340 1478 3405 potest,
1513 3351 1648 3390 eum
1680 3336 1778 3406 qui
1843 3341 1931 3390 est

346 3487 409 3538 P.
443 3485 547 3537 642
575 3483 685 3536 ΕΙ).
722 3480 1013 3547 POTTER,
1073 3478 1152 3549 (a)
1182 3476 1352 3530 Mich.
1389 3477 1509 3549 1,72.
1569 3477 1646 3548 (ὁ)
1679 3479 1818 3530 Gen.
1854 3494 1926 3532 xv

2071 3479 2159 3532 25$.
2218 3475 2290 3547 (c)
2321 3477 2485 3532 Joan.
2536 3494 2618 3545 ιιι,
2655 3480 2738 3534 18.

2035 3265 2151 3312 τας,
2222 3245 2314 3298 καὶ
2369 3245 2746 3315 θεοεικέλους,
2803 3249 2865 3302 τὸ
2917 3249 3032 3303 κατ’
3094 3247 3273 3303 εἰκόνα
3328 3248 3420 3304 καὶ
3477 3249 3692 3322 ὁμοίω-

2039 3354 2118 3387 σιν
2171 3335 2286 3407 (23)
2356 3335 2814 3410 περιτρώγοντες.
2851 3359 2879 3386 ››
2939 3338 2995 3392 Ὀ
3056 3336 3150 3408 μὲν
3208 3335 3300 3391 οὖν
3359 3334 3689 3412 Εὐριπίδης·

2795 3479 2876 3550 (d)
2918 3479 3024 3534 Job
3051 3497 3240 3545 xvxvl,
3273 3482 3304 3534 6
3330 3498 3343 3547 ;
3377 3498 3565 3550 xxxxv,
3596 3486 3688 3539 12.

270 3555 340 3627 (e)
368 3557 478 3610 Isa.
512 3570 641 3621 XLV,
673 3555 760 3608 21.
792 3552 859 3622 (f)
891 3548 1175 3616 Hebryw,
1213 3550 1304 3602 10.
1334 3549 1411 3618 (g)
1446 3548 1612 3602 Deut.
1654 3565 1710 3617 x,
1746 3551 1831 3602 12.
1889 3549 1926 3619 (l

2051 3564 2164 3602 om.
2198 3564 2318 3602 xm.
2356 3550 2441 3601 13.
2473 3550 2532 3619 (i)
2565 3550 2764 3604 Matth.
2798 3548 2864 3618 ν,
2886 3552 2972 3605 16.
3009 3552 3084 3622 (k)
3114 3553 3225 3606 Isa.
3259 3568 3394 3619 thi,
3431 3557 3514 3607 11.

273 3704 335 3757 in
365 3717 552 3756 unum
580 3698 888 3768 conjunxit
913 3713 924 3750 :
960 3713 1097 3751 nam
1121 3711 1255 3768 cum
1289 3693 1369 3768 i_bi
1402 3693 1574 3768 Elihu
1600 3693 1831 3768 dixerat
1860 3695 1922 3749 in

274 3791 401 3844 cap.
434 3787 622 3835 XXXVI,
657 3760 938 3844 7',_justos
985 3784 1091 3844 esse
1133 3764 1265 3844 μετὰ
1299 3762 1566 3844 βασιλέων
1600 3762 1678 3826 εἲς
1707 3760 1919 3844 θρόνονο

274 3834 456 3901 addit.
491 3860 543 3898 v.
580 3834 645 3896 10
678 3834 704 3896 ε.
730 3834 907 3894 ’Ᾰλλὰ
935 3841 1031 3890 τοῦ
1063 3834 1272 3890 δικαίου
1301 3834 1691 3889 εἴσακούσεται·
1725 3834 1775 3890 ν.
1812 3839 1876 3891 12
1907 3853 1920 3894 :

272 3890 632 3974 Kéﬁéuke
689 3910 748 3964 οὐ
808 3908 1109 3981 διασώζει,
1173 3907 1318 3981 παρὰ
1372 3906 1435 3960 τὸ
1488 3907 1563 3978 μή
1629 3905 1922 3981 βούλεσθαι

273 3984 468 4045 αὐτοὺς
499 3981 693 4037 εἰδέναι
724 3982 814 4036 τὸν
849 3980 1070 4049 Κύριον.
1130 3980 1292 4034 Idem
1341 3996 1469 4050 cap.
1520 3997 1708 4037 XXXIV.
1746 3984 1831 4048 12,
1865 3980 1924 4035 id

271 4059 516 4131 profert,
549 4055 706 4128 quod
725 4054 896 4131 apud
928 4050 1518 4131 glcmgntetnverbis
1548 4051 1920 4131 aliquantum

273 4119 537 4194 inutatis,
567 4119 840 4196 sequitur
872 4142 885 4179 :
919 4121 1035 4179 Οἷέι
1083 4119 1271 4196 δὲῌτὸν
1309 4120 1500 4196 Κύριον
1523 4119 1726 4196 ,ἄτοπα
1755 4125 1922 4196 ποιή-

272 4221 404 4270 σειν,
433 4199 469 4268 ἢ
521 4188 972 4270 δυαῖθτοκράτωρ
1023 4193 1237 4266 ταράξει
1292 4188 1394 4259 τήν
1444 4188 1642 4264 κρίσιν,
1676 4192 1734 4254 ὃς
1768 4188 1921 4247 ἐποί-

274 4293 404 4341 νησε
432 4272 530 4346 τήν
549 4276 668 4346 -γῆν
703 4289 743 4346 ;_
1215 4335 1224 4346 ,
1363 4335 1373 4344 .

343 4336 788 4418 (15)_'os_'m¢.'1x_1
847 4355 1034 4418 unum
1093 4336 1406 4418 conjungit
1461 4336 1554 4418 I‘sa
1632 4351 1764 4418 ξεν,
1817 4339 1920 4418 23':

273 4403 474 4489 Ἐγὼῖ)
501 4414 653 4489 Θεὸς,
697 4409 786 4489 καὶ
846 4409 968 4489 οὐκν
1004 4405 1143 4461 ἔστιν
1202 4403 1374 4489 ᾅλλρς
1412 4403 1582 4489 *πλὴν
1633 4403 1789 4489 ἐμοῦ·
1843 4403 1925 4459 δέ-

270 4475 424 4545 καίος
456 4486 545 4538 καὶ
597 4475 780 4552 σωτήρ
814 4479 914 4534 οὐκ
943 4475 1052 4534 ἔστι
1094 4479 1258 4552 παρὲξ
1303 4475 1458 4552 ἐμοῦ”
1520 4479 1591 4530 Et
1642 4479 1809 4552 Rom.
1843 4495 1921 4546 lx,

274 4556 474 4630 142Μὴ
535 4548 910 4630 ἀδικία”παρά
966 4548 1265 4630 τῷ-Θεῷς
1331 4548 1404 4630 ιιὴ
1457 4549 1717 4619 γενοιτοί
1776 4550 1915 4630 Quin

272 4621 564 4692 Clemens,
598 4633 663 4682 ut
711 4621 887 4702 etiam
945 4623 1120 4702 paulo
1179 4621 1452 4702 superius
1500 4621 1913 4702 memorata

275 4699 590 4769 Scriptura:
622 4699 770 4764 loca,
804 4695 1149 4766 imperfecte
1179 4699 1239 4748 et
1267 4699 1549 4763 tanquam
1572 4707 1602 4746 e
1634 4695 1925 4747 memoria

274 4771 392 4824 reci
405 4775 504 4824 tat.

353 4843 464 4912 (i6)
514 4836 800 4911 Λατρεύειν
860 4836 1006 4912 αὖτῴ
1038 4833 1239 4912 ’μόνῳπ
1298 4835 1572 4912 Deut}:
1634 4831 1920 4912 ᾼατρεύειν

276 4903 469 4983 Καρίῳ
513 4903 806 4987 ivisse.-
870 4903 1315 4987 δεειιλαῖρειεειν
1377 4903 1925 4987 asumma:

277 4975 403 5038 tum
437 4975 526 5037 est
557 4975 626 5035 ex
649 4975 848 5034 Matth.
882 4998 956 5047 ιν,
993 4982 1057 5032 10
1082 4997 1094 5047 ;
1123 4975 1259 5032 Luc.
1290 4993 1367 5047 ιν,
1392 4978 1444 5043 8,
1469 4975 1560 5030 vel
1591 4976 1707 5032 alio
1741 4977 1921 5032 simili

271 5054 425 5109 loco.

296 5072 450 5197 0fici)
479 5123 584 5176 Τοῦ
616 5119 749 5197 τὴν.
777 5116 1014 5197 ἐξουσίαν
1045 5116 1309 5197 ’ἤχέοντος
1363 5114 1580 5197 ἑλέσθαι
1609 5117 1709 5184 τήν
1739 5138 1921 5188 σωτη-

267 5189 406 5270 ρίαν.
434 5189 836 5270 ’ῼοωωεῐξοη
863 5189 1063 5270 "istud
1120 5189 1469 5270 Clementis“
1500 5194 1608 5256 est,
1670 5206 1914 5247 enarra-

265 5259 444 5324 tionis
475 5267 604 5321 loco
637 5259 828 5317 verbis
861 5261 1072 5330 Moysis
1095 5267 1404 5315 attextum.
1440 5260 1710 5315 SYLBURG.

337 5342 448 5410 (18)
481 5334 632 5393 Μετὰ
688 5335 842 5408 φωνῆ
877 5326 1151 5402 εὔχεσθαι.
1201 5331 1365 5386 Conf.
1415 5331 1675 5386 secunda
1721 5334 1904 5390 Persii

267 5418 718 5553 δδίῖξῖᾉικαίας.
751 5473 993 5529 Persius
1026 5475 1240 5542 satyrae
1265 5470 1393 5541 jam
1424 5471 1597 5527 dictae
1619 5490 1672 5527 v-
1703 5477 1734 5528 6
1761 5494 1774 5530 ;

329 5623 495 5679 Haud
523 5618 698 5677 cuivis
718 5623 1040 5688 promptum
1088 5619 1188 5680 est,
1247 5627 1602 5688 murmurque
1657 5614 1914 5672 humiles-

1535 5697 1639 5752 que
1665 5699 1916 5744 susurros

2102 3695 2311 3749 Tollere
2341 3695 2409 3749 de
2439 3696 2675 3766 templis,
2701 3703 2750 3751 et
2783 3705 2976 3766 aperto
3001 3698 3184 3754 vivere
3211 3706 3356 3754 voto.

2101 3769 2248 3820 Mens
2280 3767 2436 3834 bona,
2493 3770 2668 3835 fama,
2716 3769 2868 3837 ﬁdes,
2927 3770 3037 3825 haec
3091 3771 3256 3839 clare,
3308 3777 3453 3913 et[2}:t
3481 3773 3683 3828 audiat

3431 3859 3601 3912 ospes.

3431 3859 3601 3912 ospes.

2101 3909 2207 3963 Illa
2254 3910 2358 3964 sibi
2414 3911 2727 3979 introrsum,
2803 3918 2854 3966 et
2908 3913 3004 3966 sub
3056 3914 3249 3982 lingua
3314 3909 3626 3969 murmurat
3658 3931 3679 3971 :

3467 3986 3533 4056 [Ο
3560 3989 3610 4040 si

2101 4052 2309 4106 Ebullil
2332 4055 2526 4121 patrui
2548 4054 2880 4122 praclarum
2908 4057 3075 4122 funus
3101 4057 3122 4109 Ι
3150 4062 3217 4120 et,
3254 4072 3283 4109 ο
3311 4058 3360 4110 si

2104 4123 2215 4176 Sub
2245 4131 2422 4177 rastro
2455 4131 2634 4193 crepet
2666 4128 2886 4193 argenti
2913 4127 3048 4180 mihi
3076 4129 3241 4193 seria,
3274 4129 3471 4181 dextro

2101 4194 2386 4248 Hercule!
2429 4196 2775 4264 pupillumve
2825 4198 3061 4265 utinam,
3119 4214 3278 4267 quem
3316 4200 3610 4268 promimus

3503 4271 3681 4327 haeres

2102 4335 2349 4404 Impello,
2372 4352 2840 4406 expunguam.....
3477 4270 3496 4342 [

2101 4407 2213 4480 (20)
2245 4406 2393 4460 Κατὰ
2425 4427 2609 4480 καιρον
2642 4426 2736 4480 πρ.
2770 4411 3031 4465 Stromat.
3065 4427 3158 4465 VII.
3193 4412 3364 4466 GRAB.

2128 4480 2217 4552 21)
2250 4481 2417 4550 Ἔργα
2469 4481 2790 4552 κεκραγότα.
2826 4482 2958 4536 Haec
3015 4481 3190 4536 verba
3238 4499 3358 4537 non
3418 4482 3677 4540 invenio.

2027 4549 2325 4602 Malorum
2346 4549 2591 4619 operum
2623 4549 2694 4606 ad
2728 4555 2912 4606 Deum
2945 4553 3236 4608 vindicem
3286 4553 3680 4609 clamantium

2027 4621 2299 4698 meminit
2334 4621 2584 4698 Jacobus
2636 4641 2843 4698 cap._v,
2877 4625 2945 4698 4,7
2965 4629 3022 4679 et
3076 4625 3284 4698 Abelis
3333 4626 3572 4698 sanguis
3603 4626 3680 4698 ad

2037 4691 2310 4745 eumdem
2344 4691 2630 4748 clamasse
2659 4691 2875 4750 dicitur
2919 4697 3128 4750 Genes.
3162 4713 3234 4761 ιν,
3266 4696 3351 4750 10.
3386 4691 3566 4752 Pdrro
3618 4697 3684 4752 in

2034 4762 2126 4829 iis,
2163 4771 2674 4837 quassequuntur,
2707 4773 2913 4837 auctor
2933 4767 3228 4837 respicere
3251 4766 3480 4822 videtur
3507 4769 3682 4823 Rom.

2033 4836 2230 4928 £1113
2261 4852 2275 4890 :
2307 4833 2414 4928 'Q‘Cn
2449 4833 2735 4928 ἐονῆίὶμέρᾳ.ι
2770 4833 3135 4928 εὐσχημόνως
3157 4840 3682 4928 νπεριπατήσωμεν.

2032 4905 2232 4985 Matth.
2268 4908 2418 4985 ν,,16
2447 4923 2459 4960 :
2502 4905 2657 4985 Οὲτω
2695 4905 3409 4985 ’λαμψάτωβτὸηφῶς-ὗμῶν
3443 4905 3685 4985 *ἔμπρο-

2034 4974 2500 5055 σθεν-ἀνθρώπων,
2536 4978 2685 5040 ὅπως
2743 4974 2928 5034 ἴδωσιν
3199 4981 3266 5035 τὰ
3293 4974 3465 5055 ’καλὰ
3501 4974 3679 5055 ’ἔργαο

2033 5063 2098 5102 ac
2130 5047 2446 5136 dein‘forte
2484 5052 2594 5136 lsa‘.
2629 5068 2762 5136 an,
2797 5057 2855 5136 11
2887 5071 2899 5107 :
2955 5047 3096 5136 Ἰἢδξοὺ
3129 5053 3156 5106 ὁ
3179 5053 3390 5136 ’Σωτῄρ
3439 5073 3522 5106 σοι
3548 5047 3683 5136 χτξαε

2033 5115 2504 5206 ραγέγονενηέχων
2536 5121 2627 5206 τὸν
2662 5115 2852 5176 ἑαυτοῦ
2887 5123 3196 5196 μισθὸν,καὶ
3227 5124 3286 5178 τὸ
3316 5115 3477 5199 ἔργον
3507 5124 3681 5179 αὐτοῦ

2034 5191 2139 5262 πρὸ
2170 5191 2468 5262 προσώπου
2499 5191 2682 5247 αὐτοῦ.

2109 5264 2218 5340 (2.2)
2254 5262 2501 5340 Donasti.
2536 5265 2856 5319 Homerum
2905 5266 3201 5340 praecipue
3246 5267 3544 5340 intelligit,
3579 5271 3686 5340 qui

2037 5333 2312 5408 epithetis
2342 5351 2376 5389 a
2405 5335 2707 5390 Clemente
2763 5333 3107 5392 memoratis
3154 5339 3318 5393 Iliad.
3372 5333 3518 5404 B,'v.
3553 5333 3684 5408 632,

2159 5421 2170 5457 :
2197 5408 2262 5469 A,
2297 5408 2437 5480 261i;
2498 5408 2560 5460 Η.
2597 5409 2702 5480 4-7ς
2764 5409 2951 5478 Odyss.
2987 5409 3052 5475 N,
3085 5410 3193 5475 89;
3251 5409 3416 5464 Iliad.
3448 5413 3515 5476 A,
3553 5406 3682 5480 131,

2029 5475 2460 5548 aliisquelocis
2492 5478 2714 5548 passim
2745 5475 2886 5548 usus
2926 5484 3032 5532 est.

2099 5547 2317 5623 (23_)_T_6
2345 5547 2463 5623 κατ’
2492 5546 2682 5623 εἰκόνα
2709 5547 2826 5623 ,καὶ
2874 5549 3164 5623 ὁμοίωσιν.
3224 5552 3482 5623 Respicit
3531 5552 3686 5607 Gen.

2027 5619 2136 5694 2_6:_
2191 5619 2293 5694 Καὶ
2354 5618 2497 5694 εἶπεν
2544 5619 2572 5673 6
2615 5617 2780 5694 Θεός·Δ
2825 5617 3154 5694 Ποίῄσωμεν
3217 5617 3501 5694 ἄνθρωπον
3562 5624 3692 5679 κατ’

2024 5684 2208 5742 εἰκόνα
2237 5689 2507 5765 ἡμετέραν
2539 5690 2632 5744 καὶ
2664 5691 2782 5746 καθ’
2815 5684 3104 5766 ὁμοίωσιν.
