4456 6564
350 485 418 545 l3
1435 482 1713 539 ΝΟΤΙΤΙΛ
1743 479 2597 538 lilSTORlCO-LITTERARIA.
3542 483 3606 537 id

417 610 473 666 5.
518 608 641 663 Τῶν
675 603 824 659 κατὰ
867 603 981 672 τὴν
1018 605 1211 676 ἀληθῆ
1251 577 1621 677 φιλοσοφίαν
1662 606 1928 657 Γνωστι-
1958 603 2177 665 Aloco:

1852 621 1928 657 τι-
1958 607 2009 665 Α
2032 603 2156 661 loco
2175 604 2452 673 illius,qui
2473 603 2634 660 hodie
2646 604 2915 674 sequitur,
2935 605 3105 657 octavi
3128 604 3275 670 lilm',
3303 605 3356 657 in
3380 606 3612 674 quibus-

347 699 470 755 κῶν
530 694 1012 768 ὑπομνημάτων,
1081 697 1449 770 Σζρωματεῖς
1506 696 1564 750 H'
1625 698 1770 765 (libri
1830 715 1926 751 vtit

350 793 575 862 Strom.)
595 792 732 862 (18),
751 791 866 846 sive.
892 790 1382 856 Miscellaneorum,
1409 790 1701 846 Guosticas
1730 806 1928 845 secun-

348 887 480 940 dum
528 898 716 937 veram
766 885 1172 958 philosophiam
1221 883 1720 940 commentationes
1777 898 1927 938 com-

347 974 701 1044 plectentium
734 954 875 1033 :bic
920 954 1069 1034 enim
1103 975 1296 1031 titulus
1343 975 1530 1043 operis
1577 975 1720 1045 apud
1754 975 1923 1032 Euse-

345 1067 521 1131 bium,
549 1085 627 1134 vt,
657 1069 744 1137 15,
775 1069 958 1137 Hist.;
991 1070 1269 1134 Pliotium,
1301 1068 1424 1122 cod.
1452 1083 1565 1134 cxi,
1596 1078 1650 1123 et
1677 1069 1925 1127 Clemen-

345 1172 454 1218 tem
488 1163 668 1233 ipsum
703 1165 762 1220 in
795 1174 1041 1221 extremo
1067 1163 1230 1218 librit
1263 1171 1316 1216 et
1352 1177 1446 1226 tu,
1482 1177 1605 1232 pag.
1631 1165 1757 1232 557,
1792 1168 1921 1233 475,

344 1267 399 1310 et
430 1255 587 1311 initio
617 1259 739 1315 libri
775 1278 863 1325 vr,
900 1277 1024 1330 pag.
1063 1259 1190 1313 616.
1235 1258 1548 1313 Alexandro
1599 1260 1921 1331 inscriptum

343 1363 469 1405 esse
500 1350 606 1407 hoc
644 1368 783 1423 opus
814 1368 844 1406 a
876 1352 1154 1407 Clemente
1177 1392 1191 1415 ,
1228 1350 1486 1404 observat
1517 1350 1819 1417 Meursius,
1855 1353 1923 1408 ad

345 1435 588 1496 Palladii
624 1442 969 1505 Lausiacam,
1005 1456 1128 1510 pag.
1176 1440 1316 1506 2M,
1371 1457 1437 1495 ex
1491 1438 1540 1496 Ι.
1596 1442 1921 1499 Damaseeui

344 1529 439 1588 lib.
473 1550 535 1588 tit
596 1534 673 1587 De
704 1534 966 1587 adorand.
994 1532 1315 1601 imaginibus
1339 1548 1357 1584 :
1396 1534 1503 1587 Τόῦ
1529 1535 1923 1604 ἀρχαιοτάτου

343 1623 689 1692 Κλήμεντος
739 1626 889 1694 πρὸς
952 1624 1351 1691 Ἀλέξανδρον
1403 1626 1470 1679 ἐκ
1511 1626 1617 1680 τοῦ
1668 1628 1922 1697 ἑϐδόμου

337 1715 581 1778 ,βιϐλίου
616 1717 734 1772 τῶν
778 1715 1190 1785 Στρωμιιτέων.
1234 1718 1599 1775 Alexandrum
1659 1721 1924 1790 intelligat

344 1806 545 1876 aliquis
599 1809 751 1863 illum
800 1824 865 1861 ex
915 1807 1218 1863 Clementis
1267 1810 1517 1866 auditore
1561 1812 1923 1882 Cappadocia)

344 1905 507 1967 atque
560 1900 753 1954 deinde
804 1897 1363 1969 Hierosolymitanum
1416 1903 1772 1972 episcopum,
1829 1905 1917 1957 cui

341 1987 542 2043 librum
579 1991 657 2043 De
687 1988 976 2043 rationibus
1006 1988 1192 2041 eccles.
1230 1989 1528 2059 inscripsit,
1566 2000 1704 2047 teste
1748 1992 1919 2046 Euse-

340 2079 455 2145 bio,
484 2097 561 2145 vi,
596 2082 685 2143 15,
720 2089 774 2135 et
807 2080 875 2135 de
917 2096 1026 2150 quo
1063 2082 1288 2137 videnda
1320 2085 1452 2137 Acta
1496 2084 1817 2138 Sanctorum
1851 2084 1918 2137 ad

341 2170 486 2227 diem
522 2188 657 2226 ινιιι
687 2170 887 2226 Martii.
923 2170 1030 2227 Sed
1060 2172 1366 2237 Reinesius,
1421 2176 1516 2229 lib.
1551 2192 1566 2228 ι
1614 2176 1739 2229 Var.
1769 2176 1916 2242 lect.,

338 2288 390 2327 c.
457 2273 565 2337 22,
627 2288 749 2344 pag.
802 2274 902 2338 92,
970 2276 1284 2344 suspicatur
1341 2276 1742 2331 Damascenum
1807 2294 1916 2331 non

338 2366 633 2435 scripsisse
674 2366 825 2433 πρὸς
867 2366 1093 2431 Ἀλέξ.,
1126 2370 1217 2421 sed
1246 2369 1456 2436 :rpw6.
1521 2367 1713 2432 Ἀλεὸς.
1771 2366 1921 2423 Scri-

336 2467 490 2528 ptum
520 2465 607 2513 est
662 2458 769 2512 hoc
800 2472 939 2526 opus
967 2470 1089 2527 post
1129 2458 1490 2514 Commodum
1535 2462 1819 2525 (extremo
1850 2461 1914 2515 A.

335 2550 399 2604 C.
436 2549 576 2619 192)
607 2548 925 2604 defunctum
966 2551 1098 2617 (lib.
1139 2567 1153 2604 ι
1188 2550 1411 2617 Strom.,
1450 2567 1570 2621 pag.
1604 2552 1753 2620 556),
1790 2567 1913 2605 cum

334 2642 592 2700 Clemens
625 2644 807 2699 aetatis
840 2644 1104 2699 indeﬂexa
1146 2645 1325 2698 adhuc
1359 2646 1676 2699 maturitate
1708 2646 1915 2715 gaude-

334 2747 459 2803 ret;
491 2752 663 2806 quare
690 2753 729 2800 ι,
762 2752 886 2807 pag.
920 2735 1045 2800 274,
1081 2736 1178 2798 ait,
1218 2751 1275 2790 se
1304 2735 1703 2805 ὑπομνήματα
1726 2736 1917 2802 ἑαυτῷ

333 2831 422 2895 εις
450 2826 639 2898 γῆρας
669 2825 1067 2895 θησαυρίζειν.
1105 2826 1333 2881 Codices
1367 2827 1515 2881 illius
1549 2842 1679 2881 mss.
1717 2836 1918 2896 praeter

335 2920 666 2984 Mediceum,
689 2936 718 2974 e
747 2935 858 2989 quo
885 2918 1198 2971 Florentina
1226 2918 1394 2971 editio
1425 2918 1582 2972 initio
1606 2919 1724 2971 libri
1753 2920 1915 2987 primi

334 3014 529 3066 mutila
563 3013 843 3082 proﬂuxit,
881 3012 967 3065 vix
1004 3028 1233 3080 usquam
1267 3019 1515 3074 exstare,
1555 3021 1708 3064 notat
1741 3010 1917 3065 Mont-

336 3107 609 3161 fauconus
633 3107 685 3160 in
708 3106 893 3159 Diario
920 3104 1133 3167 Italico,
1155 3120 1208 3173 p.
1229 3104 1296 3157 64
1333 3103 1406 3175 [et
1428 3106 1479 3157 in
1499 3104 1639 3157 Bibl.
1670 3105 1912 3160 bibliom.

338 3212 469 3249 mss.
512 3205 552 3249 t.
585 3196 641 3258 l,
671 3212 794 3265 pag.
831 3197 983 3269 480],
1023 3198 1115 3250 tibi
1150 3206 1405 3264 excerpta
1460 3197 1670 3264 prolixa
1701 3212 1763 3249 ex
1797 3198 1917 3251 Cle-

2029 696 2153 751 dam
2184 696 2471 752 codicibus
2499 695 2696 752 Photio
2715 696 2851 767 (l9),
2888 695 3014 750 cod.
3046 712 3153 763 cn,
3186 696 3360 763 leclis,
3386 705 3610 752 secutus

2029 802 2114 846 est
2141 790 2311 854 liber,
2347 790 2415 844 de
2445 805 2555 860 quo
2584 805 2710 845 mox
2750 790 2952 854 dicam,
3004 787 3137 853 Quis
3166 790 3309 843 dives
3340 789 3609 844 salvetur:

2029 883 2123 938 alii
2155 890 2362 949 tamen,
2396 898 2538 952 quos
2577 882 2723 936 idem
2754 880 2893 933 vidit
2924 878 3190 947 Pbotius,
3240 881 3393 935 hunc
3429 882 3609 951 ipsum

2027 985 2283 1031 octavum
2318 976 2519 1030 librum
2555 974 2887 1041 habuerunt,
2942 980 3110 1043 atque
3141 976 3194 1027 in
3225 975 3331 1028 hoc
3352 989 3474 1045 pag.
3508 974 3613 1029 785

2027 1079 2246 1125 exstant
2282 1069 2477 1133 verba,
2511 1082 2635 1136 qua:
2667 1066 3006 1121 Clementem
3056 1066 3443 1136 philosOplium
3491 1067 3613 1121 lau-

2026 1162 2166 1217 dans
2189 1162 2396 1231 profert
2431 1158 2989 1230 Pseudo-Dionysius,
3018 1175 3070 1215 c.
3096 1159 3129 1213 5
3163 1160 3284 1213 libri
3317 1159 3393 1213 De
3414 1159 3611 1213 divinis

2029 1255 2329 1309 nominibus
2354 1294 2368 1317 ,
2406 1263 2468 1307 ut
2506 1253 2823 1307 Albertinus
2869 1253 3072 1317 etiam,
3115 1266 3238 1321 pag.
3272 1251 3379 1305 266
3430 1253 3613 1320 operis

2030 1350 2106 1402 De
2153 1348 2501 1401 Eucharistia
2546 1346 2879 1401 observavit.
2927 1345 3064 1400 Octo
3108 1344 3442 1400 Stromatum
3484 1344 3612 1399 Cle—

2028 1440 2230 1496 mentis
2262 1440 2431 1493 libros
2477 1440 2728 1507 legerunt
2760 1439 2926 1492 etiam
2962 1438 3231 1493 Eusebius
3281 1446 3446 1507 atque
3488 1438 3613 1493 llie—

2026 1548 2312 1603 ronymus.
2348 1530 2519 1586 Porro
2546 1532 2685 1586 liber
2722 1533 2823 1588 iste
2857 1541 3104 1595 octavus,
3137 1533 3229 1601 qui
3259 1540 3457 1595 exstat,
3484 1549 3610 1585 eum

2027 1630 2306 1699 prioribus
2340 1639 2545 1700 septem
2579 1631 2715 1684 nihil
2771 1630 2936 1685 habet
2968 1644 3297 1697 commune;
3342 1629 3434 1683 sed
3465 1638 3613 1681 totus

2025 1724 2095 1778 de
2124 1723 2614 1785 demonstratione,
2650 1724 2969 1778 definitione
2990 1766 3004 1787 ,
3040 1722 3310 1777 divisione
3348 1730 3403 1777 et
3426 1722 3612 1776 causis

2026 1814 2316 1870 dialectico
2350 1830 2505 1869 more
2546 1814 2807 1882 disputat.
2853 1815 3117 1868 Eumdem
3156 1826 3336 1869 tamen
3372 1828 3473 1869 nos
3515 1814 3613 1867 ha-

2027 1908 2179 1973 bere,
2216 1924 2384 1979 quam
2413 1908 2543 1962 olim
2580 1908 2711 1977 legit
2765 1908 3014 1970 Photius,
3048 1922 3159 1960 non
3204 1907 3428 1971 dubito,
3483 1907 3613 1960 lieet

2024 2002 2170 2055 aliud
2200 2001 2403 2055 sentire
2434 2001 2648 2054 videam
2685 1998 2980 2053 Nourrium
3004 2039 3017 2062 ,
3056 2013 3179 2068 pag.
3214 1998 3382 2062 1289,
3416 1998 3511 2066 qui
3557 1999 3611 2050 in

2023 2108 2089 2147 eo
2128 2095 2294 2148 etiam
2345 2093 2591 2158 fallitur,
2620 2093 2794 2162 quod,
2825 2108 2949 2161 quze
3001 2092 3069 2146 de
3126 2092 3379 2146 doctrina
3415 2106 3611 2161 parum

2025 2200 2159 2240 sana
2200 2185 2431 2239 Photius
2468 2195 2657 2249 notat,
2698 2186 2765 2239 de
2798 2194 2994 2239 octavo
3028 2185 3131 2239 hoc
3177 2186 3319 2240 libro
3364 2187 3610 2254 accepit,

2024 2291 2150 2329 cum
2184 2276 2251 2329 de
2281 2284 2396 2329 toto
2442 2274 2775 2329 Stromatum
2807 2290 2973 2343 opere
3001 2277 3145 2330 istud
3180 2277 3270 2330 ille
3303 2277 3609 2344 scripserit.

2026 2366 2146 2421 Non
2174 2367 2448 2436 integrum
2473 2382 2627 2431 vero,
2659 2365 2753 2419 sed
2786 2364 3166 2434 imperfectum
3191 2366 3256 2419 ad
3282 2380 3384 2420 nos
3411 2367 3609 2420 librum

2026 2459 2262 2523 huncce,
2292 2460 2385 2527 qui
2418 2466 2649 2511 octavus
2684 2457 3028 2523 inscribitur,
3067 2459 3403 2525 pervenisse,
3440 2457 3616 2511 liben-

2026 2555 2134 2606 tius
2166 2553 2440 2606 assentior
2471 2550 2845 2615 Tillemontio,
2878 2560 3011 2604 tom.
3063 2550 3125 2602 111
3165 2550 3387 2604 Mentor.
3422 2552 3611 2605 histor.

2023 2646 2237 2710 eccles.,
2273 2662 2328 2714 p.
2359 2645 2487 2709 518,
2524 2645 2650 2699 524.
2684 2643 2843 2709 Quod
2875 2658 3006 2697 vero
3034 2642 3327 2707 Nourrius,
3364 2658 3417 2712 p.
3450 2644 3611 2710 1508,

2022 2753 2089 2792 ex
2121 2737 2324 2792 Catena
2356 2753 2456 2791 ms.
2484 2738 2537 2789 in
2569 2736 2791 2789 Genesin
2818 2743 2993 2800 notat,
3022 2735 3091 2789 ab
3113 2736 3313 2789 Acacio
3346 2735 3614 2791 Caesarea:

2024 2831 2080 2884 in
2110 2829 2402 2884 Palaestina
2446 2829 2707 2898 episcOpo
2749 2828 2913 2882 citari
2948 2828 3112 2881 verba
3147 2844 3210 2882 ex
3251 2838 3450 2881 octavo
3491 2828 3615 2881 Cle-

2023 2924 2224 2977 mentis
2271 2920 2605 2975 Stromatum
2657 2920 2798 2974 libro
2853 2920 3180 2988 depcrdito,
3233 2920 3285 2973 id
3347 2921 3612 2988 ampliore

2024 3015 2465 3071 consideratione
2500 3015 2722 3084 dignum
2754 3022 2857 3067 est.
2895 3012 3075 3066 Verba
3122 3014 3236 3066 haec
3273 3021 3405 3067 sunt
3437 3031 3450 3067 :
3500 3014 3609 3067 Καὶ

2021 3107 2091 3160 ἐν
2130 3106 2211 3171 τῷ
2238 3106 2427 3175 ὀγδόῳ
2464 3105 2532 3158 δὲ
2561 3105 2895 3173 Στρωματεῖ
2938 3103 3139 3158 ἀθετεῖ
3174 3104 3288 3171 τὴν
3329 3105 3463 3173 περὶ
3506 3108 3611 3159 τοῦ

2022 3199 2290 3266 προεῖναι
2315 3198 2422 3264 τὰς
2450 3198 2658 3265 ψυχὰς
2692 3195 2882 3259 δόξαν
2917 3195 3195 3262 (Cassiani
3234 3205 3395 3265 puta,
3443 3214 3607 3268 quam

337 3288 537 3340 mentis
568 3285 854 3341 Stromatis
882 3289 934 3341 in
969 3289 1155 3342 codice
1195 3288 1522 3359 bombycino
1591 3290 1773 3342 sreculi
1807 3306 1916 3355 xiv,
1950 3299 1992 3356 ί]
2029 3306 2089 3344 in
2135 3290 2362 3353 Strom.,
2406 3307 2460 3359 p.
2494 3290 2630 3355 466,
2665 3288 3076 3343 confutaturum
3122 3304 3180 3343 se
3227 3290 3603 3359 promiserat,)

336 3376 578 3434 Venetiis
601 3380 741 3450 apud
777 3381 1074 3434 Antonium
1115 3381 1431 3450 Capellum,
1484 3382 1773 3451 patricium
1816 3380 1917 3438 Ve-

334 3480 547 3537 netum,
585 3474 854 3539 reperisse
901 3490 959 3527 se
992 3474 1176 3537 refert,
1206 3490 1312 3528 una
1363 3490 1487 3529 cum
1521 3476 1800 3529 nonnullis
1848 3492 1911 3529 ex

336 3563 669 3632 Pretreptico
726 3575 780 3619 et
833 3564 1150 3634 Pwdagogo.
1206 3566 1666 3621 Claromontanus
1722 3583 1914 3623 recens

333 3658 526 3719 codex,
562 3656 718 3725 cujus
743 3654 1030 3721 Nourrius,
1065 3672 1185 3725 pag.
1222 3656 1347 3718 896,
1376 3658 1641 3721 meminit,
1679 3674 1707 3710 e
1742 3657 1913 3711 Medi-

335 3763 433 3801 ceo
466 3747 775 3815 descriptus
808 3748 1043 3809 videtur,
1083 3762 1259 3815 neque
1292 3749 1399 3801 alio
1420 3790 1434 3813 ,
1474 3764 1537 3802 ac
1570 3748 1910 3814 Florentino,

337 3840 417 3893 usi
467 3849 596 3893 sunt
643 3841 913 3909 interpres
966 3846 1193 3907 uterque
1250 3838 1475 3893 Strozza
1517 3848 1571 3894 et
1626 3840 1912 3898 llervetus.

336 3930 559 3985 Librum
590 3934 882 4000 septimum
913 3931 1120 3985 claudit
1154 3931 1405 3986 Clemens
1438 3933 1522 3988 his
1550 3935 1731 3989 verbis
1761 3952 1773 3984 :
1802 3936 1913 3990 Καὶ

332 4024 409 4090 δὴ
438 4018 589 4087 μετὰ
612 4016 717 4071 τὸν
742 4018 994 4089 ἕϐδομον
1021 4020 1235 4073 τοῦτον
1262 4021 1404 4088 ἡμῖν
1429 4022 1773 4089 στρωματέα
1798 4022 1917 4076 τῶν

332 4115 477 4184 ἑξῆς
504 4117 604 4169 ἀπ’
629 4114 824 4181 ἄλλης
848 4109 1041 4182 ἀρχῆς
1069 4113 1435 4180 ποιησόμεθα
1463 4113 1569 4165 τὸν
1596 4117 1800 4184 λόγον.
1848 4114 1915 4167 At

402 4298 515 4367 (18)
555 4298 828 4359 Clemens,
863 4310 879 4347 t
918 4294 1151 4367 Strom.,4
1170 4310 1287 4364 pag.
1322 4293 1476 4367 2785
1499 4293 1821 4367 I_I_eptéEoo_ot
1857 4295 1911 4347 δὲ

329 4372 375 4422 οἱ
406 4362 769 4437 Στρωματεῖς
806 4362 1383 4437 ἀναμεμιγμένηνίτὴν
1428 4362 1685 4437 domum;
1713 4364 1914 4437 (Clyti-

330 4432 578 4493 summa
602 4438 752 4506 putat
774 4438 889 4498 τοῖς
913 4432 1227 4506 φιλοσοφεαᾴ
1255 4432 1747 4506 δόγμαοιέειρξιε.
1772 4434 1908 4488 279:

329 4510 527 4562 Σιωπῶ
556 4503 665 4578 γὰρ
696 4510 780 4560 ὅτι
811 4508 860 4578 cl
894 4505 1258 4578 Στρωματεῖς
1290 4508 1353 4578 τῇ
1389 4503 1704 4578 πολυμαθία
1727 4521 1913 4578 atqua-

327 4561 701 4647 τοποιούᾴεὖοι
723 4561 985 4657 κρύπτε.ιῇ
1006 4561 1265 4645 ὲῦτέχνως
1291 4561 1475 4657 τᾶ-ἷῇς
1508 4561 1761 4657 Ὧδέῦςείες
1788 4574 1910 4655 βορ-

2018 3380 2213 3452 λέτων
2238 3382 2451 3447 αὑταῖς
2476 3381 2606 3446 ταῖς
2625 3380 2895 3445 λέξεσιν-
2924 3400 2942 3431 ι
2966 3381 3027 3433 '0
3046 3379 3191 3445 Θεὸς
3219 3379 3377 3449 ἡμᾶς
3403 3382 3611 3449 ἐποίη-

2018 3488 2130 3527 σεν
2156 3476 2227 3526 οὐ
2270 3474 2589 3541 προόντας.
2635 3469 2858 3541 Ἐχρῆν
2896 3471 3007 3541 γὰρ
3045 3473 3143 3525 καὶ
3181 3471 3401 3525 ειδέναι
3453 3473 3613 3543 ἡμᾶς

2016 3565 2084 3618 τὸ
2125 3566 2241 3620 ποῦ
2290 3562 2443 3635 ἦμεν
2470 3566 2570 3618 καὶ
2624 3563 2930 3633 προῆμεν,
2984 3565 3081 3618 καὶ
3134 3564 3257 3630 πῶς
3288 3566 3385 3619 καὶ
3412 3566 3511 3622 διὰ
3555 3567 3614 3621 τί

2016 3657 2194 3726 δεῦρο
2233 3657 2478 3727 ἥκομεν.
2510 3661 2580 3711 Ei
2607 3657 2675 3709 δὲ
2702 3659 2775 3711 οὐ
2818 3655 3119 3725 προῆμεν,
3170 3655 3277 3724 τῆς
3320 3657 3610 3727 γενέσεως

2016 3750 2186 3819 ἡμῶν
2203 3752 2392 3820 μόνος
2416 3750 2605 3815 αἴτιος
2630 3753 2662 3803 ό
2689 3749 2851 3814 Θεὸς,
2872 3749 2939 3813 ὃς
2964 3751 3073 3800 οὐκ
3101 3748 3280 3814 ὄντας
3297 3750 3608 3817 ἐποίησεν,

2017 3843 2208 3909 οὕτως
2235 3843 2333 3896 καὶ
2370 3842 2731 3912 γενομένους
2772 3839 2960 3900 σώζει.
3007 3841 3069 3892 '0
3107 3840 3177 3892 δὲ
3215 3840 3357 3908 τοὺς
3393 3842 3607 3913 δερμα-

2018 3937 2187 4003 τίνας
2209 3934 2463 4006 χιτῶνας
2488 3935 2557 3988 τὰ
2575 3932 2833 4001 αἰσθητὰ
2856 3932 3051 4002 λέγων
3077 3931 3343 4003 σώματα,
3370 3936 3609 4005 πάντως

2017 4046 2135 4082 που
2165 4028 2263 4082 καὶ
2296 4026 2363 4080 τὸ
2393 4028 2585 4091 ξύλον
2613 4023 2721 4093 τῆς
2759 4023 2905 4093 ζωῆς
2942 4025 3235 4093 αἰσθητὸν
3269 4024 3426 4082 εἶναι
3466 4034 3605 4099 ὀμο-

2016 4122 2284 4192 λογήσει·
2308 4121 2457 4191 μετὰ
2484 4120 2627 4185 τοὺς
2655 4119 2908 4189 χιτῶνας
2943 4118 3053 4189 γὰρ
3085 4118 3333 4188 εἴρηται,
3360 4122 3605 4190 Μήποτε

2017 4295 2102 4347 rbi
2141 4292 2506 4361 Στρωματεῖς
2536 4289 2827 4361 Eusebius.
2870 4306 2885 4342 ι
2927 4287 3329 4361 Ρνατρηταιη-(ξ.
3361 4292 3412 4352 4,
3450 4291 3503 4352 5,
3550 4303 3605 4345 et

2018 4359 2324 4431 Lamprias‘,
2352 4363 2404 4414 in
2434 4361 2699 4432 Catalogo
2724 4360 2844 4425 ejus
2875 4359 3603 4432 scriptorum.ri’ideturque

2017 4428 2367 4487 Plutarchum
2399 4448 2461 4483 ac
2494 4430 2805 4499 Caesellium
2831 4430 3101 4499 respicere
3145 4428 3375 4488 Gellius.
3405 4428 3600 4499 Στρω-

2009 4504 2217 4573 ματεῖς
2246 4516 2562 4573 memorans
2595 4502 2645 4551 iu
2675 4498 2883 4567 praefat.
2922 4498 3525 4573 Noctiumdtticaruni.

2087 4574 2199 4643 (l9)
2242 4572 2514 4631 Pliotius,
2584 4580 2873 4643 postquam
2947 4570 3362 4643 inscriptionem
3420 4575 3603 4640 operis

327 4649 511 4703 λονται
546 4640 855 4719 (saepem.
888 4646 1005 4719 Lib.
1049 4640 1159 4704 vit,
1191 4640 1485 4719 pag._'_i67:
1522 4640 1902 4719 Οὗτ’-οὖκθ’τῆς
1941 4644 1981 4696 D
2012 4646 2087 4719 int

1842 4646 1902 4713 ἧς
1941 4644 1981 4696 D
2014 4640 2279 4719 integram
2301 4642 2551 4719 invetere
2569 4640 3411 4719 quodamcfeniplariiepertarn
3436 4644 3602 4719 Τίτου

327 4719 555 4783 τάξεως,
591 4715 713 4771 οὔτε
756 4720 853 4787 τῆς
892 4717 1142 4786 φράσεως
1185 4715 1531 4787 στοχάζονται
1562 4715 1907 4787 οἱ-Στρωμα-

326 4782 484 4853 τεῖς,
520 4805 611 4840 nec
642 4782 878 4840 ordinem
905 4782 1005 4839 nec
1050 4782 1333 4840 dictionem
1375 4792 1561 4838 curant
1601 4782 1900 4839 Stromata.

328 4851 465 4912 Vide
506 4867 559 4911 et
599 4859 691 4909 lib.
722 4873 797 4921 ιν,
830 4873 952 4926 pag.
998 4857 1136 4922 476,
1172 4858 1263 4911 ubi
1312 4872 1450 4926 opus
1492 4870 1653 4908 suum
1693 4855 1905 4926 confert
2001 4872 2088 4921 μν

1388 4872 1450 4926 us
1492 4870 1653 4908 suum
1693 4855 1905 4926 confert
2001 4854 2339 4926 ttiniyticwr_
2375 4852 2771 4926 Στρωματέῳν
2834 4859 2903 4914 α’,
2968 4851 3031 4919 β’,
3077 4858 3145 4926 γέ,

325 4928 708 5000 ἁπηνθισμὲνῃ
736 4924 1022 5000 προσῴρρᾷ
1054 4928 1169 4980 sive
1208 4924 1492 5000 εἰρεσιώνη
1531 4924 1783 5000 c_x_omni
1810 4941 1903 5000 ge:

326 4995 458 5055 nere
488 4995 879 5067 llnrtmratque
915 4995 1193 5051 fructuum
1233 4995 1506 5067 quondam
1528 4995 1901 5067 fAtlienis_soli

326 5073 561 5132 aliisque
591 5070 696 5121 diis
744 5066 912 5119 dicari
953 5067 1162 5131 solitae,
1207 5064 1275 5122 de
1314 5083 1421 5135 qua
1456 5065 1719 5118 videndus
1762 5064 1900 5119 Tlio.

326 5141 655 5200 Galakerus,
677 5140 729 5190 in
756 5136 1111 5197 Adversariis,
1143 5154 1265 5205 pag.
1285 5140 1411 5192 475.
1442 5136 1713 5190 Stromata
1737 5136 1903 5189 veluti

325 5230 353 5263 ιι
408 5212 773 5277 stragularum
822 5204 1055 5277 vestium
1098 5204 1249 5259 varie
1294 5216 1671 5261 contexlarum
1722 5206 1904 5277 colore

324 5275 614 5350 multiplici
647 5276 1250 5350 petito_nmnine_(vide
1283 5278 1777 5350 Casaubonu_ni,p.
1821 5275 1901 5340 15,

324 5354 377 5401 in
429 5343 778 5416 Athena-um)
836 5347 997 5401 Mich.
1052 5343 1302 5416 Neander
1350 5350 1528 5402 reddit.
1588 5343 1902 5411 Varietates,

314 5420 410 5473 J0.
450 5422 714 5475 Vindetus
768 5418 1046 5478 Centones,
1095 5415 1313 5486 Samuel
1358 5418 1600 5482 Potitus,
1643 5419 1707 5472 ad
1747 5417 1903 5486 Leges

320 5494 557 5553 Atticas,
594 5507 716 5559 pag.
758 5492 882 5553 145,
919 5487 1164 5541 Florida.
1195 5485 1469 5560 Mnttanus
1494 5489 1758 5560 Vayerus,
1796 5485 1832 5542 t.
1863 5490 1881 5541 1

320 5566 462 5630 (ipp.
488 5557 611 5632 pag.
661 5561 786 5625 559.,
820 5559 1159 5630 Tapisseries.
1190 5557 1287 5632 Ab
1316 5558 1410 5632 illo
1448 5557 1620 5632 Aopere
1652 5560 1906 5615 Clemens

320 5628 689 5695 Theodoreti),
716 5628 1046 5686 tiassiodnm
1069 5672 1081 5695 ,
1118 5637 1172 5683 et
1201 5628 1321 5682 aliis
1355 5628 1557 5682 dicitur
1585 5632 1613 5681 ὁ
1640 5633 1906 5700 Στρωμα-

324 5705 448 5767 τεός
496 5724 509 5758 :
558 5704 658 5755 etsi
706 5702 1004 5756 Clementis
1052 5701 1299 5769 exempla
1346 5700 1511 5751 etiam
1570 5702 1903 5768 discipulum

322 5777 498 5843 ipsius
558 5774 850 5839 Origenem
904 5789 937 5825 Χ
1000 5773 1169 5826 libros
1228 5770 1558 5843 Strontatum
1615 5773 1907 5843 scripsisse

319 5839 537 5901 (existat
557 5864 622 5900 ex
646 5845 1000 5915 Hieronymo,
1032 5844 1248 5915 llutino,
1271 5853 1373 5897 etc.
1396 5839 1573 5915 Atque
1595 5842 1903 5915 Caesellium

320 5915 643 5988 Vindicem,
689 5910 1109 5988 grammaticum
1156 5914 1447 5988 Latinum,
1492 5910 1904 5988 in__S!i:iiitatco

319 5986 506 6041 laudat
533 5982 869 6053 i’.iseianus,
910 5988 1002 6039 lib.
1039 6003 1111 6052 Vl,
1148 6002 1265 6056 pag.
1300 5985 1403 6041 685
1438 5994 1488 6039 et
1519 5984 1643 6039 696.
1682 5982 1901 6039 Plutar-

1990 4713 2254 4791 Φιξαϐίου
2270 4715 2377 4791 dii;
2386 4709 2661 4791 riget-Tag,
2685 4709 3093 4791 πρεσϐυτέρου
3124 4711 3599 4791 Ἀλεξαιὶὸρείας,

2006 4783 2125 4837 τῶν
2144 4783 2292 4835 κατὰ
2313 4781 2429 4847 τὴν
2454 4780 2653 4848 ἀληθῆ
2682 4781 3053 4850 φιλοσοφίαν
3080 4780 3428 4849 γνωστικῶν
3458 4786 3604 4837 ὐπο-

3196 4850 3258 4915 δ’,
3324 4859 3386 4916 ε’,
3442 4861 3515 4918 ς’,
3556 4854 3603 4919 ζ’

2010 4926 2102 4977 καὶ
2128 4922 2201 4995 η’,
2233 4924 2521 4995 indicarat,
2556 4924 2767 4995 pergit,
2798 4928 2995 4995 primos
3037 4922 3254 4995 quidem
3290 4934 3485 4991 septem
3529 4925 3601 4977 li-

2010 4992 2415 5049 bros’eumdem
2452 4993 2710 5062 praeferre
2737 4993 2976 5052 titulum,
3010 4992 3345 5060 eosdemque
3372 5010 3599 5061 prorsus

2006 5081 2129 5120 esse
2159 5067 2213 5118 in
2244 5065 2505 5117 omnibus
2524 5065 2681 5117 codd.
2710 5064 2802 5117 sed
2836 5073 3074 5115 octavum
3103 5078 3222 5114 cum
3254 5065 3601 5133 inscriptione

2010 5148 2123 5188 tum
2154 5136 2229 5189 rei
2259 5135 2510 5203 subjecta:
2541 5137 2750 5187 variare
2776 5144 2828 5187 et
2864 5136 2917 5186 in
2962 5133 3295 5203 quibusdam
3330 5136 3552 5191 inscribi
3585 5157 3596 5190 :

2008 5206 2107 5268 Τίς
2139 5208 2168 5279 ὁ
2204 5202 2510 5279 σῳξῷμενος
2544 5205 2831 5279 πλούσιοςς
2857 5235 2925 5244 —
2957 5202 3013 5255 ιιι
3053 5203 3362 5279 album"),
3407 5207 3598 5279 Στρω-

2011 5277 2215 5345 ματεὺς
2247 5273 2452 5344 ὄγδοος,
2491 5277 2567 5329 uti
2604 5276 2799 5344 reliqui
2833 5284 3038 5343 septem
3082 5273 3206 5327 libri
3252 5273 3596 5330 inscribi'so-

2008 5348 2138 5400 lent.
2175 5347 2316 5399 Add.
2353 5346 2559 5401 Heiusii
2587 5356 2703 5400 not.
2740 5346 2805 5399 ad
2842 5345 3058 5399 initium
3092 5345 3217 5397 libri
3257 5363 3272 5398 ι
3308 5347 3592 5411 Stromat.,

2007 5426 2059 5470 et
2084 5417 2149 5469 ad
2188 5417 2304 5469 init.
2345 5418 2466 5470 libri
2516 5418 2715 5482 octavi,
2745 5426 2799 5471 et
2849 5415 3041 5479 Stolle,
3073 5415 3109 5467 l.
3146 5432 3311 5469 mem.
3358 5415 3591 5473 Doctum

2010 5488 2113 5541 hoc
2144 5485 2477 5540 Stromatum
2515 5504 2653 5556 opus
2684 5488 2734 5541 in
2771 5503 2881 5556 quo
2914 5486 3078 5539 etiam
3128 5487 3393 5552 permulta
3442 5498 3591 5542 vetc-

2008 5574 2128 5611 rum
2157 5567 2473 5623 auctorum,
2513 5560 2565 5611 in
2600 5558 2790 5629 primis
2843 5567 3151 5629 poetarum,
3208 5557 3487 5623 citantur,
3539 5560 3593 5616 in

2008 5629 2210 5698 quibus
2233 5629 2576 5699 colligendis,
2600 5625 2691 5683 aut
2720 5625 3101 5699 comparandis
3127 5629 3595 5699 emetulandiSquc

2009 5702 2234 5754 eriticus
2272 5697 2551 5768 ingenium
2592 5717 2657 5754 ac
2700 5697 3036 5766 diligentiam
3083 5706 3264 5763 potest
3313 5697 3591 5765 exercere,

2010 5771 2437 5837 historicorum,
2497 5770 3013 5840 clironol0gicoi3im
3056 5768 3591 5840 et__tlieologicorum

2008 5857 2131 5897 esse
2155 5843 2374 5910 plenum
2408 5835 2682 5905 errorum,
2707 5835 2875 5893 Da‘vid
2903 5835 3213 5910 Blondcllus
3238 5839 3315 5910 De
3346 5835 3591 5910 Sibyltis,

2009 5915 2103 5967 lib.
2141 5908 2178 5974 ι,
2208 5928 2327 5981 cap.
2367 5914 2421 5971 6,
2459 5914 2662 5981 aliique
2712 5908 3238 5981 animadverterunt.
3290 5909 3423 5975 Quae
3478 5909 3593 5981 siu-

2010 5985 2217 6056 gularia
2247 5976 2495 6050 falsaque
2528 5976 2620 6040 aut
2672 5998 2737 6039 ex
2774 5980 2945 6035 nimio
2993 5976 3375 6046 allegoriarum
3412 5979 3593 6036 studio
