4456 6564
342 537 404 593 17
1396 533 1442 588 Ν
1449 532 1679 590 ΟΤΙΤΙΑ
1710 531 2102 591 HISTOBICO-

1849 527 2564 589 l'OthIO-LITTERARIA.
3545 526 3609 582 ιδ

331 653 491 710 surde
521 648 823 720 conjiciunt
856 647 959 701 viri
983 649 1287 707 doctissimi
1317 671 1329 707 :
1368 652 1513 708 haud
1557 655 1919 711 omittendum
1953 660 1999 715 Α
2029 650 2274 723 longiora
2299 667 2364 706 ex
2398 666 2472 703 vn
2504 649 2660 704 libris
2698 647 3053 704 Strovnatum.
3079 644 3193 701 Inc.
3225 647 3439 714 τέρατα
3467 660 3611 715 πρυ-

330 755 507 800 tamen
544 751 647 807 est,
689 739 911 795 easdem
941 742 1011 797 ab
1046 743 1248 799 Acacio
1284 753 1340 799 et
1375 744 1739 812 Damaseeno,
1792 757 1852 801 ut
1879 762 1910 800 e

329 835 462 889 locis
491 831 767 902 pluribus,
788 845 951 901 supra
982 849 1012 888 a
1044 851 1131 888 me
1153 834 1467 904 descriptis,
1492 845 1660 905 patet,
1696 835 1912 890 habitas

328 924 493 978 fuisse
525 936 624 989 pro
657 929 854 976 octavo
886 921 1219 979 Stromatum
1250 926 1416 982 libro.

469 1034 699 1103 Operam
728 1036 1008 1093 Clementis
1032 1040 1185 1093 Alex.
1213 1039 1369 1093 codd.
1400 1048 1449 1094 et
1478 1040 1760 1094 editiones.

400 1146 593 1203 Plures
629 1152 789 1206 codd.
816 1154 929 1222 jam
971 1155 1173 1225 passim
1220 1155 1463 1210 laudavit
1492 1153 1801 1209 Fabricius.
1840 1151 1917 1207 De

325 1240 513 1294 codice
559 1245 788 1298 membr.
825 1246 1066 1299 Floreat.
1116 1246 1311 1300 Medic.
1367 1246 1631 1299 Laurent.
1665 1258 1790 1297 saec.
1821 1260 1911 1309 xr,

324 1328 419 1397 qui
481 1332 723 1389 continet
767 1333 1076 1400 Slromata,
1120 1336 1278 1405 cujus
1312 1335 1473 1390 Fabr.
1509 1349 1673 1403 supra
1721 1335 1775 1387 in
1819 1333 1845 1405 §
1883 1334 1916 1389 5

326 1424 597 1489 meminit,
637 1427 791 1495 plura
822 1428 1045 1497 scripsit
1084 1427 1314 1481 Bandin.
1351 1427 1406 1480 in
1450 1425 1575 1480 Cat.
1610 1425 1764 1477 codd.
1818 1424 1909 1479 Cr.

326 1530 363 1578 ι,
399 1531 523 1585 pag.
555 1517 645 1581 12,
699 1519 793 1588 qui
826 1530 1020 1589 praeter
1058 1536 1120 1575 ca
1168 1529 1290 1589 post
1321 1518 1633 1571 Fabricium
1669 1517 1853 1588 (supra
1888 1518 1914 1590 §

321 1605 375 1674 5)
404 1609 680 1672 observat,
736 1612 858 1664 cod.
880 1613 1283 1665 Claromontan.
1317 1626 1429 1664 rec.
1459 1623 1489 1662 a
1519 1606 1755 1663 Nourrio
1798 1626 1914 1666 me~

321 1709 619 1765 moratum,
667 1701 838 1755 videri
889 1720 919 1756 e
961 1703 1206 1758 Mediceo
1248 1701 1606 1770 descriptum.
1655 1700 1914 1757 Codicem

322 1791 472 1842 illum
512 1795 1026 1859 prmstanlissiniuiii
1058 1796 1188 1849 olim
1223 1794 1396 1849 fuisse
1427 1793 1570 1861 apud
1612 1791 1914 1849 Basiliauos

320 1879 700 1939 Messauenses
744 1888 1084 1949 monachos,
1138 1886 1366 1956 putabat
1430 1883 1623 1938 Montl‘.
1672 1885 1726 1938 in
1765 1885 1909 1939 Bibl.

324 1971 722 2039 bibliothecar.,
760 1993 798 2042 t,
828 1994 948 2047 pag.
981 1978 1109 2032 254.
1143 2005 1214 2016 -
1244 1975 1299 2028 1η
1341 1976 1531 2030 eodem
1567 1977 1753 2032 codice
1787 1983 1914 2032 sunt

320 2061 587 2132 Excerpta
609 2083 674 2119 ea:
702 2067 852 2122 libris
892 2069 1148 2123 Theodoti
1196 2076 1249 2122 et
1282 2065 1489 2122 Selecta
1513 2069 1906 2138 prophetarum.

329 2182 401 2195 —
430 2157 721 2229 Ptedagogi
772 2162 893 2215 libri
939 2179 1022 2226 ιιι,
1062 2161 1415 2231 Κλήμεντος
1439 2162 1609 2230 λόγοι
1655 2163 1911 2216 dicuntur

319 2247 374 2301 in
409 2251 598 2305 codice
631 2268 782 2320 xxrv,
815 2254 952 2323 plut.
979 2270 1031 2316 ν,
1084 2269 1208 2305 cum
1254 2252 1401 2305 notis
1444 2251 1634 2305 incerti
1670 2255 1910 2306 auctoris

318 2344 553 2413 margin.
588 2361 749 2414 quem
781 2345 1012 2399 Bandin.
1036 2388 1051 2411 ,
1092 2346 1128 2399 l.
1163 2362 1212 2400 c.
1252 2362 1291 2411 ι,
1332 2363 1454 2415 pag.
1487 2347 1556 2400 49
1587 2363 1736 2416 seq.,
1780 2348 1912 2401 ube-

314 2433 428 2486 rius
459 2434 743 2488 describit.
793 2434 943 2489 Libri
988 2436 1041 2489 in
1088 2436 1211 2489 Cud.
1239 2436 1559 2489 dividuntur
1602 2437 1655 2490 in
1708 2438 1908 2506 capita,

316 2532 371 2577 et
409 2524 646 2594 singulis
674 2527 945 2595 capitibus
979 2527 1386 2595 praamittuutur
1415 2536 1758 2597 argumenta.
1786 2528 1909 2583 llius

315 2614 487 2669 libros
520 2618 801 2686 excipiunt
842 2619 1088 2687 Hymnus
1121 2619 1323 2672 Christi
1351 2622 1659 2685 servatoris,
1691 2621 1749 2676 S.
1786 2622 1908 2674 Cle-

314 2707 514 2762 mentis
555 2718 610 2762 et
656 2708 857 2764 Versus
885 2712 1077 2765 incerti
1116 2711 1168 2764 in
1201 2711 1498 2766 Clementis
1526 2712 1903 2784 Predagogum.

312 2794 407 2850 Illo
458 2801 584 2853 cod.
637 2817 770 2854 usus
817 2811 901 2855 cst
945 2818 1166 2871 quoque
1206 2801 1525 2871 Victorius;
1572 2807 1665 2860 sed
1723 2809 1909 2862 omisit

311 2888 519 2941 scholia
541 2890 812 2956 quaedam,
836 2891 1151 2946 charactere
1184 2894 1349 2963 ligato
1380 2904 1433 2948 et
1457 2899 1698 2950 currenti
1728 2898 1796 2951 ab
1814 2915 1907 2952 en-

310 2977 431 3033 dem
474 2983 747 3050 sez'iptore
788 2982 994 3037 codicis
1024 2984 1077 3037 in
1116 3000 1212 3038 ora
1257 2986 1377 3039 libri
1427 2987 1555 3041 hinc
1598 2988 1725 3041 inde
1757 2989 1907 3058 adje-

311 3078 419 3134 cta,
464 3087 704 3140 quorum
748 3074 1001 3141 quaadam
1040 3072 1339 3129 Bandinius
1373 3078 1668 3146 descripsit
1696 3089 1749 3133 et
1788 3096 1909 3149 pro-

311 3162 596 3230 mulgavit.
631 3162 775 3216 Idem
809 3165 1201 3234 calligraphus,
1233 3168 1309 3220 ait
1335 3168 1591 3232 Bandin.,
1624 3180 1683 3223 ut
1724 3181 1908 3225 osten-

309 3250 463 3304 deret
518 3268 852 3307 eunsensum
902 3264 1085 3308 textus
1142 3256 1440 3313 Clementis
1490 3276 1614 3314 cum
1669 3263 1905 3331 quadam

318 3342 557 3407 Arethaz,
592 3345 983 3416 archiepiscopi
1014 3347 1391 3416 Caesariensis,
1441 3352 1908 3422 interpretatione,

307 3434 596 3501 desumpta
623 3433 803 3491 forsan
828 3454 891 3491 ex
918 3439 1035 3508 ejus
1056 3438 1253 3495 Catena
1284 3442 1338 3494 in
1364 3444 1712 3514 Apocalypsin
1736 3446 1907 3499 Joan-

309 3526 408 3585 nis,
447 3527 673 3592 longum
707 3529 976 3583 scholium
1017 3531 1068 3582 in
1108 3547 1203 3585 ora
1250 3534 1373 3587 libri
1405 3536 1710 3605 descripsit,
1746 3540 1905 3607 cujus

309 3612 524 3666 initium
554 3631 618 3667 ac
645 3617 805 3676 linem
844 3621 1015 3673 edidit
1040 3620 1270 3676 Bandin.
1306 3652 1376 3662 —
1407 3625 1462 3677 lu
1487 3628 1648 3681 codd.
1682 3646 1778 3682 vm
1800 3672 1814 3695 ,
1845 3648 1900 3685 η.

307 3702 396 3764 5‘i,
433 3705 576 3771 plut.
620 3721 672 3759 ix
713 3706 817 3777 (α),
852 3722 978 3762 sunt
1024 3712 1167 3764 inter
1195 3712 1387 3768 breves
1415 3715 1762 3775 definitiones
1797 3719 1897 3775 SS.

308 3789 409 3847 PP.
435 3801 503 3848 de
535 3796 850 3855 substantia.
870 3808 921 3852 et
946 3810 1163 3864 natura,
1187 3812 1319 3869 ete.,
1351 3817 1605 3877 excerpta
1634 3826 1699 3863 ex
1728 3812 1896 3865 Clem.

305 3884 459 3940 Alex.
492 3886 763 3941 Sermone
785 3888 853 3943 de
884 3888 1252 3947 Providentia.
1285 3895 1504 3962 (Band.,
1533 3898 1573 3955 ι.
1596 3916 1717 3969 pag.
1744 3902 1898 3969 40:2.)

306 4004 373 4014 —
413 3976 555 4031 Cod.
597 3980 751 4035 Alex.
790 3980 961 4036 Clem.
1003 3985 1090 4036 cui
1134 3984 1397 4055 Stcphan.
1451 3992 1650 4046 multas
1692 3992 1900 4050 adscri-

306 4073 412 4140 psit
443 4084 628 4136 notas,
668 4072 1015 4129 Francolurti
1045 4077 1111 4133 ad
1145 4077 1325 4143 Moen,
1365 4094 1630 4139 memorat
1652 4084 1895 4153 Folard.,

306 4164 359 4217 in
396 4163 642 4218 Histoire
674 4166 801 4219 d'un
847 4165 1051 4237 Voyage
1081 4168 1361 4236 littéraire,
1384 4174 1483 4241 [ait
1510 4192 1571 4228 en
1604 4177 1762 4243 1ῑ55,
1788 4190 1892 4234 etc.

306 4253 468 4326 [lagae
508 4257 668 4312 Cum.
712 4259 873 4323 1755,
907 4262 1033 4314 mai.
1068 4260 1156 4325 12,
1203 4273 1341 4319 teste
1371 4265 1584 4331 Stollio,
1618 4269 1671 4322 in
1706 4274 1893 4328 notitia

305 4348 451 4404 illius
482 4351 618 4406 bibl.
644 4350 846 4421 (Kurze
876 4352 1172 4409 Nachrieht
1200 4372 1305 4410 von
1336 4359 1440 4413 den
1468 4359 1723 4420 Buehern
1742 4396 1814 4404 —
1838 4368 1894 4421 in

299 4441 395 4495 der
426 4443 748 4498 Stollischen
776 4446 945 4515 Bibl.)
984 4459 1115 4502 tom.
1141 4447 1186 4513 1,
1216 4464 1269 4517 p.
1301 4450 1427 4505 565.
1452 4482 1522 4494 -—
1544 4452 1687 4509 Loca
1717 4457 1889 4513 Clem.

300 4544 608 4589 occanunt
655 4538 709 4591 in
746 4535 960 4591 Catenis
1010 4541 1066 4593 in
1104 4539 1373 4601 Psabnos.
1418 4542 1473 4598 in
1502 4541 1701 4599 Jobum
1737 4557 1792 4601 et
1839 4566 1890 4602 IV

299 4621 619 4695 Evangelia,
648 4638 702 4682 et
732 4631 935 4684 citatur
955 4633 1124 4688 Clem.
1176 4634 1229 4687 in
1279 4632 1564 4705 Florilegio
1599 4642 1889 4693 sententia-

2016 744 2289 814 γινώσκει
2315 743 2413 796 καὶ
2441 740 2715 808 ἐκϐάσεις
2765 737 2986 808 καιρῶν
3038 739 3134 792 καὶ
3165 739 3408 808 χρόνων·
3434 741 3467 792 ὁ
3502 735 3612 808 τῆς

2017 837 2239 905 σοφίας
2262 834 2558 905 μαθητής·
2590 849 2711 904 qua:
2740 835 2794 887 iu
2829 832 2994 887 editis
3026 831 3182 887 initio
3206 831 3376 885 librit
3404 831 3610 884 mutilus

2017 930 2237 984 desunt.
2276 957 2346 966 —-
2369 926 2530 981 Teste
2560 925 2861 981 Montl‘auc.
2897 924 2952 979 in
2977 924 3119 979 Bibl.
3152 925 3451 980 bibliothec.
3478 943 3607 979 mss.

2020 1035 2057 1080 ι,
2082 1035 2206 1089 pag.
2233 1019 2320 1082 M,
2356 1018 2495 1071 inter
2524 1017 2684 1072 codd.
2720 1016 2894 1071 Vatic.
2929 1013 3119 1069 Romae
3155 1014 3289 1080 Quis
3322 1015 3464 1069 dives
3494 1015 3607 1069 sal-

2017 1122 2165 1166 vetur
2191 1126 2384 1180 opusc.
2416 1121 2471 1165 et
2501 1110 2607 1163 alia
2640 1109 2780 1164 inter
2805 1107 3105 1163 Clementis
3134 1122 3287 1177 papae.
3318 1123 3482 1178 Opera
3518 1124 3610 1161 no-

2018 1204 2334 1258 minantur:
2384 1201 2685 1271 fragmeuta
2746 1202 2920 1255 Clem.
2976 1200 3133 1255 Alex.
3184 1199 3236 1253 in
3285 1199 3500 1254 Catenis
3552 1200 3604 1254 iu

2018 1297 2293 1357 Exedunt,
2322 1293 2447 1359 Job,
2485 1294 2621 1365 Epp.
2653 1293 2719 1348 ad
2751 1293 3001 1348 Corinth.
3047 1304 3101 1349 et
3140 1294 3342 1359 Galat.,
3394 1292 3446 1347 in
3472 1292 3609 1345 Mat-

2019 1389 2222 1443 thaeum
2274 1393 2329 1441 et
2381 1384 2584 1440 Lucam
2634 1394 2765 1440 sunt
2812 1386 2865 1438 in
2914 1386 3166 1454 pluribus
3218 1385 3381 1440 codd.
3430 1382 3604 1438 Vatic.

2018 1478 2150 1534 ibid.
2184 1477 2285 1546 (uti
2312 1476 2366 1530 in
2396 1477 2608 1531 Catenis
2638 1477 2692 1529 in
2726 1476 2886 1530 codd.
2910 1475 3079 1529 Cuisl.
3109 1475 3342 1530 Viudob.
3370 1477 3605 1543 August.

2019 1571 2528 1642 Viudel.aliisquc).
2556 1600 2627 1611 -——
2658 1570 2865 1635 Romae,
2895 1585 2949 1623 in
2985 1568 3115 1623 bibl.
3163 1570 3412 1623 Ottobon.
3449 1567 3606 1621 Stro-

2017 1674 2221 1718 matum
2248 1661 2443 1731 fragm.
2472 1664 2525 1716 in
2556 1678 2592 1716 ιι
2619 1662 2781 1717 codd.
2810 1671 3037 1727 reccnt.,
3069 1676 3169 1715 nec.
3199 1676 3307 1714 non
3334 1660 3607 1715 Stromata

2014 1758 2121 1824 his,
2153 1765 2208 1810 et
2242 1756 2527 1825 Pwdagog.
2551 1756 2730 1825 (ibid.,
2758 1772 2879 1825 pag.
2906 1756 3008 1809 185
3036 1765 3089 1809 et
3116 1754 3261 1824 190),
3291 1764 3343 1809 et
3380 1755 3603 1819 ibidem,

2017 1850 2071 1904 in
2103 1848 2246 1903 Bibl.
2282 1847 2508 1902 Patrum
2538 1848 2596 1903 S.
2621 1849 2815 1902 Basilii
2846 1848 2965 1917 (ib.,
2996 1865 3117 1918 pag.
3156 1849 3288 1905 198.
3310 1848 3510 1917 D.).—-
3547 1850 3602 1901 in

2019 1941 2213 1997 Galliis
2252 1941 2391 1994 inter
2421 1940 2583 1995 codd.
2625 1939 2855 1995 abbatiae
2894 1939 2953 1994 S.
2989 1940 3135 1995 Petri
3176 1941 3242 1995 de
3277 1941 3601 2001 Seliueurtc.

1944 2021 1985 2075 Β
2015 2035 2177 2090 diuae.
2228 2034 2639 2099 Ambianensis,
2683 2034 2991 2086 Admonitio
3040 2034 3110 2085 ad
3143 2044 3317 2102 gentes
3374 2042 3429 2087 et
3485 2032 3610 2085 Pre-

2008 2129 2243 2198 dagogus
2276 2127 2432 2196 (ibid.
2476 2142 2536 2191 ll,
2574 2143 2695 2196 pag.
2740 2126 3019 2189 H98).——
3044 2125 3103 2180 S.
3138 2125 3417 2181 Clementis
3459 2121 3605 2190 Vita,

2008 2230 2141 2284 etc.,
2178 2221 2232 2273 in
2260 2219 2384 2274 cod.
2419 2219 2553 2273 bibl.
2588 2219 2874 2272 Mediolan.
2913 2217 3109 2286 (lbid.,
3148 2233 3188 2282 ι,
3221 2234 3275 2287 p.
3303 2217 3459 2286 495.)

2080 2311 2293 2372 Paris.,
2339 2311 2392 2363 in
2422 2310 2566 2363 Bibl.
2613 2309 2758 2378 publ.
2794 2309 2943 2378 (sec.
2988 2310 3147 2363 catal.
3187 2311 3310 2364 cod.
3343 2319 3476 2363 tom.
3516 2308 3602 2376 ll)

2014 2400 2067 2454 in
2098 2400 2219 2454 cod.
2246 2415 2391 2465 cum,
2420 2400 2486 2453 A.
2524 2402 2584 2452 C.
2617 2400 2743 2463 9H,
2778 2417 2941 2454 manu
2979 2400 3198 2465 Baanis,
3236 2402 3437 2454 notarii
3466 2400 3607 2453 Arc-

2012 2496 2139 2555 thaz,
2173 2492 2439 2552 Cursarem
2467 2494 2887 2563 archiepiscopi,
2914 2503 3160 2558 cxarato,
3199 2493 3371 2549 Clem.
3403 2494 3603 2547 adhor-

2010 2585 2243 2641 tatorius
2284 2586 2423 2641 liber
2463 2587 2528 2640 ad
2585 2585 2836 2649 Graecos,
2875 2601 2999 2640 cum
3051 2586 3275 2640 scholiis
3320 2600 3492 2655 marg.
3549 2594 3602 2637 et

2009 2676 2365 2749 Pwdagogus,
2397 2680 2489 2732 sed
2517 2680 2714 2733 desunt
2740 2678 2860 2731 libri
2911 2695 2927 2732 1
2976 2679 3162 2733 decem
3196 2678 3371 2748 capita
3402 2678 3599 2747 prima,

2006 2777 2059 2821 et
2086 2767 2358 2823 undecimi
2388 2768 2635 2822 initium:
2674 2768 2728 2822 in
2766 2769 2889 2823 cod.
2924 2784 3065 2822 om."
3097 2777 3149 2821 et
3179 2782 3437 2821 anxxvu
3500 2776 3516 2835 (
3545 2767 3619 2821 in.

2006 2875 2117 2927 quo
2152 2875 2215 2913 ea
2246 2875 2465 2930 quoque
2495 2860 2713 2927 desunt,
2745 2877 2868 2930 qua:
2906 2860 2959 2913 in
2991 2859 3114 2915 cod.
3142 2876 3345 2925 ccccu,
3379 2859 3611 2914 notavi-.

2008 2950 2153 3016 mus)
2184 2949 2470 3019 Pwdagogi
2494 2951 2615 3003 libri
2643 2967 2701 3004 ιιι
2721 2967 2843 3003 cum
2876 2950 3085 3020 llyinno
3114 2951 3169 3003 in
3206 2948 3475 3003 Christum
3496 2992 3509 3010 .
3543 2961 3597 3006 et

2010 3042 2265 3111 anonymi
2300 3040 2561 3096 Versibus
2602 3042 2654 3094 iu
2698 3040 3080 3111 Pwdagngnm.
3111 3072 3182 3081 —-
3207 3040 3266 3095 1n
3306 3043 3428 3097 cod.
3456 3059 3594 3097 CDXL

2010 3130 2374 3202 fragmentum
2401 3174 2417 3198 ,
2472 3133 2562 3186 ubi
2608 3134 2674 3186 de
2712 3142 2902 3188 sancto
2938 3133 3188 3199 Joanne,
3243 3134 3498 3206 theologo
3542 3144 3595 3188 et

2008 3227 2365 3296 evangelista,
2397 3228 2597 3296 agitur.
2632 3258 2699 3266 —
2724 3227 2857 3282 Cod.
2890 3228 3062 3283 Paris.
3084 3268 3099 3291 ,
3135 3228 3261 3282 coll.
3303 3227 3360 3283 S.
3390 3227 3464 3295 .l.,
3498 3231 3591 3298 qui

2021 3320 2290 3384 integrum
2346 3312 2671 3365 Stromatum
2729 3330 2867 3383 epus
2927 3321 3347 3389 complectitur.
3410 3329 3593 3385 Varias

2019 3405 2145 3459 lect.
2173 3402 2465 3457 Moritfauc.
2491 3406 2724 3458 enatavit
2762 3417 2813 3458 et
2855 3411 2919 3460 ad
2954 3408 3227 3468 l’otterum
3252 3422 3582 3474 transmisit.

2076 3500 2133 3555 In
2192 3502 2324 3557 bibl.
2372 3502 2628 3568 Coislin.,
2677 3502 2980 3557 secundum
3052 3501 3293 3568 Montl‘.,
3354 3501 3408 3556 in
3461 3504 3586 3557 cod.

2005 3607 2243 3657 Lxxxvl,
2289 3606 2354 3645 ex
2396 3592 2539 3646 libro
2600 3593 2733 3656 Quis
2787 3594 2930 3646 dives
2982 3593 3051 3645 sit
3103 3593 3315 3658 salvus,
3358 3593 3588 3647 historia

2003 3683 2279 3753 quaedam,
2304 3699 2429 3753 qua:
2473 3694 2558 3739 est
2587 3700 2807 3753 quoque
2833 3701 2919 3754 ap.
2950 3683 3247 3739 Eusebium
3291 3700 3352 3738 ιιι
3387 3684 3457 3738 Η.
3494 3682 3585 3747 Ε.,

2003 3790 2125 3843 cap.
2172 3775 2244 3828 25
2298 3777 2446 3845 (pag.
2502 3776 2649 3845 140).
2686 3806 2758 3815 --
2805 3775 2949 3830 Loca
2993 3774 3167 3830 Clem.
3200 3785 3503 3830 occurrunt
3534 3777 3588 3830 in

2003 3864 2127 3918 cod.
2168 3879 2280 3918 cm
2316 3873 2371 3919 et
2394 3881 2551 3930 cxxn,
2594 3865 2647 3917 in
2688 3864 3117 3919 Collectionibus
3149 3867 3585 3932 sententiarum,

2003 3972 2184 4011 rerum
2228 3958 2518 4011 moralium
2566 3967 2621 4012 et
2665 3959 3216 4027 interpretationum,
3261 3976 3291 4014 e
3336 3960 3585 4030 pluribus

2000 4049 2189 4121 script.
2223 4050 2421 4105 eccles.
2446 4063 2824 4120 excerptarum
2853 4052 2997 4121 (pag.
3024 4050 3306 4118 186,187;
3345 4052 3423 4108 sic
3446 4069 3586 4122 quo-

1997 4157 2106 4210 que
2134 4142 2292 4196 codd.
2324 4142 2545 4213 Augus-
2566 4141 2731 4197 Vind.
2758 4185 2773 4209 ,
2806 4153 2939 4198 teste
2969 4142 3214 4208 Rcisero,
3249 4160 3374 4215 pag.
3414 4145 3486 4199 22
3530 4156 3585 4201 ct

1997 4234 2066 4289 59
2088 4235 2275 4303 catal.)
2298 4249 2321 4293 '.
2350 4265 2422 4275 -—
2452 4236 2506 4289 in
2529 4236 2658 4290 cod.
2682 4252 2863 4300 ρους,
2894 4236 2950 4290 in
2969 4236 3243 4291 Anastasii
3267 4240 3582 4307 responsio-

1995 4326 2196 4393 nibus,
2236 4337 2344 4381 etc.
2374 4329 2522 4397 (pag.
2550 4328 2712 4398 505);
2736 4358 2806 4370 —
2838 4329 2893 4382 in
2922 4329 3047 4383 cod.
3082 4344 3332 4390 ccuxvr.
3376 4330 3432 4382 in
3477 4329 3583 4383 Da~

1995 4422 2234 4478 masceni
2258 4422 2547 4475 Parallelis
2571 4424 2715 4491 (pag.
2742 4423 2868 4492 590)
2891 4441 2905 4488 ;
2936 4422 3072 4476 -—in
3100 4423 3225 4478 cod.
3250 4439 3579 4488 ccuxxxiv,

1992 4516 2047 4569 in
2080 4516 2400 4569 Daruasceni
2436 4514 2649 4584 Eclogis
2678 4515 2828 4585 (pag.
2855 4515 3004 4586 112).

2057 4648 2290 4705 Codices
2339 4666 2492 4721 seqq.
2541 4652 2635 4721 qui
2670 4652 2724 4706 in
2759 4653 2956 4723 Anglia
3006 4666 3386 4723 asservantur,
3442 4668 3497 4711 et
3544 4676 3580 4713 ιι

300 4732 438 4780 rum,
472 4720 528 4770 in
558 4719 800 4775 Violario
832 4739 1078 4794 compos.
1104 4737 1157 4779 et
1186 4743 1215 4781 a
1255 4726 1304 4782 J.
1327 4727 1709 4784 Cantacuzeno
1742 4748 1878 4785 con--
1911 4736 1957 4793 D
1982 4738 2202 4793 Pottero
2247 4750 2375 4794 sunt
2399 4742 2589 4796 collati
2616 4785 2631 4809 ,
2696 4745 2765 4797 ab
2810 4761 2877 4799 eo
2930 4749 3285 4803 nominantur
3320 4749 3373 4801 in
3425 4748 3576 4803 Prae-

300 4815 380 4859 tra
417 4808 721 4865 Palamam.
758 4813 1011 4882 (Bandin.
1064 4817 1103 4882 Ι,
1139 4835 1260 4890 pag.
1308 4820 1399 4885 54,
1442 4821 1532 4884 52,
1585 4822 1709 4884 161,
1754 4824 1897 4891 255,

299 4900 403 4952 517
434 4915 489 4954 et
510 4902 663 4972 549.)
700 4934 769 4943 ——
802 4907 1091 4979 Ptedagogi
1134 4922 1241 4968 tres
1275 4913 1395 4967 libri
1437 4914 1489 4967 in
1518 4916 1637 4968 eod.
1680 4915 1886 4972 Veneto

302 4991 361 5045 D.
402 4992 594 5058 Marci,
649 5010 773 5048 cum
817 4999 1165 5059 lcmmatibus
1218 5007 1449 5077 singulis
1491 5024 1647 5078 capp.
1711 5014 1889 5078 prasti-

300 5090 403 5151 xis,
437 5104 493 5145 et
532 5090 675 5144 notis
710 5095 985 5149 nonnullis
1024 5099 1088 5150 ad
1121 5116 1272 5155 oram
1309 5103 1591 5169 conjectis,
1629 5103 1738 5158 vid.
1772 5104 1887 5158 Vil-

300 5183 499 5249 loison,
547 5184 744 5238 Anecd.
786 5184 956 5238 Gratc.
990 5187 1051 5251 ll,
1084 5207 1203 5259 pag.
1248 5194 1315 5247 98
1348 5206 1401 5248 et
1433 5212 1550 5264 pag.
1581 5195 1706 5250 219.
1732 5229 1798 5235 -
1826 5199 1899 5255 lu.

299 5277 422 5329 cod.
456 5277 712 5331 bibliotb.
749 5277 1071 5334 Mutinensis
1095 5287 1556 5353 Προτρεπτικόν,
1587 5290 1881 5359 Παιδαγω-

300 5368 468 5433 γικόν
496 5368 830 5440 etllymnus,
863 5378 919 5423 ut
944 5371 994 5423 iu
1021 5373 1201 5439 editis,
1224 5385 1360 5433 teste
1384 5379 1576 5435 Montl.
1608 5383 1659 5434 in
1690 5381 1878 5438 Diario

300 5454 431 5511 Ital.
453 5499 466 5517 ,
502 5476 624 5528 pag.
660 5462 749 5515 51.

365 5549 616 5619 Neapoli,
651 5555 702 5606 in
735 5555 861 5610 bibl.
896 5555 1074 5625 Regia,
1100 5555 1220 5609 cod.
1252 5558 1387 5611 cf.“
1416 5562 1874 5620 cuntinet:C|em.

298 5642 452 5695 Alex.
530 5643 928 5717 l’rcdagogmn;
990 5647 1258 5720 llymnum
1328 5655 1395 5705 ad
1477 5658 1756 5712 Christum
1823 5667 1877 5711 et

298 5737 558 5804 anunymi
594 5735 793 5794 Versus
846 5741 899 5793 iu
951 5741 1120 5795 (llam.
1173 5740 1557 5814 Pwtlugogum;
1614 5760 1870 5820 cveerpta

1988 4830 2089 4899 fat.
2130 4828 2359 4884 onnii:
2384 4836 2436 4885 in
2469 4834 2591 4888 cod.
2626 4835 2758 4889 bibl.
2792 4837 2915 4890 novi
2964 4838 3211 4907 Collegii,
3260 4839 3575 4893 Cohortatio

1988 4922 2058 4974 ad
2084 4921 2314 4987 Graecos,
2352 4939 2460 4977 una
2485 4941 2610 4978 cum
2636 4926 2853 4981 duobus
2884 4926 3170 4998 Pwdagogi
3200 4929 3354 4985 libris
3385 4939 3571 4999 poste—

1988 5014 2229 5070 rioribus
2257 5017 2688 5087 eorumdcmque
2717 5020 2995 5075 nonnullis
3029 5019 3380 5091 fragmentis:
3414 5052 3485 5061 —
3513 5023 3566 5075 in

1987 5108 2111 5162 cod.
2145 5106 2347 5162 Bodlei.
2378 5117 2431 5163 et
2472 5110 2602 5173 alio,
2636 5110 2730 5179 qui
2757 5122 2937 5167 exstat
2962 5114 3016 5168 in
3054 5115 3187 5169 bibl.
3242 5116 3409 5185 regis,
3461 5116 3569 5171 Pw-

1989 5199 2183 5270 dagogi
2220 5217 2280 5255 ιιι
2324 5201 2471 5255 libri.
2501 5232 2571 5241 —
2599 5203 2681 5259 Ad
2726 5203 3026 5261 Clementis
3061 5208 3385 5277 periochas,
3429 5226 3570 5280 quas

1989 5286 2260 5347 Eusebius
2288 5293 2436 5361 operi
2478 5293 2551 5346 De
2578 5311 2813 5364 prwpar.
2856 5313 3038 5367 evang.
3077 5300 3341 5365 inseruit,
3376 5317 3567 5355 emen~

1983 5384 2216 5446 dandas,
2244 5388 2394 5441 utilis
2429 5384 2531 5440 fuit
2561 5387 2684 5441 cod.
2715 5388 2935 5444 Eusebii
2966 5390 3018 5443 in
3051 5391 3303 5445 bibliolh.
3339 5393 3567 5463 Collegii

1980 5471 2028 5527 J.
2087 5473 2363 5544 Baptista}.
2410 5508 2482 5518 —-
2524 5477 2726 5533 Przcter
2767 5498 2861 5545 ea,
2937 5484 3239 5538 secundum
3295 5487 3456 5539 catal.
3509 5488 3565 5542 in

1982 5564 2139 5619 codd.
2179 5569 2338 5639 Angl.
2376 5583 2430 5625 et
2465 5570 2712 5636 Hibern.,
2745 5582 2875 5638 cte.,
2919 5575 2971 5627 in
3005 5575 3125 5628 cod.
3162 5574 3384 5629 Barocc.
3420 5575 3562 5632 Bibl.

1984 5656 2187 5714 Bodlei.
2232 5677 2319 5715 nr.
2346 5680 2405 5729 v,
2436 5671 2564 5719 sunt
2606 5680 2672 5718 ex
2711 5666 2886 5719 Clem.
2917 5667 3073 5720 Alex.
3106 5666 3341 5736 aliisque
3376 5684 3563 5723 excer-

1982 5760 2082 5819 ptac
2113 5756 2573 5823 seutentia:,etc.;
2616 5786 2687 5796 ——
2718 5757 2768 5811 in
2802 5759 2961 5812 codd.
2997 5758 3151 5813 Bodl.
3181 5776 3475 5815 uccxxxxn
3510 5771 3564 5816 et

304 5905 581 6014 ωὲοὖῌῐπ-ςξ
606 5912 819 5970 Scholia,
849 5928 959 5974 qua:
986 5928 1046 5962 ex
1072 5918 1245 5965 codice
1282 5918 1504 5966 Parisino
1546 5922 1798 6000 evulgivit
1820 5925 2125 5978 Reinboldus
2149 5929 2290 5979 Klotz
2312 5932 2363 5981 in
2389 5946 2473 5983 sua
2501 5934 2723 5985 editione
2764 5935 2982 5999 Operam
3017 5939 3291 5992 Clementis
3339 5941 3561 6006 (Lipsia,

424 5970 533 6014 σοι-
560 5974 734 6014 ιη-εὲὶ-
760 5984 950 6014 ρτςιηηι
985 5984 1114 6014 lmnn
1144 5980 1178 6014 ll
1204 5988 1383 6014 nmina
1408 5993 1716 6014 Ponondinnna
1764 5987 1877 6014 ι......
1920 5989 2046 6014 ο.--

424 5970 533 6028 ’δι’
560 5973 737 6038 ἰη’Ῑῗλ
760 5970 958 6026 etSt-aut
985 5984 1114 6029 lomo
1140 5980 1181 6030 ll
1204 5988 1383 6030 nostra:
1408 5970 1735 6035 recensionis.
1762 5970 2066 6039 Ειῖιίξῇᾖζ
