4456 6564
864 423 931 480 19
2067 422 2387 480 CLEMENS
2423 417 2624 474 ALEX;

2366 422 2387 476 Β
2423 414 2986 474 ΔιΕΧΑΝΟΚΙΝΕΞ.
4056 410 4126 465 εει

862 566 1086 618 νηπίων,
1130 550 1432 609 Clcmcmis
1480 552 1826 622 aliorumque
1866 562 2062 622 ειοεεω
2099 552 2167 606 ad
2204 552 2435 618 mEpp.
2470 551 2516 606 Α
2542 543 2654 597 tine
2685 542 2828 595 inter
2857 539 3051 596 Franc.
3094 537 3240 591 Bous
3271 534 3435 590 Mella
3480 535 3719 591 Patrum.
3752 529 4126 597 Lond.,1650,

859 658 1060 699 canon.
1106 653 1159 700 ct
1184 645 1323 715 Epp.
1375 646 1677 702 catholicas
1717 646 1848 700 min.
1898 642 1965 698 Ν.
2015 644 2079 700 Τ.
2105 675 2176 685 -
2207 646 2266 699 1n
2306 642 2437 697 bibl.

856 732 1113 792 Jacobaea
1153 753 1239 791 nr.
1291 754 1787 793 nunuuuunouxv
1840 738 2008 807 (tom.
2047 737 2094 791 Il
2143 737 2333 799 catal.,
2384 752 2436 805 p.

856 828 1009 898 276),
1030 830 1198 885 Clem.
1223 828 1577 902 Pwdagogus.
1598 860 1662 870 -
1675 830 1893 887 Dublini
1909 830 1964 884 in
1978 832 2100 887 cod.
2119 846 2418 887 ccccxxvm

854 917 1086 993 Collegii
1129 920 1189 981 S.
1227 921 1425 978 Trinit.
1473 933 1732 994 excerpta
1764 940 1828 979 ex
1862 922 2033 980 Clem.
2085 924 2438 996 Protreptico,

853 1026 882 1061 a
919 1007 1082 1067 Gent.
1117 1011 1352 1068 Herveto
1379 1028 1553 1082 verso,
1588 1023 1644 1069 et
1669 1031 1736 1071 ex
1765 1015 2087 1088 Pwdagogo.

929 1098 1271 1159 Vindobonze
1311 1105 1366 1158 in
1409 1105 1542 1161 bibl.
1598 1107 1804 1164 Cmsar.
1850 1110 1905 1162 in
1962 1110 2084 1163 cod.
2117 1127 2343 1176 xxxxux,
2383 1127 2434 1163 ιι.

848 1192 904 1257 5,
944 1202 998 1248 et
1028 1194 1150 1250 cod.
1182 1211 1232 1262 ι,
1256 1204 1342 1250 est
1379 1195 1520 1268 frag.
1559 1215 1626 1253 ex
1651 1200 1825 1255 Clem.
1863 1202 2147 1257 oratione:
2171 1203 2300 1269 Quis
2333 1203 2441 1256 sal-

849 1292 1000 1335 retur
1019 1283 1203 1338 dives?
1232 1283 1539 1356 (Lambec.,
1566 1288 1858 1344 Comment.
1891 1305 1975 1348 ιιι.
2008 1306 2133 1360 pag.
2173 1292 2296 1354 190,
2322 1308 2457 1360 serp,

849 1384 906 1429 et
954 1378 1120 1451 195.)
1166 1410 1236 1418 —
1270 1380 1480 1437 Monaci
1528 1382 1580 1436 in
1634 1382 1764 1436 bibl.
1801 1380 2040 1443 Bavar.,
2091 1384 2215 1436 cod.
2263 1384 2435 1437 cbart.

848 1486 1026 1538 eux,
1067 1484 1207 1527 orat.
1264 1476 1641 1531 exhortatoria
1676 1475 1743 1529 ad
1783 1474 2003 1530 Graecos
2059 1475 2243 1544 (catal.
2277 1476 2432 1529 codd.

844 1576 971 1632 pag.
997 1561 1110 1632 66).
1144 1565 1493 1635 —Augustae
1534 1564 1748 1621 Vindel.
1787 1564 2124 1621 Stromatum
2171 1568 2437 1637 epitomcs

844 1651 1145 1721 fragment.
1192 1653 1247 1707 in
1283 1655 1407 1710 cod.
1446 1671 1513 1711 ex
1553 1673 1665 1727 quo
1699 1660 1951 1728 quaedam
1986 1659 2237 1714 restituta
2266 1657 2437 1714 fuisse

843 1742 900 1796 in
928 1742 1015 1797 ed.
1051 1742 1318 1801 Commel.
1365 1748 1684 1805 observavit
1742 1751 2017 1807 llaesehcl.
2062 1770 2149 1824 ap.
2194 1753 2431 1816 Κρίξον..

842 1852 967 1908 pag.
1001 1836 1070 1890 27
1115 1848 1249 1905 cat.,
1300 1850 1355 1896 et
1393 1841 1650 1914 Sylburg.
1686 1846 1738 1898 in
1785 1846 1891 1901 line
1932 1861 2154 1900 suarum
2208 1856 2321 1901 not.
2365 1848 2432 1903 ad

2543 636 2599 702 8,
2629 652 2685 705 p.
2719 634 2977 689 149-292.
3014 631 3184 685 11am.

2616 727 2828 784 Recusa
2860 728 2975 781 haec
3006 725 3173 781 editio
3205 720 3404 776 additis
3430 720 3723 778 Frontonis
3747 719 3942 776 Duczei
3955 718 4123 785 notis,

2545 818 2720 875 Paris.
2753 818 2915 882 1629,
2940 817 3035 871 fol.
3056 859 3069 883 ,
3099 825 3155 872 et
3184 814 3366 869 minus
3396 814 3681 867 emendate
3709 813 3868 880 1641,
3899 810 4037 873 ibid.
4072 818 4128 866 et

2545 910 2786 964 Colonia:
2816 910 2954 979 (sive
2982 908 3309 976 Witeberga:
3332 901 3560 973 potius),
3594 903 3753 969 1688,
3783 905 3879 959 fol.

2616 1003 2952 1059 Clementem
2986 1001 3140 1055 Alex.
3171 994 3682 1053 emendatissimum
3720 1005 3776 1051 et
3811 1006 4032 1052 auctum
4067 1010 4128 1052 se

2545 1094 2767 1159 habere,
2815 1104 2869 1149 et
2912 1095 2964 1148 in
3011 1093 3159 1146 notis
3185 1090 3251 1145 ad
3297 1090 3474 1158 ipsum
3506 1084 3841 1140 Clementem
3870 1088 4128 1142 emcnda-

2545 1188 2724 1241 tioncs
2769 1184 2977 1240 lleinsii
3016 1184 3305 1252 diligenter
3327 1179 3771 1234 examinaturum
3804 1192 3863 1231 se
3885 1180 4015 1233 olim
4048 1189 4128 1233 te-

2543 1285 2722 1333 status
2777 1286 2860 1332 est
2899 1274 2948 1330 J.
2999 1274 3198 1329 Croius
3241 1287 3363 1340 cap.
3408 1270 3474 1324 21
3539 1267 3835 1323 Obseruatt.
3880 1269 3937 1320 in
3985 1268 4122 1324 Nov.

2545 1364 2687 1419 Test.
2712 1408 2727 1429 ,
2764 1382 2889 1436 pag.
2914 1365 3039 1419 172.
3072 1363 3178 1418 Sed
3205 1362 3298 1415 illa
3327 1359 3623 1415 Clementis
3645 1357 3811 1413 editio
3842 1372 4122 1428 nunquam

2543 1458 2763 1526 prodiit.

2612 1548 2669 1602 1n
2709 1551 3037 1604 bibliotheca
3087 1547 3347 1602 Jesuitica
3397 1546 3543 1615 leges
3590 1543 3924 1598 Clementem
3966 1543 4123 1596 Alex.

2541 1638 2683 1693 notis
2707 1639 3035 1693 illustratum
3056 1653 3085 1691 a
3106 1635 3312 1690 Jacobo
3339 1634 3604 1699 Desbans,
3629 1631 3684 1686 S.
3712 1631 3788 1699 .Ι.;
3814 1647 4004 1686 verum
4027 1648 4129 1687 nec

2541 1731 2647 1785 illa:
2687 1740 2832 1785 notae
2857 1731 3013 1785 editae
3044 1737 3190 1783 sunt.

2610 1844 2827 1899 Plenior
2859 1843 3101 1908 caeteris,
3133 1844 3335 1899 cultior
3367 1851 3422 1896 et
3462 1858 3527 1897 ex
3566 1841 3722 1897 codd.
3761 1841 4122 1908 emendatior,

842 1930 1110 1985 Clement.
1139 1932 1335 2000 Alex.,
1364 1936 1457 1989 ubi
1483 1951 1703 2005 quoque
1735 1948 2005 1992 memorat
2044 1938 2204 1993 codd.
2236 1938 2434 2007 Palat.,
2469 1926 2513 1981 Β
2542 1937 2630 1992 ed.
2674 1952 2798 1991 cum
2849 1936 2995 1989 natis
3031 1934 3306 2007 Syiburgii
3328 1976 3341 1996 ,
3393 1932 3602 1988 Hcinsii
3628 1973 3643 1997 ,
3687 1931 3864 1987 Wilb.
3909 1932 4122 1989 Lowthi

841 2021 898 2072 in
925 2037 1161 2091 quorum
1192 2042 1301 2079 uno
1332 2034 1539 2080 recent.
1571 2025 1673 2080 fuit
1714 2026 2067 2099 Pwdagogus,
2104 2031 2158 2083 in
2193 2032 2318 2086 aliis
2346 2047 2442 2087 ex-

842 2122 1054 2178 ccrpla;
1091 2122 1255 2182 atque
1281 2116 1403 2169 cod.
1444 2114 1588 2169 Cuil.
1613 2115 1899 2188 Xylandri.
1933 2120 2101 2173 Hann.

912 2202 1102 2259 Graece
1134 2207 1338 2275 scripta
1382 2208 1684 2263 Clementis
1710 2251 1725 2276 ,
1769 2211 2036 2269 hactenus
2088 2227 2392 2272 memorata
2423 2260 2439 2285 ,

840 2294 1167 2362 prodierunt
1189 2315 1219 2353 e
1246 2300 1378 2355 bibl.
1415 2300 1677 2366 Mcdicea,
1716 2304 1918 2359 collato
1946 2305 2013 2359 ad
2043 2305 2439 2377 Protreptioum

831 2398 886 2443 ct
931 2385 1299 2462 ijayogum
1339 2393 1503 2445 etiam
1560 2392 1780 2448 Rodulli
1826 2394 1950 2460 Pii,
1998 2399 2261 2454 antistitis
2306 2399 2438 2455 Car-

830 2483 1050 2554 pensis,
1098 2484 1323 2552 codice,
1379 2496 1695 2542 recensente
1732 2486 1895 2543 Petro
1950 2487 2234 2556 Victorio,
2277 2494 2437 2563 cujus

830 2575 1085 2647 praefatio
1131 2578 1200 2633 ad
1243 2578 1560 2633 Marcellum
1610 2581 1932 2649 Corvinum,
1980 2585 2321 2639 cardinalem
2373 2586 2430 2642 S.

830 2669 1029 2725 Crucis
1063 2672 1276 2741 (postea
1311 2688 1408 2743 per
1449 2687 1567 2727 χχιι
1614 2673 1733 2728 dies
1763 2658 2074 2744 pontiﬁcem
2108 2675 2253 2730 Max.
2288 2677 2432 2732 Mar-

832 2760 1034 2815 cellum
1084 2760 1173 2828 ll),
1221 2763 1553 2832 prteligitur,
1603 2763 1895 2818 Florentia:
1932 2764 2116 2832 1550,
2162 2765 2260 2820 fol.
2306 2765 2431 2822 Haec

832 2851 1004 2907 editio
1034 2869 1200 2907 manu
1228 2853 1452 2923 Josephi
1489 2854 1756 2925 Scaligeri
1783 2856 1992 2925 passim
2031 2867 2218 2912 notata
2250 2857 2352 2913 fuit
2379 2860 2431 2911 in

832 2946 1164 3001 bibliotheca
1191 2945 1412 3003 Graevii.
1456 2947 1677 3002 FABRIC.
1710 2949 2027 3020 Exemplar,
2070 2952 2125 3005 in
2160 2952 2436 3005 membra-

833 3039 924 3094 nis
978 3039 1332 3108 imprcssum,
1374 3050 1553 3094 exstat
1598 3040 1867 3107 Florent.,
1922 3044 1978 3096 in
2024 3043 2157 3097 bibl.
2209 3042 2435 3112 Maglia-

830 3130 1019 3197 bech.,
1054 3131 1164 3185 vid.
1200 3130 1435 3185 Bamlini
1485 3142 1593 3186 eat.
1627 3133 1786 3189 codd.
1839 3133 1936 3190 Cr.
1985 3134 2182 3189 Medic.
2225 3151 2265 3200 ι,
2305 3151 2431 3207 pag.

835 3222 924 3287 12,
965 3231 1021 3277 et
1055 3222 1110 3277 in
1160 3222 1313 3292 praef.
1348 3225 1631 3293 praemissa
1664 3224 1797 3279 edit.
1832 3223 2201 3292 Epistolarum
2231 3225 2430 3281 claror.

835 3310 1105 3365 Italorum
1136 3322 1186 3366 et
1219 3311 1469 3367 German.
1494 3355 1506 3375 ,
1542 3322 1648 3368 etc.
1671 3354 1686 3374 .
1720 3311 1991 3378 Florcnt.,
2026 3315 2188 3380 1759,
2224 3324 2357 3369 tom.
2394 3317 2434 3375 Ι,

834 3420 891 3474 p.
918 3421 1052 3470 XLII,
1096 3414 1260 3475 atque
1282 3405 1618 3477 Hamberger
1648 3406 1707 3460 Ζ.
1742 3405 1806 3460 Ν.
1845 3422 1907 3472 ιι,
1954 3423 2007 3476 p.
2048 3406 2176 3460 189.
2214 3405 2271 3459 1n
2301 3407 2431 3461 bibl.

833 3494 1090 3551 Leidensi
1118 3508 1202 3552 est
1230 3498 1531 3567 exemplar,
1561 3499 1648 3553 cui
1681 3498 1946 3553 nonnulla
1976 3498 2231 3568 ascripsit
2263 3496 2428 3553 Hadr.

831 3585 1055 3642 Junius.
1089 3587 1290 3657 (Catal.
1327 3588 1496 3655 bibl.,
1536 3604 1591 3657 p.
1636 3588 1751 3656 55.)
1786 3586 1956 3641 ll.\nt..

906 3679 986 3733 Ex
1019 3682 1343 3736 recensione
1381 3690 1435 3736 et
1477 3697 1604 3736 cum
1637 3681 2093 3751 castigationibus
2125 3681 2273 3736 Frid.
2312 3681 2432 3753 Syl-

832 3773 1037 3843 bnrgii.
1086 3772 1457 3844 Hcidclbergzr
1485 3790 1573 3845 ap.
1615 3774 1943 3829 Commelin.
1980 3774 2138 3840 1592,
2174 3774 2269 3828 fol.

913 3863 1107 3918 Latine
1140 3863 1506 3933 Protrepticus
1547 3874 1601 3920 et
1639 3863 1971 3935 Pwdagogus
1995 3864 2267 3919 Gentiano
2297 3864 2432 3920 11er-

832 3965 984 4021 veto,
1032 3966 1087 4010 et
1122 3957 1243 4011 libri
1284 3974 1381 4011 vm
1429 3956 1760 4013 Stromatum
1795 3957 2028 4028 Cyriaco
2063 3957 2286 4011 Strozza
2313 3959 2427 4029 (Ξὸ)

834 4049 1167 4121 interprete,
1220 4050 1465 4105 Floreat.
1512 4050 1675 4116 1551,
1718 4050 1837 4116 fol.,
1881 4052 2026 4121 apud
2070 4050 2426 4107 Laurentium

836 4141 1231 4200 Torrentinum
1243 4187 1256 4198 .

909 4237 1297 4307 Protrepticas,
1346 4238 1680 4309 Pwdagogus
1716 4246 1770 4292 et
1812 4235 2088 4293 Stromata
2131 4237 2244 4307 (26)
2286 4235 2426 4290 Gen-

834 4336 990 4389 tiano
1023 4331 1259 4387 Hervcto
1289 4375 1302 4398 ,
1352 4335 1649 4388 Aureliano
1706 4343 1761 4388 et
1809 4330 2069 4387 Ecclesia:
2137 4331 2424 4385 Remensis

836 4437 1029 4499 postea
1074 4428 1363 4494 canonico,
1410 4429 1722 4497 interprete,
1755 4443 1881 4483 cum
1913 4426 2035 4496 ejus
2063 4426 2286 4482 scholiis
2315 4424 2421 4480 Ba—

836 4525 923 4579 sil.
977 4523 1152 4588 1556,
1185 4523 1315 4587 fol.,
1350 4539 1440 4591 ap.
1476 4522 1710 4576 Froben.
1754 4532 1808 4576 et
1844 4521 2014 4586 1566,
2062 4519 2157 4574 fol.
2180 4560 2195 4585 ,
2241 4518 2416 4573 Paris.

2542 2027 2887 2093 aliorumque
2938 2023 3053 2078 VV.
3119 2024 3225 2077 DD.
3279 2033 3363 2080 est
3414 2039 3445 2079 a
3482 2022 3705 2079 Pottero
3754 2036 3982 2080 curata:
4028 2028 4124 2096 qui

2544 2118 2936 2187 Protrepticum
2971 2120 3037 2173 de
3070 2119 3282 2188 integro
3319 2117 3499 2182 vertit,
3543 2118 3598 2171 in
3645 2119 3856 2173 caeteris
3887 2120 4124 2189 castiga-

2541 2210 2636 2273 vit,
2681 2211 2746 2263 ad
2784 2208 2973 2265 Graeca
3027 2210 3535 2279 interpretationem
3591 2206 3846 2275 Herveti,
3907 2209 4123 2279 aliaque

2539 2302 2737 2371 adjecit
2770 2302 2945 2356 utilia.
2978 2301 3075 2357 Est
3099 2311 3279 2355 autem
3307 2301 3605 2371 inscripta:

2607 2414 3007 2485 Κλήμεντος-
3024 2412 3308 2469 Clementis
3330 2413 3486 2469 Alex.
3513 2412 3685 2483 Opera
3709 2431 3826 2485 qua:
3868 2425 4083 2470 exstant
4099 2458 4118 2483 ,

2538 2506 2807 2575 recognita
2839 2515 2890 2558 et
2917 2505 3195 2560 illustrata
3220 2523 3312 2576 per
3353 2505 3409 2561 1.
3464 2506 3761 2571 Potterum,
3801 2508 4119 2578 episcopum

2536 2597 2927 2652 Oxoniensem.
2958 2595 3179 2665 Oxonii,
3206 2616 3236 2653 e
3265 2599 3474 2653 theatro
3498 2598 3759 2657 Sheldon.
3785 2610 3988 2668 sumpt.
4017 2599 4115 2655 Cc.

2534 2688 2802 2744 Mortlock
2828 2730 2844 2757 ,
2883 2690 3112 2760 bibliop.
3163 2689 3497 2746 Londinens.
3556 2690 3694 2745 1715
3720 2732 3734 2756 ,
3786 2690 3880 2744 fol.
3923 2691 4119 2746 Addita

2536 2789 2665 2835 sunt
2719 2781 3120 2850 supplementa,
3161 2796 3192 2834 a
3235 2778 3386 2834 Fello
3414 2779 3704 2849 lttigioque
3729 2778 3895 2845 edita,
3923 2791 3977 2833 et
4009 2778 4119 2832 fra-

2534 2879 2754 2941 gmenta
2777 2886 2809 2925 a
2838 2870 3043 2925 Crabio
3058 2871 3308 2925 collecta.
3328 2870 3589 2940 Adjectus
3615 2882 3696 2926 est
3720 2870 3936 2925 llerveti
3962 2869 4121 2926 Com-

2536 2972 2698 3016 ment.
2749 2965 2805 3019 in
2843 2964 2976 3033 Opp.
3023 2965 3330 3019 Clementis.
3378 2963 3441 3021 V.
3483 2965 3620 3019 Acta
3656 2965 3806 3018 erud.
3842 2981 3894 3018 a.
3934 2964 4072 3018 1717
4097 3002 4115 3028 ,

2537 3068 2658 3122 pag.
2688 3053 2788 3118 97,.
2813 3071 2935 3124 sqq.
2969 3085 3041 3095 —
3066 3055 3279 3110 Recusa
3307 3064 3393 3110 est
3429 3055 3517 3109 illa
3545 3056 3712 3111 editio
3747 3054 4008 3120 Venetiis,
4049 3070 4116 3108 ex

2537 3153 2751 3213 typogr.
2809 3144 2938 3198 Ant.
2985 3146 3351 3215 Zatta,1757,
3388 3146 3429 3200 ll
3461 3148 3588 3202 voll.
3624 3148 3678 3202 in
3710 3146 3804 3202 fol.
3836 3162 3961 3202 cum
4001 3145 4117 3200 fra-

2544 3234 2782 3301 gmentis
2812 3237 2971 3290 novis
3022 3252 3088 3290 ex
3120 3236 3396 3304 Fabricio,
3438 3253 3504 3292 ac
3561 3236 3681 3291 Vita
3726 3236 4022 3291 Clementis
4049 3252 4116 3288 ex

2496 3309 2507 3325 ’
2545 3336 2692 3380 ιυιιιο
2716 3325 2781 3379 lll
2827 3328 3054 3383 Adriani
3110 3329 3301 3385 Daillet
3323 3330 3607 3399 desumpta
3652 3339 3705 3383 et
3754 3327 3943 3382 Latine
3995 3328 4118 3381 red-

2539 3418 2673 3472 dita.
2707 3417 2991 3475 Fabricius
3029 3431 3209 3475 autem
3252 3422 3576 3491 fragmenta,
3608 3436 3730 3491 qua:
3771 3420 3825 3473 in
3867 3420 4116 3488 exemplo

2536 3509 2740 3565 Potteri
2771 3513 2969 3579 partim
3007 3513 3355 3567 solummodo
3403 3511 3589 3567 Graece
3634 3521 3870 3578 exstant,
3916 3514 4114 3582 partim

2537 3607 2590 3659 in
2622 3622 2688 3660 eo
2719 3607 3121 3670 desiderantur,
3155 3622 3219 3660 ex
3264 3607 3422 3661 codd.
3472 3622 3607 3660 mss.
3641 3615 3737 3659 aut
3776 3606 3931 3659 libris
3955 3606 4116 3660 editis

2536 3699 2847 3768 collegerat,
2874 3706 2927 3752 et
2949 3697 3041 3753 Gr.
3073 3713 3140 3752 ac
3161 3697 3283 3751 Lat.
3313 3698 3618 3768 publicarat
3649 3698 3715 3752 ad
3740 3699 3943 3752 calcem
3979 3708 4112 3752 tom.

2536 3789 2577 3842 ll
2630 3788 2766 3859 Opp.
2817 3788 3087 3860 Hippolyti
3134 3791 3203 3845 ab
3246 3790 3368 3858 ipso
3410 3790 3497 3844 ed.
3541 3805 3665 3859 pag.
3714 3789 3817 3855 66,
3870 3806 3992 3859 sqq.
4045 3820 4117 3829 —-

2534 3883 2751 3952 Fragm.
2778 3895 2908 3937 sunt
2927 3897 3145 3953 quoque
3175 3884 3228 3937 in
3263 3883 3532 3938 Callandii
3555 3882 3697 3937 Bibl.
3731 3894 3853 3937 vett.
3887 3882 4115 3937 Patrum

2534 3973 2597 4032 ll.
2633 3991 2754 4043 pag.
2792 3975 2914 4029 155.
2945 3974 3113 4029 11Αιιι..

2604 4068 2681 4119 De
2723 4069 2940 4138 scriptis
2979 4067 3279 4125 Clementis
3305 4068 3663 4124 Alexandrini
3697 4068 4116 4137 diligentissime

2530 4160 2639 4227 egit
2663 4158 2916 4215 Nirolaus
2948 4160 3222 4218 Nourrius
3258 4163 3402 4217 libro
3435 4162 3595 4216 tertio
3631 4162 3842 4230 integro
3872 4162 4116 4229 Appara-

2529 4262 2612 4305 tus
2636 4253 2704 4304 ad
2731 4252 3112 4308 Brltliothecam
3135 4255 3398 4319 Patrum;
3430 4271 3552 4308 nam
3578 4265 3629 4309 et
3651 4254 3803 4321 anal}
3816 4254 3897 4306 sin
3923 4255 4113 4323 singu-

2529 4344 2704 4396 lorum
2749 4354 2872 4413 post
2914 4347 3287 4400 Abrahamum
3328 4344 3653 4406 Scultctum,
3684 4343 3967 4412 Eliamquc
4003 4344 4113 4397 Du-

2529 4436 2736 4504 pinium
2759 4437 2908 4491 dedit
2940 4438 3266 4507 pleniorem,
3300 4448 3354 4490 et
3380 4438 3445 4488 dc
3473 4435 3718 4488 doctrina
3750 4436 3920 4501 ipsius
3945 4445 4112 4503 atque

2527 4527 2594 4581 ad
2641 4528 2790 4582 varia
2833 4528 3137 4583 Clementis
3173 4530 3287 4581 loca
3330 4526 3740 4579 observationes
3776 4542 3970 4595 magno
4011 4543 4115 4579 nu-

837 4615 1001 4680 1566,
1053 4614 1115 4680 8,
1162 4614 1301 4669 1572
1335 4624 1390 4667 et
1416 4612 1576 4675 1590,
1607 4612 1703 4666 fol.
1728 4652 1743 4675 ,
1776 4622 1829 4665 et
1868 4612 2103 4681 denique
2135 4611 2188 4664 in
2224 4610 2428 4665 Biblio-
2464 4618 2503 4670 D
2538 4636 2597 4673 ιιι.

2351 4612 2428 4662 ίο·
2464 4618 2503 4670 D
2538 4635 2713 4688 mero,
2753 4631 2806 4675 et
2858 4619 3402 4689 Chronograpbicam
3455 4617 3700 4670 tabulam
3754 4618 3962 4671 addidit
4002 4635 4111 4687 qua

837 4711 990 4763 theca
1028 4708 1255 4762 Patrum
1298 4707 1642 4777 L’tgduuensi
1684 4716 1818 4761 tom.
1849 4705 1948 4769 Ill,
1996 4722 2047 4759 a.
2098 4705 2255 4767 1677,
2288 4705 2419 4768 fol.,

836 4820 900 4858 ex
955 4801 1092 4856 Dan.
1138 4801 1346 4855 Heinsii
1392 4803 1789 4871 recognitione,
1839 4811 1895 4854 et
1942 4799 2166 4854 scholiis
2208 4797 2423 4851 HCI‘VCU

836 4898 1077 4953 omissis.

910 4988 1097 5045 (ἔκθορε
1120 4998 1174 5044 et
1222 4988 1415 5042 Latine
1462 5004 1586 5044 cum
1628 4987 1843 5041 llervcti
1881 4985 2132 5039 versione
2163 5001 2256 5053 per
2288 4985 2420 5039 Dan.

841 5085 1127 5140 lleinsium
1184 5084 1497 5150 recensita,
1549 5085 1803 5151 notisque
1859 5090 1913 5134 et
1971 5080 2424 5150 castigationibus

841 5178 993 5234 Frid.
1023 5177 1295 5251 Sylburgii
1317 5190 1370 5231 et
1396 5177 1636 5232 Danielis
1660 5174 1891 5238 Heinsii,
1920 5173 2091 5244 Lugd.
2118 5173 2237 5227 Bat.
2267 5172 2423 5236 1616,

837 5270 937 5326 fol.
987 5268 1112 5324 llaec
1155 5270 1323 5323 editio
1371 5285 1493 5325 cum
1538 5267 1788 5338 pluribus
1836 5269 1980 5320 notis
2025 5283 2158 5321 mss.
2206 5265 2427 5319 Davidis

836 5362 1109 5418 Biondelli
1154 5364 1256 5416 fuit
1298 5363 1352 5415 in
1390 5361 1723 5416 bibliotheca
1757 5360 2030 5414 Samuelis
2068 5358 2286 5413 Cruteri
2335 5372 2427 5410 es-

838 5453 1105 5507 elcsiasta:
1137 5451 1532 5506 llarlcmensis.

911 5547 1083 5601 Clem.
1119 5546 1273 5600 Alex.
1304 5548 1635 5612 Admonitio,
1680 5547 1992 5615 Pwdagog.,
2028 5544 2284 5598 Stromat.
2330 5542 2431 5594 La-

917 5699 1323 5771 [25)1’apirins
1381 5700 1670 5755 Massonus
1722 5699 1959 5754 Str-0.2m:
2020 5698 2139 5752 l'ita
2205 5710 2337 5752 tom.
2384 5695 2425 5748 ll

841 5773 1111 5841 Elogior.,
1230 5771 1337 5825 2:29
1365 5792 1374 5824 :
1411 5772 1687 5826 Stromata
1714 5773 1836 5824 item
1870 5770 2151 5824 Clementis
2186 5770 2423 5823 Alexan-

841 5842 1006 5893 drini.
1027 5842 1129 5893 mlo
1155 5859 1329 5893 esccns
1369 5860 1481 5893 rnm
1512 5854 1666 5893 esset.
1710 5844 1907 5893 mimus
1939 5843 2170 5893 omnium
2212 5839 2423 5893 Latini-

841 5839 1329 5903 dririi,adolesct‘ns
1369 5860 1481 5896 rum
1512 5854 1666 5905 esset,
1708 5844 1907 5911 primus
1939 5843 2170 5896 omnium
2212 5839 2423 5893 Latini-

845 5924 951 5969 tate
980 5912 1210 5968 donarit.

2530 4713 2829 4769 Cletnentis
2855 4712 3172 4782 supputatio
3202 4726 3326 4764 cum
3359 4709 3666 4764 Euscbiana
3687 4722 3740 4764 et
3770 4710 4111 4782 Syncclliana

2530 4803 2834 4868 confertur,
2869 4814 2923 4858 et
2965 4804 3032 4856 de
3078 4800 3419 4865 auctoribus,
3450 4816 3588 4869 quos
3620 4801 3803 4856 laudat
3831 4802 4107 4859 Clemens.

2532 4897 2812 4965 copiosius
2835 4895 3115 4950 disseruit.
3158 4892 3335 4949 Paris.
3376 4893 3533 4959 1705,
3573 4895 3667 4949 fol.
3701 4912 3754 4966 p.
3811 4895 4107 4950 622-1562.

2535 4987 2668 5041 Vide
2701 4990 2864 5043 etiam
2898 5004 3019 5055 qua:
3050 4986 3117 5039 de
3146 4984 3441 5041 Clementis
3476 4988 3724 5041 doctrina
3759 4988 3967 5041 notavit
3995 4987 4109 5039 ltti-

2532 5086 2652 5151 gius
2677 5085 2731 5137 in
2765 5084 2981 5139 selectis
3014 5080 3157 5134 llist.
3190 5081 3369 5135 errles.
3401 5085 3690 5153 capitibus,
3720 5092 3852 5137 seet.
3887 5080 3947 5143 ll,
3982 5096 4105 5149 pag.

2529 5175 2656 5237 230,
2686 5190 2767 5243 sq.
2802 5174 2967 5226 Fxnn.
3016 5170 3103 5233 Iis,
3151 5187 3270 5240 qua:
3301 5191 3424 5227 cum
3458 5175 3658 5244 passim
3689 5174 3754 5227 ad
3788 5173 3889 5224 lmc
3922 5182 4109 5240 caput,

2532 5275 2646 5318 tum
2682 5267 2734 5319 in
2761 5266 2962 5319 Introd.
2993 5265 3046 5318 in
3086 5265 3227 5319 Hist.
3258 5266 3379 5320 Lat.
3406 5267 3501 5323 (ἐν.
3535 5265 3599 5328 11,
3624 5265 3678 5329 2,
3712 5280 3832 5332 pag.
3861 5263 3987 5327 $09,
4024 5265 4110 5319 iu-

2530 5359 2706 5411 dicavi
2733 5359 2955 5425 scripta,
2982 5358 3104 5411 addi
3139 5372 3392 5428 possunt:

2607 5452 2643 5503 Ι.
2676 5449 2740 5504 G.
2777 5449 3006 5505 Walchii
3041 5450 3329 5507 Excreitat.
3370 5451 3435 5505 de
3463 5449 3739 5502 Clemente
3774 5446 3927 5500 Alex.
3958 5447 4107 5517 θξιιθν

2532 5561 2638 5613 quo
2687 5545 2987 5610 erroribus,
3022 5544 3157 5601 lenae
3188 5546 3345 5609 1757,
3377 5544 3431 5607 4,
3464 5558 3572 5596 rec.
3621 5541 3673 5593 itt
3714 5538 3953 5608 ejusdem
3994 5539 4107 5595 Mi-

2605 5703 2717 5770 (26)
2759 5700 2813 5755 In
2849 5704 3099 5757 Centiani
3142 5700 3394 5754 versione
3421 5693 4105 5770 etcommentariisplura

2532 5764 2879 5842 reprehendit
2903 5773 3382 5842 Nourritts._quctn
3419 5768 3539 5819 vidi:
3579 5766 3846 5842 tlpparaﬁtu
3873 5765 3939 5817 ad
3961 5764 4105 5818 Bibl.

2533 5833 2777 5900 Γάτιιιιη.
2815 5863 2913 5916 pag
2962 5844 3064 5893 9W2
3087 5858 3162 5910 sq.
3195 5833 3264 5910 [ut
3304 5840 3550 5892 l’ultt‘t‘tts
3576 5837 3627 5890 itt
3665 5833 3863 5907 prmi].
