4456 6564
277 502 330 560 21
1328 497 1611 557 ΝΟΤΙἸῚΑ
1649 493 2037 551 HlSTOlllCO-

1766 492 2491 551 TOlllCO-LITTERARIA.
3448 488 3523 541 22

274 622 558 677 tcell.sacr.
588 634 711 690 pag.
748 619 871 688 510,
900 621 991 677 lib.
1031 638 1115 678 ιιι.
1139 652 1208 661 ——-
1230 621 1282 677 J.
1310 619 1548 685 Fabric.,
1597 620 1651 673 in
1683 618 1826 674 Hist.
1861 627 1907 683 Α
1935 619 2191 674 observat.
2241 617 2350 670 vel.
2383 613 2471 679 IV,
2503 622 2632 669 tom.
2669 611 2710 679 1,
2752 627 2875 682 pag.
2901 612 2989 679 τε,
3017 619 3221 681 sqq.,et
3252 609 3317 663 li.
3357 610 3515 665 Obss.

273 712 494 767 biblioth.
525 709 887 781 Fabriciana',
917 715 955 781 I,
983 732 1104 787 pag.
1137 713 1202 767 78
1223 728 1311 783 sq.

330 800 603 856 Fabricius
634 800 688 854 in
724 801 939 858 Delectu
968 815 1403 875 argumentorum
1436 842 1450 857 .
1482 842 1495 856 .
1530 841 1544 856 .
1579 818 1673 870 pro
1700 801 1837 854 reri-

270 904 365 947 tate
386 893 535 961 relig.
552 890 749 949 Christ.
770 911 888 966 pag.
910 897 1000 965 58,
1019 911 1162 965 sqq.,
1186 895 1275 948 ubi
1301 894 1369 948 de
1383 892 1660 949 Clemente
1678 892 1831 947 Alex.

267 984 384 1053 agit,
414 984 658 1052 quaedam
690 987 859 1054 addit,
892 1005 1014 1057 qua:
1048 988 1139 1041 hic
1170 996 1449 1055 repetam:

335 1093 351 1124 ι
368 1074 644 1134 Adversus
662 1079 1191 1143 Gnil.Whistonum,
1210 1078 1305 1147 qui
1321 1077 1615 1133 Clementis
1635 1080 1831 1149 scripta

265 1176 504 1237 tanquam
530 1170 793 1240 juvenilia
830 1172 1150 1233 contemnit,
1186 1172 1229 1223 l.
1263 1170 1393 1225 Ern.
1423 1171 1657 1228 Grabius
1686 1175 1740 1229 in
1769 1176 1835 1228 li-

266 1258 391 1314 bello
436 1264 730 1329 posthumo
774 1266 929 1319 Same
962 1265 1227 1317 instances
1263 1263 1326 1331 of
1373 1263 1454 1316 the
1499 1265 1692 1335 defects
1727 1268 1831 1319 and

263 1354 524 1409 omissions
551 1358 605 1409 in
632 1356 733 1411 Mr.
770 1356 1042 1410 Whistons
1075 1354 1351 1408 collection
1402 1357 1465 1425 of
1484 1358 1829 1421 testimonies,

263 1442 643 1513 Londin.17l‘2,
663 1444 845 1514 8(27),
865 1461 989 1515 pag.
1013 1446 1355 1507 11.ostendit
1376 1464 1440 1504 ex
1465 1449 1556 1503 lib.
1586 1466 1600 1503 ι
1628 1448 1826 1504 Stront.

261 1550 372 1606 pag.
401 1536 529 1601 276,
557 1538 668 1608 jam
698 1538 923 1607 χρόνου
942 1534 1138 1604 μῆκος
1193 1538 1590 1606 intercessisse,
1624 1557 1691 1595 ex
1720 1557 1831 1611 quo

261 1631 543 1700 magistros
571 1647 702 1687 suos
732 1631 1012 1684 audiverat
1038 1630 1310 1696 Clemens,
1344 1650 1482 1703 quos
1519 1651 1572 1704 p.
1606 1636 1714 1689 274
1745 1644 1828 1689 te-

258 1731 443 1788 statur,
466 1734 653 1777 sancte
686 1736 934 1776 servasse
964 1720 1115 1775 beata
1138 1722 1409 1793 dagmata,
1439 1743 1561 1797 quae
1585 1743 1617 1782 a
1643 1726 1825 1792 Petro,

259 1809 476 1874 Jacobo,
511 1811 718 1866 Joanne
742 1820 795 1865 et
826 1811 995 1865 Paulo
1019 1824 1366 1884 acceperunt.

326 1921 345 1953 ‹
368 1901 536 1959 Notas
564 1904 619 1958 in
637 1904 971 1958 Clementem
994 1904 1211 1959 aﬂ‘eetas
1241 1922 1300 1962 se
1327 1908 1580 1964 habuisse
1598 1916 1827 1963 testatus

255 2002 334 2046 est
361 1993 609 2063 IEgidius
637 1993 938 2064 Menagius,
985 1995 1037 2048 in
1069 1995 1397 2069 Menagianis
1417 2040 1431 2063 ,
1475 2010 1604 2055 tom.
1639 2000 1678 2065 ll,
1706 2015 1827 2070 pag.
1864 1974 1905 2027 Β

255 2085 373 2141 585.

319 2198 335 2230 ι
364 2179 512 2236 lnter
534 2179 762 2235 Joannis
781 2178 963 2236 Maria:
998 2182 1208 2237 Borzini
1228 2185 1357 2238 0rd.
1384 2183 1606 2238 Prmdic.
1642 2185 1831 2241 affecta

256 2271 508 2338 opuscula
537 2271 805 2326 Oldoinus
832 2273 884 2325 in
913 2273 1163 2329 Athenaeo
1189 2275 1458 2344 Ligustico
1487 2275 1654 2329 refert
1678 2276 1835 2346 Logi-

255 2376 366 2415 cam
392 2362 699 2417 Clementis
734 2364 1083 2420 Alexandrini
1116 2369 1488 2435 explanatam.
1524 2386 1543 2418 ι

316 2448 364 2503 J.
408 2451 788 2507 Tribbechovii
822 2454 965 2508 Diss.
1009 2456 1071 2508 de
1096 2458 1204 2509 vita
1229 2466 1277 2509 et
1308 2456 1521 2525 scriptis
1548 2455 1832 2510 Clementis

253 2544 636 2609 Alexandrini,
669 2544 817 2600 Halae
858 2546 1104 2617 Magdeb.
1160 2546 1318 2610 1706,
1357 2548 1409 2600 4.
1441 2546 1567 2601 llaec
1613 2548 1831 2615 quidem

249 2635 382 2703 disp.
416 2636 555 2690 nihil
586 2638 711 2691 novi
740 2640 1012 2705 continet;
1049 2641 1148 2694 sub
1182 2640 1345 2694 linem
1388 2651 1567 2694 tamen
1596 2640 1663 2711 (§
1697 2658 1831 2694 ur-

249 2728 403 2796 xxxr)
444 2728 586 2783 bene
619 2730 949 2800 colliguntur
967 2740 1022 2784 et
1043 2742 1397 2785 recensentur
1426 2733 1557 2785 naevi
1576 2733 1831 2786 Clemen-

256 2820 340 2885 tis,
371 2823 611 2888 primum
644 2822 678 2874 ii
716 2824 804 2892 qui
833 2824 900 2876 ad
933 2824 1310 2893 philologiam,
1339 2825 1533 2878 deinde
1561 2826 1596 2877 ii
1633 2825 1727 2893 qui
1763 2826 1828 2878 a:|

246 2910 572 2981 theologiam
622 2914 915 2982 pertinent.
946 2942 1016 2951 -—
1038 2914 1219 2967 Altera
1258 2914 1499 2983 ejusdem
1520 2914 1569 2968 J.
1599 2914 1829 2969 Tribbe-

245 3001 417 3056 cltovii
457 3004 609 3058 Diss.
644 3006 696 3058 in
733 3006 1051 3060 Clementem
1083 3006 1533 3071 Alexandrinum,
1557 3023 1730 3076 eaque
1764 3011 1831 3061 de

244 3095 599 3164 pliilosOphi:e
648 3098 985 3163 definitione,
1030 3100 1310 3165 praemissa
1357 3098 1601 3167 pleniore
1630 3100 1830 3169 analysi

246 3187 399 3241 lthrit
433 3189 770 3243 Stromatum
814 3207 878 3244 ex
906 3192 1183 3260 Apparatu
1216 3190 1517 3246 Nourriiad
1551 3191 1835 3245 Bibliothe-

1939 728 2030 765 seu
2069 710 2409 778 conjectanea
2450 706 2690 778 quiedam
2731 706 2787 758 in
2815 703 2979 760 Clem.
3003 704 3157 757 Alex.
3188 701 3530 756 Stronmtum-

1945 802 2142 856 librum
2166 816 2205 864 ι,
2240 800 2371 855 ibid.
2406 815 2526 870 pag.
2564 799 2667 853 105
2693 813 2814 867 sqq.
2851 795 3020 851 "ARL.
3292 802 3297 807 ‘

2009 893 2151 948 Tho.
2182 891 2441 946 Holzclau
2478 891 2619 945 Diss.
2646 890 2708 943 de
2762 890 3024 945 Clemente
3069 900 3120 943 et
3165 893 3283 959 ejus
3327 889 3525 941 morali

1937 985 2203 1047 doctrina,
2232 982 2471 1039 Wirceb.
2500 984 2658 1047 1779,
2685 985 2735 1039 8.
2764 984 2899 1038 Add.
2936 981 3335 1045 Rosenmiillcr,
3372 982 3516 1036 Hist.

1940 1077 2172 1144 lnterpr.
2218 1074 2330 1129 LL.
2358 1074 2437 1141 S.,
2474 1088 2609 1130 tom.
2662 1074 2701 1139 l,
2736 1092 2787 1145 p.
2828 1074 2954 1129 209.
2986 1074 3207 1144 Flitgge,
3238 1074 3420 1129 Gesch.
3460 1077 3521 1130 d.

1938 1169 2097 1223 theol.
2134 1167 2293 1221 Wiss.
2326 1179 2457 1223 tom.
2489 1170 2530 1232 1,
2562 1184 2613 1238 ρ.
2643 1168 2743 1221 177
2778 1184 2887 1238 sq.,
2915 1167 3020 1222 545
3046 1183 3131 1237 sq.

2022 1303 2456 1372 Snpplcmentum
2496 1304 2727 1374 Operam
2760 1303 3038 1359 Clementis
3073 1305 3460 1360 Alexandrini-

2007 1441 2123 1497 Hoc
2149 1456 2273 1496 cum
2317 1443 2635 1513 praefatione
2677 1442 2898 1497 erudita
2921 1452 2973 1497 et
3006 1443 3269 1497 fasciculo
3304 1443 3519 1498 Misce-le

1936 1537 2210 1590 lauearum
2255 1538 2321 1592 ad
2352 1536 2488 1592 Hist.
2524 1537 2954 1591 ecclesiasticam
3009 1539 3369 1605 spectantium
3420 1537 3523 1589 ob-

1935 1629 2304 1683 servationum
2329 1630 2530 1685 editum
2563 1628 2761 1698 Lipsiae
2790 1627 2951 1689 1700,
2981 1628 3033 1693 8,
3063 1629 3131 1681 ab
3161 1630 3354 1682 eodem
3380 1645 3489 1697 prro
3502 1657 3539 1667 -κ

1933 1722 2084 1777 claro
2109 1721 2333 1775 doctore
2351 1738 2490 1787 meo,
2511 1723 2718 1776 'l‘homa
2747 1721 2946 1791 Ittigio,
2970 1721 3349 1790 complectitur
3367 1722 3480 1792 (:28)
3505 1740 3517 1775 :

2004 1816 2057 1869 1.
2112 1814 2336 1869 Librum
2392 1812 2539 1882 pium
2588 1824 2642 1867 et
2689 1814 2926 1868 lectione
2969 1814 3021 1867 in
3057 1815 3244 1883 primis
3268 1815 3519 1885 dignum,

1933 1908 2025 1976 qui
2057 1906 2405 1961 inscribitur:
2432 1905 2524 1965 Τίς
2556 1906 2583 1957 ὁ
2617 1904 2923 1975 σωζόμενος
2952 1906 3238 1971 πλούσιοςς
3277 1906 3408 1972 Quis
3436 1908 3527 1960 di-

1935 2017 2019 2053 ves
2047 2000 2281 2054 salvetur
2304 2001 2347 2051 ?'
2370 1998 2642 2055 Clementi
2677 1999 2765 2052 hic
2795 1999 2997 2053 diserte
3028 1999 3289 2053 tribuitur
3317 1998 3386 2053 ab
3412 1998 3523 2053 Eu—

1932 2089 2111 2155 sebio,
2136 2105 2218 2155 ιιι,
2244 2089 2335 2154 23,
2365 2105 2442 2155 vr,
2468 2090 2555 2153 13,
2583 2087 2917 2159 Hieronymo
2957 2088 3191 2157 aliisque
3224 2099 3280 2144 et
3304 2087 3535 2154 Photio,

1934 2182 2023 2250 qui
2058 2182 2244 2236 codice
2273 2196 2359 2235 cst
2394 2190 2625 2235 testatur
2659 2181 2714 2233 in
2764 2180 3091 2249 quibusdam
3118 2181 3525 2250 exemplaribus

1936 2268 2081 2322 hunc
2133 2268 2375 2323 libellum
2430 2267 2601 2323 fuisse
2636 2269 2757 2322 loco
2797 2270 2974 2322 octavi
3015 2268 3346 2325 Stromatum
3372 2272 3521 2326 libri.

1938 2359 2092 2416 Unde
2120 2378 2230 2415 non
2266 2362 2495 2424 mirum,
2525 2362 2668 2430 quod
2695 2362 3020 2417 Anastasius
3054 2362 3267 2417 Sinaita
3300 2364 3352 2417 in
3380 2367 3526 2435 psal-

1937 2469 2084 2506 mum
2124 2469 2174 2506 Vl
2204 2452 2311 2524 (ap.
2343 2452 2637 2508 Counbclis.
2671 2464 2803 2508 tom.
2834 2452 2851 2505 l
2882 2456 3103 2507 Auctar.
3139 2456 3361 2522 noviss.,
3399 2473 3522 2527 pag.

1936 2544 2095 2614 966),
2124 2544 2192 2597 ἐκ
2222 2562 2382 2610 τινος
2415 2543 2532 2597 τῶν
2561 2547 2985 2614 στρωματικῶν
3017 2545 3301 2600 Clementis
3328 2551 3528 2618 λόγων

1939 2637 2133 2692 θίῐθιτθ
2162 2652 2219 2691 se
2248 2638 2322 2690 ait
2370 2640 2742 2691 narrationem
2776 2639 2842 2691 de
2864 2638 3073 2693 Joanne
3103 2643 3354 2709 apostolo
3377 2683 3391 2707 ,
3430 2644 3488 2711 ju
3509 2675 3526 2682 -

1936 2746 2126 2785 venem
2173 2732 2447 2800 perditum
2494 2741 2856 2800 persequente
2890 2740 2944 2785 et
2985 2732 3050 2785 ad
3102 2733 3312 2804 frugem
3353 2736 3518 2790 redu-

1936 2832 2112 2888 conte,
2143 2838 2264 2891 qua:
2292 2824 2469 2892 capite
2503 2826 2696 2878 ultimo
2730 2824 2893 2892 lmjns
2930 2826 3052 2879 libri
3083 2836 3285 2890 exstat,
3326 2830 3526 2896 repeti-

1934 2922 2134 2984 turque
2178 2916 2305 2969 inde
2338 2918 2407 2969 ab
2456 2915 2689 2971 Eusebio
2732 2932 2812 2977 ιιι,
2844 2916 2926 2977 95,
2979 2916 3209 2980 llist.,et
3234 2918 3355 2972 aliis
3386 2934 3524 2987 (ιιιεις

1936 3007 2147 3059 laudavi
2179 3008 2244 3061 ad
2272 3006 2502 3061 Abdiam
2530 3024 2582 3072 ν,
2610 3008 2663 3070 5,
2688 3022 2810 3077 pag.
2837 3006 2959 3061 536.
2983 3007 3197 3062 Codicis
3225 3010 3522 3079 apocryplu

1937 3098 2069 3152 Novi
2104 3100 2249 3154 Test.
2280 3100 2528 3154 meminit
2552 3101 2746 3155 iterum
2777 3099 3097 3154 Anastasius
3125 3115 3247 3169 pag.
3271 3100 3403 3163 934,
3432 3102 3542 3158 ubi,

1937 3192 2269 3247 Clementem
2317 3192 2422 3244 τὸν
2454 3192 2760 3258 ἱστορικὸν
2797 3191 3537 3261 Ἀλεξανδρείαςιιρροιιεξμ

240 3297 351 3333 cum
392 3282 512 3336 PP.
549 3286 856 3349 maximam,
896 3284 1044 3340 Halm
1070 3284 1223 3351 1706,
1244 3287 1297 3351 4,
1322 3287 1493 3342 estad
1544 3287 1825 3342 meliorem
1858 3306 1900 3361 ο
1936 3282 2104 3353 Igitur
2134 3282 2277 3337 haud
2308 3283 2474 3337 dubie
2500 3284 2795 3337 Clementis
2828 3293 2931 3345 est,
2960 3299 3066 3337 non
3096 3283 3372 3353 Origenis,
3398 3285 3527 3338 licet

241 3374 501 3430 librorum
534 3387 698 3445 atque
727 3378 1057 3432 iudiciorum
1083 3380 1442 3447 quorumdam
1466 3378 1636 3432 Clem.
1666 3379 1827 3435 intel-

240 3465 511 3533 ligentiam
568 3469 835 3522 interdum
870 3469 1157 3523 efﬁcacior.
1192 3469 1332 3523 Num
1368 3469 1827 3537 Tribbecltovius,

239 3573 392 3622 quem
417 3559 471 3610 in
511 3559 703 3613 ultima
728 3560 1067 3629 paragrapho
1097 3561 1413 3627 promisisse
1440 3561 1672 3623 videtur,
1695 3577 1829 3615 con-

238 3646 535 3702 tinuarerit
565 3649 833 3715 laborem,
859 3650 1110 3719 equidem
1145 3650 1362 3719 ignoro,
1395 3661 1450 3704 et
1479 3650 1593 3705 fere
1614 3652 1823 3706 dubito.

305 3738 354 3793 J.
384 3739 572 3795 Jortin
608 3742 827 3808 scripsit
872 3743 1019 3796 obss.
1053 3744 1106 3795 in
1141 3742 1409 3796 Clemeut.
1441 3742 1596 3796 Alex.
1628 3745 1679 3796 in
1713 3746 1828 3800 suis

237 3827 483 3882 liemarhs
542 3847 607 3883 on
653 3831 1029 3883 ecclesiastical
1080 3830 1325 3900 History,
1370 3831 1546 3889 Lond.
1599 3832 1708 3887 vol.
1756 3832 1828 3898 ll,

237 3923 390 3989 1751,
414 3926 470 3989 8,
504 3940 633 3995 pag.
664 3926 1015 3991 555;——vol.
1048 3927 1295 3993 11,1752,
1322 3942 1441 3996 pag.
1474 3927 1600 3989 378.
1630 3928 1754 3983 401.

300 4013 383 4069 J0.
416 4016 651 4084 Clistph.
688 4016 1051 4073 Dommericbi
1084 4020 1272 4089 Progr.
1306 4021 1369 4073 de
1410 4022 1570 4090 λόγῳ
1598 4018 1828 4075 Patrum

234 4110 534 4182 (praecipue
564 4111 766 4168 Justini
796 4116 1051 4172 martvris
1080 4126 1132 4170 et
1158 4117 1452 4172 Clementis
1481 4118 1825 4189 Alexandr.),

235 4201 572 4260 llelmstadt.
605 4206 744 4259 1760
766 4208 858 4273 ,4.
895 4206 970 4262 De
997 4207 1140 4277 λόγῳ
1170 4207 1339 4262 Clem.
1376 4218 1533 4264 acute
1561 4210 1828 4280 docteque

235 4294 517 4351 Semlerus
546 4312 767 4367 quoque
796 4297 1035 4366 disputat
1058 4298 1095 4351 l.
1131 4312 1294 4367 supra
1321 4299 1442 4365 cit.,
1467 4330 1538 4339 —
1578 4310 1742 4370 atque
1774 4298 1829 4353 J.

234 4385 327 4437 Ue.
359 4386 500 4442 Arn.
544 4384 796 4441 Oelrichs
834 4387 889 4441 in
916 4387 1207 4442 Comment.
1240 4388 1302 4441 de
1326 4404 1446 4441 vera
1478 4399 1529 4444 et
1560 4400 1705 4444 certa
1734 4408 1826 4445 eo-

232 4493 347 4529 rum
383 4480 478 4548 qui
509 4479 690 4532 medio
739 4479 967 4533 secundo
1006 4491 1160 4550 atque
1207 4481 1416 4533 ineunte
1452 4483 1603 4535 tertio
1634 4483 1829 4537 saeculo

230 4569 535 4634 ﬂoruerunt
575 4571 825 4639 Patrum,
861 4575 925 4627 de
962 4576 1163 4627 ratione
1185 4591 1230 4627 s.
1263 4574 1519 4629 relatione
1554 4575 1706 4639 Filii,
1735 4594 1827 4629 seu

1936 3376 1991 3429 in
2021 3390 2127 3430 ms.
2166 3373 2429 3430 Vaticano
2455 3374 2704 3446 Origenis
2730 3376 2781 3428 in
2821 3374 3114 3429 Jeremiam
3144 3376 3388 3429 homiliis
3420 3378 3520 3429 ad-

1928 3468 2173 3538 junctus,
2208 3478 2373 3536 atque
2404 3468 2530 3523 inde
2560 3468 2665 3523 sub
2692 3468 2831 3521 falso
2862 3466 3115 3537 Origenis
3146 3468 3368 3521 nomine
3403 3469 3523 3522 edi-

1934 3572 2023 3617 tus
2071 3562 2144 3617 sit
2182 3576 2212 3614 a
2245 3561 2407 3617 Mich.
2451 3560 2728 3615 Ghislerio
2779 3570 2913 3617 tom.
2949 3560 3012 3612 lll
3059 3560 3417 3613 Commentar.
3466 3562 3545 3617 in.

1933 3650 2221 3705 Jeremiam
2250 3650 2461 3720 (Lugd.
2488 3651 2628 3704 1655
2648 3692 2663 3716 ,
2696 3649 2847 3719 101.),,
2872 3668 2921 3720 p.
2950 3649 3076 3717 262,
3115 3665 3239 3705 cum
3270 3652 3543 3706 versione.

1933 3744 2017 3799 Jo.
2053 3745 2289 3800 Matthaai
2334 3744 2670 3816 Caryopbjli.
2724 3743 2828 3798 Sed
2874 3745 2928 3800 in
2961 3742 3170 3813 priel'at.
3218 3760 3268 3797 c.
3315 3744 3366 3806 7,
3402 3743 3431 3815 ᾗ
3461 3744 3518 3811 4,

1934 3836 2053 3905 ipse
2081 3852 2325 3891 errorem
2353 3836 2658 3891 Ghislerius
2688 3835 2933 3905 agnovit,
2964 3843 3021 3895 et
3045 3834 3310 3894 Clementi
3342 3835 3522 3893 vindic

1934 3930 2165 3983 candum
2198 3929 2349 3983 illum
2374 3927 2577 3985 librum
2602 3930 2814 3993 statuit,
2840 3929 2942 3982 sub
2965 3929 3126 3997 cujus
3148 3929 3368 3982 nomine
3394 3944 3519 3983 cum

1934 4038 2074 4078 nova
2117 4023 2370 4079 versione
2406 4031 2460 4077 et
2503 4022 2648 4076 notis
2680 4021 2853 4075 edidit
2884 4021 3209 4075 Franciscus
3244 4021 3521 4075 Combeli--

1936 4115 2075 4180 sius,
2108 4115 2260 4169 nullo
2276 4114 2386 4171 alio
2415 4128 2519 4169 ms.
2555 4113 2745 4170 codice
2767 4113 3003 4177 usus,in
3035 4114 3293 4172 Auctario
3318 4114 3517 4167 noviss.

1934 4204 2275 4258 Bibliotheca:
2298 4203 2559 4270 Patrum,
2576 4212 2712 4257 tom.
2745 4202 2789 4266 I,
2814 4219 2937 4273 pag.
2954 4202 3114 4267 1672,
3137 4203 3231 4257 fol.
3258 4204 3335 4257 Ex
3356 4202 3521 4258 Com-

1933 4296 2393 4355 belisiieditione
2438 4311 2665 4351 recusus
2713 4295 2905 4350 Latine
2948 4296 3003 4349 in
3039 4296 3375 4355 Bibliotheca
3404 4298 3521 4349 Pa-

1933 4398 2095 4453 trum,
2123 4386 2294 4457 Lugd.
2325 4402 2377 4439 a.
2412 4385 2570 4451 1677,
2600 4396 2749 4440 tomo
2781 4385 2875 4449 lll,
2912 4402 2977 4440 ac
3005 4386 3192 4445 Grzece
3235 4397 3291 4440 et
3325 4385 3522 4442 Latine

1934 4494 2060 4532 cum
2093 4477 2386 4532 succinctis
2413 4474 2463 4530 J.
2486 4475 2642 4543 Felli,
2666 4476 2999 4533 Oxoniensis
3041 4478 3317 4547 episc0pi,
3351 4478 3516 4532 scho-

1930 4572 2043 4637 liis,
2061 4568 2240 4623 Oxon.
2259 4569 2523 4634 1685,12,
2548 4586 2578 4624 e
2603 4570 2814 4625 theatro
2840 4568 3229 4633 Sbehloniano,
3261 4572 3355 4625 sed
3377 4573 3519 4626 notis

250 4658 400 4712 Verbi
458 4678 586 4713 cum
640 4661 806 4717 Patre
848 4666 1127 4731 sententia,
1157 4663 1422 4734 Gottingae
1466 4664 1627 4729 1787,
1680 4666 1733 4729 4,
1771 4682 1822 4734 p.
1861 4649 1904 4703 D
1933 4662 2246 4717 Combefisii
2277 4662 2521 4727 omissis,
2552 4679 2689 4734 quas
2725 4678 2839 4718 suae
2870 4675 3049 4717 tamen
3076 4663 3298 4717 editioni
3325 4673 3522 4733 prteter

232 4752 323 4814 .34,
356 4769 483 4822 sqq.

302 4847 662 4917 Darstellung
704 4850 798 4902 der
838 4851 1187 4904 moralischen
1253 4850 1411 4905 ldeen
1458 4851 1547 4904 des
1590 4848 1829 4905 Clemens

236 4955 327 4993 ron
362 4940 731 4993 Alexandrien
762 4943 869 4994 und
896 4945 986 4997 des
1020 4944 1335 4998 Tertullian.
1370 4943 1472 4996 Ein
1497 4942 1713 5015 Beitrag
1737 4961 1831 4998 zur

166 5018 169 5019 ν
231 5028 550 5084 Geschichte
597 5031 690 5082 der
738 5030 1093 5088 Christlichen
1147 5035 1481 5102 Sittenlehre,
1522 5050 1624 5088 von
1659 5034 1828 5091 Wilh.

234 5119 539 5181 llunSCber
575 5121 753 5191 (prof.
787 5124 957 5177 theol.
1001 5124 1297 5197 Marburg.)
1328 5130 1377 5182 in
1405 5126 1466 5182 Ι).
1497 5125 1685 5181 lleuke
1712 5128 1831 5181 Ma-

234 5213 419 5279 guzin,
460 5216 556 5282 [nr
604 5213 1229 5283 Religionsphilosophie,
1280 5219 1506 5290 Exegese
1549 5220 1658 5272 und
1704 5218 1834 5272 Kiro

231 5305 691 5372 "/tengeschichte,
734 5317 863 5371 etc.,
898 5316 1031 5359 toni.
1068 5307 1154 5360 VI.
1192 5308 1514 5367 llclmstadt.
1568 5312 1705 5365 1796
1730 5355 1745 5377 ,
1778 5312 1829 5378 8,

223 5408 311 5448 nr.
341 5394 398 5449 6.

302 5484 375 5537 D.
412 5486 488 5540 D.
535 5490 627 5557 (ll.
670 5511 715 5547 e.
760 5493 973 5563 Joscphi
1000 5492 1233 5563 Wassii)
1286 5496 1439 5551 Obss.
1474 5499 1528 5551 in
1566 5509 1832 5553 auctorem

240 5574 701 5648 Titanomachiw,
732 5602 821 5655 ap.
851 5587 1019 5641 Clem.
1055 5586 1207 5641 Alex.
1242 5586 1491 5657 laudatae,
1517 5593 1571 5645 in
1605 5590 1830 5647 Miscell.

466 5713 636 5799 geni.
676 5717 1307 5799 llrﬂggemann._View._,
1342 5734 1470 5787 etc.,
1502 5742 1623 5797 pag.
1660 5727 1788 5780 575.

282 5787 424 5863 ¹(28)
471 5785 751 5864 Catiline
789 5785 899 5843 Ῑῖοι·
940 5794 1099 5864 lttigii
1145 5785 1623 5863 supplemq'Actva
1653 5800 1829 5863 erud,

231 5855 416 5935 Lips?
450 5873 505 5935 a_.
550 5855 706 5935 1700,
738 5855 1153 5935 Ρηεηᾷὅιλψι.
1194 5855 1363 5920 [litua

307 5929 425 5995 v29)
474 5928 534 5980 In
576 5928 1093 5987 adumln'ationilms'
1119 5928 1248 6005 ἰιιιιν
1289 5946 1522 6004 exstant,
1566 5940 1723 5994 nulla:
1762 5941 1825 5995 ad

1934 4754 2067 4809 Felli
2094 4755 2327 4821 scholia,
2344 4765 2400 4811 et
2425 4757 2609 4809 varias
2628 4771 2659 4809 e
2680 4754 3023 4810 Ghisleriana
3041 4766 3095 4810 et
3115 4756 3517 4811 Combefisiana

1933 4848 2437 4919 lectiones,lttigius
2465 4850 2730 4919 adjunxit.
2754 4849 2962 4905 FABRIC.
2999 4849 3126 4904 Rcc.
3154 4849 3326 4903 Oxon.
3354 4849 3405 4902 in
3428 4854 3516 4903 ed.

1933 4939 2139 4996 Potteri
2190 4940 2436 5011 Fellique
2479 4944 2629 4995 notis
2667 4940 2932 5010 sulijccus
2982 4943 3146 4994 textui
3175 4958 3337 5011 quem
3370 4958 3515 4995 θιίρι-

1936 5035 2092 5104 piunt
2120 5050 2171 5105 p.
2200 5034 2293 5089 961
2335 5049 2419 5097 sq.
2454 5043 2595 5087 nota:
2628 5033 2967 5087 Combelisii.
3009 5032 3181 5089 “ARL.

2004 5126 2058 5179 2.
2095 5127 2537 5179 Adumbrationes
2581 5125 2635 5177 in
2682 5123 2882 5193 aliquot
2916 5128 3165 5193 epistolas
3210 5126 3515 5191 canonicas,

1935 5235 1998 5271 cx
2039 5220 2208 5273 veteri
2240 5220 2429 5271 Latina
2457 5217 2745 5281 versione,
2772 5216 2839 5271 de
2865 5232 2973 5285 qua
3004 5215 3369 5273 Cassiodorus
3403 5233 3454 5272 c.
3485 5222 3519 5272 8

1937 5310 2179 5367 Institut.
2204 5311 2503 5363 divinarum
2525 5307 2860 5363 litterarum:
2888 5307 2955 5361 In
2985 5310 3218 5379 epistulis
3243 5314 3514 5364 canonicis

1936 5402 2172 5458 Clemens
2211 5402 2604 5456 Alexandrinus
2656 5403 2946 5471 presbyter,
2972 5405 3064 5473 qui
3101 5414 3148 5456 et
3184 5401 3514 5459 Stromateus

1935 5506 2172 5559 t‘ot‘ttlttr,
2197 5497 2251 5549 id
2274 5507 2370 5560 est,
2394 5498 2448 5549 in
2475 5493 2714 5564 Epistula
2751 5493 2806 5546 S.
2830 5494 3183 5564 Petriprinta,
3209 5494 3266 5549 S.
3286 5496 3511 5550 Joannis

1934 5588 2106 5656 prima
2140 5598 2189 5639 et
2214 5590 2463 5652 secunda,
2494 5597 2542 5640 et
2577 5585 2762 5640 Jacobi
2789 5588 2901 5657 (‘29)
2923 5590 3164 5657 quantum
3194 5590 3371 5641 Attico
3398 5592 3509 5661 (50}

1926 5722 2219 5794 Epistulam
2247 5720 2459 5794 Jacobi,
2495 5722 2585 5775 sed
2616 5723 2669 5775 in
2701 5723 3022 5794 Epistulam
3044 5723 3198 5779 Juda:
3233 5727 3510 5794 leguntur.

1935 5792 2002 5847 Et
2023 5792 2340 5861 deEpistola
2366 5793 2519 5846 Judm
2548 5796 2794 5847 meminit
2820 5796 2981 5846 etiam
3008 5792 3374 5862 Eusebius“,
3408 5798 3509 5863 11;

1934 5866 2022 5917 ubi
2054 5863 2349 5918 Clementis
2390 5863 2827 5931 ΤΜ-τυπώσεις
2863 5864 3044 5919 refert.

2003 5936 2113 6006 (50)
2153 5934 2189 5989 Ι.
2218 5951 2264 5991 e.
2300 5936 2515 6007 Grateto.
