  <div class='ocr_page' id='page_1' title='image "/cluster/home/n/w/nwhite01/storage/ocr_20150623/8/nnc1.0065752333/017.png"; bbox 0 0 4456 6564; ppageno 0'>
   <div class='ocr_carea' id='block_1_1' title="bbox 830 411 4089 497">
    <p class='ocr_par' dir='ltr' id='par_1_1' title="bbox 830 411 4089 497">
     <span class='ocr_line' id='line_1_1' title="bbox 830 411 4089 497; baseline -0.009 0"><span class='ocrx_word' id='word_1_1' title='bbox 830 436 902 497; x_wconf 65' lang='lat' dir='ltr'><strong><em>I3</em></strong></span> <span class='ocrx_word' id='word_1_2' title='bbox 2007 423 2330 484; x_wconf 75' lang='lat' dir='ltr'><strong><em>CLEMENS</em></strong></span> <span class='ocrx_word' id='word_1_3' title='bbox 2365 421 2544 478; x_wconf 74' lang='lat' dir='ltr'><strong><em>ALEX</em></strong></span> <span class='ocrx_word' id='word_1_4' title='bbox 2554 418 2931 477; x_wconf 68' lang='lat' dir='ltr'><strong><em>ANDRINUS.</em></strong></span> <span class='ocrx_word' id='word_1_5' title='bbox 4019 411 4089 468; x_wconf 69' lang='lat' dir='ltr'><strong><em>Si</em></strong></span> 
     </span>
    </p>
   </div>
   <div class='ocr_carea' id='block_1_2' title="bbox 828 529 4091 620">
    <p class='ocr_par' dir='ltr' id='par_1_2' title="bbox 828 529 4091 620">
     <span class='ocr_line' id='line_1_2' title="bbox 828 529 4091 620; baseline -0.01 -6"><span class='ocrx_word' id='word_1_6' title='bbox 828 572 1068 614; x_wconf 69' lang='lat' dir='ltr'><strong><em>cenaene</em></strong></span> <span class='ocrx_word' id='word_1_7' title='bbox 1125 554 1437 610; x_wconf 73' lang='lat' dir='ltr'><strong><em>declaravit.</em></strong></span> <span class='ocrx_word' id='word_1_8' title='bbox 1497 552 1597 607; x_wconf 84' lang='lat' dir='ltr'><strong><em>Ubi</em></strong></span> <span class='ocrx_word' id='word_1_9' title='bbox 1643 550 1812 604; x_wconf 87' lang='lat' dir='ltr'><strong><em>multa</em></strong></span> <span class='ocrx_word' id='word_1_10' title='bbox 1867 550 2082 620; x_wconf 79' lang='lat' dir='ltr'><strong><em>quidem</em></strong></span> <span class='ocrx_word' id='word_1_11' title='bbox 2134 546 2415 609; x_wconf 76' lang='lat' dir='ltr'><strong><em>subtiliter,</em></strong></span> <span class='ocrx_word' id='word_1_12' title='bbox 2449 550 2491 607; x_wconf 82' lang='grc' dir='ltr'>Α</span> <span class='ocrx_word' id='word_1_13' title='bbox 2520 542 2735 613; x_wconf 88' lang='lat' dir='ltr'><strong><em>Cangii,</em></strong></span> <span class='ocrx_word' id='word_1_14' title='bbox 2772 543 2830 596; x_wconf 87' lang='lat' dir='ltr'><strong><em>S.</em></strong></span> <span class='ocrx_word' id='word_1_15' title='bbox 2884 541 3154 597; x_wconf 80' lang='lat' dir='ltr'><strong><em>Maximus</em></strong></span> <span class='ocrx_word' id='word_1_16' title='bbox 3196 536 3265 591; x_wconf 86' lang='lat' dir='ltr'><strong><em>ad</em></strong></span> <span class='ocrx_word' id='word_1_17' title='bbox 3310 535 3531 609; x_wconf 82' lang='lat' dir='ltr'><strong><em>Dionys.</em></strong></span> <span class='ocrx_word' id='word_1_18' title='bbox 3576 552 3627 592; x_wconf 90' lang='lat' dir='ltr'><strong><em>e.</em></strong></span> <span class='ocrx_word' id='word_1_19' title='bbox 3680 539 3701 592; x_wconf 84' lang='lat' dir='ltr'><strong><em>l</em></strong></span> <span class='ocrx_word' id='word_1_20' title='bbox 3754 531 3828 586; x_wconf 80' lang='lat' dir='ltr'><strong><em>Ds</em></strong></span> <span class='ocrx_word' id='word_1_21' title='bbox 3868 529 4091 597; x_wconf 75' lang='lat' dir='ltr'><strong><em>mystica</em></strong></span> 
     </span>
    </p>
   </div>
   <div class='ocr_carea' id='block_1_3' title="bbox 830 641 2411 718">
    <p class='ocr_par' dir='ltr' id='par_1_3' title="bbox 830 641 2411 718">
     <span class='ocr_line' id='line_1_3' title="bbox 830 641 2411 718; baseline -0.009 -15"><span class='ocrx_word' id='word_1_22' title='bbox 830 646 923 703; x_wconf 80' lang='lat' dir='ltr'><strong><em>sed</em></strong></span> <span class='ocrx_word' id='word_1_23' title='bbox 968 646 1153 718; x_wconf 84' lang='lat' dir='ltr'><strong><em>aliqua</em></strong></span> <span class='ocrx_word' id='word_1_24' title='bbox 1188 649 1398 702; x_wconf 86' lang='lat' dir='ltr'><strong><em>incaute</em></strong></span> <span class='ocrx_word' id='word_1_25' title='bbox 1431 645 1638 699; x_wconf 86' lang='lat' dir='ltr'><strong><em>locutus</em></strong></span> <span class='ocrx_word' id='word_1_26' title='bbox 1673 652 1785 696; x_wconf 85' lang='lat' dir='ltr'><strong><em>est:</em></strong></span> <span class='ocrx_word' id='word_1_27' title='bbox 1827 656 1946 711; x_wconf 67' lang='lat' dir='ltr'><strong><em>quae</em></strong></span> <span class='ocrx_word' id='word_1_28' title='bbox 1973 658 2068 694; x_wconf 89' lang='lat' dir='ltr'><strong><em>nos</em></strong></span> <span class='ocrx_word' id='word_1_29' title='bbox 2110 641 2189 694; x_wconf 86' lang='lat' dir='ltr'><strong><em>ita</em></strong></span> <span class='ocrx_word' id='word_1_30' title='bbox 2233 649 2411 691; x_wconf 81' lang='lat' dir='ltr'><strong><em>trans-</em></strong></span> 
     </span>
    </p>
   </div>
   <div class='ocr_carea' id='block_1_4' title="bbox 830 730 2417 810">
    <p class='ocr_par' dir='ltr' id='par_1_4' title="bbox 830 730 2417 810">
     <span class='ocr_line' id='line_1_4' title="bbox 830 730 2417 810; baseline -0.009 -15"><span class='ocrx_word' id='word_1_31' title='bbox 830 740 962 810; x_wconf 75' lang='lat' dir='ltr'><strong><em>ferri</em></strong></span> <span class='ocrx_word' id='word_1_32' title='bbox 1006 740 1224 809; x_wconf 79' lang='lat' dir='ltr'><strong><em>fecimus</em></strong></span> <span class='ocrx_word' id='word_1_33' title='bbox 1257 740 1313 790; x_wconf 86' lang='lat' dir='ltr'><strong><em>in</em></strong></span> <span class='ocrx_word' id='word_1_34' title='bbox 1346 736 1630 801; x_wconf 89' lang='lat' dir='ltr'><strong><em>Latinum,</em></strong></span> <span class='ocrx_word' id='word_1_35' title='bbox 1659 745 1717 789; x_wconf 89' lang='lat' dir='ltr'><strong><em>ut</em></strong></span> <span class='ocrx_word' id='word_1_36' title='bbox 1740 732 1965 789; x_wconf 70' lang='lat' dir='ltr'><strong><em>exclusis</em></strong></span> <span class='ocrx_word' id='word_1_37' title='bbox 1987 732 2306 803; x_wconf 79' lang='lat' dir='ltr'><strong><em>quibusdam</em></strong></span> <span class='ocrx_word' id='word_1_38' title='bbox 2335 730 2417 798; x_wconf 78' lang='lat' dir='ltr'><strong><em>of-</em></strong></span> 
     </span>
    </p>
   </div>
   <div class='ocr_carea' id='block_1_5' title="bbox 831 821 2414 900">
    <p class='ocr_par' dir='ltr' id='par_1_5' title="bbox 831 821 2414 900">
     <span class='ocr_line' id='line_1_5' title="bbox 831 821 2414 900; baseline -0.007 -15"><span class='ocrx_word' id='word_1_39' title='bbox 831 829 1114 900; x_wconf 78' lang='lat' dir='ltr'><strong><em>[endiculis</em></strong></span> <span class='ocrx_word' id='word_1_40' title='bbox 1141 829 1430 898; x_wconf 74' lang='lat' dir='ltr'><strong><em>puriﬁcata</em></strong></span> <span class='ocrx_word' id='word_1_41' title='bbox 1457 826 1701 881; x_wconf 89' lang='lat' dir='ltr'><strong><em>doctrina</em></strong></span> <span class='ocrx_word' id='word_1_42' title='bbox 1746 825 1859 894; x_wconf 85' lang='lat' dir='ltr'><strong><em>ejus</em></strong></span> <span class='ocrx_word' id='word_1_43' title='bbox 1893 824 2132 877; x_wconf 82' lang='lat' dir='ltr'><strong><em>securior</em></strong></span> <span class='ocrx_word' id='word_1_44' title='bbox 2160 821 2414 892; x_wconf 85' lang='lat' dir='ltr'><strong><em>potuisset</em></strong></span> 
     </span>
    </p>
   </div>
   <div class='ocr_carea' id='block_1_6' title="bbox 831 913 2414 989">
    <p class='ocr_par' dir='ltr' id='par_1_6' title="bbox 831 913 2414 989">
     <span class='ocr_line' id='line_1_6' title="bbox 831 913 2414 989; baseline -0.007 -12"><span class='ocrx_word' id='word_1_45' title='bbox 831 922 1063 979; x_wconf 70' lang='lat' dir='ltr'><strong><em>hauriri.</em></strong></span> <span class='ocrx_word' id='word_1_46' title='bbox 1106 921 1445 977; x_wconf 80' lang='lat' dir='ltr'><strong><em>Clementem</em></strong></span> <span class='ocrx_word' id='word_1_47' title='bbox 1489 920 1545 974; x_wconf 90' lang='lat' dir='ltr'><strong><em>in</em></strong></span> <span class='ocrx_word' id='word_1_48' title='bbox 1590 918 2000 989; x_wconf 82' lang='lat' dir='ltr'><strong><em>Hypotyposeon</em></strong></span> <span class='ocrx_word' id='word_1_49' title='bbox 2049 917 2203 972; x_wconf 84' lang='lat' dir='ltr'><strong><em>libris</em></strong></span> <span class='ocrx_word' id='word_1_50' title='bbox 2249 913 2414 968; x_wconf 86' lang='lat' dir='ltr'><strong><em>etiam</em></strong></span> 
     </span>
    </p>
   </div>
   <div class='ocr_carea' id='block_1_7' title="bbox 835 1006 2417 1088">
    <p class='ocr_par' dir='ltr' id='par_1_7' title="bbox 835 1006 2417 1088">
     <span class='ocr_line' id='line_1_7' title="bbox 835 1006 2417 1088; baseline -0.008 -17"><span class='ocrx_word' id='word_1_51' title='bbox 835 1017 1110 1088; x_wconf 76' lang='lat' dir='ltr'><strong><em>Epistolas</em></strong></span> <span class='ocrx_word' id='word_1_52' title='bbox 1137 1016 1437 1072; x_wconf 87' lang='lat' dir='ltr'><strong><em>catholicas</em></strong></span> <span class='ocrx_word' id='word_1_53' title='bbox 1486 1013 1898 1083; x_wconf 73' lang='lat' dir='ltr'><strong><em>interpretatum</em></strong></span> <span class='ocrx_word' id='word_1_54' title='bbox 1942 1018 2215 1065; x_wconf 84' lang='lat' dir='ltr'><strong><em>testantur</em></strong></span> <span class='ocrx_word' id='word_1_55' title='bbox 2245 1006 2417 1061; x_wconf 86' lang='lat' dir='ltr'><strong><em>Euse-</em></strong></span> 
     </span>
    </p>
   </div>
   <div class='ocr_carea' id='block_1_8' title="bbox 830 1098 2416 1176">
    <p class='ocr_par' dir='ltr' id='par_1_8' title="bbox 830 1098 2416 1176">
     <span class='ocr_line' id='line_1_8' title="bbox 830 1098 2416 1176; baseline -0.009 -11"><span class='ocrx_word' id='word_1_56' title='bbox 830 1110 953 1167; x_wconf 90' lang='lat' dir='ltr'><strong><em>bius</em></strong></span> <span class='ocrx_word' id='word_1_57' title='bbox 974 1125 1048 1173; x_wconf 80' lang='lat' dir='ltr'><strong><em>tv,</em></strong></span> <span class='ocrx_word' id='word_1_58' title='bbox 1075 1109 1161 1176; x_wconf 72' lang='grc'>14,</span> <span class='ocrx_word' id='word_1_59' title='bbox 1194 1106 1337 1161; x_wconf 82' lang='lat' dir='ltr'><strong><em>Hist.</em></strong></span> <span class='ocrx_word' id='word_1_60' title='bbox 1358 1114 1413 1160; x_wconf 77' lang='lat' dir='ltr'><strong><em>et</em></strong></span> <span class='ocrx_word' id='word_1_61' title='bbox 1435 1104 1664 1161; x_wconf 85' lang='lat' dir='ltr'><strong><em>Pbotius</em></strong></span> <span class='ocrx_word' id='word_1_62' title='bbox 1692 1104 1812 1160; x_wconf 90' lang='lat' dir='ltr'><strong><em>cod.</em></strong></span> <span class='ocrx_word' id='word_1_63' title='bbox 1842 1118 1953 1158; x_wconf 74' lang='lat' dir='ltr'><strong><em>cui.</em></strong></span> <span class='ocrx_word' id='word_1_64' title='bbox 1974 1100 2285 1157; x_wconf 78' lang='lat' dir='ltr'><strong><em>Verisimile</em></strong></span> <span class='ocrx_word' id='word_1_65' title='bbox 2316 1098 2416 1169; x_wconf 86' lang='lat' dir='ltr'><strong><em>igi-</em></strong></span> 
     </span>
    </p>
   </div>
   <div class='ocr_carea' id='block_1_9' title="bbox 828 1195 2413 1267">
    <p class='ocr_par' dir='ltr' id='par_1_9' title="bbox 828 1195 2413 1267">
     <span class='ocr_line' id='line_1_9' title="bbox 828 1195 2413 1267; baseline -0.006 -12"><span class='ocrx_word' id='word_1_66' title='bbox 828 1209 936 1265; x_wconf 84' lang='lat' dir='ltr'><strong><em>est,</em></strong></span> <span class='ocrx_word' id='word_1_67' title='bbox 967 1216 1034 1255; x_wconf 69' lang='lat' dir='ltr'><strong><em>ex</em></strong></span> <span class='ocrx_word' id='word_1_68' title='bbox 1069 1200 1160 1254; x_wconf 91' lang='lat' dir='ltr'><strong><em>illo</em></strong></span> <span class='ocrx_word' id='word_1_69' title='bbox 1189 1213 1354 1267; x_wconf 86' lang='lat' dir='ltr'><strong><em>opere</em></strong></span> <span class='ocrx_word' id='word_1_70' title='bbox 1383 1196 1497 1267; x_wconf 88' lang='grc'>(51)</span> <span class='ocrx_word' id='word_1_71' title='bbox 1525 1197 1939 1262; x_wconf 72' lang='lat' dir='ltr'><strong><em>(lassiodorum,</em></strong></span> <span class='ocrx_word' id='word_1_72' title='bbox 1972 1195 2413 1250; x_wconf 84' lang='lat' dir='ltr'><strong><em>Adumbrationes</em></strong></span> 
     </span>
    </p>
   </div>
   <div class='ocr_carea' id='block_1_10' title="bbox 832 1284 2416 1363">
    <p class='ocr_par' dir='ltr' id='par_1_10' title="bbox 832 1284 2416 1363">
     <span class='ocr_line' id='line_1_10' title="bbox 832 1284 2416 1363; baseline -0.007 -17"><span class='ocrx_word' id='word_1_73' title='bbox 832 1294 1020 1357; x_wconf 84' lang='lat' dir='ltr'><strong><em>hasce,</em></strong></span> <span class='ocrx_word' id='word_1_74' title='bbox 1047 1308 1157 1363; x_wconf 86' lang='lat' dir='ltr'><strong><em>quo</em></strong></span> <span class='ocrx_word' id='word_1_75' title='bbox 1177 1292 1298 1363; x_wconf 91' lang='lat' dir='ltr'><strong><em>ipso</em></strong></span> <span class='ocrx_word' id='word_1_76' title='bbox 1324 1291 1463 1345; x_wconf 82' lang='lat' dir='ltr'><strong><em>forte</em></strong></span> <span class='ocrx_word' id='word_1_77' title='bbox 1503 1289 1768 1344; x_wconf 84' lang='lat' dir='ltr'><strong><em>vocabulo</em></strong></span> <span class='ocrx_word' id='word_1_78' title='bbox 1796 1287 2045 1343; x_wconf 68' lang='lat' dir='ltr'><strong><em>Graecum</em></strong></span> <span class='ocrx_word' id='word_1_79' title='bbox 2088 1284 2416 1340; x_wconf 80' lang='grc' dir='ltr'><strong><em>’Υποτυπώ-</em></strong></span> 
     </span>
    </p>
   </div>
   <div class='ocr_carea' id='block_1_11' title="bbox 830 1381 2414 1454">
    <p class='ocr_par' dir='ltr' id='par_1_11' title="bbox 830 1381 2414 1454">
     <span class='ocr_line' id='line_1_11' title="bbox 830 1381 2414 1454; baseline -0.003 -16"><span class='ocrx_word' id='word_1_80' title='bbox 830 1396 991 1438; x_wconf 84' lang='grc' dir='ltr'><em>σεων</em></span> <span class='ocrx_word' id='word_1_81' title='bbox 1019 1384 1325 1454; x_wconf 74' lang='lat' dir='ltr'><strong><em>exprimere</em></strong></span> <span class='ocrx_word' id='word_1_82' title='bbox 1362 1381 1551 1445; x_wconf 73' lang='lat' dir='ltr'><strong><em>voluit,</em></strong></span> <span class='ocrx_word' id='word_1_83' title='bbox 1594 1381 1963 1449; x_wconf 64' lang='lat' dir='ltr'><strong><em>ercet-pendas</em></strong></span> <span class='ocrx_word' id='word_1_84' title='bbox 2006 1395 2248 1441; x_wconf 87' lang='lat' dir='ltr'><strong><em>curasse,</em></strong></span> <span class='ocrx_word' id='word_1_85' title='bbox 2278 1394 2414 1448; x_wconf 89' lang='lat' dir='ltr'><strong><em>quas</em></strong></span> 
     </span>
    </p>
   </div>
   <div class='ocr_carea' id='block_1_12' title="bbox 835 1470 2412 1545">
    <p class='ocr_par' dir='ltr' id='par_1_12' title="bbox 835 1470 2412 1545">
     <span class='ocr_line' id='line_1_12' title="bbox 835 1470 2412 1545; baseline -0.004 -17"><span class='ocrx_word' id='word_1_86' title='bbox 835 1474 1023 1531; x_wconf 87' lang='lat' dir='ltr'><strong><em>Latine</em></strong></span> <span class='ocrx_word' id='word_1_87' title='bbox 1067 1476 1279 1545; x_wconf 85' lang='lat' dir='ltr'><strong><em>lttigius</em></strong></span> <span class='ocrx_word' id='word_1_88' title='bbox 1326 1473 1478 1528; x_wconf 85' lang='lat' dir='ltr'><strong><em>dedit</em></strong></span> <span class='ocrx_word' id='word_1_89' title='bbox 1512 1480 1637 1541; x_wconf 92' lang='lat' dir='ltr'><strong><em>post</em></strong></span> <span class='ocrx_word' id='word_1_90' title='bbox 1670 1471 1939 1525; x_wconf 84' lang='lat' dir='ltr'><strong><em>editiones</em></strong></span> <span class='ocrx_word' id='word_1_91' title='bbox 1977 1471 2031 1524; x_wconf 92' lang='lat' dir='ltr'><strong><em>in</em></strong></span> <span class='ocrx_word' id='word_1_92' title='bbox 2071 1470 2412 1523; x_wconf 75' lang='lat' dir='ltr'><strong><em>Bibliotltecis</em></strong></span> 
     </span>
    </p>
   </div>
   <div class='ocr_carea' id='block_1_13' title="bbox 830 1561 2413 1633">
    <p class='ocr_par' dir='ltr' id='par_1_13' title="bbox 830 1561 2413 1633">
     <span class='ocr_line' id='line_1_13' title="bbox 830 1561 2413 1633; baseline -0.004 -11"><span class='ocrx_word' id='word_1_93' title='bbox 830 1566 1080 1633; x_wconf 85' lang='lat' dir='ltr'><strong><em>Patrum,</em></strong></span> <span class='ocrx_word' id='word_1_94' title='bbox 1104 1567 1276 1624; x_wconf 84' lang='lat' dir='ltr'><strong><em>Paris.</em></strong></span> <span class='ocrx_word' id='word_1_95' title='bbox 1307 1568 1619 1625; x_wconf 70' lang='grc'>1575110111.</span> <span class='ocrx_word' id='word_1_96' title='bbox 1646 1565 1714 1620; x_wconf 79' lang='lat' dir='ltr'><strong><em>Vl</em></strong></span> <span class='ocrx_word' id='word_1_97' title='bbox 1756 1562 1882 1619; x_wconf 88' lang='lat' dir='ltr'><strong><em>Par.</em></strong></span> <span class='ocrx_word' id='word_1_98' title='bbox 1910 1562 2067 1627; x_wconf 83' lang='grc'>1576,</span> <span class='ocrx_word' id='word_1_99' title='bbox 2097 1562 2237 1632; x_wconf 79' lang='lat' dir='ltr'><strong><em>fol.),</em></strong></span> <span class='ocrx_word' id='word_1_100' title='bbox 2256 1561 2413 1625; x_wconf 76' lang='grc'>1589,</span> 
     </span>
    </p>
   </div>
   <div class='ocr_carea' id='block_1_14' title="bbox 832 1654 2413 1733">
    <p class='ocr_par' dir='ltr' id='par_1_14' title="bbox 832 1654 2413 1733">
     <span class='ocr_line' id='line_1_14' title="bbox 832 1654 2413 1733; baseline -0.005 -18"><span class='ocrx_word' id='word_1_101' title='bbox 832 1662 995 1725; x_wconf 70' lang='grc'>1651,</span> <span class='ocrx_word' id='word_1_102' title='bbox 1037 1670 1091 1715; x_wconf 81' lang='lat' dir='ltr'><strong><em>et</em></strong></span> <span class='ocrx_word' id='word_1_103' title='bbox 1135 1660 1310 1733; x_wconf 82' lang='lat' dir='ltr'><strong><em>Lugd.</em></strong></span> <span class='ocrx_word' id='word_1_104' title='bbox 1355 1660 1516 1726; x_wconf 91' lang='grc'>1677,</span> <span class='ocrx_word' id='word_1_105' title='bbox 1554 1670 1608 1716; x_wconf 88' lang='lat' dir='ltr'><strong><em>ct</em></strong></span> <span class='ocrx_word' id='word_1_106' title='bbox 1638 1669 1763 1730; x_wconf 91' lang='lat' dir='ltr'><strong><em>post</em></strong></span> <span class='ocrx_word' id='word_1_107' title='bbox 1789 1659 2085 1713; x_wconf 87' lang='lat' dir='ltr'><strong><em>editionem</em></strong></span> <span class='ocrx_word' id='word_1_108' title='bbox 2134 1654 2413 1709; x_wconf 81' lang='lat' dir='ltr'><strong><em>Oxonien-</em></strong></span> 
     </span>
    </p>
   </div>
   <div class='ocr_carea' id='block_1_15' title="bbox 829 1746 2411 1817">
    <p class='ocr_par' dir='ltr' id='par_1_15' title="bbox 829 1746 2411 1817">
     <span class='ocr_line' id='line_1_15' title="bbox 829 1746 2411 1817; baseline -0.005 -8"><span class='ocrx_word' id='word_1_109' title='bbox 829 1769 944 1808; x_wconf 85' lang='lat' dir='ltr'><strong><em>sem</em></strong></span> <span class='ocrx_word' id='word_1_110' title='bbox 972 1754 1039 1808; x_wconf 85' lang='lat' dir='ltr'><strong><em>ad</em></strong></span> <span class='ocrx_word' id='word_1_111' title='bbox 1069 1755 1274 1809; x_wconf 85' lang='lat' dir='ltr'><strong><em>calcem</em></strong></span> <span class='ocrx_word' id='word_1_112' title='bbox 1303 1754 1429 1808; x_wconf 88' lang='lat' dir='ltr'><strong><em>libri</em></strong></span> <span class='ocrx_word' id='word_1_113' title='bbox 1462 1754 1540 1808; x_wconf 90' lang='lat' dir='ltr'><strong><em>De</em></strong></span> <span class='ocrx_word' id='word_1_114' title='bbox 1563 1754 1728 1807; x_wconf 82' lang='lat' dir='ltr'><strong><em>divite</em></strong></span> <span class='ocrx_word' id='word_1_115' title='bbox 1755 1751 2010 1806; x_wconf 79' lang='lat' dir='ltr'><strong><em>salvando</em></strong></span> <span class='ocrx_word' id='word_1_116' title='bbox 2043 1748 2201 1811; x_wconf 85' lang='grc'>1685,</span> <span class='ocrx_word' id='word_1_117' title='bbox 2240 1746 2305 1800; x_wconf 89' lang='grc'><strong><em>12</em></strong></span> <span class='ocrx_word' id='word_1_118' title='bbox 2335 1746 2411 1817; x_wconf 90' lang='lat' dir='ltr'><strong><em>(in</em></strong></span> 
     </span>
    </p>
   </div>
   <div class='ocr_carea' id='block_1_16' title="bbox 827 1846 1694 1919">
    <p class='ocr_par' dir='ltr' id='par_1_16' title="bbox 827 1846 1694 1919">
     <span class='ocr_line' id='line_1_16' title="bbox 827 1846 1694 1919; baseline -0.002 -17"><span class='ocrx_word' id='word_1_119' title='bbox 827 1847 915 1902; x_wconf 84' lang='lat' dir='ltr'><strong><em>ed.</em></strong></span> <span class='ocrx_word' id='word_1_120' title='bbox 944 1846 1146 1902; x_wconf 85' lang='lat' dir='ltr'><strong><em>Potteri</em></strong></span> <span class='ocrx_word' id='word_1_121' title='bbox 1175 1863 1300 1919; x_wconf 89' lang='lat' dir='ltr'><strong><em>pag.</em></strong></span> <span class='ocrx_word' id='word_1_122' title='bbox 1329 1846 1493 1914; x_wconf 87' lang='grc'>1006,</span> <span class='ocrx_word' id='word_1_123' title='bbox 1526 1847 1694 1919; x_wconf 85' lang='lat' dir='ltr'><strong><em>sqq.).</em></strong></span> 
     </span>
    </p>
   </div>
   <div class='ocr_carea' id='block_1_17' title="bbox 900 1952 2411 2032">
    <p class='ocr_par' dir='ltr' id='par_1_17' title="bbox 900 1952 2411 2032">
     <span class='ocr_line' id='line_1_17' title="bbox 900 1952 2411 2032; baseline -0.003 -19"><span class='ocrx_word' id='word_1_124' title='bbox 900 1960 958 2019; x_wconf 79' lang='grc'><strong><em>5.</em></strong></span> <span class='ocrx_word' id='word_1_125' title='bbox 989 1959 1316 2032; x_wconf 82' lang='lat' dir='ltr'><strong><em>Fragmenta</em></strong></span> <span class='ocrx_word' id='word_1_126' title='bbox 1337 1960 1633 2017; x_wconf 84' lang='lat' dir='ltr'><strong><em>Clementis</em></strong></span> <span class='ocrx_word' id='word_1_127' title='bbox 1653 1959 1808 2012; x_wconf 84' lang='lat' dir='ltr'><strong><em>Alex.</em></strong></span> <span class='ocrx_word' id='word_1_128' title='bbox 1831 1972 1859 2010; x_wconf 89' lang='lat' dir='ltr'><strong><em>a</em></strong></span> <span class='ocrx_word' id='word_1_129' title='bbox 1893 1954 1979 2010; x_wconf 84' lang='lat' dir='ltr'><strong><em>Jo.</em></strong></span> <span class='ocrx_word' id='word_1_130' title='bbox 2013 1953 2162 2009; x_wconf 87' lang='lat' dir='ltr'><strong><em>Fello</em></strong></span> <span class='ocrx_word' id='word_1_131' title='bbox 2185 1952 2411 2008; x_wconf 76' lang='lat' dir='ltr'><strong><em>collecta</em></strong></span> 
     </span>
    </p>
   </div>
   <div class='ocr_carea' id='block_1_18' title="bbox 829 2047 2414 2109">
    <p class='ocr_par' dir='ltr' id='par_1_18' title="bbox 829 2047 2414 2109">
     <span class='ocr_line' id='line_1_18' title="bbox 829 2047 2414 2109; baseline -0.004 -2"><span class='ocrx_word' id='word_1_132' title='bbox 829 2069 897 2107; x_wconf 74' lang='lat' dir='ltr'><strong><em>ex</em></strong></span> <span class='ocrx_word' id='word_1_133' title='bbox 927 2051 1128 2109; x_wconf 70' lang='lat' dir='ltr'><strong><em>Niceta:</em></strong></span> <span class='ocrx_word' id='word_1_134' title='bbox 1165 2054 1221 2109; x_wconf 92' lang='lat' dir='ltr'><strong><em>in</em></strong></span> <span class='ocrx_word' id='word_1_135' title='bbox 1263 2054 1458 2108; x_wconf 76' lang='lat' dir='ltr'><strong><em>Jobum</em></strong></span> <span class='ocrx_word' id='word_1_136' title='bbox 1504 2062 1559 2107; x_wconf 88' lang='lat' dir='ltr'><strong><em>et</em></strong></span> <span class='ocrx_word' id='word_1_137' title='bbox 1595 2051 1930 2107; x_wconf 84' lang='lat' dir='ltr'><strong><em>Cortleriaua</em></strong></span> <span class='ocrx_word' id='word_1_138' title='bbox 1971 2050 2028 2104; x_wconf 91' lang='lat' dir='ltr'><strong><em>in</em></strong></span> <span class='ocrx_word' id='word_1_139' title='bbox 2059 2048 2265 2104; x_wconf 84' lang='lat' dir='ltr'><strong><em>Lucam</em></strong></span> <span class='ocrx_word' id='word_1_140' title='bbox 2304 2047 2414 2102; x_wconf 89' lang='lat' dir='ltr'><strong><em>Ca-</em></strong></span> 
     </span>
    </p>
   </div>
   <div class='ocr_carea' id='block_1_19' title="bbox 832 2140 2411 2215">
    <p class='ocr_par' dir='ltr' id='par_1_19' title="bbox 832 2140 2411 2215">
     <span class='ocr_line' id='line_1_19' title="bbox 832 2140 2411 2215; baseline -0.002 -17"><span class='ocrx_word' id='word_1_141' title='bbox 832 2156 977 2210; x_wconf 56' lang='lat' dir='ltr'><strong><em>tena»,</em></strong></span> <span class='ocrx_word' id='word_1_142' title='bbox 1011 2145 1213 2215; x_wconf 83' lang='lat' dir='ltr'><strong><em>quibus</em></strong></span> <span class='ocrx_word' id='word_1_143' title='bbox 1263 2145 1369 2200; x_wconf 90' lang='lat' dir='ltr'><strong><em>alia</em></strong></span> <span class='ocrx_word' id='word_1_144' title='bbox 1397 2143 1607 2215; x_wconf 85' lang='lat' dir='ltr'><strong><em>lttigius</em></strong></span> <span class='ocrx_word' id='word_1_145' title='bbox 1632 2142 1843 2198; x_wconf 81' lang='lat' dir='ltr'><strong><em>addidit</em></strong></span> <span class='ocrx_word' id='word_1_146' title='bbox 1876 2150 1993 2196; x_wconf 89' lang='lat' dir='ltr'><strong><em>tum</em></strong></span> <span class='ocrx_word' id='word_1_147' title='bbox 2023 2157 2090 2196; x_wconf 79' lang='lat' dir='ltr'><strong><em>ex</em></strong></span> <span class='ocrx_word' id='word_1_148' title='bbox 2116 2142 2306 2197; x_wconf 89' lang='lat' dir='ltr'><strong><em>eadem</em></strong></span> <span class='ocrx_word' id='word_1_149' title='bbox 2353 2140 2411 2195; x_wconf 90' lang='lat' dir='ltr'><strong><em>in</em></strong></span> 
     </span>
    </p>
   </div>
   <div class='ocr_carea' id='block_1_20' title="bbox 827 2235 2409 2303">
    <p class='ocr_par' dir='ltr' id='par_1_20' title="bbox 827 2235 2409 2303">
     <span class='ocr_line' id='line_1_20' title="bbox 827 2235 2409 2303; baseline -0.004 -10"><span class='ocrx_word' id='word_1_150' title='bbox 827 2238 1026 2293; x_wconf 78' lang='lat' dir='ltr'><strong><em>Joburn</em></strong></span> <span class='ocrx_word' id='word_1_151' title='bbox 1052 2279 1067 2303; x_wconf 96' lang='lat'><strong><em>,</em></strong></span> <span class='ocrx_word' id='word_1_152' title='bbox 1114 2247 1231 2294; x_wconf 89' lang='lat' dir='ltr'><strong><em>tum</em></strong></span> <span class='ocrx_word' id='word_1_153' title='bbox 1274 2253 1342 2293; x_wconf 79' lang='lat' dir='ltr'><strong><em>ex</em></strong></span> <span class='ocrx_word' id='word_1_154' title='bbox 1375 2237 1577 2293; x_wconf 77' lang='lat' dir='ltr'><strong><em>Niceta:</em></strong></span> <span class='ocrx_word' id='word_1_155' title='bbox 1616 2237 1672 2291; x_wconf 87' lang='lat' dir='ltr'><strong><em>in</em></strong></span> <span class='ocrx_word' id='word_1_156' title='bbox 1721 2235 2037 2291; x_wconf 70' lang='lat' dir='ltr'><strong><em>Matthreum</em></strong></span> <span class='ocrx_word' id='word_1_157' title='bbox 2073 2235 2300 2296; x_wconf 86' lang='lat' dir='ltr'><strong><em>Catena,</em></strong></span> <span class='ocrx_word' id='word_1_158' title='bbox 2342 2248 2409 2288; x_wconf 82' lang='lat' dir='ltr'><strong><em>ex</em></strong></span> 
     </span>
    </p>
   </div>
   <div class='ocr_carea' id='block_1_21' title="bbox 832 2327 2409 2401">
    <p class='ocr_par' dir='ltr' id='par_1_21' title="bbox 832 2327 2409 2401">
     <span class='ocr_line' id='line_1_21' title="bbox 832 2327 2409 2401; baseline -0.001 -19"><span class='ocrx_word' id='word_1_159' title='bbox 832 2328 1071 2389; x_wconf 72' lang='lat' dir='ltr'><strong><em>Eusebio</em></strong></span> <span class='ocrx_word' id='word_1_160' title='bbox 1110 2330 1240 2385; x_wconf 86' lang='lat' dir='ltr'><strong><em>item</em></strong></span> <span class='ocrx_word' id='word_1_161' title='bbox 1298 2339 1463 2401; x_wconf 83' lang='lat' dir='ltr'><strong><em>atque</em></strong></span> <span class='ocrx_word' id='word_1_162' title='bbox 1500 2328 1857 2385; x_wconf 74' lang='lat' dir='ltr'><strong><em>(Ecumenio.</em></strong></span> <span class='ocrx_word' id='word_1_163' title='bbox 1898 2327 1996 2383; x_wconf 84' lang='lat' dir='ltr'><strong><em>His</em></strong></span> <span class='ocrx_word' id='word_1_164' title='bbox 2046 2327 2368 2396; x_wconf 62' lang='lat' dir='ltr'><strong><em>celerisque</em></strong></span> <span class='ocrx_word' id='word_1_165' title='bbox 2394 2367 2409 2388; x_wconf 95' lang='lat'><strong><em>,</em></strong></span> 
     </span>
    </p>
   </div>
   <div class='ocr_carea' id='block_1_22' title="bbox 826 2417 2409 2487">
    <p class='ocr_par' dir='ltr' id='par_1_22' title="bbox 826 2417 2409 2487">
     <span class='ocr_line' id='line_1_22' title="bbox 826 2417 2409 2487; baseline 0 -17"><span class='ocrx_word' id='word_1_166' title='bbox 826 2435 951 2487; x_wconf 77' lang='lat' dir='ltr'><strong><em>qua:</em></strong></span> <span class='ocrx_word' id='word_1_167' title='bbox 983 2421 1040 2472; x_wconf 87' lang='lat' dir='ltr'><strong><em>in</em></strong></span> <span class='ocrx_word' id='word_1_168' title='bbox 1081 2418 1398 2487; x_wconf 66' lang='lat' dir='ltr'><strong><em>praefatione</em></strong></span> <span class='ocrx_word' id='word_1_169' title='bbox 1438 2419 1605 2472; x_wconf 82' lang='lat' dir='ltr'><strong><em>etiam</em></strong></span> <span class='ocrx_word' id='word_1_170' title='bbox 1637 2428 1825 2473; x_wconf 91' lang='lat' dir='ltr'><strong><em>monet</em></strong></span> <span class='ocrx_word' id='word_1_171' title='bbox 1874 2417 2218 2487; x_wconf 86' lang='lat' dir='ltr'><strong><em>adjungenda</em></strong></span> <span class='ocrx_word' id='word_1_172' title='bbox 2263 2430 2409 2481; x_wconf 90' lang='lat' dir='ltr'><strong><em>esse,</em></strong></span> 
     </span>
    </p>
   </div>
   <div class='ocr_carea' id='block_1_23' title="bbox 826 2508 2414 2580">
    <p class='ocr_par' dir='ltr' id='par_1_23' title="bbox 826 2508 2414 2580">
     <span class='ocr_line' id='line_1_23' title="bbox 826 2508 2414 2580; baseline -0.001 -17"><span class='ocrx_word' id='word_1_173' title='bbox 826 2510 954 2564; x_wconf 73' lang='lat' dir='ltr'><strong><em>adii</em></strong></span> <span class='ocrx_word' id='word_1_174' title='bbox 999 2516 1176 2579; x_wconf 83' lang='lat' dir='ltr'><strong><em>potest</em></strong></span> <span class='ocrx_word' id='word_1_175' title='bbox 1220 2508 1585 2580; x_wconf 81' lang='lat' dir='ltr'><strong><em>fragmentum</em></strong></span> <span class='ocrx_word' id='word_1_176' title='bbox 1623 2509 1956 2573; x_wconf 87' lang='lat' dir='ltr'><strong><em>Clementis,</em></strong></span> <span class='ocrx_word' id='word_1_177' title='bbox 2004 2508 2152 2578; x_wconf 90' lang='lat' dir='ltr'><strong><em>quod</em></strong></span> <span class='ocrx_word' id='word_1_178' title='bbox 2189 2508 2414 2564; x_wconf 84' lang='lat' dir='ltr'><strong><em>exhibet</em></strong></span> 
     </span>
    </p>
   </div>
   <div class='ocr_carea' id='block_1_24' title="bbox 825 2598 2414 2663">
    <p class='ocr_par' dir='ltr' id='par_1_24' title="bbox 825 2598 2414 2663">
     <span class='ocr_line' id='line_1_24' title="bbox 825 2598 2414 2663; baseline -0.003 -6"><span class='ocrx_word' id='word_1_179' title='bbox 825 2601 1034 2660; x_wconf 86' lang='lat' dir='ltr'><strong><em>Catena</em></strong></span> <span class='ocrx_word' id='word_1_180' title='bbox 1073 2602 1126 2655; x_wconf 88' lang='lat' dir='ltr'><strong><em>in</em></strong></span> <span class='ocrx_word' id='word_1_181' title='bbox 1154 2599 1610 2663; x_wconf 81' lang='lat' dir='ltr'><strong><em>Pentateuchum,</em></strong></span> <span class='ocrx_word' id='word_1_182' title='bbox 1644 2601 1838 2663; x_wconf 80' lang='lat' dir='ltr'><strong><em>Latine</em></strong></span> <span class='ocrx_word' id='word_1_183' title='bbox 1875 2601 2019 2657; x_wconf 83' lang='lat' dir='ltr'><strong><em>edita</em></strong></span> <span class='ocrx_word' id='word_1_184' title='bbox 2050 2615 2082 2654; x_wconf 92' lang='lat' dir='ltr'><strong><em>a</em></strong></span> <span class='ocrx_word' id='word_1_185' title='bbox 2121 2598 2414 2654; x_wconf 87' lang='lat' dir='ltr'><strong><em>Francisco</em></strong></span> 
     </span>
    </p>
   </div>
   <div class='ocr_carea' id='block_1_25' title="bbox 830 2692 2412 2766">
    <p class='ocr_par' dir='ltr' id='par_1_25' title="bbox 830 2692 2412 2766">
     <span class='ocr_line' id='line_1_25' title="bbox 830 2692 2412 2766; baseline -0.003 -15"><span class='ocrx_word' id='word_1_186' title='bbox 830 2692 1104 2766; x_wconf 76' lang='lat' dir='ltr'><strong><em>Zephyro,</em></strong></span> <span class='ocrx_word' id='word_1_187' title='bbox 1137 2710 1192 2764; x_wconf 90' lang='lat' dir='ltr'><strong><em>p.</em></strong></span> <span class='ocrx_word' id='word_1_188' title='bbox 1237 2694 1361 2762; x_wconf 72' lang='grc'>146,</span> <span class='ocrx_word' id='word_1_189' title='bbox 1404 2694 1531 2750; x_wconf 89' lang='lat' dir='ltr'><strong><em>licet</em></strong></span> <span class='ocrx_word' id='word_1_190' title='bbox 1558 2695 1869 2750; x_wconf 87' lang='lat' dir='ltr'><strong><em>consimilia</em></strong></span> <span class='ocrx_word' id='word_1_191' title='bbox 1894 2694 2303 2764; x_wconf 83' lang='lat' dir='ltr'><strong><em>quodammodo</em></strong></span> <span class='ocrx_word' id='word_1_192' title='bbox 2338 2694 2412 2747; x_wconf 90' lang='lat' dir='ltr'><strong><em>Ie-</em></strong></span> 
     </span>
    </p>
   </div>
   <div class='ocr_carea' id='block_1_26' title="bbox 830 2783 2414 2856">
    <p class='ocr_par' dir='ltr' id='par_1_26' title="bbox 830 2783 2414 2856">
     <span class='ocr_line' id='line_1_26' title="bbox 830 2783 2414 2856; baseline 0.002 -22"><span class='ocrx_word' id='word_1_193' title='bbox 830 2793 1030 2856; x_wconf 67' lang='lat' dir='ltr'><strong><em>gantur</em></strong></span> <span class='ocrx_word' id='word_1_194' title='bbox 1054 2800 1085 2836; x_wconf 76' lang='grc' dir='ltr'><strong><em>ν</em></strong></span> <span class='ocrx_word' id='word_1_195' title='bbox 1112 2783 1312 2840; x_wconf 85' lang='lat' dir='ltr'><strong><em>Strom.</em></strong></span> <span class='ocrx_word' id='word_1_196' title='bbox 1333 2826 1349 2851; x_wconf 93' lang='lat'><strong><em>,</em></strong></span> <span class='ocrx_word' id='word_1_197' title='bbox 1400 2801 1523 2855; x_wconf 88' lang='lat' dir='ltr'><strong><em>pag.</em></strong></span> <span class='ocrx_word' id='word_1_198' title='bbox 1564 2785 1670 2840; x_wconf 71' lang='lat'><strong><em>564</em></strong></span> <span class='ocrx_word' id='word_1_199' title='bbox 1690 2797 1706 2833; x_wconf 66' lang='grc' dir='ltr'><strong>ε</strong></span> <span class='ocrx_word' id='word_1_200' title='bbox 1725 2783 1933 2839; x_wconf 87' lang='lat' dir='ltr'><strong><em>Nomen</em></strong></span> <span class='ocrx_word' id='word_1_201' title='bbox 1960 2784 2098 2838; x_wconf 75' lang='lat' dir='ltr'><strong><em>illud</em></strong></span> <span class='ocrx_word' id='word_1_202' title='bbox 2132 2785 2414 2855; x_wconf 77' lang='lat' dir='ltr'><strong><em>mysticum</em></strong></span> 
     </span>
    </p>
   </div>
   <div class='ocr_carea' id='block_1_27' title="bbox 825 2878 2413 2951">
    <p class='ocr_par' dir='ltr' id='par_1_27' title="bbox 825 2878 2413 2951">
     <span class='ocr_line' id='line_1_27' title="bbox 825 2878 2413 2951; baseline -0.002 -18"><span class='ocrx_word' id='word_1_203' title='bbox 825 2880 967 2948; x_wconf 82' lang='lat' dir='ltr'><strong><em>quod</em></strong></span> <span class='ocrx_word' id='word_1_204' title='bbox 987 2888 1175 2934; x_wconf 77' lang='lat' dir='ltr'><strong><em>uocant</em></strong></span> <span class='ocrx_word' id='word_1_205' title='bbox 1206 2888 1704 2951; x_wconf 88' lang='lat' dir='ltr'><strong><em>tetragrammaton,</em></strong></span> <span class='ocrx_word' id='word_1_206' title='bbox 1732 2894 1834 2950; x_wconf 90' lang='lat' dir='ltr'><strong><em>quo</em></strong></span> <span class='ocrx_word' id='word_1_207' title='bbox 1854 2887 2064 2931; x_wconf 88' lang='lat' dir='ltr'><strong><em>tantum</em></strong></span> <span class='ocrx_word' id='word_1_208' title='bbox 2097 2878 2413 2932; x_wconf 83' lang='lat' dir='ltr'><strong><em>munieban-</em></strong></span> 
     </span>
    </p>
   </div>
   <div class='ocr_carea' id='block_1_28' title="bbox 829 2971 2408 3045">
    <p class='ocr_par' dir='ltr' id='par_1_28' title="bbox 829 2971 2408 3045">
     <span class='ocr_line' id='line_1_28' title="bbox 829 2971 2408 3045; baseline -0.003 -18"><span class='ocrx_word' id='word_1_209' title='bbox 829 2984 920 3028; x_wconf 86' lang='lat' dir='ltr'><strong><em>tur</em></strong></span> <span class='ocrx_word' id='word_1_210' title='bbox 946 2974 1052 3037; x_wconf 89' lang='lat' dir='ltr'><strong><em>illi,</em></strong></span> <span class='ocrx_word' id='word_1_211' title='bbox 1074 2972 1262 3045; x_wconf 78' lang='lat' dir='ltr'><strong><em>quibus</em></strong></span> <span class='ocrx_word' id='word_1_212' title='bbox 1289 2974 1513 3043; x_wconf 81' lang='lat' dir='ltr'><strong><em>adytum</em></strong></span> <span class='ocrx_word' id='word_1_213' title='bbox 1535 2974 1768 3042; x_wconf 83' lang='lat' dir='ltr'><strong><em>pervium</em></strong></span> <span class='ocrx_word' id='word_1_214' title='bbox 1793 2981 1907 3025; x_wconf 91' lang='lat' dir='ltr'><strong><em>erat</em></strong></span> <span class='ocrx_word' id='word_1_215' title='bbox 1925 3012 1940 3032; x_wconf 88' lang='lat'><strong><em>,</em></strong></span> <span class='ocrx_word' id='word_1_216' title='bbox 1965 2981 2121 3026; x_wconf 83' lang='lat' dir='ltr'><strong><em>sonat</em></strong></span> <span class='ocrx_word' id='word_1_217' title='bbox 2152 2971 2408 3031; x_wconf 77' lang='lat' dir='ltr'><strong><em>Jeltovalt,</em></strong></span> 
     </span>
    </p>
   </div>
   <div class='ocr_carea' id='block_1_29' title="bbox 823 3063 2414 3137">
    <p class='ocr_par' dir='ltr' id='par_1_29' title="bbox 823 3063 2414 3137">
     <span class='ocr_line' id='line_1_29' title="bbox 823 3063 2414 3137; baseline -0.001 -17"><span class='ocrx_word' id='word_1_218' title='bbox 823 3066 967 3137; x_wconf 71' lang='lat' dir='ltr'><strong><em>quod</em></strong></span> <span class='ocrx_word' id='word_1_219' title='bbox 992 3067 1371 3136; x_wconf 83' lang='lat' dir='ltr'><strong><em>interpretatur</em></strong></span> <span class='ocrx_word' id='word_1_220' title='bbox 1408 3064 1505 3136; x_wconf 87' lang='lat' dir='ltr'><strong><em>qui</em></strong></span> <span class='ocrx_word' id='word_1_221' title='bbox 1531 3077 1614 3120; x_wconf 89' lang='lat' dir='ltr'><strong><em>cst</em></strong></span> <span class='ocrx_word' id='word_1_222' title='bbox 1653 3075 1706 3119; x_wconf 89' lang='lat' dir='ltr'><strong><em>et</em></strong></span> <span class='ocrx_word' id='word_1_223' title='bbox 1734 3064 1829 3134; x_wconf 87' lang='lat' dir='ltr'><strong><em>qui</em></strong></span> <span class='ocrx_word' id='word_1_224' title='bbox 1868 3064 2009 3130; x_wconf 87' lang='lat' dir='ltr'><strong><em>erit;</em></strong></span> <span class='ocrx_word' id='word_1_225' title='bbox 2038 3063 2414 3118; x_wconf 82' lang='lat' dir='ltr'><strong><em>candelabrum</em></strong></span> 
     </span>
    </p>
   </div>
   <div class='ocr_carea' id='block_1_30' title="bbox 827 3154 2412 3228">
    <p class='ocr_par' dir='ltr' id='par_1_30' title="bbox 827 3154 2412 3228">
     <span class='ocr_line' id='line_1_30' title="bbox 827 3154 2412 3228; baseline -0.005 -14"><span class='ocrx_word' id='word_1_226' title='bbox 827 3174 970 3224; x_wconf 61' lang='lat' dir='ltr'><strong><em>vero,</em></strong></span> <span class='ocrx_word' id='word_1_227' title='bbox 993 3158 1132 3228; x_wconf 82' lang='lat' dir='ltr'><strong><em>quod</em></strong></span> <span class='ocrx_word' id='word_1_228' title='bbox 1153 3156 1443 3211; x_wconf 86' lang='lat' dir='ltr'><strong><em>australem</em></strong></span> <span class='ocrx_word' id='word_1_229' title='bbox 1467 3156 1680 3226; x_wconf 85' lang='lat' dir='ltr'><strong><em>plagam</em></strong></span> <span class='ocrx_word' id='word_1_230' title='bbox 1702 3154 1949 3209; x_wconf 86' lang='lat' dir='ltr'><strong><em>adstabat</em></strong></span> <span class='ocrx_word' id='word_1_231' title='bbox 1975 3154 2190 3221; x_wconf 85' lang='lat' dir='ltr'><strong><em>altaris,</em></strong></span> <span class='ocrx_word' id='word_1_232' title='bbox 2220 3163 2412 3224; x_wconf 87' lang='lat' dir='ltr'><strong><em>septem</em></strong></span> 
     </span>
    </p>
   </div>
   <div class='ocr_carea' id='block_1_31' title="bbox 2519 618 4090 703">
    <p class='ocr_par' dir='ltr' id='par_1_31' title="bbox 2519 618 4090 703">
     <span class='ocr_line' id='line_1_31' title="bbox 2519 618 4090 703; baseline -0.011 -14"><span class='ocrx_word' id='word_1_233' title='bbox 2519 635 2700 697; x_wconf 84' lang='lat' dir='ltr'><strong><em>tlteol.,</em></strong></span> <span class='ocrx_word' id='word_1_234' title='bbox 2732 649 2856 703; x_wconf 85' lang='lat' dir='ltr'><strong><em>pag.</em></strong></span> <span class='ocrx_word' id='word_1_235' title='bbox 2888 633 2979 696; x_wconf 89' lang='grc'><strong><em>17,</em></strong></span> <span class='ocrx_word' id='word_1_236' title='bbox 3012 641 3066 689; x_wconf 91' lang='lat' dir='ltr'><strong><em>et</em></strong></span> <span class='ocrx_word' id='word_1_237' title='bbox 3092 630 3178 686; x_wconf 70' lang='grc' dir='ltr'><strong><em>ιο.</em></strong></span> <span class='ocrx_word' id='word_1_238' title='bbox 3223 626 3480 683; x_wconf 78' lang='lat' dir='ltr'><strong><em>Moschus</em></strong></span> <span class='ocrx_word' id='word_1_239' title='bbox 3515 628 3567 682; x_wconf 90' lang='lat' dir='ltr'><strong><em>in</em></strong></span> <span class='ocrx_word' id='word_1_240' title='bbox 3612 626 3774 680; x_wconf 85' lang='lat' dir='ltr'><strong><em>Prata</em></strong></span> <span class='ocrx_word' id='word_1_241' title='bbox 3795 618 4090 692; x_wconf 85' lang='lat' dir='ltr'><strong><em>spirituali,</em></strong></span> 
     </span>
    </p>
   </div>
   <div class='ocr_carea' id='block_1_32' title="bbox 2517 715 4093 799">
    <p class='ocr_par' dir='ltr' id='par_1_32' title="bbox 2517 715 4093 799">
     <span class='ocr_line' id='line_1_32' title="bbox 2517 715 4093 799; baseline -0.011 -14"><span class='ocrx_word' id='word_1_242' title='bbox 2517 746 2637 799; x_wconf 90' lang='lat' dir='ltr'><strong><em>cap.</em></strong></span> <span class='ocrx_word' id='word_1_243' title='bbox 2658 727 2759 781; x_wconf 84' lang='grc'><strong><em>176</em></strong></span> <span class='ocrx_word' id='word_1_244' title='bbox 2782 727 2914 795; x_wconf 85' lang='grc'>(55),</span> <span class='ocrx_word' id='word_1_245' title='bbox 2940 742 3105 796; x_wconf 79' lang='lat' dir='ltr'><strong><em>quem</em></strong></span> <span class='ocrx_word' id='word_1_246' title='bbox 3131 726 3334 783; x_wconf 91' lang='lat' dir='ltr'><strong><em>locum,</em></strong></span> <span class='ocrx_word' id='word_1_247' title='bbox 3363 734 3487 774; x_wconf 90' lang='lat' dir='ltr'><strong><em>cum</em></strong></span> <span class='ocrx_word' id='word_1_248' title='bbox 3521 720 3794 776; x_wconf 82' lang='lat' dir='ltr'><strong><em>laudasset</em></strong></span> <span class='ocrx_word' id='word_1_249' title='bbox 3822 715 4093 771; x_wconf 80' lang='lat' dir='ltr'><strong><em>Baronius</em></strong></span> 
     </span>
    </p>
   </div>
   <div class='ocr_carea' id='block_1_33' title="bbox 2518 807 4092 883">
    <p class='ocr_par' dir='ltr' id='par_1_33' title="bbox 2518 807 4092 883">
     <span class='ocr_line' id='line_1_33' title="bbox 2518 807 4092 883; baseline -0.011 -8"><span class='ocrx_word' id='word_1_250' title='bbox 2518 823 2584 875; x_wconf 87' lang='lat' dir='ltr'><strong><em>ad</em></strong></span> <span class='ocrx_word' id='word_1_251' title='bbox 2628 820 2694 874; x_wconf 76' lang='grc' dir='ltr'>Α.</span> <span class='ocrx_word' id='word_1_252' title='bbox 2719 817 2781 873; x_wconf 76' lang='grc' dir='ltr'><strong><em>(Ζ.</em></strong></span> <span class='ocrx_word' id='word_1_253' title='bbox 2812 817 2910 883; x_wconf 92' lang='grc'><strong><em>51,</em></strong></span> <span class='ocrx_word' id='word_1_254' title='bbox 2940 834 2998 872; x_wconf 90' lang='lat' dir='ltr'><strong><em>n.</em></strong></span> <span class='ocrx_word' id='word_1_255' title='bbox 3040 818 3132 882; x_wconf 73' lang='grc'>40,</span> <span class='ocrx_word' id='word_1_256' title='bbox 3166 824 3227 871; x_wconf 91' lang='lat' dir='ltr'><strong><em>ut</em></strong></span> <span class='ocrx_word' id='word_1_257' title='bbox 3257 812 3510 882; x_wconf 84' lang='lat' dir='ltr'><strong><em>probaret</em></strong></span> <span class='ocrx_word' id='word_1_258' title='bbox 3556 811 3774 865; x_wconf 86' lang='lat' dir='ltr'><strong><em>Petrum</em></strong></span> <span class='ocrx_word' id='word_1_259' title='bbox 3810 824 3843 864; x_wconf 88' lang='lat' dir='ltr'><strong><em>a</em></strong></span> <span class='ocrx_word' id='word_1_260' title='bbox 3870 807 4092 864; x_wconf 87' lang='lat' dir='ltr'><strong><em>Christo</em></strong></span> 
     </span>
    </p>
   </div>
   <div class='ocr_carea' id='block_1_34' title="bbox 2516 897 4096 983">
    <p class='ocr_par' dir='ltr' id='par_1_34' title="bbox 2516 897 4096 983">
     <span class='ocr_line' id='line_1_34' title="bbox 2516 897 4096 983; baseline -0.012 -14"><span class='ocrx_word' id='word_1_261' title='bbox 2516 907 3321 983; x_wconf 72' lang='lat' dir='ltr'><strong><em>haptizatumesse,Richartlus</em></strong></span> <span class='ocrx_word' id='word_1_262' title='bbox 3350 901 3714 958; x_wconf 76' lang='lat' dir='ltr'><strong><em>Montacutius</em></strong></span> <span class='ocrx_word' id='word_1_263' title='bbox 3755 903 3852 958; x_wconf 90' lang='lat' dir='ltr'><strong><em>lib.</em></strong></span> <span class='ocrx_word' id='word_1_264' title='bbox 3884 918 3925 957; x_wconf 89' lang='grc' dir='ltr'>ιι</span> <span class='ocrx_word' id='word_1_265' title='bbox 3973 897 4096 954; x_wconf 85' lang='lat' dir='ltr'><strong><em>Ori-</em></strong></span> 
     </span>
    </p>
   </div>
   <div class='ocr_carea' id='block_1_35' title="bbox 2516 994 4093 1078">
    <p class='ocr_par' dir='ltr' id='par_1_35' title="bbox 2516 994 4093 1078">
     <span class='ocr_line' id='line_1_35' title="bbox 2516 994 4093 1078; baseline -0.008 -18"><span class='ocrx_word' id='word_1_266' title='bbox 2516 1008 2698 1078; x_wconf 90' lang='lat' dir='ltr'><strong><em>ginum</em></strong></span> <span class='ocrx_word' id='word_1_267' title='bbox 2726 1002 2907 1057; x_wconf 89' lang='lat' dir='ltr'><strong><em>eccles.</em></strong></span> <span class='ocrx_word' id='word_1_268' title='bbox 2926 1017 3052 1073; x_wconf 86' lang='lat' dir='ltr'><strong><em>pag.</em></strong></span> <span class='ocrx_word' id='word_1_269' title='bbox 3081 1002 3180 1056; x_wconf 75' lang='lat'><strong>52:</strong></span> <span class='ocrx_word' id='word_1_270' title='bbox 3203 1000 3283 1055; x_wconf 84' lang='lat' dir='ltr'><strong><em>En</em></strong></span> <span class='ocrx_word' id='word_1_271' title='bbox 3310 996 3597 1058; x_wconf 82' lang='lat' dir='ltr'><strong><em>tibicinem,</em></strong></span> <span class='ocrx_word' id='word_1_272' title='bbox 3629 994 3833 1063; x_wconf 88' lang='lat' dir='ltr'><strong><em>inquit,</em></strong></span> <span class='ocrx_word' id='word_1_273' title='bbox 3881 995 4093 1049; x_wconf 79' lang='lat' dir='ltr'><strong><em>ruitura</em></strong></span> 
     </span>
    </p>
   </div>
   <div class='ocr_carea' id='block_1_36' title="bbox 2517 1083 4095 1170">
    <p class='ocr_par' dir='ltr' id='par_1_36' title="bbox 2517 1083 4095 1170">
     <span class='ocr_line' id='line_1_36' title="bbox 2517 1083 4095 1170; baseline -0.011 -16"><span class='ocrx_word' id='word_1_274' title='bbox 2517 1098 2717 1170; x_wconf 86' lang='lat' dir='ltr'><strong><em>alioqui</em></strong></span> <span class='ocrx_word' id='word_1_275' title='bbox 2761 1094 2993 1166; x_wconf 78' lang='lat' dir='ltr'><strong><em>parieti!</em></strong></span> <span class='ocrx_word' id='word_1_276' title='bbox 3025 1091 3265 1147; x_wconf 87' lang='lat' dir='ltr'><strong><em>Clemens</em></strong></span> <span class='ocrx_word' id='word_1_277' title='bbox 3295 1093 3323 1145; x_wconf 86' lang='grc' dir='ltr'>ὁ</span> <span class='ocrx_word' id='word_1_278' title='bbox 3364 1083 3679 1157; x_wconf 76' lang='grc' dir='ltr'><strong><em>πολυμαθής</em></strong></span> <span class='ocrx_word' id='word_1_279' title='bbox 3722 1087 4013 1140; x_wconf 87' lang='lat' dir='ltr'><strong><em>adnotatur</em></strong></span> <span class='ocrx_word' id='word_1_280' title='bbox 4036 1086 4095 1138; x_wconf 79' lang='lat' dir='ltr'><strong><em>in</em></strong></span> 
     </span>
    </p>
   </div>
   <div class='ocr_carea' id='block_1_37' title="bbox 2514 1173 4094 1257">
    <p class='ocr_par' dir='ltr' id='par_1_37' title="bbox 2514 1173 4094 1257">
     <span class='ocr_line' id='line_1_37' title="bbox 2514 1173 4094 1257; baseline -0.009 -14"><span class='ocrx_word' id='word_1_281' title='bbox 2514 1199 2691 1257; x_wconf 88' lang='lat' dir='ltr'><strong><em>partes</em></strong></span> <span class='ocrx_word' id='word_1_282' title='bbox 2726 1205 2791 1243; x_wconf 79' lang='lat' dir='ltr'><strong><em>ea:</em></strong></span> <span class='ocrx_word' id='word_1_283' title='bbox 2814 1182 3283 1256; x_wconf 82' lang='lat' dir='ltr'><strong><em>Hypotyposibus,</em></strong></span> <span class='ocrx_word' id='word_1_284' title='bbox 3312 1180 3401 1237; x_wconf 87' lang='lat' dir='ltr'><strong><em>sed</em></strong></span> <span class='ocrx_word' id='word_1_285' title='bbox 3430 1179 3624 1233; x_wconf 88' lang='lat' dir='ltr'><strong><em>citatus</em></strong></span> <span class='ocrx_word' id='word_1_286' title='bbox 3652 1190 3685 1226; x_wconf 90' lang='lat' dir='ltr'><strong><em>a</em></strong></span> <span class='ocrx_word' id='word_1_287' title='bbox 3716 1173 4011 1242; x_wconf 82' lang='lat' dir='ltr'><strong><em>Sophronia</em></strong></span> <span class='ocrx_word' id='word_1_288' title='bbox 4038 1176 4094 1229; x_wconf 85' lang='lat' dir='ltr'><strong><em>in</em></strong></span> 
     </span>
    </p>
   </div>
   <div class='ocr_carea' id='block_1_38' title="bbox 2516 1265 4092 1351">
    <p class='ocr_par' dir='ltr' id='par_1_38' title="bbox 2516 1265 4092 1351">
     <span class='ocr_line' id='line_1_38' title="bbox 2516 1265 4092 1351; baseline -0.008 -16"><span class='ocrx_word' id='word_1_289' title='bbox 2516 1282 2680 1337; x_wconf 83' lang='lat' dir='ltr'><strong><em>Prato</em></strong></span> <span class='ocrx_word' id='word_1_290' title='bbox 2730 1276 3021 1351; x_wconf 88' lang='lat' dir='ltr'><strong><em>spirituali.</em></strong></span> <span class='ocrx_word' id='word_1_291' title='bbox 3070 1274 3251 1344; x_wconf 83' lang='lat' dir='ltr'><strong><em>Neque</em></strong></span> <span class='ocrx_word' id='word_1_292' title='bbox 3294 1276 3435 1329; x_wconf 87' lang='lat' dir='ltr'><strong><em>enim</em></strong></span> <span class='ocrx_word' id='word_1_293' title='bbox 3463 1268 3728 1327; x_wconf 86' lang='lat' dir='ltr'><strong><em>Baronius</em></strong></span> <span class='ocrx_word' id='word_1_294' title='bbox 3786 1265 4092 1336; x_wconf 86' lang='lat' dir='ltr'><strong><em>Clementis,</em></strong></span> 
     </span>
    </p>
   </div>
   <div class='ocr_carea' id='block_1_39' title="bbox 2516 1359 4095 1443">
    <p class='ocr_par' dir='ltr' id='par_1_39' title="bbox 2516 1359 4095 1443">
     <span class='ocr_line' id='line_1_39' title="bbox 2516 1359 4095 1443; baseline -0.011 -14"><span class='ocrx_word' id='word_1_295' title='bbox 2516 1374 2695 1443; x_wconf 73' lang='lat' dir='ltr'><strong><em>crede,</em></strong></span> <span class='ocrx_word' id='word_1_296' title='bbox 2726 1373 2859 1427; x_wconf 81' lang='lat' dir='ltr'><strong><em>vidit</em></strong></span> <span class='ocrx_word' id='word_1_297' title='bbox 2882 1369 3279 1441; x_wconf 79' lang='lat' dir='ltr'><strong><em>Hypotyposes.</em></strong></span> <span class='ocrx_word' id='word_1_298' title='bbox 3314 1367 3465 1421; x_wconf 87' lang='lat' dir='ltr'><strong><em>Certe</em></strong></span> <span class='ocrx_word' id='word_1_299' title='bbox 3499 1378 3720 1433; x_wconf 84' lang='lat' dir='ltr'><strong><em>magnus</em></strong></span> <span class='ocrx_word' id='word_1_300' title='bbox 3760 1367 3952 1412; x_wconf 87' lang='lat' dir='ltr'><strong><em>auctor</em></strong></span> <span class='ocrx_word' id='word_1_301' title='bbox 3972 1359 4095 1413; x_wconf 83' lang='lat' dir='ltr'><strong><em>Cte-</em></strong></span> 
     </span>
    </p>
   </div>
   <div class='ocr_carea' id='block_1_40' title="bbox 2517 1449 4098 1531">
    <p class='ocr_par' dir='ltr' id='par_1_40' title="bbox 2517 1449 4098 1531">
     <span class='ocr_line' id='line_1_40' title="bbox 2517 1449 4098 1531; baseline -0.01 -12"><span class='ocrx_word' id='word_1_302' title='bbox 2517 1483 2682 1531; x_wconf 82' lang='lat' dir='ltr'><strong><em>mens,</em></strong></span> <span class='ocrx_word' id='word_1_303' title='bbox 2717 1466 2835 1519; x_wconf 84' lang='lat' dir='ltr'><strong><em>licet</em></strong></span> <span class='ocrx_word' id='word_1_304' title='bbox 2861 1462 3016 1517; x_wconf 86' lang='lat' dir='ltr'><strong><em>nimis</em></strong></span> <span class='ocrx_word' id='word_1_305' title='bbox 3042 1459 3305 1513; x_wconf 86' lang='lat' dir='ltr'><strong><em>interdum</em></strong></span> <span class='ocrx_word' id='word_1_306' title='bbox 3327 1456 3571 1511; x_wconf 84' lang='lat' dir='ltr'><strong><em>credulus</em></strong></span> <span class='ocrx_word' id='word_1_307' title='bbox 3595 1449 3948 1522; x_wconf 73' lang='lat' dir='ltr'><strong><em>apocrgpticis</em></strong></span> <span class='ocrx_word' id='word_1_308' title='bbox 3979 1466 4098 1503; x_wconf 85' lang='lat' dir='ltr'><strong><em>nar-</em></strong></span> 
     </span>
    </p>
   </div>
   <div class='ocr_carea' id='block_1_41' title="bbox 2518 1542 4097 1613">
    <p class='ocr_par' dir='ltr' id='par_1_41' title="bbox 2518 1542 4097 1613">
     <span class='ocr_line' id='line_1_41' title="bbox 2518 1542 4097 1613; baseline -0.012 1"><span class='ocrx_word' id='word_1_309' title='bbox 2518 1561 2813 1613; x_wconf 85' lang='lat' dir='ltr'><strong><em>rationibus</em></strong></span> <span class='ocrx_word' id='word_1_310' title='bbox 2857 1566 2907 1611; x_wconf 87' lang='lat' dir='ltr'><strong><em>et</em></strong></span> <span class='ocrx_word' id='word_1_311' title='bbox 2955 1552 3254 1608; x_wconf 86' lang='lat' dir='ltr'><strong><em>rumoribus</em></strong></span> <span class='ocrx_word' id='word_1_312' title='bbox 3302 1552 3367 1604; x_wconf 90' lang='lat' dir='ltr'><strong><em>ab</em></strong></span> <span class='ocrx_word' id='word_1_313' title='bbox 3406 1552 3609 1604; x_wconf 90' lang='lat' dir='ltr'><strong><em>incerta</em></strong></span> <span class='ocrx_word' id='word_1_314' title='bbox 3646 1544 3955 1599; x_wconf 84' lang='lat' dir='ltr'><strong><em>traditione.</em></strong></span> <span class='ocrx_word' id='word_1_315' title='bbox 3999 1542 4097 1597; x_wconf 89' lang='lat' dir='ltr'><strong><em>Se-</em></strong></span> 
     </span>
    </p>
   </div>
   <div class='ocr_carea' id='block_1_42' title="bbox 2517 1634 4096 1715">
    <p class='ocr_par' dir='ltr' id='par_1_42' title="bbox 2517 1634 4096 1715">
     <span class='ocr_line' id='line_1_42' title="bbox 2517 1634 4096 1715; baseline -0.012 -9"><span class='ocrx_word' id='word_1_316' title='bbox 2517 1651 2689 1705; x_wconf 57' lang='lat' dir='ltr'><strong><em>cundo</em></strong></span> <span class='ocrx_word' id='word_1_317' title='bbox 2734 1650 3037 1704; x_wconf 63' lang='lat' dir='ltr'><strong><em>criticorum</em></strong></span> <span class='ocrx_word' id='word_1_318' title='bbox 3082 1644 3304 1715; x_wconf 91' lang='lat' dir='ltr'><strong><em>quidam</em></strong></span> <span class='ocrx_word' id='word_1_319' title='bbox 3342 1638 3755 1696; x_wconf 86' lang='lat' dir='ltr'><strong><em>nominatissimi</em></strong></span> <span class='ocrx_word' id='word_1_320' title='bbox 3799 1650 3928 1704; x_wconf 83' lang='lat' dir='ltr'><strong><em>opus</em></strong></span> <span class='ocrx_word' id='word_1_321' title='bbox 3957 1634 4096 1688; x_wconf 89' lang='lat' dir='ltr'><strong><em>illud</em></strong></span> 
     </span>
    </p>
   </div>
   <div class='ocr_carea' id='block_1_43' title="bbox 2518 1726 4097 1816">
    <p class='ocr_par' dir='ltr' id='par_1_43' title="bbox 2518 1726 4097 1816">
     <span class='ocr_line' id='line_1_43' title="bbox 2518 1726 4097 1816; baseline -0.014 -17"><span class='ocrx_word' id='word_1_322' title='bbox 2518 1742 2934 1816; x_wconf 77' lang='lat' dir='ltr'><strong><em>Hypotyposeon</em></strong></span> <span class='ocrx_word' id='word_1_323' title='bbox 2958 1754 3061 1791; x_wconf 87' lang='lat' dir='ltr'><strong><em>non</em></strong></span> <span class='ocrx_word' id='word_1_324' title='bbox 3080 1737 3271 1790; x_wconf 88' lang='lat' dir='ltr'><strong><em>lectum</em></strong></span> <span class='ocrx_word' id='word_1_325' title='bbox 3293 1734 3395 1788; x_wconf 88' lang='lat' dir='ltr'><strong><em>sibi</em></strong></span> <span class='ocrx_word' id='word_1_326' title='bbox 3419 1734 3587 1787; x_wconf 73' lang='lat' dir='ltr'><strong><em>risum</em></strong></span> <span class='ocrx_word' id='word_1_327' title='bbox 3610 1728 3719 1799; x_wconf 88' lang='lat' dir='ltr'><strong><em>(sed</em></strong></span> <span class='ocrx_word' id='word_1_328' title='bbox 3744 1726 3871 1802; x_wconf 61' lang='lat' dir='ltr'><strong><em>napi.</em></strong></span> <span class='ocrx_word' id='word_1_329' title='bbox 3895 1726 4097 1791; x_wconf 77' lang='grc' dir='ltr'>παντὸς</span> 
     </span>
    </p>
   </div>
   <div class='ocr_carea' id='block_1_44' title="bbox 2519 1820 4096 1904">
    <p class='ocr_par' dir='ltr' id='par_1_44' title="bbox 2519 1820 4096 1904">
     <span class='ocr_line' id='line_1_44' title="bbox 2519 1820 4096 1904; baseline -0.013 -12"><span class='ocrx_word' id='word_1_330' title='bbox 2519 1839 2670 1901; x_wconf 80' lang='grc' dir='ltr'>ὄντος</span> <span class='ocrx_word' id='word_1_331' title='bbox 2699 1837 2791 1890; x_wconf 80' lang='grc' dir='ltr'><strong><em>καὶ</em></strong></span> <span class='ocrx_word' id='word_1_332' title='bbox 2818 1832 2892 1904; x_wconf 80' lang='grc' dir='ltr'><strong><em>μὴ</em></strong></span> <span class='ocrx_word' id='word_1_333' title='bbox 2918 1832 3069 1893; x_wconf 78' lang='grc' dir='ltr'><strong><em>ὄντος</em></strong></span> <span class='ocrx_word' id='word_1_334' title='bbox 3096 1828 3339 1897; x_wconf 77' lang='lat' dir='ltr'><strong><em>iudicant</em></strong></span> <span class='ocrx_word' id='word_1_335' title='bbox 3363 1825 3558 1893; x_wconf 85' lang='lat' dir='ltr'><strong><em>critici)</em></strong></span> <span class='ocrx_word' id='word_1_336' title='bbox 3593 1824 3845 1876; x_wconf 82' lang='lat' dir='ltr'><strong><em>deuocant</em></strong></span> <span class='ocrx_word' id='word_1_337' title='bbox 3866 1820 3923 1872; x_wconf 86' lang='lat' dir='ltr'><strong><em>in</em></strong></span> <span class='ocrx_word' id='word_1_338' title='bbox 3950 1835 4096 1889; x_wconf 71' lang='lat' dir='ltr'><strong><em>quat-</em></strong></span> 
     </span>
    </p>
   </div>
   <div class='ocr_carea' id='block_1_45' title="bbox 2515 1911 4097 1990">
    <p class='ocr_par' dir='ltr' id='par_1_45' title="bbox 2515 1911 4097 1990">
     <span class='ocr_line' id='line_1_45' title="bbox 2515 1911 4097 1990; baseline -0.013 -5"><span class='ocrx_word' id='word_1_339' title='bbox 2515 1933 2757 1985; x_wconf 85' lang='lat' dir='ltr'><strong><em>stionem.</em></strong></span> <span class='ocrx_word' id='word_1_340' title='bbox 2803 1925 2956 1990; x_wconf 83' lang='lat' dir='ltr'><strong><em>Quod</em></strong></span> <span class='ocrx_word' id='word_1_341' title='bbox 3002 1924 3049 1976; x_wconf 89' lang='lat' dir='ltr'><strong><em>si</em></strong></span> <span class='ocrx_word' id='word_1_342' title='bbox 3072 1930 3327 1985; x_wconf 77' lang='lat' dir='ltr'><strong><em>exstaret,</em></strong></span> <span class='ocrx_word' id='word_1_343' title='bbox 3365 1916 3651 1987; x_wconf 79' lang='lat' dir='ltr'><strong><em>multiplici</em></strong></span> <span class='ocrx_word' id='word_1_344' title='bbox 3707 1913 3893 1982; x_wconf 83' lang='lat' dir='ltr'><strong><em>procul</em></strong></span> <span class='ocrx_word' id='word_1_345' title='bbox 3934 1911 4097 1965; x_wconf 83' lang='lat' dir='ltr'><strong><em>dubio</em></strong></span> 
     </span>
    </p>
   </div>
   <div class='ocr_carea' id='block_1_46' title="bbox 2514 2008 4098 2082">
    <p class='ocr_par' dir='ltr' id='par_1_46' title="bbox 2514 2008 4098 2082">
     <span class='ocr_line' id='line_1_46' title="bbox 2514 2008 4098 2082; baseline -0.014 -6"><span class='ocrx_word' id='word_1_346' title='bbox 2514 2022 2778 2082; x_wconf 87' lang='lat' dir='ltr'><strong><em>doctrina,</em></strong></span> <span class='ocrx_word' id='word_1_347' title='bbox 2810 2026 2868 2070; x_wconf 89' lang='lat' dir='ltr'><strong><em>ut</em></strong></span> <span class='ocrx_word' id='word_1_348' title='bbox 2898 2014 2987 2069; x_wconf 90' lang='lat' dir='ltr'><strong><em>ille</em></strong></span> <span class='ocrx_word' id='word_1_349' title='bbox 3014 2014 3151 2068; x_wconf 88' lang='lat' dir='ltr'><strong><em>alter</em></strong></span> <span class='ocrx_word' id='word_1_350' title='bbox 3180 2011 3337 2081; x_wconf 86' lang='grc' dir='ltr'><strong>λόγος</strong></span> <span class='ocrx_word' id='word_1_351' title='bbox 3371 2008 3743 2081; x_wconf 77' lang='grc' dir='ltr'><strong><em>στρωματεῖος</em></strong></span> <span class='ocrx_word' id='word_1_352' title='bbox 3765 2020 3858 2057; x_wconf 84' lang='lat' dir='ltr'><strong><em>nos</em></strong></span> <span class='ocrx_word' id='word_1_353' title='bbox 3890 2019 4098 2057; x_wconf 86' lang='lat' dir='ltr'><strong><em>recrea-</em></strong></span> 
     </span>
    </p>
   </div>
   <div class='ocr_carea' id='block_1_47' title="bbox 2517 2099 4101 2182">
    <p class='ocr_par' dir='ltr' id='par_1_47' title="bbox 2517 2099 4101 2182">
     <span class='ocr_line' id='line_1_47' title="bbox 2517 2099 4101 2182; baseline -0.013 -8"><span class='ocrx_word' id='word_1_354' title='bbox 2517 2130 2612 2175; x_wconf 83' lang='lat' dir='ltr'><strong><em>ret.</em></strong></span> <span class='ocrx_word' id='word_1_355' title='bbox 2647 2116 2750 2171; x_wconf 90' lang='lat' dir='ltr'><strong><em>Sed</em></strong></span> <span class='ocrx_word' id='word_1_356' title='bbox 2781 2132 2851 2168; x_wconf 91' lang='lat' dir='ltr'><strong><em>an</em></strong></span> <span class='ocrx_word' id='word_1_357' title='bbox 2876 2113 2969 2168; x_wconf 89' lang='lat' dir='ltr'><strong><em>ille</em></strong></span> <span class='ocrx_word' id='word_1_358' title='bbox 2996 2111 3399 2182; x_wconf 84' lang='lat' dir='ltr'><strong><em>antiquissimus</em></strong></span> <span class='ocrx_word' id='word_1_359' title='bbox 3428 2118 3476 2162; x_wconf 92' lang='lat' dir='ltr'><strong><em>et</em></strong></span> <span class='ocrx_word' id='word_1_360' title='bbox 3513 2103 3907 2161; x_wconf 84' lang='lat' dir='ltr'><strong><em>eruditissimus</em></strong></span> <span class='ocrx_word' id='word_1_361' title='bbox 3938 2099 4101 2154; x_wconf 89' lang='lat' dir='ltr'><strong><em>Pater</em></strong></span> 
     </span>
    </p>
   </div>
   <div class='ocr_carea' id='block_1_48' title="bbox 2517 2193 4100 2280">
    <p class='ocr_par' dir='ltr' id='par_1_48' title="bbox 2517 2193 4100 2280">
     <span class='ocr_line' id='line_1_48' title="bbox 2517 2193 4100 2280; baseline -0.013 -13"><span class='ocrx_word' id='word_1_362' title='bbox 2517 2214 2619 2267; x_wconf 81' lang='lat' dir='ltr'><strong><em>tale</em></strong></span> <span class='ocrx_word' id='word_1_363' title='bbox 2666 2209 2869 2280; x_wconf 89' lang='lat' dir='ltr'><strong><em>aliquid</em></strong></span> <span class='ocrx_word' id='word_1_364' title='bbox 2903 2206 3141 2262; x_wconf 85' lang='lat' dir='ltr'><strong><em>retulerit</em></strong></span> <span class='ocrx_word' id='word_1_365' title='bbox 3167 2205 3224 2257; x_wconf 87' lang='lat' dir='ltr'><strong><em>in</em></strong></span> <span class='ocrx_word' id='word_1_366' title='bbox 3251 2199 3714 2273; x_wconf 82' lang='lat' dir='ltr'><strong><em>Hypolyposibus,</em></strong></span> <span class='ocrx_word' id='word_1_367' title='bbox 3749 2205 3862 2249; x_wconf 89' lang='lat' dir='ltr'><strong><em>tum</em></strong></span> <span class='ocrx_word' id='word_1_368' title='bbox 3884 2193 4100 2247; x_wconf 87' lang='lat' dir='ltr'><strong><em>tandem</em></strong></span> 
     </span>
    </p>
   </div>
   <div class='ocr_carea' id='block_1_49' title="bbox 2515 2286 4102 2373">
    <p class='ocr_par' dir='ltr' id='par_1_49' title="bbox 2515 2286 4102 2373">
     <span class='ocr_line' id='line_1_49' title="bbox 2515 2286 4102 2373; baseline -0.013 -15"><span class='ocrx_word' id='word_1_369' title='bbox 2515 2303 2890 2373; x_wconf 84' lang='lat' dir='ltr'><strong><em>intelligemus,</em></strong></span> <span class='ocrx_word' id='word_1_370' title='bbox 2928 2315 3044 2353; x_wconf 90' lang='lat' dir='ltr'><strong><em>cum</em></strong></span> <span class='ocrx_word' id='word_1_371' title='bbox 3075 2295 3265 2351; x_wconf 88' lang='lat' dir='ltr'><strong><em>Patres</em></strong></span> <span class='ocrx_word' id='word_1_372' title='bbox 3293 2293 3580 2373; x_wconf 84' lang='lat' dir='ltr'><strong><em>Societatis</em></strong></span> <span class='ocrx_word' id='word_1_373' title='bbox 3606 2306 3713 2362; x_wconf 87' lang='lat' dir='ltr'><strong><em>qua</em></strong></span> <span class='ocrx_word' id='word_1_374' title='bbox 3744 2303 3954 2342; x_wconf 86' lang='lat' dir='ltr'><strong><em>summa</em></strong></span> <span class='ocrx_word' id='word_1_375' title='bbox 3983 2286 4102 2355; x_wconf 87' lang='lat' dir='ltr'><strong><em>pol-</em></strong></span> 
     </span>
    </p>
   </div>
   <div class='ocr_carea' id='block_1_50' title="bbox 2514 2369 4100 2467">
    <p class='ocr_par' dir='ltr' id='par_1_50' title="bbox 2514 2369 4100 2467">
     <span class='ocr_line' id='line_1_50' title="bbox 2514 2369 4100 2467; baseline -0.014 -16"><span class='ocrx_word' id='word_1_376' title='bbox 2514 2398 2620 2451; x_wconf 85' lang='lat' dir='ltr'><strong><em>lent</em></strong></span> <span class='ocrx_word' id='word_1_377' title='bbox 2653 2369 2829 2467; x_wconf 75' lang='lat' dir='ltr'><strong><em>gratia</em></strong></span> <span class='ocrx_word' id='word_1_378' title='bbox 2858 2403 2910 2448; x_wconf 90' lang='lat' dir='ltr'><strong><em>et</em></strong></span> <span class='ocrx_word' id='word_1_379' title='bbox 2940 2391 3259 2446; x_wconf 85' lang='lat' dir='ltr'><strong><em>auctoritate</em></strong></span> <span class='ocrx_word' id='word_1_380' title='bbox 3304 2386 3447 2457; x_wconf 89' lang='lat' dir='ltr'><strong><em>apud</em></strong></span> <span class='ocrx_word' id='word_1_381' title='bbox 3496 2369 3811 2437; x_wconf 84' lang='lat' dir='ltr'><strong><em>hodiernum</em></strong></span> <span class='ocrx_word' id='word_1_382' title='bbox 3857 2379 4100 2449; x_wconf 84' lang='lat' dir='ltr'><strong><em>patriar-</em></strong></span> 
     </span>
    </p>
   </div>
   <div class='ocr_carea' id='block_1_51' title="bbox 2516 2474 4100 2551">
    <p class='ocr_par' dir='ltr' id='par_1_51' title="bbox 2516 2474 4100 2551">
     <span class='ocr_line' id='line_1_51' title="bbox 2516 2474 4100 2551; baseline -0.015 -6"><span class='ocrx_word' id='word_1_383' title='bbox 2516 2493 2666 2545; x_wconf 84' lang='lat' dir='ltr'><strong><em>rlmm</em></strong></span> <span class='ocrx_word' id='word_1_384' title='bbox 2710 2487 3152 2551; x_wconf 76' lang='lat' dir='ltr'><strong><em>Alexandrinum,</em></strong></span> <span class='ocrx_word' id='word_1_385' title='bbox 3180 2483 3317 2537; x_wconf 86' lang='lat' dir='ltr'><strong><em>illud</em></strong></span> <span class='ocrx_word' id='word_1_386' title='bbox 3354 2498 3484 2551; x_wconf 83' lang='lat' dir='ltr'><strong><em>Opus</em></strong></span> <span class='ocrx_word' id='word_1_387' title='bbox 3514 2477 3842 2533; x_wconf 88' lang='lat' dir='ltr'><strong><em>tessellatum</em></strong></span> <span class='ocrx_word' id='word_1_388' title='bbox 3864 2474 3921 2525; x_wconf 88' lang='lat' dir='ltr'><strong><em>in</em></strong></span> <span class='ocrx_word' id='word_1_389' title='bbox 3944 2487 4100 2524; x_wconf 83' lang='lat' dir='ltr'><strong><em>usum</em></strong></span> 
     </span>
    </p>
   </div>
   <div class='ocr_carea' id='block_1_52' title="bbox 2514 2563 4101 2653">
    <p class='ocr_par' dir='ltr' id='par_1_52' title="bbox 2514 2563 4101 2653">
     <span class='ocr_line' id='line_1_52' title="bbox 2514 2563 4101 2653; baseline -0.014 -16"><span class='ocrx_word' id='word_1_390' title='bbox 2514 2583 2778 2653; x_wconf 83' lang='lat' dir='ltr'><strong><em>publicum</em></strong></span> <span class='ocrx_word' id='word_1_391' title='bbox 2808 2579 3058 2634; x_wconf 74' lang='lat' dir='ltr'><strong><em>Ecclesia:</em></strong></span> <span class='ocrx_word' id='word_1_392' title='bbox 3081 2575 3497 2646; x_wconf 81' lang='lat' dir='ltr'><strong><em>impetraverint.</em></strong></span> <span class='ocrx_word' id='word_1_393' title='bbox 3527 2568 3801 2626; x_wconf 88' lang='lat' dir='ltr'><strong><em>Scribebat</em></strong></span> <span class='ocrx_word' id='word_1_394' title='bbox 3826 2566 3963 2619; x_wconf 86' lang='lat' dir='ltr'><strong><em>enim</em></strong></span> <span class='ocrx_word' id='word_1_395' title='bbox 3995 2563 4101 2616; x_wconf 84' lang='lat' dir='ltr'><strong><em>ali-</em></strong></span> 
     </span>
    </p>
   </div>
   <div class='ocr_carea' id='block_1_53' title="bbox 2514 2657 4101 2746">
    <p class='ocr_par' dir='ltr' id='par_1_53' title="bbox 2514 2657 4101 2746">
     <span class='ocr_line' id='line_1_53' title="bbox 2514 2657 4101 2746; baseline -0.014 -18"><span class='ocrx_word' id='word_1_396' title='bbox 2514 2676 2721 2746; x_wconf 75' lang='lat' dir='ltr'><strong><em>quando</em></strong></span> <span class='ocrx_word' id='word_1_397' title='bbox 2765 2673 3102 2727; x_wconf 87' lang='lat' dir='ltr'><strong><em>doctissimus</em></strong></span> <span class='ocrx_word' id='word_1_398' title='bbox 3155 2667 3353 2721; x_wconf 80' lang='lat' dir='ltr'><strong><em>Fronto</em></strong></span> <span class='ocrx_word' id='word_1_399' title='bbox 3387 2663 3582 2719; x_wconf 85' lang='lat' dir='ltr'><strong><em>litteris</em></strong></span> <span class='ocrx_word' id='word_1_400' title='bbox 3620 2661 3688 2716; x_wconf 86' lang='lat' dir='ltr'><strong><em>ad</em></strong></span> <span class='ocrx_word' id='word_1_401' title='bbox 3739 2657 4101 2712; x_wconf 83' lang='lat' dir='ltr'><strong><em>clarissimum</em></strong></span> 
     </span>
    </p>
   </div>
   <div class='ocr_carea' id='block_1_54' title="bbox 2516 2748 4101 2832">
    <p class='ocr_par' dir='ltr' id='par_1_54' title="bbox 2516 2748 4101 2832">
     <span class='ocr_line' id='line_1_54' title="bbox 2516 2748 4101 2832; baseline -0.015 -9"><span class='ocrx_word' id='word_1_402' title='bbox 2516 2767 2777 2822; x_wconf 80' lang='lat' dir='ltr'><strong><em>Savilium</em></strong></span> <span class='ocrx_word' id='word_1_403' title='bbox 2830 2765 3037 2829; x_wconf 87' lang='lat' dir='ltr'><strong><em>missis,</em></strong></span> <span class='ocrx_word' id='word_1_404' title='bbox 3087 2761 3229 2832; x_wconf 88' lang='lat' dir='ltr'><strong><em>apud</em></strong></span> <span class='ocrx_word' id='word_1_405' title='bbox 3275 2760 3427 2812; x_wconf 88' lang='lat' dir='ltr'><strong><em>illum</em></strong></span> <span class='ocrx_word' id='word_1_406' title='bbox 3479 2752 3850 2826; x_wconf 81' lang='lat' dir='ltr'><strong><em>patriarcltam</em></strong></span> <span class='ocrx_word' id='word_1_407' title='bbox 3904 2748 4101 2802; x_wconf 87' lang='lat' dir='ltr'><strong><em>librum</em></strong></span> 
     </span>
    </p>
   </div>
   <div class='ocr_carea' id='block_1_55' title="bbox 2514 2862 2908 2913">
    <p class='ocr_par' dir='ltr' id='par_1_55' title="bbox 2514 2862 2908 2913">
     <span class='ocr_line' id='line_1_55' title="bbox 2514 2862 2908 2913; baseline 0 -2"><span class='ocrx_word' id='word_1_408' title='bbox 2514 2862 2652 2913; x_wconf 76' lang='lat' dir='ltr'><strong><em>[tunc</em></strong></span> <span class='ocrx_word' id='word_1_409' title='bbox 2676 2867 2908 2913; x_wconf 72' lang='lat' dir='ltr'><strong><em>exstare.</em></strong></span> 
     </span>
    </p>
   </div>
   <div class='ocr_carea' id='block_1_56' title="bbox 2584 2943 4100 3020">
    <p class='ocr_par' dir='ltr' id='par_1_56' title="bbox 2584 2943 4100 3020">
     <span class='ocr_line' id='line_1_56' title="bbox 2584 2943 4100 3020; baseline -0.005 -16"><span class='ocrx_word' id='word_1_410' title='bbox 2584 2952 2639 3009; x_wconf 83' lang='grc'><strong><em>2.</em></strong></span> <span class='ocrx_word' id='word_1_411' title='bbox 2672 2952 3029 3020; x_wconf 71' lang='grc' dir='ltr'><strong><em>Σύγγραμμα</em></strong></span> <span class='ocrx_word' id='word_1_412' title='bbox 3054 2946 3398 3018; x_wconf 71' lang='grc' dir='ltr'><strong><em>Κλήμεντος</em></strong></span> <span class='ocrx_word' id='word_1_413' title='bbox 3434 2943 3540 2997; x_wconf 80' lang='grc' dir='ltr'><strong><em>τοῦ</em></strong></span> <span class='ocrx_word' id='word_1_414' title='bbox 3582 2943 3971 3013; x_wconf 71' lang='grc' dir='ltr'><strong><em>Στρωματέως</em></strong></span> <span class='ocrx_word' id='word_1_415' title='bbox 4012 2943 4100 3008; x_wconf 80' lang='grc' dir='ltr'><strong><em>εις</em></strong></span> 
     </span>
    </p>
   </div>
   <div class='ocr_carea' id='block_1_57' title="bbox 2516 3033 4101 3110">
    <p class='ocr_par' dir='ltr' id='par_1_57' title="bbox 2516 3033 4101 3110">
     <span class='ocr_line' id='line_1_57' title="bbox 2516 3033 4101 3110; baseline -0.006 -15"><span class='ocrx_word' id='word_1_416' title='bbox 2516 3043 2622 3095; x_wconf 80' lang='grc' dir='ltr'><em>τὸν</em></span> <span class='ocrx_word' id='word_1_417' title='bbox 2649 3041 2965 3110; x_wconf 57' lang='grc' dir='ltr'><strong><em>προφήτην</em></strong></span> <span class='ocrx_word' id='word_1_418' title='bbox 2999 3040 3188 3109; x_wconf 80' lang='grc' dir='ltr'><strong><em>Ἀμώς</em></strong></span> <span class='ocrx_word' id='word_1_419' title='bbox 3223 3044 3494 3092; x_wconf 88' lang='lat' dir='ltr'><strong><em>memorat</em></strong></span> <span class='ocrx_word' id='word_1_420' title='bbox 3520 3034 3795 3090; x_wconf 90' lang='lat' dir='ltr'><strong><em>Palladius</em></strong></span> <span class='ocrx_word' id='word_1_421' title='bbox 3827 3035 3883 3089; x_wconf 90' lang='lat' dir='ltr'><strong><em>in</em></strong></span> <span class='ocrx_word' id='word_1_422' title='bbox 3914 3033 4101 3088; x_wconf 79' lang='lat' dir='ltr'><strong><em>Histo-</em></strong></span> 
     </span>
    </p>
   </div>
   <div class='ocr_carea' id='block_1_58' title="bbox 2518 3125 3676 3201">
    <p class='ocr_par' dir='ltr' id='par_1_58' title="bbox 2518 3125 3676 3201">
     <span class='ocr_line' id='line_1_58' title="bbox 2518 3125 3676 3201; baseline -0.008 -14"><span class='ocrx_word' id='word_1_423' title='bbox 2518 3134 2600 3186; x_wconf 84' lang='lat' dir='ltr'><strong><em>ria</em></strong></span> <span class='ocrx_word' id='word_1_424' title='bbox 2627 3132 2919 3194; x_wconf 86' lang='lat' dir='ltr'><strong><em>Lausiaca,</em></strong></span> <span class='ocrx_word' id='word_1_425' title='bbox 2956 3145 3085 3201; x_wconf 86' lang='lat' dir='ltr'><strong><em>pag.</em></strong></span> <span class='ocrx_word' id='word_1_426' title='bbox 3115 3129 3216 3182; x_wconf 70' lang='grc'>147</span> <span class='ocrx_word' id='word_1_427' title='bbox 3263 3128 3397 3183; x_wconf 88' lang='lat' dir='ltr'><strong><em>edit.</em></strong></span> <span class='ocrx_word' id='word_1_428' title='bbox 3431 3125 3676 3182; x_wconf 81' lang='lat' dir='ltr'><strong><em>Mcursii.</em></strong></span> 
     </span>
    </p>
   </div>
   <div class='ocr_carea' id='block_1_59' title="bbox 828 3235 4103 3321">
    <p class='ocr_par' dir='ltr' id='par_1_59' title="bbox 828 3235 4103 3321">
     <span class='ocr_line' id='line_1_59' title="bbox 828 3235 4103 3321; baseline -0.004 -18"><span class='ocrx_word' id='word_1_429' title='bbox 828 3251 1072 3321; x_wconf 83' lang='lat' dir='ltr'><strong><em>planetas</em></strong></span> <span class='ocrx_word' id='word_1_430' title='bbox 1108 3249 1390 3320; x_wconf 77' lang='lat' dir='ltr'><strong><em>referebat,</em></strong></span> <span class='ocrx_word' id='word_1_431' title='bbox 1420 3249 1512 3319; x_wconf 89' lang='lat' dir='ltr'><strong><em>qui</em></strong></span> <span class='ocrx_word' id='word_1_432' title='bbox 1533 3265 1627 3318; x_wconf 90' lang='lat' dir='ltr'><strong><em>per</em></strong></span> <span class='ocrx_word' id='word_1_433' title='bbox 1654 3248 2006 3302; x_wconf 88' lang='lat' dir='ltr'><strong><em>meridianam</em></strong></span> <span class='ocrx_word' id='word_1_434' title='bbox 2035 3248 2299 3317; x_wconf 83' lang='lat' dir='ltr'><strong><em>regionem</em></strong></span> <span class='ocrx_word' id='word_1_435' title='bbox 2320 3248 2421 3299; x_wconf 82' lang='lat' dir='ltr'><strong><em>cir-</em></strong></span> <span class='ocrx_word' id='word_1_436' title='bbox 2443 3247 2486 3302; x_wconf 90' lang='lat' dir='ltr'><strong><em>C</em></strong></span> <span class='ocrx_word' id='word_1_437' title='bbox 2590 3248 2645 3301; x_wconf 85' lang='lat'><strong><em>&#39;5.</em></strong></span> <span class='ocrx_word' id='word_1_438' title='bbox 2680 3247 2816 3314; x_wconf 70' lang='grc' dir='ltr'><strong><em>Περὶ</em></strong></span> <span class='ocrx_word' id='word_1_439' title='bbox 2843 3245 3149 3312; x_wconf 79' lang='grc' dir='ltr'><strong><em>προνοίας,</em></strong></span> <span class='ocrx_word' id='word_1_440' title='bbox 3171 3258 3236 3296; x_wconf 78' lang='lat' dir='ltr'><strong><em>ex</em></strong></span> <span class='ocrx_word' id='word_1_441' title='bbox 3262 3257 3371 3311; x_wconf 88' lang='lat' dir='ltr'><strong><em>quo</em></strong></span> <span class='ocrx_word' id='word_1_442' title='bbox 3400 3239 3703 3309; x_wconf 79' lang='lat' dir='ltr'><strong><em>fragmenta</em></strong></span> <span class='ocrx_word' id='word_1_443' title='bbox 3729 3237 3872 3307; x_wconf 90' lang='lat' dir='ltr'><strong><em>apud</em></strong></span> <span class='ocrx_word' id='word_1_444' title='bbox 3904 3236 3961 3291; x_wconf 90' lang='lat' dir='ltr'><strong><em>S.</em></strong></span> <span class='ocrx_word' id='word_1_445' title='bbox 3989 3235 4103 3289; x_wconf 80' lang='lat' dir='ltr'><strong><em>Ma-</em></strong></span> 
     </span>
    </p>
   </div>
   <div class='ocr_carea' id='block_1_60' title="bbox 824 3336 2414 3412">
    <p class='ocr_par' dir='ltr' id='par_1_60' title="bbox 824 3336 2414 3412">
     <span class='ocr_line' id='line_1_60' title="bbox 824 3336 2414 3412; baseline -0.006 -13"><span class='ocrx_word' id='word_1_446' title='bbox 824 3345 1036 3412; x_wconf 74' lang='lat' dir='ltr'><strong><em>r-umagi</em></strong></span> <span class='ocrx_word' id='word_1_447' title='bbox 1064 3343 1210 3397; x_wconf 86' lang='lat' dir='ltr'><strong><em>nobis</em></strong></span> <span class='ocrx_word' id='word_1_448' title='bbox 1236 3344 1503 3407; x_wconf 81' lang='lat' dir='ltr'><strong><em>videntur,</em></strong></span> <span class='ocrx_word' id='word_1_449' title='bbox 1545 3340 1632 3394; x_wconf 86' lang='lat' dir='ltr'><strong><em>cui</em></strong></span> <span class='ocrx_word' id='word_1_450' title='bbox 1662 3342 1798 3393; x_wconf 88' lang='lat' dir='ltr'><strong><em>terni</em></strong></span> <span class='ocrx_word' id='word_1_451' title='bbox 1834 3340 2085 3409; x_wconf 85' lang='lat' dir='ltr'><strong><em>utrinque</em></strong></span> <span class='ocrx_word' id='word_1_452' title='bbox 2117 3336 2254 3391; x_wconf 90' lang='lat' dir='ltr'><strong><em>rami</em></strong></span> <span class='ocrx_word' id='word_1_453' title='bbox 2286 3352 2414 3390; x_wconf 83' lang='lat' dir='ltr'><strong><em>con-</em></strong></span> 
     </span>
    </p>
   </div>
   <div class='ocr_carea' id='block_1_61' title="bbox 825 3429 2417 3506">
    <p class='ocr_par' dir='ltr' id='par_1_61' title="bbox 825 3429 2417 3506">
     <span class='ocr_line' id='line_1_61' title="bbox 825 3429 2417 3506; baseline -0.007 -16"><span class='ocrx_word' id='word_1_454' title='bbox 825 3447 1072 3506; x_wconf 88' lang='lat' dir='ltr'><strong><em>surgunt,</em></strong></span> <span class='ocrx_word' id='word_1_455' title='bbox 1102 3438 1356 3505; x_wconf 82' lang='lat' dir='ltr'><strong><em>quoniam</em></strong></span> <span class='ocrx_word' id='word_1_456' title='bbox 1389 3435 1467 3488; x_wconf 82' lang='lat' dir='ltr'><strong><em>sol</em></strong></span> <span class='ocrx_word' id='word_1_457' title='bbox 1487 3435 1642 3505; x_wconf 85' lang='lat' dir='ltr'><strong><em>quasi</em></strong></span> <span class='ocrx_word' id='word_1_458' title='bbox 1677 3430 2056 3487; x_wconf 88' lang='lat' dir='ltr'><strong><em>candelabrum</em></strong></span> <span class='ocrx_word' id='word_1_459' title='bbox 2091 3429 2275 3482; x_wconf 91' lang='lat' dir='ltr'><strong><em>mundi</em></strong></span> <span class='ocrx_word' id='word_1_460' title='bbox 2309 3443 2417 3480; x_wconf 82' lang='lat' dir='ltr'><strong><em>me-</em></strong></span> 
     </span>
    </p>
   </div>
   <div class='ocr_carea' id='block_1_62' title="bbox 824 3521 2417 3595">
    <p class='ocr_par' dir='ltr' id='par_1_62' title="bbox 824 3521 2417 3595">
     <span class='ocr_line' id='line_1_62' title="bbox 824 3521 2417 3595; baseline -0.007 -13"><span class='ocrx_word' id='word_1_461' title='bbox 824 3528 947 3582; x_wconf 85' lang='lat' dir='ltr'><strong><em>dius</em></strong></span> <span class='ocrx_word' id='word_1_462' title='bbox 972 3528 1112 3580; x_wconf 87' lang='lat' dir='ltr'><strong><em>inter</em></strong></span> <span class='ocrx_word' id='word_1_463' title='bbox 1136 3527 1272 3580; x_wconf 89' lang='lat' dir='ltr'><strong><em>alios</em></strong></span> <span class='ocrx_word' id='word_1_464' title='bbox 1300 3526 1543 3595; x_wconf 88' lang='lat' dir='ltr'><strong><em>planetas</em></strong></span> <span class='ocrx_word' id='word_1_465' title='bbox 1569 3525 1751 3579; x_wconf 80' lang='lat' dir='ltr'><strong><em>divina</em></strong></span> <span class='ocrx_word' id='word_1_466' title='bbox 1773 3523 2033 3593; x_wconf 82' lang='lat' dir='ltr'><strong><em>sapientia</em></strong></span> <span class='ocrx_word' id='word_1_467' title='bbox 2060 3521 2287 3574; x_wconf 87' lang='lat' dir='ltr'><strong><em>libratus</em></strong></span> <span class='ocrx_word' id='word_1_468' title='bbox 2317 3534 2417 3573; x_wconf 88' lang='lat' dir='ltr'><strong><em>sua</em></strong></span> 
     </span>
    </p>
   </div>
   <div class='ocr_carea' id='block_1_63' title="bbox 825 3612 2420 3686">
    <p class='ocr_par' dir='ltr' id='par_1_63' title="bbox 825 3612 2420 3686">
     <span class='ocr_line' id='line_1_63' title="bbox 825 3612 2420 3686; baseline -0.01 -9"><span class='ocrx_word' id='word_1_469' title='bbox 825 3619 941 3677; x_wconf 81' lang='lat' dir='ltr'><strong><em>luce</em></strong></span> <span class='ocrx_word' id='word_1_470' title='bbox 966 3619 1263 3686; x_wconf 82' lang='lat' dir='ltr'><strong><em>superiores</em></strong></span> <span class='ocrx_word' id='word_1_471' title='bbox 1293 3618 1493 3671; x_wconf 84' lang='lat' dir='ltr'><strong><em>lustrat</em></strong></span> <span class='ocrx_word' id='word_1_472' title='bbox 1520 3626 1570 3670; x_wconf 88' lang='lat' dir='ltr'><strong><em>et</em></strong></span> <span class='ocrx_word' id='word_1_473' title='bbox 1600 3616 1903 3685; x_wconf 78' lang='lat' dir='ltr'><strong><em>inferiores.</em></strong></span> <span class='ocrx_word' id='word_1_474' title='bbox 1934 3614 2015 3667; x_wconf 81' lang='lat' dir='ltr'><strong><em>Ad</em></strong></span> <span class='ocrx_word' id='word_1_475' title='bbox 2039 3612 2263 3665; x_wconf 88' lang='lat' dir='ltr'><strong><em>alteram</em></strong></span> <span class='ocrx_word' id='word_1_476' title='bbox 2294 3627 2420 3680; x_wconf 91' lang='lat' dir='ltr'><strong><em>par-</em></strong></span> 
     </span>
    </p>
   </div>
   <div class='ocr_carea' id='block_1_64' title="bbox 829 3706 2421 3782">
    <p class='ocr_par' dir='ltr' id='par_1_64' title="bbox 829 3706 2421 3782">
     <span class='ocr_line' id='line_1_64' title="bbox 829 3706 2421 3782; baseline -0.009 -12"><span class='ocrx_word' id='word_1_477' title='bbox 829 3724 933 3771; x_wconf 83' lang='lat' dir='ltr'><strong><em>tem</em></strong></span> <span class='ocrx_word' id='word_1_478' title='bbox 966 3714 1135 3782; x_wconf 82' lang='lat' dir='ltr'><strong><em>ipsius</em></strong></span> <span class='ocrx_word' id='word_1_479' title='bbox 1162 3728 1274 3766; x_wconf 74' lang='lat' dir='ltr'><strong><em>ara:</em></strong></span> <span class='ocrx_word' id='word_1_480' title='bbox 1299 3711 1476 3781; x_wconf 88' lang='lat' dir='ltr'><strong><em>posita</em></strong></span> <span class='ocrx_word' id='word_1_481' title='bbox 1506 3719 1622 3763; x_wconf 89' lang='lat' dir='ltr'><strong><em>erat</em></strong></span> <span class='ocrx_word' id='word_1_482' title='bbox 1655 3724 1857 3769; x_wconf 78' lang='lat' dir='ltr'><strong><em>mensa,</em></strong></span> <span class='ocrx_word' id='word_1_483' title='bbox 1883 3706 1937 3759; x_wconf 91' lang='lat' dir='ltr'><strong><em>in</em></strong></span> <span class='ocrx_word' id='word_1_484' title='bbox 1968 3722 2075 3775; x_wconf 90' lang='lat' dir='ltr'><strong><em>qua</em></strong></span> <span class='ocrx_word' id='word_1_485' title='bbox 2104 3720 2264 3774; x_wconf 88' lang='lat' dir='ltr'><strong><em>panes</em></strong></span> <span class='ocrx_word' id='word_1_486' title='bbox 2297 3719 2421 3771; x_wconf 88' lang='lat' dir='ltr'><strong><em>pro-</em></strong></span> 
     </span>
    </p>
   </div>
   <div class='ocr_carea' id='block_1_65' title="bbox 824 3795 2420 3879">
    <p class='ocr_par' dir='ltr' id='par_1_65' title="bbox 824 3795 2420 3879">
     <span class='ocr_line' id='line_1_65' title="bbox 824 3795 2420 3879; baseline -0.009 -18"><span class='ocrx_word' id='word_1_487' title='bbox 824 3807 1178 3879; x_wconf 81' lang='lat' dir='ltr'><strong><em>ponebantur,</em></strong></span> <span class='ocrx_word' id='word_1_488' title='bbox 1208 3805 1347 3875; x_wconf 84' lang='lat' dir='ltr'><strong><em>quod</em></strong></span> <span class='ocrx_word' id='word_1_489' title='bbox 1373 3818 1437 3857; x_wconf 81' lang='lat' dir='ltr'><strong><em>ea:</em></strong></span> <span class='ocrx_word' id='word_1_490' title='bbox 1461 3819 1525 3856; x_wconf 89' lang='lat' dir='ltr'><strong><em>ea</em></strong></span> <span class='ocrx_word' id='word_1_491' title='bbox 1550 3810 1700 3871; x_wconf 88' lang='lat' dir='ltr'><strong><em>parte</em></strong></span> <span class='ocrx_word' id='word_1_492' title='bbox 1731 3799 1849 3855; x_wconf 68' lang='lat' dir='ltr'><strong><em>casti</em></strong></span> <span class='ocrx_word' id='word_1_493' title='bbox 1871 3799 2036 3868; x_wconf 83' lang='lat' dir='ltr'><strong><em>ﬂatus</em></strong></span> <span class='ocrx_word' id='word_1_494' title='bbox 2063 3798 2210 3851; x_wconf 91' lang='lat' dir='ltr'><strong><em>nobis</em></strong></span> <span class='ocrx_word' id='word_1_495' title='bbox 2232 3795 2420 3849; x_wconf 83' lang='lat' dir='ltr'><strong><em>vitales</em></strong></span> 
     </span>
    </p>
   </div>
   <div class='ocr_carea' id='block_1_66' title="bbox 825 3890 2420 3968">
    <p class='ocr_par' dir='ltr' id='par_1_66' title="bbox 825 3890 2420 3968">
     <span class='ocr_line' id='line_1_66' title="bbox 825 3890 2420 3968; baseline -0.006 -14"><span class='ocrx_word' id='word_1_496' title='bbox 825 3909 879 3954; x_wconf 90' lang='lat' dir='ltr'><strong><em>et</em></strong></span> <span class='ocrx_word' id='word_1_497' title='bbox 906 3899 1041 3953; x_wconf 89' lang='lat' dir='ltr'><strong><em>almi</em></strong></span> <span class='ocrx_word' id='word_1_498' title='bbox 1063 3899 1356 3968; x_wconf 86' lang='lat' dir='ltr'><strong><em>adspirent.</em></strong></span> <span class='ocrx_word' id='word_1_499' title='bbox 1391 3896 1558 3952; x_wconf 62' lang='lat' dir='ltr'><strong><em>ann.</em></strong></span> <span class='ocrx_word' id='word_1_500' title='bbox 1603 3895 1728 3951; x_wconf 63' lang='lat' dir='ltr'><strong><em>Haec</em></strong></span> <span class='ocrx_word' id='word_1_501' title='bbox 1753 3906 1809 3951; x_wconf 88' lang='lat' dir='ltr'><strong><em>et</em></strong></span> <span class='ocrx_word' id='word_1_502' title='bbox 1851 3895 2007 3966; x_wconf 90' lang='lat' dir='ltr'><strong><em>plura</em></strong></span> <span class='ocrx_word' id='word_1_503' title='bbox 2052 3893 2183 3959; x_wconf 88' lang='lat' dir='ltr'><strong><em>alia,</em></strong></span> <span class='ocrx_word' id='word_1_504' title='bbox 2219 3908 2250 3947; x_wconf 89' lang='lat' dir='ltr'><strong><em>a</em></strong></span> <span class='ocrx_word' id='word_1_505' title='bbox 2279 3890 2420 3947; x_wconf 86' lang='lat' dir='ltr'><strong><em>Gra-</em></strong></span> 
     </span>
    </p>
   </div>
   <div class='ocr_carea' id='block_1_67' title="bbox 829 3982 2419 4057">
    <p class='ocr_par' dir='ltr' id='par_1_67' title="bbox 829 3982 2419 4057">
     <span class='ocr_line' id='line_1_67' title="bbox 829 3982 2419 4057; baseline -0.006 -11"><span class='ocrx_word' id='word_1_506' title='bbox 829 3991 923 4046; x_wconf 88' lang='lat' dir='ltr'><strong><em>hio</em></strong></span> <span class='ocrx_word' id='word_1_507' title='bbox 954 3989 1202 4054; x_wconf 89' lang='lat' dir='ltr'><strong><em>collecta,</em></strong></span> <span class='ocrx_word' id='word_1_508' title='bbox 1233 3988 1397 4042; x_wconf 81' lang='lat' dir='ltr'><strong><em>etiam</em></strong></span> <span class='ocrx_word' id='word_1_509' title='bbox 1425 3987 1501 4052; x_wconf 83' lang='lat' dir='ltr'><strong><em>id,</em></strong></span> <span class='ocrx_word' id='word_1_510' title='bbox 1532 3988 1679 4057; x_wconf 87' lang='lat' dir='ltr'><strong><em>quod</em></strong></span> <span class='ocrx_word' id='word_1_511' title='bbox 1706 3985 1869 4039; x_wconf 82' lang='lat' dir='ltr'><strong><em>Fabr.</em></strong></span> <span class='ocrx_word' id='word_1_512' title='bbox 1904 3983 1960 4040; x_wconf 92' lang='lat' dir='ltr'><strong><em>h.</em></strong></span> <span class='ocrx_word' id='word_1_513' title='bbox 1992 3984 2031 4043; x_wconf 86' lang='lat' dir='ltr'><strong><em>l.</em></strong></span> <span class='ocrx_word' id='word_1_514' title='bbox 2062 3982 2419 4052; x_wconf 77' lang='lat' dir='ltr'><strong><em>produxerat,</em></strong></span> 
     </span>
    </p>
   </div>
   <div class='ocr_carea' id='block_1_68' title="bbox 826 4077 2418 4155">
    <p class='ocr_par' dir='ltr' id='par_1_68' title="bbox 826 4077 2418 4155">
     <span class='ocr_line' id='line_1_68' title="bbox 826 4077 2418 4155; baseline -0.007 -15"><span class='ocrx_word' id='word_1_515' title='bbox 826 4083 1179 4155; x_wconf 85' lang='lat' dir='ltr'><strong><em>reperiuntur</em></strong></span> <span class='ocrx_word' id='word_1_516' title='bbox 1229 4082 1283 4135; x_wconf 93' lang='lat' dir='ltr'><strong><em>in</em></strong></span> <span class='ocrx_word' id='word_1_517' title='bbox 1328 4081 1508 4135; x_wconf 78' lang='lat' dir='ltr'><strong><em>Oxon.</em></strong></span> <span class='ocrx_word' id='word_1_518' title='bbox 1573 4078 1778 4133; x_wconf 82' lang='lat' dir='ltr'><strong><em>Potteri</em></strong></span> <span class='ocrx_word' id='word_1_519' title='bbox 1823 4079 1956 4137; x_wconf 89' lang='lat' dir='ltr'><strong><em>edit.</em></strong></span> <span class='ocrx_word' id='word_1_520' title='bbox 2008 4093 2061 4147; x_wconf 90' lang='lat' dir='ltr'><strong><em>p.</em></strong></span> <span class='ocrx_word' id='word_1_521' title='bbox 2111 4077 2245 4131; x_wconf 88' lang='grc'>1011</span> <span class='ocrx_word' id='word_1_522' title='bbox 2296 4092 2418 4146; x_wconf 82' lang='lat' dir='ltr'><strong><em>sqq.</em></strong></span> 
     </span>
    </p>
   </div>
   <div class='ocr_carea' id='block_1_69' title="bbox 828 4168 2419 4241">
    <p class='ocr_par' dir='ltr' id='par_1_69' title="bbox 828 4168 2419 4241">
     <span class='ocr_line' id='line_1_69' title="bbox 828 4168 2419 4241; baseline -0.007 -10"><span class='ocrx_word' id='word_1_523' title='bbox 828 4174 1070 4231; x_wconf 81' lang='lat' dir='ltr'><strong><em>Editioni</em></strong></span> <span class='ocrx_word' id='word_1_524' title='bbox 1110 4174 1333 4231; x_wconf 69' lang='lat' dir='ltr'><strong><em>Venetze</em></strong></span> <span class='ocrx_word' id='word_1_525' title='bbox 1361 4174 1569 4228; x_wconf 77' lang='lat' dir='ltr'><strong><em>Potter.</em></strong></span> <span class='ocrx_word' id='word_1_526' title='bbox 1597 4187 1682 4237; x_wconf 89' lang='lat' dir='ltr'><strong><em>ea,</em></strong></span> <span class='ocrx_word' id='word_1_527' title='bbox 1712 4187 1835 4241; x_wconf 64' lang='lat' dir='ltr'><strong><em>quae</em></strong></span> <span class='ocrx_word' id='word_1_528' title='bbox 1862 4169 2081 4225; x_wconf 89' lang='lat' dir='ltr'><strong><em>Fabric.</em></strong></span> <span class='ocrx_word' id='word_1_529' title='bbox 2124 4168 2261 4225; x_wconf 87' lang='lat' dir='ltr'><strong><em>calci</em></strong></span> <span class='ocrx_word' id='word_1_530' title='bbox 2287 4169 2419 4223; x_wconf 91' lang='lat' dir='ltr'><strong><em>edit.</em></strong></span> 
     </span>
    </p>
   </div>
   <div class='ocr_carea' id='block_1_70' title="bbox 828 4261 2420 4339">
    <p class='ocr_par' dir='ltr' id='par_1_70' title="bbox 828 4261 2420 4339">
     <span class='ocr_line' id='line_1_70' title="bbox 828 4261 2420 4339; baseline -0.005 -16"><span class='ocrx_word' id='word_1_531' title='bbox 828 4283 948 4324; x_wconf 74' lang='lat' dir='ltr'><strong><em>suae</em></strong></span> <span class='ocrx_word' id='word_1_532' title='bbox 979 4266 1255 4339; x_wconf 80' lang='lat' dir='ltr'><strong><em>Hippolyti</em></strong></span> <span class='ocrx_word' id='word_1_533' title='bbox 1284 4266 1585 4336; x_wconf 69' lang='lat' dir='ltr'><strong><em>auljecerat,</em></strong></span> <span class='ocrx_word' id='word_1_534' title='bbox 1617 4280 1742 4319; x_wconf 89' lang='lat' dir='ltr'><strong><em>esse</em></strong></span> <span class='ocrx_word' id='word_1_535' title='bbox 1767 4263 1975 4329; x_wconf 89' lang='lat' dir='ltr'><strong><em>addita,</em></strong></span> <span class='ocrx_word' id='word_1_536' title='bbox 2008 4277 2172 4332; x_wconf 87' lang='lat' dir='ltr'><strong><em>supra</em></strong></span> <span class='ocrx_word' id='word_1_537' title='bbox 2200 4275 2289 4317; x_wconf 87' lang='lat' dir='ltr'><strong><em>me</em></strong></span> <span class='ocrx_word' id='word_1_538' title='bbox 2304 4261 2420 4332; x_wconf 87' lang='lat' dir='ltr'><strong><em>jam</em></strong></span> 
     </span>
    </p>
   </div>
   <div class='ocr_carea' id='block_1_71' title="bbox 830 4358 1547 4418">
    <p class='ocr_par' dir='ltr' id='par_1_71' title="bbox 830 4358 1547 4418">
     <span class='ocr_line' id='line_1_71' title="bbox 830 4358 1547 4418; baseline -0.008 -1"><span class='ocrx_word' id='word_1_539' title='bbox 830 4377 1056 4417; x_wconf 87' lang='lat' dir='ltr'><strong><em>monere</em></strong></span> <span class='ocrx_word' id='word_1_540' title='bbox 1086 4360 1335 4418; x_wconf 89' lang='lat' dir='ltr'><strong><em>memini.</em></strong></span> <span class='ocrx_word' id='word_1_541' title='bbox 1371 4358 1547 4413; x_wconf 59' lang='lat' dir='ltr'><strong><em>Hann.</em></strong></span> 
     </span>
    </p>
   </div>
   <div class='ocr_carea' id='block_1_72' title="bbox 1196 4472 2054 4542">
    <p class='ocr_par' dir='ltr' id='par_1_72' title="bbox 1196 4472 2054 4542">
     <span class='ocr_line' id='line_1_72' title="bbox 1196 4472 2054 4542; baseline -0.006 -13"><span class='ocrx_word' id='word_1_542' title='bbox 1196 4474 1411 4542; x_wconf 74' lang='lat' dir='ltr'><strong><em>Scripta</em></strong></span> <span class='ocrx_word' id='word_1_543' title='bbox 1444 4473 1727 4529; x_wconf 86' lang='lat' dir='ltr'><strong><em>Clementis</em></strong></span> <span class='ocrx_word' id='word_1_544' title='bbox 1761 4472 2054 4541; x_wconf 86' lang='lat' dir='ltr'><strong><em>deperdita.</em></strong></span> 
     </span>
    </p>
   </div>
   <div class='ocr_carea' id='block_1_73' title="bbox 906 4582 2496 4661">
    <p class='ocr_par' dir='ltr' id='par_1_73' title="bbox 906 4582 2496 4661">
     <span class='ocr_line' id='line_1_73' title="bbox 906 4582 2496 4661; baseline -0.005 -17"><span class='ocrx_word' id='word_1_545' title='bbox 906 4591 957 4645; x_wconf 94' lang='grc'><strong><em>1.</em></strong></span> <span class='ocrx_word' id='word_1_546' title='bbox 1011 4589 1416 4661; x_wconf 82' lang='lat' dir='ltr'><strong><em>Hypotyposeon</em></strong></span> <span class='ocrx_word' id='word_1_547' title='bbox 1452 4586 1597 4656; x_wconf 85' lang='grc'>(52)</span> <span class='ocrx_word' id='word_1_548' title='bbox 1638 4587 1751 4641; x_wconf 59' lang='lat' dir='ltr'><strong><em>sive</em></strong></span> <span class='ocrx_word' id='word_1_549' title='bbox 1799 4586 2310 4654; x_wconf 86' lang='lat' dir='ltr'><strong><em>compendiosarum</em></strong></span> <span class='ocrx_word' id='word_1_550' title='bbox 2358 4582 2416 4638; x_wconf 88' lang='lat' dir='ltr'><strong><em>S.</em></strong></span> <span class='ocrx_word' id='word_1_551' title='bbox 2456 4592 2496 4646; x_wconf 84' lang='lat' dir='ltr'><strong><em>l)</em></strong></span> 
     </span>
    </p>
   </div>
   <div class='ocr_carea' id='block_1_74' title="bbox 834 4677 2423 4752">
    <p class='ocr_par' dir='ltr' id='par_1_74' title="bbox 834 4677 2423 4752">
     <span class='ocr_line' id='line_1_74' title="bbox 834 4677 2423 4752; baseline -0.003 -15"><span class='ocrx_word' id='word_1_552' title='bbox 834 4682 1134 4752; x_wconf 70' lang='lat' dir='ltr'><strong><em>Scriptum</em></strong></span> <span class='ocrx_word' id='word_1_553' title='bbox 1156 4683 1567 4737; x_wconf 89' lang='lat' dir='ltr'><strong><em>enarrationum</em></strong></span> <span class='ocrx_word' id='word_1_554' title='bbox 1613 4680 1735 4733; x_wconf 90' lang='lat' dir='ltr'><strong><em>libri</em></strong></span> <span class='ocrx_word' id='word_1_555' title='bbox 1779 4677 1947 4745; x_wconf 82' lang='lat' dir='ltr'><strong><em>VIII,</em></strong></span> <span class='ocrx_word' id='word_1_556' title='bbox 1984 4694 2051 4733; x_wconf 80' lang='lat' dir='ltr'><strong><em>ex</em></strong></span> <span class='ocrx_word' id='word_1_557' title='bbox 2089 4679 2291 4749; x_wconf 89' lang='lat' dir='ltr'><strong><em>quibus</em></strong></span> <span class='ocrx_word' id='word_1_558' title='bbox 2330 4693 2423 4746; x_wconf 83' lang='lat' dir='ltr'><strong><em>pe-</em></strong></span> 
     </span>
    </p>
   </div>
   <div class='ocr_carea' id='block_1_75' title="bbox 833 4768 2426 4843">
    <p class='ocr_par' dir='ltr' id='par_1_75' title="bbox 833 4768 2426 4843">
     <span class='ocr_line' id='line_1_75' title="bbox 833 4768 2426 4843; baseline -0.006 -12"><span class='ocrx_word' id='word_1_559' title='bbox 833 4775 932 4831; x_wconf 87' lang='lat' dir='ltr'><strong><em>tita</em></strong></span> <span class='ocrx_word' id='word_1_560' title='bbox 959 4775 1234 4839; x_wconf 82' lang='lat' dir='ltr'><strong><em>videntur,</em></strong></span> <span class='ocrx_word' id='word_1_561' title='bbox 1268 4789 1390 4843; x_wconf 71' lang='lat' dir='ltr'><strong><em>qua:</em></strong></span> <span class='ocrx_word' id='word_1_562' title='bbox 1410 4773 1681 4843; x_wconf 88' lang='lat' dir='ltr'><strong><em>hodieque</em></strong></span> <span class='ocrx_word' id='word_1_563' title='bbox 1701 4780 1938 4837; x_wconf 79' lang='lat' dir='ltr'><strong><em>exstant,</em></strong></span> <span class='ocrx_word' id='word_1_564' title='bbox 1966 4780 2223 4840; x_wconf 82' lang='lat' dir='ltr'><strong><em>excerpta</em></strong></span> <span class='ocrx_word' id='word_1_565' title='bbox 2251 4768 2426 4823; x_wconf 88' lang='lat' dir='ltr'><strong><em>Theo-</em></strong></span> 
     </span>
    </p>
   </div>
   <div class='ocr_carea' id='block_1_76' title="bbox 830 4859 2423 4935">
    <p class='ocr_par' dir='ltr' id='par_1_76' title="bbox 830 4859 2423 4935">
     <span class='ocr_line' id='line_1_76' title="bbox 830 4859 2423 4935; baseline -0.007 -12"><span class='ocrx_word' id='word_1_566' title='bbox 830 4868 967 4931; x_wconf 88' lang='lat' dir='ltr'><strong><em>doti,</em></strong></span> <span class='ocrx_word' id='word_1_567' title='bbox 996 4877 1050 4923; x_wconf 91' lang='lat' dir='ltr'><strong><em>et</em></strong></span> <span class='ocrx_word' id='word_1_568' title='bbox 1074 4867 1532 4925; x_wconf 75' lang='lat' dir='ltr'><strong><em>Adumbrationes</em></strong></span> <span class='ocrx_word' id='word_1_569' title='bbox 1565 4867 1615 4920; x_wconf 88' lang='lat' dir='ltr'><strong><em>in</em></strong></span> <span class='ocrx_word' id='word_1_570' title='bbox 1646 4865 1859 4935; x_wconf 88' lang='lat' dir='ltr'><strong><em>aliquot</em></strong></span> <span class='ocrx_word' id='word_1_571' title='bbox 1891 4863 2160 4933; x_wconf 87' lang='lat' dir='ltr'><strong><em>Epistolas</em></strong></span> <span class='ocrx_word' id='word_1_572' title='bbox 2192 4859 2423 4916; x_wconf 82' lang='lat' dir='ltr'><strong><em>catholi-</em></strong></span> 
     </span>
    </p>
   </div>
   <div class='ocr_carea' id='block_1_77' title="bbox 834 4950 2426 5030">
    <p class='ocr_par' dir='ltr' id='par_1_77' title="bbox 834 4950 2426 5030">
     <span class='ocr_line' id='line_1_77' title="bbox 834 4950 2426 5030; baseline -0.008 -14"><span class='ocrx_word' id='word_1_573' title='bbox 834 4975 951 5024; x_wconf 86' lang='lat' dir='ltr'><strong><em>cas,</em></strong></span> <span class='ocrx_word' id='word_1_574' title='bbox 987 4968 1050 5014; x_wconf 88' lang='lat' dir='ltr'><strong><em>ut</em></strong></span> <span class='ocrx_word' id='word_1_575' title='bbox 1074 4961 1190 5030; x_wconf 86' lang='lat' dir='ltr'><strong><em>jam</em></strong></span> <span class='ocrx_word' id='word_1_576' title='bbox 1227 4960 1359 5014; x_wconf 62' lang='lat' dir='ltr'><strong><em>diti.</em></strong></span> <span class='ocrx_word' id='word_1_577' title='bbox 1396 4958 1641 5014; x_wconf 86' lang='lat' dir='ltr'><strong><em>Meminit</em></strong></span> <span class='ocrx_word' id='word_1_578' title='bbox 1678 4956 1881 5011; x_wconf 84' lang='lat' dir='ltr'><strong><em>Euseb.</em></strong></span> <span class='ocrx_word' id='word_1_579' title='bbox 1916 4970 1960 5021; x_wconf 82' lang='grc' dir='ltr'>ι,</span> <span class='ocrx_word' id='word_1_580' title='bbox 1999 4952 2087 5016; x_wconf 92' lang='grc'><strong><em>12,</em></strong></span> <span class='ocrx_word' id='word_1_581' title='bbox 2123 4968 2183 5019; x_wconf 85' lang='lat' dir='ltr'><strong><em>u,</em></strong></span> <span class='ocrx_word' id='word_1_582' title='bbox 2218 4952 2271 5016; x_wconf 93' lang='grc'><strong><em>1,</em></strong></span> <span class='ocrx_word' id='word_1_583' title='bbox 2305 4950 2338 5005; x_wconf 88' lang='grc'><strong>9</strong></span> <span class='ocrx_word' id='word_1_584' title='bbox 2372 4960 2426 5004; x_wconf 89' lang='lat' dir='ltr'><strong><em>et</em></strong></span> 
     </span>
    </p>
   </div>
   <div class='ocr_carea' id='block_1_78' title="bbox 836 5043 2422 5117">
    <p class='ocr_par' dir='ltr' id='par_1_78' title="bbox 836 5043 2422 5117">
     <span class='ocr_line' id='line_1_78' title="bbox 836 5043 2422 5117; baseline -0.004 -14"><span class='ocrx_word' id='word_1_585' title='bbox 836 5051 925 5117; x_wconf 72' lang='grc'><strong><em>15,</em></strong></span> <span class='ocrx_word' id='word_1_586' title='bbox 959 5059 1017 5105; x_wconf 91' lang='lat' dir='ltr'><strong><em>et</em></strong></span> <span class='ocrx_word' id='word_1_587' title='bbox 1048 5065 1124 5114; x_wconf 72' lang='lat' dir='ltr'><strong><em>Vl,</em></strong></span> <span class='ocrx_word' id='word_1_588' title='bbox 1156 5049 1224 5104; x_wconf 88' lang='grc'><strong><em>15</em></strong></span> <span class='ocrx_word' id='word_1_589' title='bbox 1245 5060 1300 5105; x_wconf 88' lang='lat' dir='ltr'><strong><em>et</em></strong></span> <span class='ocrx_word' id='word_1_590' title='bbox 1330 5051 1414 5116; x_wconf 76' lang='lat' dir='ltr'><strong><em>l-i,</em></strong></span> <span class='ocrx_word' id='word_1_591' title='bbox 1452 5048 1632 5115; x_wconf 83' lang='lat' dir='ltr'><strong><em>Hist.,</em></strong></span> <span class='ocrx_word' id='word_1_592' title='bbox 1668 5046 1896 5107; x_wconf 79' lang='lat' dir='ltr'><strong><em>Hieron.</em></strong></span> <span class='ocrx_word' id='word_1_593' title='bbox 1946 5046 2002 5100; x_wconf 92' lang='lat' dir='ltr'><strong><em>in</em></strong></span> <span class='ocrx_word' id='word_1_594' title='bbox 2038 5043 2329 5113; x_wconf 85' lang='lat' dir='ltr'><strong><em>Catatogo,</em></strong></span> <span class='ocrx_word' id='word_1_595' title='bbox 2372 5059 2422 5097; x_wconf 88' lang='lat' dir='ltr'><strong><em>c.</em></strong></span> 
     </span>
    </p>
   </div>
   <div class='ocr_carea' id='block_1_79' title="bbox 834 5135 2426 5211">
    <p class='ocr_par' dir='ltr' id='par_1_79' title="bbox 834 5135 2426 5211">
     <span class='ocr_line' id='line_1_79' title="bbox 834 5135 2426 5211; baseline -0.008 -11"><span class='ocrx_word' id='word_1_596' title='bbox 834 5146 926 5210; x_wconf 62' lang='lat' dir='ltr'><strong><em>&quot;n8,</em></strong></span> <span class='ocrx_word' id='word_1_597' title='bbox 958 5143 1193 5200; x_wconf 86' lang='lat' dir='ltr'><strong><em>Photius</em></strong></span> <span class='ocrx_word' id='word_1_598' title='bbox 1219 5145 1342 5198; x_wconf 90' lang='lat' dir='ltr'><strong><em>cod.</em></strong></span> <span class='ocrx_word' id='word_1_599' title='bbox 1378 5158 1491 5207; x_wconf 80' lang='lat' dir='ltr'><strong><em>cut,</em></strong></span> <span class='ocrx_word' id='word_1_600' title='bbox 1521 5142 1976 5211; x_wconf 75' lang='lat' dir='ltr'><strong><em>cx1.Fragmenta</em></strong></span> <span class='ocrx_word' id='word_1_601' title='bbox 1999 5153 2063 5191; x_wconf 71' lang='lat' dir='ltr'><strong><em>ex</em></strong></span> <span class='ocrx_word' id='word_1_602' title='bbox 2088 5135 2197 5193; x_wconf 84' lang='lat' dir='ltr'><strong><em>illis</em></strong></span> <span class='ocrx_word' id='word_1_603' title='bbox 2230 5144 2426 5207; x_wconf 66' lang='lat' dir='ltr'><strong><em>praeter</em></strong></span> 
     </span>
    </p>
   </div>
   <div class='ocr_carea' id='block_1_80' title="bbox 834 5229 2426 5299">
    <p class='ocr_par' dir='ltr' id='par_1_80' title="bbox 834 5229 2426 5299">
     <span class='ocr_line' id='line_1_80' title="bbox 834 5229 2426 5299; baseline -0.006 -8"><span class='ocrx_word' id='word_1_604' title='bbox 834 5234 1138 5292; x_wconf 79' lang='lat' dir='ltr'><strong><em>Eusebium</em></strong></span> <span class='ocrx_word' id='word_1_605' title='bbox 1183 5235 1320 5291; x_wconf 92' lang='lat' dir='ltr'><strong><em>locis</em></strong></span> <span class='ocrx_word' id='word_1_606' title='bbox 1356 5235 1591 5291; x_wconf 75' lang='lat' dir='ltr'><strong><em>laudatis</em></strong></span> <span class='ocrx_word' id='word_1_607' title='bbox 1623 5243 1677 5289; x_wconf 90' lang='lat' dir='ltr'><strong><em>et</em></strong></span> <span class='ocrx_word' id='word_1_608' title='bbox 1696 5230 2093 5290; x_wconf 82' lang='lat' dir='ltr'><strong><em>()Ecumenium</em></strong></span> <span class='ocrx_word' id='word_1_609' title='bbox 2122 5230 2177 5285; x_wconf 91' lang='lat' dir='ltr'><strong><em>in</em></strong></span> <span class='ocrx_word' id='word_1_610' title='bbox 2208 5229 2426 5299; x_wconf 87' lang='lat' dir='ltr'><strong><em>Episto-</em></strong></span> 
     </span>
    </p>
   </div>
   <div class='ocr_carea' id='block_1_81' title="bbox 834 5321 2423 5395">
    <p class='ocr_par' dir='ltr' id='par_1_81' title="bbox 834 5321 2423 5395">
     <span class='ocr_line' id='line_1_81' title="bbox 834 5321 2423 5395; baseline -0.008 -11"><span class='ocrx_word' id='word_1_611' title='bbox 834 5326 919 5389; x_wconf 76' lang='lat' dir='ltr'><strong><em>las</em></strong></span> <span class='ocrx_word' id='word_1_612' title='bbox 967 5327 1161 5392; x_wconf 83' lang='lat' dir='ltr'><strong><em>Pauli,</em></strong></span> <span class='ocrx_word' id='word_1_613' title='bbox 1194 5325 1434 5381; x_wconf 84' lang='lat' dir='ltr'><strong><em>servavit</em></strong></span> <span class='ocrx_word' id='word_1_614' title='bbox 1480 5326 1777 5380; x_wconf 86' lang='lat' dir='ltr'><strong><em>Cltronicon</em></strong></span> <span class='ocrx_word' id='word_1_615' title='bbox 1847 5324 2000 5385; x_wconf 74' lang='lat' dir='ltr'><strong><em>Alex.</em></strong></span> <span class='ocrx_word' id='word_1_616' title='bbox 2030 5339 2085 5395; x_wconf 88' lang='lat' dir='ltr'><strong><em>p.</em></strong></span> <span class='ocrx_word' id='word_1_617' title='bbox 2133 5321 2244 5377; x_wconf 68' lang='grc'><strong><em>221</em></strong></span> <span class='ocrx_word' id='word_1_618' title='bbox 2290 5321 2423 5375; x_wconf 83' lang='lat' dir='ltr'><strong><em>edit.</em></strong></span> 
     </span>
    </p>
   </div>
   <div class='ocr_carea' id='block_1_82' title="bbox 910 5524 2427 5601">
    <p class='ocr_par' dir='ltr' id='par_1_82' title="bbox 910 5524 2427 5601">
     <span class='ocr_line' id='line_1_82' title="bbox 910 5524 2427 5601; baseline -0.007 -13"><span class='ocrx_word' id='word_1_619' title='bbox 910 5534 1023 5601; x_wconf 82' lang='lat'><strong><em>(5|)</em></strong></span> <span class='ocrx_word' id='word_1_620' title='bbox 1064 5533 1226 5588; x_wconf 77' lang='lat' dir='ltr'><strong><em>Levia</em></strong></span> <span class='ocrx_word' id='word_1_621' title='bbox 1279 5540 1428 5601; x_wconf 84' lang='lat' dir='ltr'><strong><em>sunt,</em></strong></span> <span class='ocrx_word' id='word_1_622' title='bbox 1480 5545 1603 5600; x_wconf 65' lang='lat' dir='ltr'><strong><em>qua!</em></strong></span> <span class='ocrx_word' id='word_1_623' title='bbox 1643 5532 1974 5601; x_wconf 65' lang='lat' dir='ltr'><strong><em>conjecturas</em></strong></span> <span class='ocrx_word' id='word_1_624' title='bbox 2008 5531 2139 5584; x_wconf 89' lang='lat' dir='ltr'><strong><em>huic</em></strong></span> <span class='ocrx_word' id='word_1_625' title='bbox 2193 5524 2427 5597; x_wconf 87' lang='lat' dir='ltr'><strong><em>opponit</em></strong></span> 
     </span>
    </p>
   </div>
   <div class='ocr_carea' id='block_1_83' title="bbox 832 5598 1472 5673">
    <p class='ocr_par' dir='ltr' id='par_1_83' title="bbox 832 5598 1472 5673">
     <span class='ocr_line' id='line_1_83' title="bbox 832 5598 1472 5673; baseline -0.006 -12"><span class='ocrx_word' id='word_1_626' title='bbox 832 5598 1127 5666; x_wconf 76' lang='lat' dir='ltr'><strong><em>Nnurrius,</em></strong></span> <span class='ocrx_word' id='word_1_627' title='bbox 1157 5619 1279 5673; x_wconf 87' lang='lat' dir='ltr'><strong><em>pag.</em></strong></span> <span class='ocrx_word' id='word_1_628' title='bbox 1310 5598 1472 5657; x_wconf 81' lang='grc'>1520.</span> 
     </span>
    </p>
   </div>
   <div class='ocr_carea' id='block_1_84' title="bbox 909 5666 2424 5748">
    <p class='ocr_par' dir='ltr' id='par_1_84' title="bbox 909 5666 2424 5748">
     <span class='ocr_line' id='line_1_84' title="bbox 909 5666 2424 5748; baseline -0.007 -18"><span class='ocrx_word' id='word_1_629' title='bbox 909 5676 1022 5748; x_wconf 89' lang='grc'>(52)</span> <span class='ocrx_word' id='word_1_630' title='bbox 1050 5673 1138 5748; x_wconf 77' lang='lat' dir='ltr'><strong><em>De</em></strong></span> <span class='ocrx_word' id='word_1_631' title='bbox 1159 5666 1285 5728; x_wconf 73' lang='lat' dir='ltr'><strong><em>hoc</em></strong></span> <span class='ocrx_word' id='word_1_632' title='bbox 1316 5671 1621 5748; x_wconf 79' lang='lat' dir='ltr'><strong><em>vocabulo,</em></strong></span> <span class='ocrx_word' id='word_1_633' title='bbox 1656 5672 1801 5748; x_wconf 69' lang='lat' dir='ltr'><strong><em>quod</em></strong></span> <span class='ocrx_word' id='word_1_634' title='bbox 1838 5672 2159 5748; x_wconf 74' lang='lat' dir='ltr'><strong><em>breven1_et</em></strong></span> <span class='ocrx_word' id='word_1_635' title='bbox 2199 5666 2424 5747; x_wconf 77' lang='lat' dir='ltr'><strong><em>succin-</em></strong></span> 
     </span>
    </p>
   </div>
   <div class='ocr_carea' id='block_1_85' title="bbox 836 5737 2425 5817">
    <p class='ocr_par' dir='ltr' id='par_1_85' title="bbox 836 5737 2425 5817">
     <span class='ocr_line' id='line_1_85' title="bbox 836 5737 2425 5817; baseline -0.009 -12"><span class='ocrx_word' id='word_1_636' title='bbox 836 5737 983 5805; x_wconf 70' lang='lat' dir='ltr'><strong><em>ctam</em></strong></span> <span class='ocrx_word' id='word_1_637' title='bbox 1005 5737 1015 5746; x_wconf 84' lang='grc'><strong>’</strong></span> <span class='ocrx_word' id='word_1_638' title='bbox 1039 5745 1200 5817; x_wconf 65' lang='grc' dir='ltr'><strong><em>(ῳιιιξΔ</em></strong></span> <span class='ocrx_word' id='word_1_639' title='bbox 1220 5743 1556 5817; x_wconf 75' lang='lat' dir='ltr'><strong><em>compendio</em></strong></span> <span class='ocrx_word' id='word_1_640' title='bbox 1582 5737 1747 5817; x_wconf 44' lang='grc' dir='ltr'><strong><em>εει-ὧς</em></strong></span> <span class='ocrx_word' id='word_1_641' title='bbox 1779 5740 2028 5817; x_wconf 43' lang='grc' dir='ltr'><strong><em>ἐνῌτύτῖερ</em></strong></span> <span class='ocrx_word' id='word_1_642' title='bbox 2199 5737 2425 5817; x_wconf 74' lang='lat' dir='ltr'><strong><em>exposi-</em></strong></span> 
     </span>
    </p>
   </div>
   <div class='ocr_carea' id='block_1_86' title="bbox 837 5806 2423 5886">
    <p class='ocr_par' dir='ltr' id='par_1_86' title="bbox 837 5806 2423 5886">
     <span class='ocr_line' id='line_1_86' title="bbox 837 5806 2423 5886; baseline -0.004 -12"><span class='ocrx_word' id='word_1_643' title='bbox 837 5806 1502 5886; x_wconf 44' lang='lat' dir='ltr'><strong><em>tionem‘s&#39;igniljcatidixi</em></strong></span> <span class='ocrx_word' id='word_1_644' title='bbox 1528 5813 1595 5867; x_wconf 84' lang='lat' dir='ltr'><strong><em>ad</em></strong></span> <span class='ocrx_word' id='word_1_645' title='bbox 1635 5811 1782 5869; x_wconf 79' lang='lat' dir='ltr'><strong><em>Sexti</em></strong></span> <span class='ocrx_word' id='word_1_646' title='bbox 1822 5806 2083 5884; x_wconf 79' lang='lat' dir='ltr'><strong><em>Empirici</em></strong></span> <span class='ocrx_word' id='word_1_647' title='bbox 2119 5806 2289 5869; x_wconf 79' lang='lat' dir='ltr'><strong><em>libros</em></strong></span> <span class='ocrx_word' id='word_1_648' title='bbox 2314 5806 2423 5885; x_wconf 76' lang='lat' dir='ltr'><strong><em>Hy-</em></strong></span> 
     </span>
    </p>
   </div>
   <div class='ocr_carea' id='block_1_87' title="bbox 838 5883 1661 5965">
    <p class='ocr_par' dir='ltr' id='par_1_87' title="bbox 838 5883 1661 5965">
     <span class='ocr_line' id='line_1_87' title="bbox 838 5883 1661 5965; baseline -0.009 -19"><span class='ocrx_word' id='word_1_649' title='bbox 838 5883 1175 5965; x_wconf 77' lang='lat' dir='ltr'><strong><em>potyposeon</em></strong></span> <span class='ocrx_word' id='word_1_650' title='bbox 1212 5883 1661 5958; x_wconf 82' lang='lat' dir='ltr'><strong><em>Pyrrhoniarum.</em></strong></span> 
     </span>
    </p>
   </div>
   <div class='ocr_carea' id='block_1_88' title="bbox 2522 3328 4100 3407">
    <p class='ocr_par' dir='ltr' id='par_1_88' title="bbox 2522 3328 4100 3407">
     <span class='ocr_line' id='line_1_88' title="bbox 2522 3328 4100 3407; baseline -0.009 -11"><span class='ocrx_word' id='word_1_651' title='bbox 2522 3341 2728 3396; x_wconf 71' lang='lat' dir='ltr'><strong><em>simum</em></strong></span> <span class='ocrx_word' id='word_1_652' title='bbox 2765 3349 2898 3395; x_wconf 88' lang='lat' dir='ltr'><strong><em>tom.</em></strong></span> <span class='ocrx_word' id='word_1_653' title='bbox 2925 3338 2967 3391; x_wconf 85' lang='lat' dir='ltr'><strong><em>ll</em></strong></span> <span class='ocrx_word' id='word_1_654' title='bbox 2995 3337 3159 3407; x_wconf 88' lang='lat' dir='ltr'><strong><em>Opp.,</em></strong></span> <span class='ocrx_word' id='word_1_655' title='bbox 3197 3353 3320 3406; x_wconf 82' lang='lat' dir='ltr'><strong><em>pag.</em></strong></span> <span class='ocrx_word' id='word_1_656' title='bbox 3363 3334 3486 3397; x_wconf 72' lang='grc'>141,</span> <span class='ocrx_word' id='word_1_657' title='bbox 3524 3333 3645 3396; x_wconf 80' lang='grc'>152,</span> <span class='ocrx_word' id='word_1_658' title='bbox 3684 3332 3922 3400; x_wconf 83' lang='lat' dir='ltr'><strong><em>itemque</em></strong></span> <span class='ocrx_word' id='word_1_659' title='bbox 3952 3328 4100 3383; x_wconf 89' lang='lat' dir='ltr'><strong><em>aliud</em></strong></span> 
     </span>
    </p>
   </div>
   <div class='ocr_carea' id='block_1_89' title="bbox 2520 3418 4103 3501">
    <p class='ocr_par' dir='ltr' id='par_1_89' title="bbox 2520 3418 4103 3501">
     <span class='ocr_line' id='line_1_89' title="bbox 2520 3418 4103 3501; baseline -0.011 -13"><span class='ocrx_word' id='word_1_660' title='bbox 2520 3449 2584 3488; x_wconf 79' lang='lat' dir='ltr'><strong><em>ex</em></strong></span> <span class='ocrx_word' id='word_1_661' title='bbox 2618 3447 2753 3487; x_wconf 88' lang='lat' dir='ltr'><strong><em>mss.</em></strong></span> <span class='ocrx_word' id='word_1_662' title='bbox 2786 3431 2918 3500; x_wconf 73' lang='lat' dir='ltr'><strong><em>Reg.</em></strong></span> <span class='ocrx_word' id='word_1_663' title='bbox 2946 3431 3087 3501; x_wconf 85' lang='lat' dir='ltr'><strong><em>apud</em></strong></span> <span class='ocrx_word' id='word_1_664' title='bbox 3112 3428 3438 3490; x_wconf 80' lang='lat' dir='ltr'><strong><em>Nourrium,</em></strong></span> <span class='ocrx_word' id='word_1_665' title='bbox 3466 3440 3591 3495; x_wconf 85' lang='lat' dir='ltr'><strong><em>pag.</em></strong></span> <span class='ocrx_word' id='word_1_666' title='bbox 3638 3421 3775 3475; x_wconf 81' lang='grc'>1556</span> <span class='ocrx_word' id='word_1_667' title='bbox 3806 3437 3889 3489; x_wconf 90' lang='lat' dir='ltr'><strong><em>sq.</em></strong></span> <span class='ocrx_word' id='word_1_668' title='bbox 3924 3418 4103 3487; x_wconf 59' lang='lat' dir='ltr'><strong><em>Appav</em></strong></span> 
     </span>
    </p>
   </div>
   <div class='ocr_carea' id='block_1_90' title="bbox 2521 3511 4105 3585">
    <p class='ocr_par' dir='ltr' id='par_1_90' title="bbox 2521 3511 4105 3585">
     <span class='ocr_line' id='line_1_90' title="bbox 2521 3511 4105 3585; baseline -0.01 -6"><span class='ocrx_word' id='word_1_669' title='bbox 2521 3536 2669 3579; x_wconf 88' lang='lat' dir='ltr'><strong><em>ratus</em></strong></span> <span class='ocrx_word' id='word_1_670' title='bbox 2722 3527 2791 3576; x_wconf 87' lang='lat' dir='ltr'><strong><em>ad</em></strong></span> <span class='ocrx_word' id='word_1_671' title='bbox 2850 3521 2993 3576; x_wconf 88' lang='lat' dir='ltr'><strong><em>Bibl.</em></strong></span> <span class='ocrx_word' id='word_1_672' title='bbox 3032 3520 3285 3574; x_wconf 87' lang='lat' dir='ltr'><strong><em>Patrum.</em></strong></span> <span class='ocrx_word' id='word_1_673' title='bbox 3337 3515 3727 3585; x_wconf 82' lang='lat' dir='ltr'><strong><em>Fragmentum</em></strong></span> <span class='ocrx_word' id='word_1_674' title='bbox 3784 3511 3999 3581; x_wconf 86' lang='lat' dir='ltr'><strong><em>insigne</em></strong></span> <span class='ocrx_word' id='word_1_675' title='bbox 4034 3523 4105 3563; x_wconf 75' lang='lat' dir='ltr'><strong><em>ex</em></strong></span> 
     </span>
    </p>
   </div>
   <div class='ocr_carea' id='block_1_91' title="bbox 2520 3602 4103 3677">
    <p class='ocr_par' dir='ltr' id='par_1_91' title="bbox 2520 3602 4103 3677">
     <span class='ocr_line' id='line_1_91' title="bbox 2520 3602 4103 3677; baseline -0.011 -4"><span class='ocrx_word' id='word_1_676' title='bbox 2520 3620 2693 3673; x_wconf 77' lang='lat' dir='ltr'><strong><em>Clem.</em></strong></span> <span class='ocrx_word' id='word_1_677' title='bbox 2749 3615 3051 3671; x_wconf 86' lang='lat' dir='ltr'><strong><em>Alexandr.</em></strong></span> <span class='ocrx_word' id='word_1_678' title='bbox 3108 3613 3294 3666; x_wconf 71' lang='lat' dir='ltr'><strong><em>libro:</em></strong></span> <span class='ocrx_word' id='word_1_679' title='bbox 3366 3608 3656 3677; x_wconf 77' lang='grc' dir='ltr'><em>προνοίας</em></span> <span class='ocrx_word' id='word_1_680' title='bbox 3724 3613 3906 3661; x_wconf 78' lang='lat' dir='ltr'><strong><em>exstat</em></strong></span> <span class='ocrx_word' id='word_1_681' title='bbox 3959 3602 4103 3672; x_wconf 88' lang='lat' dir='ltr'><strong><em>apud</em></strong></span> 
     </span>
    </p>
   </div>
   <div class='ocr_carea' id='block_1_92' title="bbox 2524 3691 4107 3774">
    <p class='ocr_par' dir='ltr' id='par_1_92' title="bbox 2524 3691 4107 3774">
     <span class='ocr_line' id='line_1_92' title="bbox 2524 3691 4107 3774; baseline -0.01 -9"><span class='ocrx_word' id='word_1_682' title='bbox 2524 3711 2777 3764; x_wconf 81' lang='lat' dir='ltr'><strong><em>Anastas.</em></strong></span> <span class='ocrx_word' id='word_1_683' title='bbox 2815 3707 3081 3762; x_wconf 90' lang='lat' dir='ltr'><strong><em>Sinaitam</em></strong></span> <span class='ocrx_word' id='word_1_684' title='bbox 3122 3711 3319 3774; x_wconf 63' lang='lat' dir='ltr'><strong><em>quaest.</em></strong></span> <span class='ocrx_word' id='word_1_685' title='bbox 3354 3716 3498 3756; x_wconf 75' lang='lat' dir='ltr'><strong><em>xcvi.</em></strong></span> <span class='ocrx_word' id='word_1_686' title='bbox 3540 3699 3706 3754; x_wconf 53' lang='lat' dir='ltr'><strong><em>Fusa.</em></strong></span> <span class='ocrx_word' id='word_1_687' title='bbox 3737 3727 3809 3737; x_wconf 90' lang='lat'><strong>—</strong></span> <span class='ocrx_word' id='word_1_688' title='bbox 3847 3695 4009 3766; x_wconf 84' lang='lat' dir='ltr'><strong><em>Frag.</em></strong></span> <span class='ocrx_word' id='word_1_689' title='bbox 4046 3691 4107 3749; x_wconf 87' lang='lat' dir='ltr'><strong><em>in</em></strong></span> 
     </span>
    </p>
   </div>
   <div class='ocr_carea' id='block_1_93' title="bbox 2524 3785 4105 3869">
    <p class='ocr_par' dir='ltr' id='par_1_93' title="bbox 2524 3785 4105 3869">
     <span class='ocr_line' id='line_1_93' title="bbox 2524 3785 4105 3869; baseline -0.01 -13"><span class='ocrx_word' id='word_1_690' title='bbox 2524 3801 2671 3856; x_wconf 90' lang='lat' dir='ltr'><strong><em>Pott.</em></strong></span> <span class='ocrx_word' id='word_1_691' title='bbox 2708 3803 2842 3857; x_wconf 89' lang='lat' dir='ltr'><strong><em>edit.</em></strong></span> <span class='ocrx_word' id='word_1_692' title='bbox 2879 3815 3003 3869; x_wconf 78' lang='lat' dir='ltr'><strong><em>pag.</em></strong></span> <span class='ocrx_word' id='word_1_693' title='bbox 3047 3797 3220 3858; x_wconf 84' lang='grc'>1016,</span> <span class='ocrx_word' id='word_1_694' title='bbox 3254 3812 3364 3865; x_wconf 91' lang='lat' dir='ltr'><strong><em>sq.,</em></strong></span> <span class='ocrx_word' id='word_1_695' title='bbox 3388 3824 3459 3834; x_wconf 89' lang='lat'><strong>—</strong></span> <span class='ocrx_word' id='word_1_696' title='bbox 3486 3800 3542 3848; x_wconf 89' lang='lat' dir='ltr'><strong><em>et</em></strong></span> <span class='ocrx_word' id='word_1_697' title='bbox 3586 3794 3639 3846; x_wconf 90' lang='lat' dir='ltr'><strong><em>in</em></strong></span> <span class='ocrx_word' id='word_1_698' title='bbox 3679 3788 3914 3861; x_wconf 75' lang='lat' dir='ltr'><strong><em>appentl.</em></strong></span> <span class='ocrx_word' id='word_1_699' title='bbox 3940 3785 4105 3841; x_wconf 85' lang='lat' dir='ltr'><strong><em>Fahr.</em></strong></span> 
     </span>
    </p>
   </div>
   <div class='ocr_carea' id='block_1_94' title="bbox 2524 3883 4104 3949">
    <p class='ocr_par' dir='ltr' id='par_1_94' title="bbox 2524 3883 4104 3949">
     <span class='ocr_line' id='line_1_94' title="bbox 2524 3883 4104 3949; baseline -0.011 0"><span class='ocrx_word' id='word_1_700' title='bbox 2524 3896 2578 3949; x_wconf 87' lang='lat' dir='ltr'><strong><em>in</em></strong></span> <span class='ocrx_word' id='word_1_701' title='bbox 2614 3894 2743 3948; x_wconf 80' lang='lat' dir='ltr'><strong><em>edit.</em></strong></span> <span class='ocrx_word' id='word_1_702' title='bbox 2769 3891 2994 3947; x_wconf 79' lang='lat' dir='ltr'><strong><em>Veneta.</em></strong></span> <span class='ocrx_word' id='word_1_703' title='bbox 3020 3888 3078 3943; x_wconf 88' lang='lat' dir='ltr'><strong><em>In</em></strong></span> <span class='ocrx_word' id='word_1_704' title='bbox 3104 3888 3228 3944; x_wconf 90' lang='lat' dir='ltr'><strong><em>cod.</em></strong></span> <span class='ocrx_word' id='word_1_705' title='bbox 3251 3886 3511 3941; x_wconf 90' lang='lat' dir='ltr'><strong><em>Laurent.</em></strong></span> <span class='ocrx_word' id='word_1_706' title='bbox 3537 3883 3680 3940; x_wconf 86' lang='lat' dir='ltr'><strong><em>Med.</em></strong></span> <span class='ocrx_word' id='word_1_707' title='bbox 3707 3896 3828 3937; x_wconf 86' lang='lat' dir='ltr'><strong><em>esse</em></strong></span> <span class='ocrx_word' id='word_1_708' title='bbox 3849 3887 4104 3948; x_wconf 79' lang='lat' dir='ltr'><strong><em>excerpta</em></strong></span> 
     </span>
    </p>
   </div>
   <div class='ocr_carea' id='block_1_95' title="bbox 2523 3971 4105 4049">
    <p class='ocr_par' dir='ltr' id='par_1_95' title="bbox 2523 3971 4105 4049">
     <span class='ocr_line' id='line_1_95' title="bbox 2523 3971 4105 4049; baseline -0.013 -8"><span class='ocrx_word' id='word_1_709' title='bbox 2523 4003 2591 4042; x_wconf 77' lang='lat' dir='ltr'><strong><em>ex</em></strong></span> <span class='ocrx_word' id='word_1_710' title='bbox 2644 3986 2817 4041; x_wconf 89' lang='lat' dir='ltr'><strong><em>Clem.</em></strong></span> <span class='ocrx_word' id='word_1_711' title='bbox 2853 3996 3103 4038; x_wconf 87' lang='lat' dir='ltr'><strong><em>sermone</em></strong></span> <span class='ocrx_word' id='word_1_712' title='bbox 3147 3979 3225 4034; x_wconf 89' lang='lat' dir='ltr'><strong><em>De</em></strong></span> <span class='ocrx_word' id='word_1_713' title='bbox 3269 3977 3625 4049; x_wconf 73' lang='lat' dir='ltr'><strong><em>providentia,</em></strong></span> <span class='ocrx_word' id='word_1_714' title='bbox 3669 3990 3737 4028; x_wconf 86' lang='lat' dir='ltr'><strong><em>ex</em></strong></span> <span class='ocrx_word' id='word_1_715' title='bbox 3775 3971 4008 4025; x_wconf 87' lang='lat' dir='ltr'><strong><em>Bandin.</em></strong></span> <span class='ocrx_word' id='word_1_716' title='bbox 4048 3981 4105 4033; x_wconf 89' lang='grc' dir='ltr'>ι,</span> 
     </span>
    </p>
   </div>
   <div class='ocr_carea' id='block_1_96' title="bbox 2525 4063 3783 4150">
    <p class='ocr_par' dir='ltr' id='par_1_96' title="bbox 2525 4063 3783 4150">
     <span class='ocr_line' id='line_1_96' title="bbox 2525 4063 3783 4150; baseline -0.012 -17"><span class='ocrx_word' id='word_1_717' title='bbox 2525 4095 2649 4150; x_wconf 88' lang='lat' dir='ltr'><strong><em>pag.</em></strong></span> <span class='ocrx_word' id='word_1_718' title='bbox 2686 4075 2812 4141; x_wconf 71' lang='grc'>402,</span> <span class='ocrx_word' id='word_1_719' title='bbox 2838 4090 3004 4144; x_wconf 84' lang='lat' dir='ltr'><strong><em>supra</em></strong></span> <span class='ocrx_word' id='word_1_720' title='bbox 3030 4074 3144 4145; x_wconf 86' lang='lat' dir='ltr'><strong><em>jam</em></strong></span> <span class='ocrx_word' id='word_1_721' title='bbox 3169 4070 3577 4127; x_wconf 82' lang='lat' dir='ltr'><strong><em>adnotavimus.</em></strong></span> <span class='ocrx_word' id='word_1_722' title='bbox 3609 4063 3783 4118; x_wconf 62' lang='lat' dir='ltr'><strong><em>Hanc.</em></strong></span> 
     </span>
    </p>
   </div>
   <div class='ocr_carea' id='block_1_97' title="bbox 2597 4169 4103 4260">
    <p class='ocr_par' dir='ltr' id='par_1_97' title="bbox 2597 4169 4103 4260">
     <span class='ocr_line' id='line_1_97' title="bbox 2597 4169 4103 4260; baseline -0.015 -13"><span class='ocrx_word' id='word_1_723' title='bbox 2597 4194 2650 4248; x_wconf 74' lang='grc'>4.</span> <span class='ocrx_word' id='word_1_724' title='bbox 2684 4190 2823 4260; x_wconf 75' lang='grc' dir='ltr'><strong><em>Περὶ</em></strong></span> <span class='ocrx_word' id='word_1_725' title='bbox 2852 4190 2957 4244; x_wconf 86' lang='grc' dir='ltr'><strong><em>τοῦ</em></strong></span> <span class='ocrx_word' id='word_1_726' title='bbox 2986 4188 3202 4258; x_wconf 83' lang='grc' dir='ltr'><em>Πάσχα</em></span> <span class='ocrx_word' id='word_1_727' title='bbox 3229 4186 3605 4255; x_wconf 74' lang='grc' dir='ltr'><strong><em>σύγγραμμα.</em></strong></span> <span class='ocrx_word' id='word_1_728' title='bbox 3644 4175 3847 4231; x_wconf 87' lang='lat' dir='ltr'><strong><em>Euseb.</em></strong></span> <span class='ocrx_word' id='word_1_729' title='bbox 3882 4187 3957 4238; x_wconf 85' lang='lat' dir='ltr'><strong><em>Iv,</em></strong></span> <span class='ocrx_word' id='word_1_730' title='bbox 3990 4169 4061 4225; x_wconf 90' lang='grc'><strong><em>26</em></strong></span> <span class='ocrx_word' id='word_1_731' title='bbox 4085 4212 4103 4238; x_wconf 89' lang='grc'><strong><em>,</em></strong></span> 
     </span>
    </p>
   </div>
   <div class='ocr_carea' id='block_1_98' title="bbox 2526 4265 4103 4354">
    <p class='ocr_par' dir='ltr' id='par_1_98' title="bbox 2526 4265 4103 4354">
     <span class='ocr_line' id='line_1_98' title="bbox 2526 4265 4103 4354; baseline -0.018 -12"><span class='ocrx_word' id='word_1_732' title='bbox 2526 4304 2604 4354; x_wconf 69' lang='grc' dir='ltr'><strong><em>γι,</em></strong></span> <span class='ocrx_word' id='word_1_733' title='bbox 2629 4286 2731 4352; x_wconf 85' lang='grc'>15;</span> <span class='ocrx_word' id='word_1_734' title='bbox 2766 4283 2911 4338; x_wconf 80' lang='lat' dir='ltr'><strong><em>llier.</em></strong></span> <span class='ocrx_word' id='word_1_735' title='bbox 2935 4281 3007 4335; x_wconf 92' lang='lat' dir='ltr'><strong><em>De</em></strong></span> <span class='ocrx_word' id='word_1_736' title='bbox 3031 4281 3216 4349; x_wconf 89' lang='lat' dir='ltr'><strong><em>script.</em></strong></span> <span class='ocrx_word' id='word_1_737' title='bbox 3247 4276 3457 4337; x_wconf 86' lang='lat' dir='ltr'><strong><em>eccles.,</em></strong></span> <span class='ocrx_word' id='word_1_738' title='bbox 3480 4291 3531 4328; x_wconf 91' lang='lat' dir='ltr'><strong><em>c.</em></strong></span> <span class='ocrx_word' id='word_1_739' title='bbox 3555 4270 3623 4325; x_wconf 86' lang='grc'>58</span> <span class='ocrx_word' id='word_1_740' title='bbox 3645 4288 3659 4335; x_wconf 88' lang='grc'>;</span> <span class='ocrx_word' id='word_1_741' title='bbox 3690 4268 3846 4322; x_wconf 85' lang='lat' dir='ltr'><strong><em>Phot.</em></strong></span> <span class='ocrx_word' id='word_1_742' title='bbox 3873 4265 3995 4319; x_wconf 90' lang='lat' dir='ltr'><strong><em>cod.</em></strong></span> <span class='ocrx_word' id='word_1_743' title='bbox 4017 4278 4103 4316; x_wconf 89' lang='lat' dir='ltr'><strong><em>Ill.</em></strong></span> 
     </span>
    </p>
   </div>
   <div class='ocr_carea' id='block_1_99' title="bbox 2528 4355 4101 4451">
    <p class='ocr_par' dir='ltr' id='par_1_99' title="bbox 2528 4355 4101 4451">
     <span class='ocr_line' id='line_1_99' title="bbox 2528 4355 4101 4451; baseline -0.019 -15"><span class='ocrx_word' id='word_1_744' title='bbox 2528 4381 2851 4451; x_wconf 82' lang='lat' dir='ltr'><strong><em>Fragmenta</em></strong></span> <span class='ocrx_word' id='word_1_745' title='bbox 2874 4377 2927 4431; x_wconf 89' lang='lat' dir='ltr'><strong><em>in</em></strong></span> <span class='ocrx_word' id='word_1_746' title='bbox 2963 4374 3228 4430; x_wconf 84' lang='lat' dir='ltr'><strong><em>Chronico</em></strong></span> <span class='ocrx_word' id='word_1_747' title='bbox 3255 4368 3435 4429; x_wconf 47' lang='lat' dir='ltr'><strong><em>Alex&quot;</em></strong></span> <span class='ocrx_word' id='word_1_748' title='bbox 3469 4380 3593 4435; x_wconf 86' lang='lat' dir='ltr'><strong><em>pag.</em></strong></span> <span class='ocrx_word' id='word_1_749' title='bbox 3628 4361 3659 4412; x_wconf 89' lang='grc'><strong><em>7</em></strong></span> <span class='ocrx_word' id='word_1_750' title='bbox 3701 4359 3849 4451; x_wconf 70' lang='lat' dir='ltr'><strong><em>edit.</em></strong></span> <span class='ocrx_word' id='word_1_751' title='bbox 3886 4355 4101 4451; x_wconf 74' lang='lat' dir='ltr'><strong><em>Cangii.</em></strong></span> 
     </span>
    </p>
   </div>
   <div class='ocr_carea' id='block_1_100' title="bbox 2527 4445 4108 4531">
    <p class='ocr_par' dir='ltr' id='par_1_100' title="bbox 2527 4445 4108 4531">
     <span class='ocr_line' id='line_1_100' title="bbox 2527 4445 4108 4531; baseline -0.018 -4"><span class='ocrx_word' id='word_1_752' title='bbox 2527 4472 2594 4527; x_wconf 87' lang='lat' dir='ltr'><strong><em>Et</em></strong></span> <span class='ocrx_word' id='word_1_753' title='bbox 2632 4445 2685 4527; x_wconf 72' lang='lat' dir='ltr'><strong><em>in</em></strong></span> <span class='ocrx_word' id='word_1_754' title='bbox 2718 4468 2926 4528; x_wconf 79' lang='lat' dir='ltr'><strong><em>Petavii</em></strong></span> <span class='ocrx_word' id='word_1_755' title='bbox 2970 4461 3324 4531; x_wconf 88' lang='lat' dir='ltr'><strong><em>Uranoloqio,</em></strong></span> <span class='ocrx_word' id='word_1_756' title='bbox 3372 4471 3493 4525; x_wconf 89' lang='lat' dir='ltr'><strong><em>pag.</em></strong></span> <span class='ocrx_word' id='word_1_757' title='bbox 3538 4452 3664 4505; x_wconf 71' lang='lat' dir='ltr'><strong><em>2M.</em></strong></span> <span class='ocrx_word' id='word_1_758' title='bbox 3701 4448 3760 4501; x_wconf 85' lang='lat' dir='ltr'><strong><em>In</em></strong></span> <span class='ocrx_word' id='word_1_759' title='bbox 3817 4448 3922 4501; x_wconf 90' lang='lat' dir='ltr'><strong><em>hoc</em></strong></span> <span class='ocrx_word' id='word_1_760' title='bbox 3964 4445 4108 4499; x_wconf 87' lang='lat' dir='ltr'><strong><em>libro</em></strong></span> 
     </span>
    </p>
   </div>
   <div class='ocr_carea' id='block_1_101' title="bbox 2528 4537 4108 4628">
    <p class='ocr_par' dir='ltr' id='par_1_101' title="bbox 2528 4537 4108 4628">
     <span class='ocr_line' id='line_1_101' title="bbox 2528 4537 4108 4628; baseline -0.02 -7"><span class='ocrx_word' id='word_1_761' title='bbox 2528 4573 2781 4628; x_wconf 86' lang='lat' dir='ltr'><strong><em>testatus,</em></strong></span> <span class='ocrx_word' id='word_1_762' title='bbox 2802 4558 3037 4619; x_wconf 81' lang='lat' dir='ltr'><strong><em>Eusebio</em></strong></span> <span class='ocrx_word' id='word_1_763' title='bbox 3063 4562 3221 4618; x_wconf 88' lang='lat' dir='ltr'><strong><em>teste,</em></strong></span> <span class='ocrx_word' id='word_1_764' title='bbox 3252 4550 3356 4604; x_wconf 79' lang='lat' dir='ltr'><strong><em>fuit</em></strong></span> <span class='ocrx_word' id='word_1_765' title='bbox 3378 4548 3653 4605; x_wconf 89' lang='lat' dir='ltr'><strong><em>Clemens,</em></strong></span> <span class='ocrx_word' id='word_1_766' title='bbox 3687 4556 3745 4595; x_wconf 91' lang='lat' dir='ltr'><strong><em>se</em></strong></span> <span class='ocrx_word' id='word_1_767' title='bbox 3778 4556 3808 4593; x_wconf 92' lang='lat' dir='ltr'><strong><em>a</em></strong></span> <span class='ocrx_word' id='word_1_768' title='bbox 3843 4537 4108 4592; x_wconf 80' lang='lat' dir='ltr'><strong><em>fratribus</em></strong></span> 
     </span>
    </p>
   </div>
   <div class='ocr_carea' id='block_1_102' title="bbox 2526 4631 4109 4717">
    <p class='ocr_par' dir='ltr' id='par_1_102' title="bbox 2526 4631 4109 4717">
     <span class='ocr_line' id='line_1_102' title="bbox 2526 4631 4109 4717; baseline -0.018 -5"><span class='ocrx_word' id='word_1_769' title='bbox 2526 4658 2775 4712; x_wconf 86' lang='lat' dir='ltr'><strong><em>adactum</em></strong></span> <span class='ocrx_word' id='word_1_770' title='bbox 2804 4653 2872 4708; x_wconf 88' lang='lat' dir='ltr'><strong><em>ad</em></strong></span> <span class='ocrx_word' id='word_1_771' title='bbox 2902 4648 3105 4717; x_wconf 86' lang='lat' dir='ltr'><strong><em>scripto</em></strong></span> <span class='ocrx_word' id='word_1_772' title='bbox 3127 4639 3527 4711; x_wconf 82' lang='lat' dir='ltr'><strong><em>consignamlas</em></strong></span> <span class='ocrx_word' id='word_1_773' title='bbox 3561 4631 3942 4701; x_wconf 80' lang='grc' dir='ltr'><strong><em>παραδόσεις,</em></strong></span> <span class='ocrx_word' id='word_1_774' title='bbox 3968 4643 4109 4699; x_wconf 82' lang='lat' dir='ltr'><strong><em>quas</em></strong></span> 
     </span>
    </p>
   </div>
   <div class='ocr_carea' id='block_1_103' title="bbox 2528 4722 4108 4811">
    <p class='ocr_par' dir='ltr' id='par_1_103' title="bbox 2528 4722 4108 4811">
     <span class='ocr_line' id='line_1_103' title="bbox 2528 4722 4108 4811; baseline -0.017 -10"><span class='ocrx_word' id='word_1_775' title='bbox 2528 4751 2596 4803; x_wconf 86' lang='lat' dir='ltr'><strong><em>ab</em></strong></span> <span class='ocrx_word' id='word_1_776' title='bbox 2647 4743 3056 4811; x_wconf 80' lang='lat' dir='ltr'><strong><em>antiquioribus</em></strong></span> <span class='ocrx_word' id='word_1_777' title='bbox 3108 4731 3440 4806; x_wconf 82' lang='lat' dir='ltr'><strong><em>presbyteris</em></strong></span> <span class='ocrx_word' id='word_1_778' title='bbox 3490 4733 3794 4795; x_wconf 86' lang='lat' dir='ltr'><strong><em>acceperat.</em></strong></span> <span class='ocrx_word' id='word_1_779' title='bbox 3844 4722 3949 4777; x_wconf 84' lang='lat' dir='ltr'><strong><em>Per</em></strong></span> <span class='ocrx_word' id='word_1_780' title='bbox 4006 4723 4108 4776; x_wconf 75' lang='lat' dir='ltr'><strong><em>has</em></strong></span> 
     </span>
    </p>
   </div>
   <div class='ocr_carea' id='block_1_104' title="bbox 2529 4814 4106 4895">
    <p class='ocr_par' dir='ltr' id='par_1_104' title="bbox 2529 4814 4106 4895">
     <span class='ocr_line' id='line_1_104' title="bbox 2529 4814 4106 4895; baseline -0.018 -1"><span class='ocrx_word' id='word_1_781' title='bbox 2529 4841 2696 4895; x_wconf 86' lang='lat' dir='ltr'><strong><em>nolim</em></strong></span> <span class='ocrx_word' id='word_1_782' title='bbox 2738 4833 3208 4893; x_wconf 88' lang='lat' dir='ltr'><strong><em>Constitutionum</em></strong></span> <span class='ocrx_word' id='word_1_783' title='bbox 3255 4823 3680 4895; x_wconf 84' lang='lat' dir='ltr'><strong><em>apostolicarum</em></strong></span> <span class='ocrx_word' id='word_1_784' title='bbox 3717 4834 3857 4887; x_wconf 94' lang='lat' dir='ltr'><strong><em>opus</em></strong></span> <span class='ocrx_word' id='word_1_785' title='bbox 3899 4814 4106 4869; x_wconf 87' lang='lat' dir='ltr'><strong><em>intelli-</em></strong></span> 
     </span>
    </p>
   </div>
   <div class='ocr_carea' id='block_1_105' title="bbox 2529 4905 4108 5005">
    <p class='ocr_par' dir='ltr' id='par_1_105' title="bbox 2529 4905 4108 5005">
     <span class='ocr_line' id='line_1_105' title="bbox 2529 4905 4108 5005; baseline -0.021 -15"><span class='ocrx_word' id='word_1_786' title='bbox 2529 4952 2652 5005; x_wconf 81' lang='lat' dir='ltr'><strong><em>gere</em></strong></span> <span class='ocrx_word' id='word_1_787' title='bbox 2680 4950 2803 4990; x_wconf 87' lang='lat' dir='ltr'><strong><em>cum</em></strong></span> <span class='ocrx_word' id='word_1_788' title='bbox 2839 4925 3163 4986; x_wconf 77' lang='lat' dir='ltr'><strong><em>doctissimo</em></strong></span> <span class='ocrx_word' id='word_1_789' title='bbox 3194 4918 3521 4989; x_wconf 82' lang='lat' dir='ltr'><strong><em>Beveregio;</em></strong></span> <span class='ocrx_word' id='word_1_790' title='bbox 3551 4916 3643 4971; x_wconf 80' lang='lat' dir='ltr'><strong><em>sed</em></strong></span> <span class='ocrx_word' id='word_1_791' title='bbox 3669 4915 3799 4969; x_wconf 91' lang='lat' dir='ltr'><strong><em>illud</em></strong></span> <span class='ocrx_word' id='word_1_792' title='bbox 3831 4913 4011 4981; x_wconf 91' lang='lat' dir='ltr'><strong><em>ipsum</em></strong></span> <span class='ocrx_word' id='word_1_793' title='bbox 4039 4905 4108 5005; x_wconf 78' lang='lat' dir='ltr'><strong><em>de</em></strong></span> 
     </span>
    </p>
   </div>
   <div class='ocr_carea' id='block_1_106' title="bbox 2528 4994 4109 5092">
    <p class='ocr_par' dir='ltr' id='par_1_106' title="bbox 2528 4994 4109 5092">
     <span class='ocr_line' id='line_1_106' title="bbox 2528 4994 4109 5092; baseline -0.02 -12"><span class='ocrx_word' id='word_1_794' title='bbox 2528 4994 2795 5080; x_wconf 45' lang='lat' dir='ltr'><strong><em>ﬁaschate</em></strong></span> <span class='ocrx_word' id='word_1_795' title='bbox 2820 5036 2982 5092; x_wconf 85' lang='lat' dir='ltr'><strong><em>opus,</em></strong></span> <span class='ocrx_word' id='word_1_796' title='bbox 3007 5019 3062 5071; x_wconf 87' lang='lat' dir='ltr'><strong><em>in</em></strong></span> <span class='ocrx_word' id='word_1_797' title='bbox 3107 5030 3215 5083; x_wconf 90' lang='lat' dir='ltr'><strong><em>quo</em></strong></span> <span class='ocrx_word' id='word_1_798' title='bbox 3259 5011 3580 5065; x_wconf 84' lang='lat' dir='ltr'><strong><em>traditiones</em></strong></span> <span class='ocrx_word' id='word_1_799' title='bbox 3631 5004 4001 5073; x_wconf 90' lang='lat' dir='ltr'><strong><em>antiquiorum</em></strong></span> <span class='ocrx_word' id='word_1_800' title='bbox 4039 4994 4109 5049; x_wconf 85' lang='lat' dir='ltr'><strong><em>de</em></strong></span> 
     </span>
    </p>
   </div>
   <div class='ocr_carea' id='block_1_107' title="bbox 2529 5086 4103 5187">
    <p class='ocr_par' dir='ltr' id='par_1_107' title="bbox 2529 5086 4103 5187">
     <span class='ocr_line' id='line_1_107' title="bbox 2529 5086 4103 5187; baseline -0.022 -14"><span class='ocrx_word' id='word_1_801' title='bbox 2529 5120 2635 5173; x_wconf 92' lang='lat' dir='ltr'><strong><em>hoc</em></strong></span> <span class='ocrx_word' id='word_1_802' title='bbox 2656 5086 2979 5187; x_wconf 79' lang='lat' dir='ltr'><strong><em>argumento</em></strong></span> <span class='ocrx_word' id='word_1_803' title='bbox 3009 5114 3356 5178; x_wconf 80' lang='lat' dir='ltr'><strong><em>exposuerat.</em></strong></span> <span class='ocrx_word' id='word_1_804' title='bbox 3389 5102 3631 5176; x_wconf 69' lang='lat' dir='ltr'><strong><em>[Fr-agm.</em></strong></span> <span class='ocrx_word' id='word_1_805' title='bbox 3655 5099 3712 5152; x_wconf 91' lang='lat' dir='ltr'><strong><em>in</em></strong></span> <span class='ocrx_word' id='word_1_806' title='bbox 3735 5093 3940 5148; x_wconf 87' lang='lat' dir='ltr'><strong><em>Potter.</em></strong></span> <span class='ocrx_word' id='word_1_807' title='bbox 3971 5086 4103 5141; x_wconf 85' lang='lat' dir='ltr'><strong><em>edit.</em></strong></span> 
     </span>
    </p>
   </div>
   <div class='ocr_carea' id='block_1_108' title="bbox 2641 5207 2849 5262">
    <p class='ocr_par' dir='ltr' id='par_1_108' title="bbox 2641 5207 2849 5262">
     <span class='ocr_line' id='line_1_108' title="bbox 2641 5207 2849 5262; baseline -0.014 0"><span class='ocrx_word' id='word_1_808' title='bbox 2641 5249 2652 5262; x_wconf 93' lang='lat'><strong><em>.</em></strong></span> <span class='ocrx_word' id='word_1_809' title='bbox 2692 5207 2849 5262; x_wconf 85' lang='grc'>1017.</span> 
     </span>
    </p>
   </div>
   <div class='ocr_carea' id='block_1_109' title="bbox 2528 5204 4106 5371">
    <p class='ocr_par' dir='ltr' id='par_1_109' title="bbox 2528 5204 4106 5371">
     <span class='ocr_line' id='line_1_109' title="bbox 2641 5207 2849 5262; baseline -0.029 0"><span class='ocrx_word' id='word_1_810' title='bbox 2641 5249 2652 5262; x_wconf 94' lang='grc'><strong><em>.</em></strong></span> <span class='ocrx_word' id='word_1_811' title='bbox 2798 5207 2849 5259; x_wconf 86' lang='lat'><strong><em>7.</em></strong></span> 
     </span>
     <span class='ocr_line' id='line_1_110' title="bbox 2528 5204 4106 5371; baseline -0.023 -15"><span class='ocrx_word' id='word_1_812' title='bbox 2528 5226 2656 5355; x_wconf 54' lang='lat' dir='ltr'><strong><em>pag.</em></strong></span> <span class='ocrx_word' id='word_1_813' title='bbox 2690 5204 2994 5371; x_wconf 45' lang='grc' dir='ltr'><strong><em>ἔῗὶλέέεις</em></strong></span> <span class='ocrx_word' id='word_1_814' title='bbox 3035 5293 3166 5362; x_wconf 72' lang='grc' dir='ltr'><strong><em>περὶ</em></strong></span> <span class='ocrx_word' id='word_1_815' title='bbox 3202 5289 3509 5361; x_wconf 74' lang='grc' dir='ltr'><strong><em>νηστείας.</em></strong></span> <span class='ocrx_word' id='word_1_816' title='bbox 3540 5281 3765 5336; x_wconf 83' lang='lat' dir='ltr'><strong><em>Hieron.</em></strong></span> <span class='ocrx_word' id='word_1_817' title='bbox 3808 5272 3882 5328; x_wconf 87' lang='lat' dir='ltr'><strong><em>De</em></strong></span> <span class='ocrx_word' id='word_1_818' title='bbox 3897 5270 4106 5343; x_wconf 87' lang='lat' dir='ltr'><strong><em>jejunio</em></strong></span> 
     </span>
    </p>
   </div>
   <div class='ocr_carea' id='block_1_110' title="bbox 2601 5474 4155 5571">
    <p class='ocr_par' dir='ltr' id='par_1_110' title="bbox 2601 5474 4155 5571">
     <span class='ocr_line' id='line_1_111' title="bbox 2601 5474 4155 5571; baseline -0.028 -16"><span class='ocrx_word' id='word_1_819' title='bbox 2601 5502 2718 5571; x_wconf 87' lang='grc'>(55)</span> <span class='ocrx_word' id='word_1_820' title='bbox 2759 5496 3161 5571; x_wconf 68' lang='lat' dir='ltr'><strong><em>Fragmentav.</em></strong></span> <span class='ocrx_word' id='word_1_821' title='bbox 3185 5496 3239 5549; x_wconf 90' lang='lat' dir='ltr'><strong><em>in</em></strong></span> <span class='ocrx_word' id='word_1_822' title='bbox 3273 5489 3426 5571; x_wconf 67' lang='lat' dir='ltr'><strong><em>prter.</em></strong></span> <span class='ocrx_word' id='word_1_823' title='bbox 3461 5481 3624 5571; x_wconf 74' lang='lat' dir='ltr'><strong><em>litigii</em></strong></span> <span class='ocrx_word' id='word_1_824' title='bbox 3663 5474 4107 5571; x_wconf 46' lang='lat' dir='ltr'><strong><em>adusluumnsug:</em></strong></span> <span class='ocrx_word' id='word_1_825' title='bbox 4148 5498 4155 5505; x_wconf 85' lang='lat'><strong><em>.</em></strong></span> 
     </span>
    </p>
   </div>
   <div class='ocr_carea' id='block_1_111' title="bbox 2529 5549 4109 5644">
    <p class='ocr_par' dir='ltr' id='par_1_111' title="bbox 2529 5549 4109 5644">
     <span class='ocr_line' id='line_1_112' title="bbox 2529 5549 4109 5644; baseline -0.009 -17"><span class='ocrx_word' id='word_1_826' title='bbox 2529 5549 3042 5644; x_wconf 38' lang='lat' dir='ltr'><strong><em>piduteiltgftuedit.</em></strong></span> <span class='ocrx_word' id='word_1_827' title='bbox 3059 5549 3264 5619; x_wconf 66' lang='lat' dir='ltr'><strong><em>Potter.</em></strong></span> <span class='ocrx_word' id='word_1_828' title='bbox 3275 5549 3445 5644; x_wconf 46' lang='grc' dir='ltr'><em>μου</em></span> <span class='ocrx_word' id='word_1_829' title='bbox 3457 5596 3501 5644; x_wconf 35' lang='grc'><strong><em>,⁸,</em></strong></span> <span class='ocrx_word' id='word_1_830' title='bbox 3655 5639 3667 5644; x_wconf 30' lang='grc' dir='ltr'><strong><em>ρ</em></strong></span> <span class='ocrx_word' id='word_1_831' title='bbox 3677 5551 3741 5644; x_wconf 29' lang='lat'><strong><em>1‘0</em></strong></span> <span class='ocrx_word' id='word_1_832' title='bbox 3832 5619 3843 5644; x_wconf 55' lang='lat'><strong><em>‘</em></strong></span> <span class='ocrx_word' id='word_1_833' title='bbox 3963 5553 4109 5644; x_wconf 43' lang='grc' dir='ltr'>ἳῆιξξξ</span> 
     </span>
    </p>
   </div>
   <div class='ocr_carea' id='block_1_112' title="bbox 2528 5616 4111 5749">
    <p class='ocr_par' dir='ltr' id='par_1_112' title="bbox 2528 5616 4111 5749">
     <span class='ocr_line' id='line_1_113' title="bbox 2528 5616 4111 5749; baseline -0.008 3"><span class='ocrx_word' id='word_1_834' title='bbox 2528 5616 3252 5749; x_wconf 49' lang='grc' dir='ltr'><strong><em>ιξειξξῖδέςυῖίάέιιξέέρφ</em></strong></span> <span class='ocrx_word' id='word_1_835' title='bbox 3301 5616 4111 5749; x_wconf 57' lang='lat' dir='ltr'><strong><em>351l9&#39;%’3°‘i?5‘...‘:f‘“l§..itii?</em></strong></span> 
     </span>
     <span class='ocr_line' id='line_1_114' title="bbox 2534 5702 4105 5749; baseline -0.02 17"><span class='ocrx_word' id='word_1_836' title='bbox 2534 5730 2740 5749; x_wconf 25' lang='lat' dir='ltr'><strong><em>rem”</em></strong></span> <span class='ocrx_word' id='word_1_837' title='bbox 2859 5731 2886 5749; x_wconf 77' lang='grc' dir='ltr'><strong><em>ι·</em></strong></span> <span class='ocrx_word' id='word_1_838' title='bbox 2986 5726 3106 5749; x_wconf 43' lang='lat' dir='ltr'><strong><em>non.</em></strong></span> <span class='ocrx_word' id='word_1_839' title='bbox 3171 5725 3258 5749; x_wconf 73' lang='lat' dir='ltr'><strong><em>rm.</em></strong></span> <span class='ocrx_word' id='word_1_840' title='bbox 3445 5738 3456 5749; x_wconf 92' lang='lat'><strong><em>.</em></strong></span> <span class='ocrx_word' id='word_1_841' title='bbox 3576 5734 3587 5747; x_wconf 96' lang='lat'><strong><em>.</em></strong></span> <span class='ocrx_word' id='word_1_842' title='bbox 3697 5710 3711 5744; x_wconf 87' lang='lat'><strong>:</strong></span> <span class='ocrx_word' id='word_1_843' title='bbox 3793 5728 3821 5741; x_wconf 77' lang='grc'><strong><em>..</em></strong></span> <span class='ocrx_word' id='word_1_844' title='bbox 3957 5713 3968 5734; x_wconf 81' lang='grc' dir='ltr'><strong>ο</strong></span> <span class='ocrx_word' id='word_1_845' title='bbox 4046 5702 4105 5749; x_wconf 75' lang='grc' dir='ltr'>ι,</span> 
     </span>
    </p>
   </div>
   <div class='ocr_carea' id='block_1_113' title="bbox 2531 5702 4105 5858">
    <p class='ocr_par' dir='ltr' id='par_1_113' title="bbox 2531 5702 4105 5858">
     <span class='ocr_line' id='line_1_115' title="bbox 2531 5702 4105 5780; baseline -0.02 -10"><span class='ocrx_word' id='word_1_846' title='bbox 2531 5702 2761 5774; x_wconf 66' lang='grc' dir='ltr'><strong><em>Ξθῖηιθν.</em></strong></span> <span class='ocrx_word' id='word_1_847' title='bbox 2795 5714 2830 5767; x_wconf 92' lang='grc'><strong><em>1.</em></strong></span> <span class='ocrx_word' id='word_1_848' title='bbox 2859 5731 2937 5775; x_wconf 79' lang='lat' dir='ltr'><strong><em>t-.,</em></strong></span> <span class='ocrx_word' id='word_1_849' title='bbox 2986 5726 3108 5780; x_wconf 87' lang='lat' dir='ltr'><strong><em>pag.</em></strong></span> <span class='ocrx_word' id='word_1_850' title='bbox 3135 5705 3258 5758; x_wconf 73' lang='grc'>155.</span> <span class='ocrx_word' id='word_1_851' title='bbox 3301 5702 3456 5753; x_wconf 78' lang='lat' dir='ltr'><strong><em>Cont‘.</em></strong></span> <span class='ocrx_word' id='word_1_852' title='bbox 3503 5702 3587 5747; x_wconf 64' lang='grc' dir='ltr'><strong><em>ιο.</em></strong></span> <span class='ocrx_word' id='word_1_853' title='bbox 3626 5702 3821 5745; x_wconf 81' lang='lat' dir='ltr'><strong><em>r‘ranc.</em></strong></span> <span class='ocrx_word' id='word_1_854' title='bbox 3874 5702 4105 5749; x_wconf 74' lang='lat' dir='ltr'><strong><em>minuet,</em></strong></span> 
     </span>
     <span class='ocr_line' id='line_1_116' title="bbox 2532 5757 4032 5858; baseline -0.021 -16"><span class='ocrx_word' id='word_1_855' title='bbox 2532 5785 2754 5858; x_wconf 82' lang='lat' dir='ltr'><strong><em>Isagoge</em></strong></span> <span class='ocrx_word' id='word_1_856' title='bbox 2781 5785 2847 5837; x_wconf 86' lang='lat' dir='ltr'><strong><em>ad</em></strong></span> <span class='ocrx_word' id='word_1_857' title='bbox 2875 5782 3171 5835; x_wconf 73' lang='lat' dir='ltr'><strong><em>universam</em></strong></span> <span class='ocrx_word' id='word_1_858' title='bbox 3209 5768 3543 5838; x_wconf 80' lang='lat' dir='ltr'><strong><em>theologiam,</em></strong></span> <span class='ocrx_word' id='word_1_859' title='bbox 3569 5780 3684 5834; x_wconf 79' lang='lat' dir='ltr'><strong><em>pag.</em></strong></span> <span class='ocrx_word' id='word_1_860' title='bbox 3708 5761 3833 5815; x_wconf 73' lang='grc'>515.</span> <span class='ocrx_word' id='word_1_861' title='bbox 3861 5757 4032 5811; x_wconf 75' lang='lat' dir='ltr'><strong><em>llsuL.</em></strong></span> 
     </span>
    </p>
   </div>
  </div>
