4456 6564
362 447 428 505 23
1447 456 1730 514 ΝΟΤΙΤΙΑ
1770 459 2122 517 HISTORIC(

1865 459 2143 517 STORICO
2154 460 2284 516 ~Ll'l'
2294 460 2623 517 TERARIA.
3550 475 3625 528 ιθ

356 575 686 646 disceptatio,
733 577 894 645 quasi
935 578 1152 651 legisset
1180 580 1582 652 διάλεξις,ηοιι
1609 586 1926 653 διαλέξεις.
1958 589 2007 647 Α
2035 584 2116 639 αίιι

1860 605 1926 653 ις.
1958 584 2317 657 Ααίιεςονὶεε
2391 587 2845 657 interpretandis,
2907 586 3115 643 Strom.
3156 605 3235 652 Vl,
3294 606 3419 660 pag.
3478 590 3620 647 580:

354 666 505 737 Apud
541 667 799 722 Pbotium
836 678 1047 729 tantum
1077 685 1163 730 est
1196 674 1339 742 Περὶ
1368 678 1673 745 νηστείας.

420 758 471 812 6.
517 758 658 823 Περὶ
706 763 1089 831 καταλαλίας.
1128 763 1356 819 Hieron.
1398 765 1474 819 De
1522 767 1920 832 obtrectatione,

2045 677 2536 747 Ἀλληγορεῗσθαι
2556 677 2624 732 δέ
2648 696 2779 733 τινα
2804 680 2872 735 ἐκ
2900 681 3129 734 τούτων
3153 679 3272 736 τῶν
3293 682 3583 752 ὀνομάτων
3602 723 3620 748 ,

2028 769 2370 838 ὁσιώτερον,
2404 772 2443 824 d
2474 771 2551 839 δὴ
2604 772 2703 825 καὶ
2738 773 3049 841 προϊόντος
3082 772 3190 827 τοῦ
3229 774 3418 845 λόγου
3470 777 3620 832 κατὰ

350 848 479 902 liber
509 866 666 902 unus.
695 848 850 906 Phot.
882 858 1022 925 Περὶ
1058 860 1434 929 κακολογίας.
1463 859 1607 933 [Vid.
1638 862 1835 930 fragm.
1867 863 1921 915 in
2024 860 2110 915 to:

1356 875 1434 926 κς.
1463 859 1607 933 [Vid.
1638 862 1835 930 fragm.
1867 863 1921 915 in
2024 860 2132 915 τὸν
2154 863 2375 916 οἰκεῖον
2399 862 2609 931 καιρὸν
2636 863 3116 935 διασαφήσομεν.

346 938 490 994 Pott.
521 941 609 995 ed.
635 958 759 1014 pag.
794 946 951 1015 1020,
981 949 1095 1021 sq.]

2095 952 2173 1006 De
2206 955 2426 1022 angelis.
2464 956 2671 1010 Strom.
2708 973 2784 1021 νι,
2818 974 2943 1028 pag.
2960 957 3096 1013 65!:
3137 960 3323 1015 Ἀλλὰ
3347 961 3483 1030 περὶ
3499 960 3619 1032 μὲν

416 1028 468 1084 7.
508 1034 938 1105 Προτρεπτικὸς
979 1042 1067 1104 είς
1112 1040 1454 1110 ὑπομονὴν,
1496 1044 1536 1111 ἢ
1576 1042 1729 1111 πρὸς
1777 1042 1921 1109 τοὺς
2022 1044 2253 1096 τούτων
2278 1044 2349 1097 ἐν
2372 1043 2452 1109 τῷ
2480 1046 2624 1114 Περὶ
2653 1047 2925 1116 ἀγγέλων
2956 1050 3118 1117 λόγῳ
3151 1028 3619 1121 προϊούσης

343 1122 554 1173 νεωστὶ
578 1124 1115 1198 βεϐαπτισμένους.
1143 1129 1343 1189 Euseb.
1374 1152 1447 1200 νι,
1479 1136 1566 1202 t3,
1600 1135 1807 1189 Hister.

410 1211 464 1267 8.
504 1216 713 1271 Κανὼν
746 1220 1279 1291 ἐκκλησιαστικὸς,
1318 1225 1356 1294 ἢ
1398 1226 1552 1295 πρὸς
1589 1226 1733 1293 τοὺς
1774 1228 1916 1282 Ἰου-

339 1300 664 1376 δαΐξοντας.
702 1310 928 1365 Hieron.
986 1311 1059 1366 De
1103 1317 1391 1371 canonibus
1436 1318 1814 1373 ecclesiasticis
1862 1332 1912 1375 et

338 1395 585 1454 adversus
623 1418 710 1454 eos
733 1402 827 1471 qui
857 1400 1170 1461 Judreorum
1191 1418 1482 1479 sequuntur
1504 1427 1755 1479 errorem,
1779 1413 1912 1467 liber

334 1503 507 1554 unus,
562 1508 717 1560 quem
766 1496 977 1562 proprie
1025 1497 1367 1565 Alexandro,
1420 1500 1908 1571 Hierosolymorum

329 1582 603 1649 episeopo,
637 1584 1091 1653 npoo'egscbrnae.
1138 1590 1426 1645 Canonum
1482 1595 1904 1662 apostolicornm

327 1674 740 1742 collectionem,
767 1693 889 1747 quae
938 1680 1098 1735 hodie
1133 1695 1343 1750 exstat,
1371 1701 1469 1755 per
1508 1687 1612 1741 hoc
1651 1704 1789 1758 Opus
1839 1692 1907 1745 ab

326 1760 564 1820 Eusebio
593 1776 647 1822 et
672 1766 1007 1841 Hieronymo
1042 1773 1214 1839 innui,
1247 1790 1354 1829 non
1385 1775 1733 1831 crediderim.
1763 1779 1906 1835 Sane

324 1852 573 1923 Pbotius,
611 1860 703 1929 qui
738 1875 866 1914 mox
902 1862 1070 1917 lectos
1103 1880 1130 1918 a
1157 1880 1217 1920 se
1250 1883 1488 1923 canones
1527 1870 1902 1939 apostolorum

2022 1131 2261 1202 γραφῆς
2288 1134 2438 1188 κατὰ
2465 1137 2678 1204 καιρὸν
2704 1136 3134 1207 διαλεξώμεθα.

2095 1224 2170 1277 De
2198 1224 2433 1280 diabolo.
2478 1225 2686 1282 Strom.
2736 1242 2825 1293 ιν,
2874 1245 2997 1298 pag.
3035 1228 3188 1284 507:
3244 1229 3429 1283 Ἀλλὰ
3460 1230 3616 1299 πρὸς

2013 1316 2132 1387 μὲν
2172 1316 2245 1371 τὰ
2303 1318 2567 1389 domata
2609 1320 2816 1375 ἐκεῖνα
2859 1325 2909 1374 εὶ
2956 1321 3519 1390 μετενσωματοῦται
3573 1325 3611 1393 ἠ

2016 1409 2212 1479 ψυχὴ,
2249 1411 2349 1463 καὶ
2383 1414 2515 1481 περὶ
2543 1414 2649 1467 τοῦ
2678 1413 2963 1467 διαϐόλου
2989 1413 3139 1468 κατὰ
3172 1413 3317 1481 τοὺς
3352 1414 3615 1482 οἰκείους

2015 1502 2382 1571 λεχθήσεται
2416 1508 2681 1574 καιρούς.

2085 1594 2229 1662 Περὶ
2264 1596 2553 1665 γενέσεως
2596 1600 2852 1669 κόσμου.
2918 1598 3125 1654 Strom.
3165 1616 3255 1664 Vl,
3300 1615 3425 1671 pag.
3457 1599 3606 1664 698;

2013 1688 2154 1754 Περὶ
2192 1685 2300 1753 τῆς
2331 1688 2645 1756 ἀνθρώπου
2673 1690 2986 1760 γενέσεως,
3028 1690 3236 1746 Strom.
3268 1706 3352 1757 ιιι,
3386 1708 3439 1761 p.
3480 1690 3607 1746 466.

2013 1776 2153 1832 llinc
2198 1776 2471 1833 Eusebius
2506 1778 2583 1832 De
2615 1779 2904 1848 Clemente,
2938 1799 2991 1835 γι
3016 1825 3030 1848 ,
3070 1784 3160 1846 15,
3203 1782 3388 1836 Hist.:
3440 1782 3608 1837 ’Υπιο

2013 1870 2285 1939 σχνεῖται
2310 1869 2361 1922 δ’
2387 1871 2459 1923 ἐν
2478 1871 2683 1938 αὐτοῖς
2707 1873 2803 1926 καὶ
2829 1875 2917 1939 είς
2934 1874 3049 1941 τὴν
3072 1874 3315 1944 γένεσιν
3336 1876 3609 1948 ὑπομνη-

322 1947 442 2000 cod.
491 1965 605 2003 cxn
676 1962 1097 2020 commemorat,
1120 1955 1450 2025 Clementis,
1501 1959 1758 2028 Romani,
1803 1964 1906 2016 sub
1942 1940 2082 2029 Βμα

601 1967 605 2002 i
676 1962 1097 2020 commemorat,
1120 1955 1450 2025 Clementis,
1501 1959 1758 2028 Romani,
1803 1964 1906 2016 sub
1942 1940 2361 2029 Βματιεῖσθαι.

322 2041 566 2105 nomine,
594 2043 737 2098 inter
765 2060 851 2108 ea,
877 2062 999 2115 qua:
1021 2062 1051 2101 a
1077 2048 1349 2105 Clemente
1374 2053 1529 2107 Alex.
1559 2056 1763 2124 scripta
1792 2071 1902 2110 non

319 2131 433 2200 ipse
462 2133 614 2204 legit,
653 2136 746 2190 sed
780 2139 1074 2193 memorari
1110 2149 1325 2195 tantum
1360 2144 1428 2198 ab
1480 2146 1603 2200 aliis
1652 2148 1904 2203 meminit

314 2222 438 2278 cod.
487 2240 603 2287 cn,
659 2226 827 2282 refert
878 2230 1020 2298 Περὶ
1072 2233 1343 2285 κανόνων
1387 2235 1903 2304 ἐκκλησιαστιὼ

313 2316 464 2370 κατὰ
532 2316 649 2370 τῶν
714 2320 1214 2377 ἀκολουθούντων
1277 2325 1353 2395 τῇ
1416 2327 1534 2381 τῶν
1599 2330 1900 2388 Ἰουδαίων

314 2404 542 2478 πλάνῃ.
583 2410 761 2480 Atque
786 2414 971 2479 unius,
1000 2431 1110 2469 non
1141 2416 1375 2472 duorum
1402 2420 1731 2491 scriptorum
1754 2425 1899 2480 hunc

311 2513 433 2553 esse
455 2500 700 2565 titulum,
728 2501 999 2562 Eusebius
1020 2516 1074 2562 et
1098 2507 1324 2565 Hieron.
1353 2511 1606 2568 dubitare
1632 2531 1731 2570 nos
1754 2517 1895 2572 haud

310 2590 522 2648 sinunt.
551 2591 938 2664 Fragmentum
963 2599 1260 2655 Clementis
1302 2604 1397 2657 Ἐκ
1426 2605 1531 2659 τοῦ
1561 2607 1710 2661 κατὰ
1749 2610 1897 2663 Ἴου-

307 2680 628 2742 δαῖζόντων
670 2697 946 2742 servatum
981 2689 1045 2743 in~
1075 2689 1367 2763 Nicephori
1413 2696 1581 2750 (ἱροί.
1615 2700 1895 2755 Antirrlte-

308 2774 423 2828 ticis
448 2790 590 2830 mss.
623 2777 809 2833 Graece
831 2788 885 2834 et
920 2779 1113 2838 Latine
1150 2784 1320 2839 edidit
1356 2785 1624 2846 Nourrius
1653 2807 1704 2859 p.
1734 2792 1891 2859 1554,

306 2864 566 2935 Apparat.
603 2868 679 2941 [et
716 2871 772 2926 in
817 2872 979 2928 Fabr.
1017 2877 1251 2945 append.
1281 2879 1334 2932 in
1368 2881 1455 2935 ed.
1490 2880 1630 2937 Pott.
1667 2883 1889 2949 Veneta,

303 2957 432 3011 circ.
468 2958 620 3029 lim].

371 3047 421 3101 9.
474 3049 646 3116 Ὀροι
692 3049 983 3119 διάφοροι.
1027 3051 1113 3107 Jo.
1160 3052 1372 3110 Veccus
1418 3056 1486 3112 de
1537 3062 1890 3128 processione

301 3135 549 3207 Spiritus
600 3140 683 3205 S.,
726 3146 868 3211 apud
917 3146 1174 3201 Allatium
1217 3148 1270 3201 in
1313 3146 1521 3203 Grazcia
1565 3152 1884 3215 orthodoxa,

2081 2053 2156 2107 De
2187 2053 2442 2109 Ecclesiae
2488 2055 2695 2108 unitate
2739 2066 2787 2110 et
2838 2056 3195 2123 excellentia,
3250 2057 3455 2113 Strom.
3486 2076 3603 2126 vn,

2006 2155 2129 2209 pag.
2161 2141 2297 2195 765:
2332 2143 2519 2196 Ἀλλὰ
2546 2145 2642 2197 καὶ
2671 2146 2708 2211 ἡ
2738 2144 2923 2214 ἐξοχὴ
2942 2146 3049 2214 τῆς
3069 2149 3435 2217 Ἐκκλησίας
3459 2157 3601 2206 καθ-

2004 2230 2154 2299 άπερ
2198 2234 2234 2299 ἡ
2281 2232 2437 2301 ἁρχὴ
2486 2232 2594 2301 τῆς
2637 2236 2995 2302 συστάσεως
3036 2242 3187 2292 κατὰ
3217 2238 3333 2308 τὴν
3363 2242 3602 2310 μονάδα

2001 2323 2195 2387 ἐστὶν,
2228 2323 2424 2376 πάντα
2458 2325 2529 2377 τὰ
2576 2325 2737 2379 ἄλλα
2778 2329 3248 2395 ὑπερϐάλλουσα
3281 2334 3379 2386 καὶ
3406 2334 3602 2403 μηδὲν

1999 2414 2232 2484 ἔχουσα
2289 2416 2496 2484 ὅμοιον
2542 2417 2580 2486 ἢ
2630 2417 2770 2470 ἴσον
2822 2419 3025 2488 ἑαυτῇ.
3094 2422 3265 2475 Ταυτὶ
3316 2422 3435 2492 μὲν
3484 2421 3600 2481 οὖν

2000 2504 2283 2573 ὕστερον.

2069 2595 2145 2649 De
2175 2596 2356 2666 o/ﬁciis
2396 2597 2759 2665 episcoporum
2788 2640 2802 2664 ,
2841 2599 3265 2669 presbyterorum
3287 2641 3302 2666 ,
3335 2600 3593 2656 diacono-

1999 2700 2115 2736 rum
2149 2694 2197 2738 et
2246 2686 2531 2738 viduarum
2569 2687 2789 2740 videtur
2827 2690 3149 2757 promittere
3189 2706 3249 2745 se
3288 2692 3401 2745 alio
3428 2708 3593 2763 opere

1998 2785 2247 2829 acturum
2282 2791 2361 2842 ιιι,
2392 2777 2492 2829 ult.
2529 2776 2841 2848 Pwdogogi,
2871 2795 2993 2848 pag.
3030 2779 3157 2834 265.

2069 2866 2144 2920 De
2188 2869 2369 2920 anima
2411 2868 2674 2935 ὁπηνίκα
2716 2868 2793 2921 ἂν·
2835 2870 2973 2937 περὶ
3021 2868 3229 2939 ψυχῆς
3261 2869 3587 2941 Scala/16d-

1993 2976 2222 3027 νωμεν,
2275 2958 2480 3013 Strom.
2530 2974 2633 3027 ιιι,
2672 2976 2797 3032 pag.
2850 2961 2979 3016 452.
3031 2962 3183 3016 Adde
3216 2978 3292 3029 IV,
3348 2978 3403 3032 p.
3457 2964 3581 3019 59!.

1995 3051 2236 3123 [Fragm.
2270 3051 2479 3108 Potter.
2515 3045 2640 3125 pag.
2675 3054 2866 3126 1020.]

2063 3143 2141 3196 De
2174 3147 2573 3212 resurrectione,
2608 3146 2896 3219 Pwdagog.
2934 3166 2992 3214 ιι,
3024 3150 3113 3215 20,
3145 3166 3270 3222 pag.
3297 3151 3435 3207 199:
3485 3153 3583 3219 Ὧς

299 3241 429 3286 tam.
455 3232 493 3298 1,
529 3249 651 3303 pag.
681 3234 788 3287 248
814 3253 826 3287 :
874 3237 1058 3290 Ἀλλά
1086 3238 1181 3291 καὶ
1211 3242 1243 3292 ὁ
1278 3238 1527 3308 Κλήμης
1558 3243 1591 3294 ὁ
1612 3244 1885 3310 Στρωμα-
1913 3272 1956 3331 C
1991 3236 2063 3289 ἐν
2095 3234 2177 3302 τῷ
2200 3239 2345 3331 ίΙερὶ
2375 3240 2770 3331 ἀναστάσεως
2794 3241 2891 3295 διὰ
2913 3245 3211 3297 πλειόνων
3241 3244 3585 3331 δηλωθήσε-

296 3321 432 3387 τεὺς
445 3324 523 3375 ἐν
544 3319 634 3388 οἷς
660 3324 946 3379 συνέθετο
967 3326 1268 3395 διαφόροις
1293 3328 1452 3399 ὅροις
1476 3330 1630 3384 ὥστε
1656 3332 1883 3399 παντὸς

293 3417 592 3484 εὐσεϐοῦς
623 3418 915 3487 δόγματος
950 3422 1337 3491 προηγεῖσθαι
1370 3424 1591 3491 αὐτοὺς
1622 3425 1702 3491 τῷ
1734 3428 1884 3489 ¹βου-

292 3507 532 3575 λομένῳ
573 3511 897 3579 Θεολογίαν
926 3512 1211 3580 μετιέναι,
1249 3513 1583 3585 ὁριζόμενος
1614 3518 1671 3569 τί
1697 3517 1878 3571 πνεῦ-

287 3615 388 3666 μα,
418 3600 523 3651 καὶ
553 3599 793 3668 ὁσαχῶς
825 3602 1062 3672 λέγεται
1106 3606 1363 3674 πνεῦμα,
1406 3608 1589 3675 φησί·
1638 3609 1883 3679 Πνεῦμα

285 3689 399 3758 μέν
442 3692 584 3745 ἐστι
646 3693 839 3762 λεπτὴ
888 3696 986 3749 καὶ
1037 3697 1225 3763 ἇῡλος
1279 3700 1374 3752 καὶ
1430 3700 1882 3769 ἀσχημάτιστος

288 3780 687 3852 ἐκπορευτικὴ
714 3783 994 3854 ὕπαρξις.
1032 3788 1112 3859 [ῐιι
1145 3790 1377 3860 append.
1414 3790 1632 3846 Fabric.
1668 3793 1721 3847 in
1745 3794 1878 3848 edit.

292 3865 555 3941 Veneta.1

358 3960 446 4015 10.
477 3963 650 4018 Plura
675 3963 881 4033 scripta
902 3981 1003 4020 sua
1027 3966 1143 4022 sive
1168 3980 1441 4025 memorat
1474 3971 1589 4026 sive
1610 3974 1882 4042 promittit

286 4049 546 4104 Clemens
602 4052 720 4120 ipse
762 4053 901 4121 (54),
949 4066 1011 4109 ut
1064 4056 1145 4111 De
1190 4060 1502 4130 principiis,
1535 4062 1739 4119 Strom.
1791 4080 1876 4128 ιιι,

285 4154 337 4208 p.
368 4141 463 4195 451
490 4162 505 4196 :
560 4143 739 4197 Ἀλλὰ
775 4144 927 4213 πρὸς
945 4145 1064 4214 μὲν
1088 4151 1342 4217 τούτους
1379 4153 1877 4225 (Μαρκιωνιστάς)

284 4233 443 4287 ὁπότ’
473 4234 559 4288 ἂν
587 4234 697 4287 τὸν
722 4237 865 4303 Περὶ
909 4238 1115 4307 ἀρχῶν
1140 4241 1636 4315 διαλαμϐάνωμεν
1669 4250 1875 4318 λόγον,

282 4324 682 4392 ἀκριϐέστατα
706 4327 1130 4400 διωεξὼμεθα.
1162 4332 1348 4398 Libro,
1380 4336 1514 4399 Quis
1536 4340 1678 4393 dives
1708 4341 1879 4394 salve-

284 4418 408 4470 tur?
443 4417 471 4488 §
507 4417 605 4481 26,
641 4418 785 4487 ὅπερ
809 4421 975 4491 ἑντῇ
1002 4423 1204 4494 ἀρχῶν
1235 4427 1333 4479 καὶ
1376 4433 1692 4500 θεολογίας
1733 4434 1874 4501 ἐξη-

281 4508 451 4577 γήσει
484 4510 830 4580 μυστήριον
877 4516 981 4569 τοῦ
1021 4516 1296 4585 Σωτῆρος
1338 4520 1594 4590 ὑπάρχει
1635 4526 1868 4592 μαθεῖν.

1989 3341 2101 3389 ται,
2133 3336 2187 3380 et
2220 3327 2313 3381 lib.
2347 3344 2383 3394 1,
2411 3346 2459 3384 c.
2496 3329 2549 3395 6,
2588 3347 2640 3400 p.
2681 3331 2811 3385 104:
2864 3333 3051 3385 Ἀλλὰ
3086 3333 3197 3402 γὰρ
3230 3330 3404 3401 αὖθις
3438 3337 3582 3406 ἡμῖν

1983 3418 2368 3486 σαφέστερον
2400 3420 2577 3474 τοῦτο
2608 3423 2679 3474 ἐν
2700 3423 2777 3486 τῷ
2804 3424 2943 3490 Περὶ
2971 3424 3366 3491 ἀναστάσεως
3391 3426 3584 3494 δηλω-

1987 3510 2259 3575 θήσεται.

2054 3599 2131 3653 De
2159 3602 2383 3669 nuptiis,
2412 3602 2482 3654 ἐν
2514 3602 2593 3667 τῷ
2628 3603 2858 3673 γαμικῷ
2905 3604 3170 3674 διέξιμεν
3202 3606 3392 3675 λόγῳ.
3446 3607 3571 3661 Pa:-

1981 3693 2173 3763 dagog.
2210 3694 2367 3759 ιιι,8,
2402 3711 2455 3764 p.
2480 3694 2605 3749 237.
2635 3694 2751 3750 Nisi
2793 3696 2932 3751 forte
2964 3697 3209 3766 respicit,
3238 3714 3361 3766 quae
3386 3714 3447 3764 ιι,
3479 3699 3570 3761 10,

1983 3783 2273 3854 Pa-dagogi
2321 3788 2389 3841 de
2416 3788 2509 3841 illo
2541 3797 2883 3857 argumento,
2919 3800 3014 3843 aut
3051 3792 3213 3844 tertio
3243 3789 3575 3846 Stromatum

1981 3877 2257 3931 disseruit.
2302 3876 2635 3949 [Fragment.
2665 3879 2871 3934 Potter.
2902 3897 3026 3951 pag.
3064 3882 3251 3954 1022.]

2053 3968 2129 4022 De
2168 3971 2531 4037 continentia,
2576 3972 2676 4025 καὶ
2720 3972 2898 4026 τοῦτο
2936 3974 3006 4027 ἐν
3054 3974 3134 4039 τῷ
3168 3975 3303 4044 περὶ
3357 3976 3571 4048 ἐγκρα-

1978 4060 2138 4125 τείας
2180 4060 2324 4129 ημῖν
2370 4061 2725 4127 δεδήλωται,
2765 4063 3078 4135 Pwdagogi,
3114 4081 3185 4131 ιι,
3220 4066 3314 4133 10,
3355 4084 3410 4137 p.
3446 4070 3567 4124 195.

1978 4152 2035 4205 In
2067 4153 2259 4207 eodem
2294 4153 2435 4208 forte
2464 4157 2625 4225 λόγῳ
2655 4158 3033 4225 disputaverat
3063 4158 3130 4212 de
3162 4173 3251 4222 eo,
3282 4160 3413 4229 quid
3444 4176 3572 4215 vere

1978 4244 2051 4297 sit
2074 4256 2231 4315 turpe
2254 4256 2310 4301 et
2335 4248 2657 4314 obscenum,
2695 4248 2839 4317 quod
2870 4264 2933 4313 ιι,
2957 4249 3011 4315 6,
3040 4249 3347 4321 Pwdagogi,
3368 4268 3421 4321 p.
3444 4252 3567 4319 169,
3598 4311 3611 4326 ,

1981 4346 2213 4392 testatur
2266 4356 2325 4394 se
2377 4340 2628 4394 fecisse:
2690 4339 3088 4409 Διειλήεραμεν
3143 4342 3211 4394 δὲ
3254 4344 3571 4413 ,ϐαθυτέρῳ

1973 4432 2133 4499 λόγῳ
2153 4432 2234 4497 ὡς
2266 4432 2380 4499 ἄρα
2411 4433 2547 4485 οὔτε
2572 4432 2643 4485 ἐν
2670 4433 2982 4500 ὀνόμασιν,
3015 4434 3160 4487 οὐδὲ
3188 4436 3319 4504 μὴν
3338 4438 3410 4491 ἐν
3441 4439 3569 4505 τοῖς

1972 4524 2508 4589 συνουσιαστικάς
2531 4525 2764 4593 μορίοις
2791 4524 2891 4577 καὶ
2918 4524 2993 4595 τῇ
3021 4528 3173 4581 κατὰ
3198 4528 3390 4599 γάμον
3414 4545 3569 4602 συμ-

282 4598 483 4655 lterum
548 4606 803 4659 meminit
864 4608 1031 4681 hujus
1086 4613 1455 4678 tractationis,
1515 4630 1577 4667 ιιι
1634 4614 1860 4682 Strom.,
1895 4619 2042 4684 Dm?

1798 4635 1860 4682 1.,
1895 4631 1939 4684 ι)
1968 4614 2169 4681 πλοκῇ
2202 4617 2241 4682 ἠ
2287 4616 2393 4669 τοῦ
2425 4616 2612 4683 ὅντως
2644 4619 2903 4689 αἰσχροῦ
2940 4598 3311 4691 προσηγορία
3356 4598 3558 4678 τάττε-

281 4706 399 4761 pag.
424 4691 533 4745 434
556 4710 569 4745 :
617 4693 895 4749 Ἐπειδὰν
921 4698 989 4751 δὲ
1021 4701 1156 4769 περὶ
1190 4703 1306 4757 τῶν
1327 4703 1529 4773 ἀρχῶν
1552 4705 1875 4776 διαλαμϐά-
1971 4722 2041 4757 τα

1803 4708 1875 4761 ’ά-
1971 4722 2085 4758 ται.
2125 4704 2355 4761 Videtur
2385 4710 2573 4763 itidem
2616 4710 2821 4765 librum
2858 4714 3078 4767 tertium
3118 4712 3447 4766 Stromatum
3478 4714 3563 4768 in-

279 4800 489 4853 νωμεν,
507 4793 615 4837 etc.
642 4782 744 4840 Hie
772 4798 857 4842 est
884 4790 1131 4861 ἀρχικὸς
1154 4796 1357 4865 λόγος,
1386 4797 1452 4852 de
1481 4814 1589 4853 uno
1622 4798 1754 4866 Deo,
1779 4802 1873 4869 qui
1970 4813 2039 4851 nu

1801 4802 1873 4869 [ui
1970 4813 2162 4866 tmere,
2194 4800 2248 4853 in
2273 4816 2384 4870 quo
2420 4818 2544 4873 pag.
2578 4803 2706 4869 454,
2731 4804 2971 4859 diserte:
3004 4805 3064 4856 Ὀ
3089 4804 3157 4856 δὲ
3193 4806 3327 4873 περὶ
3352 4808 3561 4877 sympa-

283 4894 372 4951 per
418 4881 591 4950 legem
638 4887 692 4931 et
730 4884 1027 4950 prophetas
1073 4897 1241 4956 atque
1272 4888 1625 4962 Evangelium
1671 4896 1869 4966 ρεπεᾱί-

280 4980 464 5034 catur,
514 4983 678 5038 quem
715 4971 1008 5039 promittit,
1047 4974 1248 5034 Strom.
1282 4996 1358 5047 tv,
1405 4997 1530 5053 pag.
1571 4984 1701 5051 510,
1746 4986 1872 5042 licet

275 5062 387 5130 jam
432 5062 500 5116 de
533 5060 639 5116 hoc
663 5073 988 5131 argumenta
1034 5070 1287 5139 quaedam
1334 5072 1567 5131 dixisset
1610 5092 1694 5144 ιιι,
1736 5094 1857 5149 pag.

276 5153 405 5221 457,
433 5169 556 5225 seq.

1972 4890 2135 4957 τείας
2168 4892 2315 4961 ’ἡμῖν
2348 4895 2713 4960 προϐαινέτω
2744 4896 2947 4965 λόγος.

2043 4985 2307 5038 Adversus
2353 4986 2593 5048 Itwreses,
2646 4986 2851 5042 Strom.
2899 5004 2978 5057 tv,
3018 5006 3145 5061 pag.
3197 4990 3324 5055 510,
3353 4992 3445 5046 ubi
3502 5009 3567 5048 se

1970 5093 2137 5130 unum
2184 5077 2355 5131 Deum
2396 5078 2662 5133 adversus
2709 5079 2833 5135 illas
2874 5082 3379 5138 demonstraturum
3428 5099 3560 5153 pro-

1967 5168 2155 5223 mittit.
2181 5167 2387 5223 Contra
2420 5169 2872 5240 philosopborum
2911 5177 3214 5230 sententias
3244 5176 3311 5230 de
3342 5191 3564 5229 summo

344 5248 425 5301 De
449 5250 749 5319 prophetia.
796 5247 1000 5303 Strom.
1035 5268 1089 5317 ν,
1123 5270 1251 5325 pag.
1282 5258 1420 5315 551:
1452 5262 1559 5315 Καὶ
1586 5261 1688 5314 ὅτι
1715 5262 1859 5316 ποτέ
1966 5262 2142 5327 bono,
2191 5278 2231 5317 ιιι
2280 5262 2518 5329 Strom.,
2568 5280 2693 5334 pag.
2738 5267 2864 5320 419.
2910 5268 3113 5322 Contra
3176 5268 3559 5322 hereticorum

275 5336 406 5392 ἐστι
448 5342 517 5393 τὸ
557 5342 727 5412 ἅγιον
753 5342 1012 5411 Πνεῦμα,
1040 5343 1109 5396 ἐν
1137 5348 1260 5414 τοῖς
1307 5354 1448 5420 Περὶ
1496 5355 1858 5423 προφητείας
1966 5371 2035 5421 γν

1800 5374 1858 5421 κς
1966 5354 2195 5421 γνῶσιν
2224 5354 2545 5425 profanam,
2576 5373 2651 5410 vn
2694 5356 2920 5421 Strom.,
2945 5375 3070 5429 pag.
3108 5356 3231 5410 722.
3268 5356 3376 5412 Sed
3422 5359 3560 5411 forte

274 5429 389 5483 κάν
415 5431 544 5497 τοῖς
577 5434 717 5501 Περὶ
752 5432 959 5503 ψυχῆς
985 5433 1471 5504 ἐπιδειχθήσεται
1508 5444 1667 5514 ἡμῖν.
1702 5444 1855 5499 Adde

276 5534 347 5576 tv.
382 5535 511 5589 pag.
543 5523 668 5579 511.

343 5612 422 5665 De
450 5614 698 5669 membris
731 5628 779 5672 et
802 5620 1099 5688 a/fectibus,
1130 5624 1340 5690 quando
1362 5628 1427 5679 de
1457 5628 1565 5683 Deo
1587 5630 1865 5690 dicuntur.

340 5813 457 5886 (ει)
498 5815 699 5872 Confer
735 5819 1059 5885 Nourrium.
1100 5843 1219 5895 pag.
1267 5826 1399 5879 1337

1969 5460 2079 5499 non
2107 5449 2411 5515 peculiares
2453 5449 2508 5501 hi
2544 5450 2671 5503 libri
2714 5449 2958 5515 fuerunt,
2986 5465 3172 5504 verum
3206 5457 3267 5503 ut
3298 5450 3350 5503 in
3400 5448 3556 5504 Stro-

1970 5539 2128 5591 matis
2162 5541 2365 5608 passim
2402 5541 2563 5604 facit,
2607 5542 2679 5596 ita
2720 5552 2774 5596 et
2809 5544 2862 5596 in
2903 5542 3333 5611 Hypotyposibus
3384 5543 3559 5597 haere-

1981 5630 2117 5686 ticos
2150 5633 2274 5688 illos
2302 5644 2356 5689 et
2385 5634 2748 5705 philosophos
2782 5650 3097 5705 Oppugnare
3124 5636 3322 5705 potuit.

1431 5846 1523 5900 δίδη
1585 5832 1655 5899 ΙΝ
1694 5836 1923 5893 indicem
1962 5836 2289 5906 scriptorum
2328 5856 2356 5893 a
2382 5840 2554 5893 Clem.
2582 5840 2733 5895 Alex.
2769 5838 3102 5908 citatorumi.
