  <div class='ocr_page' id='page_1' title='image "/cluster/home/n/w/nwhite01/storage/ocr_20150623/8/nnc1.0065752333/019.png"; bbox 0 0 4456 6564; ppageno 0'>
   <div class='ocr_carea' id='block_1_1' title="bbox 811 477 4089 559">
    <p class='ocr_par' dir='ltr' id='par_1_1' title="bbox 811 477 4089 559">
     <span class='ocr_line' id='line_1_1' title="bbox 811 477 4089 559; baseline -0.005 0"><span class='ocrx_word' id='word_1_1' title='bbox 811 501 883 559; x_wconf 78' lang='lat'><strong>27</strong></span> <span class='ocrx_word' id='word_1_2' title='bbox 1950 495 2276 554; x_wconf 76' lang='lat' dir='ltr'><strong><em>CLEMENS</em></strong></span> <span class='ocrx_word' id='word_1_3' title='bbox 2327 492 2825 552; x_wconf 71' lang='lat' dir='ltr'><strong><em>ALEXANDMNU</em></strong></span> <span class='ocrx_word' id='word_1_4' title='bbox 2833 493 2893 550; x_wconf 87' lang='lat' dir='ltr'><strong><em>S.</em></strong></span> <span class='ocrx_word' id='word_1_5' title='bbox 4018 477 4089 532; x_wconf 63' lang='grc'><strong><em>28</em></strong></span> 
     </span>
    </p>
   </div>
   <div class='ocr_carea' id='block_1_2' title="bbox 1845 642 4063 676">
    <p class='ocr_par' dir='ltr' id='par_1_2' title="bbox 1845 642 4063 676">
     <span class='ocr_line' id='line_1_2' title="bbox 1845 642 4063 676; baseline -0.007 -1"><span class='ocrx_word' id='word_1_6' title='bbox 1845 642 4063 676; x_wconf 80' lang='lat'><strong><em>________.__________..__.___.———-—</em></strong></span> 
     </span>
    </p>
   </div>
   <div class='ocr_carea' id='block_1_3' title="bbox 2041 818 2878 944">
    <p class='ocr_par' dir='ltr' id='par_1_3' title="bbox 2041 818 2878 944">
     <span class='ocr_line' id='line_1_3' title="bbox 2041 818 2878 944; baseline -0.025 1"><span class='ocrx_word' id='word_1_7' title='bbox 2041 820 2662 944; x_wconf 82' lang='lat' dir='ltr'><strong><em>LECTORI</em></strong></span> <span class='ocrx_word' id='word_1_8' title='bbox 2738 818 2878 932; x_wconf 74' lang='lat' dir='ltr'><strong><em>S.</em></strong></span> 
     </span>
    </p>
   </div>
   <div class='ocr_carea' id='block_1_4' title="bbox 2214 1037 2702 1107">
    <p class='ocr_par' dir='ltr' id='par_1_4' title="bbox 2214 1037 2702 1107">
     <span class='ocr_line' id='line_1_4' title="bbox 2214 1037 2702 1107; baseline -0.004 -11"><span class='ocrx_word' id='word_1_9' title='bbox 2214 1037 2325 1105; x_wconf 84' lang='lat' dir='ltr'><strong><em>(Ed.</em></strong></span> <span class='ocrx_word' id='word_1_10' title='bbox 2347 1042 2512 1095; x_wconf 84' lang='lat' dir='ltr'><strong><em>Oxon.</em></strong></span> <span class='ocrx_word' id='word_1_11' title='bbox 2538 1038 2702 1107; x_wconf 75' lang='grc'><strong><em>1715.)</em></strong></span> 
     </span>
    </p>
   </div>
   <div class='ocr_carea' id='block_1_5' title="bbox 885 1336 4092 1420">
    <p class='ocr_par' dir='ltr' id='par_1_5' title="bbox 885 1336 4092 1420">
     <span class='ocr_line' id='line_1_5' title="bbox 885 1336 4092 1420; baseline -0.005 -14"><span class='ocrx_word' id='word_1_12' title='bbox 885 1350 1024 1407; x_wconf 81' lang='lat' dir='ltr'><strong><em>Cum</em></strong></span> <span class='ocrx_word' id='word_1_13' title='bbox 1052 1351 1183 1405; x_wconf 87' lang='lat' dir='ltr'><strong><em>mihi</em></strong></span> <span class='ocrx_word' id='word_1_14' title='bbox 1211 1364 1415 1420; x_wconf 91' lang='lat' dir='ltr'><strong><em>semper</em></strong></span> <span class='ocrx_word' id='word_1_15' title='bbox 1443 1351 1501 1403; x_wconf 92' lang='lat' dir='ltr'><strong><em>in</em></strong></span> <span class='ocrx_word' id='word_1_16' title='bbox 1539 1347 1674 1403; x_wconf 92' lang='lat' dir='ltr'><strong><em>votis</em></strong></span> <span class='ocrx_word' id='word_1_17' title='bbox 1725 1348 1911 1418; x_wconf 89' lang='lat' dir='ltr'><strong><em>fuerit,</em></strong></span> <span class='ocrx_word' id='word_1_18' title='bbox 1951 1348 2125 1419; x_wconf 88' lang='lat' dir='ltr'><strong><em>primo</em></strong></span> <span class='ocrx_word' id='word_1_19' title='bbox 2154 1356 2211 1401; x_wconf 90' lang='lat' dir='ltr'><strong><em>ut</em></strong></span> <span class='ocrx_word' id='word_1_20' title='bbox 2256 1346 2583 1402; x_wconf 74' lang='lat' dir='ltr'><strong><em>Christianae</em></strong></span> <span class='ocrx_word' id='word_1_21' title='bbox 2631 1344 2910 1408; x_wconf 69' lang='lat' dir='ltr'><strong><em>Ecclesiae,</em></strong></span> <span class='ocrx_word' id='word_1_22' title='bbox 2959 1340 3149 1395; x_wconf 85' lang='lat' dir='ltr'><strong><em>deinde</em></strong></span> <span class='ocrx_word' id='word_1_23' title='bbox 3198 1336 3632 1411; x_wconf 21' lang='lat' dir='ltr'><strong><em>ut‘Reipublicte</em></strong></span> <span class='ocrx_word' id='word_1_24' title='bbox 3668 1338 3950 1393; x_wconf 66' lang='lat' dir='ltr'><strong><em>litteraric</em></strong></span> <span class='ocrx_word' id='word_1_25' title='bbox 3992 1356 4092 1411; x_wconf 76' lang='lat' dir='ltr'><strong><em>pro</em></strong></span> 
     </span>
    </p>
   </div>
   <div class='ocr_carea' id='block_1_6' title="bbox 809 1431 4092 1512">
    <p class='ocr_par' dir='ltr' id='par_1_6' title="bbox 809 1431 4092 1512">
     <span class='ocr_line' id='line_1_6' title="bbox 809 1431 4092 1512; baseline -0.003 -16"><span class='ocrx_word' id='word_1_26' title='bbox 809 1443 1010 1496; x_wconf 81' lang='lat' dir='ltr'><strong><em>viribus</em></strong></span> <span class='ocrx_word' id='word_1_27' title='bbox 1038 1443 1380 1507; x_wconf 86' lang='lat' dir='ltr'><strong><em>inservirem;</em></strong></span> <span class='ocrx_word' id='word_1_28' title='bbox 1403 1457 1508 1496; x_wconf 90' lang='lat' dir='ltr'><strong><em>non</em></strong></span> <span class='ocrx_word' id='word_1_29' title='bbox 1532 1457 1684 1512; x_wconf 91' lang='lat' dir='ltr'><strong><em>posse</em></strong></span> <span class='ocrx_word' id='word_1_30' title='bbox 1710 1440 1928 1494; x_wconf 89' lang='lat' dir='ltr'><strong><em>videbar</em></strong></span> <span class='ocrx_word' id='word_1_31' title='bbox 1958 1441 2114 1493; x_wconf 90' lang='lat' dir='ltr'><strong><em>horas</em></strong></span> <span class='ocrx_word' id='word_1_32' title='bbox 2142 1438 2289 1504; x_wconf 89' lang='lat' dir='ltr'><strong><em>illas,</em></strong></span> <span class='ocrx_word' id='word_1_33' title='bbox 2325 1454 2443 1509; x_wconf 83' lang='lat' dir='ltr'><strong><em>qua:</em></strong></span> <span class='ocrx_word' id='word_1_34' title='bbox 2469 1455 2592 1492; x_wconf 87' lang='lat' dir='ltr'><strong><em>cum</em></strong></span> <span class='ocrx_word' id='word_1_35' title='bbox 2622 1454 2658 1495; x_wconf 71' lang='grc' dir='ltr'><em>ο</em></span> <span class='ocrx_word' id='word_1_36' title='bbox 2690 1437 2838 1507; x_wconf 84' lang='lat' dir='ltr'><strong><em>Regii</em></strong></span> <span class='ocrx_word' id='word_1_37' title='bbox 2876 1434 2937 1491; x_wconf 89' lang='lat' dir='ltr'><strong><em>S.</em></strong></span> <span class='ocrx_word' id='word_1_38' title='bbox 2978 1431 3251 1503; x_wconf 73' lang='lat' dir='ltr'><strong><em>theologite</em></strong></span> <span class='ocrx_word' id='word_1_39' title='bbox 3287 1433 3607 1502; x_wconf 87' lang='lat' dir='ltr'><strong><em>professoris</em></strong></span> <span class='ocrx_word' id='word_1_40' title='bbox 3636 1448 3868 1497; x_wconf 89' lang='lat' dir='ltr'><strong><em>munere,</em></strong></span> <span class='ocrx_word' id='word_1_41' title='bbox 3912 1441 4025 1487; x_wconf 78' lang='lat' dir='ltr'><strong><em>tum</em></strong></span> <span class='ocrx_word' id='word_1_42' title='bbox 4057 1451 4092 1487; x_wconf 89' lang='lat' dir='ltr'><strong><em>a</em></strong></span> 
     </span>
    </p>
   </div>
   <div class='ocr_carea' id='block_1_7' title="bbox 810 1522 4091 1605">
    <p class='ocr_par' dir='ltr' id='par_1_7' title="bbox 810 1522 4091 1605">
     <span class='ocr_line' id='line_1_7' title="bbox 810 1522 4091 1605; baseline -0.003 -19"><span class='ocrx_word' id='word_1_43' title='bbox 810 1533 1051 1603; x_wconf 92' lang='lat' dir='ltr'><strong><em>reliquis,</em></strong></span> <span class='ocrx_word' id='word_1_44' title='bbox 1077 1551 1195 1605; x_wconf 74' lang='lat' dir='ltr'><strong><em>qua:</em></strong></span> <span class='ocrx_word' id='word_1_45' title='bbox 1227 1534 1361 1589; x_wconf 89' lang='lat' dir='ltr'><strong><em>mihi</em></strong></span> <span class='ocrx_word' id='word_1_46' title='bbox 1396 1535 1731 1600; x_wconf 89' lang='lat' dir='ltr'><strong><em>incumbunt,</em></strong></span> <span class='ocrx_word' id='word_1_47' title='bbox 1758 1534 1901 1587; x_wconf 88' lang='lat' dir='ltr'><strong><em>curis</em></strong></span> <span class='ocrx_word' id='word_1_48' title='bbox 1931 1547 1994 1585; x_wconf 92' lang='lat' dir='ltr'><strong><em>ac</em></strong></span> <span class='ocrx_word' id='word_1_49' title='bbox 2023 1532 2245 1601; x_wconf 89' lang='lat' dir='ltr'><strong><em>negotiis</em></strong></span> <span class='ocrx_word' id='word_1_50' title='bbox 2278 1530 2558 1597; x_wconf 85' lang='lat' dir='ltr'><strong><em>vacabant,</em></strong></span> <span class='ocrx_word' id='word_1_51' title='bbox 2593 1532 2825 1600; x_wconf 85' lang='lat' dir='ltr'><strong><em>cuipiam</em></strong></span> <span class='ocrx_word' id='word_1_52' title='bbox 2866 1529 2965 1582; x_wconf 84' lang='lat' dir='ltr'><strong><em>alii</em></strong></span> <span class='ocrx_word' id='word_1_53' title='bbox 3009 1525 3188 1580; x_wconf 85' lang='lat' dir='ltr'><strong><em>studio</em></strong></span> <span class='ocrx_word' id='word_1_54' title='bbox 3221 1522 3300 1577; x_wconf 89' lang='lat' dir='ltr'><strong><em>vel</em></strong></span> <span class='ocrx_word' id='word_1_55' title='bbox 3321 1525 3619 1593; x_wconf 74' lang='lat' dir='ltr'><strong><em>jucundius</em></strong></span> <span class='ocrx_word' id='word_1_56' title='bbox 3651 1527 3729 1581; x_wconf 87' lang='lat' dir='ltr'><strong><em>vel</em></strong></span> <span class='ocrx_word' id='word_1_57' title='bbox 3768 1525 4091 1580; x_wconf 78' lang='lat' dir='ltr'><strong><em>utiliusim-</em></strong></span> 
     </span>
    </p>
   </div>
   <div class='ocr_carea' id='block_1_8' title="bbox 806 1614 4094 1699">
    <p class='ocr_par' dir='ltr' id='par_1_8' title="bbox 806 1614 4094 1699">
     <span class='ocr_line' id='line_1_8' title="bbox 806 1614 4094 1699; baseline -0.005 -17"><span class='ocrx_word' id='word_1_58' title='bbox 806 1627 1052 1696; x_wconf 87' lang='lat' dir='ltr'><strong><em>pendere,</em></strong></span> <span class='ocrx_word' id='word_1_59' title='bbox 1074 1644 1235 1699; x_wconf 88' lang='lat' dir='ltr'><strong><em>quam</em></strong></span> <span class='ocrx_word' id='word_1_60' title='bbox 1262 1627 1630 1693; x_wconf 72' lang='lat' dir='ltr'><strong><em>emendandis,</em></strong></span> <span class='ocrx_word' id='word_1_61' title='bbox 1664 1625 2018 1696; x_wconf 74' lang='lat' dir='ltr'><strong><em>explicandis,</em></strong></span> <span class='ocrx_word' id='word_1_62' title='bbox 2055 1623 2357 1695; x_wconf 86' lang='lat' dir='ltr'><strong><em>publicique</em></strong></span> <span class='ocrx_word' id='word_1_63' title='bbox 2378 1623 2522 1693; x_wconf 80' lang='lat' dir='ltr'><strong><em>juris</em></strong></span> <span class='ocrx_word' id='word_1_64' title='bbox 2557 1623 2819 1693; x_wconf 80' lang='lat' dir='ltr'><strong><em>faciendis</em></strong></span> <span class='ocrx_word' id='word_1_65' title='bbox 2851 1617 3135 1676; x_wconf 79' lang='lat' dir='ltr'><strong><em>Clementis</em></strong></span> <span class='ocrx_word' id='word_1_66' title='bbox 3170 1614 3545 1681; x_wconf 77' lang='lat' dir='ltr'><strong><em>Alexandrini,</em></strong></span> <span class='ocrx_word' id='word_1_67' title='bbox 3582 1618 3966 1687; x_wconf 13' lang='lat' dir='ltr'><strong><em>antiquissimi?</em></strong></span> <span class='ocrx_word' id='word_1_68' title='bbox 3993 1619 4094 1668; x_wconf 82' lang='lat' dir='ltr'><strong><em>do-</em></strong></span> 
     </span>
    </p>
   </div>
   <div class='ocr_carea' id='block_1_9' title="bbox 806 1717 2155 1791">
    <p class='ocr_par' dir='ltr' id='par_1_9' title="bbox 806 1717 2155 1791">
     <span class='ocr_line' id='line_1_9' title="bbox 806 1717 2155 1791; baseline 0 -18"><span class='ocrx_word' id='word_1_69' title='bbox 806 1719 1363 1790; x_wconf 67' lang='lat' dir='ltr'><strong><em>ctissimiquefPatris,</em></strong></span> <span class='ocrx_word' id='word_1_70' title='bbox 1398 1717 1667 1789; x_wconf 78' lang='lat' dir='ltr'><strong><em>operibus,</em></strong></span> <span class='ocrx_word' id='word_1_71' title='bbox 1700 1735 1820 1791; x_wconf 68' lang='lat' dir='ltr'><strong><em>quin</em></strong></span> <span class='ocrx_word' id='word_1_72' title='bbox 1849 1726 2155 1788; x_wconf 80' lang='lat' dir='ltr'><strong><em>supersunt.</em></strong></span> 
     </span>
    </p>
   </div>
   <div class='ocr_carea' id='block_1_10' title="bbox 875 1804 4092 1884">
    <p class='ocr_par' dir='ltr' id='par_1_10' title="bbox 875 1804 4092 1884">
     <span class='ocr_line' id='line_1_10' title="bbox 875 1804 4092 1884; baseline -0.003 -17"><span class='ocrx_word' id='word_1_73' title='bbox 875 1811 1067 1867; x_wconf 88' lang='lat' dir='ltr'><strong><em>Prima</em></strong></span> <span class='ocrx_word' id='word_1_74' title='bbox 1100 1812 1267 1883; x_wconf 92' lang='lat' dir='ltr'><strong><em>igitur</em></strong></span> <span class='ocrx_word' id='word_1_75' title='bbox 1309 1830 1442 1868; x_wconf 88' lang='lat' dir='ltr'><strong><em>cura</em></strong></span> <span class='ocrx_word' id='word_1_76' title='bbox 1494 1814 1601 1884; x_wconf 87' lang='lat' dir='ltr'><strong><em>fuit</em></strong></span> <span class='ocrx_word' id='word_1_77' title='bbox 1638 1822 1696 1867; x_wconf 91' lang='lat' dir='ltr'><strong><em>ut</em></strong></span> <span class='ocrx_word' id='word_1_78' title='bbox 1730 1821 2003 1866; x_wconf 85' lang='lat' dir='ltr'><strong><em>auctorem</em></strong></span> <span class='ocrx_word' id='word_1_79' title='bbox 2039 1812 2235 1882; x_wconf 85' lang='lat' dir='ltr'><strong><em>ipsum,</em></strong></span> <span class='ocrx_word' id='word_1_80' title='bbox 2269 1828 2430 1883; x_wconf 89' lang='lat' dir='ltr'><strong><em>quam</em></strong></span> <span class='ocrx_word' id='word_1_81' title='bbox 2471 1811 2592 1881; x_wconf 84' lang='lat' dir='ltr'><strong><em>ﬁeri</em></strong></span> <span class='ocrx_word' id='word_1_82' title='bbox 2628 1811 2822 1881; x_wconf 87' lang='lat' dir='ltr'><strong><em>potuit,</em></strong></span> <span class='ocrx_word' id='word_1_83' title='bbox 2851 1809 3112 1876; x_wconf 88' lang='lat' dir='ltr'><strong><em>integrum</em></strong></span> <span class='ocrx_word' id='word_1_84' title='bbox 3146 1811 3198 1858; x_wconf 91' lang='lat' dir='ltr'><strong><em>et</em></strong></span> <span class='ocrx_word' id='word_1_85' title='bbox 3226 1804 3584 1858; x_wconf 87' lang='lat' dir='ltr'><strong><em>emaculatum</em></strong></span> <span class='ocrx_word' id='word_1_86' title='bbox 3621 1804 3937 1860; x_wconf 72' lang='lat' dir='ltr'><strong><em>exhiberem.</em></strong></span> <span class='ocrx_word' id='word_1_87' title='bbox 3974 1804 4092 1870; x_wconf 82' lang='lat' dir='ltr'><strong><em>Qua</em></strong></span> 
     </span>
    </p>
   </div>
   <div class='ocr_carea' id='block_1_11' title="bbox 807 1897 4090 1979">
    <p class='ocr_par' dir='ltr' id='par_1_11' title="bbox 807 1897 4090 1979">
     <span class='ocr_line' id='line_1_11' title="bbox 807 1897 4090 1979; baseline -0.003 -18"><span class='ocrx_word' id='word_1_88' title='bbox 807 1911 912 1978; x_wconf 80' lang='lat' dir='ltr'><strong><em>ﬁne</em></strong></span> <span class='ocrx_word' id='word_1_89' title='bbox 935 1923 1041 1961; x_wconf 90' lang='lat' dir='ltr'><strong><em>non</em></strong></span> <span class='ocrx_word' id='word_1_90' title='bbox 1071 1906 1246 1963; x_wconf 91' lang='lat' dir='ltr'><strong><em>solum</em></strong></span> <span class='ocrx_word' id='word_1_91' title='bbox 1281 1908 1569 1979; x_wconf 86' lang='lat' dir='ltr'><strong><em>impressas</em></strong></span> <span class='ocrx_word' id='word_1_92' title='bbox 1599 1908 1805 1962; x_wconf 87' lang='lat' dir='ltr'><strong><em>codices</em></strong></span> <span class='ocrx_word' id='word_1_93' title='bbox 1838 1907 2105 1960; x_wconf 89' lang='lat' dir='ltr'><strong><em>universos</em></strong></span> <span class='ocrx_word' id='word_1_94' title='bbox 2133 1905 2317 1969; x_wconf 87' lang='lat' dir='ltr'><strong><em>evolvi,</em></strong></span> <span class='ocrx_word' id='word_1_95' title='bbox 2365 1906 2422 1958; x_wconf 92' lang='lat' dir='ltr'><strong><em>in</em></strong></span> <span class='ocrx_word' id='word_1_96' title='bbox 2459 1907 2670 1975; x_wconf 86' lang='lat' dir='ltr'><strong><em>quibus,</em></strong></span> <span class='ocrx_word' id='word_1_97' title='bbox 2719 1905 2766 1957; x_wconf 89' lang='lat' dir='ltr'><strong><em>si</em></strong></span> <span class='ocrx_word' id='word_1_98' title='bbox 2811 1901 3177 1956; x_wconf 87' lang='lat' dir='ltr'><strong><em>Victarianum</em></strong></span> <span class='ocrx_word' id='word_1_99' title='bbox 3204 1908 3254 1954; x_wconf 92' lang='lat' dir='ltr'><strong><em>et</em></strong></span> <span class='ocrx_word' id='word_1_100' title='bbox 3297 1897 3716 1968; x_wconf 76' lang='lat' dir='ltr'><strong><em>Sylburgiannm</em></strong></span> <span class='ocrx_word' id='word_1_101' title='bbox 3743 1900 4090 1969; x_wconf 86' lang='lat' dir='ltr'><strong><em>excipiamus,</em></strong></span> 
     </span>
    </p>
   </div>
   <div class='ocr_carea' id='block_1_12' title="bbox 803 1988 4092 2069">
    <p class='ocr_par' dir='ltr' id='par_1_12' title="bbox 803 1988 4092 2069">
     <span class='ocr_line' id='line_1_12' title="bbox 803 1988 4092 2069; baseline -0.003 -16"><span class='ocrx_word' id='word_1_102' title='bbox 803 1999 941 2060; x_wconf 87' lang='lat' dir='ltr'><strong><em>nihil</em></strong></span> <span class='ocrx_word' id='word_1_103' title='bbox 975 1999 1085 2069; x_wconf 89' lang='lat' dir='ltr'><strong><em>fere</em></strong></span> <span class='ocrx_word' id='word_1_104' title='bbox 1112 2001 1355 2053; x_wconf 86' lang='lat' dir='ltr'><strong><em>accurati</em></strong></span> <span class='ocrx_word' id='word_1_105' title='bbox 1372 2009 1488 2063; x_wconf 88' lang='lat' dir='ltr'><strong><em>est;</em></strong></span> <span class='ocrx_word' id='word_1_106' title='bbox 1522 1999 1615 2052; x_wconf 90' lang='lat' dir='ltr'><strong><em>sed</em></strong></span> <span class='ocrx_word' id='word_1_107' title='bbox 1644 2000 1805 2051; x_wconf 89' lang='lat' dir='ltr'><strong><em>etiam</em></strong></span> <span class='ocrx_word' id='word_1_108' title='bbox 1846 1998 2231 2064; x_wconf 88' lang='lat' dir='ltr'><strong><em>ntanuscripta,</em></strong></span> <span class='ocrx_word' id='word_1_109' title='bbox 2266 2011 2588 2066; x_wconf 67' lang='lat' dir='ltr'><strong><em>quaecunque</em></strong></span> <span class='ocrx_word' id='word_1_110' title='bbox 2630 1994 2856 2063; x_wconf 85' lang='lat' dir='ltr'><strong><em>reperire</em></strong></span> <span class='ocrx_word' id='word_1_111' title='bbox 2890 1994 3062 2063; x_wconf 88' lang='lat' dir='ltr'><strong><em>potui,</em></strong></span> <span class='ocrx_word' id='word_1_112' title='bbox 3106 1990 3435 2061; x_wconf 77' lang='lat' dir='ltr'><strong><em>exemplaria</em></strong></span> <span class='ocrx_word' id='word_1_113' title='bbox 3469 1988 3751 2057; x_wconf 82' lang='lat' dir='ltr'><strong><em>diligenter</em></strong></span> <span class='ocrx_word' id='word_1_114' title='bbox 3785 1992 4000 2062; x_wconf 84' lang='lat' dir='ltr'><strong><em>perlegi,</em></strong></span> <span class='ocrx_word' id='word_1_115' title='bbox 4040 1999 4092 2045; x_wconf 86' lang='lat' dir='ltr'><strong><em>et</em></strong></span> 
     </span>
    </p>
   </div>
   <div class='ocr_carea' id='block_1_13' title="bbox 803 2081 4090 2163">
    <p class='ocr_par' dir='ltr' id='par_1_13' title="bbox 803 2081 4090 2163">
     <span class='ocr_line' id='line_1_13' title="bbox 803 2081 4090 2163; baseline -0.003 -14"><span class='ocrx_word' id='word_1_116' title='bbox 803 2093 1040 2163; x_wconf 87' lang='lat' dir='ltr'><strong><em>perlecta</em></strong></span> <span class='ocrx_word' id='word_1_117' title='bbox 1070 2109 1190 2147; x_wconf 89' lang='lat' dir='ltr'><strong><em>cum</em></strong></span> <span class='ocrx_word' id='word_1_118' title='bbox 1217 2093 1379 2147; x_wconf 85' lang='lat' dir='ltr'><strong><em>editis</em></strong></span> <span class='ocrx_word' id='word_1_119' title='bbox 1408 2090 1633 2145; x_wconf 91' lang='lat' dir='ltr'><strong><em>contuli.</em></strong></span> <span class='ocrx_word' id='word_1_120' title='bbox 1667 2089 1838 2144; x_wconf 85' lang='lat' dir='ltr'><strong><em>Porro</em></strong></span> <span class='ocrx_word' id='word_1_121' title='bbox 1871 2088 2326 2144; x_wconf 81' lang='lat' dir='ltr'><strong><em>Cohortationem</em></strong></span> <span class='ocrx_word' id='word_1_122' title='bbox 2360 2089 2428 2143; x_wconf 92' lang='lat' dir='ltr'><strong><em>ad</em></strong></span> <span class='ocrx_word' id='word_1_123' title='bbox 2459 2088 2680 2143; x_wconf 69' lang='lat' dir='ltr'><strong><em>Graecos</em></strong></span> <span class='ocrx_word' id='word_1_124' title='bbox 2711 2086 3160 2154; x_wconf 87' lang='lat' dir='ltr'><strong><em>manuscriptam,</em></strong></span> <span class='ocrx_word' id='word_1_125' title='bbox 3200 2102 3308 2138; x_wconf 89' lang='lat' dir='ltr'><strong><em>una</em></strong></span> <span class='ocrx_word' id='word_1_126' title='bbox 3370 2099 3489 2137; x_wconf 90' lang='lat' dir='ltr'><strong><em>cum</em></strong></span> <span class='ocrx_word' id='word_1_127' title='bbox 3538 2081 3745 2135; x_wconf 86' lang='lat' dir='ltr'><strong><em>duobus</em></strong></span> <span class='ocrx_word' id='word_1_128' title='bbox 3800 2082 4090 2155; x_wconf 71' lang='lat' dir='ltr'><strong><em>Paulagogi</em></strong></span> 
     </span>
    </p>
   </div>
   <div class='ocr_carea' id='block_1_14' title="bbox 802 2175 4095 2255">
    <p class='ocr_par' dir='ltr' id='par_1_14' title="bbox 802 2175 4095 2255">
     <span class='ocr_line' id='line_1_14' title="bbox 802 2175 4095 2255; baseline -0.002 -16"><span class='ocrx_word' id='word_1_129' title='bbox 802 2186 954 2243; x_wconf 86' lang='lat' dir='ltr'><strong><em>libris</em></strong></span> <span class='ocrx_word' id='word_1_130' title='bbox 981 2184 1388 2255; x_wconf 85' lang='lat' dir='ltr'><strong><em>posterioribus,</em></strong></span> <span class='ocrx_word' id='word_1_131' title='bbox 1419 2183 1825 2254; x_wconf 87' lang='lat' dir='ltr'><strong><em>eorumdemque</em></strong></span> <span class='ocrx_word' id='word_1_132' title='bbox 1852 2180 2126 2237; x_wconf 86' lang='lat' dir='ltr'><strong><em>nonnullis</em></strong></span> <span class='ocrx_word' id='word_1_133' title='bbox 2159 2182 2495 2252; x_wconf 75' lang='lat' dir='ltr'><strong><em>fragmentis,</em></strong></span> <span class='ocrx_word' id='word_1_134' title='bbox 2532 2182 2890 2253; x_wconf 83' lang='lat' dir='ltr'><strong><em>suppeditavit</em></strong></span> <span class='ocrx_word' id='word_1_135' title='bbox 2924 2179 3064 2233; x_wconf 88' lang='lat' dir='ltr'><strong><em>Novi</em></strong></span> <span class='ocrx_word' id='word_1_136' title='bbox 3095 2179 3239 2249; x_wconf 87' lang='lat' dir='ltr'><strong><em>apud</em></strong></span> <span class='ocrx_word' id='word_1_137' title='bbox 3279 2177 3604 2232; x_wconf 78' lang='lat' dir='ltr'><strong><em>Oxonienses</em></strong></span> <span class='ocrx_word' id='word_1_138' title='bbox 3632 2175 3857 2247; x_wconf 85' lang='lat' dir='ltr'><strong><em>Collegii</em></strong></span> <span class='ocrx_word' id='word_1_139' title='bbox 3899 2180 4095 2234; x_wconf 79' lang='lat' dir='ltr'><strong><em>biblio-</em></strong></span> 
     </span>
    </p>
   </div>
   <div class='ocr_carea' id='block_1_15' title="bbox 805 2266 4091 2345">
    <p class='ocr_par' dir='ltr' id='par_1_15' title="bbox 805 2266 4091 2345">
     <span class='ocr_line' id='line_1_15' title="bbox 805 2266 4091 2345; baseline -0.002 -16"><span class='ocrx_word' id='word_1_140' title='bbox 805 2278 976 2335; x_wconf 83' lang='lat' dir='ltr'><strong><em>theca.</em></strong></span> <span class='ocrx_word' id='word_1_141' title='bbox 1012 2274 1195 2330; x_wconf 85' lang='lat' dir='ltr'><strong><em>Trium</em></strong></span> <span class='ocrx_word' id='word_1_142' title='bbox 1221 2273 1513 2345; x_wconf 64' lang='lat' dir='ltr'><strong><em>Pmdagogi</em></strong></span> <span class='ocrx_word' id='word_1_143' title='bbox 1537 2273 1798 2327; x_wconf 90' lang='lat' dir='ltr'><strong><em>librorum</em></strong></span> <span class='ocrx_word' id='word_1_144' title='bbox 1838 2273 2073 2327; x_wconf 87' lang='lat' dir='ltr'><strong><em>codicem</em></strong></span> <span class='ocrx_word' id='word_1_145' title='bbox 2096 2289 2260 2326; x_wconf 89' lang='lat' dir='ltr'><strong><em>unum</em></strong></span> <span class='ocrx_word' id='word_1_146' title='bbox 2294 2271 2530 2340; x_wconf 88' lang='lat' dir='ltr'><strong><em>Bodleii,</em></strong></span> <span class='ocrx_word' id='word_1_147' title='bbox 2566 2281 2625 2326; x_wconf 29' lang='lat' dir='ltr'><strong><em>et»</em></strong></span> <span class='ocrx_word' id='word_1_148' title='bbox 2659 2271 2782 2325; x_wconf 85' lang='lat' dir='ltr'><strong><em>huic</em></strong></span> <span class='ocrx_word' id='word_1_149' title='bbox 2815 2272 2870 2324; x_wconf 91' lang='lat' dir='ltr'><strong><em>in</em></strong></span> <span class='ocrx_word' id='word_1_150' title='bbox 2909 2269 3153 2324; x_wconf 88' lang='lat' dir='ltr'><strong><em>omnibus</em></strong></span> <span class='ocrx_word' id='word_1_151' title='bbox 3196 2268 3304 2337; x_wconf 86' lang='lat' dir='ltr'><strong><em>fere</em></strong></span> <span class='ocrx_word' id='word_1_152' title='bbox 3332 2266 3641 2320; x_wconf 87' lang='lat' dir='ltr'><strong><em>concordem</em></strong></span> <span class='ocrx_word' id='word_1_153' title='bbox 3682 2266 3911 2322; x_wconf 88' lang='lat' dir='ltr'><strong><em>alterum</em></strong></span> <span class='ocrx_word' id='word_1_154' title='bbox 3951 2287 4091 2339; x_wconf 71' lang='lat' dir='ltr'><strong><em>prae-</em></strong></span> 
     </span>
    </p>
   </div>
   <div class='ocr_carea' id='block_1_16' title="bbox 803 2362 4091 2440">
    <p class='ocr_par' dir='ltr' id='par_1_16' title="bbox 803 2362 4091 2440">
     <span class='ocr_line' id='line_1_16' title="bbox 803 2362 4091 2440; baseline -0.002 -15"><span class='ocrx_word' id='word_1_155' title='bbox 803 2369 919 2425; x_wconf 85' lang='lat' dir='ltr'><strong><em>buit</em></strong></span> <span class='ocrx_word' id='word_1_156' title='bbox 948 2368 1321 2440; x_wconf 89' lang='lat' dir='ltr'><strong><em>augustissimi</em></strong></span> <span class='ocrx_word' id='word_1_157' title='bbox 1348 2369 1486 2439; x_wconf 90' lang='lat' dir='ltr'><strong><em>regis</em></strong></span> <span class='ocrx_word' id='word_1_158' title='bbox 1517 2369 1687 2423; x_wconf 90' lang='lat' dir='ltr'><strong><em>nostri</em></strong></span> <span class='ocrx_word' id='word_1_159' title='bbox 1729 2365 2085 2423; x_wconf 84' lang='lat' dir='ltr'><strong><em>Bibliotheca.</em></strong></span> <span class='ocrx_word' id='word_1_160' title='bbox 2132 2368 2213 2420; x_wconf 81' lang='lat' dir='ltr'><strong><em>Ad</em></strong></span> <span class='ocrx_word' id='word_1_161' title='bbox 2256 2366 2489 2436; x_wconf 85' lang='lat' dir='ltr'><strong><em>insignes</em></strong></span> <span class='ocrx_word' id='word_1_162' title='bbox 2531 2366 2659 2421; x_wconf 87' lang='lat' dir='ltr'><strong><em>illas</em></strong></span> <span class='ocrx_word' id='word_1_163' title='bbox 2700 2364 2987 2421; x_wconf 89' lang='lat' dir='ltr'><strong><em>Clementis</em></strong></span> <span class='ocrx_word' id='word_1_164' title='bbox 3030 2365 3198 2419; x_wconf 88' lang='lat' dir='ltr'><strong><em>nostri</em></strong></span> <span class='ocrx_word' id='word_1_165' title='bbox 3247 2362 3522 2432; x_wconf 88' lang='lat' dir='ltr'><strong><em>periochas</em></strong></span> <span class='ocrx_word' id='word_1_166' title='bbox 3569 2362 3829 2431; x_wconf 73' lang='lat' dir='ltr'><strong><em>pristinas-</em></strong></span> <span class='ocrx_word' id='word_1_167' title='bbox 3865 2365 4091 2422; x_wconf 82' lang='lat' dir='ltr'><strong><em>sanitati</em></strong></span> 
     </span>
    </p>
   </div>
   <div class='ocr_carea' id='block_1_17' title="bbox 802 2454 4091 2531">
    <p class='ocr_par' dir='ltr' id='par_1_17' title="bbox 802 2454 4091 2531">
     <span class='ocr_line' id='line_1_17' title="bbox 802 2454 4091 2531; baseline -0.001 -16"><span class='ocrx_word' id='word_1_168' title='bbox 802 2462 1186 2527; x_wconf 89' lang='lat' dir='ltr'><strong><em>restituendas,</em></strong></span> <span class='ocrx_word' id='word_1_169' title='bbox 1218 2475 1351 2531; x_wconf 88' lang='lat' dir='ltr'><strong><em>quas</em></strong></span> <span class='ocrx_word' id='word_1_170' title='bbox 1390 2462 1538 2529; x_wconf 73' lang='lat' dir='ltr'><strong><em>aperi</em></strong></span> <span class='ocrx_word' id='word_1_171' title='bbox 1571 2459 1645 2515; x_wconf 89' lang='lat' dir='ltr'><strong><em>De</em></strong></span> <span class='ocrx_word' id='word_1_172' title='bbox 1680 2460 2083 2530; x_wconf 68' lang='lat' dir='ltr'><strong><em>praeparatione</em></strong></span> <span class='ocrx_word' id='word_1_173' title='bbox 2124 2459 2441 2530; x_wconf 83' lang='lat' dir='ltr'><strong><em>evangelica</em></strong></span> <span class='ocrx_word' id='word_1_174' title='bbox 2477 2459 2700 2514; x_wconf 87' lang='lat' dir='ltr'><strong><em>inseruit</em></strong></span> <span class='ocrx_word' id='word_1_175' title='bbox 2755 2457 3038 2525; x_wconf 81' lang='lat' dir='ltr'><strong><em>Eusebius,</em></strong></span> <span class='ocrx_word' id='word_1_176' title='bbox 3090 2474 3193 2511; x_wconf 91' lang='lat' dir='ltr'><strong><em>non</em></strong></span> <span class='ocrx_word' id='word_1_177' title='bbox 3227 2460 3335 2509; x_wconf 89' lang='lat' dir='ltr'><strong><em>leve</em></strong></span> <span class='ocrx_word' id='word_1_178' title='bbox 3383 2454 3746 2524; x_wconf 83' lang='lat' dir='ltr'><strong><em>adjumentum</em></strong></span> <span class='ocrx_word' id='word_1_179' title='bbox 3796 2458 4091 2513; x_wconf 87' lang='lat' dir='ltr'><strong><em>attulerunt</em></strong></span> 
     </span>
    </p>
   </div>
   <div class='ocr_carea' id='block_1_18' title="bbox 801 2549 4087 2626">
    <p class='ocr_par' dir='ltr' id='par_1_18' title="bbox 801 2549 4087 2626">
     <span class='ocr_line' id='line_1_18' title="bbox 801 2549 4087 2626; baseline -0.001 -15"><span class='ocrx_word' id='word_1_180' title='bbox 801 2554 927 2611; x_wconf 62' lang='lat' dir='ltr'><strong><em>libri</em></strong></span> <span class='ocrx_word' id='word_1_181' title='bbox 960 2555 1075 2624; x_wconf 86' lang='lat' dir='ltr'><strong><em>ejus</em></strong></span> <span class='ocrx_word' id='word_1_182' title='bbox 1103 2554 1369 2626; x_wconf 90' lang='lat' dir='ltr'><strong><em>impressi,</em></strong></span> <span class='ocrx_word' id='word_1_183' title='bbox 1404 2555 1933 2625; x_wconf 88' lang='lat' dir='ltr'><strong><em>manuscriptumque</em></strong></span> <span class='ocrx_word' id='word_1_184' title='bbox 1954 2554 2249 2624; x_wconf 78' lang='lat' dir='ltr'><strong><em>exemplar,</em></strong></span> <span class='ocrx_word' id='word_1_185' title='bbox 2280 2554 2420 2624; x_wconf 87' lang='lat' dir='ltr'><strong><em>quod</em></strong></span> <span class='ocrx_word' id='word_1_186' title='bbox 2452 2553 2599 2623; x_wconf 87' lang='lat' dir='ltr'><strong><em>apud</em></strong></span> <span class='ocrx_word' id='word_1_187' title='bbox 2623 2570 2716 2607; x_wconf 92' lang='lat' dir='ltr'><strong><em>nos</em></strong></span> <span class='ocrx_word' id='word_1_188' title='bbox 2746 2554 2804 2607; x_wconf 88' lang='lat' dir='ltr'><strong><em>in</em></strong></span> <span class='ocrx_word' id='word_1_189' title='bbox 2833 2552 3069 2622; x_wconf 87' lang='lat' dir='ltr'><strong><em>Collegia</em></strong></span> <span class='ocrx_word' id='word_1_190' title='bbox 3096 2550 3164 2606; x_wconf 76' lang='grc' dir='ltr'><strong><em>Β.</em></strong></span> <span class='ocrx_word' id='word_1_191' title='bbox 3198 2549 3426 2604; x_wconf 83' lang='lat' dir='ltr'><strong><em>Joannis</em></strong></span> <span class='ocrx_word' id='word_1_192' title='bbox 3465 2549 3727 2618; x_wconf 71' lang='lat' dir='ltr'><strong><em>Baptistae</em></strong></span> <span class='ocrx_word' id='word_1_193' title='bbox 3763 2562 4087 2608; x_wconf 76' lang='lat' dir='ltr'><strong><em>asservatur.</em></strong></span> 
     </span>
    </p>
   </div>
   <div class='ocr_carea' id='block_1_19' title="bbox 817 2643 4092 2716">
    <p class='ocr_par' dir='ltr' id='par_1_19' title="bbox 817 2643 4092 2716">
     <span class='ocr_line' id='line_1_19' title="bbox 817 2643 4092 2716; baseline 0 -16"><span class='ocrx_word' id='word_1_194' title='bbox 817 2646 1060 2703; x_wconf 67' lang='lat' dir='ltr'><strong><em>Veterum</em></strong></span> <span class='ocrx_word' id='word_1_195' title='bbox 1091 2647 1479 2716; x_wconf 73' lang='lat' dir='ltr'><strong><em>exemplarium</em></strong></span> <span class='ocrx_word' id='word_1_196' title='bbox 1520 2646 1715 2714; x_wconf 77' lang='lat' dir='ltr'><strong><em>inopia:</em></strong></span> <span class='ocrx_word' id='word_1_197' title='bbox 1764 2644 2055 2698; x_wconf 73' lang='lat' dir='ltr'><strong><em>remedium</em></strong></span> <span class='ocrx_word' id='word_1_198' title='bbox 2097 2660 2201 2698; x_wconf 89' lang='lat' dir='ltr'><strong><em>non</em></strong></span> <span class='ocrx_word' id='word_1_199' title='bbox 2237 2660 2360 2697; x_wconf 89' lang='lat' dir='ltr'><strong><em>raro</em></strong></span> <span class='ocrx_word' id='word_1_200' title='bbox 2404 2643 2701 2698; x_wconf 85' lang='lat' dir='ltr'><strong><em>attulerunt</em></strong></span> <span class='ocrx_word' id='word_1_201' title='bbox 2741 2645 3085 2716; x_wconf 90' lang='lat' dir='ltr'><strong><em>antiquarunt</em></strong></span> <span class='ocrx_word' id='word_1_202' title='bbox 3129 2649 3449 2716; x_wconf 82' lang='lat' dir='ltr'><strong><em>scriptorum</em></strong></span> <span class='ocrx_word' id='word_1_203' title='bbox 3482 2644 3630 2713; x_wconf 85' lang='lat' dir='ltr'><strong><em>libri,</em></strong></span> <span class='ocrx_word' id='word_1_204' title='bbox 3676 2644 3919 2699; x_wconf 88' lang='lat' dir='ltr'><strong><em>Platonis</em></strong></span> <span class='ocrx_word' id='word_1_205' title='bbox 3947 2663 4092 2713; x_wconf 78' lang='lat' dir='ltr'><strong><em>prcc-</em></strong></span> 
     </span>
    </p>
   </div>
   <div class='ocr_carea' id='block_1_20' title="bbox 801 2735 4090 2808">
    <p class='ocr_par' dir='ltr' id='par_1_20' title="bbox 801 2735 4090 2808">
     <span class='ocr_line' id='line_1_20' title="bbox 801 2735 4090 2808; baseline -0.002 -14"><span class='ocrx_word' id='word_1_206' title='bbox 801 2740 984 2794; x_wconf 89' lang='lat' dir='ltr'><strong><em>sertim</em></strong></span> <span class='ocrx_word' id='word_1_207' title='bbox 1017 2756 1080 2794; x_wconf 87' lang='lat' dir='ltr'><strong><em>ac</em></strong></span> <span class='ocrx_word' id='word_1_208' title='bbox 1109 2738 1354 2796; x_wconf 89' lang='lat' dir='ltr'><strong><em>Philonis</em></strong></span> <span class='ocrx_word' id='word_1_209' title='bbox 1381 2738 1587 2804; x_wconf 68' lang='lat' dir='ltr'><strong><em>Judaei,</em></strong></span> <span class='ocrx_word' id='word_1_210' title='bbox 1615 2755 1642 2792; x_wconf 94' lang='lat' dir='ltr'><strong><em>e</em></strong></span> <span class='ocrx_word' id='word_1_211' title='bbox 1668 2754 1893 2807; x_wconf 83' lang='lat' dir='ltr'><strong><em>quarunt</em></strong></span> <span class='ocrx_word' id='word_1_212' title='bbox 1933 2737 2218 2807; x_wconf 90' lang='lat' dir='ltr'><strong><em>posteriori</em></strong></span> <span class='ocrx_word' id='word_1_213' title='bbox 2257 2752 2362 2788; x_wconf 89' lang='lat' dir='ltr'><strong><em>non</em></strong></span> <span class='ocrx_word' id='word_1_214' title='bbox 2393 2735 2569 2790; x_wconf 87' lang='lat' dir='ltr'><strong><em>breves</em></strong></span> <span class='ocrx_word' id='word_1_215' title='bbox 2613 2745 2823 2790; x_wconf 88' lang='lat' dir='ltr'><strong><em>tantum</em></strong></span> <span class='ocrx_word' id='word_1_216' title='bbox 2871 2740 3187 2802; x_wconf 86' lang='lat' dir='ltr'><strong><em>sententias,</em></strong></span> <span class='ocrx_word' id='word_1_217' title='bbox 3239 2740 3327 2791; x_wconf 90' lang='lat' dir='ltr'><strong><em>sed</em></strong></span> <span class='ocrx_word' id='word_1_218' title='bbox 3373 2739 3603 2808; x_wconf 88' lang='lat' dir='ltr'><strong><em>integras</em></strong></span> <span class='ocrx_word' id='word_1_219' title='bbox 3635 2738 3796 2791; x_wconf 89' lang='lat' dir='ltr'><strong><em>etiam</em></strong></span> <span class='ocrx_word' id='word_1_220' title='bbox 3841 2737 4090 2807; x_wconf 76' lang='lat' dir='ltr'><strong><em>paginas,</em></strong></span> 
     </span>
    </p>
   </div>
   <div class='ocr_carea' id='block_1_21' title="bbox 803 2828 4091 2901">
    <p class='ocr_par' dir='ltr' id='par_1_21' title="bbox 803 2828 4091 2901">
     <span class='ocr_line' id='line_1_21' title="bbox 803 2828 4091 2901; baseline -0.001 -16"><span class='ocrx_word' id='word_1_221' title='bbox 803 2830 1074 2885; x_wconf 89' lang='lat' dir='ltr'><strong><em>nonnullis</em></strong></span> <span class='ocrx_word' id='word_1_222' title='bbox 1100 2832 1337 2897; x_wconf 89' lang='lat' dir='ltr'><strong><em>amissis,</em></strong></span> <span class='ocrx_word' id='word_1_223' title='bbox 1366 2831 1492 2884; x_wconf 89' lang='lat' dir='ltr'><strong><em>aliis</em></strong></span> <span class='ocrx_word' id='word_1_224' title='bbox 1514 2831 1736 2885; x_wconf 85' lang='lat' dir='ltr'><strong><em>mutatis</em></strong></span> <span class='ocrx_word' id='word_1_225' title='bbox 1765 2829 1843 2883; x_wconf 86' lang='lat' dir='ltr'><strong><em>vel</em></strong></span> <span class='ocrx_word' id='word_1_226' title='bbox 1866 2830 1922 2884; x_wconf 84' lang='lat' dir='ltr'><strong><em>in</em></strong></span> <span class='ocrx_word' id='word_1_227' title='bbox 1950 2830 2215 2899; x_wconf 84' lang='lat' dir='ltr'><strong><em>epitomen</em></strong></span> <span class='ocrx_word' id='word_1_228' title='bbox 2241 2828 2494 2895; x_wconf 86' lang='lat' dir='ltr'><strong><em>redactis,</em></strong></span> <span class='ocrx_word' id='word_1_229' title='bbox 2524 2838 2682 2899; x_wconf 90' lang='lat' dir='ltr'><strong><em>prout</em></strong></span> <span class='ocrx_word' id='word_1_230' title='bbox 2708 2828 2952 2884; x_wconf 87' lang='lat' dir='ltr'><strong><em>instituto</em></strong></span> <span class='ocrx_word' id='word_1_231' title='bbox 2987 2846 3082 2883; x_wconf 93' lang='lat' dir='ltr'><strong><em>suo</em></strong></span> <span class='ocrx_word' id='word_1_232' title='bbox 3116 2831 3311 2901; x_wconf 89' lang='lat' dir='ltr'><strong><em>optime</em></strong></span> <span class='ocrx_word' id='word_1_233' title='bbox 3348 2832 3707 2895; x_wconf 82' lang='lat' dir='ltr'><strong><em>conveniebat,</em></strong></span> <span class='ocrx_word' id='word_1_234' title='bbox 3732 2829 3886 2900; x_wconf 89' lang='lat' dir='ltr'><strong><em>idque</em></strong></span> <span class='ocrx_word' id='word_1_235' title='bbox 3919 2829 4091 2882; x_wconf 87' lang='lat' dir='ltr'><strong><em>celato</em></strong></span> 
     </span>
    </p>
   </div>
   <div class='ocr_carea' id='block_1_22' title="bbox 802 2922 4089 2996">
    <p class='ocr_par' dir='ltr' id='par_1_22' title="bbox 802 2922 4089 2996">
     <span class='ocr_line' id='line_1_22' title="bbox 802 2922 4089 2996; baseline -0 -20"><span class='ocrx_word' id='word_1_236' title='bbox 802 2940 1180 2996; x_wconf 83' lang='lat' dir='ltr'><strong><em>nonnunquam</em></strong></span> <span class='ocrx_word' id='word_1_237' title='bbox 1203 2926 1439 2979; x_wconf 90' lang='lat' dir='ltr'><strong><em>auctoris</em></strong></span> <span class='ocrx_word' id='word_1_238' title='bbox 1463 2926 1700 2987; x_wconf 74' lang='lat' dir='ltr'><strong><em>nomine,</em></strong></span> <span class='ocrx_word' id='word_1_239' title='bbox 1724 2925 1778 2978; x_wconf 89' lang='lat' dir='ltr'><strong><em>in</em></strong></span> <span class='ocrx_word' id='word_1_240' title='bbox 1811 2925 2159 2996; x_wconf 82' lang='grc' dir='ltr'><strong><em>Στρωματείς</em></strong></span> <span class='ocrx_word' id='word_1_241' title='bbox 2197 2940 2321 2977; x_wconf 93' lang='lat' dir='ltr'><strong><em>suos</em></strong></span> <span class='ocrx_word' id='word_1_242' title='bbox 2364 2922 2606 2979; x_wconf 90' lang='lat' dir='ltr'><strong><em>Clemens</em></strong></span> <span class='ocrx_word' id='word_1_243' title='bbox 2635 2924 2934 2979; x_wconf 82' lang='lat' dir='ltr'><strong><em>transtulit.</em></strong></span> <span class='ocrx_word' id='word_1_244' title='bbox 2978 2922 3251 2996; x_wconf 86' lang='lat' dir='ltr'><strong><em>Scriptum</em></strong></span> <span class='ocrx_word' id='word_1_245' title='bbox 3284 2924 3621 2979; x_wconf 82' lang='lat' dir='ltr'><strong><em>Stromatum</em></strong></span> <span class='ocrx_word' id='word_1_246' title='bbox 3650 2923 3921 2992; x_wconf 79' lang='lat' dir='ltr'><strong><em>exemplar</em></strong></span> <span class='ocrx_word' id='word_1_247' title='bbox 3961 2924 4089 2976; x_wconf 91' lang='lat' dir='ltr'><strong><em>nul—</em></strong></span> 
     </span>
    </p>
   </div>
   <div class='ocr_carea' id='block_1_23' title="bbox 802 3014 4090 3086">
    <p class='ocr_par' dir='ltr' id='par_1_23' title="bbox 802 3014 4090 3086">
     <span class='ocr_line' id='line_1_23' title="bbox 802 3014 4090 3086; baseline -0 -16"><span class='ocrx_word' id='word_1_248' title='bbox 802 3019 914 3070; x_wconf 91' lang='lat' dir='ltr'><strong><em>lum</em></strong></span> <span class='ocrx_word' id='word_1_249' title='bbox 934 3016 1103 3069; x_wconf 88' lang='lat' dir='ltr'><strong><em>oculis</em></strong></span> <span class='ocrx_word' id='word_1_250' title='bbox 1126 3017 1255 3070; x_wconf 89' lang='lat' dir='ltr'><strong><em>meis</em></strong></span> <span class='ocrx_word' id='word_1_251' title='bbox 1284 3017 1610 3086; x_wconf 82' lang='lat' dir='ltr'><strong><em>perlustrare</em></strong></span> <span class='ocrx_word' id='word_1_252' title='bbox 1644 3016 1896 3069; x_wconf 77' lang='lat' dir='ltr'><strong><em>hactenus</em></strong></span> <span class='ocrx_word' id='word_1_253' title='bbox 1923 3015 2095 3069; x_wconf 90' lang='lat' dir='ltr'><strong><em>licuit.</em></strong></span> <span class='ocrx_word' id='word_1_254' title='bbox 2144 3014 2337 3069; x_wconf 81' lang='lat' dir='ltr'><strong><em>Verum</em></strong></span> <span class='ocrx_word' id='word_1_255' title='bbox 2360 3015 2457 3067; x_wconf 89' lang='lat' dir='ltr'><strong><em>hoc</em></strong></span> <span class='ocrx_word' id='word_1_256' title='bbox 2475 3031 2577 3078; x_wconf 85' lang='lat' dir='ltr'><strong><em>me,</em></strong></span> <span class='ocrx_word' id='word_1_257' title='bbox 2604 3031 2725 3068; x_wconf 91' lang='lat' dir='ltr'><strong><em>cum</em></strong></span> <span class='ocrx_word' id='word_1_258' title='bbox 2753 3016 3071 3085; x_wconf 89' lang='lat' dir='ltr'><strong><em>infortunio,</em></strong></span> <span class='ocrx_word' id='word_1_259' title='bbox 3106 3026 3218 3069; x_wconf 83' lang='lat' dir='ltr'><strong><em>tant</em></strong></span> <span class='ocrx_word' id='word_1_260' title='bbox 3240 3033 3394 3070; x_wconf 88' lang='lat' dir='ltr'><strong><em>onere</em></strong></span> <span class='ocrx_word' id='word_1_261' title='bbox 3423 3016 3615 3071; x_wconf 79' lang='lat' dir='ltr'><strong><em>levavit</em></strong></span> <span class='ocrx_word' id='word_1_262' title='bbox 3644 3017 3721 3070; x_wconf 88' lang='lat' dir='ltr'><strong><em>vir</em></strong></span> <span class='ocrx_word' id='word_1_263' title='bbox 3753 3016 4090 3069; x_wconf 86' lang='lat' dir='ltr'><strong><em>clarissimus</em></strong></span> 
     </span>
    </p>
   </div>
   <div class='ocr_carea' id='block_1_24' title="bbox 804 3103 4088 3178">
    <p class='ocr_par' dir='ltr' id='par_1_24' title="bbox 804 3103 4088 3178">
     <span class='ocr_line' id='line_1_24' title="bbox 804 3103 4088 3178; baseline 0.001 -19"><span class='ocrx_word' id='word_1_264' title='bbox 804 3103 1118 3159; x_wconf 88' lang='lat' dir='ltr'><strong><em>Bernardus</em></strong></span> <span class='ocrx_word' id='word_1_265' title='bbox 1148 3104 1620 3174; x_wconf 77' lang='lat' dir='ltr'><strong><em>Montefalconius,</em></strong></span> <span class='ocrx_word' id='word_1_266' title='bbox 1655 3106 1746 3177; x_wconf 87' lang='lat' dir='ltr'><strong><em>qui</em></strong></span> <span class='ocrx_word' id='word_1_267' title='bbox 1794 3122 1889 3174; x_wconf 91' lang='lat' dir='ltr'><strong><em>pro</em></strong></span> <span class='ocrx_word' id='word_1_268' title='bbox 1918 3105 2202 3168; x_wconf 89' lang='lat' dir='ltr'><strong><em>acerrimo,</em></strong></span> <span class='ocrx_word' id='word_1_269' title='bbox 2228 3120 2330 3174; x_wconf 90' lang='lat' dir='ltr'><strong><em>quo</em></strong></span> <span class='ocrx_word' id='word_1_270' title='bbox 2356 3120 2559 3173; x_wconf 88' lang='lat' dir='ltr'><strong><em>semper</em></strong></span> <span class='ocrx_word' id='word_1_271' title='bbox 2588 3105 2761 3173; x_wconf 90' lang='lat' dir='ltr'><strong><em>ardet,</em></strong></span> <span class='ocrx_word' id='word_1_272' title='bbox 2789 3107 3127 3163; x_wconf 88' lang='lat' dir='ltr'><strong><em>humaniores</em></strong></span> <span class='ocrx_word' id='word_1_273' title='bbox 3150 3108 3357 3161; x_wconf 91' lang='lat' dir='ltr'><strong><em>litteras</em></strong></span> <span class='ocrx_word' id='word_1_274' title='bbox 3386 3109 3725 3178; x_wconf 87' lang='lat' dir='ltr'><strong><em>promovendi</em></strong></span> <span class='ocrx_word' id='word_1_275' title='bbox 3770 3109 3951 3161; x_wconf 90' lang='lat' dir='ltr'><strong><em>studio</em></strong></span> <span class='ocrx_word' id='word_1_276' title='bbox 3990 3125 4088 3161; x_wconf 89' lang='lat' dir='ltr'><strong><em>va-</em></strong></span> 
     </span>
    </p>
   </div>
   <div class='ocr_carea' id='block_1_25' title="bbox 804 3199 4088 3273">
    <p class='ocr_par' dir='ltr' id='par_1_25' title="bbox 804 3199 4088 3273">
     <span class='ocr_line' id='line_1_25' title="bbox 804 3199 4088 3273; baseline 0.001 -22"><span class='ocrx_word' id='word_1_277' title='bbox 804 3200 1006 3253; x_wconf 89' lang='lat' dir='ltr'><strong><em>riantes</em></strong></span> <span class='ocrx_word' id='word_1_278' title='bbox 1051 3199 1302 3253; x_wconf 88' lang='lat' dir='ltr'><strong><em>lectiones</em></strong></span> <span class='ocrx_word' id='word_1_279' title='bbox 1353 3216 1459 3253; x_wconf 90' lang='lat' dir='ltr'><strong><em>non</em></strong></span> <span class='ocrx_word' id='word_1_280' title='bbox 1511 3202 1682 3254; x_wconf 89' lang='lat' dir='ltr'><strong><em>solum</em></strong></span> <span class='ocrx_word' id='word_1_281' title='bbox 1729 3217 1794 3255; x_wconf 87' lang='lat' dir='ltr'><strong><em>ex</em></strong></span> <span class='ocrx_word' id='word_1_282' title='bbox 1850 3200 2234 3266; x_wconf 89' lang='lat' dir='ltr'><strong><em>Ottoboniano,</em></strong></span> <span class='ocrx_word' id='word_1_283' title='bbox 2275 3202 2367 3271; x_wconf 90' lang='lat' dir='ltr'><strong><em>qui</em></strong></span> <span class='ocrx_word' id='word_1_284' title='bbox 2394 3215 2577 3254; x_wconf 90' lang='lat' dir='ltr'><strong><em>eorum</em></strong></span> <span class='ocrx_word' id='word_1_285' title='bbox 2607 3200 2906 3271; x_wconf 70' lang='lat' dir='ltr'><strong><em>prolixiora</em></strong></span> <span class='ocrx_word' id='word_1_286' title='bbox 2934 3204 3181 3273; x_wconf 78' lang='lat' dir='ltr'><strong><em>qucedam</em></strong></span> <span class='ocrx_word' id='word_1_287' title='bbox 3210 3203 3529 3273; x_wconf 86' lang='lat' dir='ltr'><strong><em>fragmenta,</em></strong></span> <span class='ocrx_word' id='word_1_288' title='bbox 3560 3204 3647 3257; x_wconf 85' lang='lat' dir='ltr'><strong><em>sed</em></strong></span> <span class='ocrx_word' id='word_1_289' title='bbox 3683 3219 3748 3256; x_wconf 87' lang='lat' dir='ltr'><strong><em>ex</em></strong></span> <span class='ocrx_word' id='word_1_290' title='bbox 3786 3202 4088 3257; x_wconf 84' lang='lat' dir='ltr'><strong><em>Parisiensi</em></strong></span> 
     </span>
    </p>
   </div>
   <div class='ocr_carea' id='block_1_26' title="bbox 802 3293 4091 3365">
    <p class='ocr_par' dir='ltr' id='par_1_26' title="bbox 802 3293 4091 3365">
     <span class='ocr_line' id='line_1_26' title="bbox 802 3293 4091 3365; baseline 0 -19"><span class='ocrx_word' id='word_1_291' title='bbox 802 3293 967 3348; x_wconf 88' lang='lat' dir='ltr'><strong><em>etiam</em></strong></span> <span class='ocrx_word' id='word_1_292' title='bbox 997 3293 1197 3358; x_wconf 88' lang='lat' dir='ltr'><strong><em>codice,</em></strong></span> <span class='ocrx_word' id='word_1_293' title='bbox 1219 3294 1311 3364; x_wconf 92' lang='lat' dir='ltr'><strong><em>qui</em></strong></span> <span class='ocrx_word' id='word_1_294' title='bbox 1334 3294 1597 3364; x_wconf 88' lang='lat' dir='ltr'><strong><em>integrum</em></strong></span> <span class='ocrx_word' id='word_1_295' title='bbox 1630 3293 1971 3349; x_wconf 80' lang='lat' dir='ltr'><strong><em>Stromatum</em></strong></span> <span class='ocrx_word' id='word_1_296' title='bbox 1998 3310 2129 3363; x_wconf 92' lang='lat' dir='ltr'><strong><em>opus</em></strong></span> <span class='ocrx_word' id='word_1_297' title='bbox 2156 3293 2545 3363; x_wconf 87' lang='lat' dir='ltr'><strong><em>complectitur,</em></strong></span> <span class='ocrx_word' id='word_1_298' title='bbox 2578 3304 2829 3351; x_wconf 88' lang='lat' dir='ltr'><strong><em>accurate</em></strong></span> <span class='ocrx_word' id='word_1_299' title='bbox 2856 3294 3150 3365; x_wconf 81' lang='lat' dir='ltr'><strong><em>descriptas</em></strong></span> <span class='ocrx_word' id='word_1_300' title='bbox 3179 3296 3247 3348; x_wconf 87' lang='lat' dir='ltr'><strong><em>ad</em></strong></span> <span class='ocrx_word' id='word_1_301' title='bbox 3288 3312 3366 3348; x_wconf 88' lang='lat' dir='ltr'><strong><em>me</em></strong></span> <span class='ocrx_word' id='word_1_302' title='bbox 3415 3297 3745 3360; x_wconf 86' lang='lat' dir='ltr'><strong><em>transmisit;</em></strong></span> <span class='ocrx_word' id='word_1_303' title='bbox 3786 3312 3939 3364; x_wconf 88' lang='lat' dir='ltr'><strong><em>quas,</em></strong></span> <span class='ocrx_word' id='word_1_304' title='bbox 3971 3312 4091 3349; x_wconf 88' lang='lat' dir='ltr'><strong><em>cum</em></strong></span> 
     </span>
    </p>
   </div>
   <div class='ocr_carea' id='block_1_27' title="bbox 804 3385 4089 3459">
    <p class='ocr_par' dir='ltr' id='par_1_27' title="bbox 804 3385 4089 3459">
     <span class='ocr_line' id='line_1_27' title="bbox 804 3385 4089 3459; baseline 0.002 -21"><span class='ocrx_word' id='word_1_305' title='bbox 804 3385 966 3453; x_wconf 84' lang='lat' dir='ltr'><strong><em>paulo</em></strong></span> <span class='ocrx_word' id='word_1_306' title='bbox 989 3386 1160 3440; x_wconf 89' lang='lat' dir='ltr'><strong><em>serius</em></strong></span> <span class='ocrx_word' id='word_1_307' title='bbox 1180 3386 1413 3442; x_wconf 66' lang='lat' dir='ltr'><strong><em>advecti:</em></strong></span> <span class='ocrx_word' id='word_1_308' title='bbox 1441 3404 1546 3441; x_wconf 91' lang='lat' dir='ltr'><strong><em>nan</em></strong></span> <span class='ocrx_word' id='word_1_309' title='bbox 1579 3398 1737 3441; x_wconf 87' lang='lat' dir='ltr'><strong><em>antea</em></strong></span> <span class='ocrx_word' id='word_1_310' title='bbox 1767 3387 1838 3441; x_wconf 89' lang='lat' dir='ltr'><strong><em>ad</em></strong></span> <span class='ocrx_word' id='word_1_311' title='bbox 1862 3404 2049 3442; x_wconf 89' lang='lat' dir='ltr'><strong><em>manus</em></strong></span> <span class='ocrx_word' id='word_1_312' title='bbox 2084 3404 2225 3441; x_wconf 83' lang='lat' dir='ltr'><strong><em>meas</em></strong></span> <span class='ocrx_word' id='word_1_313' title='bbox 2263 3398 2629 3457; x_wconf 84' lang='lat' dir='ltr'><strong><em>pervenerunt,</em></strong></span> <span class='ocrx_word' id='word_1_314' title='bbox 2664 3405 2827 3459; x_wconf 86' lang='lat' dir='ltr'><strong><em>quam</em></strong></span> <span class='ocrx_word' id='word_1_315' title='bbox 2865 3390 3068 3458; x_wconf 82' lang='lat' dir='ltr'><strong><em>priores</em></strong></span> <span class='ocrx_word' id='word_1_316' title='bbox 3100 3398 3329 3458; x_wconf 89' lang='lat' dir='ltr'><strong><em>quatuor</em></strong></span> <span class='ocrx_word' id='word_1_317' title='bbox 3362 3388 3508 3455; x_wconf 89' lang='lat' dir='ltr'><strong><em>libri,</em></strong></span> <span class='ocrx_word' id='word_1_318' title='bbox 3537 3405 3654 3442; x_wconf 90' lang='lat' dir='ltr'><strong><em>cum</em></strong></span> <span class='ocrx_word' id='word_1_319' title='bbox 3686 3390 3859 3458; x_wconf 88' lang='lat' dir='ltr'><strong><em>quinti</em></strong></span> <span class='ocrx_word' id='word_1_320' title='bbox 3884 3388 4089 3458; x_wconf 81' lang='lat' dir='ltr'><strong><em>princi-</em></strong></span> 
     </span>
    </p>
   </div>
   <div class='ocr_carea' id='block_1_28' title="bbox 804 3480 2763 3554">
    <p class='ocr_par' dir='ltr' id='par_1_28' title="bbox 804 3480 2763 3554">
     <span class='ocr_line' id='line_1_28' title="bbox 804 3480 2763 3554; baseline 0.005 -22"><span class='ocrx_word' id='word_1_321' title='bbox 804 3481 916 3551; x_wconf 87' lang='lat' dir='ltr'><strong><em>pio,</em></strong></span> <span class='ocrx_word' id='word_1_322' title='bbox 943 3496 971 3532; x_wconf 91' lang='lat' dir='ltr'><strong><em>e</em></strong></span> <span class='ocrx_word' id='word_1_323' title='bbox 988 3480 1156 3550; x_wconf 75' lang='lat' dir='ltr'><strong><em>prwlo</em></strong></span> <span class='ocrx_word' id='word_1_324' title='bbox 1186 3482 1493 3548; x_wconf 89' lang='lat' dir='ltr'><strong><em>evasissent,</em></strong></span> <span class='ocrx_word' id='word_1_325' title='bbox 1518 3484 1587 3537; x_wconf 89' lang='lat' dir='ltr'><strong><em>ad</em></strong></span> <span class='ocrx_word' id='word_1_326' title='bbox 1611 3484 1807 3538; x_wconf 80' lang='lat' dir='ltr'><strong><em>calcem</em></strong></span> <span class='ocrx_word' id='word_1_327' title='bbox 1833 3487 2004 3554; x_wconf 91' lang='lat' dir='ltr'><strong><em>operis</em></strong></span> <span class='ocrx_word' id='word_1_328' title='bbox 2032 3486 2193 3539; x_wconf 86' lang='lat' dir='ltr'><strong><em>simul</em></strong></span> <span class='ocrx_word' id='word_1_329' title='bbox 2217 3484 2534 3539; x_wconf 85' lang='lat' dir='ltr'><strong><em>exhibendas</em></strong></span> <span class='ocrx_word' id='word_1_330' title='bbox 2559 3487 2763 3542; x_wconf 86' lang='lat' dir='ltr'><strong><em>curavi.</em></strong></span> 
     </span>
    </p>
   </div>
   <div class='ocr_carea' id='block_1_29' title="bbox 878 3571 4088 3651">
    <p class='ocr_par' dir='ltr' id='par_1_29' title="bbox 878 3571 4088 3651">
     <span class='ocr_line' id='line_1_29' title="bbox 878 3571 4088 3651; baseline 0.001 -24"><span class='ocrx_word' id='word_1_331' title='bbox 878 3571 940 3627; x_wconf 90' lang='lat' dir='ltr'><strong><em>S.</em></strong></span> <span class='ocrx_word' id='word_1_332' title='bbox 970 3571 1287 3644; x_wconf 54' lang='lat' dir='ltr'><strong><em>Scriptura,</em></strong></span> <span class='ocrx_word' id='word_1_333' title='bbox 1311 3591 1514 3629; x_wconf 88' lang='lat' dir='ltr'><strong><em>necnon</em></strong></span> <span class='ocrx_word' id='word_1_334' title='bbox 1542 3577 1774 3630; x_wconf 89' lang='lat' dir='ltr'><strong><em>aliorum</em></strong></span> <span class='ocrx_word' id='word_1_335' title='bbox 1801 3587 2034 3631; x_wconf 87' lang='lat' dir='ltr'><strong><em>veterum</em></strong></span> <span class='ocrx_word' id='word_1_336' title='bbox 2071 3578 2331 3632; x_wconf 87' lang='lat' dir='ltr'><strong><em>librorum</em></strong></span> <span class='ocrx_word' id='word_1_337' title='bbox 2377 3578 2589 3633; x_wconf 91' lang='lat' dir='ltr'><strong><em>vocibus</em></strong></span> <span class='ocrx_word' id='word_1_338' title='bbox 2629 3597 2664 3632; x_wconf 89' lang='lat' dir='ltr'><strong><em>a</em></strong></span> <span class='ocrx_word' id='word_1_339' title='bbox 2707 3577 2995 3641; x_wconf 84' lang='lat' dir='ltr'><strong><em>Clementis</em></strong></span> <span class='ocrx_word' id='word_1_340' title='bbox 3040 3581 3212 3635; x_wconf 89' lang='lat' dir='ltr'><strong><em>nostri</em></strong></span> <span class='ocrx_word' id='word_1_341' title='bbox 3253 3581 3424 3635; x_wconf 89' lang='lat' dir='ltr'><strong><em>verbis</em></strong></span> <span class='ocrx_word' id='word_1_342' title='bbox 3480 3580 3895 3651; x_wconf 85' lang='lat' dir='ltr'><strong><em>distinguendis,</em></strong></span> <span class='ocrx_word' id='word_1_343' title='bbox 3945 3576 4088 3650; x_wconf 83' lang='lat' dir='ltr'><strong><em>quod</em></strong></span> 
     </span>
    </p>
   </div>
   <div class='ocr_carea' id='block_1_30' title="bbox 804 3668 4089 3745">
    <p class='ocr_par' dir='ltr' id='par_1_30' title="bbox 804 3668 4089 3745">
     <span class='ocr_line' id='line_1_30' title="bbox 804 3668 4089 3745; baseline 0.003 -30"><span class='ocrx_word' id='word_1_344' title='bbox 804 3681 955 3723; x_wconf 79' lang='lat' dir='ltr'><strong><em>nemo</em></strong></span> <span class='ocrx_word' id='word_1_345' title='bbox 980 3668 1235 3721; x_wconf 83' lang='lat' dir='ltr'><strong><em>hactenus</em></strong></span> <span class='ocrx_word' id='word_1_346' title='bbox 1261 3669 1397 3723; x_wconf 90' lang='lat' dir='ltr'><strong><em>satis</em></strong></span> <span class='ocrx_word' id='word_1_347' title='bbox 1419 3678 1672 3722; x_wconf 89' lang='lat' dir='ltr'><strong><em>accurate</em></strong></span> <span class='ocrx_word' id='word_1_348' title='bbox 1698 3670 1973 3739; x_wconf 71' lang='lat' dir='ltr'><strong><em>praestitit,</em></strong></span> <span class='ocrx_word' id='word_1_349' title='bbox 2006 3686 2108 3723; x_wconf 90' lang='lat' dir='ltr'><strong><em>non</em></strong></span> <span class='ocrx_word' id='word_1_350' title='bbox 2140 3687 2333 3741; x_wconf 89' lang='lat' dir='ltr'><strong><em>parvus</em></strong></span> <span class='ocrx_word' id='word_1_351' title='bbox 2364 3670 2575 3737; x_wconf 88' lang='lat' dir='ltr'><strong><em>quidem</em></strong></span> <span class='ocrx_word' id='word_1_352' title='bbox 2613 3671 2789 3737; x_wconf 92' lang='lat' dir='ltr'><strong><em>labar,</em></strong></span> <span class='ocrx_word' id='word_1_353' title='bbox 2821 3675 3091 3742; x_wconf 80' lang='lat' dir='ltr'><strong><em>verumei,</em></strong></span> <span class='ocrx_word' id='word_1_354' title='bbox 3114 3674 3206 3745; x_wconf 88' lang='lat' dir='ltr'><strong><em>qui</em></strong></span> <span class='ocrx_word' id='word_1_355' title='bbox 3241 3683 3513 3729; x_wconf 85' lang='lat' dir='ltr'><strong><em>auctorem</em></strong></span> <span class='ocrx_word' id='word_1_356' title='bbox 3536 3674 3676 3727; x_wconf 87' lang='lat' dir='ltr'><strong><em>hunc</em></strong></span> <span class='ocrx_word' id='word_1_357' title='bbox 3712 3672 4089 3743; x_wconf 86' lang='lat' dir='ltr'><strong><em>explicandum</em></strong></span> 
     </span>
    </p>
   </div>
   <div class='ocr_carea' id='block_1_31' title="bbox 804 3759 4088 3833">
    <p class='ocr_par' dir='ltr' id='par_1_31' title="bbox 804 3759 4088 3833">
     <span class='ocr_line' id='line_1_31' title="bbox 804 3759 4088 3833; baseline 0.002 -21"><span class='ocrx_word' id='word_1_358' title='bbox 804 3759 1112 3828; x_wconf 82' lang='lat' dir='ltr'><strong><em>susciperet,</em></strong></span> <span class='ocrx_word' id='word_1_359' title='bbox 1137 3761 1195 3814; x_wconf 91' lang='lat' dir='ltr'><strong><em>in</em></strong></span> <span class='ocrx_word' id='word_1_360' title='bbox 1221 3761 1411 3831; x_wconf 88' lang='lat' dir='ltr'><strong><em>primis</em></strong></span> <span class='ocrx_word' id='word_1_361' title='bbox 1441 3763 1797 3827; x_wconf 87' lang='lat' dir='ltr'><strong><em>necessarius,</em></strong></span> <span class='ocrx_word' id='word_1_362' title='bbox 1826 3762 2208 3831; x_wconf 85' lang='lat' dir='ltr'><strong><em>impendendus</em></strong></span> <span class='ocrx_word' id='word_1_363' title='bbox 2234 3763 2359 3833; x_wconf 88' lang='lat' dir='ltr'><strong><em>fuit.</em></strong></span> <span class='ocrx_word' id='word_1_364' title='bbox 2398 3760 2653 3818; x_wconf 90' lang='lat' dir='ltr'><strong><em>Latinam</em></strong></span> <span class='ocrx_word' id='word_1_365' title='bbox 2696 3781 2816 3819; x_wconf 86' lang='lat' dir='ltr'><strong><em>vero</em></strong></span> <span class='ocrx_word' id='word_1_366' title='bbox 2866 3768 3179 3833; x_wconf 87' lang='lat' dir='ltr'><strong><em>versionem,</em></strong></span> <span class='ocrx_word' id='word_1_367' title='bbox 3229 3784 3337 3823; x_wconf 89' lang='lat' dir='ltr'><strong><em>seu.</em></strong></span> <span class='ocrx_word' id='word_1_368' title='bbox 3370 3784 3559 3821; x_wconf 91' lang='lat' dir='ltr'><strong><em>novam</em></strong></span> <span class='ocrx_word' id='word_1_369' title='bbox 3607 3770 3948 3828; x_wconf 89' lang='lat' dir='ltr'><strong><em>concinnare,</em></strong></span> <span class='ocrx_word' id='word_1_370' title='bbox 3995 3783 4088 3819; x_wconf 88' lang='lat' dir='ltr'><strong><em>seu</em></strong></span> 
     </span>
    </p>
   </div>
   <div class='ocr_carea' id='block_1_32' title="bbox 804 3855 4088 3931">
    <p class='ocr_par' dir='ltr' id='par_1_32' title="bbox 804 3855 4088 3931">
     <span class='ocr_line' id='line_1_32' title="bbox 804 3855 4088 3931; baseline 0.002 -26"><span class='ocrx_word' id='word_1_371' title='bbox 804 3864 1027 3907; x_wconf 82' lang='lat' dir='ltr'><strong><em>veterem</em></strong></span> <span class='ocrx_word' id='word_1_372' title='bbox 1054 3856 1354 3922; x_wconf 87' lang='lat' dir='ltr'><strong><em>entendare,</em></strong></span> <span class='ocrx_word' id='word_1_373' title='bbox 1384 3855 1607 3925; x_wconf 88' lang='lat' dir='ltr'><strong><em>majoris</em></strong></span> <span class='ocrx_word' id='word_1_374' title='bbox 1633 3856 1809 3911; x_wconf 89' lang='lat' dir='ltr'><strong><em>adhuc</em></strong></span> <span class='ocrx_word' id='word_1_375' title='bbox 1833 3858 2005 3926; x_wconf 91' lang='lat' dir='ltr'><strong><em>operis</em></strong></span> <span class='ocrx_word' id='word_1_376' title='bbox 2036 3874 2117 3911; x_wconf 92' lang='lat' dir='ltr'><strong><em>res</em></strong></span> <span class='ocrx_word' id='word_1_377' title='bbox 2148 3868 2288 3911; x_wconf 92' lang='lat' dir='ltr'><strong><em>erat.</em></strong></span> <span class='ocrx_word' id='word_1_378' title='bbox 2323 3855 2465 3912; x_wconf 84' lang='lat' dir='ltr'><strong><em>Nam</em></strong></span> <span class='ocrx_word' id='word_1_379' title='bbox 2501 3858 2719 3913; x_wconf 83' lang='lat' dir='ltr'><strong><em>llerveti</em></strong></span> <span class='ocrx_word' id='word_1_380' title='bbox 2757 3860 3149 3929; x_wconf 85' lang='lat' dir='ltr'><strong><em>interpretatio,</em></strong></span> <span class='ocrx_word' id='word_1_381' title='bbox 3188 3877 3306 3931; x_wconf 73' lang='lat' dir='ltr'><strong><em>quae</em></strong></span> <span class='ocrx_word' id='word_1_382' title='bbox 3335 3863 3390 3914; x_wconf 87' lang='lat' dir='ltr'><strong><em>itt</em></strong></span> <span class='ocrx_word' id='word_1_383' title='bbox 3434 3862 3706 3914; x_wconf 90' lang='lat' dir='ltr'><strong><em>hominum</em></strong></span> <span class='ocrx_word' id='word_1_384' title='bbox 3753 3859 3999 3913; x_wconf 78' lang='lat' dir='ltr'><strong><em>manibus</em></strong></span> <span class='ocrx_word' id='word_1_385' title='bbox 4028 3870 4088 3912; x_wconf 89' lang='lat' dir='ltr'><strong><em>ut</em></strong></span> 
     </span>
    </p>
   </div>
   <div class='ocr_carea' id='block_1_33' title="bbox 805 3944 4092 4022">
    <p class='ocr_par' dir='ltr' id='par_1_33' title="bbox 805 3944 4092 4022">
     <span class='ocr_line' id='line_1_33' title="bbox 805 3944 4092 4022; baseline 0.002 -24"><span class='ocrx_word' id='word_1_386' title='bbox 805 3944 1097 4013; x_wconf 67' lang='lat' dir='ltr'><strong><em>plurimum</em></strong></span> <span class='ocrx_word' id='word_1_387' title='bbox 1125 3958 1364 4005; x_wconf 86' lang='lat' dir='ltr'><strong><em>versatur</em></strong></span> <span class='ocrx_word' id='word_1_388' title='bbox 1396 3959 1447 4003; x_wconf 93' lang='lat' dir='ltr'><strong><em>et</em></strong></span> <span class='ocrx_word' id='word_1_389' title='bbox 1475 3953 1834 4020; x_wconf 90' lang='lat' dir='ltr'><strong><em>posteriorum</em></strong></span> <span class='ocrx_word' id='word_1_390' title='bbox 1858 3950 2144 4007; x_wconf 88' lang='lat' dir='ltr'><strong><em>Clementis</em></strong></span> <span class='ocrx_word' id='word_1_391' title='bbox 2173 3950 2490 4006; x_wconf 84' lang='lat' dir='ltr'><strong><em>Editianum</em></strong></span> <span class='ocrx_word' id='word_1_392' title='bbox 2517 3970 2690 4008; x_wconf 89' lang='lat' dir='ltr'><strong><em>comes</em></strong></span> <span class='ocrx_word' id='word_1_393' title='bbox 2714 3966 2797 4009; x_wconf 89' lang='lat' dir='ltr'><strong><em>est</em></strong></span> <span class='ocrx_word' id='word_1_394' title='bbox 2840 3955 3143 4022; x_wconf 77' lang='lat' dir='ltr'><strong><em>individua,</em></strong></span> <span class='ocrx_word' id='word_1_395' title='bbox 3194 3955 3318 4009; x_wconf 92' lang='lat' dir='ltr'><strong><em>licet</em></strong></span> <span class='ocrx_word' id='word_1_396' title='bbox 3355 3974 3388 4009; x_wconf 87' lang='lat' dir='ltr'><strong><em>a</em></strong></span> <span class='ocrx_word' id='word_1_397' title='bbox 3422 3956 3593 4009; x_wconf 91' lang='lat' dir='ltr'><strong><em>doctis</em></strong></span> <span class='ocrx_word' id='word_1_398' title='bbox 3625 3956 3849 4008; x_wconf 90' lang='lat' dir='ltr'><strong><em>antehac</em></strong></span> <span class='ocrx_word' id='word_1_399' title='bbox 3875 3954 4002 4007; x_wconf 89' lang='lat' dir='ltr'><strong><em>viris</em></strong></span> <span class='ocrx_word' id='word_1_400' title='bbox 4034 3953 4092 4005; x_wconf 92' lang='lat' dir='ltr'><strong><em>in</em></strong></span> 
     </span>
    </p>
   </div>
   <div class='ocr_carea' id='block_1_34' title="bbox 807 4037 4095 4115">
    <p class='ocr_par' dir='ltr' id='par_1_34' title="bbox 807 4037 4095 4115">
     <span class='ocr_line' id='line_1_34' title="bbox 807 4037 4095 4115; baseline 0.002 -24"><span class='ocrx_word' id='word_1_401' title='bbox 807 4037 998 4092; x_wconf 81' lang='lat' dir='ltr'><strong><em>melius</em></strong></span> <span class='ocrx_word' id='word_1_402' title='bbox 1018 4056 1156 4109; x_wconf 75' lang='lat' dir='ltr'><strong><em>stepe</em></strong></span> <span class='ocrx_word' id='word_1_403' title='bbox 1182 4050 1423 4107; x_wconf 86' lang='lat' dir='ltr'><strong><em>mutata;</em></strong></span> <span class='ocrx_word' id='word_1_404' title='bbox 1454 4042 1628 4097; x_wconf 86' lang='lat' dir='ltr'><strong><em>adhuc</em></strong></span> <span class='ocrx_word' id='word_1_405' title='bbox 1658 4053 1836 4098; x_wconf 87' lang='lat' dir='ltr'><strong><em>tamen</em></strong></span> <span class='ocrx_word' id='word_1_406' title='bbox 1865 4045 1932 4098; x_wconf 32' lang='lat' dir='ltr'><strong><em>in.</em></strong></span> <span class='ocrx_word' id='word_1_407' title='bbox 1951 4045 2135 4098; x_wconf 91' lang='lat' dir='ltr'><strong><em>multis</em></strong></span> <span class='ocrx_word' id='word_1_408' title='bbox 2166 4044 2232 4098; x_wconf 90' lang='lat' dir='ltr'><strong><em>ab</em></strong></span> <span class='ocrx_word' id='word_1_409' title='bbox 2255 4046 2487 4099; x_wconf 89' lang='lat' dir='ltr'><strong><em>auctoris</em></strong></span> <span class='ocrx_word' id='word_1_410' title='bbox 2512 4057 2683 4102; x_wconf 90' lang='lat' dir='ltr'><strong><em>mente</em></strong></span> <span class='ocrx_word' id='word_1_411' title='bbox 2709 4048 2843 4103; x_wconf 88' lang='lat' dir='ltr'><strong><em>adeo</em></strong></span> <span class='ocrx_word' id='word_1_412' title='bbox 2866 4047 3071 4111; x_wconf 85' lang='lat' dir='ltr'><strong><em>aliena,</em></strong></span> <span class='ocrx_word' id='word_1_413' title='bbox 3096 4049 3154 4102; x_wconf 92' lang='lat' dir='ltr'><strong><em>in</em></strong></span> <span class='ocrx_word' id='word_1_414' title='bbox 3175 4048 3300 4103; x_wconf 87' lang='lat' dir='ltr'><strong><em>aliis</em></strong></span> <span class='ocrx_word' id='word_1_415' title='bbox 3328 4064 3522 4102; x_wconf 90' lang='lat' dir='ltr'><strong><em>manca</em></strong></span> <span class='ocrx_word' id='word_1_416' title='bbox 3558 4057 3619 4101; x_wconf 65' lang='lat' dir='ltr'><strong><em>et,</em></strong></span> <span class='ocrx_word' id='word_1_417' title='bbox 3658 4046 3989 4115; x_wconf 85' lang='lat' dir='ltr'><strong><em>imperfecta,</em></strong></span> <span class='ocrx_word' id='word_1_418' title='bbox 4034 4047 4095 4105; x_wconf 79' lang='lat' dir='ltr'><strong><em>in</em></strong></span> 
     </span>
    </p>
   </div>
   <div class='ocr_carea' id='block_1_35' title="bbox 803 4130 4094 4210">
    <p class='ocr_par' dir='ltr' id='par_1_35' title="bbox 803 4130 4094 4210">
     <span class='ocr_line' id='line_1_35' title="bbox 803 4130 4094 4210; baseline 0.004 -29"><span class='ocrx_word' id='word_1_419' title='bbox 803 4130 1217 4200; x_wconf 84' lang='lat' dir='ltr'><strong><em>quamplurimis</em></strong></span> <span class='ocrx_word' id='word_1_420' title='bbox 1240 4134 1494 4204; x_wconf 87' lang='lat' dir='ltr'><strong><em>ambigua</em></strong></span> <span class='ocrx_word' id='word_1_421' title='bbox 1527 4144 1576 4186; x_wconf 90' lang='lat' dir='ltr'><strong><em>et</em></strong></span> <span class='ocrx_word' id='word_1_422' title='bbox 1601 4134 1826 4188; x_wconf 90' lang='lat' dir='ltr'><strong><em>obscura</em></strong></span> <span class='ocrx_word' id='word_1_423' title='bbox 1853 4144 1953 4199; x_wconf 87' lang='lat' dir='ltr'><strong><em>est,</em></strong></span> <span class='ocrx_word' id='word_1_424' title='bbox 1982 4144 2041 4187; x_wconf 92' lang='lat' dir='ltr'><strong><em>ut</em></strong></span> <span class='ocrx_word' id='word_1_425' title='bbox 2071 4151 2209 4203; x_wconf 72' lang='lat' dir='ltr'><strong><em>sirpe</em></strong></span> <span class='ocrx_word' id='word_1_426' title='bbox 2241 4136 2299 4188; x_wconf 91' lang='lat' dir='ltr'><strong><em>in</em></strong></span> <span class='ocrx_word' id='word_1_427' title='bbox 2335 4136 2448 4205; x_wconf 88' lang='lat' dir='ltr'><strong><em>ipso</em></strong></span> <span class='ocrx_word' id='word_1_428' title='bbox 2479 4138 2745 4193; x_wconf 87' lang='lat' dir='ltr'><strong><em>Clemente</em></strong></span> <span class='ocrx_word' id='word_1_429' title='bbox 2778 4138 2915 4193; x_wconf 88' lang='lat' dir='ltr'><strong><em>nihil</em></strong></span> <span class='ocrx_word' id='word_1_430' title='bbox 2940 4141 3111 4210; x_wconf 88' lang='lat' dir='ltr'><strong><em>magis</em></strong></span> <span class='ocrx_word' id='word_1_431' title='bbox 3147 4156 3309 4209; x_wconf 90' lang='lat' dir='ltr'><strong><em>quant</em></strong></span> <span class='ocrx_word' id='word_1_432' title='bbox 3335 4138 3655 4195; x_wconf 86' lang='lat' dir='ltr'><strong><em>Clementem</em></strong></span> <span class='ocrx_word' id='word_1_433' title='bbox 3682 4136 3971 4202; x_wconf 80' lang='lat' dir='ltr'><strong><em>desideres,</em></strong></span> <span class='ocrx_word' id='word_1_434' title='bbox 3999 4152 4094 4195; x_wconf 85' lang='lat' dir='ltr'><strong><em>nec</em></strong></span> 
     </span>
    </p>
   </div>
   <div class='ocr_carea' id='block_1_36' title="bbox 807 4222 4095 4303">
    <p class='ocr_par' dir='ltr' id='par_1_36' title="bbox 807 4222 4095 4303">
     <span class='ocr_line' id='line_1_36' title="bbox 807 4222 4095 4303; baseline 0.002 -28"><span class='ocrx_word' id='word_1_435' title='bbox 807 4240 933 4276; x_wconf 88' lang='lat' dir='ltr'><strong><em>raro</em></strong></span> <span class='ocrx_word' id='word_1_436' title='bbox 953 4222 1154 4278; x_wconf 89' lang='lat' dir='ltr'><strong><em>Latina</em></strong></span> <span class='ocrx_word' id='word_1_437' title='bbox 1189 4227 1367 4294; x_wconf 89' lang='lat' dir='ltr'><strong><em>potius</em></strong></span> <span class='ocrx_word' id='word_1_438' title='bbox 1390 4244 1424 4281; x_wconf 89' lang='lat' dir='ltr'><strong><em>a</em></strong></span> <span class='ocrx_word' id='word_1_439' title='bbox 1454 4226 1676 4294; x_wconf 79' lang='lat' dir='ltr'><strong><em>Crtecis,</em></strong></span> <span class='ocrx_word' id='word_1_440' title='bbox 1702 4244 1862 4298; x_wconf 84' lang='lat' dir='ltr'><strong><em>quam</em></strong></span> <span class='ocrx_word' id='word_1_441' title='bbox 1890 4228 2001 4281; x_wconf 76' lang='lat' dir='ltr'><strong><em>hwc</em></strong></span> <span class='ocrx_word' id='word_1_442' title='bbox 2022 4229 2087 4281; x_wconf 90' lang='lat' dir='ltr'><strong><em>ab</em></strong></span> <span class='ocrx_word' id='word_1_443' title='bbox 2118 4229 2228 4282; x_wconf 90' lang='lat' dir='ltr'><strong><em>illis</em></strong></span> <span class='ocrx_word' id='word_1_444' title='bbox 2261 4238 2429 4283; x_wconf 89' lang='lat' dir='ltr'><strong><em>lucem</em></strong></span> <span class='ocrx_word' id='word_1_445' title='bbox 2462 4241 2795 4302; x_wconf 83' lang='lat' dir='ltr'><strong><em>exspectent;</em></strong></span> <span class='ocrx_word' id='word_1_446' title='bbox 2826 4242 2877 4287; x_wconf 90' lang='lat' dir='ltr'><strong><em>et</em></strong></span> <span class='ocrx_word' id='word_1_447' title='bbox 2902 4233 2993 4303; x_wconf 90' lang='lat' dir='ltr'><strong><em>qui</em></strong></span> <span class='ocrx_word' id='word_1_448' title='bbox 3022 4233 3159 4287; x_wconf 86' lang='lat' dir='ltr'><strong><em>hanc</em></strong></span> <span class='ocrx_word' id='word_1_449' title='bbox 3187 4232 3430 4302; x_wconf 86' lang='lat' dir='ltr'><strong><em>denique,</em></strong></span> <span class='ocrx_word' id='word_1_450' title='bbox 3463 4240 3619 4300; x_wconf 89' lang='lat' dir='ltr'><strong><em>prout</em></strong></span> <span class='ocrx_word' id='word_1_451' title='bbox 3658 4247 3736 4283; x_wconf 86' lang='lat' dir='ltr'><strong><em>res</em></strong></span> <span class='ocrx_word' id='word_1_452' title='bbox 3761 4231 3946 4300; x_wconf 85' lang='lat' dir='ltr'><strong><em>exigit,</em></strong></span> <span class='ocrx_word' id='word_1_453' title='bbox 3971 4246 4095 4283; x_wconf 83' lang='lat' dir='ltr'><strong><em>cor-</em></strong></span> 
     </span>
    </p>
   </div>
   <div class='ocr_carea' id='block_1_37' title="bbox 805 4317 4094 4392">
    <p class='ocr_par' dir='ltr' id='par_1_37' title="bbox 805 4317 4094 4392">
     <span class='ocr_line' id='line_1_37' title="bbox 805 4317 4094 4392; baseline 0.002 -23"><span class='ocrx_word' id='word_1_454' title='bbox 805 4317 1081 4387; x_wconf 83' lang='lat' dir='ltr'><strong><em>rigendam</em></strong></span> <span class='ocrx_word' id='word_1_455' title='bbox 1127 4320 1437 4388; x_wconf 85' lang='lat' dir='ltr'><strong><em>susciperet,</em></strong></span> <span class='ocrx_word' id='word_1_456' title='bbox 1494 4320 1689 4392; x_wconf 81' lang='lat' dir='ltr'><strong><em>Augcee</em></strong></span> <span class='ocrx_word' id='word_1_457' title='bbox 1718 4320 1876 4391; x_wconf 89' lang='lat' dir='ltr'><strong><em>plane</em></strong></span> <span class='ocrx_word' id='word_1_458' title='bbox 1930 4320 2203 4375; x_wconf 88' lang='lat' dir='ltr'><strong><em>stabulum</em></strong></span> <span class='ocrx_word' id='word_1_459' title='bbox 2253 4337 2481 4392; x_wconf 89' lang='lat' dir='ltr'><strong><em>purgare</em></strong></span> <span class='ocrx_word' id='word_1_460' title='bbox 2521 4323 2807 4379; x_wconf 85' lang='lat' dir='ltr'><strong><em>videretur.</em></strong></span> <span class='ocrx_word' id='word_1_461' title='bbox 2874 4323 3112 4382; x_wconf 88' lang='lat' dir='ltr'><strong><em>Proinde</em></strong></span> <span class='ocrx_word' id='word_1_462' title='bbox 3169 4322 3619 4378; x_wconf 80' lang='lat' dir='ltr'><strong><em>Cohortationem</em></strong></span> <span class='ocrx_word' id='word_1_463' title='bbox 3665 4322 3733 4376; x_wconf 86' lang='lat' dir='ltr'><strong><em>ad</em></strong></span> <span class='ocrx_word' id='word_1_464' title='bbox 3772 4319 3993 4377; x_wconf 73' lang='lat' dir='ltr'><strong><em>Graecos</em></strong></span> <span class='ocrx_word' id='word_1_465' title='bbox 4026 4337 4094 4376; x_wconf 84' lang='lat' dir='ltr'><strong><em>ex</em></strong></span> 
     </span>
    </p>
   </div>
   <div class='ocr_carea' id='block_1_38' title="bbox 805 4408 4092 4486">
    <p class='ocr_par' dir='ltr' id='par_1_38' title="bbox 805 4408 4092 4486">
     <span class='ocr_line' id='line_1_38' title="bbox 805 4408 4092 4486; baseline 0.002 -22"><span class='ocrx_word' id='word_1_466' title='bbox 805 4408 994 4466; x_wconf 72' lang='lat' dir='ltr'><strong><em>erca</em></strong></span> <span class='ocrx_word' id='word_1_467' title='bbox 1022 4409 1276 4466; x_wconf 88' lang='lat' dir='ltr'><strong><em>Latinam</em></strong></span> <span class='ocrx_word' id='word_1_468' title='bbox 1296 4413 1492 4467; x_wconf 89' lang='lat' dir='ltr'><strong><em>iterum</em></strong></span> <span class='ocrx_word' id='word_1_469' title='bbox 1523 4414 1767 4482; x_wconf 78' lang='lat' dir='ltr'><strong><em>fecimus,</em></strong></span> <span class='ocrx_word' id='word_1_470' title='bbox 1793 4414 1863 4470; x_wconf 83' lang='lat' dir='ltr'><strong><em>ad</em></strong></span> <span class='ocrx_word' id='word_1_471' title='bbox 1894 4413 2181 4485; x_wconf 68' lang='lat' dir='ltr'><strong><em>Paedagogi</em></strong></span> <span class='ocrx_word' id='word_1_472' title='bbox 2218 4414 2403 4483; x_wconf 89' lang='lat' dir='ltr'><strong><em>forsan</em></strong></span> <span class='ocrx_word' id='word_1_473' title='bbox 2432 4433 2495 4469; x_wconf 92' lang='lat' dir='ltr'><strong><em>ac</em></strong></span> <span class='ocrx_word' id='word_1_474' title='bbox 2528 4416 2869 4472; x_wconf 80' lang='lat' dir='ltr'><strong><em>Stromatum</em></strong></span> <span class='ocrx_word' id='word_1_475' title='bbox 2913 4418 3078 4483; x_wconf 85' lang='lat' dir='ltr'><strong><em>etiam</em></strong></span> <span class='ocrx_word' id='word_1_476' title='bbox 3117 4416 3281 4471; x_wconf 90' lang='lat' dir='ltr'><strong><em>libros</em></strong></span> <span class='ocrx_word' id='word_1_477' title='bbox 3311 4417 3667 4486; x_wconf 90' lang='lat' dir='ltr'><strong><em>progressuri,</em></strong></span> <span class='ocrx_word' id='word_1_478' title='bbox 3707 4416 3813 4469; x_wconf 89' lang='lat' dir='ltr'><strong><em>nisi</em></strong></span> <span class='ocrx_word' id='word_1_479' title='bbox 3840 4414 3953 4468; x_wconf 84' lang='lat' dir='ltr'><strong><em>alia</em></strong></span> <span class='ocrx_word' id='word_1_480' title='bbox 3997 4432 4092 4471; x_wconf 79' lang='lat' dir='ltr'><strong><em>nos</em></strong></span> 
     </span>
    </p>
   </div>
   <div class='ocr_carea' id='block_1_39' title="bbox 802 4506 4093 4582">
    <p class='ocr_par' dir='ltr' id='par_1_39' title="bbox 802 4506 4093 4582">
     <span class='ocr_line' id='line_1_39' title="bbox 802 4506 4093 4582; baseline 0.001 -23"><span class='ocrx_word' id='word_1_481' title='bbox 802 4506 1007 4572; x_wconf 90' lang='lat' dir='ltr'><strong><em>studia,</em></strong></span> <span class='ocrx_word' id='word_1_482' title='bbox 1031 4521 1150 4576; x_wconf 77' lang='lat' dir='ltr'><strong><em>qua:</em></strong></span> <span class='ocrx_word' id='word_1_483' title='bbox 1177 4506 1384 4560; x_wconf 88' lang='lat' dir='ltr'><strong><em>diutius</em></strong></span> <span class='ocrx_word' id='word_1_484' title='bbox 1412 4509 1762 4563; x_wconf 89' lang='lat' dir='ltr'><strong><em>intermittere</em></strong></span> <span class='ocrx_word' id='word_1_485' title='bbox 1791 4509 1936 4563; x_wconf 88' lang='lat' dir='ltr'><strong><em>haud</em></strong></span> <span class='ocrx_word' id='word_1_486' title='bbox 1969 4509 2146 4573; x_wconf 87' lang='lat' dir='ltr'><strong><em>licuit,</em></strong></span> <span class='ocrx_word' id='word_1_487' title='bbox 2192 4526 2253 4564; x_wconf 90' lang='lat' dir='ltr'><strong><em>eo</em></strong></span> <span class='ocrx_word' id='word_1_488' title='bbox 2298 4511 2512 4565; x_wconf 80' lang='lat' dir='ltr'><strong><em>tandem</em></strong></span> <span class='ocrx_word' id='word_1_489' title='bbox 2550 4510 2948 4582; x_wconf 89' lang='lat' dir='ltr'><strong><em>compulissent,</em></strong></span> <span class='ocrx_word' id='word_1_490' title='bbox 2994 4522 3053 4566; x_wconf 91' lang='lat' dir='ltr'><strong><em>ut</em></strong></span> <span class='ocrx_word' id='word_1_491' title='bbox 3114 4510 3179 4564; x_wconf 88' lang='lat' dir='ltr'><strong><em>de</em></strong></span> <span class='ocrx_word' id='word_1_492' title='bbox 3227 4508 3453 4564; x_wconf 84' lang='lat' dir='ltr'><strong><em>Herveto</em></strong></span> <span class='ocrx_word' id='word_1_493' title='bbox 3493 4510 3671 4579; x_wconf 85' lang='lat' dir='ltr'><strong><em>potius</em></strong></span> <span class='ocrx_word' id='word_1_494' title='bbox 3723 4510 3792 4563; x_wconf 91' lang='lat' dir='ltr'><strong><em>ad</em></strong></span> <span class='ocrx_word' id='word_1_495' title='bbox 3845 4509 4093 4565; x_wconf 74' lang='lat' dir='ltr'><strong><em>Crwcum</em></strong></span> 
     </span>
    </p>
   </div>
   <div class='ocr_carea' id='block_1_40' title="bbox 803 4601 4092 4675">
    <p class='ocr_par' dir='ltr' id='par_1_40' title="bbox 803 4601 4092 4675">
     <span class='ocr_line' id='line_1_40' title="bbox 803 4601 4092 4675; baseline 0.002 -23"><span class='ocrx_word' id='word_1_496' title='bbox 803 4609 1008 4654; x_wconf 84' lang='lat' dir='ltr'><strong><em>textum</em></strong></span> <span class='ocrx_word' id='word_1_497' title='bbox 1041 4601 1492 4655; x_wconf 89' lang='lat' dir='ltr'><strong><em>accommodanda</em></strong></span> <span class='ocrx_word' id='word_1_498' title='bbox 1515 4601 1757 4672; x_wconf 87' lang='lat' dir='ltr'><strong><em>deinceps</em></strong></span> <span class='ocrx_word' id='word_1_499' title='bbox 1782 4605 2166 4674; x_wconf 86' lang='lat' dir='ltr'><strong><em>cogitaremus;</em></strong></span> <span class='ocrx_word' id='word_1_500' title='bbox 2192 4604 2305 4674; x_wconf 89' lang='lat' dir='ltr'><strong><em>qui,</em></strong></span> <span class='ocrx_word' id='word_1_501' title='bbox 2342 4614 2500 4674; x_wconf 89' lang='lat' dir='ltr'><strong><em>prout</em></strong></span> <span class='ocrx_word' id='word_1_502' title='bbox 2531 4622 2669 4659; x_wconf 88' lang='lat' dir='ltr'><strong><em>nunc</em></strong></span> <span class='ocrx_word' id='word_1_503' title='bbox 2700 4615 2943 4675; x_wconf 87' lang='lat' dir='ltr'><strong><em>apparet,</em></strong></span> <span class='ocrx_word' id='word_1_504' title='bbox 2966 4606 3181 4663; x_wconf 85' lang='lat' dir='ltr'><strong><em>etiamsi</em></strong></span> <span class='ocrx_word' id='word_1_505' title='bbox 3216 4620 3409 4675; x_wconf 88' lang='lat' dir='ltr'><strong><em>parum</em></strong></span> <span class='ocrx_word' id='word_1_506' title='bbox 3430 4602 3641 4673; x_wconf 84' lang='lat' dir='ltr'><strong><em>elegans</em></strong></span> <span class='ocrx_word' id='word_1_507' title='bbox 3678 4613 3727 4657; x_wconf 91' lang='lat' dir='ltr'><strong><em>et</em></strong></span> <span class='ocrx_word' id='word_1_508' title='bbox 3761 4613 4004 4666; x_wconf 83' lang='lat' dir='ltr'><strong><em>ornatus,</em></strong></span> <span class='ocrx_word' id='word_1_509' title='bbox 4036 4607 4092 4659; x_wconf 87' lang='lat' dir='ltr'><strong><em>in</em></strong></span> 
     </span>
    </p>
   </div>
   <div class='ocr_carea' id='block_1_41' title="bbox 801 4691 3193 4765">
    <p class='ocr_par' dir='ltr' id='par_1_41' title="bbox 801 4691 3193 4765">
     <span class='ocr_line' id='line_1_41' title="bbox 801 4691 3193 4765; baseline 0.003 -22"><span class='ocrx_word' id='word_1_510' title='bbox 801 4691 1066 4761; x_wconf 90' lang='lat' dir='ltr'><strong><em>plerisque</em></strong></span> <span class='ocrx_word' id='word_1_511' title='bbox 1095 4699 1295 4758; x_wconf 90' lang='lat' dir='ltr'><strong><em>tamen,</em></strong></span> <span class='ocrx_word' id='word_1_512' title='bbox 1329 4693 1410 4744; x_wconf 91' lang='lat' dir='ltr'><strong><em>uti</em></strong></span> <span class='ocrx_word' id='word_1_513' title='bbox 1444 4707 1560 4760; x_wconf 88' lang='lat' dir='ltr'><strong><em>spes</em></strong></span> <span class='ocrx_word' id='word_1_514' title='bbox 1598 4701 1699 4756; x_wconf 90' lang='lat' dir='ltr'><strong><em>est,</em></strong></span> <span class='ocrx_word' id='word_1_515' title='bbox 1725 4693 1867 4746; x_wconf 91' lang='lat' dir='ltr'><strong><em>haud</em></strong></span> <span class='ocrx_word' id='word_1_516' title='bbox 1890 4694 2046 4762; x_wconf 88' lang='lat' dir='ltr'><strong><em>plane</em></strong></span> <span class='ocrx_word' id='word_1_517' title='bbox 2074 4695 2273 4765; x_wconf 79' lang='lat' dir='ltr'><strong><em>inﬁdus</em></strong></span> <span class='ocrx_word' id='word_1_518' title='bbox 2299 4695 2580 4750; x_wconf 90' lang='lat' dir='ltr'><strong><em>habebitur</em></strong></span> <span class='ocrx_word' id='word_1_519' title='bbox 2601 4695 2888 4751; x_wconf 85' lang='lat' dir='ltr'><strong><em>Clementis</em></strong></span> <span class='ocrx_word' id='word_1_520' title='bbox 2912 4699 3193 4765; x_wconf 85' lang='lat' dir='ltr'><strong><em>interpres.</em></strong></span> 
     </span>
    </p>
   </div>
   <div class='ocr_carea' id='block_1_42' title="bbox 874 4784 4094 4863">
    <p class='ocr_par' dir='ltr' id='par_1_42' title="bbox 874 4784 4094 4863">
     <span class='ocr_line' id='line_1_42' title="bbox 874 4784 4094 4863; baseline 0.001 -23"><span class='ocrx_word' id='word_1_521' title='bbox 874 4784 1058 4841; x_wconf 80' lang='lat' dir='ltr'><strong><em>Crteca</em></strong></span> <span class='ocrx_word' id='word_1_522' title='bbox 1090 4804 1152 4841; x_wconf 87' lang='lat' dir='ltr'><strong><em>ac</em></strong></span> <span class='ocrx_word' id='word_1_523' title='bbox 1179 4786 1376 4842; x_wconf 85' lang='lat' dir='ltr'><strong><em>Latino</em></strong></span> <span class='ocrx_word' id='word_1_524' title='bbox 1410 4788 1580 4841; x_wconf 85' lang='lat' dir='ltr'><strong><em>textui</em></strong></span> <span class='ocrx_word' id='word_1_525' title='bbox 1615 4786 1911 4858; x_wconf 81' lang='lat' dir='ltr'><strong><em>Sylburgii,</em></strong></span> <span class='ocrx_word' id='word_1_526' title='bbox 1945 4787 2174 4855; x_wconf 86' lang='lat' dir='ltr'><strong><em>Heinsii,</em></strong></span> <span class='ocrx_word' id='word_1_527' title='bbox 2210 4792 2544 4863; x_wconf 87' lang='lat' dir='ltr'><strong><em>aliorumque</em></strong></span> <span class='ocrx_word' id='word_1_528' title='bbox 2577 4791 2860 4846; x_wconf 88' lang='lat' dir='ltr'><strong><em>doctorum</em></strong></span> <span class='ocrx_word' id='word_1_529' title='bbox 2895 4793 3135 4845; x_wconf 85' lang='lat' dir='ltr'><strong><em>virorum</em></strong></span> <span class='ocrx_word' id='word_1_530' title='bbox 3170 4790 3341 4845; x_wconf 88' lang='lat' dir='ltr'><strong><em>Notas</em></strong></span> <span class='ocrx_word' id='word_1_531' title='bbox 3385 4790 3753 4858; x_wconf 85' lang='lat' dir='ltr'><strong><em>adiunximus,</em></strong></span> <span class='ocrx_word' id='word_1_532' title='bbox 3799 4809 3930 4863; x_wconf 80' lang='lat' dir='ltr'><strong><em>quas</em></strong></span> <span class='ocrx_word' id='word_1_533' title='bbox 3965 4790 4094 4844; x_wconf 90' lang='lat' dir='ltr'><strong><em>libri</em></strong></span> 
     </span>
    </p>
   </div>
   <div class='ocr_carea' id='block_1_43' title="bbox 798 4878 4097 4954">
    <p class='ocr_par' dir='ltr' id='par_1_43' title="bbox 798 4878 4097 4954">
     <span class='ocr_line' id='line_1_43' title="bbox 798 4878 4097 4954; baseline 0 -21"><span class='ocrx_word' id='word_1_534' title='bbox 798 4878 1023 4933; x_wconf 81' lang='lat' dir='ltr'><strong><em>antehac</em></strong></span> <span class='ocrx_word' id='word_1_535' title='bbox 1048 4881 1198 4945; x_wconf 90' lang='lat' dir='ltr'><strong><em>editi,</em></strong></span> <span class='ocrx_word' id='word_1_536' title='bbox 1228 4895 1348 4933; x_wconf 89' lang='lat' dir='ltr'><strong><em>cum</em></strong></span> <span class='ocrx_word' id='word_1_537' title='bbox 1377 4897 1410 4934; x_wconf 92' lang='lat' dir='ltr'><strong><em>a</em></strong></span> <span class='ocrx_word' id='word_1_538' title='bbox 1445 4896 1501 4934; x_wconf 92' lang='lat' dir='ltr'><strong><em>se</em></strong></span> <span class='ocrx_word' id='word_1_539' title='bbox 1524 4879 1770 4945; x_wconf 89' lang='lat' dir='ltr'><strong><em>invicem,</em></strong></span> <span class='ocrx_word' id='word_1_540' title='bbox 1806 4890 1917 4933; x_wconf 89' lang='lat' dir='ltr'><strong><em>tum</em></strong></span> <span class='ocrx_word' id='word_1_541' title='bbox 1948 4882 2013 4935; x_wconf 92' lang='lat' dir='ltr'><strong><em>ab</em></strong></span> <span class='ocrx_word' id='word_1_542' title='bbox 2040 4882 2152 4950; x_wconf 92' lang='lat' dir='ltr'><strong><em>ipso</em></strong></span> <span class='ocrx_word' id='word_1_543' title='bbox 2182 4883 2342 4936; x_wconf 86' lang='lat' dir='ltr'><strong><em>etiam</em></strong></span> <span class='ocrx_word' id='word_1_544' title='bbox 2380 4899 2599 4938; x_wconf 88' lang='lat' dir='ltr'><strong><em>auctore</em></strong></span> <span class='ocrx_word' id='word_1_545' title='bbox 2625 4885 2852 4938; x_wconf 87' lang='lat' dir='ltr'><strong><em>nintiunt</em></strong></span> <span class='ocrx_word' id='word_1_546' title='bbox 2887 4892 3117 4937; x_wconf 89' lang='lat' dir='ltr'><strong><em>remotas</em></strong></span> <span class='ocrx_word' id='word_1_547' title='bbox 3161 4883 3219 4935; x_wconf 93' lang='lat' dir='ltr'><strong><em>in</em></strong></span> <span class='ocrx_word' id='word_1_548' title='bbox 3248 4882 3394 4935; x_wconf 90' lang='lat' dir='ltr'><strong><em>calce</em></strong></span> <span class='ocrx_word' id='word_1_549' title='bbox 3420 4885 3600 4950; x_wconf 71' lang='lat' dir='ltr'><strong><em>[totius</em></strong></span> <span class='ocrx_word' id='word_1_550' title='bbox 3637 4886 3808 4954; x_wconf 90' lang='lat' dir='ltr'><strong><em>operis</em></strong></span> <span class='ocrx_word' id='word_1_551' title='bbox 3841 4883 4097 4938; x_wconf 84' lang='lat' dir='ltr'><strong><em>exhiben-</em></strong></span> 
     </span>
    </p>
   </div>
   <div class='ocr_carea' id='block_1_44' title="bbox 798 4972 4094 5046">
    <p class='ocr_par' dir='ltr' id='par_1_44' title="bbox 798 4972 4094 5046">
     <span class='ocr_line' id='line_1_44' title="bbox 798 4972 4094 5046; baseline -0.001 -20"><span class='ocrx_word' id='word_1_552' title='bbox 798 4988 901 5039; x_wconf 85' lang='lat' dir='ltr'><strong><em>tes,</em></strong></span> <span class='ocrx_word' id='word_1_553' title='bbox 941 4973 1181 5042; x_wconf 86' lang='lat' dir='ltr'><strong><em>ingratas</em></strong></span> <span class='ocrx_word' id='word_1_554' title='bbox 1213 4973 1466 5027; x_wconf 88' lang='lat' dir='ltr'><strong><em>studiosis</em></strong></span> <span class='ocrx_word' id='word_1_555' title='bbox 1497 4972 1783 5028; x_wconf 90' lang='lat' dir='ltr'><strong><em>lectoribus</em></strong></span> <span class='ocrx_word' id='word_1_556' title='bbox 1825 4989 2003 5028; x_wconf 88' lang='lat' dir='ltr'><strong><em>moras</em></strong></span> <span class='ocrx_word' id='word_1_557' title='bbox 2043 4975 2313 5045; x_wconf 87' lang='lat' dir='ltr'><strong><em>injiciunt.</em></strong></span> <span class='ocrx_word' id='word_1_558' title='bbox 2351 4976 2451 5030; x_wconf 83' lang='lat' dir='ltr'><strong><em>His</em></strong></span> <span class='ocrx_word' id='word_1_559' title='bbox 2484 4978 2622 5030; x_wconf 89' lang='lat' dir='ltr'><strong><em>alias</em></strong></span> <span class='ocrx_word' id='word_1_560' title='bbox 2665 4977 3055 5031; x_wconf 89' lang='lat' dir='ltr'><strong><em>immiscuimus</em></strong></span> <span class='ocrx_word' id='word_1_561' title='bbox 3094 4990 3123 5028; x_wconf 92' lang='lat' dir='ltr'><strong><em>e</em></strong></span> <span class='ocrx_word' id='word_1_562' title='bbox 3156 4974 3484 5044; x_wconf 84' lang='lat' dir='ltr'><strong><em>philologicis</em></strong></span> <span class='ocrx_word' id='word_1_563' title='bbox 3534 4977 3692 5046; x_wconf 87' lang='lat' dir='ltr'><strong><em>hujus</em></strong></span> <span class='ocrx_word' id='word_1_564' title='bbox 3736 4994 3799 5031; x_wconf 92' lang='lat' dir='ltr'><strong><em>ac</em></strong></span> <span class='ocrx_word' id='word_1_565' title='bbox 3850 4974 4094 5044; x_wconf 82' lang='lat' dir='ltr'><strong><em>proxime</em></strong></span> 
     </span>
    </p>
   </div>
   <div class='ocr_carea' id='block_1_45' title="bbox 798 5066 4092 5142">
    <p class='ocr_par' dir='ltr' id='par_1_45' title="bbox 798 5066 4092 5142">
     <span class='ocr_line' id='line_1_45' title="bbox 798 5066 4092 5142; baseline 0.001 -22"><span class='ocrx_word' id='word_1_566' title='bbox 798 5067 1089 5136; x_wconf 89' lang='lat' dir='ltr'><strong><em>superioris</em></strong></span> <span class='ocrx_word' id='word_1_567' title='bbox 1120 5066 1305 5121; x_wconf 78' lang='lat' dir='ltr'><strong><em>swculi</em></strong></span> <span class='ocrx_word' id='word_1_568' title='bbox 1335 5067 1684 5135; x_wconf 75' lang='lat' dir='ltr'><strong><em>scriptoribus</em></strong></span> <span class='ocrx_word' id='word_1_569' title='bbox 1721 5084 1752 5119; x_wconf 92' lang='lat' dir='ltr'><strong><em>a</em></strong></span> <span class='ocrx_word' id='word_1_570' title='bbox 1783 5066 2179 5139; x_wconf 88' lang='lat' dir='ltr'><strong><em>nobismetipsis</em></strong></span> <span class='ocrx_word' id='word_1_571' title='bbox 2224 5071 2455 5141; x_wconf 89' lang='lat' dir='ltr'><strong><em>undique</em></strong></span> <span class='ocrx_word' id='word_1_572' title='bbox 2487 5082 2781 5139; x_wconf 77' lang='lat' dir='ltr'><strong><em>excerptas.</em></strong></span> <span class='ocrx_word' id='word_1_573' title='bbox 2818 5070 2885 5125; x_wconf 84' lang='lat' dir='ltr'><strong><em>In</em></strong></span> <span class='ocrx_word' id='word_1_574' title='bbox 2930 5070 3171 5139; x_wconf 87' lang='lat' dir='ltr'><strong><em>margine</em></strong></span> <span class='ocrx_word' id='word_1_575' title='bbox 3213 5070 3409 5123; x_wconf 87' lang='lat' dir='ltr'><strong><em>codicis</em></strong></span> <span class='ocrx_word' id='word_1_576' title='bbox 3456 5073 3563 5137; x_wconf 82' lang='lat' dir='ltr'><strong><em>sui,</em></strong></span> <span class='ocrx_word' id='word_1_577' title='bbox 3596 5089 3747 5142; x_wconf 82' lang='lat' dir='ltr'><strong><em>quem</em></strong></span> <span class='ocrx_word' id='word_1_578' title='bbox 3781 5070 3930 5132; x_wconf 88' lang='lat' dir='ltr'><strong><em>mihi,</em></strong></span> <span class='ocrx_word' id='word_1_579' title='bbox 3969 5086 4092 5123; x_wconf 87' lang='lat' dir='ltr'><strong><em>cum</em></strong></span> 
     </span>
    </p>
   </div>
   <div class='ocr_carea' id='block_1_46' title="bbox 798 5158 4085 5235">
    <p class='ocr_par' dir='ltr' id='par_1_46' title="bbox 798 5158 4085 5235">
     <span class='ocr_line' id='line_1_46' title="bbox 798 5158 4085 5235; baseline 0 -22"><span class='ocrx_word' id='word_1_580' title='bbox 798 5163 868 5213; x_wconf 81' lang='lat' dir='ltr'><strong><em>ad</em></strong></span> <span class='ocrx_word' id='word_1_581' title='bbox 898 5170 1148 5230; x_wconf 88' lang='lat' dir='ltr'><strong><em>quartum</em></strong></span> <span class='ocrx_word' id='word_1_582' title='bbox 1179 5158 1522 5214; x_wconf 79' lang='lat' dir='ltr'><strong><em>Strumatum</em></strong></span> <span class='ocrx_word' id='word_1_583' title='bbox 1552 5158 1751 5213; x_wconf 89' lang='lat' dir='ltr'><strong><em>librum</em></strong></span> <span class='ocrx_word' id='word_1_584' title='bbox 1779 5162 2153 5229; x_wconf 79' lang='lat' dir='ltr'><strong><em>peruenissem,</em></strong></span> <span class='ocrx_word' id='word_1_585' title='bbox 2199 5165 2428 5218; x_wconf 87' lang='lat' dir='ltr'><strong><em>moriens</em></strong></span> <span class='ocrx_word' id='word_1_586' title='bbox 2473 5165 2692 5235; x_wconf 88' lang='lat' dir='ltr'><strong><em>legavit,</em></strong></span> <span class='ocrx_word' id='word_1_587' title='bbox 2738 5163 2997 5219; x_wconf 89' lang='lat' dir='ltr'><strong><em>nonnulla</em></strong></span> <span class='ocrx_word' id='word_1_588' title='bbox 3021 5162 3369 5215; x_wconf 78' lang='lat' dir='ltr'><strong><em>adnataverat</em></strong></span> <span class='ocrx_word' id='word_1_589' title='bbox 3397 5163 3628 5217; x_wconf 84' lang='lat' dir='ltr'><strong><em>Crabius</em></strong></span> <span class='ocrx_word' id='word_1_590' title='bbox 3669 5168 3701 5218; x_wconf 87' lang='grc' dir='ltr'>ό</span> <span class='ocrx_word' id='word_1_591' title='bbox 3728 5164 4085 5230; x_wconf 71' lang='grc' dir='ltr'><strong><em>μακαρίτης.</em></strong></span> 
     </span>
    </p>
   </div>
   <div class='ocr_carea' id='block_1_47' title="bbox 797 5251 4093 5329">
    <p class='ocr_par' dir='ltr' id='par_1_47' title="bbox 797 5251 4093 5329">
     <span class='ocr_line' id='line_1_47' title="bbox 797 5251 4093 5329; baseline 0.001 -23"><span class='ocrx_word' id='word_1_592' title='bbox 797 5253 929 5307; x_wconf 82' lang='lat' dir='ltr'><strong><em>Post</em></strong></span> <span class='ocrx_word' id='word_1_593' title='bbox 968 5251 1175 5306; x_wconf 88' lang='lat' dir='ltr'><strong><em>nullum</em></strong></span> <span class='ocrx_word' id='word_1_594' title='bbox 1197 5269 1315 5306; x_wconf 90' lang='lat' dir='ltr'><strong><em>vero</em></strong></span> <span class='ocrx_word' id='word_1_595' title='bbox 1346 5252 1476 5306; x_wconf 85' lang='lat' dir='ltr'><strong><em>mihi</em></strong></span> <span class='ocrx_word' id='word_1_596' title='bbox 1508 5254 1880 5307; x_wconf 89' lang='lat' dir='ltr'><strong><em>memorandus</em></strong></span> <span class='ocrx_word' id='word_1_597' title='bbox 1924 5266 2003 5309; x_wconf 87' lang='lat' dir='ltr'><strong><em>est</em></strong></span> <span class='ocrx_word' id='word_1_598' title='bbox 2036 5256 2123 5311; x_wconf 92' lang='lat' dir='ltr'><strong><em>W.</em></strong></span> <span class='ocrx_word' id='word_1_599' title='bbox 2166 5256 2459 5324; x_wconf 80' lang='lat' dir='ltr'><strong><em>Lowthius,</em></strong></span> <span class='ocrx_word' id='word_1_600' title='bbox 2496 5257 2755 5314; x_wconf 70' lang='lat' dir='ltr'><strong><em>Ecclesia:</em></strong></span> <span class='ocrx_word' id='word_1_601' title='bbox 2802 5256 3131 5312; x_wconf 85' lang='lat' dir='ltr'><strong><em>cathedralis</em></strong></span> <span class='ocrx_word' id='word_1_602' title='bbox 3163 5255 3399 5312; x_wconf 87' lang='lat' dir='ltr'><strong><em>Winton.</em></strong></span> <span class='ocrx_word' id='word_1_603' title='bbox 3441 5257 3842 5329; x_wconf 78' lang='lat' dir='ltr'><strong><em>prtebendarius</em></strong></span> <span class='ocrx_word' id='word_1_604' title='bbox 3888 5256 4093 5326; x_wconf 81' lang='lat' dir='ltr'><strong><em>dignis-</em></strong></span> 
     </span>
    </p>
   </div>
   <div class='ocr_carea' id='block_1_48' title="bbox 793 5346 4086 5419">
    <p class='ocr_par' dir='ltr' id='par_1_48' title="bbox 793 5346 4086 5419">
     <span class='ocr_line' id='line_1_48' title="bbox 793 5346 4086 5419; baseline 0.001 -17"><span class='ocrx_word' id='word_1_605' title='bbox 793 5352 1001 5411; x_wconf 84' lang='lat' dir='ltr'><strong><em>simus;</em></strong></span> <span class='ocrx_word' id='word_1_606' title='bbox 1034 5347 1127 5417; x_wconf 90' lang='lat' dir='ltr'><strong><em>qui</em></strong></span> <span class='ocrx_word' id='word_1_607' title='bbox 1157 5363 1261 5402; x_wconf 89' lang='lat' dir='ltr'><strong><em>non</em></strong></span> <span class='ocrx_word' id='word_1_608' title='bbox 1289 5346 1461 5400; x_wconf 90' lang='lat' dir='ltr'><strong><em>solum</em></strong></span> <span class='ocrx_word' id='word_1_609' title='bbox 1495 5357 1778 5416; x_wconf 88' lang='lat' dir='ltr'><strong><em>perpetuas</em></strong></span> <span class='ocrx_word' id='word_1_610' title='bbox 1802 5350 1910 5419; x_wconf 60' lang='lat' dir='ltr'><strong><em>fetae</em></strong></span> <span class='ocrx_word' id='word_1_611' title='bbox 1936 5352 1990 5404; x_wconf 94' lang='lat' dir='ltr'><strong><em>in</em></strong></span> <span class='ocrx_word' id='word_1_612' title='bbox 2021 5351 2342 5407; x_wconf 84' lang='lat' dir='ltr'><strong><em>Clementem</em></strong></span> <span class='ocrx_word' id='word_1_613' title='bbox 2385 5365 2536 5409; x_wconf 91' lang='lat' dir='ltr'><strong><em>notas</em></strong></span> <span class='ocrx_word' id='word_1_614' title='bbox 2580 5355 2726 5408; x_wconf 88' lang='lat' dir='ltr'><strong><em>ultro</em></strong></span> <span class='ocrx_word' id='word_1_615' title='bbox 2758 5353 2889 5405; x_wconf 89' lang='lat' dir='ltr'><strong><em>milti</em></strong></span> <span class='ocrx_word' id='word_1_616' title='bbox 2920 5350 3136 5416; x_wconf 89' lang='lat' dir='ltr'><strong><em>obtulit,</em></strong></span> <span class='ocrx_word' id='word_1_617' title='bbox 3174 5353 3262 5406; x_wconf 90' lang='lat' dir='ltr'><strong><em>sed</em></strong></span> <span class='ocrx_word' id='word_1_618' title='bbox 3307 5355 3472 5406; x_wconf 85' lang='lat' dir='ltr'><strong><em>etiam</em></strong></span> <span class='ocrx_word' id='word_1_619' title='bbox 3506 5349 3962 5405; x_wconf 81' lang='lat' dir='ltr'><strong><em>Cohortationem</em></strong></span> <span class='ocrx_word' id='word_1_620' title='bbox 4016 5351 4086 5405; x_wconf 85' lang='lat' dir='ltr'><strong><em>ad</em></strong></span> 
     </span>
    </p>
   </div>
   <div class='ocr_carea' id='block_1_49' title="bbox 794 5440 4091 5521">
    <p class='ocr_par' dir='ltr' id='par_1_49' title="bbox 794 5440 4091 5521">
     <span class='ocr_line' id='line_1_49' title="bbox 794 5440 4091 5521; baseline 0.001 -26"><span class='ocrx_word' id='word_1_621' title='bbox 794 5442 1036 5506; x_wconf 66' lang='lat' dir='ltr'><strong><em>Graecos,</em></strong></span> <span class='ocrx_word' id='word_1_622' title='bbox 1068 5451 1117 5497; x_wconf 92' lang='lat' dir='ltr'><strong><em>et</em></strong></span> <span class='ocrx_word' id='word_1_623' title='bbox 1138 5451 1256 5495; x_wconf 92' lang='lat' dir='ltr'><strong><em>octo</em></strong></span> <span class='ocrx_word' id='word_1_624' title='bbox 1294 5440 1633 5497; x_wconf 80' lang='lat' dir='ltr'><strong><em>Slromatum</em></strong></span> <span class='ocrx_word' id='word_1_625' title='bbox 1675 5442 1841 5499; x_wconf 89' lang='lat' dir='ltr'><strong><em>libras</em></strong></span> <span class='ocrx_word' id='word_1_626' title='bbox 1871 5463 1966 5515; x_wconf 87' lang='lat' dir='ltr'><strong><em>pro</em></strong></span> <span class='ocrx_word' id='word_1_627' title='bbox 2006 5447 2218 5503; x_wconf 87' lang='lat' dir='ltr'><strong><em>diversa</em></strong></span> <span class='ocrx_word' id='word_1_628' title='bbox 2264 5452 2520 5516; x_wconf 77' lang='lat' dir='ltr'><strong><em>materiw,</em></strong></span> <span class='ocrx_word' id='word_1_629' title='bbox 2557 5469 2661 5521; x_wconf 88' lang='lat' dir='ltr'><strong><em>qtta</em></strong></span> <span class='ocrx_word' id='word_1_630' title='bbox 2701 5458 2968 5515; x_wconf 89' lang='lat' dir='ltr'><strong><em>constant,</em></strong></span> <span class='ocrx_word' id='word_1_631' title='bbox 3030 5451 3254 5514; x_wconf 89' lang='lat' dir='ltr'><strong><em>ratione,</em></strong></span> <span class='ocrx_word' id='word_1_632' title='bbox 3309 5457 3568 5519; x_wconf 85' lang='lat' dir='ltr'><strong><em>quatenus</em></strong></span> <span class='ocrx_word' id='word_1_633' title='bbox 3617 5445 3734 5513; x_wconf 81' lang='lat' dir='ltr'><strong><em>ﬁeri</em></strong></span> <span class='ocrx_word' id='word_1_634' title='bbox 3789 5445 3983 5515; x_wconf 91' lang='lat' dir='ltr'><strong><em>potuit,</em></strong></span> <span class='ocrx_word' id='word_1_635' title='bbox 4035 5444 4091 5499; x_wconf 81' lang='lat' dir='ltr'><strong><em>in</em></strong></span> 
     </span>
    </p>
   </div>
   <div class='ocr_carea' id='block_1_50' title="bbox 796 5534 4088 5611">
    <p class='ocr_par' dir='ltr' id='par_1_50' title="bbox 796 5534 4088 5611">
     <span class='ocr_line' id='line_1_50' title="bbox 796 5534 4088 5611; baseline -0.001 -21"><span class='ocrx_word' id='word_1_636' title='bbox 796 5536 975 5604; x_wconf 89' lang='lat' dir='ltr'><strong><em>capita</em></strong></span> <span class='ocrx_word' id='word_1_637' title='bbox 1005 5536 1223 5606; x_wconf 87' lang='lat' dir='ltr'><strong><em>redegit.</em></strong></span> <span class='ocrx_word' id='word_1_638' title='bbox 1257 5534 1387 5589; x_wconf 77' lang='lat' dir='ltr'><strong><em>Htec</em></strong></span> <span class='ocrx_word' id='word_1_639' title='bbox 1413 5547 1589 5590; x_wconf 91' lang='lat' dir='ltr'><strong><em>autem</em></strong></span> <span class='ocrx_word' id='word_1_640' title='bbox 1619 5538 1790 5607; x_wconf 86' lang='lat' dir='ltr'><strong><em>infra,</em></strong></span> <span class='ocrx_word' id='word_1_641' title='bbox 1828 5541 2055 5608; x_wconf 88' lang='lat' dir='ltr'><strong><em>propriis</em></strong></span> <span class='ocrx_word' id='word_1_642' title='bbox 2100 5551 2385 5596; x_wconf 89' lang='lat' dir='ltr'><strong><em>auctorum</em></strong></span> <span class='ocrx_word' id='word_1_643' title='bbox 2426 5544 2729 5598; x_wconf 87' lang='lat' dir='ltr'><strong><em>nominibus</em></strong></span> <span class='ocrx_word' id='word_1_644' title='bbox 2781 5542 3059 5607; x_wconf 88' lang='lat' dir='ltr'><strong><em>distincta,</em></strong></span> <span class='ocrx_word' id='word_1_645' title='bbox 3108 5556 3158 5599; x_wconf 89' lang='lat' dir='ltr'><strong><em>et</em></strong></span> <span class='ocrx_word' id='word_1_646' title='bbox 3206 5546 3321 5597; x_wconf 88' lang='lat' dir='ltr'><strong><em>suis</em></strong></span> <span class='ocrx_word' id='word_1_647' title='bbox 3362 5554 3582 5611; x_wconf 68' lang='lat' dir='ltr'><strong><em>quicque</em></strong></span> <span class='ocrx_word' id='word_1_648' title='bbox 3624 5538 3754 5592; x_wconf 90' lang='lat' dir='ltr'><strong><em>locis</em></strong></span> <span class='ocrx_word' id='word_1_649' title='bbox 3801 5538 4088 5609; x_wconf 86' lang='lat' dir='ltr'><strong><em>disposita,</em></strong></span> 
     </span>
    </p>
   </div>
   <div class='ocr_carea' id='block_1_51' title="bbox 801 5632 4090 5710">
    <p class='ocr_par' dir='ltr' id='par_1_51' title="bbox 801 5632 4090 5710">
     <span class='ocr_line' id='line_1_51' title="bbox 801 5632 4090 5710; baseline -0 -26"><span class='ocrx_word' id='word_1_650' title='bbox 801 5632 1147 5698; x_wconf 68' lang='lat' dir='ltr'><strong><em>reperientur.</em></strong></span> <span class='ocrx_word' id='word_1_651' title='bbox 1177 5632 1326 5685; x_wconf 82' lang='lat' dir='ltr'><strong><em>Alios</em></strong></span> <span class='ocrx_word' id='word_1_652' title='bbox 1351 5642 1607 5701; x_wconf 67' lang='lat' dir='ltr'><strong><em>praeterea</em></strong></span> <span class='ocrx_word' id='word_1_653' title='bbox 1640 5637 1820 5704; x_wconf 83' lang='lat' dir='ltr'><strong><em>rogavi</em></strong></span> <span class='ocrx_word' id='word_1_654' title='bbox 1850 5637 2047 5692; x_wconf 77' lang='lat' dir='ltr'><strong><em>amicos</em></strong></span> <span class='ocrx_word' id='word_1_655' title='bbox 2071 5638 2354 5709; x_wconf 87' lang='lat' dir='ltr'><strong><em>doctosque</em></strong></span> <span class='ocrx_word' id='word_1_656' title='bbox 2378 5641 2540 5706; x_wconf 85' lang='lat' dir='ltr'><strong><em>viros,</em></strong></span> <span class='ocrx_word' id='word_1_657' title='bbox 2577 5651 2633 5694; x_wconf 90' lang='lat' dir='ltr'><strong><em>ut</em></strong></span> <span class='ocrx_word' id='word_1_658' title='bbox 2662 5640 2927 5710; x_wconf 82' lang='lat' dir='ltr'><strong><em>syntbolas</em></strong></span> <span class='ocrx_word' id='word_1_659' title='bbox 2962 5658 3086 5694; x_wconf 84' lang='lat' dir='ltr'><strong><em>suas</em></strong></span> <span class='ocrx_word' id='word_1_660' title='bbox 3111 5638 3445 5707; x_wconf 83' lang='lat' dir='ltr'><strong><em>conferrent;</em></strong></span> <span class='ocrx_word' id='word_1_661' title='bbox 3472 5633 3733 5698; x_wconf 90' lang='lat' dir='ltr'><strong><em>omnibus,</em></strong></span> <span class='ocrx_word' id='word_1_662' title='bbox 3764 5636 3855 5705; x_wconf 87' lang='lat' dir='ltr'><strong><em>qui</em></strong></span> <span class='ocrx_word' id='word_1_663' title='bbox 3886 5634 3957 5688; x_wconf 91' lang='lat' dir='ltr'><strong><em>ad</em></strong></span> <span class='ocrx_word' id='word_1_664' title='bbox 3984 5647 4090 5685; x_wconf 84' lang='lat' dir='ltr'><strong><em>att-</em></strong></span> 
     </span>
    </p>
   </div>
   <div class='ocr_carea' id='block_1_52' title="bbox 796 5725 4086 5804">
    <p class='ocr_par' dir='ltr' id='par_1_52' title="bbox 796 5725 4086 5804">
     <span class='ocr_line' id='line_1_52' title="bbox 796 5725 4086 5804; baseline 0.002 -28"><span class='ocrx_word' id='word_1_665' title='bbox 796 5739 993 5778; x_wconf 84' lang='lat' dir='ltr'><strong><em>ctorem</em></strong></span> <span class='ocrx_word' id='word_1_666' title='bbox 1016 5734 1253 5779; x_wconf 90' lang='lat' dir='ltr'><strong><em>nostrum</em></strong></span> <span class='ocrx_word' id='word_1_667' title='bbox 1284 5725 1671 5779; x_wconf 85' lang='lat' dir='ltr'><strong><em>illustrandum</em></strong></span> <span class='ocrx_word' id='word_1_668' title='bbox 1700 5728 2149 5786; x_wconf 85' lang='lat' dir='ltr'><strong><em>entendandumve</em></strong></span> <span class='ocrx_word' id='word_1_669' title='bbox 2175 5733 2383 5804; x_wconf 83' lang='lat' dir='ltr'><strong><em>aliquid</em></strong></span> <span class='ocrx_word' id='word_1_670' title='bbox 2416 5733 2745 5795; x_wconf 83' lang='lat' dir='ltr'><strong><em>tribuissent,</em></strong></span> <span class='ocrx_word' id='word_1_671' title='bbox 2779 5735 3005 5802; x_wconf 83' lang='lat' dir='ltr'><strong><em>gratias,</em></strong></span> <span class='ocrx_word' id='word_1_672' title='bbox 3049 5748 3180 5801; x_wconf 72' lang='lat' dir='ltr'><strong><em>quas</em></strong></span> <span class='ocrx_word' id='word_1_673' title='bbox 3218 5745 3444 5799; x_wconf 80' lang='lat' dir='ltr'><strong><em>possent.</em></strong></span> <span class='ocrx_word' id='word_1_674' title='bbox 3482 5730 3744 5785; x_wconf 73' lang='lat' dir='ltr'><strong><em>maximas</em></strong></span> <span class='ocrx_word' id='word_1_675' title='bbox 3781 5730 4086 5793; x_wconf 73' lang='lat' dir='ltr'><strong><em>habiturus,</em></strong></span> 
     </span>
    </p>
   </div>
   <div class='ocr_carea' id='block_1_53' title="bbox 799 5819 4090 5896">
    <p class='ocr_par' dir='ltr' id='par_1_53' title="bbox 799 5819 4090 5896">
     <span class='ocr_line' id='line_1_53' title="bbox 799 5819 4090 5896; baseline -0.002 -22"><span class='ocrx_word' id='word_1_676' title='bbox 799 5819 991 5874; x_wconf 83' lang='lat' dir='ltr'><strong><em>Utrum</em></strong></span> <span class='ocrx_word' id='word_1_677' title='bbox 1019 5820 1100 5873; x_wconf 89' lang='lat' dir='ltr'><strong><em>Itis</em></strong></span> <span class='ocrx_word' id='word_1_678' title='bbox 1125 5820 1304 5875; x_wconf 88' lang='lat' dir='ltr'><strong><em>usibus</em></strong></span> <span class='ocrx_word' id='word_1_679' title='bbox 1343 5819 1714 5891; x_wconf 81' lang='lat' dir='ltr'><strong><em>quadantenus</em></strong></span> <span class='ocrx_word' id='word_1_680' title='bbox 1742 5820 1995 5876; x_wconf 87' lang='lat' dir='ltr'><strong><em>inservire</em></strong></span> <span class='ocrx_word' id='word_1_681' title='bbox 2023 5829 2275 5893; x_wconf 85' lang='lat' dir='ltr'><strong><em>poterint,</em></strong></span> <span class='ocrx_word' id='word_1_682' title='bbox 2301 5843 2420 5896; x_wconf 73' lang='lat' dir='ltr'><strong><em>qua:</em></strong></span> <span class='ocrx_word' id='word_1_683' title='bbox 2448 5844 2542 5880; x_wconf 89' lang='lat' dir='ltr'><strong><em>nos</em></strong></span> <span class='ocrx_word' id='word_1_684' title='bbox 2573 5845 2599 5881; x_wconf 92' lang='lat' dir='ltr'><strong><em>e</em></strong></span> <span class='ocrx_word' id='word_1_685' title='bbox 2631 5827 2775 5880; x_wconf 90' lang='lat' dir='ltr'><strong><em>tenui</em></strong></span> <span class='ocrx_word' id='word_1_686' title='bbox 2808 5835 2986 5878; x_wconf 80' lang='lat' dir='ltr'><strong><em>nostra</em></strong></span> <span class='ocrx_word' id='word_1_687' title='bbox 3026 5841 3157 5893; x_wconf 83' lang='lat' dir='ltr'><strong><em>penu</em></strong></span> <span class='ocrx_word' id='word_1_688' title='bbox 3192 5823 3633 5891; x_wconf 84' lang='lat' dir='ltr'><strong><em>deprompsintus,</em></strong></span> <span class='ocrx_word' id='word_1_689' title='bbox 3687 5838 3866 5892; x_wconf 60' lang='lat' dir='ltr'><strong><em>(equus</em></strong></span> <span class='ocrx_word' id='word_1_690' title='bbox 3916 5819 4090 5871; x_wconf 85' lang='lat' dir='ltr'><strong><em>lector</em></strong></span> 
     </span>
    </p>
   </div>
   <div class='ocr_carea' id='block_1_54' title="bbox 794 5911 4083 5988">
    <p class='ocr_par' dir='ltr' id='par_1_54' title="bbox 794 5911 4083 5988">
     <span class='ocr_line' id='line_1_54' title="bbox 794 5911 4083 5988; baseline -0.005 -8"><span class='ocrx_word' id='word_1_691' title='bbox 794 5915 955 5980; x_wconf 67' lang='grc' dir='ltr'><strong><em>Μάιθ</em></strong></span> <span class='ocrx_word' id='word_1_692' title='bbox 973 5914 1263 5985; x_wconf 54' lang='lat' dir='ltr'><strong><em>iudicabit</em></strong></span> <span class='ocrx_word' id='word_1_693' title='bbox 1308 5912 1434 5970; x_wconf 69' lang='lat' dir='ltr'><strong><em>&quot;(PC</em></strong></span> <span class='ocrx_word' id='word_1_694' title='bbox 1476 5930 1635 5978; x_wconf 70' lang='lat' dir='ltr'><strong><em>porro</em></strong></span> <span class='ocrx_word' id='word_1_695' title='bbox 1689 5914 1959 5984; x_wconf 66' lang='lat' dir='ltr'><strong><em>excipiunt</em></strong></span> <span class='ocrx_word' id='word_1_696' title='bbox 2005 5934 2122 5988; x_wconf 79' lang='lat' dir='ltr'><strong><em>qum</em></strong></span> <span class='ocrx_word' id='word_1_697' title='bbox 2164 5921 2226 5975; x_wconf 81' lang='lat' dir='ltr'><strong><em>rlc</em></strong></span> <span class='ocrx_word' id='word_1_698' title='bbox 2284 5919 2548 5976; x_wconf 71' lang='lat' dir='ltr'><strong><em>Clemente</em></strong></span> <span class='ocrx_word' id='word_1_699' title='bbox 2591 5922 2803 5987; x_wconf 75' lang='lat' dir='ltr'><strong><em>eiusque</em></strong></span> <span class='ocrx_word' id='word_1_700' title='bbox 2844 5918 3058 5974; x_wconf 72' lang='lat' dir='ltr'><strong><em>scriptis</em></strong></span> <span class='ocrx_word' id='word_1_701' title='bbox 3100 5915 3305 5985; x_wconf 80' lang='lat' dir='ltr'><strong><em>collegit</em></strong></span> <span class='ocrx_word' id='word_1_702' title='bbox 3346 5918 3415 5970; x_wconf 77' lang='lat' dir='ltr'><strong><em>rit</em></strong></span> <span class='ocrx_word' id='word_1_703' title='bbox 3476 5916 3805 5973; x_wconf 78' lang='lat' dir='ltr'><strong><em>clarissimus</em></strong></span> <span class='ocrx_word' id='word_1_704' title='bbox 3849 5911 4083 5966; x_wconf 79' lang='lat' dir='ltr'><strong><em>Joannes</em></strong></span> 
     </span>
    </p>
   </div>
  </div>
