4456 6564
355 418 427 474 29
1471 422 1843 483 REINHOLDI
1874 422 2102 480 hLOTZ
2141 423 2533 483 PRAEFA-TIO.
3552 427 3627 484 ἆυ

354 543 598 602 Albertus
647 546 956 614 Fabricius,
1009 564 1118 603 una
1157 566 1276 604 cum
1326 557 1628 614 auctorum,
1663 565 1795 620 quos
1844 547 2083 602 laudavit
2129 547 2392 617 Clemens,
2436 549 2623 605 Indice
2647 549 3102 623 locupletissimo;
3134 551 3227 605 cui
3268 569 3359 606 nos
3391 550 3624 606 alterum

351 636 663 706 adjecimus,
705 639 797 708 qui
828 634 886 692 S.
936 637 1228 710 Scriptura:
1254 641 1547 694 sententias
1579 641 1643 695 ab
1690 657 1750 696 eo
1779 639 2044 696 adductas
2081 651 2422 697 monstraret.
2469 641 2723 714 Sequitur
2773 643 2990 701 Hert-eti
3034 644 3514 711 Commentarius;
3560 658 3627 697 ns

348 731 478 800 quid
501 747 707 797 eorum,
740 745 860 801 qua:
888 731 1103 802 reliqum
1131 732 1417 788 Clementis
1454 733 1710 788 editiones
1745 733 2014 801 exhibent,
2052 736 2120 788 in
2141 734 2243 791 hac
2271 743 2454 790 nostra
2485 736 2833 793 desideretur.
2870 737 3072 809 Agmen
3104 737 3367 792 claudunt
3410 735 3623 791 Indices

349 822 474 890 duo,
499 840 675 883 rerum
711 825 880 893 prior,
920 826 1192 882 uerborum
1232 826 1526 897 posterior;
1561 842 1691 897 quos
1724 827 1964 881 maxima
1987 827 2198 897 quidem
2235 844 2303 882 ea:
2340 839 2490 899 parte
2520 829 2805 901 Sylburgio
2833 831 3101 886 debemus.
3146 831 3450 899 Postremo,
3504 845 3627 885 cum

348 917 630 972 editionem
654 915 1065 988 Sylburgianam
1091 937 1155 974 ac
1190 918 1523 974 Parisienses
1551 920 1686 975 duas
1719 921 1777 974 in
1807 910 2050 972 manibus
2076 919 2355 974 doctorum
2384 923 2651 991 praecipue
2679 921 2845 991 fuisse
2878 922 3133 988 viderem,-
3170 923 3362 976 harum
3397 921 3627 992 paginas

348 1009 402 1064 in
432 1009 604 1066 Graeci
635 1019 833 1075 textus,
864 1010 1011 1066 illius
1029 1028 1145 1066 vero
1171 1014 1225 1066 in
1255 1010 1442 1065 Latini
1462 1013 1696 1081 margine
1719 1012 1905 1065 curaui
1927 1020 2173 1081 perpetuo
2200 1012 2592 1069 describendas.

421 1102 552 1159 Hac
572 1104 835 1174 prmeipue
866 1110 1009 1169 sunt,
1039 1105 1205 1158 amice
1232 1102 1444 1168 Lector,
1468 1119 1589 1172 qua:
1617 1104 1680 1156 de
1710 1105 1810 1158 hac
1846 1111 2032 1157 nostra
2062 1102 2349 1159 Clementis
2381 1104 2734 1162 Alexandrini
2775 1105 3007 1162 editione
3038 1107 3376 1162 admonitum
3421 1117 3474 1162 te
3518 1105 3632 1164 vel-

347 1199 469 1254 lem.
499 1198 666 1265 Quod
683 1200 814 1267 siea
837 1196 997 1268 paulo
1026 1214 1182 1268 quam
1209 1207 1609 1268 exspectaveras
1645 1199 1813 1252 serius
1842 1198 2086 1267 prodeat,
2112 1197 2193 1252 vel
2222 1199 2270 1251 si
2309 1199 2507 1268 publici
2549 1217 2688 1255 nunc
2727 1200 2871 1269 juris
2922 1202 3069 1271 facta
3122 1204 3256 1256 votis
3299 1202 3408 1257 tuis
3452 1203 3628 1257 minus

349 1294 686 1366 respondeat,
715 1292 772 1345 id
800 1291 983 1360 aliqua
1010 1291 1197 1345 saltem
1225 1308 1291 1346 ea:
1315 1300 1469 1361 parte
1507 1290 1780 1345 oculorum
1802 1307 2038 1345 meorum
2061 1290 2419 1346 imbecillitati
2444 1294 2689 1363 imputes,
2726 1310 2885 1364 rogo;
2915 1310 3035 1364 qua
3060 1312 3179 1349 cum
3226 1296 3282 1349 in
3319 1295 3630 1366 Paedagogo

348 1397 641 1442 versantem
670 1385 843 1456 primo
866 1383 1164 1452 invasisset,
1188 1387 1320 1440 adeo
1343 1383 1552 1438 tandem
1580 1383 1805 1450 invaluit
1833 1386 2017 1455 quinto
2042 1385 2382 1441 Strotnatum
2411 1388 2546 1442 libro
2570 1390 2665 1443 sub
2688 1390 2856 1460 praelo
2883 1389 3131 1452 sudante,
3159 1400 3215 1441 ut
3241 1389 3432 1464 alienis
3457 1391 3629 1443 multo

347 1482 465 1550 plus
497 1493 658 1548 quam
689 1474 922 1544 propriis
953 1472 1190 1544 deinceps
1221 1475 1384 1545 ﬁdere
1405 1474 1544 1528 dura
1571 1490 1670 1540 me,
1701 1475 1791 1528 sed
1827 1492 2045 1545 prorsus
2078 1476 2457 1543 ineluctabilis,
2490 1483 2773 1538 necessitas
2803 1490 3032 1551 cogeret.
3069 1481 3224 1547 Quod
3262 1483 3309 1536 si
3342 1498 3504 1552 quam
3533 1482 3632 1542 tibi

348 1588 437 1625 seu
462 1570 785 1638 voluptatem
814 1582 904 1618 seu
930 1566 1217 1620 utilitatem
1245 1567 1301 1620 hi
1329 1567 1500 1621 nostri
1543 1566 1747 1621 labores
1788 1567 2086 1634 attulerint,
2113 1570 2251 1623 hanc
2276 1570 2439 1624 uicem
2462 1571 2674 1625 reddere
2700 1590 2764 1627 ne
2787 1573 3111 1644 dedigneris,
3144 1582 3204 1626 ut
3230 1571 3342 1628 Deo
3366 1589 3463 1627 nos
3501 1570 3628 1642 Opt-

353 1658 496 1716 Maat.
523 1660 762 1729 precibus
803 1658 908 1711 tuis
939 1659 1284 1716 commendes.
1329 1659 1483 1716 Vale:

1718 1755 1928 1815 Dabam
1955 1758 2218 1827 Londini,
2250 1776 2349 1817 xm
2380 1759 2502 1816 Kal.
2534 1759 2815 1832 Septemb.
2845 1762 2909 1819 Α.
2938 1762 3003 1819 D.
3030 1763 3341 1820 MDCCXV.

358 1932 451 1957 Β

940 1942 1182 1951 ...ς-...α-

654 1944 895 1954 —-—-——-———

898 1926 3594 1965 mﬂ—ﬁ

428 2039 621 2124 Lipsiae
655 2040 895 2124 ~lr‘85_l.-3_-l
918 2041 1141 2124 prodiit,
1168 2042 1261 2122 sed
1284 2038 1465 2097 Graece
1499 2054 1724 2124 tantum,
1756 2063 1890 2124 noua
1922 2047 2205 2124 (Elementis
2232 2049 2677 2124 Operumgeditio.
2713 2064 2933 2107 curante
2963 2052 3257 2107 Reinholdo
3285 2052 3469 2113 Klotz.
3494 2052 3626 2124 phil.

359 2110 498 2166 doct.
530 2111 629 2182 (a).
662 2112 804 2178 Quid
835 2113 891 2165 in
925 2111 1026 2165 hac
1059 2112 1358 2166 recensione
1385 2117 1691 2182 praestiterit
1715 2118 1916 2185 editor,
1940 2118 2052 2188 ipse
2080 2120 2134 2175 in
2156 2110 2560 2190 prcefationibus
2589 2110 2700 2178 suis
2723 2126 2801 2179 sic
2825 2124 3054 2194 explicat
3083 2142 3103 2177 :

814 2336 1189 2394 ΡΠᾹΞΕΑΤΙΟ
1229 2338 1396 2396 ΤΟΜΙ
1437 2343 1478 2397 l.

431 2428 659 2503 Carolus
698 2428 968 2503 ‘Ernestus
1019 2429 1310 2487 Richterus
1363 2434 1444 2487 vir
1485 2435 1854 2503 clarissimus,
1897 2442 1942 2497 is

364 2499 458 2569 qui
492 2498 883 2574 Bibliothecam
910 2501 1049 2556 hanc
1079 2517 1292 2557 sacram
1328 2512 1455 2558 ante
1485 2520 1691 2574 paucos
1723 2508 1822 2563 hos
1841 2498 1944 2564 'an-

360 2585 461 2624 nos
497 2572 658 2624 edere
689 2570 889 2638 erepit,
927 2586 1050 2624 cum
1098 2587 1206 2641 qua
1252 2589 1358 2625 me.
1382 2570 1746 2631 est'atnicitia
1789 2594 1944 2633 com-

350 2641 573 2716 plestis,
603 2654 773 2716 a__r_ne
806 2642 1051 2716 petisset,
1092 2653 1152 2696 ut
1182 2645 1644 2711 quemadmodum
1706 2649 1822 2716 ipse
1852 2649 1946 2704 Jo-

363 2710 513 2788 βερὶή
536 2720 591 2763 et
613 2708 861 2788 Philonis
890 2708 1219 2788 Judaeorum:
1233 2728 1395 2782 opera
1428 2708 1820 2788 edidissetfita
1844 2734 1946 2788 ego

359 2780 658 2834 Clementis
710 2779 1063 2835 Alexandrini
1114 2779 1319 2858 scripta
1387 2784 1596 2839 edenda
1652 2779 1940 2858 curarem;

362 2865 674 2918 quanquam
702 2865 790 2903 me
828 2865 934 2924 non
966 2853 1278 2924 praeteribat
1304 2869 1468 2923 quam
1506 2870 1799 2924 Operosum
1835 2853 1941 2916 hoc

362 2928 506 2973 esset
526 2934 802 2989 quamque
823 2920 1336 2997 diliicilenegotiuni
1359 2964 1372 2987 ,
1408 2940 1515 2977 non
1544 2920 1722 2997 tamen
1754 2932 1941 2997 putavi

363 3005 584 3058 operam
626 3005 815 3063 meam
833 2991 1377 3063 quantulanicunque
1417 2996 1632 3063 roganti
1670 2991 1847 3054 amico
1876 3015 1942 3056 ac

364 3074 500 3127 pene
526 3060 818 3133 postulanti
855 3061 1212 3133 recusandam
1244 3060 1363 3117 eSse
1394 3079 1458 3117 ac
1488 3060 1891 3133 deprecandam
1919 3090 1932 3125 :

365 3144 528 3197 quam
565 3129 636 3183 ob
674 3144 896 3182 causam
928 3131 984 3209 si_
1010 3132 1147 3209 quid
1186 3133 1271 3186 cui
1312 3133 1456 3187 vires
1490 3129 1625 3209 meae
1656 3137 1941 3209 haudqua-

364 3214 530 3279 quam
568 3213 727 3279 pares
772 3214 893 3252 esse
936 3200 1223 3279 vidcantur
1265 3204 1638 3279 susceperim,
1671 3207 1723 3261 id
1764 3200 1939 3279 magis

366 3269 625 3348 facilitate
652 3284 792 3348 mea,
821 3283 924 3348 qua
955 3271 1251 3348 amicorum
1279 3269 1547 3348 voluntati
1588 3269 1807 3348 semper
1832 3269 1936 3348 puu-

368 3339 630 3417 I:ivi_esse
668 3339 1099 3408 inserviendum,
1130 3357 1293 3411 quam
1335 3345 1441 3398 alia
1478 3346 1585 3399 ulla
1618 3339 1779 3417 culpa
1810 3339 1935 3405 mea

363 3409 610 3464 contigit.

434 3426 628 3557 342332;
648 3493 780 3557 vero
814 3493 892 3557 eae
934 3480 1070 3557 mihi
1113 3482 1437 3557 praescripta
1466 3493 1623 3557 erant
1658 3485 1840 3557 leges,
1875 3498 1939 3543 ut

363 3549 662 3625 au_t_novis
707 3548 870 3625 libris
904 3548 1261 3625 anquirendis
1302 3548 1395 3606 aut
1440 3554 1561 3608 aliis
1606 3548 1937 3625 adju'mentis

362 3618 569 3673 criticis
611 3617 854 3689 undique
894 3617 1282 3689 c0nquirendis
1318 3638 1510 3678 novam
1547 3617 1744 3679 horum
1795 3630 1937 3683 scri~

1966 2361 2010 2416 Α
2042 2356 2276 2411 tioribus
2324 2355 2537 2410 criticis
2582 2355 2699 2411 sive
2743 2371 2810 2409 ex
2861 2355 3016 2410 libris
3048 2355 3164 2409 sive
3196 2355 3264 2409 de
3311 2354 3628 2420 conjectura

2047 2427 2250 2482 rectius
2281 2427 2642 2480 constitutum
2675 2426 2932 2481 vidissem
2965 2427 3311 2489 asciscerent,
3344 2440 3452 2493 qua
3482 2423 3535 2477 in
3568 2439 3629 2479 re

2047 2498 2193 2565 quod
2235 2505 2617 2566 Quantumque
2650 2496 2946 2565 unicuique
2986 2496 3248 2550 debeatur
3278 2513 3291 2549 :
3318 2495 3537 2566 dicetur
3559 2509 3628 2550 eo

2044 2564 2344 2630 volumine,
2369 2564 2793 2636 qttodcriticam
2826 2564 3231 2636 adnotationem
3266 2564 3588 2636 continebit.

2119 2636 2257 2690 Tum
2306 2638 2359 2689 in
2389 2634 2752 2691 emendandis
2804 2637 2891 2691 his
2938 2634 3236 2690 Clcmt-ntis
3294 2635 3448 2689 libris
3492 2648 3628 2688 usus

2048 2723 2168 2762 sum
2193 2707 2415 2761 scholiis
2446 2705 2714 2762 Parisinis
2737 2709 2980 2762 nondum
3014 2707 3197 2774 editis,
3229 2720 3352 2775 quae
3394 2704 3628 2759 editioni

2049 2786 2251 2831 nostrae
2282 2777 2628 2844 adjiciantur.

2120 2846 2324 2917 Deinde
2346 2857 2539 2917 praeter
2569 2863 2734 2917 quam
2755 2847 2902 2917 quod
2934 2863 3056 2910 quae
3076 2846 3179 2899 viri
3213 2846 3358 2901 docti
3398 2844 3487 2917 hic
3511 2844 3627 2917 illic

2045 2917 2112 2971 de
2137 2914 2431 2972 Clementis
2466 2914 2602 2971 locis
2629 2914 3016 2987 praeceperant,
3056 2918 3305 2971 studiose
3331 2915 3529 2987 collegi
3572 2924 3629 2968 et

2046 2988 2222 3042 sicubi
2256 3003 2390 3042 usus
2424 2987 2490 3041 iis
2521 2984 2661 3053 erat,
2702 2988 2755 3041 in
2789 2984 2966 3041 meam
2994 3004 3108 3041 rem
3147 2988 3424 3050 converti,
3459 2984 3627 3039 etiam

2045 3072 2132 3122 ea,
2162 3073 2283 3127 quae
2309 3056 2662 3111 Villoisonitts
2692 3057 2746 3111 in
2783 3056 3037 3124 Epistolis
3068 3054 3471 3127 Viuoriensibus
3495 3055 3625 3127 inde

2045 3142 2074 3181 a
2107 3125 2230 3196 pag.
2269 3127 2340 3183 92
2360 3127 2465 3192 -97,
2489 3127 2556 3196 de
2580 3128 2717 3182 locis
2745 3128 3072 3194 quibusdam
3098 3125 3395 3181 Clementis
3424 3125 3633 3196 scripta-

2042 3212 2073 3251 e
2107 3171 2465 3252 bibliotheca,
2504 3171 2814 3252 Vinarien'si
2863 3201 3009 3252 l'oras
3058 3197 3241 3260 dedit,
3288 3171 3624 3261 exqussifln

2042 3266 2129 3321 liis
2186 3283 2318 3323 vero
2370 3269 2612 3321 virorum
2668 3268 2951 3321 doctorum
3008 3266 3456 3322 adnotationibus
3518 3265 3627 3320 etsi

2041 3338 2304 3392 nonnulla
2337 3338 2411 3391 ita
2449 3347 2606 3392 erant
2631 3338 2925 3397 declarata,
2953 3348 3084 3390 utet
3113 3350 3400 3392 assensum
3437 3350 3625 3389 meum

2040 3408 2266 3478 tulerint
2311 3422 2414 3463 nec
2462 3423 2563 3478 ego
2607 3407 2973 3462 dubitaverim
3008 3423 3174 3476 quam
3222 3414 3629 3478 preposuerunt

2040 3477 2370 3547 scripturam
2410 3474 2688 3545 recipere;
2722 3478 2892 3531 multa
2926 3474 3107 3531 tamen
3139 3474 3262 3531 esse
3288 3474 3521 3547 cognovi
3540 3476 3625 3547 ita

2040 3544 2379 3617 comparata,
2407 3557 2467 3601 ut
2507 3544 2601 3617 qui
2631 3556 2793 3602 caute
2830 3548 3083 3602 criticum
3120 3555 3265 3617 agat,
3299 3544 3394 3600 aut
3427 3546 3483 3617 in
3523 3544 3627 3600 tiu-

2043 3615 2367 3696 liitationem
2419 3615 2618 3696 vocare
2657 3634 2727 3696 ea
2771 3616 2971 3696 debeat
3019 3625 3114 3672 aut
3165 3615 3326 3696 plane
3371 3615 3623 3696 rejicere.

361 3698 579 3812 ptorum
614 3684 990 3769 recensionem
1007 3684 1371 3752 instituerem.
1392 3694 1483 3749 sed
1509 3702 1567 3748 ut
1589 3710 1713 3764 quae
1734 3700 1941 3766 optima
1972 3698 2015 3752 Β
2044 3684 2121 3741 lla

384 3760 655 3812 laberetur
681 3759 868 3812 editio.
890 3773 1009 3812 eam
1044 3760 1239 3812 litteris
1271 3764 1607 3812 mandarem-
1641 3780 1705 3812 ac
1731 3767 1774 3812 si
1806 3768 1936 3812 ηιιίσι
2050 3757 2118 3810 hu

1864 3714 1941 3752 na
1972 3698 2015 3752 Β
2044 3684 2232 3757 Itaque
2264 3704 2403 3757 quos
2443 3687 2594 3743 locos
2622 3688 2722 3741 viri
2754 3688 2899 3742 docti
2936 3703 3032 3756 pro
3062 3684 3495 3757 corruptissimis
3524 3685 3624 3739 ha—

1864 3768 1936 3812 .id
2050 3757 2288 3812 buerunt
2318 3759 2556 3812 multos.
2587 3773 2683 3812 eos
2730 3773 2833 3812 eeo
2876 3758 3007 3811 mihi
3043 3757 3233 3811 videor
3277 3766 3372 3811 aut
3410 3763 3622 3809 mutata

403 3760 655 3813 aberetur
681 3757 868 3838 editio,
890 3773 1009 3838 eam
1044 3757 1621 3838 litterismandarem;
1641 3780 1705 3820 ac
1731 3757 1787 3838 si
1806 3768 1939 3838 quid

360 3838 548 3899 aperte
598 3837 879 3906 peccatum
927 3829 1411 3906 deprehendissem
1438 3876 1453 3899 ,
1505 3836 1558 3889 id
1594 3829 1941 3906 ’corrigerem

362 3909 525 3968 atque
553 3899 898 3952 emendarem
928 3916 941 3951 :
977 3915 1084 3968 qua
1116 3916 1219 3972 ego
1265 3903 1319 3956 in
1368 3920 1429 3959 re
1457 3906 1502 3960 si
1548 3899 1786 3975 quando'
1817 3909 1940 3977 plus

361 3985 526 4048 quam
562 3983 871 4048 receperam
912 3981 1175 4048 praestare
1221 3984 1454 4048 conatus
1487 3992 1607 4030 sum
1639 3984 1699 4048 et
1741 3978 1940 4047 quavis

364 4040 477 4095 fere
496 4040 690 4109 pagina
720 4039 788 4090 ab
810 4039 898 4101 iis,
926 4040 1018 4107 qui
1047 4047 1173 4094 ante
1203 4056 1291 4094 mc
1313 4045 1618 4099 orationem
1644 4039 1942 4104 Clementis

362 4110 780 4181 constituerant,
819 4109 1210 4181 discedendum
1249 4126 1373 4166 esse
1403 4116 1532 4168 duxi
1560 4157 1575 4181 ,
1619 4116 1670 4169 id
1702 4126 1762 4171 ut
1790 4118 1942 4173 ﬁeret

362 4189 535 4253 etfres
572 4178 997 4253 ipsallagitabat
1021 4187 1075 4253 et
1103 4195 1139 4253 _a
1169 4182 1356 4253 multis
1390 4198 1476 4236 me
1511 4178 1674 4253 spero
1705 4189 1808 4242 hoc
1837 4205 1939 4243 no-

362 4252 530 4315 mine,
560 4249 1139 4321 quodiultrogeXsolvi,
1174 4249 1373 4321 bonam
1412 4249 1644 4321 gratiam
1676 4259 1934 4313 inivisse:

360 4337 427 4377 ea
461 4322 605 4375 enim
637 4320 763 4373 huic
796 4319 1047 4386 scripturi
1090 4320 1286 4374 cecidit
1319 4319 1471 4384 sors,
1512 4333 1572 4377 ut
1602 4340 1726 4378 cum
1756 4344 1785 4380 a
1817 4327 1940 4381 Fri-

360 4393 546 4448 derico
581 4389 869 4460 Sylburgio
900 4390 1253 4455 discesserit,
1286 4393 1380 4460 qui
1420 4394 1681 4462 tuaiorem
1721 4408 1775 4451 et
1828 4398 1936 4451 uti-

362 4464 552 4518 liorem
585 4463 734 4533 inieo
778 4473 993 4533 Operam
1030 4476 1232 4533 ponere
1264 4471 1358 4533 aut
1390 4473 1575 4533 posset
1613 4476 1708 4518 aut
1738 4466 1931 4533 vellet,

360 4534 622 4588 editorem
651 4529 912 4602 invenerit
944 4531 1238 4585 neminem.
1273 4529 1516 4602 Namque
1536 4531 1775 4588 Joannes
1801 4529 1933 4590 Pot;

362 4614 533 4666 terus,
566 4601 660 4670 qui
682 4601 961 4673 superiore
983 4602 1182 4673 smculo
1210 4601 1652 4673 ineutrtescripta
1683 4606 1934 4659 Clemen-

359 4675 431 4727 tis
454 4672 663 4744 edidit.
685 4673 787 4725 etsi
824 4672 1132 4744 itaoptime
1169 4681 1255 4726 est
1302 4673 1369 4727 de
1391 4676 1472 4729 eis
1499 4672 1747 4739 meritus,
1788 4676 1930 4744 quod

358 4746 530 4798 libros
561 4742 793 4810 scriptos
823 4741 1107 4812 diligenter
1129 4753 1493 4812 accurateque
1523 4746 1753 4799 contulit
1776 4741 1929 4807 {non

360 4811 590 4886 proinde
640 4822 819 4864 tamen
861 4826 925 4886 ac
974 4811 1094 4863 libri
1138 4811 1494 4879 postulabant
1538 4816 1726 4883 optimi
1785 4817 1934 4872 locos

360 4880 650 4958 corruptos
682 4880 975 4958 emendare
1029 4893 1316 4958 ausus_cst
1359 4893 1524 4954 atque
1565 4880 1930 4941 conformare.

364 4950 552 5025 Itaque
577 4967 716 5021 saepe
739 4950 979 5026 accidit,
1017 4958 1077 5003 ut
1101 4953 1375 5021 scriptura
1409 4950 1490 5020 ea,
1522 4972 1685 5026 quam
1726 4965 1780 5012 et
1812 4959 1934 5012 libri

361 5020 714 5099 tuerenturiet
738 5021 853 5091 ipse
875 5020 1096 5099 duceret
1126 5020 1485 5099 probandam,
1508 5020 1561 5079 in
1585 5029 1938 5083 adnotatione
1965 5035 2009 5099 ο

362 5100 633 5151 duntaxat
660 5094 836 5147 locum
863 5091 1162 5162 obtineret:
1191 5105 1377 5162 aperta
1404 5097 1753 5152 librariorum
1780 5115 1935 5153 mcn-v

362 5171 433 5222 da
466 5182 573 5221 non
617 5165 948 5239 tollerentur“.
990 5161 1320 5239 _SylbUI:gius
1361 5175 1561 5239 contra
1608 5184 1936 5239 quanquam

365 5246 563 5308 praeter
590 5237 881 5292 editionem
910 5231 968 5308 P_.
990 5231 1337 5286 Victoriuno
1361 5236 1502 5289 libro
1524 5231 1939 5295 Palatino-usus

364 5304 470 5371 cst,
509 5308 679 5360 multa
706 5316 883 5360 tamen
912 5304 978 5357 ab
1006 5320 1070 5357 eo
1100 5312 1230 5356 sunt
1256 5308 1546 5361 emendata
1582 5308 1708 5362 vitia
1739 5318 1793 5363 et
1821 5327 1940 5364 om-

364 5379 449 5451 nis
481 5393 613 5451 cura
643 5385 808 5451 atque
834 5390 995 5445 opera
1020 5374 1332 5443 in'singulis
1364 5378 1746 5449 universisque
1771 5398 1938 5451 expo-

361 5447 560 5503 licndis
592 5448 787 5514 posita.

434 5516 589 5590 Quod
623 5531 748 5590 cum
784 5517 859 5570 ita
898 5518 988 5584 sit,
1022 5532 1130 5571 non
1164 5530 1321 5590 spero
1360 5514 1629 5590 futurum,
1679 5531 1739 5575 ut
1778 5524 1933 5590 quis-

362 5604 527 5660 quam
562 5587 664 5639 bac
692 5585 758 5640 de
799 5602 1102 5660 reginecutn
1136 5586 1462 5660 dissentiat,
1493 5590 1641 5656 quod
1670 5585 1942 5660 Sylb'urgii

361 5652 681 5728 editionem»
709 5657 875 5709 malui
926 5676 1088 5728 qualn
1136 5656 1337 5713 Pottcri
1374 5652 1549 5727 δριμεῖ,
1588 5660 1661 5713 ita
1689 5652 1746 5713 tit
1793 5652 1935 5716 hanc

363 5747 488 5785 cum
522 5728 611 5781 illa
653 5726 1277 5795 ddigenterconlerrem
1308 5738 1362 5782 et
1401 5726 1463 5783 si
1486 5730 1617 5797 quid
1654 5746 1687 5783 a
1736 5744 1932 5785 recen-

2050 3757 2288 3812 huerunt
2318 3759 2556 3821 multos,
2587 3773 2683 3813 eos
2730 3773 2833 3826 ego
2876 3758 3007 3811 mihi
3043 3757 3233 3811 videor
3277 3766 3372 3811 aut
3410 3763 3622 3826 mutata

2048 3828 2485 3898 interpunctione
2561 3835 2656 3882 aut
2725 3824 2970 3882 faciliore
3034 3827 3273 3897 quadam
3327 3824 3622 3898 Amedicina

2046 3894 2210 3967 quani
2265 3914 2387 3969 quae
2443 3899 2675 3953 istorum
2719 3898 2824 3951 fuit
2877 3894 3283 3969 persanavisse.
3316 3894 3492 3969 Cujus
3540 3895 3623 3949 rei

2044 3964 2298 4037 quamvis
2353 3969 2618 4037 permulta
2666 3964 3158 4037 possim'exempla
3211 3964 3499 4034 edere,'id
3542 3973 3625 4021 ta-

2044 4054 2166 4109 men
2202 4051 2312 4093 tum
2356 4039 2721 4092 declarabitur
2743 4081 2755 4095 .
2790 4054 2913 4093 cum
2941 4039 2993 4092 id
3022 4053 3269 4109 agemus.

2115 4108 2272 4175 Quod
2305 4110 2371 4163 ad
2406 4109 2580 4164 libros
2609 4110 2844 4177 scriptos
2874 4106 3088 4174 attinet,
3116 4110 3379 4163 antistare
3408 4106 3624 4163 caeteris

2044 4180 2257 4234 videtur
2304 4181 2408 4249 ille,
2445 4181 2617 4246 liber,
2661 4180 2775 4249 qui,
2816 4188 3133 4234 asservatur
3175 4180 3231 4233 in
3285 4177 3622 4233 bibliotheca

2045 4252 2168 4305 novi
2199 4251 2341 4320 apud
2381 4248 2718 4320 Ortonienses
2750 4248 3010 4319 Collegii,
3045 4249 3139 4318 qui
3187 4258 3368 4303 tamen
3425 4257 3624 4320 praeter

2044 4319 2474 4374 Cultor-tationem
2519 4319 2588 4372 ad
2624 4319 2835 4373 Graecos
2880 4325 2988 4373 duo
3027 4328 3236 4372 tantum
3289 4319 3623 4387 posteriores

2042 4391 2330 4461 Pcedagogi
2375 4392 2541 4443 libros
2583 4392 2844 4461 continet.
2877 4387 3039 4461 Eum‘
3055 4390 3410 4461 potissimum
3443 4389 3531 4443 bis
3563 4390 3621 4443 in

2039 4457 2577 4529 libris'séqucndum
2625 4460 2957 4513 existimavi.
3010 4457 3214 4513 Praeter
3262 4460 3409 4513 enim
3451 4475 3618 4529 quam

2038 4532 2184 4598 quod
2211 4532 2531 4600 plerumque
2562 4529 2816 4601 meliores
2838 4530 3092 4584 exhibuit
3122 4532 3447 4601 scripturas,
3465 4531 3619 4586 dete-

2036 4601 2208 4654 riores
2262 4601 2500 4668 sprevit,
2541 4600 2817 4654 interdum
2872 4601 3088 4671 singula
3130 4600 3410 4671 vel’plura
3453 4603 3618 4657 etiam

2035 4671 2307 4742 supplevit
2332 4671 2519 4736 verba,
2538 4684 2660 4740 qum
2682 4671 3033 4725 librariorum
3063 4673 3384 4742 negligentia
3412 4672 3465 4724 in
3493 4673 3618 4728 aliis

2036 4741 2190 4811 libris
2214 4741 2463 4796 videmus
2486 4757 2611 4797 esse
2650 4742 2879 4806 omissa,
2910 4754 2969 4811 ut
3002 4741 3294 4811 Protrept.,
3330 4750 3354 4807 ᾗ
3389 4742 3444 4804 2,
3473 4758 3529 4811 p.
3556 4743 3613 4807 5,

2034 4811 2122 4865 cd.
2167 4809 2337 4875 Pott.,
2377 4812 2493 4866 ltaac
2520 4811 2680 4867 verba
2708 4831 2721 4866 :
2754 4813 2864 4865 Καὶ
2905 4810 3022 4865 τῶν
3052 4809 3362 4880 δραμάτων
3390 4815 3445 4865 οὶ
3472 4809 3619 4867 imo-

2037 4883 2229 4950 κριταὶ
2260 4882 2553 4952 θυμηδίας
2582 4881 2859 4951 θεάματα,
2902 4898 3023 4951 quae
3046 4883 3178 4950 quin
3218 4884 3288 4936 ab
3329 4884 3449 4952 ipso
3491 4885 3617 4939 Cle-

2039 4964 2221 5023 mente
2250 4954 2489 5023 profecta
2520 4954 2629 5008 sint
2658 4969 2765 5005 non
2796 4961 2968 5021 potest
3002 4967 3124 5006 esse
3149 4954 3401 5008 dubium.
3443 4954 3616 5020 Ibid.,

2045 5022 2072 5094 §
2107 5025 2194 5090 ll,
2236 5022 2287 5095 p.
2326 5026 2412 5088 ll,
2441 5025 2527 5095 ed.
2561 5023 2724 5095 Pott.,
2772 5023 2887 5095 llaec
2930 5023 3091 5095 verba
3117 5039 3183 5095 es
3214 5040 3280 5079 eo
3314 5025 3617 5094 adjicienda

2040 5092 2171 5149 duxi
2200 5114 2211 5149 :
2236 5092 2349 5149 ’Καὶ
2375 5094 2611 5161 πλάνης
2638 5092 2900 5160 ἀκράτου
2929 5093 3307 5163 κυϐευτήρια.
3346 5092 3442 5150 Est
3469 5098 3617 5151 enim

2042 5167 2169 5221 boni
2218 5167 2392 5221 critici
2434 5179 2541 5218 non
2580 5164 2757 5235 solum
2789 5180 2914 5234 quae
2955 5167 3152 5219 merito
3190 5176 3321 5220 sunt
3364 5178 3619 5235 suspecta

2041 5237 2289 5305 rcjicere,
2317 5250 2513 5305 verum
2549 5234 2713 5288 etiam
2749 5235 2795 5289 si
2834 5236 2967 5305 quid
3015 5236 3358 5291 librariorum
3400 5234 3618 5293 incuria

2040 5304 2300 5360 amissum
2338 5307 2426 5370 sit,
2465 5304 2519 5357 id
2546 5315 2815 5373 quantum
2851 5304 2903 5359 in
2938 5322 2995 5361 se
3030 5317 3115 5361 est
3140 5307 3562 5375 reprehendere.

2114 5376 2315 5430 Versus
2361 5392 2500 5444 quos
2548 5376 2752 5430 multos
2801 5377 2989 5431 laudat
3037 5376 3290 5432 Clemens
3320 5376 3394 5431 ita
3432 5379 3619 5433 studui

2040 5447 2394 5507 constituere,
2421 5455 2481 5499 ut
2508 5450 2752 5517 exceptis
2782 5449 2973 5516 paucis
2997 5464 3133 5517 quos
3163 5456 3347 5518 aperte
3377 5447 3618 5504 viderem

2042 5532 2162 5588 esse
2187 5519 2534 5585 dcpravatos,
2565 5528 2620 5572 et
2657 5529 2833 5573 metro
2871 5528 2926 5573 et
2950 5518 3234 5574 sententiae
3266 5526 3441 5588 poeta:
3478 5519 3617 5575 satis

2043 5587 2299 5660 lacerent,
2326 5590 2630 5660 praesertim
2656 5604 2782 5644 cum
2808 5590 2862 5643 in
2894 5588 3248 5643 adnotatione
3270 5587 3464 5644 critica
3494 5606 3619 5660 qua:

2043 5659 2096 5712 in
2126 5658 2280 5712 libris
2308 5667 2456 5713 esset
2478 5659 2752 5728 scriptura
2790 5674 2966 5715 essem
3000 5659 3361 5714 indicaturus.
3402 5658 3618 5715 Alii—sic

2041 5738 2195 5784 erant
2218 5744 2344 5784 cum
2372 5730 2669 5786 Clementis
2691 5732 2942 5785 oratione
2963 5729 3264 5799 conjuncti,
3290 5739 3353 5785 ut
3372 5732 3616 5800 separari

429 5848 502 5916 (tt)
541 5842 832 5916 Bibliotheca
853 5851 1219 5916 surrupuit-uni
1244 5844 1467 5916 Et'cfesitc
1486 5850 1783 5916 Grecorum.
1813 5848 1914 5916 Titi
1950 5848 2110 5916 Fiat-ii
2138 5846 2741 5916 Clementisdlemndrini
2764 5854 2923 5916 Opera
2960 5848 3137 5901 omnia.
3169 5846 3452 5914 Recognorit
3480 5846 3617 5899 Rein-

367 5907 538 5959 ltoldus
578 5910 727 5958 litt-17.
774 5907 966 5969 Lipsue,
1002 5909 1122 5960 1850
1152 5912 1230 5972 st,
1254 5911 1524 5971 sumptibus
1548 5912 1583 5960 1';
1631 5914 1684 5962 Β.
1710 5913 2054 5976 Sclm'irkerti,
2081 5928 2129 5963 ll!
2166 5914 2237 5976 ἓξ,
2262 5916 2359 5961 vol.
2392 5914 2488 5964 l-l.
