4456 6564
296 428 368 487 εδ
1527 419 1866 479 veranum
1907 417 2329 496 TESTIMONIA
3493 424 3567 478 se

1175 752 1754 846 VETERUM
1833 747 2638 842 TESTIMONIA.

1872 965 1942 983 ~

1203 1094 1484 1165 Eusebius,
1529 1096 1845 1165 Ecclesiasi.
1890 1095 2100 1152 Ilistor.
2141 1093 2240 1148 lib.
2271 1109 2346 1160 tv,
2386 1111 2502 1164 cap.
2530 1093 2622 1148 26.

361 1215 559 1271 Τούτου
588 1217 644 1271 δὲ
671 1217 766 1272 τοῦ
785 1215 945 1284 λόγου
979 1213 1247 1285 μέμνηται
1287 1215 1521 1285 Κλήμης
1564 1215 1592 1265 6
1643 1210 1884 1276 Ἀλεξαν⁶
1911 1221 1958 1277 Α
2072 1208 2115 1262 H

1809 1221 1958 1277 ινοΑ
2072 1208 2250 1277 Hujus
2300 1218 2478 1263 autem
2539 1209 2663 1263 libri
2722 1218 2869 1262 ment
2895 1223 3055 1264 onem
3114 1210 3247 1267 facit
3303 1210 3569 1268 Clemens

287 1309 446 1382 δρεὺς
472 1312 529 1364 ἐν
563 1311 677 1381 ἰδίῳ
707 1310 844 1379 Περὶ
865 1304 959 1359 τοῦ
984 1306 1176 1378 Πάσχα
1205 1308 1367 1378 λόγῳ,
1397 1308 1456 1360 ὃν
1477 1305 1538 1370 ἐξ
1565 1304 1745 1368 αἰτίας
1771 1304 1871 1376 τῆς

285 1401 381 1455 τοῦ
411 1403 718 1464 Μελίτωνος
749 1398 972 1472 γραφῆς
999 1400 1163 1470 φησὶν
1191 1401 1381 1455 ἑαυτὸν
1413 1397 1690 1462 συντάξαι.

1974 1297 2383 1354 Alexandrinus
2417 1300 2472 1353 in
2496 1314 2662 1369 opere
2687 1312 2791 1354 suo
2819 1297 2895 1354 De
2919 1299 3215 1370 Paschate;
3262 1305 3407 1373 quod
3436 1302 3563 1373 qui-

1974 1394 2097 1448 dem
2127 1399 2189 1446 ut
2215 1393 2610 1458 conscriberet,
2643 1391 2920 1449 Melitonis
2951 1394 3153 1449 librum
3200 1411 3425 1450 causam
3455 1396 3567 1451 sibi

1975 1481 2281 1554 praebuisse
2303 1490 2558 1538 testatur.

1511 1600 1686 1671 Idem,
1718 1603 1848 1656 ibid.
1881 1602 1975 1657 lib.
2007 1618 2060 1669 ν,
2090 1617 2208 1670 cap.
2243 1599 2332 1654 Η.

356 1723 513 1776 Κατὰ
541 1720 732 1778 τοῦτον
760 1719 886 1794 (τὸν
916 1720 1246 1793 Πάνταινον)
1270 1726 1390 1786 ταῖς
1419 1720 1590 1785 θείαις
1638 1724 1876 1792 γραφαῖς

288 1817 554 1868 συνασκού
563 1833 720 1887 μενος
737 1817 825 1868 ἐπ’
861 1813 1266 1886 Ἀλεξανδρείας
1284 1813 1612 1886 ὲγνωρίξετο
1623 1813 1874 1884 Κλήμης,

283 1906 572 1978 ὁμώνυμος
599 1907 676 1978 τῷ
714 1907 880 1960 πάλαι
910 1907 1009 1976 τῆς
1052 1906 1334 1977 Ῥωμαίων
1388 1908 1715 1980 Ἐκκλησίας
1741 1910 1878 1978 ἡγη-

292 1999 508 2069 σαμένῳ
537 2002 764 2070 φοιτητῇ
798 1998 905 2051 τῶν
936 1999 1275 2051 ἀποστόλων·
1308 2000 1366 2062 ὃς
1395 2000 1457 2070 δὴ
1486 2002 1578 2053 καὶ
1615 1999 1877 2070 ὀνομαστὶ

287 2090 344 2139 ὲν
377 2083 464 2153 αἷς
493 2091 781 2155 συνέταξεν
825 2090 1330 2153 Ὑποτυπώσεσιν,
1358 2092 1432 2153 ὡς
1463 2091 1526 2143 ἂν
1556 2091 1874 2143 διδασκάλου

286 2180 379 2233 τοῦ
408 2182 706 2234 Πανταίνου
749 2182 1052 2253 μέμνηται.
1103 2180 1306 2233 Τοῦτον
1347 2181 1401 2234 δὲ
1429 2183 1590 2234 αὑτὸν
1629 2183 1722 2235 καὶ
1766 2183 1873 2236 τῶν

287 2274 679 2341 Στρωματέων
706 2276 764 2330 ὲν
784 2273 985 2346 πρώτῳ
1015 2273 1408 2344 συγγράμματι
1427 2274 1753 2327 αἰνίττεσθαί
1784 2292 1874 2344 μοι

284 2363 449 2427 δοκεῖ,
480 2366 568 2417 ὅτε
595 2367 721 2429 τοὺς
748 2366 1189 2437 ὲμιρανεστέρους
1205 2362 1272 2438 ἧς
1293 2364 1618 2436 κατείληφεν
1648 2366 1878 2418 ἀποστο-

285 2455 446 2525 λικῆς
464 2456 711 2527 διαδοχῆς
734 2458 1253 2528 ὲπισημαινόμενος,
1289 2455 1462 2509 ταῦτά
1508 2471 1700 2527 φησιν·
1737 2457 1874 2527 Ἤδη

282 2547 343 2600 δὲ
371 2549 431 2600 ού
461 2549 644 2619 γραφὴ
676 2551 756 2612 είς
783 2547 1039 2613 ἐπίδειξιν
1084 2547 1489 2618 τετεχνασμένη
1530 2546 1624 2617 ἥδε
1655 2548 1688 2617 ἡ
1733 2563 1876 2617 πρα-

287 2641 522 2709 γματεία
546 2657 559 2670 ·
590 2641 725 2694 ἀλλά
758 2659 848 2712 μοι
879 2641 1250 2711 ὑπομνήματα
1280 2641 1362 2702 είς
1405 2640 1582 2710 γῆρας
1624 2638 1882 2710 θησαυρί-

2047 1719 2302 1774 Clemens
2345 1717 2563 1787 gentilis
2613 1717 2760 1773 illius
2794 1718 3114 1786 Clementis,
3145 1721 3240 1792 qui
3286 1721 3564 1791 apostolo-

1975 1828 2094 1865 rum
2129 1810 2432 1879 discipulus
2471 1817 2620 1871 erat,
2657 1826 2721 1863 ac
2752 1808 3126 1865 Romanorum
3171 1813 3301 1865 olim
3345 1820 3566 1866 rexerat

1976 1903 2301 1968 Ecclesium,
2340 1901 2681 1970 temporibus
2711 1899 2978 1966 Pantaeni,
3007 1902 3167 1972 cujus
3196 1918 3361 1971 opera
3391 1903 3446 1955 in
3473 1918 3565 1956 sa-

1977 1995 2086 2048 cris
2117 1995 2313 2048 litteris
2346 1994 2638 2060 educatus,
2669 1992 3016 2063 multumque
3058 1995 3393 2048 exercitatus
3423 2005 3562 2058 erat,

1980 2085 2327 2140 Alexandriae
2385 2087 2672 2140 hominum
2730 2086 2874 2140 fama
2927 2095 2984 2140 et
3035 2087 3565 2142 commemoratione

1977 2179 2211 2232 multum
2245 2177 2568 2231 nobilitatus
2592 2187 2704 2240 est;
2740 2178 2833 2246 qui
2861 2178 3081 2246 quidem
3114 2179 3169 2231 in
3201 2179 3356 2232 libris
3393 2179 3569 2232 'rxo-

1974 2269 2304 2324 τυπώσεων
2337 2269 2406 2323 ab
2447 2269 2566 2338 ipso
2611 2270 2953 2337 compositis,
2986 2269 3314 2322 nominatim
3354 2286 3562 2340 prazce—

1977 2361 2153 2431 ptoris
2185 2359 2532 2414 suiPantzeni
2564 2360 2902 2413 mentionem
2926 2358 3076 2413 facit.
3105 2359 3276 2426 Quem
3311 2361 3474 2414 etiam
3509 2362 3569 2415 in

1979 2451 2156 2520 primo
2195 2451 2337 2504 libro
2365 2447 2702 2502 Stromatum
2744 2449 2961 2503 videtur
3016 2450 3284 2517 innuisse,
3317 2452 3408 2504 ubi
3439 2467 3571 2505 cer-

1986 2552 2073 2596 tos
2104 2543 2374 2612 quosdam
2416 2543 2562 2597 viros
2604 2543 2904 2612 apostolica
2935 2543 3186 2598 doctrina
3216 2543 3400 2614 (quam
3448 2545 3571 2614 ipse-

1983 2633 2051 2686 ab
2096 2636 2204 2689 illis
2246 2633 2561 2705 acceperat)
2610 2651 2735 2689 cum
2777 2635 2972 2704 primis
3004 2635 3241 2691 eximios
3291 2646 3561 2700 recenset,

285 2730 460 2795 ζεται,
491 2731 661 2802 λήθης
690 2733 999 2803 φάρμακον,
1035 2731 1249 2784 εἴδωλον
1297 2730 1540 2800 ἀτεχνῶς
1586 2731 1680 2783 καὶ
1726 2747 1880 2782 σκια-
1912 2729 1952 2782 Β
1984 2725 2037 2778 hi

1801 2748 1880 2782 ια-
1912 2729 1952 2782 Β
1984 2725 2071 2778 his
2106 2726 2288 2780 verbis
2320 2744 2333 2780 :
2374 2728 2522 2780 Istud
2567 2744 2596 2780 a
2640 2744 2728 2782 me
2767 2728 2881 2798 jam
2917 2729 3228 2785 institutum
3273 2749 3414 2802 opus
3453 2749 3561 2786 non

287 2824 494 2893 γραφία
513 2823 619 2874 τῶν
649 2823 893 2894 ἐναργῶν
921 2824 1016 2876 καὶ
1046 2822 1303 2892 ἐμψύχων
1332 2823 1557 2874 ἐκείνων
1600 2815 1675 2875 ὧν
1709 2839 1877 2893 κατη-

288 2913 486 2985 ξιώσὶην
514 2914 743 2967 ἀκοῦσαι
765 2915 939 2983 λόγων
963 2932 1022 2967 τε
1069 2917 1163 2968 καὶ
1199 2913 1405 2985 ἀνδρῶν
1455 2914 1738 2984 μακαρίων
1781 2913 1876 2966 καὶ

287 3006 364 3075 τῷ
397 3005 507 3056 ὄντι
528 3004 837 3072 ἀξιολόγων.
870 3004 1087 3056 Τούτων
1114 3005 1142 3054 6
1175 3003 1293 3072 μὲν,
1329 3003 1420 3054 ἐπὶ
1452 3003 1552 3072 τῆς
1601 3001 1872 3063 Ἑλλάδος,

287 3097 317 3146 6
360 3095 593 3158 Ἰωνικός
613 3112 627 3124 θ
659 3098 687 3148 6
714 3095 790 3158 δὲ,
814 3095 906 3147 ἐπὶ
932 3095 1032 3164 τῆς
1063 3093 1301 3164 μεγάλης
1330 3092 1580 3155 Ἑλλάδος
1602 3108 1614 3121 ·
1648 3093 1746 3162 τῆς
1766 3091 1872 3144 κοί-

288 3187 388 3256 λης
418 3187 612 3257 ἅτερος
639 3186 816 3239 αὐτῶν
847 3187 1050 3265 Συρίας
1076 3181 1144 3256 ἦν
1167 3201 1181 3215 ·
1216 3186 1244 3236 6
1276 3184 1332 3237 δὲ
1357 3224 1370 3247 ,
1419 3185 1512 3236 ἀπ’
1557 3182 1832 3254 Αἰγύπτου
1857 3200 1870 3212 ·

287 3280 436 3334 ἄλλοι
464 3279 538 3342 δὲ,
560 3278 663 3332 ἀνὰ
687 3279 785 3350 τὴν
801 3277 1106 3348 Ἀνατολήν·
1132 3277 1224 3330 καὶ
1249 3277 1451 3346 ταύτης
1479 3276 1506 3326 6
1525 3275 1621 3345 μέν
1649 3291 1751 3337 τις,
1768 3273 1875 3325 τῶν

301 3367 597 3436 Ἀσσυρίων
621 3383 632 3395 ·
667 3367 695 3417 6
724 3367 801 3430 δὲ,
832 3367 889 3419 ὲν
918 3369 984 3437 τῇ
1018 3365 1371 3436 Παλαιστίνῃ,
1418 3365 1664 3435 Ἐϐραῖος
1683 3363 1876 3416 ἀνέκα-

288 3457 400 3510 θεν.
446 3458 688 3528 Ὑστάτῳ
727 3458 781 3510 δὲ
811 3457 1149 3527 περιτυχών·
1182 3457 1410 3527 δυνάμει
1437 3456 1492 3509 δὲ
1537 3455 1645 3526 ἄρα
1663 3455 1876 3526 πρῶτος

284 3547 353 3621 ἦν
371 3568 384 3580 ·
406 3550 799 3620 ἀνεπαυσάμην
820 3551 878 3600 ὲν
898 3549 1156 3618 Αἰγύπτῳ
1173 3548 1238 3619 θη
1247 3549 1416 3622 ράσας
1432 3545 1708 3616 λεληθότα.
1738 3547 1873 3599 Ἀλλ’

285 3643 338 3694 οἱ
367 3642 486 3713 μὲν,
509 3642 607 3713 τὴν
637 3641 808 3712 ἀληθῆ
844 3640 944 3710 τῆς
977 3641 1254 3712 μακαρίας
1294 3639 1641 3702 διδασκαλίας
1680 3637 1879 3703 σώζον-

289 3750 382 3796 τες
411 3733 731 3804 παράδοσιν,
763 3731 925 3794 εὐθὺς
953 3731 1061 3784 ἀπὸ
1089 3733 1298 3803 Πέτρου
1341 3747 1402 3783 τε
1444 3731 1538 3784 καὶ
1593 3729 1877 3795 Ἰακώϐου,

303 3823 548 3876 Ἰωάννου
577 3840 636 3875 τε
665 3823 757 3876 καὶ
786 3823 999 3875 Παύλου
1033 3822 1142 3876 τῶν
1174 3822 1344 3891 ἁγίων
1366 3821 1683 3875 ἀποστόλων
1704 3860 1719 3884 ,
1751 3824 1880 3884 παῖς

290 3915 443 3986 ’παρὰ
491 3915 696 3986 πατρὸς
739 3915 1133 3985 ἐκδεξάμενος·
1191 3915 1361 3983 ὀλίγοι
1409 3914 1465 3966 δὲ
1510 3916 1561 3966 οἱ
1607 3914 1879 3984 πατράσιν

291 4010 471 4080 ὅμοιοι
494 4024 508 4039 '
539 4003 673 4080 ἧκον
701 4007 765 4080 δὴ
797 4009 892 4062 σὺν
924 4007 1044 4078 Θεῷ
1073 4008 1166 4061 καὶ
1200 4009 1278 4071 είς
1309 4009 1456 4078 ἡμᾶς
1482 4006 1551 4059 τὰ
1580 4005 1879 4079 προγονικὰ

288 4104 476 4156 ἑκείνα
502 4102 593 4154 καὶ
623 4100 956 4154 ἀποστολικα
982 4098 1451 4170 κατασθησόμενοι
1495 4098 1806 4170 σπέρματα.

1979 2825 2063 2870 est
2094 2827 2240 2870 certe
2271 2834 2406 2887 opus
2443 2818 2742 2874 artificiose
2772 2821 2840 2874 ad
2871 2821 3090 2876 inanem
3133 2825 3565 2879 ostentationem

1977 2909 2356 2972 elaboratum,
2399 2910 2493 2964 sed
2537 2921 2799 2979 tanquam
2847 2915 3279 2969 commentarius
3319 2917 3386 2970 ad
3426 2918 3564 2971 oblt-

1978 2999 2157 3052 vi0nis
2198 2999 2448 3051 morbum
2491 3001 2800 3053 curandum
2835 3001 2890 3054 in
2920 3016 3192 3055 summam
3226 3014 3567 3059 senectutem

1976 3090 2293 3158 repositus,
2350 3091 2710 3144 simulacrum
2760 3092 2921 3162 plane
2962 3103 3017 3147 et
3058 3095 3408 3149 adumbratio
3453 3113 3563 3150 non

1977 3182 2144 3236 modo
2162 3181 2400 3237 ellicacis
2429 3182 2578 3236 illius
2599 3193 2655 3237 et
2680 3184 2853 3253 plena:
2875 3185 2978 3255 spil
2995 3187 3072 3239 itu
3090 3203 3153 3240 ac
3173 3188 3278 3241 vita
3301 3189 3573 3244 doctrina:

1976 3290 2145 3342 quant
2201 3275 2336 3328 mihi
2395 3290 2725 3330 concessum
2773 3290 2859 3330 est
2906 3279 3130 3344 audire;
3167 3295 3354 3334 verum
3396 3282 3563 3336 etiam

1976 3367 2262 3420 beatorum
2320 3368 2644 3434 hominum,
2707 3384 2801 3438 qut
2868 3381 3000 3424 sunt
3066 3373 3314 3426 omnium
3372 3390 3568 3429 revera

1976 3457 2264 3526 praeconiis
2293 3459 2490 3512 merito
2521 3459 2860 3513 celebrandi.
2894 3459 3142 3525 Quorum
3171 3479 3316 3518 unus
3345 3463 3574 3519 Ionicus

1978 3563 2213 3615 genere,
2264 3548 2318 3600 in
2353 3548 2562 3603 Graecia
2608 3549 2779 3617 vixit;
2829 3551 2965 3604 alter
3014 3569 3269 3624 magnam
3299 3553 3565 3610 Graeciam

1980 3640 2249 3706 incoluit;
2284 3641 2422 3696 alter
2449 3643 2502 3696 in
2527 3641 2825 3713 leesyria
2856 3653 3040 3709 natus,
3075 3647 3277 3701 ibidem
3310 3663 3565 3704 commo-

1981 3740 2136 3786 ratus
2179 3742 2303 3798 est;
2365 3734 2504 3788 alter
2548 3751 2613 3788 ex
2643 3733 2878 3806 Egypto
2931 3737 3200 3793 oriundus
3262 3737 3407 3806 fuit;
3470 3741 3572 3796 alii

1981 3821 2263 3877 Orientem
2296 3824 2546 3876 doctrina
2587 3825 2902 3893 evangelica
2946 3825 3572 3898 intbucrunt:qnorum

1980 3930 2124 3968 unus
2155 3931 2221 3968 ex
2248 3915 2488 3985 Assyriis
2519 3924 2821 3984 prognatus
2853 3926 2957 3981 est,
3007 3917 3149 3972 alius
3192 3919 3246 3971 in
3279 3918 3572 3976 Palaestina

1981 4007 2202 4075 antiqua
2237 4005 2594 4061 Hebraeorum
2630 4009 2801 4077 stirpe
2843 4009 3047 4064 editus.
3080 4009 3146 4063 Et
3174 4026 3298 4064 cum
3341 4010 3566 4066 demum

1907 4082 1952 4142 Ο
1985 4099 2102 4168 ipse
2143 4099 2422 4153 hominem
2474 4100 2528 4153 in
2557 4098 2797 4171 1E3ypt0
2860 4101 3256 4156 delitescenten
3301 4104 3572 4174 vestigas-

291 4213 440 4261 sem,
489 4196 654 4265 inque
697 4210 821 4248 eum
852 4204 1188 4263 postremum
1228 4194 1567 4258 incidissem,
1602 4196 1694 4264 qui
1719 4194 1923 4247 virtute
1967 4202 2020 4248 et
2060 4194 2311 4249 doctrina
2355 4204 2474 4249 erat
2515 4212 2572 4250 re
2610 4195 2727 4264 ipsa
2760 4196 3005 4249 omnium
3048 4197 3292 4265 primus,
3347 4200 3565 4253 tandem

289 4307 419 4347 cum
485 4290 578 4344 illo
639 4288 944 4360 conquievi.
995 4288 1173 4357 Atque
1236 4287 1329 4342 isti
1370 4303 1557 4341 veram
1613 4296 1982 4343 sacrosancta:
2055 4289 2323 4344 doctrinae
2381 4290 2747 4352 traditionem,
2799 4305 2963 4357 quam
3011 4292 3383 4346 successionis
3424 4293 3568 4347 serio

291 4386 362 4438 ab
388 4385 523 4454 ipsis
554 4399 726 4454 usque
753 4384 960 4438 sanctis
987 4381 1270 4451 apostolis,
1297 4380 1485 4465 Petro,
1520 4381 1748 4448 Jacobo,
1780 4383 1992 4438 Joanne
2023 4393 2078 4439 et
2107 4384 2277 4438 Paulo
2311 4383 2566 4448 deducta,
2600 4384 2746 4436 velut
2776 4382 2922 4438 [ilius
2958 4399 2988 4438 a
3026 4393 3183 4454 patre
3217 4395 3569 4457 acceperant,

289 4479 420 4534 licet
444 4480 605 4549 pauci
653 4494 882 4552 numero
925 4477 1104 4548 (pauci
1145 4477 1293 4530 enim
1331 4486 1459 4530 sunt
1491 4477 1740 4546 patribus
1768 4479 1997 4548 similes)
2026 4480 2247 4533 assidue
2288 4487 2698 4542 conservantes,
2729 4479 2795 4531 ad
2836 4487 3086 4534 nostram
3119 4489 3334 4536 aetatem
3367 4497 3564 4552 usque,

287 4574 476 4629 divina
513 4577 731 4631 favente
759 4576 1070 4641 clementia,
1100 4573 1268 4629 vitam
1296 4582 1692 4643 prepagarunt,
1719 4590 1829 4645 quo
1860 4576 2086 4644 antiqua
2118 4575 2210 4629 illa
2251 4584 2305 4629 ct
2336 4575 2638 4644 apostolica
2667 4575 2934 4631 doctrinm
2961 4577 3234 4648 praedictae
3267 4578 3474 4633 semina
3510 4579 3567 4630 in

291 4666 498 4720 animis
529 4670 735 4724 nostris
764 4669 1085 4724 insererent.

1505 4757 1678 4827 Idem,
1719 4762 1851 4817 ibid.
1892 4762 1986 4816 lib.
2022 4777 2074 4828 ν,
2115 4779 2234 4832 cap.
2264 4762 2355 4817 28.

363 4869 473 4926 Ἦν
503 4871 546 4923 δ’
569 4871 635 4924 ἂν
661 4873 823 4941 τυχὸν
855 4874 1080 4929 πιθανὸν
1099 4874 1158 4928 τὸ
1179 4873 1467 4944 λεγόμενον
1487 4909 1502 4935 ,
1535 4873 1585 4926 εί
1616 4871 1690 4942 μὴ
1723 4873 1877 4944 πρῶ-

290 4983 388 5020 τον
413 4967 508 5038 μὲν
535 4963 865 5017 ἅντὲπιπτον
891 4967 1074 5029 αὐτοῖς
1095 4967 1153 5019 αί
1184 4965 1321 5018 θεῖαι
1341 4962 1551 5035 Γραφαί
1567 4979 1581 4994 ο
1607 4963 1703 5018 καὶ
1727 4964 1882 5020 ἀδελ-

294 5060 416 5128 φῶν
448 5058 502 5111 δέ
532 5073 689 5110 τινων
712 5055 828 5107 ἐστὶ
859 5055 1164 5126 γράμματα
1194 5056 1535 5129 πρεσϐύτερα
1563 5055 1673 5106 τῶν
1692 5056 1880 5108 Βίκτο-

293 5167 394 5222 ρος
413 5149 640 5222 χρόνων,
659 5146 694 5200 ὃ.
715 5146 910 5199 ἐκεῖνοι
934 5148 1070 5216 πρὸς
1093 5148 1162 5201 τά
1178 5149 1304 5220 ἔθνη
1331 5148 1471 5220 ὑπὲρ
1488 5147 1585 5216 τῆς
1601 5147 1876 5218 ἀληθείας,

292 5242 393 5294 καὶ
427 5240 564 5312 πρὸς
591 5239 689 5302 τὰς
708 5237 826 5291 τότε
856 5237 1096 5308 αἱρέσεις
1139 5239 1403 5310 ἔγραψαν.
1448 5241 1604 5308 Λέγω
1648 5240 1706 5293 δὲ
1754 5243 1881 5294 Ἰου-

294 5332 481 5384 στίνου
514 5335 609 5387 καὶ
649 5331 940 5386 Μιλτιάδου
977 5330 1070 5384 καὶ⁵
1103 5332 1369 5386 Τατιανοῦ
1404 5336 1499 5388 καὶ
1540 5333 1878 5405 Κλήμεντος,

290 5425 392 5477 καὶ
427 5423 629 5496 ἑτέρων
657 5427 913 5480 πλειόνων
945 5426 1001 5479 ὲν
1026 5419 1107 5488 οἷς
1137 5425 1307 5478 ἅπασι
1329 5426 1657 5497 θεολογείται
1686 5429 1715 5481 6
1746 5429 1881 5500 Χρι-

293 5509 440 5572 στάς.

2056 4875 2135 4927 Ac
2165 4875 2398 4929 fortasse
2434 4875 2486 4930 id
2514 4875 2658 4945 quod
2689 4876 2915 4940 dicunt,
2961 4874 3226 4930 credibile
3263 4875 3575 4941 videretur,

1987 4964 2094 5021 nisi
2119 4967 2201 5022 eis
2233 4965 2645 5037 refragarentur
2677 4968 2909 5038 primum
2935 4965 3156 5035 quidem
3187 4966 3387 5022 divina:
3415 4968 3574 5024 Scri-

1983 5067 2192 5127 pturaa;
2225 5059 2423 5114 deinde
2451 5059 2683 5115 fratrum
2716 5060 3081 5130 quorumdam
3125 5061 3354 5130 scripta,
3381 5061 3575 5116 Victo-—

1984 5147 2062 5202 ris
2095 5156 2253 5202 relate
2299 5150 2636 5219 antiquiora,
2683 5165 2803 5219 quae
2845 5148 2923 5202 illi
2977 5147 3244 5203 adversus
3287 5157 3476 5217 gentes
3514 5159 3571 5203 et

1983 5249 2176 5294 contra
2217 5240 2306 5294 sui
2344 5242 2608 5310 temporis
2649 5239 2937 5294 haereticos
2970 5256 3072 5310 pro
3100 5241 3343 5295 veritatis
3378 5239 3570 5296 defen-

1985 5329 2141 5383 sione
2175 5331 2538 5400 scripserunt.
2569 5329 2844 5385 Justinum
2873 5329 3144 5399 intelligo,
3169 5336 3222 5382 et
3243 5327 3576 5395 Miltiadem,

1986 5429 2039 5475 et
2077 5419 2406 5488 Tatiaaum,
2447 5439 2512 5478 ac
2542 5424 2898 5487 Clementem,
2947 5423 3194 5490 aliosque
3226 5421 3573 5490 quampluri-

1988 5527 2140 5578 mos;
2189 5514 2245 5568 in
2271 5531 2508 5586 quorum
2555 5515 2804 5570 omnium
2859 5513 3013 5568 libris
3043 5512 3251 5568 Christi
3304 5513 3576 5570 divinitas

1916 5604 1960 5659 D
1989 5606 2275 5660 astruitur.

1412 5720 1585 5791 Idem,
1625 5723 1760 5777 ibid.
1803 5725 1899 5778 lib.
1928 5737 2002 5788 vi,
2040 5737 2155 5789 cap.
2189 5722 2258 5775 l5
2286 5733 2336 5776 et
2362 5723 2448 5776 14.

367 5834 477 5889 Τοῦ
506 5835 564 5890 δὲ
585 5835 901 5910 Κλήμεντος
921 5840 1283 5910 Στρωματεῖς
1297 5840 1346 5893 οἱ
1372 5839 1572 5903 πάντες
1585 5838 1729 5892 ὀκτὼ
1747 5857 1822 5892 πα
1831 5842 1876 5909 ρ’

291 5929 430 5996 ἡμῖν
461 5929 752 5994 σώζονται·
790 5932 883 5997 οὓς
902 5935 994 5988 καὶ
1020 5935 1274 6009 τοιαύτης
1293 5935 1522 6008 ἠξίωσεν
1543 5933 1874 6006 ἐπιγραφῆς·

2056 5837 2352 5893 Clementis
2393 5853 2586 5892 omnes
2629 5848 2754 5892 octo
2798 5836 2921 5891 libri
2959 5835 3349 5907 Στρωματεῖς,
3392 5836 3444 5890 id
3485 5843 3572 5891 est

1993 5932 2136 5988 toria
2187 5930 2448 6002 remeavi,
2494 5929 2640 6002 apud
2685 5945 2785 5985 nos
2835 5928 3030 5999 integri
3091 5935 3398 5995 servantur,
3427 5941 3571 5996 quos
