4456 6564
828 448 903 505 36
2029 429 2350 493 CLEMENS
2374 422 2951 482 VALEXANDRINUS.
4036 417 4105 472 ΞΒ

831 562 929 621 taii
942 558 1315 631 ‘inscriptione
1346 557 1570 617 donavit
1591 553 1737 624 :ZTiti
1755 552 1931 609 Flavii
1958 539 2244 607 Clementis
2272 561 2414 601 σοντι--
2444 549 2493 604 Α
2525 541 2591 595 Τί

2346 561 2414 597 τι·
2444 549 2493 604 Α
2525 541 2698 595 Τίτου
2737 539 3007 594 Φλαυίου
3042 534 3389 604 Κλήμεντος
3412 537 3532 591 τῶν
3570 534 3721 591 κατὰ
3758 530 3873 603 τὴν
3907 530 4106 600 ἁληθῆ

834 655 1099 709 meritoria
1125 649 1526 721 Στρωματεῒς,
1554 648 1662 703 hoc
1705 656 1791 702 est
1837 643 1990 699 uaria
2036 642 2244 696 ratione
2292 652 2417 690 con-

836 747 991 810 texti,
1018 746 1126 817 qui
1174 742 1519 813 multiplicem
1566 755 1702 794 verte
1736 755 1799 793 ac
1835 737 2029 792 divina
2074 732 2419 805 philosophia

2516 633 2891 702 φιλοσοφίαν
2903 627 3248 703 γνωστικῶ
3263 629 3708 699 ὑπομνημάτων
3721 624 4106 699 Στρωματεῒς.

2530 724 2832 797 Ἰσάριθμοί
2861 742 2922 778 τε
2953 724 3166 788 τούτοις
3193 721 3328 776 εἰσὶν
3347 720 3400 772 οἱ
3428 720 3902 796 ἐπιγεγραμμένοι
3939 719 4109 774 Ὑπο-

837 806 1193 912 cognitionem
1243 806 1703 907 complectuntur.
1766 829 2017 886 Totidem
2081 828 2252 882 etiam
2297 824 2418 879 libri
2518 828 2597 875 τυ.

2353 824 2418 879 iri
2518 819 2845 875 τυπὼσεων
2871 818 3041 871 αὐτοῦ
3062 819 3243 887 λόγοι·
3275 815 3334 868 ὲν
3358 806 3439 876 οἷς
3467 812 3732 883 ὀνομαστὶ
3757 815 3834 879 ὡς
3861 810 4111 869 διδασκά-

839 942 971 990 sunt
1000 931 1070 987 ab
1106 946 1174 986 eo
1213 929 1372 996 editi,
1414 928 1508 998 qui
1540 922 2009 986 ’Υποτυπὼσεις,
2045 918 2099 972 id
2124 926 2211 972 est
2235 915 2422 987 Infor-

838 1023 1125 1090 onationes,
1143 1021 1553 1084 inscribuntur;
1576 1017 1631 1071 in
1659 1014 1860 1086 quibus
1883 1011 2201 1065 Pantaauum
2231 1008 2424 1062 docto-

2520 914 2635 978 λου,
2675 910 2772 966 τοῦ
2808 911 3112 965 Πανταίνου
3162 904 3524 983 μνημονεύει,
3572 906 3801 978 ὲκδοχάς
3832 926 3894 963 τε
3942 904 4111 961 αὐτοῦ

2525 1006 2773 1080 γράφων,
2803 1003 2900 1057 καὶ
2930 1003 3259 1074 παραδόσεις
3287 999 3653 1071 ἐκτιθέμενος.
3688 1000 3848 1052 Ἔστι
3873 1000 3931 1053 δὲ
3963 997 4111 1069 αὐτῷ

839 1129 960 1169 rem
984 1122 1040 1169 et
1061 1112 1383 1183 magistrum
1410 1124 1570 1166 suum
1620 1105 1945 1162 nominatim
1974 1093 2272 1163 memorat,
2299 1114 2424 1153 cum
2527 1102 2599 1154 κα

2354 1114 2424 1151 un
2527 1097 2785 1170 καὶπρὸς
2818 1094 3087 1164 Ἕλληνας
3125 1094 3284 1163 λόγος
3310 1097 3339 1147 ὁ
3380 1089 3814 1166 Προτρεπτικὸς,
3864 1095 4014 1162 τρεῖς
4051 1105 4114 1143 τι

838 1202 1437 1273 ϐοωιηεηιπὶοε·ε]ιιε
1486 1200 1544 1254 in
1586 1214 1777 1255 sacras
1818 1198 2030 1251 litteras
2055 1190 2425 1251 recensendo,

2528 1193 2578 1245 οἱ
2608 1189 2704 1244 τοῦ
2727 1186 3212 1259 ἐπιγεγραμμένου
3243 1183 3628 1257 Παιδαγωγοῦ
3647 1200 3660 1213 ·
3688 1181 3789 1234 καὶ
3816 1182 3916 1248 Τίς
3943 1186 3977 1237 ό
4003 1197 4115 1236 σω-

839 1310 960 1356 tum
978 1299 1311 1355 traditiones
1339 1270 1505 1351 etiam
1529 1291 1894 1365 explanando.
1919 1287 2018 1343 Est
2039 1286 2163 1358 eius
2188 1287 2331 1342 liber
2360 1287 2429 1340 ad
2530 1283 2599 1352 (6,

2360 1287 2429 1340 ad
2530 1283 2772 1352 ζόμενος
2797 1275 3314 1365 πλούσιος;οὖτως
3360 1275 3685 1350 ἐπιγραφεὶς
3719 1274 3905 1346 ἔτερος
3943 1270 4114 1327 αὐτοῦ

842 1393 1073 1465 gentiles
1092 1388 1475 1444 Hortator-ius.
1524 1362 1662 1440 Tres
1708 1385 1863 1447 item,
1904 1381 2002 1451 qui
2048 1379 2432 1435 inscribuntur
2530 1372 2602 1425 λ’όε

2355 1388 2432 1431 Lur
2530 1372 2687 1465 λ’όγος
2704 1388 2719 1402 ο
2746 1371 2808 1425 τό
2829 1386 2887 1424 τε
2932 1368 3073 1437 Περὶ
3088 1365 3195 1420 τοῦ
3221 1364 3444 1435 Πάσχα
3466 1368 3825 1439 σύγγραμμα,
3859 1362 3956 1417 καὶ
3982 1365 4115 1417 Δια-

842 1446 1200 1555 E’tedagogus.
1228 1482 1404 1544 Alius,
1436 1478 1596 1549 cujus
1622 1475 1814 1530 titulus
1840 1446 1939 1528 Sic—
1952 1470 2119 1526 habet
2139 1490 2152 1525 :
2173 1468 2435 1535 Quisnam
2532 1463 2602 1518 λέ

2353 1484 2435 1522 am
2532 1462 2735 1531 λέξεις
2762 1463 2897 1527 περὶ
2921 1459 3231 1528 νηστείας,
3262 1457 3358 1511 καὶ
3373 1450 3517 1525 Περὶ
3544 1453 3932 1522 καταλαλιᾶς,
3964 1446 4059 1509 καὶ
4082 1446 4113 1510 ’ὁ

842 1580 989 1633 dives
1020 1577 1111 1630 ille
1136 1576 1226 1640 sit,
1251 1574 1341 1644 qui
1383 1572 1637 1625 salvetur.
1694 1567 1770 1619 De
1792 1563 2066 1619 Paschate
2101 1562 2242 1617 liber
2267 1575 2433 1615 unus.

842 1669 1245 1740 Disputationes
1294 1665 1360 1719 de
1384 1662 1615 1733 jejunio.
1666 1659 1832 1714 Liber
1862 1655 2303 1713 Obtrectationis.
2336 1651 2434 1707 Est

841 1768 1109 1831 praeterea
1126 1756 1272 1811 liber
1288 1750 1777 1825 ejus‘ﬂortatorius
1806 1749 1874 1803 ad
1891 1747 2232 1819 patientiam.
2248 1743 2430 1808 Alius,

845 1851 930 1907 Λᾶ
961 1848 1490 1919 nuper'baptiza‘tos.
1535 1838 1695 1898 'Alius
1720 1842 1817 1912 qui
1862 1847 2213 1909 nuncupatur
2251 1834 2435 1890 Canon

2547 1552 2976 1618 Προτρεπτικὸς
3004 1548 3141 1621 πρὸς
3165 1545 3466 1618 ὑπομονὴν,
3506 1546 3602 1597 καὶ
3614 1547 3718 1609 Εις
3738 1542 3879 1609 τοὺς
3900 1543 4110 1596 νεωστί

2543 1642 3083 1712 βεϐααττισμένους,
3115 1638 3209 1690 καὶ
3235 1638 3264 1689 ὁ
3287 1637 3765 1706 ἐπιγεγραμμένος
3790 1635 4002 1689 Κάνων
4025 1635 4122 1688 ὲκ·-

2550 1732 3050 1806 κλησιαστικός,ἢ
3076 1731 3207 1802 πρὸς
3227 1730 3352 1791 τοὺς
3375 1727 3782 1794 Ἰουδαῖζοντας·
3806 1729 3866 1782 ὃν
3882 1728 4124 1794 Ἀλεξαν-

2548 1831 2663 1904 δρῷ
2685 1830 2765 1902 τῷ
2789 1827 3142 1901 δεδηλωμένφ
3183 1822 3464 1889 ἐπισκόπῳ
3498 1821 3864 1875 ἀνατέθεικεν.
3900 1824 3994 1878 Ἐν
4028 1824 4115 1890 μὲν

846 1941 1262 2005 ecclesiasticus,
1290 1938 1407 1993 sive
1423 1943 1610 1992 contra
1633 1949 1728 1988 eos
1750 1932 1844 2002 qui
1859 1930 2175 1985 Iudaeorum
2193 1941 2435 1995 sequun-
2466 1910 2509 1963 Β
2537 1901 2606 1974 ού

2373 1941 2435 1977 ιι-
2466 1910 2509 1963 Β
2537 1901 2766 1979 οὖντοῖς
2811 1910 3268 1981 Στρωματεῦσιν
3309 1907 3370 1960 οὐ
3423 1905 3581 1978 μόνον
3621 1903 3721 1976 τῆς
3765 1905 3918 1967 θείας
3956 1901 4124 1955 κατά-

846 2045 941 2089 tur
975 2047 1254 2096 errorem;
1304 2041 1466 2098 quem
1512 2025 1772 2094 episcopo
1816 2019 2164 2083 Alexandro,
2213 2017 2279 2071 de
2313 2029 2435 2085 quo
2539 2027 2601 2061 στ

2366 2029 2435 2067 no
2539 2024 2773 2080 στρωσιν
2800 2005 3097 2073 πεποίηται
3123 2000 3369 2072 Γραφῆς,
3400 1995 3535 2049 ἀλλὰ
3571 1996 3667 2048 καὶ
3692 1996 3802 2049 τῶν
3837 1995 3967 2066 παρ’
3999 1991 4126 2045 Ἔλ-

848 2142 1012 2197 supra
1040 2124 1203 2180 verba
1226 2121 1504 2185 'fecimus,
1543 2114 1838 2171 dedicavit.
1878 2111 1938 2165 lu
1974 2111 2133 2165 libris
2157 2112 2434 2177 Στρωμα-

2536 2100 2714 2169 λησιν,
2744 2099 2799 2151 εἴ
2831 2114 2884 2149 τι
2926 2096 3035 2166 ἄρα
3074 2092 3351 2163 ὠφέλιμον
3394 2088 3568 2140 ὲδόκει
3608 2086 3796 2148 αὐτοῖς
3838 2083 4125 2158 εἰρῆσθαι,

848 2175 1012 2197 --,,--
1053 2175 1201 2180 .--ην
1489 2175 1503 2185 ,
2236 2175 2247 2177 _
2321 2175 2332 2177 ν

847 2219 1019 2279 τέων,
1076 2232 1188 2272 non
1242 2211 1410 2269 modo
1462 2207 1770 2266 sententias
1821 2221 1891 2259 ex
1941 2218 2102 2259 sacra
2154 2200 2437 2269 Scriptura
2544 2208 2607 2262 μν

2368 2214 2437 2252 ιτα
2544 2187 2896 2262 μνημονεύει,
2924 2184 3032 2238 τῶν
3059 2201 3118 2236 τε
3146 2181 3299 2254 παρὰ
3324 2183 3438 2243 τοῖς
3472 2177 3686 2240 πολλοῖς
3705 2177 4014 2248 δογμάτων,
4059 2175 4128 2227 τὰ

850 2311 1114 2367 collectas
1150 2307 1402 2376 disperse
1444 2302 1673 2367 intexit;
1706 2298 1802 2353 sed
1847 2296 2015 2350 etiam
2059 2310 2128 2349 ex
2157 2291 2439 2363 gentilium

2556 2281 2819 2353 Ἐλλήνων
2850 2275 2986 2348 ὁμοῦ
3019 2276 3111 2328 καὶ
3149 2273 3217 2327 τὰ
3264 2271 3556 2344 βαρϐάρων
3592 2270 3991 2331 ἀναπτύσσων,
4033 2265 4130 2319 καὶ

849 2405 1186 2473 scriptorum
1230 2359 1412 2462 libris,
1445 2396 1492 2450 si
1519 2393 1650 2464 quid
1680 2392 1751 2447 ab
1780 2390 1888 2443 illis
1915 2359 2206 2442 commode
2233 2384 2440 2438 dictum
2544 2374 2609 2427 ἔτ

2372 2398 2440 2436 rm
2544 2374 2624 2427 ἔτι
2656 2370 2756 2435 τὰς
2782 2370 2891 2422 τῶν
2918 2364 3285 2438 αἰρεσιαρχῶν
3307 2361 3655 2434 ψευδοδοξίας
3680 2359 3950 2421 εὐθύνων,
3988 2360 4132 2410 ἱστο-

2590 2466 2601 2473 .
2846 2462 2925 2473 ..ι
3003 2460 3058 2473 ιι-
3141 2459 3156 2473 λ
3202 2461 3222 2473 ι.
3311 2457 3325 2473 o
3390 2456 3537 2473 In,_,,
3606 2454 3739 2473 1”?”
3788 2447 4132 2473 __\_._-..n_:-

852 2497 1124 2560 videatur,
1154 2491 1343 2558 sumit,
1372 2504 1497 2543 cum
1539 2484 1857 2541 Graecorum
1899 2477 2146 2533 simulet
2179 2475 2445 2530 barbaro-

851 2604 977 2644 rum
1024 2585 1358 2657 opiniones,
1409 2595 1535 2652 qua:
1582 2577 1727 2648 apud
1777 2572 1983 2628 multos
2023 2571 2245 2640 jactatae
2293 2574 2441 2624 sunt.

853 2679 1155 2753 aperiendo
1210 2693 1227 2728 :
1275 2685 1393 2730 tum
1426 2672 1606 2727 falsos
1659 2676 1712 2723 et
1767 2662 2175 2721 commentitios

856 2787 1075 2838 eorum,
1114 2768 1209 2840 qui
1240 2768 1385 2821 inter
1410 2761 1706 2819 haereticos
1731 2758 2039 2829 principem
2072 2753 2256 2807 locum
2304 2746 2445 2803 obti-

858 2836 1088 2927 nebant,
1126 2836 1515 2923 coarguendo;
1548 2849 1788 2919 denique
1826 2843 2273 2916 explanationem
2305 2836 2448 2892 mul-

858 2952 1065 3025 tiplicis
1101 2949 1386 3013 doctrinae,
1436 2952 1492 2999 et
1535 2944 1846 2998 litterarum
1884 2938 2155 3008 cujusque
2210 2931 2447 3005 generis,

860 3047 1010 3102 unde
1059 3043 1285 3114 copiosa
1331 3037 1565 3095 materia
1616 3035 1777 3091 nobis
1832 3032 2074 3102 suppetit
2119 3027 2447 3099 prudentiae,

2549 2466 2670 2537 ρίαν
2691 2481 2751 2517 τε
2774 2462 2975 2532 πολλὴν
3000 2459 3222 2524 ἐξαπλοί
3244 2497 3259 2520 ,
3304 2456 3557 2509 ὑπόθεσιν
3604 2454 3739 2523 ἡμῖν
3785 2447 4134 2520 πολυμαθοῦς

2547 2556 2801 2627 παρέχων
2832 2551 3097 2614 παιδείας.
3145 2548 3371 2611 Τούτοις
3413 2548 3587 2599 ἅπασι
3632 2542 4002 2611 καταμίγνυσι
4039 2541 4137 2593 καὶ

2229 2672 2445 2713 errores
2545 2646 2616 2697 τὰ
2642 2642 2946 2712 φιλοσόφων
2965 2640 3232 2710 δόγματα.
3273 2636 3435 2689 ὐθεν
3459 2634 3682 2695 εἰκότως
3715 2629 4048 2699 κατάλληλον
4068 2633 4136 2700 τῇ

2548 2732 2803 2786 ὑποθέσει
2826 2732 2921 2784 καὶ
2948 2731 3050 2800 τὴν
3088 2726 3416 2800 προγραφὴν
3460 2724 3569 2776 τῶν
3602 2718 4002 2790 Στρωμιιτέων
4042 2736 4142 2771 πε-

2549 2828 2790 2898 ποίηται.
2822 2828 3104 2897 Κέχρηται
3123 2823 3167 2876 δ’
3191 2824 3248 2876 ἐν
3276 2823 3460 2883 αὐτοῖς
3488 2820 3583 2872 καὶ
3615 2820 3736 2880 ταῖς
3766 2816 3874 2869 ἀπὸ
3903 2815 4012 2869 τῶν
4046 2817 4142 2869 ἀν-

2548 2919 2912 2990 τιλεγομένων
2941 2915 3174 2988 Γραςρῶν
3212 2914 3540 2986 μαρτυρίαις
3560 2950 3575 2975 ,
3616 2911 3715 2981 τῆς
3750 2927 3809 2962 τε
3841 2907 4145 2978 λεγομένης

2552 3011 2898 3083 Σολομῶντος
2917 3010 3161 3078 Σοφίας,
3203 3004 3425 3074 καὶτῆς
3466 3004 3642 3074 Ἰησοῦ
3679 3000 3773 3054 τοῦ
3806 2998 4008 3073 Σιρὰχ,
4048 2998 4147 3051 καὶ

862 3148 994 3194 ante
1022 3090 1225 3192 oculios
1264 3129 1496 3186 lectoris
1529 3124 1807 3198 pr0ponit.
1856 3090 2035 3192 Aliquo
2066 3090 2155 3194 his
2176 3114 2453 3171 universis
2554 3105 2622 3175 τῆ

2389 3114 2453 3168 gis
2554 3105 2655 3175 τῆς
2686 3100 2825 3174 πρὸς
2864 3100 3143 3172 Ἑϐραίους
3181 3096 3523 3164 Ἐπιστολῆς,
3554 3094 3654 3163 τῆς
3682 3111 3739 3145 τε
3762 3090 4022 3163 Βαρνάϐα
4049 3090 4149 3142 καὶ

865 3226 1321 3304 pbilosopborun
1359 3221 1616 3291 dogmata
1652 3213 1967 3272 admiscuit.
2008 3209 2165 3265 Unde
2203 3222 2310 3262 non
2337 3206 2455 3259 sine
2483 3241 2525 3299 ϐ

864 3337 1039 3380 causa
1084 3314 1505 3386 inscriptionem
1550 3309 1734 3380 operis
1773 3312 2101 3377 argumento
2130 3299 2286 3354 valde
2322 3311 2454 3351 con-

868 3423 1188 3472 sentaneam
1222 3407 1372 3472 fecit,
1395 3400 1780 3472 Στρωματεῖς.
1817 3398 1874 3451 In
1908 3396 2117 3451 eisdem
2144 3401 2270 3445 octo
2300 3388 2457 3443 libris

868 3507 1044 3561 utitur
1090 3497 1427 3557 testimoniis
1451 3495 1884 3563 Scripturarum,
1930 3486 2135 3557 quibus
2186 3498 2218 3537 a
2267 3480 2457 3535 multis

870 3598 1013 3656 solet
1052 3589 1407 3651 contradici:
1460 3584 1725 3639 nimirum
1775 3578 2086 3649 Sapientia,
2138 3587 2261 3643 qua:
2303 3569 2461 3624 Salo-

868 3690 1053 3747 monis
1079 3686 1305 3749 dicitnr,
1334 3689 1390 3736 et
1416 3673 1811 3738 Ecclesiastici,
1838 3670 1967 3725 Jesu
1992 3665 2228 3730 ‘Siracb,
2250 3675 2305 3718 cl.
2334 3661 2461 3731 Epi-

871 3782 1028 3837 stolas
1074 3779 1144 3834 ad
1181 3775 1478 3837 Hebraeos,
1530 3777 1586 3824 et
1635 3763 1923 3829 Barnabas,
1953 3770 2008 3817 et
2035 3757 2359 3819 Clementis,
2411 3762 2466 3808 et

870 3872 1046 3930 ludat.
1072 3868 1291 3925 Tatiani
1323 3866 1456 3922 item
1479 3864 1687 3919 librum
1712 3866 1907 3916 contra
1939 3852 2172 3926 gentiles
2203 3850 2340 3904 citat
2368 3863 2394 3925 :p
2411 3855 2467 3901 et

872 3967 1078 4022 librum
1118 3957 1408 4024 Cassiani,
1456 3969 1622 4027 quem
1652 3951 1728 4007 De
1761 3960 2057 4019 temporum
2105 3942 2291 3997 ordine
2331 3953 2468 3995 con-

875 4055 1122 4127 scripsit.
1190 4048 1446 4105 Philonis
1503 4058 1676 4115 porro
1701 4083 1717 4108 ,
1764 4049 1820 4096 et
1857 4033 2198 4098 Aristobuli,
2241 4027 2467 4099 Iosephi

874 4160 945 4220 et
971 4145 1233 4204 Demetrii
1285 4152 1343 4198 et
1385 4137 1709 4210 Eupolemi,
1761 4131 2079 4187 Iudaeorum
2108 4128 2467 4194 scriptorum,

877 4215 1205 4298 memoriam
1256 4249 1368 4290 non
1413 4227 1663 4303 praeterit
1691 4245 1706 4281 :
1738 4225 1942 4296 quippe
1969 4219 2064 4290 qui
2100 4217 2219 4273 suis
2247 4213 2469 4282 scriptis

877 4332 1127 4404 Moysen,
1154 4337 1210 4385 et
1232 4324 1550 4383 Judatorum
1596 4327 1836 4391 gentem,
1873 4321 2059 4368 vetere
2089 4309 2182 4364 illa
2211 4303 2469 4377 prosapia

877 4397 1005 4497 quae
1064 4420 1212 4493 apud
1253 4417 1474 4474 Graecos
1530 4413 1809 4484 iactatur,
1863 4406 2024 4476 longe
2095 4397 2469 4470 antiquiorem

880 4493 1057 4575 fuisse
1083 4512 1376 4587 perspicue
1397 4510 1857 4565 commonstrant.
1876 4501 2058 4570 Atque
2085 4496 2179 4552 isti
2214 4493 2470 4549 Clemen-

881 4613 957 4667 tis
979 4580 1143 4675 libri,
1169 4580 1312 4677 quos
1339 4602 1453 4673 jam
1494 4597 1767 4671 persecuti
1792 4608 2019 4666 ,sumus,
2048 4589 2294 4646 maxima
2322 4585 2468 4658 cpti—
2501 4580 2546 4635 D

884 4718 1102 4760 marum
1169 4695 1585 4767 disciplinarum
1649 4689 1880 4743 materia
1943 4682 2130 4740 referti
2199 4690 2348 4737 sunt.
2413 4677 2472 4732 ln

887 4797 1069 4870 primo
1113 4792 1258 4847 libro
1300 4784 1550 4858 ejusdem
1606 4780 1789 4851 operis
1838 4778 1907 4832 de
1951 4776 2133 4846 seipso
2190 4772 2470 4843 loquitur,

886 4859 1038 4960 quod
1067 4898 1237 4956 prope
1255 4880 1322 4936 ad
1360 4875 1739 4947 apostolorum
1773 4879 2018 4937 tempora
2048 4863 2393 4920 successerit.
2415 4859 2476 4914 In

888 4954 1099 5037 eisdem
1129 4973 1287 5029 libris
1301 4964 1725 5025 Commentarios
1756 4963 1813 5015 in
1839 4958 2081 5015 Genesim
2111 4971 2171 5011 se
2198 4954 2473 5011 editurum

890 5073 1206 5147 pollicetur.
1254 5066 1387 5120 Item
1426 5063 1484 5116 in
1531 5060 1675 5114 libro
1713 5055 1864 5110 illius
1903 5066 2066 5121 quem
2109 5049 2187 5102 De
2213 5045 2480 5101 Paschate

893 5139 1241 5238 composuit,
1289 5157 1492 5213 fatetur
1520 5168 1582 5211 se
1618 5168 1650 5207 a
1681 5147 2050 5206 familiaribus
2082 5144 2199 5199 suis
2226 5139 2478 5210 compul-

893 5233 1044 5324 sum,
1091 5267 1152 5314 ut
1197 5252 1543 5317 traditiones,
1584 5262 1725 5318 quas
1765 5260 1797 5298 a
1821 5240 2102 5297 veteribus
2145 5233 2481 5307 presbyteris

897 5322 1223 5423 accepisset,
1278 5341 1479 5400 litteris
1533 5338 1791 5410 proderet
1846 5334 1913 5388 ad
1966 5328 2367 5402 posteritatem.
2420 5322 2478 5377 In

898 5419 1093 5504 eodem
1146 5441 1290 5495 libro
1340 5434 1692 5497 Melitonem,
1742 5426 2010 5482 Irenaeum
2061 5431 2117 5477 et
2164 5419 2302 5475 alios
2344 5432 2484 5472 non-

899 5540 1085 5598 nullos
1135 5535 1584 5592 commemorat,
1641 5522 2099 5587 narrationesque
2158 5515 2366 5582 aliquot
2414 5526 2482 5564 ex

848 5666 858 5699 λ
898 5646 1092 5690 eorum
1141 5625 1298 5682 libris
1339 5624 1460 5694 pias
1511 5625 1779 5674 recenset.
1828 5612 1887 5666 ln
1938 5609 2096 5665 libris
2141 5602 2485 5660 Ὑποτυπώο

835 5704 862 5757 ’³
898 5738 1083 5789 (rem,
1118 5727 1180 5774 ut
1205 5713 1527 5774 summatim
1563 5703 2055 5777 comprehendam,
2088 5701 2235 5756 sicut
2263 5699 2318 5753 in
2355 5697 2486 5751 uni-

901 5827 1094 5872 versas
1124 5809 1474 5882 Scripturas,
1512 5816 1637 5873 qua:
1677 5797 1924 5852 omnium
1969 5793 2348 5850 consentiente
2389 5803 2490 5842 au-

902 5907 1160 5967 ctoritate
1194 5901 1617 5971 conﬁrmantur,
1665 5897 1862 5953 breves
1904 5887 2126 5959 scripsit
2164 5881 2487 5957 explicatio--

2558 3196 2878 3267 Κλήμεντος
2898 3194 2992 3246 καὶ
3031 3190 3220 3243 Ἰούδα.
3251 3186 3599 3257 Μνημονεύει
3621 3202 3680 3237 τε
3706 3182 3803 3236 τοῦ
3854 3181 3993 3253 πρὸς
4028 3179 4153 3232 ’Έλ-

2560 3289 2728 3360 ληνας
2760 3282 3027 3340 Τατιανοῦ
3048 3282 3227 3349 λόγου,
3260 3281 3354 3331 καὶ
3374 3275 3707 3339 Κασσιανοῦ,
3737 3275 3813 3337 ὡς
3846 3274 3940 3327 καὶ
3981 3268 4150 3324 αὑτοῦ

2560 3378 3015 3449 Χρονοποαερίαν
3043 3370 3431 3442 πεποιημένου.
3474 3370 3594 3421 Ἔτι
3650 3366 3755 3437 μὴν
3789 3364 4024 3426 Φίλωνος
4056 3360 4155 3415 καὶ

2574 3468 3009 3543 Ἀριστοϐούλου,
3053 3466 3316 3535 Ἰωσήπου
3350 3478 3409 3514 τε
3440 3461 3533 3513 καὶ
3567 3456 3879 3530 Δημητρίου
3913 3453 4153 3509 καὶ-Εὑ-

2562 3561 2824 3632 πολέμου,
2866 3555 3138 3611 Ἰουδαίων
3160 3549 3540 3621 συγγραφέων,
3558 3549 3632 3610 ὼς
3662 3548 3728 3600 ἂν
3741 3546 3946 3599 τούτων
3974 3544 4154 3598 ἁπάν-

2561 3671 2670 3707 των
2693 3650 2988 3723 ἐγγράφως
3028 3644 3403 3718 πρεσϐύτερον
3441 3639 3542 3708 τῆς
3578 3639 3709 3710 παρ’
3752 3635 4009 3702 Ἕλλησιν
4053 3634 4157 3704 ἁρ-

2565 3743 2872 3814 χαιογονίας
2899 3737 3141 3796 Μωῦσέα
3163 3753 3223 3790 τε
3252 3735 3347 3788 καὶ
3375 3733 3436 3786 τὸ
3462 3731 3732 3785 Ἰουδαίων
3760 3729 3910 3791 ἔθνος
3939 3728 4158 3782 ἀποδει-

2570 3837 2795 3902 ξάντων.
2808 3835 2921 3889 Καὶ⁵
2932 3831 3098 3901 ἄλλης
3112 3830 3171 3883 δὲ
3187 3828 3449 3897 πλείστης
3469 3820 3908 3896 χρηστομαθείας
3927 3819 4158 3891 ἔμπλεοι

2567 3932 2619 3984 ot
2665 3927 2979 4001 δηλούμενοι
3026 3922 3358 3994 τυγχάνουσι
3399 3916 3496 3971 τοῦ
3542 3915 3735 3988 ἀνδρὸς
3772 3913 3939 3983 λόγοι.
3970 3906 4070 3964 Ὧν
4098 3912 4162 3965 ἰν

2567 4021 2647 4094 τῷ
2676 4018 2879 4092 πρώτῳ
2896 4017 3025 4090 περὶ
3041 4011 3236 4070 ἑαυτοῦ
3262 4011 3416 4084 δηλοῖ
3433 4008 3510 4073 ὡς
3526 4006 3757 4077 ἔγγιστα
3783 4004 3884 4075 τῆς
3902 4002 4012 4057 τῶν
4031 4003 4165 4056 ἀπο-

2572 4112 2774 4167 στόλων
2793 4109 3080 4180 γενομένου
3113 4104 3383 4175 διαδοχῆς.
3432 4100 3804 4170 Ὑπισχνεῖται
3826 4096 3868 4150 δ’
3888 4098 3947 4150 ὲν
3976 4095 4164 4159 αὐτοῖς

2571 4206 2668 4259 καὶ
2692 4206 2780 4269 εὶς
2802 4201 2916 4271 τὴν
2938 4200 3193 4255 Γένεσιν
3229 4191 3784 4266 ὑπομνηματιεῖσθαι.
3832 4188 3946 4244 Καὶ
3984 4191 4041 4242 έν
4077 4186 4162 4258 τῷ

2571 4297 2718 4366 λόγῳ
2744 4294 2801 4348 δὲ
2824 4290 2986 4347 αὐτοῦ
3014 4290 3092 4362 τῷ
3165 4292 3223 4357 ις
3262 4288 3480 4358 Πάσχα
3521 4282 3877 4354 ἐκϐιασθῆναι
3906 4278 4164 4351 ὁμολογεῖ

2574 4390 2713 4462 πρὸς
2738 4385 2847 4440 τῶν
2875 4385 3127 4456 ἑταίρων,
3156 4383 3222 4446 ἃς
3247 4382 3404 4451 ἔτυχε
3439 4378 3591 4449 παρὰ
3618 4376 3728 4430 τῶν
3756 4373 4002 4447 ἀρχαίων
4028 4387 4165 4442 πρε-

2577 4457 2857 4550 σδυτέρων
2910 4473 3161 4546 ἀκηκοὼς
3209 4470 3570 4543 παραδόσεις,
3614 4468 3803 4538 γραφῇ
3849 4466 3965 4525 τοῖς
4024 4457 4167 4532 μετὰ

2573 4572 2751 4628 ταῦτα
2780 4566 3137 4640 παραδοῦναι.
3170 4564 3462 4634 Μέμνηται
3496 4561 3540 4613 δ’
3569 4561 3626 4612 ἐν
3669 4556 3820 4629 αὐτῷ
3853 4554 4170 4616 Μελίτωνος

2577 4667 2673 4721 καὶ
2691 4659 3013 4735 Εἰρηναίου,
3046 4656 3142 4712 καί
3166 4672 3329 4708 τινων
3359 4653 3585 4725 ἐτέρων,
3612 4643 3687 4703 ὧν
3706 4651 3801 4703 καὶ
3827 4647 3927 4711 τὰς
3970 4646 4167 4717 διηγη-

2577 4777 2694 4824 σεις
2726 4757 2985 4812 τέθειται.
3021 4752 3110 4804 Ἐν
3149 4750 3207 4803 δὲ
3235 4751 3356 4810 ταῖς
3394 4742 3857 4807 Ὑποτυπώσεοτι,
3883 4740 4168 4806 ξυνελόντα

2578 4856 2774 4919 εἰπεῖν,
2805 4850 2989 4920 πάσης
3008 4846 3107 4917 τῆς
3131 4841 3449 4912 ὲνδιαθήκου
3476 4837 3700 4907 Γραφῆς
3727 4830 4165 4905 ὲπιτετμημένας

2580 4951 2872 5022 πεποίηται
2900 4946 3201 5016 διηγήσεις,
3235 4937 3371 5008 μηδὲ
3398 4934 3497 4998 τάς
3524 4930 3946 5002 άντιλεγομένας
3966 4926 4170 4996 παρελο

2582 5042 2723 5098 θώνο
2765 5012 2864 5111 τὴν
2895 5012 3070 5091 Ἰούδα
3105 5031 3250 5098 λέγω
3292 5027 3387 5081 καὶ
3428 5024 3529 5088 τάς
3576 5020 3836 5095 (λοιπὰς)
3872 5012 4173 5075 meamet;

2583 5103 2892 5195 ἐπιστολάς,
2925 5128 3027 5199 τήν
3052 5141 3113 5178 τε
3145 5119 3420 5192 Βαρνάϐα,
3450 5119 3545 5172 καὶ
3571 5117 3671 5188 τὴν
3695 5112 3905 5180 Πέτρου
3944 5103 4173 5173 λεγομέ-

2584 5242 2682 5298 νην
2718 5196 3104 5287 Ἀποκάλυψιν.
3165 5213 3275 5268 Καὶ
3303 5212 3398 5284 τὴν
3426 5210 3566 5283 πρὸς
3629 5200 3915 5274 Ἐϐραίους
3934 5196 3994 5252 δὲ
4023 5196 4174 5250 Ἐπι-

2587 5290 2801 5388 στολὴν,
2824 5310 3038 5366 Παύλου
3064 5308 3160 5378 μὲν
3188 5301 3325 5359 εἶναι
3353 5320 3509 5373 φησι,
3527 5294 3835 5367 γεγράφθαι
3859 5290 3917 5345 δὲ
3955 5290 4174 5360 Ἑϐραίο

2585 5426 2667 5472 οις
2705 5382 2967 5475 Ἒόραῖκῇ
3003 5400 3175 5471 φωνῇ,
3204 5396 3417 5451 Λουκᾶν
3446 5392 3503 5444 δὲ
3536 5386 3833 5458 φιλοτίμως
3864 5382 4035 5454 αὐτὴν
4072 5398 4171 5454 μεσ-

2588 5472 3073 5574 θερμηνεύσαντα,
3125 5491 3375 5546 ἐκδοῦναι
3422 5486 3537 5545 τοῖς
3559 5479 3843 5551 Ἕλλησιν·
3904 5475 4027 5530 ὅθεν
4081 5472 4172 5525 τὸν

2587 5564 2952 5661 αὐτδνχρῶτα
2982 5581 3331 5658 εὑρίσκεσθαι
3361 5573 3502 5629 κατὰ
3519 5573 3615 5645 τὴν
3632 5570 3952 5645 ἑρμηνείαν,
3968 5564 4174 5632 ταύτης

2588 5704 2648 5740 τε
2666 5654 3125 5756 τῆςτίίπιστολῆς,
3151 5676 3249 5732 καὶ
3276 5672 3386 5725 τῶν
3414 5668 3672 5741 Πράξεων
3691 5683 3705 5695 ’
3743 5664 3817 5735 μὴ
3863 5654 4175 5732 προγεγρά-

2593 5750 2732 5853 φθαιυ
2752 5780 2809 5834 δὲ
2830 5778 2910 5846 τὸ,
2929 5775 3173 5839 Παῦλος
3199 5768 3561 5832 ἀπόστολος,
3592 5760 3835 5820 εἰκότως.
3861 5774 3879 5806 ι
3904 5750 4179 5823 Ἑϐραίοις

2592 5873 2721 5947 γὰρ,
2740 5873 2927 5945 φησὶν,
2952 5864 3304 5928 ἐπιστέλλων,
3321 5859 3587 5934 πρόληψιν
3609 5850 3854 5925 εἰληφόσι
3877 5846 3997 5900 κατ’
4015 5844 4080 5897 αὖ
4092 5839 4178 5897 τοῦ
