4456 6564
330 485 397 539 37
1594 478 1939 544 WETERUM
1964 485 2423 557 .‘TESTIMONIA.
3536 488 3607 542 38

331 610 422 663 καὶ
452 611 851 667 ὑποπτεύουσιν
880 609 1069 675 αὐτὸν,
1096 612 1329 676 συνετῶς
1356 611 1497 664 πάνυ
1543 612 1642 665 οὐκ
1681 613 1737 665 ἐν
1766 612 1909 683 ἀρχῇ
1946 622 1988 677 Α
2020 625 2086 663 ne

1845 613 1909 682 χῇ
1946 622 1988 677 Α
2020 625 2117 664 nes
2146 628 2157 663 :
2190 610 2266 662 ita
2310 623 2486 678 neque
2519 622 2613 661 eas
2644 607 2864 676 quidem
2899 623 3024 677 qua:
3063 622 3092 660 a
3126 602 3310 661 multis
3337 614 3605 661 vocantur

330 702 635 778 ἀπέτρεψεν
665 704 886 767 αὐτοὺς,
918 702 978 757 τὸ
1008 705 1175 777 ὄνομα
1198 706 1331 769 θείς.
1356 700 1520 757 »Εἶτα
1558 706 1764 770 ὑποϐὰς
1792 708 1913 759 ἐπι-

327 800 501 868 λέγειο
540 818 559 850 ι
595 797 733 867 Ἤδη
765 795 841 859 δέ,
872 795 947 861 ὡς
972 796 1001 850 ό
1033 799 1302 870 μακάριος
1332 797 1482 865 ἔλεγε
1519 798 1911 870 πρεσϐύτερος,

328 896 448 947 ἐπεὶ
483 895 511 945 '5
556 889 797 961 Κύριος,
840 890 1158 955 Ἀπόστολος
1189 890 1265 943 ὢν
1301 889 1396 943 τοῦ
1441 892 1909 964 Παντοκράτορος,

328 984 605 1054 ἀπεστάλη
635 983 770 1055 πρὸς
802 984 1106 1057 Ἐϐραίους,
1135 984 1222 1037 διὰ
1254 984 1577 1057 μετριότητα
1606 986 1633 1037 ὁ
1674 984 1907 1051 Παῦλος,

326 1079 400 1139 ὡς
421 1076 483 1129 ἂν
514 1078 594 1139 είς
621 1075 688 1129 τὰ
722 1076 845 1150 ἔθνη
876 1076 1303 1147 ἀπεσταλμένος,
1338 1078 1437 1131 οὐκ
1466 1076 1736 1149 ἐγγράφει
1782 1076 1913 1129 ἐαυ-

324 1171 414 1222 τὸν
465 1168 732 1241 Ἐϐραίων
760 1170 1078 1232 ἀπόστολον,
1099 1169 1187 1223 διά
1214 1188 1270 1222 τε
1291 1170 1387 1242 τὴν
1416 1172 1553 1243 πρὸς
1584 1171 1674 1224 τὸν
1702 1170 1910 1242 Κύριον

324 1264 519 1335 τιμὴν,
566 1265 653 1319 διά
697 1284 754 1318 τε
795 1266 856 1318 τὸ
898 1267 961 1316 ἐκ
995 1265 1309 1334 περιουσίας
1346 1266 1440 1318 καὶ
1485 1267 1599 1327 τοῖς
1639 1262 1910 1334 Ἑϐραίοις

327 1357 863 1421 ἐπιστέλλειν,ἐθνῶν
895 1358 1111 1427 κήρυκα
1144 1355 1271 1410 ὄντα
1300 1359 1395 1411 καὶ
1423 1355 1739 1411 ἀπόστολον.
1758 1376 1774 1407 ι
1798 1351 1907 1411 Αὖ-

325 1448 409 1512 θις
438 1451 479 1502 δ’
511 1453 568 1503 ἐν
598 1454 711 1513 τοῖς
737 1450 921 1511 αὐτοῖς
954 1450 981 1500 ὁ
1012 1448 1239 1521 Κλήμης
1270 1450 1494 1520 βιϐλίοις
1523 1450 1651 1521 περὶ
1679 1449 1779 1520 τῆς
1813 1452 1909 1505 τά-

325 1544 458 1609 ξεως
484 1544 591 1597 τῶν
621 1529 970 1609 Εύαγγελίων
1006 1543 1298 1613 παράδοσιν
1328 1544 1436 1595 τῶν
1466 1542 1729 1597 ἀνέκαθεν
1776 1562 1907 1616 πρε-

324 1636 602 1708 σϐυτέρων
619 1634 875 1697 τέθειται,
896 1632 1081 1687 τοῦτον
1111 1634 1337 1705 ἔχουσαν
1356 1635 1447 1688 τὸν
1477 1635 1676 1707 τρόπον
1697 1653 1710 1665 ·
1736 1655 1754 1686 ι
1768 1638 1908 1707 Προ-

321 1726 632 1796 γεγράφθαι
662 1725 880 1792 ἐλέγετο
906 1724 1014 1777 τῶν
1042 1726 1419 1793 Εὑαγγελίων,
1465 1725 1534 1780 τὰ
1585 1726 1907 1796 περιέχοντα

320 1823 419 1883 τὰς
437 1818 792 1888 γενεαλογίας
814 1833 831 1848 °
869 1819 929 1871 τὸ
955 1819 1011 1872 δὲ
1040 1819 1180 1872 κατὰ
1212 1819 1462 1889 Μάρκον,
1495 1818 1717 1890 ’ταύτην
1746 1820 1909 1889 ἐσχη-

321 1914 475 1967 κέναι
502 1910 601 1982 τὴν
630 1910 961 1980 οἰκονομίαν.
993 1910 1098 1963 Τοῦ
1119 1911 1326 1981 Πέτρου
1347 1910 1581 1982 δημοσίᾳ
1618 1911 1680 1962 ’ἐν
1722 1909 1907 1982 Ῥώμῃ

2017 699 2071 752 in
2102 700 2553 763 controversiam,
2588 715 2781 768 passus
2812 710 2893 755 est
2929 698 3439 768 intcrpretationum
3475 713 3571 751 sua

2014 808 2136 847 rum
2168 801 2421 863 expertes
2449 807 2573 848 esse
2614 810 2628 846 :
2675 790 2829 847 Iuda:
2861 791 3162 862 Epistulam
3219 791 3366 857 dico,
3407 800 3462 844 et
3504 806 3600 846 ca-

1999 880 2277 948 tholicas,
2326 891 2380 936 et
2432 882 2719 953 epistolam
2748 881 3035 947 Barnabae,
3086 891 3140 937 et
3186 881 3601 937 Revelationem

2015 991 2137 1045 quae
2157 973 2303 1028 Petri
2340 990 2461 1030 esse
2484 974 2706 1029 dicitur.
2745 973 3046 1044 Epistolam
3079 973 3206 1026 item
3238 975 3305 1029 ad
3342 971 3602 1028 Hebraeos

2015 1068 2300 1136 scriptam,
2325 1064 2480 1121 Pauli
2522 1081 2645 1122 esse
2674 1064 2926 1130 affirmat,
2968 1075 3022 1120 et
3052 1063 3320 1120 Hebratco
3344 1079 3602 1120 sermone

2015 1165 2081 1217 ad
2134 1162 2394 1218 Hebraeos
2437 1164 2505 1217 ab
2550 1178 2617 1218 eo
2664 1162 2912 1227 editam,
2966 1162 3179 1217 Lucam
3238 1174 3420 1216 autem
3473 1177 3597 1217 eam

2012 1265 2271 1311 accurate
2303 1255 2373 1309 'in
2401 1253 2673 1323 Graecum,
2724 1265 2783 1309 ut
2809 1255 3013 1311 Graacis
3063 1254 3325 1318 traderet,
3360 1270 3594 1308 conver-

2013 1347 2147 1402 tisse
2175 1364 2187 1398 :
2219 1346 2462 1416 illudque
2492 1349 2655 1417 plane
2681 1362 2747 1401 ex
2781 1346 3229 1416 interpretatione
3274 1347 3391 1416 ipsa
3434 1344 3598 1400 facile

2013 1438 2241 1506 intelligi
2283 1453 2463 1508 posse,
2506 1438 2656 1509 quod
2698 1437 2942 1508 Epistola
2972 1446 3025 1492 et
3052 1438 3186 1493 Acta
3220 1439 3596 1509 apostolorum

2013 1530 2157 1585 idem
2190 1532 2455 1587 orationis
2499 1534 2653 1587 ﬁlum
2692 1531 2965 1597 habeant;
2998 1540 3163 1600 atque
3206 1532 3349 1586 lianc
3398 1532 3599 1587 inscri-

2013 1620 2258 1691 ptionem
2279 1663 2293 1686 ,
2327 1620 2529 1676 Paulus
2560 1621 2835 1692 apostolus
2855 1662 2871 1684 ,
2906 1636 3017 1674 non
3049 1621 3167 1675 sine
3195 1636 3361 1678 causa
3398 1622 3451 1676 in
3472 1621 3600 1691 Epi-

2014 1710 2172 1765 stola:
2218 1711 2489 1781 principio
2545 1712 2715 1766 fuisse
2760 1710 3231 1781 praetermissam;
3273 1730 3291 1761 ι
3324 1726 3450 1765 nam
3472 1728 3598 1765 cum

2010 1800 2218 1857 Paulus
2239 1801 2308 1855 ad
2333 1800 2593 1857 Hebraeos
2621 1801 2919 1871 Epistolam
2954 1803 3241 1869 scriberet,
3275 1803 3366 1871 qui
3398 1806 3599 1871 praeiu-

2011 1912 2249 1967 dicatam
2287 1912 2491 1967 animis
2531 1912 2883 1977 sententiam,
2924 1922 2978 1967 et
3021 1923 3334 1983 suspectam
3376 1915 3595 1984 opinio-

321 2006 659 2079 κηρύξαντος
688 2005 777 2058 τὸν
804 2004 959 2072 λόγον
982 2043 997 2066 ,
1037 2004 1131 2057 καὶ
1161 2004 1434 2074 Πνεύματι
1474 2004 1534 2057 τὸ
1576 2004 1908 2072 Εὑαγγέλιον
1945 2005 1984 2061 Β
2015 2018 2080 2055 nc

1834 2020 1908 2056 ιον
1945 2005 1984 2061 Β
2015 2018 2160 2065 nem,
2193 2012 2385 2058 contra
2418 2018 2545 2057 eum
2587 2002 2818 2073 ejusque
2854 2003 3163 2057 doctrinam
3194 2006 3593 2069 combiberant.

321 2098 649 2162 ἐξειπόντος,
676 2098 803 2160 τοὺς
832 2096 1127 2167 παρόντας,
1169 2095 1394 2158 πολλοὺς
1423 2096 1581 2159 ὄντας
1604 2135 1619 2160 ,
1653 2113 1910 2167 παρακα-

320 2193 473 2245 λέσαι
500 2192 591 2245 τὸν
620 2190 868 2262 Μάρκον,
902 2189 978 2252 ὡς
1006 2187 1072 2241 ἂν
1102 2186 1540 2257 ἀκολουθήσαντα
1586 2187 1735 2258 αὑτῷ
1774 2189 1909 2259 πόῤ-

324 2283 517 2355 ρωθεν,
549 2284 644 2336 καὶ
674 2281 1019 2354 μεμνημένον
1064 2279 1173 2333 τῶν
1212 2277 1508 2349 λεχθέντων
1529 2318 1543 2340 ,
1592 2279 1907 2350 ἀναγράψαι

318 2375 389 2427 τὰ
415 2376 707 2446 εἰρημένα·
741 2375 1044 2445 ποιήσαντα
1076 2372 1135 2425 δὲ
1163 2372 1224 2424 τὸ
1251 2370 1611 2439 Εὑαγγέλιον,
1646 2372 1906 2441 μεταδοῦ-

321 2484 407 2519 ναι
428 2470 539 2529 τοῖς
565 2465 834 2535 δεομένοις
848 2464 1033 2519 αὑτοῦ.
1060 2465 1238 2535 Ὅπερ
1254 2463 1542 2532 ἐπιγνόντα
1562 2464 1651 2515 τὸν
1676 2464 1900 2535 Πέτρον,

322 2557 737 2629 προτρεπτικῶς
771 2559 842 2626 μή
900 2574 955 2609 τε
997 2555 1238 2610 κωλῦσαι
1272 2558 1344 2627 μή
1375 2572 1434 2607 τε
1463 2554 1900 2626 προτρέψασθαιο

320 2650 412 2701 τὸν
446 2649 543 2719 μέν
572 2666 654 2699 τοι
689 2648 934 2719 Ἰωάννην
964 2647 1211 2717 ἔσχατον,
1236 2646 1514 2699 συνιδόντα
1544 2646 1624 2698 ὅτι
1643 2646 1710 2699 τὰ
1729 2665 1907 2716 σωμα-

318 2741 446 2794 τικὰ
472 2742 531 2792 ἐν
552 2744 665 2802 τοῖς
686 2740 1029 2807 Εὐαγγελίοις
1047 2738 1359 2811 δεδήλωται,
1391 2739 1778 2810 προτραπέντα
1802 2739 1907 2793 ὑπὸ

318 2833 429 2887 τῶν
454 2834 767 2904 γνωρίμων,
799 2833 1069 2903 Πνεύματι
1100 2831 1905 2903 θεοφορηθέντα,πνευματικὸν

322 2926 547 2995 ποιῆσαι
577 2924 958 2992 Εὐαγγὲλιον.›
994 2922 1244 2975 Τοσαῦτα
1271 2922 1300 2973 ὁ
1330 2924 1579 2994 Κλήμης.

2010 2108 2205 2147 nomen
2238 2095 2490 2150 consulto
2520 2096 2817 2150 admodum
2851 2112 2961 2151 non
3010 2097 3402 2166 inscripsisse:
3434 2114 3504 2151 ne
3542 2099 3598 2151 in

2015 2185 2135 2255 ipso
2161 2187 2387 2241 exordio
2435 2187 2652 2242 animos
2686 2188 2917 2242 illorum
2965 2204 3195 2258 prorsus
3241 2189 3310 2243 ab
3338 2189 3600 2259 Epistola

2013 2276 2249 2331 lectione
2265 2284 2581 2330 averteret.»
2600 2276 2805 2333 Deinde
2828 2280 3047 2349 longius
3073 2280 3357 2351 aliquanto
3386 2282 3439 2335 in
3469 2297 3599 2337 ora-

2010 2368 2161 2423 tione
2190 2382 2539 2438 progressus,
2571 2369 2721 2422 addit
2752 2368 2854 2422 ista
2883 2388 2895 2422 :
2930 2388 2948 2419 ι
2979 2368 3100 2423 Jam
3130 2385 3259 2424 vero
3292 2371 3436 2425 sicut
3466 2372 3600 2427 bea-

2011 2468 2100 2513 tus
2142 2459 2367 2528 quidam
2405 2459 2689 2528 presbyter
2719 2459 2937 2517 dicebat
2966 2478 2979 2515 :
3009 2461 3271 2531 quoniam
3306 2461 3597 2528 Dominus,

2015 2551 2131 2620 ipse
2154 2550 2451 2620 Apostolus
2483 2551 2662 2607 Patris
2689 2555 2776 2607 sui
2809 2554 3225 2624 omnipotentis,
3252 2556 3319 2611 ad
3342 2556 3599 2614 Hebraeos

2013 2643 2217 2698 missus
2266 2642 2390 2709 fuit,
2420 2643 2622 2699 Paulus
2676 2645 2805 2714 quia
2851 2656 2971 2699 erat
3010 2646 3078 2700 ad
3129 2657 3318 2718 gentes
3368 2650 3596 2717 missus,

2016 2736 2264 2791 modeste
2309 2739 2566 2806 quidem,
2617 2754 2742 2794 cum
2793 2740 2859 2794 ad
2903 2737 3167 2796 Hebraeos
3209 2742 3495 2810 sorberet,
3539 2759 3601 2801 se

2015 2829 2325 2898 apostolum
2380 2828 2736 2884 Hebraeorum
2787 2845 2897 2883 non
2957 2831 3288 2900 inscripsit,
3368 2834 3596 2903 partim,

2013 2922 2083 2975 ob
2125 2937 2283 2975 suam
2334 2936 2463 2991 erga
2502 2921 2795 2976 Dominum
2841 2925 3227 2990 reverentiam,
3263 2927 3485 2996 partim,
3526 2943 3598 2983 ne

2013 3024 2136 3064 cum
2166 3010 2406 3081 gentium
2443 3026 2623 3078 praeco
2656 3019 2711 3064 et
2734 3011 3018 3080 apostolus
3060 3022 3227 3078 esset,
3261 3023 3459 3083 praeter
3481 3012 3596 3067 olli-

306 3103 462 3157 cium
490 3103 559 3157 ad
587 3102 843 3158 Hebraeos
879 3104 1116 3156 scribere
1145 3102 1475 3156 videretur.»
1508 3101 1999 3159 Rursusﬂlemens
2043 3106 2097 3159 in
2133 3105 2327 3159 iisdem
2357 3106 2531 3171 libris,
2574 3105 2923 3160 traditionem
2954 3105 3022 3159 de
3052 3107 3247 3162 ordine
3290 3118 3597 3177 temporum

320 3198 518 3267 quibus
548 3198 837 3269 Evangelia
874 3199 1073 3267 scripta
1114 3208 1288 3261 erant,
1324 3210 1355 3250 a
1380 3199 1655 3252 veteribus
1683 3199 2019 3269 presbyteris
2051 3209 2329 3270 acceptam
2380 3200 2446 3254 ad
2476 3200 2624 3255 hunc
2657 3199 2881 3254 modum
2916 3200 3141 3270 exponit
3176 3219 3188 3253 :
3237 3218 3255 3250 ι
3282 3199 3595 3272 Evangelia,

320 3309 441 3362 qua:
475 3295 527 3347 in
561 3309 621 3349 se
649 3295 1087 3364 complectuntur
1131 3294 1500 3365 genealogias,
1554 3304 1682 3349 ante
1725 3296 1928 3365 scripta
1962 3296 2241 3351 dicuntur.
2280 3295 2417 3351 Illud
2468 3306 2649 3353 autem
2697 3297 2844 3366 quod
2893 3298 3195 3352 secundum
3228 3296 3470 3351 Marcum
3506 3297 3595 3351 in-

320 3390 595 3455 scribitur,
637 3389 800 3443 talem
839 3406 1062 3445 causam
1098 3391 1355 3445 habuisse
1388 3390 1563 3444 fertur
1604 3411 1617 3446 :
1652 3391 1794 3445 Cum
1826 3390 2024 3448 Petrus
2054 3391 2242 3447 Romae
2271 3393 2492 3462 publice
2526 3392 2753 3446 verbum
2789 3391 2882 3446 Dei
2911 3393 3234 3461 praedicaret
3273 3400 3328 3447 et
3357 3390 3596 3461 Spiritus

318 3485 494 3540 sancti
545 3485 808 3539 instinctu
842 3485 1195 3557 Evangelium
1224 3486 1427 3541 Christi
1479 3496 1800 3556 exponeret,
1856 3488 2059 3543 multos
2104 3489 2199 3558 qui
2236 3498 2436 3557 praesto
2485 3487 2733 3548 aderant.
2782 3486 3053 3550 Marcum,
3106 3496 3296 3557 utpote
3326 3489 3423 3557 qui
3466 3502 3595 3542 eum

319 3582 523 3635 diutius
576 3583 872 3637 comitatus
918 3582 1145 3648 fuisset,
1199 3592 1252 3637 et
1294 3582 1413 3651 ejus
1466 3584 1627 3637 verba
1680 3584 1945 3637 memoria
1996 3594 2242 3647 teneret,
2290 3598 2621 3654 magnopere
2664 3583 2988 3637 obscerasse
3034 3582 3237 3648 ferunt,
3277 3591 3336 3637 ut
3379 3597 3441 3637 ea
3474 3597 3598 3651 quas

319 3680 548 3733 fuissent
574 3676 643 3729 ab
676 3677 768 3731 illo
798 3679 1108 3747 praedicata,
1152 3677 1367 3746 scriptis
1399 3676 1697 3731 mandaret.
1741 3676 1898 3744 Quod
1932 3677 2154 3747 quidem
2186 3675 2540 3746 Evangelium
2587 3675 2752 3730 simul
2787 3690 2851 3730 ac
2883 3675 3154 3737 ediderat,
3192 3676 3299 3730 illis
3330 3677 3423 3745 qui
3458 3676 3593 3730 illud

320 3775 389 3830 ab
419 3786 483 3826 eo
514 3772 876 3840 rogavissent,
935 3772 1223 3840 impertiit;
1261 3769 1479 3824 Petrum
1526 3778 1730 3835 autem,
1781 3770 1872 3823 ubi
1906 3770 1974 3825 de
2013 3786 2079 3825 eo
2123 3770 2328 3824 certior
2362 3768 2542 3824 factus
2593 3777 2741 3834 erat,
2792 3782 2968 3835 neque
3019 3767 3180 3835 plane
3223 3768 3595 3839 prohibuisse,

321 3882 495 3936 neque
526 3865 876 3919 adhortatum
912 3880 1074 3930 esse;
1114 3864 1379 3918 Joannem
1416 3878 1567 3930 vero,
1600 3873 1788 3935 utpote
1840 3865 2180 3919 sacrosancti
2218 3863 2459 3934 Spiritus
2500 3862 2736 3932 impulsu
2783 3870 3142 3927 commotum,
3178 3872 3467 3934 postquam
3504 3869 3596 3921 in-

321 3961 547 4021 tellexit,
584 3975 646 4012 ea
680 3976 803 4028 qute
846 3960 909 4013 ad
941 3976 1142 4029 corpus
1171 3970 1223 4013 et
1249 3960 1644 4014 humanitatem
1678 3960 1881 4014 Christi
1937 3961 2276 4029 spectabant,
2315 3960 2367 4012 in
2408 3958 2514 4013 illis
2546 3956 2854 4026 Evangeliis
2902 3957 3193 4026 explicata,
3226 3962 3591 4029 quorumdam

315 4055 668 4109 familiarium
703 4068 765 4107 ac
800 4056 1236 4109 necessariorum
1279 4064 1495 4125 rogatu,
1546 4055 1901 4127 Evangelium
1943 4057 2224 4127 spirituale
2266 4064 2390 4126 post
2430 4054 2673 4124 reliquos
2718 4052 3085 4123 evangelistas
3120 4056 3536 4127 conscripsisse.
3568 4077 3589 4111 ›

324 4149 446 4206 Hch
478 4150 745 4204 Clemens.

1075 4277 1375 4333 Alexander
1417 4275 1940 4345 Hierosolymitanus
1978 4275 2249 4341 episcopus
2288 4272 2481 4327 ibidem
2519 4272 2584 4325 de
2622 4274 2827 4326 eodem.

2083 4414 2215 4467 Nam
2269 4414 2389 4467 illos
2417 4412 2607 4465 beatos
2629 4410 2838 4474 Patres,
2871 4407 2962 4477 qui
2998 4415 3125 4460 ante
3174 4422 3274 4460 nos
3309 4407 3450 4462 viam
3480 4410 3589 4461 vir-

2005 4506 2139 4559 tutis
2184 4503 2373 4558 sedulo
2418 4501 2759 4561 institerunt,
2801 4499 2865 4551 ad
2916 4513 3057 4567 quos
3098 4514 3204 4551 non
3251 4498 3421 4553 multo
3465 4511 3590 4568 post

2002 4612 2104 4650 nos
2136 4594 2427 4664 profecturi
2456 4608 2669 4654 sumus,
2689 4592 3048 4662 COgthVilllltS
3077 4610 3090 4644 :
3119 4589 3433 4645 Pantrenum
3464 4593 3589 4647 dico

2000 4701 2127 4739 vere
2161 4686 2378 4737 beatum
2411 4699 2475 4736 ac
2503 4683 2788 4737 dominum
2844 4699 3048 4744 meum,
3083 4691 3137 4735 ct
3170 4692 3417 4736 sanctum
3463 4685 3587 4737 Cle-

2004 4788 2237 4832 mentem
2270 4778 2435 4831 etiam
2475 4778 2761 4831 dominum
2812 4792 3016 4841 meum,
3052 4776 3143 4845 qui
3179 4778 3407 4829 multum
3450 4777 3583 4829 milii

2000 4886 2141 4940 saepe
2182 4870 2572 4924 commodavit.

390 4412 641 4483 Πατέρας
665 4410 772 4482 γὰρ
801 4411 959 4481 ἴσμεν
990 4416 1119 4479 τοὺς
1158 4419 1461 4490 μακαρίους
1491 4418 1751 4486 ἐκείνους.
1771 4418 1898 4480 τοὺς
1928 4398 1971 4456 (ἶ

315 4506 765 4576 προοδεύσαντας,
794 4505 930 4573 πρὸς
958 4505 1051 4569 οὒς
1084 4513 1202 4577 μετ’
1241 4511 1419 4579 ὀλίγον
1450 4509 1682 4580 ἐσόμεθα
1703 4549 1716 4571 ,
1750 4511 1895 4563 Πάν-

313 4616 496 4652 ταινον
523 4599 613 4650 τὸν
637 4598 900 4669 μακάριον
931 4598 1146 4669 ἀληθῶς
1168 4605 1263 4656 καὶ
1286 4604 1489 4674 κύριον,
1514 4602 1606 4654 καὶ
1634 4601 1724 4654 τὸν
1750 4603 1891 4673 ἱερὸν

314 4688 608 4759 Κλήμεντα
631 4691 814 4762 κύριόν
848 4707 945 4761 μου
976 4691 1397 4762 γενόμενον,καὶ
1427 4693 1781 4766 ὠφελήσαντα
1800 4712 1886 4764 με.

1392 5008 1614 5061 Rursum
1658 5004 1851 5061 Euseb.
1896 5008 2029 5064 ibid.
2070 5009 2163 5063 lib.
2201 5026 2261 5075 ιι,
2302 5026 2420 5079 cap.
2449 5009 2502 5063 9.

386 5124 521 5194 Περὶ
550 5122 605 5177 δέ
622 5122 807 5175 τούτου
832 5119 859 5170 ό
890 5120 1120 5191 Κλήμης
1148 5122 1243 5177 τοῦ
1288 5125 1544 5179 Ἰακώϐου
1568 5163 1584 5188 ,
1625 5127 1719 5177 καὶ
1752 5127 1893 5179 ἱστο-
2076 5125 2146 5181 De

1827 5143 1893 5179 :o—
2076 5125 2152 5181 De
2193 5127 2300 5181 isto
2330 5125 2535 5180 Jacobo
2567 5124 2817 5177 Clemens
2852 5120 2905 5173 in
2943 5118 3178 5186 septimo
3224 5115 3368 5171 libro
3411 5116 3587 5169 Ὑπο-

311 5217 434 5287 ρίαν
459 5218 677 5287 μνήμης
703 5211 856 5279 ἀξίαν
884 5214 941 5264 ἐν
961 5214 1025 5282 τῇ
1053 5212 1162 5267 τῶν
1201 5216 1665 5271 Ὑποτυπὼσεων
1692 5216 1893 5287 ἐϐδόμῃ

309 5307 693 5375 παρατίθεται,
716 5306 789 5368 ὡς
818 5305 880 5357 ἐκ
910 5305 1268 5373 παραδόσεως
1287 5311 1393 5363 τῶν
1426 5312 1531 5383 πρὸ
1561 5308 1725 5364 αὑτοῦ
1744 5350 1757 5373 ,
1792 5310 1894 5379 φά-

308 5412 477 5459 σκων,
498 5397 581 5449 ὅτι
600 5397 664 5468 δὴ
692 5401 721 5451 ὁ
749 5394 1051 5464 εἰσαγαγὼν
1072 5395 1234 5450 αὑτὸν
1257 5401 1337 5463 είς
1365 5402 1734 5474 δικαστήριον,
1762 5420 1896 5474 μαρ-

304 5486 621 5555 τυρήσαντα
663 5490 824 5543 αὑτὸν
870 5487 1023 5553 ἰδὼν,
1067 5488 1342 5558 κινηθεὶς,
1399 5494 1753 5567 ὡμολόγησεν
1801 5495 1896 5548 καὶ

302 5580 471 5640 αὐτὸς
514 5574 654 5631 εἶναι
702 5584 896 5637 ἐαυτὸν
933 5582 1270 5655 Χριστιανὸν.
1320 5585 1757 5660 Συναπήχθησαν
1802 5584 1895 5642 οὖν

300 5674 475 5741 ἄμφω
496 5712 511 5735 ,
553 5672 745 5739 φησίν·
778 5677 872 5727 καὶ
900 5676 1040 5729 κατὰ
1067 5676 1162 5747 τὴν
1194 5674 1309 5726 ὁδὸν
1349 5675 1583 5742 ἠξίωσεν
1626 5681 1894 5751 ἀφεθῆναι

296 5762 458 5833 αύτῷ
489 5761 593 5815 ὑπὸ
619 5761 714 5813 τοῦ
758 5764 1035 5823 Ἰακώϐου.
1082 5770 1139 5822 Ὁ
1177 5767 1261 5831 δέ,
1306 5767 1485 5836 ὀλίγον
1530 5772 1894 5842 σκεψάμενος,

302 5858 516 5929 Εἰρήνη
546 5872 649 5919 σοι,
679 5849 822 5919 εἷπε,
856 5861 951 5912 καὶ
964 5862 1326 5933 κατεφίλησεν
1354 5862 1513 5916 αὐτόν
1536 5880 1549 5894 ο
1606 5864 1896 5937 καὶνοῦτως

312 5949 612 6021 ἀμφότεροι
640 5946 777 6019 ὁμοῦ
810 5949 1326 6025 ἐκαρατομήθησαν.

1999 5220 2327 5275 τυπώσεων
2378 5219 2660 5273 historiam
2700 5217 2858 5285 plane
2906 5213 3317 5267 memorabilem
3372 5211 3584 5273 inserit,

1998 5326 2231 5382 eamque
2272 5320 2457 5365 narrat
2494 5309 2649 5379 quasi
2683 5323 2748 5361 ex
2789 5305 3086 5360 traditione
3120 5306 3387 5374 majorum
3424 5317 3585 5357 acce-

1998 5412 2185 5472 ptam;
2224 5404 2506 5462 nimirum,
2549 5416 2670 5453 eum
2717 5399 2919 5468 ipsum,
2955 5397 3050 5466 qui
3091 5395 3351 5451 Jacobum
3403 5395 3457 5448 in
3498 5394 3587 5463 ju-

1998 5494 2203 5546 dicium
2240 5493 2576 5556 adduxisset,
2612 5504 2734 5543 cum
2768 5487 3142 5542 testimonium
3178 5486 3399 5538 Christo
3426 5485 3586 5538 illum

2001 5591 2109 5636 tam
2142 5585 2309 5637 libere
2338 5583 2706 5653 perbibentcm
2740 5588 3013 5645 cerneret,
3043 5594 3107 5631 ea
3134 5593 3192 5629 re
3220 5585 3584 5636 commotum.

2002 5693 2059 5731 se
2110 5677 2273 5729 etiam
2327 5678 2703 5731 Christianum
2767 5673 3001 5744 ingenue
3064 5668 3378 5723 confessum
3440 5686 3582 5724 esse.

2002 5769 2169 5839 Igitur
2201 5770 2469 5822 ambobus
2504 5784 2609 5821 una
2652 5769 2717 5820 ad
2753 5765 3079 5835 supplicium
3124 5762 3399 5819 adductis.
3440 5762 3586 5815 hunc

2003 5865 2141 5917 inter
2190 5862 2432 5914 eundum
2488 5876 2517 5913 a
2550 5858 2754 5913 Jac-Oho
2806 5856 3148 5928 postulasse,
3210 5855 3423 5907 veniam
3481 5854 3585 5907 sibi

2003 5952 2243 6009 concedi.
2302 5950 2569 6008 Jacobum
2626 5961 2839 6017 autem,
2893 5947 3176 6021 paululum
3233 5962 3347 6002 rem
3401 5947 3590 5999 animo
