4456 6564
832 506 907 567 59
2062 497 2392 559 CLEMENS
2425 497 2988 558 ALEXANDRINUS.
4043 508 4117 562 ιο

830 622 1186 696 complexum
1219 625 1447 691 dixisse,
1478 623 1590 679 Pax
1640 621 1760 688 tibi,
1815 621 2086 694 illumque
2135 619 2451 676 osculatum
2492 633 2648 687 esse;
2682 630 2741 676 et
2818 624 2900 679 sic
2950 619 3167 678 tandem
3217 628 3518 692 utrumque
3571 619 3749 679 securi
3791 635 4114 694 percussum

827 720 1003 776 vitam
1037 720 1373 777 deseruisse.

1955 809 2130 874 Idem,
2172 808 2422 866 Chronic.
2457 811 2690 873 Canam,
2731 825 2857 879 pag.
2881 808 3011 863 2H5.

909 935 1180 1002 Clemens,
1209 933 1543 990 Stromamm
1579 945 1791 1000 auctor,
1820 932 2202 988 Alexandrina:
2231 931 2418 988 Eccle-
2448 946 2498 998 Α
2596 933 2669 988 Κλ

2355 948 2418 988 e-
2448 946 2498 998 Α
2596 931 2869 1005 Κλήμηςὸ
2899 931 3266 1002 Στρωματεὺς
3285 924 3656 1000 πρεσϐύτερος
3694 923 4115 999 Ἀλεξανδρείας.

832 1028 932 1084 site
955 1028 1263 1099 presbyter,
1290 1028 1535 1098 optimus
1565 1026 1891 1082 Christianae
1916 1025 2280 1096 philosophiae
2307 1040 2427 1078 ma-
2531 1027 2592 1099 ἇς

2357 1040 2427 1077 ιιι-
2531 1027 2754 1099 ἄριστος
2782 1021 3105 1086 διδάσκαλος
3150 1023 3210 1074 ὲν
3238 1025 3305 1094 τῇ
3353 1017 3494 1073 κατὰ
3533 1018 3770 1090 Χριστὸν
3811 1018 4117 1090 φιλοσοφίᾳ,

835 1120 1029 1190 gister,
1054 1119 1214 1176 libris
1256 1119 1674 1176 conscribendis
1714 1115 2007 1184 inclaruit;
2045 1129 2100 1173 et
2132 1117 2426 1172 Pantaenus
2533 1139 2595 1174 συ

2365 1133 2426 1172 us
2533 1120 2844 1174 συντάττων
2873 1114 3191 1184 διέλαμπεν,
3226 1115 3323 1168 καὶ
3356 1112 3652 1173 Πάνταινος
3685 1111 3972 1181 φιλόσοφος
4017 1108 4125 1164 ἀπὸ

829 1227 867 1267 e
900 1211 1218 1270 Stoicorum
1271 1223 1420 1269 secta
1469 1212 1854 1283 philosophus,
1889 1211 1946 1265 in
1979 1211 2184 1267 divinis
2229 1210 2425 1266 litteris
2529 1214 2589 1266 2-.

1889 1211 1946 1265 in
1979 1211 2184 1267 divinis
2229 1210 2425 1266 litteris
2529 1212 2786 1266 Στωϊκῶν
2817 1212 2876 1264 ὲν
2894 1205 2971 1279 τῷ
2989 1205 3119 1278 θείῳ
3149 1205 3297 1278 λόγῳ
3325 1205 3635 1278 διέπρεπεν.

836 1307 1121 1362 excelluit.

1867 1395 2048 1466 Idem,
2087 1397 2328 1470 Prwpar.
2351 1395 2613 1468 evangel.,
2655 1395 2755 1452 lib.
2786 1411 2850 1460 ιι,
2876 1409 3002 1464 cap.
3034 1390 3090 1446 2.

909 1521 1087 1591 Atque
1111 1521 1310 1575 horum
1345 1520 1742 1592 turpitudinem
1781 1518 2127 1577 admirabilis
2175 1521 2268 1575 ille
2297 1518 2423 1574 Cle-
2594 1518 2669 1570 Ta

2365 1534 2423 1574 e-
2594 1516 2784 1570 Ταῦτα
2810 1517 2870 1572 δὲ
2897 1517 3130 1588 Κλήμης
3147 1513 3176 1565 ό
3205 1510 3511 1580 θαυμάσιος
3532 1512 3590 1565 ὲν
3609 1509 3687 1582 τῷ
3717 1507 3867 1577 πρὸς
3905 1506 4124 1574 Ἕλλη-

829 1627 1030 1679 mens,
1087 1627 1153 1667 ea
1203 1629 1371 1683 quam
1417 1614 1488 1667 ad
1530 1612 1741 1669 Greco:
1801 1613 1986 1684 dirigit
2021 1613 2424 1680 Cohortatione,
2525 1628 2589 1666 ra

2362 1630 2424 1680 te,
2525 1626 2641 1676 νας
2677 1606 3100 1677 Προτρεπτικῷ
3139 1601 3437 1675 διαρῤήδην
3479 1602 3816 1656 ὲκκαλύπτει
3835 1641 3851 1664 ,
3899 1597 4122 1652 πάντων

833 1705 1040 1758 nudam
1093 1705 1457 1776 omniumque
1510 1705 1862 1776 spectandam
1921 1705 2099 1762 oculis
2148 1706 2426 1777 proponit,
2534 1705 2593 1775 μὲ

2365 1706 2426 1769 it,
2534 1705 2632 1775 μὲν
2659 1701 2747 1755 διὰ
2775 1703 2976 1774 πείρας
3006 1699 3176 1754 ὲλθὼν
3203 1697 3362 1768 ἀνὴρ,
3387 1695 3582 1748 θᾶττόν
3609 1713 3674 1765 γε
3701 1695 3806 1767 μὴν
3850 1693 3950 1763 τῆς
3981 1690 4121 1744 πλά-

819 1797 1040 1866 «quippe
1091 1798 1185 1868 qui
1232 1814 1361 1853 cum
1412 1814 1606 1854 onmes
1653 1801 1874 1855 illorum
1927 1802 2284 1856 caeremonias
2329 1817 2431 1857 sua
2530 1815 2579 1850 v1

2363 1817 2431 1855 ua
2530 1814 2632 1868 νης
2659 1795 2986 1858 ἀνανεύσας,
3011 1795 3088 1857 ὡς
3115 1794 3182 1850 ἂν
3215 1791 3350 1864 πρὸς
3376 1786 3471 1841 τοῦ
3504 1790 3776 1860 σωτηρίου
3804 1787 3962 1856 λόγου
3984 1825 3998 1848 ,
4028 1783 4123 1838 καὶ

836 1888 1015 1958 ipsius
1046 1891 1386 1962 experientia
1467 1892 1826 1962 cognoverit,
1873 1903 1989 1948 tum
2037 1893 2322 1948 celerrime
2361 1892 2432 1946 ab
2533 1889 2596 1942 διι

2367 1892 2432 1946 ab
2533 1886 2762 1957 5t&_‘tﬁ;
2807 1886 3177 1958 εὑαγγελικῆς
3217 1881 3563 1944 διδασκαλίας
3596 1880 3703 1934 τῶν
3748 1881 3934 1936 κακῶν
3970 1878 4127 1932 λελυ-

837 1979 1033 2035 inl‘ami
1089 1995 1280 2036 errore
1335 1989 1503 2050 caput
1545 1980 1826 2046 extulerit,
1861 1980 2012 2033 verbi
2059 1978 2342 2040 salutaris,
2375 1985 2432 2032 et
2529 1997 2597 2052 τρ

1229 1997 1280 2035 re
1335 1989 1503 2050 caput
1545 1980 1826 2046 extulerit,
1861 1980 2012 2033 verbi
2059 1978 2342 2040 salutaris,
2375 1985 2432 2032 et
2529 1980 2834 2052 τρωμέ·.·ος.
2871 2019 2885 2031 .
2922 2015 2938 2032 .
2973 2016 2989 2033 .

822 2075 1170 2144 [evangelii-ae
1213 2074 1477 2128 doctrinae
1508 2074 1560 2125 vi
1608 2087 1678 2126 ex
1709 2078 1792 2125 tot
1824 2079 2214 2139 tantorumque
2260 2067 2436 2122 malo-

837 2182 962 2222 rum
995 2165 1322 2236 contagione
1348 2164 1636 2232 liberatus,
1665 2172 1775 2220 etc.
2465 2155 2506 2210 Β

2073 2275 2247 2341 Idem,
2281 2276 2418 2332 ibid.
2463 2274 2558 2328 lib.
2591 2287 2654 2337 ll,
2695 2285 2814 2337 cap.
2850 2269 2904 2322 5.

910 2401 1102 2469 Itaque
1147 2397 1378 2454 deorum
1433 2395 1680 2466 ipsorum
1726 2395 1894 2458 aedes,
1946 2404 2290 2449 mortuorum
2341 2406 2430 2444 se-
2614 2389 2670 2442 ’Β

2364 2406 2430 2444 .e-
2614 2388 2810 2442 Ἔνθεν
2837 2385 3019 2448 αὑτοῖς
3050 2383 3145 2437 καὶ
3175 2383 3224 2435 οί
3254 2381 3362 2436 τῶν
3385 2379 3521 2434 θεῶν
3550 2371 3709 2439 οἶκοι,
3737 2377 3950 2449 νεκρῶν
3983 2372 4124 2434 εἶναι

833 2492 1030 2562 pulcra
1075 2507 1199 2547 esse
1249 2490 1630 2560 perhibentur,
1674 2487 2142 2559 quemadmodum
2177 2483 2434 2540 Clemens
2535 2482 2593 2535 τό

2362 2499 2434 2538 rus
2535 2482 2700 2550 τάφοι
2733 2476 3182 2550 μνημονεύονται,
3201 2475 3278 2540 ὡς
3301 2477 3331 2528 ό
3358 2473 3588 2544 Κλήμης
3615 2472 3672 2523 ὲν
3701 2469 3778 2541 τῷ
3807 2469 3960 2538 πρὸς
3985 2473 4122 2525 Ἕλ-

835 2561 894 2637 in
931 2598 993 2638 ea
1024 2598 1189 2652 quam
1239 2582 1309 2634 ad
1339 2580 1555 2635 Graecos
1601 2579 1798 2635 scribit
1843 2577 2224 2634 Cohortatione
2279 2590 2433 2630 com-
2534 2577 2595 2628 λι

2363 2590 2433 2627 ιι-
2534 2577 2734 2641 ληγας
2761 2567 3172 2640 Προτρεπτικῷ
3213 2569 3458 2640 ἱστορεῖ,
3500 2563 3595 2617 τοῦ
3633 2561 3792 2632 λόγου
3837 2563 4123 2634 μάρτυρας

837 2683 1150 2741 memorat,
1207 2671 1522 2728 Graecorum
1575 2672 1824 2742 ipsorum
1878 2670 2197 2725 testimonia
2243 2666 2428 2736 profe-
2535 2664 2597 2717 αὐ

1806 2686 1824 2726 ι
1878 2670 2197 2725 testimonia
2243 2666 2428 2736 profe-
2535 2663 2735 2724 αὐτοὺς
2760 2659 3027 2730 Ἕλληνας
3054 2658 3418 2728 ἐπαγόμενος.
3456 2697 3468 2710 .
3507 2697 3520 2710 .
3555 2696 3566 2708 .

835 2782 984 2832 rens,
1019 2776 1125 2820 etc.

2036 2854 2208 2922 Idem,
2246 2854 2403 2919 ibid.,
2444 2849 2543 2908 lib.
2573 2863 2652 2915 Iv,
2692 2861 2814 2917 cap.
2847 2844 2932 2898 16.

913 2981 1048 3038 Jure
1085 2997 1220 3037 sane
1257 2990 1313 3036 et
1345 2983 1542 3036 merito
1567 2980 1843 3044 Clemens,
1876 2978 1956 3032 vir
1984 2978 2146 3048 plane
2175 2976 2421 3046 singula-
2601 2972 2673 3027 El

2365 2991 2421 3030 a-
2601 2971 2844 3031 Εἰκότως
2863 2967 2969 3037 ἄρα
2992 2965 3023 3016 6
3039 2962 3340 3032 Θαυμάσιος
3368 2959 3602 3029 Κλήμης
3631 2958 3689 3012 ὲν
3707 2954 3786 3026 τῷ
3813 2953 3953 3022 πρὸ(
3987 2953 4125 3006 Ἑλ-

837 3077 939 3142 ris,
971 3075 1028 3130 in
1055 3091 1119 3129 ea
1145 3089 1312 3144 quam
1357 3073 1653 3142 gentilibus
1697 3045 2005 3140 inscripsit—
2026 3045 2424 3133 Cohortatione,
2526 3067 2597 3129 ,ιη

2361 3083 2424 3133 re,
2526 3067 2727 3132 ,κήνας
2749 3053 3182 3127 Προτρεπτικῷ,
3212 3051 3354 3105 αὐτὰ
3375 3050 3440 3122 δὴ
3461 3049 3632 3102 ταῦτα
3654 3045 4121 3118 ἐπιμεμφόμενος,

829 3167 1030 3223 eadem
1077 3168 1181 3220 ista
1229 3181 1492 3236 carpens,
1533 3164 1818 3219 hominum
1861 3163 2080 3216 illorum
2122 3160 2423 3216 caecitatem
2526 3172 2589 3210 το

2361 3173 2423 3212 tm
2526 3155 2710 3210 τοιάδε
2730 3153 2825 3207 καὶ
2853 3147 3012 3212 αὐτὸς
3039 3147 3137 3219 τὴν
3181 3143 3393 3214 πλάνην
3430 3141 3540 3196 τῶν
3581 3139 3880 3211 ἀνθρώπιον
3921 3135 4121 3191 ἀπολο-

835 3258 1191 3322 lamentatur,
1215 3268 1321 3313 etc.
2532 3247 2595 3320 φί

1185 3268 1321 3320 ,etc.
2532 3246 2790 3322 φῦρεται.
2821 3285 2837 3298 .
2874 3282 2891 3297 .
2931 3281 2945 3295 .

2143 3370 2316 3438 Idem,
2359 3370 2454 3424 lib.
2497 3384 2578 3432 Ix,
2621 3382 2740 3434 cap.
2780 3363 2834 3417 6.

908 3502 1086 3570 Atque
1112 3498 1274 3553 istius
1307 3494 1924 3568 etiamlClearehiscil.)
1940 3493 2195 3548 Clemens
2227 3501 2414 3546 noster
2466 3562 2498 3570 Δ
2597 3487 2668 3538 Το

2365 3507 2414 3544 er
2466 3562 2498 3570 Δ
2597 3485 2804 3538 Τούτου
2841 3482 2897 3534 δὲ
2943 3477 3266 3552 μνημονεύει
3308 3476 3401 3528 καὶ
3429 3477 3456 3527 ό
3490 3473 3758 3544 ἡμέτερος
3789 3471 4021 3541 Κλήμης
4062 3470 4125 3526 ιν

835 3589 982 3645 libro
999 3562 1198 3660 'primo
1223 3585 1557 3642 δινοηιιιιαηι
1583 3585 1852 3651 meminit,
1889 3562 1996 3639 etc.
2455 3562 2501 3623 C
2532 3577 2595 3648 τᾷ

1508 3603 1557 3639 m
1583 3585 1852 3651 meminit,
1889 3562 1996 3639 etc.
2455 3562 2501 3623 C
2532 3577 2610 3648 τῷ
2645 3572 2851 3646 πρώτῳ
2881 3571 3266 3642 Στρωματεῖ...

2161 3698 2332 3764 Idem,
2373 3697 2468 3752 lib.
2501 3712 2556 3761 ι,
2594 3712 2714 3764 cap.
2747 3694 2801 3749 1.

906 3821 975 3876 Et
1013 3821 1273 3892 quoniam
1301 3819 1559 3874 Clemens
1614 3818 1705 3873 ille
1732 3827 1920 3872 noster
1960 3815 2080 3871 fuse
2122 3813 2420 3869 admodum
2613 3812 2666 3864 Ὀ

2367 3828 2420 3866 ιιι
2613 3812 2673 3864 '0
2707 3809 2805 3882 μὲν
2825 3802 2920 3861 οὖν
2946 3803 3222 3876 ἡμέτερος
3246 3800 3495 3872 Κλήμης,
3520 3801 3576 3852 ὲν
3600 3798 3746 3866 ἕκτῳ
3779 3796 4121 3866 Στρωματεῐ,

836 3884 1116 3968 Stromate
1145 3921 1300 3966 sexto
1317 3910 1746 3980 disputationem
1773 3908 1933 3963 istam
1963 3906 2304 3975 exsequitur,
2323 3915 2428 3959 etc.
2538 3902 2596 3972 τὶς

2271 3921 2304 3967 Γ,
2323 3915 2428 3959 etc.
2538 3902 2635 3972 τὴν
2669 3898 2797 3971 περὶ
2827 3895 3020 3948 τούτου
3050 3890 3307 3945 σύστασιν
3340 3891 3419 3952 εἰς
3451 3889 3650 3950 πλάτος
3681 3884 4031 3958 ἀπηύθυνε...

2178 4019 2354 4086 Idem,
2395 4018 2530 4075 ibid.
2571 4035 2691 4089 cap.
2733 4019 2793 4074 5.

905 4121 1026 4178 Jam
1063 4136 1194 4176 vero
1216 4119 1555 4177 Clementem
1587 4119 1715 4174 audi
1756 4119 1812 4173 in
1838 4119 2030 4174 eadem
2057 4131 2272 4173 mecum
2304 4115 2422 4170 dis-
2596 4113 2665 4164 Ti

2365 4130 2422 4169 s-
2596 4113 2708 4183 Τῆς
2756 4108 2993 4180 ὄαύτῆς
3040 4109 3174 4180 ἡμῖν
3226 4099 3537 4162 ὑποθέσεως
3585 4095 3930 4167 ἐφαψάμενος
3965 4091 4062 4146 καὶ
4091 4091 4122 4144 ό

833 4215 1121 4287 putatione
1148 4223 1485 4276 versantem,
1508 4222 1616 4266 etc.
2532 4205 2593 4260 ΚΣ

2532 4205 2784 4276 Κλήμης,
2811 4201 3118 4256 ἐπάκουσον
3151 4195 3190 4251 ἃ.
3220 4211 3449 4266 φησιν...

2175 4317 2348 4382 Idem,
2391 4316 2527 4370 ibid.
2568 4329 2690 4383 cap.
2722 4312 2812 4367 Η.

904 4439 1183 4498 Hactenus
1208 4439 1496 4496 Tatianus.
1538 4438 1662 4495 lam
1697 4437 1767 4494 ad
1798 4435 2139 4492 Clementem
2173 4444 2425 4488 transea-
2603 4426 2664 4479 Τι

2358 4447 2425 4485 :a-
2603 4425 2856 4479 Τοσαῦτα
2896 4423 2992 4477 καὶ
3032 4424 3064 4475 6
3096 4415 3381 4477 Τατιανός.
3433 4410 3723 4481 Μετίωμεν
3774 4409 3834 4463 δὶ
3882 4407 3977 4463 uel
4022 4404 4118 4460 ἐπὶ

833 4551 981 4602 mus,
1006 4547 1115 4590 etc.
2538 4517 2593 4571 Κ

2538 4516 2852 4588 Κλήμεντα.
2863 4553 2900 4571 ..

2111 4645 2286 4709 Idem,
2329 4641 2426 4695 lib.
2469 4653 2551 4701 ιι,
2592 4652 2710 4705 cap.
2741 4635 2832 4688 24.

905 4745 1083 4816 Atque
1131 4745 1401 4799 hactenus
1428 4742 1618 4810 Philo,
1670 4743 1760 4797 cui
1807 4741 1987 4797 affinis
2031 4742 2191 4812 plane
2229 4749 2284 4793 et
2320 4753 2416 4809 ge-
2597 4731 2665 4785 Ta

2357 4753 2416 4791 e-
2597 4730 2784 4785 Ταῦτα
2815 4730 2845 4781 6
2865 4729 3054 4782 Φίλων·
3089 4724 3304 4796 συνᾴδει
3332 4721 3403 4816 6e-
3419 4717 3570 4790 αὐτῷ
3598 4717 3689 4770 καὶ
3716 4717 3744 4770 6
3774 4715 4028 4785 Κλήμης,
4054 4711 4117 4764 ιν

835 4838 986 4892 mina
1031 4838 1290 4891 Clemens
1339 4837 1620 4890 Stromate
1674 4843 1832 4889 sexto
1881 4834 2030 4888 hunc
2081 4833 2136 4888 in
2197 4832 2420 4884 modum
2455 4825 2595 4913 υτῷ

1754 4843 1832 4888 tto
1881 4807 2048 4888 hunc-
2081 4833 2136 4888 in
2197 4807 2420 4884 modum
2455 4858 2500 4913 υ
2527 4825 2604 4898 τῷ
2634 4826 2780 4896 ἕκτῳ
2814 4823 3134 4892 Στρωματεῖ
3165 4819 3340 4886 λέγων
3369 4807 3514 4882 ᾧδε..

835 4930 1208 4999 persequitur,
1243 4937 1351 4984 etc.

2116 5015 2290 5084 Idem,
2331 5014 2426 5068 lib.
2460 5026 2584 5076 xm,
2625 5023 2742 5076 cap.
2775 5003 2882 5072 ιε.

904 5135 1029 5206 Quo
1052 5137 1244 5192 eodem
1277 5130 1576 5207 in'genere,
1605 5150 1723 5204 qua
1747 5131 2047 5188 Clementis
2093 5128 2264 5182 nostri
2293 5142 2422 5181 seu-
2615 5119 2664 5172 '0

2355 5142 2422 5178 ιι·-
2615 5119 2805 5172 Ὀποῖα
2842 5114 2900 5168 δὲ
2936 5111 3031 5166 καί
3073 5108 3350 5178 Κλήμεντι
3393 5098 3648 5172 περὶτῆς
3687 5099 3858 5168 αὐτῆς
3899 5097 4115 5167 εἴρηται

833 5231 1017 5284 tentia
1038 5229 1223 5294 luerit,
1251 5245 1316 5283 ex
1345 5197 1707 5298 sequentibus
1743 5224 2035 5294 intelliges,
2063 5231 2174 5274 etc.
2529 5211 2593 5266 ὑπ

1835 5224 2035 5294 alliges,
2063 5231 2174 5274 etc.
2529 5209 2860 5271 ὑποθέσεως,
2893 5202 3081 5275 γνοίης
3109 5200 3174 5254 ἂν
3201 5199 3289 5252 διὰ
3323 5197 3595 5250 τούτων...

1334 5344 1572 5416 Cyrillus
1624 5342 1915 5397 Alexandr.
1947 5349 2136 5394 contra
2163 5335 2465 5400 lulianum,
2500 5330 2594 5384 lib.
2624 5343 2702 5395 vr,
2733 5341 2859 5397 pag.
2885 5320 3016 5385 205,
3056 5318 3181 5372 edit.
3215 5314 3423 5375 Paris.,
3453 5306 3613 5364 1658.

902 5465 1158 5522 Clemens
1187 5463 1334 5520 enim
1353 5463 1444 5532 qui
1468 5470 1690 5517 sanctos
1712 5459 1992 5530 apostolos
2019 5458 2224 5527 ubique
2241 5454 2423 5523 sequi-
2599 5445 2662 5500 Κ]

2352 5454 2423 5506 ιι-
2599 5445 2835 5517 Κλήμης
2870 5441 2968 5512 μὲν
3003 5438 3112 5509 γὰρ
3142 5439 3255 5499 τοῖς
3286 5433 3463 5503 ἁγίοις
3499 5424 3820 5532 άποστόλοις
3848 5424 4112 5532 ἑπόμενος

829 5567 941 5623 tur,
971 5555 1178 5627 quique
1218 5553 1463 5608 inﬁnitas
1489 5552 1804 5607 Graecorum
1846 5550 2104 5604 historias
2148 5545 2424 5602 audiendo
2527 5555 2589 5594 πε

2351 5545 2424 5599 do
2527 5513 2813 5607 πανταξῆ,
2849 5529 3111 5601 πλείστης
3137 5544 3197 5580 τε
3227 5527 3360 5595 ὅσης
3406 5517 3723 5627 Ἑλληνικῆς
3761 5513 4002 5588 ἱστορίας
4029 5513 4111 5574 είς

830 5657 1138 5715 acceperat,
1175 5644 1232 5698 in
1265 5640 1556 5698 Stromatis
1589 5641 1776 5710 refert,
1806 5637 1911 5694 etc.
2517 5634 2590 5686 άκ

2517 5631 2688 5704 ἀκοὴν
2725 5625 2918 5690 ἐλθὼν,
2944 5625 3001 5676 ὲν
3027 5623 3140 5684 τοῖς
3173 5608 3590 5686 Στρωματεῦσί
3609 5627 3805 5680 φησι...

1994 5755 2164 5823 Idem,
2197 5754 2358 5820 ibid.,
2399 5751 2492 5805 lib.
2525 5767 2624 5813 vn,
2665 5765 2787 5820 pag.
2823 5745 2949 5801 25L

900 5883 1076 5954 Hujus
1117 5883 1360 5940 historia:
1395 5878 1724 5937 nominatim
1774 5873 2026 5931 meminit
2057 5873 2315 5926 Clemens
2354 5869 2408 5921 in
2587 5867 2660 5919 Ta

2354 5869 2408 5921 in
2587 5865 2805 5935 Ταύτης
2837 5862 2945 5915 ἰδία
2977 5859 3252 5930 μέμνηται
3279 5851 3378 5922 τῆς
3407 5848 3647 5922 ἱστορίας
3681 5846 3738 5897 ὲν
3770 5841 3884 5954 τοίς
3914 5835 4106 5954 Σκιρω-

900 5922 1076 5954 ...ιμη
1119 5922 1358 5940 "ww"...

828 5977 1140 6040 SH‘omalis,
1188 5977 1272 6032 vir
1323 5975 1376 6029 in
1421 5973 1616 6045 primis
1667 5971 1865 6027 doctus
1915 5976 1968 6022 et
2009 5967 2278 6029 eruditus,
2317 5959 2411 6032 qui
2514 5975 2588 6030 μα

2345 5959 2411 6031 [ui
2514 5922 2812 6030 pareivoii-
2839 5957 2866 6008 6
2899 5922 3156 6022 Κλήμης,
3185 5945 3320 6018 ἀνὴρ
3349 5943 3631 6013 ἐλλόγιμος
3653 5937 3747 5992 καὶ
3779 5922 4105 6004 φιλομαθὴς.
