4456 6564
313 461 374 516 ιι
1567 462 1904 519 νΕΤΕιιυΜ
1942 462 1983 517 Τ
1988 462 2073 519 ES

1836 462 1904 517 PM
1942 459 2386 519 TESTIMOMA»
3479 462 3553 517 δὲ

308 584 400 637 καὶ
456 578 893 649 ἀναγνωσμάτων
955 582 1281 657 Ἑλληνικῶν
1337 583 1875 654 πολυπραγμονήσας
1903 594 1947 646 Α
1976 582 2068 639 Gr:

1794 600 1875 646 τας
1903 594 1947 646 Α
1976 582 2287 639 Graecarum
2322 583 2627 638 litterarum
2667 582 3037 648 altitudinem,
3065 592 3332 649 quantum
3366 578 3554 636 iurum

308 668 489 743 μάθος,
525 671 597 734 ὡς
620 670 791 740 ὀλίγοι
822 674 961 746 τάχα
989 694 1090 731 που
1125 679 1229 731 τῶν
1263 676 1369 747 πρὸ
1400 674 1586 731 αὑτοῦ.

1981 686 2106 728 ante
2138 675 2288 728 illum
2317 671 2499 743 pauci,
2526 680 2905 741 perscrutatus
2929 680 3034 727 est.

1474 793 1643 856 Idem,
1685 791 1843 857 ibid.,
1883 789 1975 843 lib.
2012 808 2065 857 ι,
2105 807 2228 860 pag.
2255 788 2382 841 542.

376 905 519 977 Ἔφη
557 906 615 960 δὲ
652 909 747 963 καὶ
778 910 1008 986 Κλήμης
1038 916 1178 985 ἀνὴρ
1210 912 1524 981 ἐλλόγιμος,
1559 913 1652 965 καὶ
1693 912 1874 981 μέντοι

306 997 398 1053 καὶ
424 997 728 1075 πολυῖστωρ
754 1006 880 1078 περί
898 1023 958 1060 τε
987 1006 1123 1059 θεῶν
1155 1005 1249 1059 καὶ
1279 1004 1421 1058 ναῶν
1446 1002 1610 1058 ὡδί...

2052 904 2312 959 Clemens
2350 911 2530 956 autem
2569 901 2818 956 eruditus
2846 902 2931 955 vir
2970 910 3024 955 et
3051 902 3349 955 multarum
3380 898 3557 956 histo-

1982 1006 2189 1051 riarum
2227 994 2628 1050 scientissimus
2652 994 2720 1049 dc
2744 994 2849 1047 diis
2879 1008 2944 1047 ac
2976 992 3200 1062 templis
3231 992 3307 1048 ita
3335 1006 3557 1064 quoque

1981 1090 2193 1153 scribit,
2218 1094 2325 1141 etc.

818 1206 1147 1277 Epiphanius
1180 1205 1438 1261 Adversus
1492 1204 1746 1272 hereses,
1786 1205 1879 1261 lib.
1912 1224 1951 1276 ι,
1992 1220 2122 1263 tom.
2152 1204 2225 1270 Il,
2254 1206 2308 1258 in
2340 1202 2793 1259 Secundianorum
2825 1205 3032 1258 haeresi.

367 1317 501 1379 Εἶτα
533 1328 583 1379 οἱ
616 1327 796 1391 καλῶς
844 1327 1306 1399 συγγραψάμενοι,
1336 1326 1431 1381 καὶ
1464 1326 1720 1397 ἀλήθειαν
1748 1328 1872 1381 τού-

302 1427 404 1499 των
424 1417 481 1469 ὲν
497 1419 613 1480 τοῖς
632 1435 781 1486 σφων
797 1418 975 1471 αὐτῶν
1005 1418 1429 1490 συγγράμμασιν
1451 1416 1704 1487 ήλεγξαν,
1724 1418 1872 1490 Κλή-

304 1524 409 1579 μης
442 1526 524 1575 τε,
555 1511 614 1562 ὃν
644 1509 775 1578 φασι
818 1526 962 1572 τινες
1002 1510 1375 1581 ’Δλεξανδρέα,
1399 1508 1575 1579 ἕτεροι
1602 1509 1661 1562 δὲ
1715 1509 1873 1582 Ἀθη-

300 1604 464 1655 ναῖον.

2052 1326 2255 1382 Verum
2290 1339 2454 1394 quam
2487 1325 2603 1379 bac
2648 1338 2679 1376 a
2704 1323 2934 1377 veritate
2968 1322 3305 1376 abhorreant
3346 1318 3557 1383 omnia,

1979 1419 2183 1491 egregii
2248 1417 2471 1487 quidem
2542 1415 2841 1483 scriptores
2904 1414 3069 1468 editis
3133 1413 3397 1466 adversus
3460 1424 3559 1464 eos

1978 1508 2409 1567 Commentariis
2459 1507 2933 1569 demonstrarunt,
2977 1504 3247 1576 pracipue
3276 1518 3406 1558 vero
3434 1500 3559 1557 Cle-

1978 1616 2137 1657 mens
2176 1600 2614 1663 Alexandrinus,
2675 1613 2837 1669 quem
2875 1597 3261 1651 Atheniensem
3323 1595 3416 1648 alii
3476 1593 3559 1648 fat-

1979 1694 2153 1749 ciunt.

1040 1808 1328 1883 Dionysius
1367 1810 1710 1880 Areopagita,
1749 1811 1842 1866 lib.
1893 1813 1966 1868 De
2005 1814 2201 1867 divinis
2242 1811 2546 1866 nominibus
2580 1827 2727 1874 ,cap.
2762 1810 2815 1864 5.

365 1919 427 1971 Ei
459 1918 517 1972 δὲ
540 1920 570 1971 ὁ
599 1922 885 1993 φιλόσοφος
919 1926 1060 1993 ἀξιοῖ
1090 1928 1339 2001 Κλήμης,
1374 1928 1467 1981 καὶ
1509 1926 1647 1998 πρὸς
1673 1926 1728 1979 τὶ
1768 1946 1874 1981 πα-
1908 1919 1951 1973 Β
2053 1931 2111 1985 Si

1797 1946 1874 1981 τα-
1908 1919 1951 1973 Β
2053 1931 2111 1985 Si
2148 1938 2332 1985 autem
2370 1928 2487 1983 vult
2519 1926 2775 1983 Clemens
2814 1925 3204 1997 philosophus,
3250 1924 3317 1979 ad
3349 1923 3557 1994 aliquid

300 2011 637 2081 ραδείγματα
663 2014 918 2083 λέγεσθαι
944 2019 1013 2072 τὰ
1036 2022 1093 2072 ὲν
1117 2024 1229 2084 τοῖς
1260 2017 1409 2074 οὖσιν
1432 2018 1872 2091 ἀρχηγικὼτερα,

298 2103 509 2175 πρόεισι
551 2106 650 2174 μὲν
681 2108 742 2159 οὐ
767 2108 853 2161 διὰ
883 2112 1085 2182 κυρίων
1119 2115 1213 2166 καὶ
1250 2111 1531 2167 παντελῶν
1566 2113 1659 2166 καὶ
1690 2113 1876 2167 ἁπλῶν

294 2193 575 2265 ὀνομάτων
612 2199 640 2249 ὁ
664 2198 820 2269 λόγος
848 2202 1015 2273 αὐτῷ.

1982 2022 2091 2075 dici
2122 2020 2456 2090 exemplaria
2503 2035 2627 2089 qua
2672 2029 2803 2073 sunt
2834 2019 2886 2071 in
2930 2017 3094 2071 rebus
3135 2016 3560 2086 principaliora,

1986 2111 2336 2181 progreditur
2387 2110 2609 2179 quidem
2637 2149 2652 2173 ,
2690 2126 2815 2163 cum
2862 2110 2943 2164 sic
2980 2109 3248 2179 loquitur,
3299 2123 3411 2163 non
3456 2123 3562 2179 per

1987 2202 2207 2272 propria
2231 2210 2283 2255 et
2310 2200 2571 2270 perfecta,
2600 2209 2653 2255 ct
2681 2201 2953 2271 simplicia
2978 2201 3223 2257 nomina.

1294 2346 1648 2414 Hieronymus
1688 2348 1738 2401 in
1770 2343 2165 2400 Ecclesiasticis
2201 2340 2570 2403 scriptoribus.

366 2453 626 2514 Clemens
658 2460 1039 2517 Alexandrina
1070 2461 1327 2519 Ecclesia
1377 2468 1682 2535 presbyter,
1730 2462 1875 2517 Pan-
1976 2466 2103 2520 dam
2150 2463 2638 2535 Χρονοῃοαφίας,
2709 2463 2858 2534 quod
2924 2462 3249 2532 opusculum
3316 2462 3566 2518 invenire

295 2547 440 2610 tani,
470 2550 537 2603 de
587 2566 696 2620 quo
743 2569 909 2622 supra
944 2555 1263 2619 retulimus,
1314 2555 1552 2622 auditor,
1590 2565 1714 2626 post
1752 2556 1873 2626 ejus

295 2650 524 2694 mortem
562 2638 907 2700 Alexandr‘ia
937 2647 1363 2702 ecclesiasticam
1396 2647 1640 2702 scholam
1676 2649 1869 2711 tenuit.

295 2741 348 2783 et
378 2733 789 2802 Κατηχήσεων
834 2739 1095 2807 magister
1124 2737 1245 2791 fuit.
1280 2732 1557 2791 Feruntur
1586 2739 1707 2808 ejus
1736 2738 1873 2792 insi-

295 2827 417 2894 gnia
443 2829 749 2893 volumina,
786 2829 1055 2899 plenaque
1095 2832 1420 2887 eruditionis
1449 2840 1503 2884 et
1525 2830 1870 2900 eloquentia,

298 2929 403 2973 tam
432 2920 500 2975 de
530 2921 833 2990 Scripturis
864 2922 1088 2986 divinis,
1125 2940 1289 2992 quam
1324 2925 1392 2979 de
1421 2924 1699 2979 saecularis
1730 2923 1878 2976 litte-

295 3022 496 3065 ratura
538 3013 928 3066 instrumento.
963 3012 1005 3065 E
1054 3016 1255 3083 quibus
1289 3014 1378 3069 illa
1405 3027 1533 3069 sunt
1559 3034 1573 3069 :
1598 3017 1873 3083 Στρωμα-

296 3101 433 3168 (sic,
464 3102 594 3155 libri
623 3113 784 3168 octo;
828 3104 1298 3158 ’Υποτυπώσεων
1328 3107 1453 3161 libri
1485 3116 1644 3173 octo;
1678 3106 1879 3160 Adver-

297 3209 387 3246 sus
427 3204 645 3264 gentes,
697 3195 837 3248 liber
881 3211 1057 3260 unus;
1102 3195 1390 3267 Pu'dagogi
1439 3198 1562 3250 libri
1607 3206 1758 3261 tres;
1803 3195 1880 3249 De

304 3285 513 3339 Pascha
546 3286 684 3340 liber
716 3302 890 3349 unus;
928 3287 1005 3341 De
1024 3289 1230 3357 jejunio
1264 3290 1617 3359 disceptatio;
1653 3297 1708 3343 et.
1736 3289 1878 3344 alius

296 3379 388 3447 qui
420 3378 749 3432 inscribitur
770 3421 784 3443 ,
820 3377 1075 3443 Quisnam
1107 3382 1247 3435 dives
1280 3381 1370 3434 ille
1398 3382 1583 3450 sitqui
1613 3380 1879 3445 salvetur;

300 3469 372 3522 De
405 3470 793 3523 obtrectatione
826 3471 962 3523 liber
993 3488 1173 3537 unus;
1205 3473 1281 3525 De
1307 3473 1593 3525 canonibus
1624 3473 1879 3527 ecclesia-

295 3560 476 3623 sticis,
535 3570 589 3613 et
630 3561 923 3613 Adversum
964 3578 1051 3615 eos
1094 3564 1185 3631 qui
1231 3562 1544 3616 Judaorum
1589 3573 1881 3632 sequuntur

294 3666 555 3715 errorem,
589 3650 726 3704 liber
754 3667 929 3717 unus;
965 3667 1127 3720 quem
1171 3655 1391 3722 proprie
1406 3655 1717 3709 Alexandro
1748 3654 1879 3709 Hie-

1976 2573 2088 2613 non
2141 2549 2315 2627 potui.
2386 2554 2497 2611 Nec
2545 2572 2656 2610 non
2709 2566 2765 2610 et
2811 2557 2879 2611 de
2925 2554 3127 2610 Judais
3177 2555 3563 2611 Aristobulum

1976 2649 2292 2720 quemdam,
2326 2656 2381 2701 et
2415 2646 2747 2702 Demetrium
2780 2656 2833 2700 et
2860 2644 3225 2715 Eupolemum
3263 2643 3565 2714 scriptores

1980 2740 2246 2795 adversus
2276 2749 2463 2810 gentes
2505 2738 2696 2801 refert,
2727 2738 2821 2807 qui
2867 2738 2922 2790 in
2953 2726 3375 2792 similitudinem
3408 2733 3567 2790 Iose-

1977 2824 2073 2900 phi
2132 2824 2582 2899 Ἃρχαιοτονίας
2625 2824 2797 2898 Moysi
2846 2838 2900 2881 et
2927 2826 3173 2881 Judaica
3212 2826 3359 2897 genti
3404 2841 3565 2881 asse~

1986 2921 2232 2975 ruerint:
2279 2930 2460 2976 exstat
2504 2921 2800 2975 Alexandri
2844 2919 3393 2991 Hierosolymitarum
3446 2918 3568 2987 epi-

1982 3012 2159 3081 scopi,
2210 3013 2305 3083 qui
2359 3028 2483 3068 cum
2513 3010 2773 3067 Narcisso
2813 3020 3003 3081 postea
3049 3012 3192 3065 rexit
3233 3008 3564 3073 Ecclesiam,

1983 3104 2217 3173 epistola
2252 3119 2416 3173 super
2465 3103 2813 3158 ordinatione
2850 3103 3190 3173 Asclepiadis
3225 3100 3564 3157 confessoris

1983 3198 2050 3252 ad
2073 3196 2503 3261 Antiochenses,
2531 3194 2965 3265 congratulantis
3006 3194 3122 3259 eis;
3170 3193 3225 3247 in
3265 3208 3372 3263 qua
3406 3192 3568 3261 ponit

1984 3290 2038 3343 in
2081 3289 2188 3343 fine
2226 3304 2239 3343 :
2278 3308 2296 3339 ι
2326 3286 2452 3343 Hac
2498 3287 2653 3340 vobis
2678 3285 2920 3347 ,dnmini
2973 3300 3036 3341 ac
3099 3284 3330 3348 fratres,
3357 3284 3563 3351 scripta

1989 3379 2296 3441 transmisi,
2343 3394 2441 3448 per
2493 3377 2828 3431 Clementem
2878 3377 3095 3431 beatum
3150 3374 3557 3446 presbyterum,

1981 3475 2164 3528 virum
2219 3474 2487 3527 illustrem
2542 3482 2599 3527 et
2636 3472 2959 3542 probatum;
3013 3485 3177 3539 quem
3209 3486 3307 3524 vos
3339 3484 3564 3538 quoque

1989 3567 2167 3633 scitis,
2200 3576 2264 3621 et
2314 3582 2463 3621 nunc
2505 3566 2722 3635 plenius
2791 3563 3197 3633 recognoscetis
3235 3582 3249 3617 :
3294 3563 3387 3631 qui
3434 3577 3566 3617 cum

1988 3659 2099 3713 huc
2140 3660 2386 3714 venisset
2430 3659 2589 3728 juxta
2644 3658 3041 3727 providentiam
3095 3664 3151 3709 et
3189 3654 3563 3709 visitationem

295 3742 699 3811 rosolymorum
736 3742 992 3809 episcopo
1018 3742 1463 3814 προσεφώνησεν.
1499 3744 1743 3798 Meminit
1773 3760 1873 3798 au-
1905 3720 1948 3776 ε
1984 3748 2102 3814 Dei,
2125 3750 2472 3804 confirmavit
2496 3744 3244 3803 etauxitDo.t.iniEcclesiam
3283 3763 3301 3795 ι
3332 3746 3567 3802 Constat

295 3841 402 3885 tom
430 3832 485 3886 in
513 3829 872 3885 Stromatibus
902 3834 1018 3888 suis
1044 3835 1337 3889 voluminis
1368 3834 1584 3889 Tatiani
1607 3837 1871 3891 Adversus

296 3936 492 3995 gentes,
538 3926 606 3980 de
635 3942 747 3995 quo
778 3942 947 3996 supra
990 3927 1261 3994 diximus;
1297 3936 1352 3981 et
1388 3926 1639 3983 Cassiani
1687 3930 1875 3999 cujus-

1978 3843 2268 3914 Origenem
2309 3843 2473 3912 hujus
2518 3840 2689 3895 fuisse
2734 3841 3083 3909 discipulum.
3135 3837 3348 3895 Floruit
3377 3853 3565 3898 autent

1982 3935 2169 3991 Severi
2200 3945 2255 3990 et
2280 3934 2542 3988 Antonini
2573 3934 2671 3987 filii
2698 3933 2819 4002 ejus
2843 3930 3204 4001 temporibus.

1404 4044 1576 4112 Idem,
1609 4047 1677 4100 ad
1711 4046 1967 4118 Magnum
2017 4061 2223 4104 orator.
2255 4049 2481 4103 Roman.

368 4158 625 4216 Clemens
670 4160 1049 4215 Alexandrina
1096 4160 1353 4216 Ecclesia
1400 4163 1705 4233 presbyter,
1750 4178 1873 4219 meo

296 4252 502 4321 judicio
527 4255 772 4308 omnium
802 4254 1227 4317 eruditissimus,
1247 4262 1371 4308 octo
1384 4255 1605 4323 scripsit
1633 4255 1875 4309 Struma-

235 4392 249 4406 ,
300 4357 412 4399 tum
458 4348 662 4414 libros,
697 4358 753 4401 et
798 4348 1026 4402 totidem
1078 4346 1568 4411 ’Υποτυπώσεωγ,
1612 4357 1665 4403 et
1705 4349 1874 4402 alium

1982 4166 2184 4221 Contra
2233 4178 2443 4237 gentes,
2492 4164 2780 4235 Pwdagogi
2832 4180 3051 4235 quoque.
3105 4163 3210 4217 tria
3263 4161 3563 4215 volumina.

1980 4260 2122 4325 Quid
2158 4260 2211 4314 in
2250 4260 2356 4314 illis
2387 4258 2540 4313 libris
2571 4259 2870 4324 indoctum,
2900 4259 3009 4311 itno
3033 4255 3163 4327 quid
3190 4270 3298 4309 non
3324 4271 3355 4310 e
3386 4255 3573 4325 media

1985 4351 2336 4421 philosophia
2369 4361 2452 4405 est
2475 4352 2497 4402 ?

701 4485 943 4555 Ruﬁnus,
976 4486 1052 4541 De
1075 4487 1462 4541 adulteratione
1495 4488 1752 4541 librorum
1789 4488 2033 4559 Origenis
2065 4489 2206 4557 apud
2240 4488 2641 4557 Hieronymum,
2668 4497 2794 4541 tom.
2825 4485 2891 4540 IV
2957 4486 3188 4541 Erasini.

366 4578 623 4634 Clemens
666 4597 884 4651 quoque
928 4583 1069 4637 alius
1116 4585 1521 4639 Alexandrinus
1572 4585 1874 4655 presbyter,

298 4678 352 4722 et
384 4671 645 4738 magister
681 4672 943 4727 Ecclesia
980 4675 1127 4729 illius
1174 4675 1229 4728 in
1254 4674 1520 4729 omnibus
1550 4690 1689 4744 pene
1718 4674 1875 4728 libris

302 4762 445 4827 suis,
488 4760 775 4816 Trinitatis
824 4765 1049 4831 gloriam
1101 4774 1263 4834 atque
1309 4766 1661 4819 aeternitatem
1711 4780 1875 4818 unam

300 4854 657 4923 eamdemque
694 4854 983 4924 designat,
1027 4857 1298 4911 interdum
1347 4857 1654 4911 invenimus
1695 4856 1877 4925 aliqua

302 4946 358 5001 iu
409 4944 565 5000 libris
626 4942 745 5013 ejus
821 4947 1097 5015 capitula,
1167 4949 1223 5003 in
1280 4949 1480 5019 quibus
1528 4946 1727 5002 Filium
1782 4948 1879 5003 Dei

1986 4597 2295 4639 creaturam
2342 4584 2493 4637 dicit.
2565 4581 2825 4651 Nunquid
2871 4581 3131 4636 credibile
3166 4589 3252 4635 est
3298 4580 3366 4634 de
3416 4587 3569 4634 tanto

1984 4677 2104 4730 viro
2168 4685 2277 4730 tam
2342 4676 2397 4728 in
2446 4676 2702 4729 omnibus
2758 4675 3069 4736 catholico,
3135 4682 3247 4727 tam
3323 4672 3566 4734 erudito,

1986 4775 2047 4819 ut
2082 4764 2164 4818 vel
2211 4763 2315 4817 sibi
2354 4766 2634 4818 contraria
2685 4766 2944 4830 senserit,
2990 4764 3075 4817 vel
3121 4778 3185 4816 ea
3211 4777 3332 4831 qua
3361 4762 3429 4815 de
3455 4760 3569 4815 Deo

1988 4871 2098 4909 non
2133 4854 2312 4908 dicam
2350 4854 2597 4921 credere,
2632 4856 2727 4910 sed
2752 4856 2836 4909 vel
2871 4855 3059 4910 audire
3082 4853 3303 4924 quidem
3337 4851 3565 4923 impium

1988 4956 2092 5012 est,
2116 4946 2321 5015 scripta
2356 4946 2684 5015 reliquerit?

1267 5063 1537 5129 Socrates,
1570 5064 1776 5122 Hister.
1802 5068 2120 5130 ecclesiast.,
2148 5063 2244 5118 lib.
2284 5079 2348 5131 tt,
2379 5082 2497 5134 cap.
2522 5065 2614 5119 '55.

375 5182 531 5237 Οὕτω
558 5182 616 5236 δὲ
644 5177 712 5254 ἦν
744 5179 1072 5251 ὀλιγομαθὴς
1100 5182 1129 5234 ὁ
1169 5182 1400 5247 Ἀέτιος,
1434 5182 1525 5233 καὶ
1566 5180 1672 5232 τῶν
1721 5182 1882 5253 ἱερῶν
1914 5166 1959 5220 Ῑ)
2060 5177 2135 5232 Ca

1812 5182 1882 5237 ῶν
1914 5166 1959 5220 Ῑ)
2060 5177 2331 5232 Caterum
2382 5179 2518 5233 adeo
2569 5176 2829 5232 mediocri
2879 5176 3130 5230 doctrina
3186 5174 3468 5245 praditus,
3516 5181 3572 5229 et

306 5275 645 5344 γραμμάτων
682 5274 957 5347 ἀμύητος,
996 5271 1057 5323 τὸ
1104 5274 1377 5343 ἐριστικὸν
1418 5273 1475 5326 δὲ
1530 5272 1883 5344 κατωρθώκει

311 5365 488 5434 μόνον,
518 5366 655 5437 ὅπερ
682 5369 747 5422 ἂν
777 5368 873 5423 καὶ
911 5366 1165 5437 ἀγροῖκός
1190 5381 1274 5427 τις
1307 5368 1611 5437 ποιήσειεν,
1641 5366 1718 5433 ὡς
1746 5371 1883 5441 μήτε

308 5459 431 5519 τοὺς
465 5458 724 5529 ἀρχαίους
751 5464 877 5526 τοὺς
911 5460 983 5514 τὰ
1015 5461 1375 5534 Χριστιανικὰ
1414 5465 1569 5534 λόγια
1613 5462 1883 5535 ἑρμηνεύ-

311 5563 505 5610 σαντας
534 5551 858 5621 ἁσκηθῆναι,
890 5552 1057 5606 πολλὰ
1103 5552 1311 5624 χαίρειν
1358 5558 1573 5626 φράσας
1598 5560 1711 5620 τοῖς
1754 5558 1882 5627 περὶ

310 5637 621 5711 Κλήμεντα,
661 5644 754 5694 καὶ
810 5645 1148 5716 Ἀφρικανὸν,
1194 5647 1285 5699 καὶ
1340 5647 1643 5721 Ὠριγένην,
1682 5648 1884 5716 ἄνδρας

308 5730 489 5803 πάσης
510 5731 697 5799 σοφίας
716 5735 911 5806 ὲπιστή
922 5754 1101 5806 μονας.

599 6006 1021 6087 Ριιτιιυιεῦιι.
1068 6012 1242 6072 VIII.

1992 5285 2275 5327 sacrarum
2325 5270 2632 5325 litterarum
2684 5268 2969 5338 imperitus
3013 5275 3133 5321 erat
3171 5266 3383 5330 Aetius,
3420 5273 3477 5319 et
3514 5264 3571 5318 in

1990 5379 2100 5417 uno
2136 5362 2501 5418 contendendi
2555 5362 2739 5416 studio
2776 5360 3143 5425 exercitatus;
3194 5357 3339 5427 quod
3388 5354 3571 5425 quivis

1990 5457 2150 5510 etiam
2190 5457 2425 5526 agrestis
2461 5455 2619 5510 facile
2660 5454 2922 5522 consequi
2968 5452 3178 5522 possit;
3212 5462 3272 5503 ut
3310 5464 3379 5502 ne
3422 5456 3571 5501 vete-

1991 5563 2110 5603 rum
2168 5547 2388 5616 qnidem
2442 5549 2792 5619 scriptorum,
2850 5547 2943 5617 qui
2994 5558 3184 5601 sacros
3240 5540 3570 5595 Christiana:

1990 5640 2269 5708 religionis
2308 5641 2481 5697 libros
2521 5641 2861 5709 interpretati
2895 5649 3040 5703 sunt,
3080 5650 3240 5689 usum
3272 5632 3442 5687 ullum
3473 5639 3573 5685 aut

1987 5732 2235 5803 peritiam
2282 5732 2536 5799 haberet;
2571 5734 2665 5787 sed
2716 5732 3084 5791 Clementem,
3122 5736 3178 5781 et
3223 5723 3568 5785 Africanum,

1987 5835 2148 5894 atque
2171 5822 2485 5894 Origenem,
2513 5824 2663 5878 viros
2692 5824 2842 5878 omni
2869 5835 3063 5894 genere
3100 5815 3361 5873 doctrina
3384 5809 3569 5866 excul-

1988 5925 2093 5985 tos,
2128 5932 2355 5988 prorsus
2386 5927 2797 5988 aspernaretur.

3194 6013 3236 6071 2
