4456 6564
890 457 958 510 ιε
2033 473 2352 530 CLEMENS
2388 474 2946 537 ALEXANDRINUS.
4062 487 4122 542 ιδ

2096 591 2267 660 Idem,
2295 594 2452 662 ibid.,
2479 594 2576 651 lib.
2616 611 2700 662 Ill,
2728 614 2844 666 cap.
2873 597 2925 652 7.

956 699 1192 754 Irenaaus
1239 711 1386 756 certe
1425 712 1475 757 et
1497 703 1772 771 Clemens,
1821 717 1873 760 et
1895 708 2222 777 Apollinaris
2254 710 2446 765 llicra-
2475 708 2524 762 Λ
2619 711 2716 763 Kal

2361 727 2446 765 ra-
2475 708 2524 762 Λ
2619 711 2729 763 Καὶ
2766 710 2874 780 γὰρ
2919 709 3203 780 Είρηναῖός
3229 722 3287 760 τε
3318 707 3414 760 καὶ⁸
3454 709 3720 784 Κλήμης,
3759 711 4121 786 Ἀπολινάριὸς

882 787 1173 856 pulitanus,
1203 801 1257 846 et
1292 792 1549 865 Serapion
1567 795 1918 854 Antiochense
1944 800 2095 854 urbis
2125 802 2429 871 episcopus,

2559 819 2619 854 τε
2645 805 2672 855 ὁ
2712 801 3081 873 Ἱεραπολίτης
3112 803 3208 855 καὶ
3245 798 3529 872 Σεραπίων
3555 803 3582 854 ὁ
3609 803 3709 874 τῆς
3736 807 3794 858 ὲν
3834 805 4121 878 ’Λντιοχείᾳ

881 878 1182 972 Christum,
1215 887 1310 954 qui
1361 888 1523 942 homo
1567 887 1742 946 factus
1787 900 1898 956 est,
1938 891 2120 946 anima
2175 894 2455 962 praeditum
2562 909 2640 964 πρ

2358 909 2455 948 .um
2562 894 2841 964 προεστὼς
2872 895 3214 964 Ἐκκλησίας,
3240 891 3479 963 ἔμψυχον
3495 891 3585 944 τὸν
3613 893 4118 972 ὲνανθρωπήσαντα,

883 970 1074 1040 fuisse,
1107 977 1259 1033 velut
1301 995 1415 1034 rem
1457 983 1738 1037 communi
1782 983 2025 1038 omnium
2060 999 2330 1040 consensu
2364 999 2452 1039 re-

882 1071 1116 1133 ceptam,
1151 1069 1267 1122 suis
1295 1069 1350 1122 in
1385 1069 1540 1124 libris
1568 1081 1843 1128 asserunt.

2561 985 2620 1037 ὲν
2643 988 2755 1048 τοῖς
2800 986 3109 1057 πονηθεῖσιν
3149 987 3330 1049 αὐτοῖς
3369 983 3548 1051 λόγοις
3577 983 3655 1049 ὡς
3702 990 4122 1063 ὁμολογούμενον

2562 1077 2745 1140 αὐτοῖς
2772 1079 3093 1146 φάσκουσιν.

1821 1186 2164 1254 Sozomenus,
2201 1189 2407 1244 llistor.
2439 1190 2758 1258 ecclesiast.,
2796 1193 2890 1248 lib.
2926 1209 2966 1262 ι,
2998 1210 3116 1265 cap.
3151 1195 3198 1249 Ι.

949 1296 1028 1352 Ac
1051 1299 1230 1368 primo
1271 1301 1490 1370 quidem
1537 1304 1818 1361 historiam
1864 1306 2006 1363 hanc
2057 1309 2126 1363 ab
2172 1310 2326 1364 initio
2369 1324 2454 1364 re-

875 1399 1060 1460 petere
1112 1392 1483 1450 decreveram.
1548 1395 1654 1452 Sed
1721 1414 1847 1454 cum
1908 1400 2451 1464 animadvertissem,

2641 1309 2916 1382 Ὠρμήθην
2942 1312 2998 1366 δὲ
3020 1313 3089 1366 τὰ
3119 1313 3214 1383 μὲν
3239 1311 3448 1382 πρῶτα,
3470 1311 3561 1364 ἀπ’
3583 1307 3755 1380 ἀρχῆς
3775 1311 3980 1383 ταύτην
4000 1333 4122 1384 συγ-

2555 1401 2765 1471 γράψαι
2811 1404 2911 1476 τήν
2953 1402 3354 1475 πραγματείαν·
3405 1402 3757 1472 λογισάμενος
3798 1401 3856 1454 δὲ
3906 1404 3980 1467 ὼς
4033 1408 4123 1465 καὶ

877 1483 1016 1539 alios
1067 1483 1181 1551 jam
1243 1487 1540 1556 scriptores
1580 1488 1648 1543 ad
1699 1504 1797 1544 sua
1857 1505 2030 1560 usque
2096 1501 2338 1561 tempora
2397 1490 2452 1545 id
2556 1492 2637 1547 ἀλ]

2397 1490 2452 1545 id
2556 1492 2704 1547 ἄλλοι
2751 1495 2954 1566 ταύτης
3007 1493 3372 1566 ἐπειράθησαν
3425 1494 3586 1564 μέχρι
3628 1493 3736 1547 τῶν
3791 1495 4121 1562 κατάύτοὺς

877 1576 1222 1643 ιιι-ωειίιίεςθς
1265 1577 1602 1633 Clementem
1648 1581 1856 1635 scilicet
1886 1591 1941 1635 et
1971 1581 2336 1654 Hegesippum
2371 1583 2454 1637 vi-
2555 1601 2637 1656 χρ‹

2371 1583 2454 1637 vi-
2555 1585 2782 1656 χρόνων,
2813 1586 3043 1656 Κλήμης
3067 1601 3127 1636 τε
3167 1584 3262 1636 καὶ
3302 1584 3678 1656 Ἡγήσιππος,
3709 1585 3899 1658 ἄνδρες
3948 1585 4119 1655 σοφώ-

877 1683 966 1722 ros
1014 1668 1487 1736 sapientissimos,
1534 1671 1626 1740 qui
1685 1673 2060 1742 apostolorum
2115 1673 2448 1743 temporibus

873 1760 1115 1826 proxime
1141 1772 1548 1828 successerunt,
1577 1772 1684 1818 etc.

2551 1691 2704 1728 τατοι
2721 1715 2735 1739 ,
2764 1679 2830 1746 τῇ
2859 1676 2967 1728 τῶν
2995 1672 3309 1728 ἀποστόλων
3351 1674 3568 1746 διαδοχῇ
3617 1676 4122 1748 παρακολουθήσαν-

2478 1753 2520 1808 Β
2546 1783 2707 1831 τες...

2066 1859 2357 1913 Chronicon
2407 1858 2692 1925 Paschale,
2728 1880 2848 1931 pag.
2881 1862 2931 1913 7.

939 1944 1045 1999 Sed
1074 1953 1126 1998 et
1148 1945 1421 2010 Clemens,
1444 1947 2222 2003 sanctissimusAlexandrina:
2253 1947 2445 2004 Eccle—

871 2034 964 2090 sia:
992 2034 1296 2104 presbyter,
1336 2036 1417 2089 vir
1463 2037 1907 2106 antiquissimus,
1946 2046 2001 2092 et
2037 2038 2130 2108 qui
2166 2052 2273 2093 nou
2303 2040 2447 2093 mul-

870 2133 980 2179 tum
1023 2124 1195 2180 abfuit
1235 2125 1304 2178 ab
1342 2125 1657 2195 apostolicis
1705 2127 2067 2194 temporibus,
2103 2128 2158 2182 in
2197 2128 2340 2184 libro
2372 2128 2448 2182 De

869 2214 1126 2269 Paschate
1164 2215 1476 2271 consimilia
1515 2220 1695 2284 docet,
1727 2216 1804 2272 ita
1833 2217 2120 2274 scribens:
2147 2217 2446 2273 Prwteritis

867 2325 984 2379 ergo
1022 2305 1340 2377 temporibus
1375 2307 1716 2361 immolatum
1771 2325 1802 2361 a
1827 2307 2034 2364 Judwis
2081 2308 2325 2376 Pascha,
2362 2312 2445 2380 fe-

867 2412 1000 2454 stum
1051 2416 1240 2471 agens,
1287 2400 1626 2453 manducavit
1664 2399 1944 2456 Dominus.
2016 2398 2120 2454 Sed
2165 2409 2445 2471 postquam

860 2495 1168 2557 prazdicavit
1203 2495 1336 2563 ipse,
1370 2494 1461 2564 qui
1489 2501 1602 2546 erat
1638 2491 1849 2547 Pascha
1877 2495 2061 2562 Agnus
2085 2491 2206 2558 Dei,
2238 2502 2296 2546 ut
2332 2494 2442 2546 oris

860 2589 929 2641 ad
955 2589 1273 2643 occisionem
1317 2588 1506 2640 ductus
1549 2586 1838 2655 discipulos
1887 2587 2074 2640 statim
2127 2589 2338 2641 edocuit
2376 2588 2442 2656 ﬁ-

857 2696 1007 2747 gura:
1073 2679 1382 2750 mysterium
1429 2677 1632 2731 decima
1689 2684 1884 2746 quarta
1951 2677 2076 2745 die,
2130 2693 2235 2747 qua
2280 2679 2438 2731 etiam

864 2770 1010 2844 illum
1065 2779 1370 2842 rogarunt:
1433 2789 1451 2820 ι
1494 2766 1595 2822 Ubi
1643 2769 1721 2822 vis
1771 2784 2017 2837 paremus
2079 2769 2176 2823 tibi
2228 2767 2436 2823 Pascha

863 2861 1180 2916 ntandncare
1203 2862 1228 2915 1’
1261 2880 1281 2912 ι

2631 1951 2788 2004 Ἀλλά
2834 1952 2928 2004 καὶ
2956 1951 3188 2024 Κλήμης
3214 1953 3244 2006 ό
3273 1951 3564 2019 ὁσιώτατος
3594 1957 3691 2026 τῆς
3730 1955 4122 2029 Ἀλεξανδρέων

2562 2041 2884 2110 Ἔκκλησίας
2911 2043 3152 2112 γεγονὼς
3197 2043 3396 2115 ἱερεὺς,
3433 2045 3571 2116 ἀνὴρ
3621 2047 3996 2118 ἀρχαιότατος,
4027 2051 4121 2104 καὶ

2543 2133 2605 2186 οὐ
2641 2131 2853 2204 μακρὰν
2883 2133 2994 2186 τῶν
3048 2133 3418 2188 ἀποστολικῶν
3462 2137 3754 2208 γενόμενος
3793 2141 4019 2212 χρόνων,
4062 2143 4120 2195 ὲν

2543 2223 2620 2295 τῷ
2653 2225 2795 2292 Περὶ
2824 2225 2931 2279 τοῦ
2966 2225 3185 2296 Πάσχα
3207 2226 3351 2297 λόγῳ
3371 2227 3442 2280 τά
3472 2231 3826 2302 παραπλήσια
3857 2231 4117 2297 διδάσκει,

2541 2316 2769 2388 γράφων
2798 2315 2988 2381 οὕτως’
3025 2317 3152 2383 Τοῖς
3171 2317 3289 2387 μὲν
3314 2313 3428 2373 οὖν
3450 2323 3936 2388 παρεληλυθόσιν
3958 2324 4120 2377 ἔτεσι

2543 2409 2610 2463 τὸ
2645 2409 2939 2479 θυόμενον
2979 2410 3129 2479 πρὸς
3172 2411 3468 2466 Ἰουδαίων
3521 2413 3736 2483 ἢσθιεν
3775 2415 4059 2483 ἑορτάζων
4083 2419 4120 2470 ὁ

2545 2503 2764 2570 Κύριος
2791 2501 3030 2571 Πάσχα’
3086 2503 3214 2556 ἐπεὶ
3259 2502 3328 2555 δὲ
3377 2503 3674 2574 ἐκήρυξεν
3720 2507 3901 2572 αὐτὸς
3935 2503 4019 2560 ὢν
4052 2508 4117 2560 τὸ

2540 2592 2757 2662 Πάσχα
2784 2596 2816 2647 ὁ
2864 2593 3069 2662 Ἁμνὸς
3096 2593 3202 2647 τοῦ
3240 2595 3386 2648 Θεοῦ
3411 2595 3491 2662 ὡς
3517 2597 3814 2664 πρόϐατον
3835 2599 3930 2651 ἐπὶ
3961 2613 4116 2666 σφα-

2538 2683 2656 2754 γὴν
2687 2685 3001 2753 ἀγόμενος,
3030 2687 3244 2740 αὐτίκα
3270 2686 3508 2752 ἐδίδαξε
3544 2687 3662 2756 μὲν
3688 2688 3829 2754 τοὺς
3847 2690 4118 2758 μαθητὰς

2535 2774 2644 2828 τοῦ
2672 2775 2866 2830 τύπου
2897 2776 2964 2828 τὸ
2988 2777 3326 2848 μυστήριον
3348 2777 3424 2849 τῇ
3452 2777 3542 2842 ιδ’,
3560 2780 3630 2833 ἐν
3651 2774 3690 2852 ᾗ
3717 2779 4118 2835 πυνθάνονται

2538 2865 2746 2918 αὐτοῦ·
2783 2885 2801 2915 ι
2825 2866 2948 2920 Ποῦ
2986 2865 3177 2932 θέλεις
3221 2867 3630 2937 ἑτοιμάσωμέν
3667 2883 3766 2924 σοι
3805 2870 3872 2924 τὸ
3900 2871 4120 2941 Πάσχα

2539 2971 2780 3025 scari-nr;
2801 2975 2819 3006 ι

2233 3055 2402 3122 Ibid.,
2433 3074 2558 3122 paq.
2585 3061 2713 3117 2‘24.

2233 3074 2402 3122 wza.,
2433 3074 2558 3130 pag.
2585 3074 2687 3114 224

927 3155 1005 3212 De
1031 3157 1318 3212 recensitis
1359 3169 1492 3210 vero
1530 3153 1818 3223 discipulis
1845 3168 1949 3208 ιιι
2009 3161 2200 3221 ρι-ωιεν
2231 3167 2306 3204 xu
2341 3167 2436 3205 su-
2464 3158 2508 3218 c
2609 3154 2684 3206 Πε

2360 3097 2402 3122 ο,
2472 3075 2503 3111 a
2545 3100 2558 3111 .
2585 3074 2713 3117 224.

2358 3074 2539 3218 stt-p09
2609 3154 2746 3224 Περὶ
2786 3155 2843 3207 δὲ
2897 3157 3005 3209 τῶν
3062 3160 3568 3230 προγεγραμμένων
3607 3167 3650 3212 οῖ
3707 3161 3960 3232 μαθητῶν
4005 3161 4118 3215 τῶν

857 3263 951 3319 pra
979 3246 1180 3313 dictos,
1215 3245 1329 3317 agit
1374 3244 1628 3300 Clemens
1670 3243 1905 3312 scriptor
1969 3243 2067 3296 lib.
2118 3257 2150 3294 ν
2195 3239 2435 3310 Hypaly-

855 3355 1066 3408 poseon.

2547 3245 2686 3314 μετά
2712 3247 2838 3308 τοὺς
2869 3246 2933 3298 ιϐ’
2959 3251 3428 3320 προτεταγμένους
3457 3252 3658 3321 ἱστορεῖ
3688 3251 3918 3320 Κλήμης
3936 3253 3965 3305 ό
3993 3268 4122 3320 συγ-

2537 3336 2780 3406 γραφεὺς
2809 3339 2868 3393 ἐν
2895 3341 2960 3408 τῇ
2995 3339 3219 3412 πέμπτῃ
3253 3339 3738 3394 ’Υποτυπώσεων.

2225 3448 2394 3513 Ibid.,
2425 3465 2548 3518 pag.
2579 3448 2704 3502 2'52.

924 3546 1130 3614 Quinto
1157 3546 1264 3602 hoc
1288 3561 1434 3600 anno
1455 3544 1670 3599 Claudii
1691 3543 1919 3607 Paulus,
1948 3542 2038 3611 qui
2073 3552 2244 3595 antea.
2275 3541 2426 3594 ordi-

845 3643 1009 3688 natus
1046 3632 1225 3688 luerat
1261 3636 1580 3703 apostolus,
1623 3634 1902 3706 ingressus
1940 3642 2026 3690 est
2076 3631 2421 3688 Antiochiam

845 3738 1119 3793 magnam,
1145 3733 1346 3780 etcum
1368 3725 1646 3781 didicisset
1675 3740 1800 3796 quae
1828 3733 2052 3780 sanctus
2079 3721 2275 3777 Petrus
2297 3735 2423 3790 ege—

844 3825 949 3879 rat,
985 3815 1186 3886 ubique
1214 3816 1530 3873 scandalum
1570 3816 1826 3884 sustulit;
1853 3829 2157 3884 omnesque
2181 3813 2427 3874 admisit,

846 3922 943 3960 eos
980 3909 1294 3978 complexus
1342 3925 1408 3965 ac
1445 3910 1797 3976 adhortatus,
1847 3906 2309 3978 quemadmodum
2359 3905 2427 3959 de

846 3996 941 4050 illo
975 3997 1222 4052 scribunt
1245 3997 1502 4054 Clemens
1533 4007 1588 4053 et
1618 3997 1881 4052 Tatianus
1905 3994 2329 4067 chronograplii.

2598 3537 2784 3609 Τούτῳ
2803 3538 2880 3610 τῷ
2904 3541 3137 3612 πέμπτῳ
3169 3541 3580 3604 ετειΚλαυδίου,
3611 3537 4113 3613 προχειροτονηθεὶς

2529 3627 2742 3692 Παῦλος
2783 3630 3030 3700 εἰσῆλθεν
3086 3634 3168 3696 είς
3211 3633 3540 3702 Ἀντιόχειαν
3585 3631 3682 3704 τὴν
3718 3631 3978 3703 μεγάλην,
4015 3631 4113 3685 καὶ

2531 3717 2717 3788 μαθὼν
2767 3722 2894 3792 περὶ
2936 3722 3029 3775 τοῦ
3063 3723 3220 3791 ἀγίου
3254 3724 3484 3796 Πέτρου,
3519 3724 3792 3793 πανταχοῦ
3831 3724 3893 3776 τὸ
3943 3723 4112 3776 σκάν-

2528 3806 2686 3860 δαλον
2736 3810 3026 3880 περιεῖλεν,
3085 3812 3180 3864 καὶ
3227 3812 3438 3876 πάντας
3487 3811 3702 3875 ἐδέξατο
3756 3812 3849 3866 καὶ
3894 3812 4112 3883 ἠγάπα,

2530 3898 2971 3970 προτρεψάμενος
3003 3903 3227 3967 πάντας,
3255 3903 3436 3966 καθὼς
3467 3905 3868 3976 συνεγράψαντο
3892 3905 3962 3959 τά
3982 3904 4115 3977 περὶ

2531 3989 2723 4043 τούτου
2753 3990 2982 4063 Κλήμης
3013 3994 3108 4047 κα)⁸
3135 3995 3394 4058 Τατιανδς
3421 3996 3469 4048 oi
3501 3995 3880 4066 χρονογράφοι.

2237 4103 2405 4169 lbid.,
2431 4121 2558 4175 pag.
2579 4104 2706 4159 25L

916 4205 1180 4262 learniem
1215 4204 1527 4274 apostolum
1551 4211 1604 4258 et
1661 4205 2048 4274 evangelistam
2081 4203 2148 4258 ad
2172 4212 2418 4273 tempora

844 4298 1066 4369 Traiani
1096 4299 1260 4353 vitam
1288 4297 1616 4370 produxisse
1650 4297 1840 4352 scribit
1870 4295 2126 4351 Irenteus.
2157 4295 2414 4350 Clemens

844 4405 977 4447 vero
999 4389 1400 4444 Alexandrinus
1431 4388 1623 4444 iisdem
1645 4403 1886 4444 consona
1925 4389 2111 4450 tradit,
2156 4387 2420 4457 illumque

841 4481 1030 4536 Asiam
1052 4486 1105 4532 et
1135 4477 1394 4532 finitimas
1429 4478 1739 4545 provincias
1761 4494 2104 4548 peragrasse,
2147 4478 2419 4548 episcopis

843 4571 1048 4640 ubique
1077 4568 1347 4624 ordinatis
1373 4583 1437 4623 ac
1458 4568 1669 4625 clericis
1692 4569 2025 4624 constitutis.

2608 4203 2860 4275 Ἰωάννην
2908 4205 2998 4258 τὸν
3037 4205 3328 4260 ἀπόστολον
3375 4207 3468 4262 καὶ
3519 4202 3907 4272 εὐαγγελιστήν
3943 4200 4107 4271 μέχρι

2520 4294 2616 4349 τοῦ
2666 4295 2935 4366 Τραϊανοῦ
2967 4296 3171 4367 χρόνων
3214 4294 3649 4368 παραμεῖναιτῷ
3683 4294 3783 4364 βίῳ
3818 4293 4109 4363 Εἰρηναῖος

2525 4387 2746 4456 ἱστορεῖ.
2794 4386 3027 4456 Κλήμης
3092 4387 3148 4438 δὲ
3206 4389 3235 4439 ὁ
3277 4388 3655 4458 Ἀλεξανδρεὺς
3697 4385 3789 4438 καλ⁵
3830 4383 3990 4446 αὐτὸς
4033 4383 4108 4435 τὰ.

2524 4476 2663 4529 αὐτὰ
2716 4477 2980 4546 σύμφησι,
3016 4479 3108 4530 καὶ
3156 4480 3400 4550 περιέναι
3453 4477 3614 4531 αὐτὸν
3645 4477 3742 4546 τὴν
3769 4473 3972 4538 Ἀσίαν,
4007 4475 4104 4528 καὶ

2523 4566 2624 4630 τὰς
2662 4567 3070 4639 πλησιοχώρους
3102 4570 3386 4640 πατρίδας,
3405 4568 3733 4631 ἐπισκόπους
3762 4564 4104 4620 καθιστῶντα

2449 4677 2494 4732 ι)
2523 4663 2618 4716 καὶ
2653 4661 2966 4732 κληρικούς.

1847 4777 2218 4846 Theodoretus,
2249 4770 2504 4836 Haeretic.
2540 4779 2674 4849 fab..
2733 4779 2826 4834 lib.
2859 4794 2897 4842 I,
2923 4794 3043 4848 cap.
3074 4778 3129 4831 4.

909 4873 1113 4930 Contra
1135 4873 1235 4927 bos
1263 4884 1443 4926 autem
1468 4870 1754 4926 decertant
1785 4871 2054 4941 Agrippas
2076 4889 2412 4938 cognomen-

839 4975 900 5022 to
921 4964 1136 5030 Castor,
1178 4975 1231 5018 et
1262 4963 1520 5026 lrcnaaus,
1563 4971 1618 5017 et
1655 4961 1910 5017 Clemens
1953 4962 2314 5031 Stromateus,
2360 4972 2415 5020 et

836 5055 1100 5129 Origenes
1124 5071 1221 5126 pro
1245 5055 1474 5109 veritate
1501 5053 1844 5109 dimicantes.

2596 4871 3071 4943 Καταγωνίζονται
3111 4870 3166 4924 δὲ
3200 4869 3420 4932 τούτους
3459 4865 3782 4938 Ἀγρίππας,
3807 4865 3836 4916 ό
3863 4863 3956 4916 καὶ
3983 4861 4102 4914 Κά-

2524 4981 2667 5037 στωρ
2699 4967 2947 5038 ἐπίκλην,
2983 4965 3078 5018 καὶ
3104 4965 3409 5035 Εἰρηναῖος,
3442 4961 3536 5014 καὶ
3568 4960 3797 5032 Κλήμης
3842 4957 3871 5008 ό
3918 4955 4104 5023 Στρω-

2497 5051 2502 5059 ’
2527 5059 2748 5126 ματεὺς,
2771 5060 2866 5112 καὶ
2909 5055 3205 5129 Ὠριγένης,
3233 5054 3331 5126 τῆς
3355 5053 3607 5125 ἀληθείας
3636 5043 4095 5120 ὑπερμαχοῦντες·

2179 5163 2512 5229 Ιάεηι,’ἰὺὶά.
2543 5185 2661 5238 cap.
2690 5168 2746 5225 6.

905 5262 1085 5332 Quare
1108 5278 1216 5318 non
1245 5265 1424 5320 solum
1469 5265 1524 5319 iu
1554 5264 1787 5334 publicis
1821 5260 2114 5324 conviviis,
2173 5261 2410 5317 lucernae

833 5360 1040 5417 lumine
1069 5367 1302 5424 remoto,
1325 5359 1380 5412 in
1411 5374 1574 5428 quam
1605 5359 1912 5427 (mulierem
1943 5353 2300 5424 sc.)quisque
2320 5354 2408 5408 in-

829 5453 1041 5506 ciderat
1082 5465 1208 5504 cum
1236 5465 1301 5504 ea
1335 5449 1540 5510 coibat.
1587 5447 1682 5503 sed
1733 5447 2027 5517 mysticum
2083 5442 2410 5498 iniliationis

831 5541 996 5596 ritum
1023 5537 1474 5594 incontinentiam
1506 5537 1646 5590 banc
1671 5535 1963 5590 ducebant.
2003 5530 2177 5602 Cuius
2217 5533 2294 5587 rei
2329 5541 2410 5586 te-

830 5644 969 5690 stem
1035 5631 1406 5688 Stromateum
1452 5629 1782 5684 Clementem
1829 5625 2166 5697 producam,
2228 5626 2406 5679 virum

826 5734 1102 5790 sanctum.
1128 5734 1184 5781 et
1227 5723 1320 5795 qui
1355 5721 1688 5778 abundantia
1723 5720 1989 5776 doctrinae
2025 5717 2284 5773 omnibus
2305 5731 2410 5770 an-

827 5816 1086 5876 tecelluit.
1141 5816 1235 5873 Sic
1291 5825 1475 5872 autem
1537 5814 1777 5876 loquitur
1828 5815 1883 5869 in
1945 5809 2106 5872 tertio
2165 5807 2410 5864 Strame-

828 5916 962 5963 luzn.
996 5918 1100 5964 etc.

2588 5259 2662 5316 Οὔ
2689 5264 2752 5336 δή
2782 5263 2962 5338 χάριν,
3006 5265 3106 5317 οὐκ
3149 5263 3207 5316 ὲν
3245 5265 3359 5325 τοῖς
3397 5259 3595 5319 κοινοῖς
3635 5251 3868 5338 δείπνοις
3910 5248 4093 5320 μόνον,

2514 5354 2577 5408 τὸ
2611 5336 2881 5426 λυχνιαῖον
2915 5355 3030 5426 φῶς
3058 5353 3300 5409 ἐκποδὼν
3341 5348 3671 5417 ποιούμενοι,
3706 5336 3849 5414 ᾗπερ
3879 5341 3944 5396 ἀν
3967 5343 4098 5396 ἔκα-

2517 5462 2639 5509 στος
2664 5448 2891 5517 ἐπέτυχε
2938 5447 3292 5516 συνεμίγνυτο
3309 5461 3322 5474 ·
3358 5438 3494 5496 ἀλλά
3528 5437 3592 5507 δὴ
3623 5435 3717 5490 καλ⁵
3753 5434 3970 5508 τελετὴν
3996 5435 4100 5505 τὴν

2512 5537 2766 5610 τοιαύτην
2780 5537 3070 5594 ἀκολασίαν
3084 5536 3447 5607 ὑπειλήφεσαν
3467 5529 3752 5601 μυστικήν.
3777 5529 3887 5582 Καὶ
3902 5525 4096 5581 τούτου

2513 5629 2576 5702 δὴ
2624 5633 2874 5702 μάρτυρα
2915 5631 3008 5683 τὸν
3051 5624 3383 5700 Στρωματέα
3444 5620 3748 5694 παρέξομαι
3803 5621 4099 5690 Κλήμεντά

2515 5722 2656 5792 ἱερὸν
2704 5723 2888 5794 ἕνδρα,
2939 5721 3034 5775 καὶ
3079 5715 3404 5786 πολυπειρία
3449 5713 3691 5777 ἅπαντας
3737 5706 4093 5764 ἀπολιπόντα.

2514 5813 2676 5882 Λέγει
2709 5815 2764 5869 δὲ
2797 5814 2968 5876 οὕτως
2997 5815 3054 5866 ὲν
3083 5811 3160 5880 τῷ
3191 5807 3360 5877 τρίτῳ
3382 5806 3489 5860 τῶν
3519 5799 3925 5874 Στρωματέων.
