  <div class='ocr_page' id='page_1' title='image "/cluster/home/n/w/nwhite01/storage/ocr_20150623/8/nnc1.0065752333/028.png"; bbox 0 0 4456 6564; ppageno 0'>
   <div class='ocr_carea' id='block_1_1' title="bbox 333 472 2093 553">
    <p class='ocr_par' dir='ltr' id='par_1_1' title="bbox 333 472 2093 533">
     <span class='ocr_line' id='line_1_1' title="bbox 333 472 2093 533; baseline 0.005 -8"><span class='ocrx_word' id='word_1_1' title='bbox 333 474 399 526; x_wconf 69' lang='lat' dir='ltr'><strong>L5</strong></span> <span class='ocrx_word' id='word_1_2' title='bbox 1584 472 1919 533; x_wconf 74' lang='lat' dir='ltr'><strong>VETERUM</strong></span> <span class='ocrx_word' id='word_1_3' title='bbox 1960 476 2093 533; x_wconf 68' lang='lat' dir='ltr'><strong>TES‘</strong></span> 
     </span>
    </p>
   </div>
   <div class='ocr_carea' id='block_1_2' title="bbox 1807 472 3567 553">
    <p class='ocr_par' dir='ltr' id='par_1_2' title="bbox 1807 476 3567 553">
     <span class='ocr_line' id='line_1_2' title="bbox 1807 476 3567 553; baseline 0.004 -24"><span class='ocrx_word' id='word_1_4' title='bbox 1807 478 1919 533; x_wconf 72' lang='lat' dir='ltr'><strong>usu</strong></span> <span class='ocrx_word' id='word_1_5' title='bbox 1960 476 2400 534; x_wconf 71' lang='lat' dir='ltr'><strong>TESTIMONIA.</strong></span> <span class='ocrx_word' id='word_1_6' title='bbox 3333 544 3341 553; x_wconf 51' lang='grc'><strong>,</strong></span> <span class='ocrx_word' id='word_1_7' title='bbox 3496 479 3567 536; x_wconf 78' lang='grc' dir='ltr'><strong>ισ</strong></span> 
     </span>
    </p>
   </div>
   <div class='ocr_carea' id='block_1_3' title="bbox 1620 587 2245 662">
    <p class='ocr_par' dir='ltr' id='par_1_3' title="bbox 1620 587 2245 662">
     <span class='ocr_line' id='line_1_3' title="bbox 1620 587 2245 662; baseline 0.006 -20"><span class='ocrx_word' id='word_1_8' title='bbox 1620 587 1796 653; x_wconf 82' lang='lat' dir='ltr'><strong>Idem,</strong></span> <span class='ocrx_word' id='word_1_9' title='bbox 1826 589 1983 659; x_wconf 82' lang='lat' dir='ltr'><strong>ibid.,</strong></span> <span class='ocrx_word' id='word_1_10' title='bbox 2011 609 2129 662; x_wconf 84' lang='lat' dir='ltr'><strong>cap.</strong></span> <span class='ocrx_word' id='word_1_11' title='bbox 2157 594 2245 648; x_wconf 75' lang='lat' dir='ltr'><strong>l9.</strong></span> 
     </span>
    </p>
   </div>
   <div class='ocr_carea' id='block_1_4' title="bbox 390 701 2150 781">
    <p class='ocr_par' dir='ltr' id='par_1_4' title="bbox 390 701 2146 778">
     <span class='ocr_line' id='line_1_4' title="bbox 390 701 2146 778; baseline 0.008 -22"><span class='ocrx_word' id='word_1_12' title='bbox 390 701 542 760; x_wconf 74' lang='grc' dir='ltr'>Κατὰ</span> <span class='ocrx_word' id='word_1_13' title='bbox 570 702 627 757; x_wconf 78' lang='grc' dir='ltr'>δὲ</span> <span class='ocrx_word' id='word_1_14' title='bbox 670 702 985 761; x_wconf 75' lang='grc' dir='ltr'>Βαλεντίνου</span> <span class='ocrx_word' id='word_1_15' title='bbox 1023 709 1120 764; x_wconf 78' lang='grc' dir='ltr'><strong>καὶ</strong></span> <span class='ocrx_word' id='word_1_16' title='bbox 1160 711 1270 762; x_wconf 84' lang='grc' dir='ltr'><strong>τῶν</strong></span> <span class='ocrx_word' id='word_1_17' title='bbox 1311 707 1370 771; x_wconf 76' lang='grc' dir='ltr'>ἐξ</span> <span class='ocrx_word' id='word_1_18' title='bbox 1412 709 1643 773; x_wconf 73' lang='grc' dir='ltr'>ἐκείνου,</span> <span class='ocrx_word' id='word_1_19' title='bbox 1671 711 1765 763; x_wconf 71' lang='grc' dir='ltr'><strong>καὶ</strong></span> <span class='ocrx_word' id='word_1_20' title='bbox 1806 711 1899 765; x_wconf 79' lang='grc' dir='ltr'><strong>Βε-</strong></span> <span class='ocrx_word' id='word_1_21' title='bbox 1924 729 1967 778; x_wconf 76' lang='grc' dir='ltr'><strong>Α</strong></span> <span class='ocrx_word' id='word_1_22' title='bbox 2067 716 2146 770; x_wconf 98' lang='lat' dir='ltr'><strong>Co</strong></span> 
     </span>
    </p>
   </div>
   <div class='ocr_carea' id='block_1_5' title="bbox 1804 701 3564 781">
    <p class='ocr_par' dir='ltr' id='par_1_5' title="bbox 1806 704 3564 781">
     <span class='ocr_line' id='line_1_5' title="bbox 1806 704 3564 781; baseline -0.001 -16"><span class='ocrx_word' id='word_1_23' title='bbox 1806 711 1899 765; x_wconf 80' lang='lat' dir='ltr'><strong>Bi-</strong></span> <span class='ocrx_word' id='word_1_24' title='bbox 1924 729 1967 778; x_wconf 75' lang='grc' dir='ltr'><strong>Α</strong></span> <span class='ocrx_word' id='word_1_25' title='bbox 2067 716 2267 770; x_wconf 99' lang='lat' dir='ltr'><strong>Contra</strong></span> <span class='ocrx_word' id='word_1_26' title='bbox 2311 709 2658 766; x_wconf 76' lang='lat' dir='ltr'><strong>Valentinum</strong></span> <span class='ocrx_word' id='word_1_27' title='bbox 2714 719 2915 779; x_wconf 88' lang='lat' dir='ltr'><strong>autem,</strong></span> <span class='ocrx_word' id='word_1_28' title='bbox 2976 704 3182 781; x_wconf 79' lang='lat' dir='ltr'><strong>eosque</strong></span> <span class='ocrx_word' id='word_1_29' title='bbox 3230 708 3325 777; x_wconf 86' lang='lat' dir='ltr'><strong>qui</strong></span> <span class='ocrx_word' id='word_1_30' title='bbox 3368 708 3564 764; x_wconf 86' lang='lat' dir='ltr'><strong>abillo</strong></span> 
     </span>
    </p>
   </div>
   <div class='ocr_carea' id='block_1_6' title="bbox 321 796 1420 872">
    <p class='ocr_par' dir='ltr' id='par_1_6' title="bbox 321 796 1420 872">
     <span class='ocr_line' id='line_1_6' title="bbox 321 796 1420 872; baseline 0.001 -23"><span class='ocrx_word' id='word_1_31' title='bbox 321 798 552 871; x_wconf 79' lang='grc' dir='ltr'>ρηναῖος,</span> <span class='ocrx_word' id='word_1_32' title='bbox 581 797 676 849; x_wconf 71' lang='grc' dir='ltr'><strong>κα)⁸</strong></span> <span class='ocrx_word' id='word_1_33' title='bbox 704 796 950 871; x_wconf 80' lang='grc' dir='ltr'><strong>Κλήμης,</strong></span> <span class='ocrx_word' id='word_1_34' title='bbox 985 804 1081 857; x_wconf 80' lang='grc' dir='ltr'><strong>καὶ</strong></span> <span class='ocrx_word' id='word_1_35' title='bbox 1120 800 1420 872; x_wconf 86' lang='grc' dir='ltr'>Ὠριγένης.</span> 
     </span>
    </p>
   </div>
   <div class='ocr_carea' id='block_1_7' title="bbox 1998 801 3491 876">
    <p class='ocr_par' dir='ltr' id='par_1_7' title="bbox 1998 801 3491 876">
     <span class='ocr_line' id='line_1_7' title="bbox 1998 801 3491 876; baseline -0.003 -16"><span class='ocrx_word' id='word_1_36' title='bbox 1998 806 2339 876; x_wconf 89' lang='lat' dir='ltr'><strong>prodierunt,</strong></span> <span class='ocrx_word' id='word_1_37' title='bbox 2368 812 2421 857; x_wconf 88' lang='lat' dir='ltr'><strong>et</strong></span> <span class='ocrx_word' id='word_1_38' title='bbox 2446 801 2703 869; x_wconf 70' lang='lat' dir='ltr'><strong>lrenatus,</strong></span> <span class='ocrx_word' id='word_1_39' title='bbox 2730 812 2785 856; x_wconf 91' lang='lat' dir='ltr'><strong>et</strong></span> <span class='ocrx_word' id='word_1_40' title='bbox 2808 802 3082 868; x_wconf 86' lang='lat' dir='ltr'><strong>Clemens,</strong></span> <span class='ocrx_word' id='word_1_41' title='bbox 3127 814 3182 858; x_wconf 87' lang='lat' dir='ltr'><strong>et</strong></span> <span class='ocrx_word' id='word_1_42' title='bbox 3209 801 3491 873; x_wconf 80' lang='lat' dir='ltr'><strong>Origenes.</strong></span> 
     </span>
    </p>
   </div>
   <div class='ocr_carea' id='block_1_8' title="bbox 1616 903 2253 1018">
    <p class='ocr_par' dir='ltr' id='par_1_8' title="bbox 1616 903 2253 1018">
     <span class='ocr_line' id='line_1_8' title="bbox 1616 903 2253 1018; baseline 0.005 -49"><span class='ocrx_word' id='word_1_43' title='bbox 1616 903 1787 981; x_wconf 74' lang='lat' dir='ltr'><strong>Idem,</strong></span> <span class='ocrx_word' id='word_1_44' title='bbox 1826 919 1981 987; x_wconf 85' lang='lat' dir='ltr'><strong>ibid.,</strong></span> <span class='ocrx_word' id='word_1_45' title='bbox 2004 936 2120 988; x_wconf 86' lang='lat' dir='ltr'><strong>cap.</strong></span> <span class='ocrx_word' id='word_1_46' title='bbox 2155 917 2253 1018; x_wconf 48' lang='grc' dir='ltr'><strong>ξιξ</strong></span> 
     </span>
    </p>
   </div>
   <div class='ocr_carea' id='block_1_9' title="bbox 380 1029 1886 1108">
    <p class='ocr_par' dir='ltr' id='par_1_9' title="bbox 380 1029 1886 1108">
     <span class='ocr_line' id='line_1_9' title="bbox 380 1029 1886 1108; baseline 0.003 -25"><span class='ocrx_word' id='word_1_47' title='bbox 380 1029 537 1085; x_wconf 80' lang='grc' dir='ltr'><strong>Κατὰ</strong></span> <span class='ocrx_word' id='word_1_48' title='bbox 572 1030 775 1089; x_wconf 74' lang='grc' dir='ltr'>τούτων</span> <span class='ocrx_word' id='word_1_49' title='bbox 825 1034 1129 1108; x_wconf 76' lang='grc' dir='ltr'>συγγράφει</span> <span class='ocrx_word' id='word_1_50' title='bbox 1160 1029 1443 1095; x_wconf 78' lang='grc' dir='ltr'>Μουσανὸς</span> <span class='ocrx_word' id='word_1_51' title='bbox 1486 1031 1587 1103; x_wconf 79' lang='grc' dir='ltr'><strong>τῆς</strong></span> <span class='ocrx_word' id='word_1_52' title='bbox 1634 1032 1886 1106; x_wconf 78' lang='grc' dir='ltr'>ἀληθείας</span> 
     </span>
    </p>
   </div>
   <div class='ocr_carea' id='block_1_10' title="bbox 317 1124 1465 1201">
    <p class='ocr_par' dir='ltr' id='par_1_10' title="bbox 317 1124 1465 1201">
     <span class='ocr_line' id='line_1_10' title="bbox 317 1124 1465 1201; baseline -0.002 -22"><span class='ocrx_word' id='word_1_53' title='bbox 317 1128 625 1199; x_wconf 78' lang='grc' dir='ltr'><strong>συνήγορος,</strong></span> <span class='ocrx_word' id='word_1_54' title='bbox 651 1131 743 1184; x_wconf 81' lang='grc' dir='ltr'><strong>καὶ</strong></span> <span class='ocrx_word' id='word_1_55' title='bbox 769 1130 1000 1201; x_wconf 85' lang='grc' dir='ltr'><strong>Κλήμης</strong></span> <span class='ocrx_word' id='word_1_56' title='bbox 1023 1130 1053 1180; x_wconf 85' lang='grc' dir='ltr'><strong>ό</strong></span> <span class='ocrx_word' id='word_1_57' title='bbox 1087 1124 1465 1198; x_wconf 85' lang='grc' dir='ltr'>Στρωματεύς.</span> 
     </span>
    </p>
   </div>
   <div class='ocr_carea' id='block_1_11' title="bbox 2062 1035 3559 1106">
    <p class='ocr_par' dir='ltr' id='par_1_11' title="bbox 2062 1035 3559 1106">
     <span class='ocr_line' id='line_1_11' title="bbox 2062 1035 3559 1106; baseline 0.003 -18"><span class='ocrx_word' id='word_1_58' title='bbox 2062 1035 2264 1089; x_wconf 90' lang='lat' dir='ltr'><strong>Contra</strong></span> <span class='ocrx_word' id='word_1_59' title='bbox 2296 1052 2435 1104; x_wconf 87' lang='lat' dir='ltr'><strong>quos</strong></span> <span class='ocrx_word' id='word_1_60' title='bbox 2475 1038 2664 1093; x_wconf 85' lang='lat' dir='ltr'><strong>scribit</strong></span> <span class='ocrx_word' id='word_1_61' title='bbox 2691 1036 2955 1091; x_wconf 72' lang='lat' dir='ltr'><strong>Musanus</strong></span> <span class='ocrx_word' id='word_1_62' title='bbox 3004 1036 3247 1091; x_wconf 73' lang='lat' dir='ltr'><strong>veritatis</strong></span> <span class='ocrx_word' id='word_1_63' title='bbox 3274 1047 3559 1106; x_wconf 79' lang='lat' dir='ltr'><strong>patronus,</strong></span> 
     </span>
    </p>
   </div>
   <div class='ocr_carea' id='block_1_12' title="bbox 1995 1125 2721 1184">
    <p class='ocr_par' dir='ltr' id='par_1_12' title="bbox 1995 1125 2721 1184">
     <span class='ocr_line' id='line_1_12' title="bbox 1995 1125 2721 1184; baseline 0.006 -4"><span class='ocrx_word' id='word_1_64' title='bbox 1995 1135 2048 1180; x_wconf 90' lang='lat' dir='ltr'><strong>et</strong></span> <span class='ocrx_word' id='word_1_65' title='bbox 2069 1126 2321 1181; x_wconf 84' lang='lat' dir='ltr'><strong>Clemens</strong></span> <span class='ocrx_word' id='word_1_66' title='bbox 2360 1125 2721 1184; x_wconf 75' lang='lat' dir='ltr'><strong>Stromateus.</strong></span> 
     </span>
    </p>
   </div>
   <div class='ocr_carea' id='block_1_13' title="bbox 1584 1234 2344 1305">
    <p class='ocr_par' dir='ltr' id='par_1_13' title="bbox 1584 1234 2344 1305">
     <span class='ocr_line' id='line_1_13' title="bbox 1584 1234 2344 1305; baseline -0.005 -9"><span class='ocrx_word' id='word_1_67' title='bbox 1584 1237 1757 1305; x_wconf 85' lang='lat' dir='ltr'><strong>Idem,</strong></span> <span class='ocrx_word' id='word_1_68' title='bbox 1782 1240 1937 1305; x_wconf 82' lang='lat' dir='ltr'><strong>ibid.,</strong></span> <span class='ocrx_word' id='word_1_69' title='bbox 1978 1240 2071 1293; x_wconf 89' lang='lat' dir='ltr'><strong>lib.</strong></span> <span class='ocrx_word' id='word_1_70' title='bbox 2106 1253 2189 1303; x_wconf 89' lang='grc' dir='ltr'>ιιι,</span> <span class='ocrx_word' id='word_1_71' title='bbox 2213 1254 2260 1291; x_wconf 83' lang='lat' dir='ltr'><strong>c.</strong></span> <span class='ocrx_word' id='word_1_72' title='bbox 2289 1234 2344 1294; x_wconf 78' lang='lat' dir='ltr'><strong>l.</strong></span> 
     </span>
    </p>
   </div>
   <div class='ocr_carea' id='block_1_14' title="bbox 385 1347 1883 1421">
    <p class='ocr_par' dir='ltr' id='par_1_14' title="bbox 385 1347 1883 1421">
     <span class='ocr_line' id='line_1_14' title="bbox 385 1347 1883 1421; baseline -0.003 -16"><span class='ocrx_word' id='word_1_73' title='bbox 385 1351 450 1405; x_wconf 85' lang='grc' dir='ltr'><em>Ἦ</em></span> <span class='ocrx_word' id='word_1_74' title='bbox 478 1350 811 1407; x_wconf 80' lang='grc' dir='ltr'><strong>Νικολαϊτῶν</strong></span> <span class='ocrx_word' id='word_1_75' title='bbox 858 1350 1087 1421; x_wconf 80' lang='grc' dir='ltr'>αἵρεσις,</span> <span class='ocrx_word' id='word_1_76' title='bbox 1123 1349 1184 1402; x_wconf 84' lang='grc' dir='ltr'>οὐ</span> <span class='ocrx_word' id='word_1_77' title='bbox 1228 1348 1384 1419; x_wconf 89' lang='grc' dir='ltr'>μόνον</span> <span class='ocrx_word' id='word_1_78' title='bbox 1417 1349 1476 1416; x_wconf 75' lang='grc' dir='ltr'>ἐξ</span> <span class='ocrx_word' id='word_1_79' title='bbox 1514 1350 1717 1414; x_wconf 83' lang='grc' dir='ltr'><strong>ἀνοίας,</strong></span> <span class='ocrx_word' id='word_1_80' title='bbox 1746 1347 1883 1403; x_wconf 78' lang='grc' dir='ltr'><strong>ἀλλὰ</strong></span> 
     </span>
    </p>
   </div>
   <div class='ocr_carea' id='block_1_15' title="bbox 2052 1347 3561 1414">
    <p class='ocr_par' dir='ltr' id='par_1_15' title="bbox 2052 1347 3561 1414">
     <span class='ocr_line' id='line_1_15' title="bbox 2052 1347 3561 1414; baseline 0 -13"><span class='ocrx_word' id='word_1_81' title='bbox 2052 1347 2440 1405; x_wconf 85' lang='lat' dir='ltr'><strong>Nicolaitarum</strong></span> <span class='ocrx_word' id='word_1_82' title='bbox 2485 1352 2709 1407; x_wconf 72' lang='lat' dir='ltr'><strong>haeresis</strong></span> <span class='ocrx_word' id='word_1_83' title='bbox 2742 1365 2851 1404; x_wconf 90' lang='lat' dir='ltr'><strong>non</strong></span> <span class='ocrx_word' id='word_1_84' title='bbox 2884 1349 3060 1404; x_wconf 90' lang='lat' dir='ltr'><strong>solum</strong></span> <span class='ocrx_word' id='word_1_85' title='bbox 3084 1364 3148 1402; x_wconf 75' lang='lat' dir='ltr'><strong>ex</strong></span> <span class='ocrx_word' id='word_1_86' title='bbox 3170 1348 3431 1414; x_wconf 89' lang='lat' dir='ltr'><strong>amentia,</strong></span> <span class='ocrx_word' id='word_1_87' title='bbox 3465 1362 3561 1401; x_wconf 75' lang='lat' dir='ltr'><strong>ve-</strong></span> 
     </span>
    </p>
   </div>
   <div class='ocr_carea' id='block_1_16' title="bbox 308 1441 2068 1516">
    <p class='ocr_par' dir='ltr' id='par_1_16' title="bbox 308 1441 2068 1516">
     <span class='ocr_line' id='line_1_16' title="bbox 308 1441 2068 1516; baseline -0.002 -18"><span class='ocrx_word' id='word_1_88' title='bbox 308 1445 396 1498; x_wconf 76' lang='grc' dir='ltr'>ιιαὶ</span> <span class='ocrx_word' id='word_1_89' title='bbox 432 1446 495 1511; x_wconf 80' lang='grc' dir='ltr'>ἐξ</span> <span class='ocrx_word' id='word_1_90' title='bbox 545 1444 839 1505; x_wconf 78' lang='grc' dir='ltr'><strong>ἀκολασίας</strong></span> <span class='ocrx_word' id='word_1_91' title='bbox 882 1441 1131 1512; x_wconf 76' lang='grc' dir='ltr'><strong>συνέστη.</strong></span> <span class='ocrx_word' id='word_1_92' title='bbox 1181 1442 1516 1516; x_wconf 77' lang='grc' dir='ltr'>Σαφέστερον</span> <span class='ocrx_word' id='word_1_93' title='bbox 1553 1446 1609 1499; x_wconf 82' lang='grc' dir='ltr'>δὲ</span> <span class='ocrx_word' id='word_1_94' title='bbox 1651 1444 1719 1497; x_wconf 86' lang='grc' dir='ltr'>τὰ</span> <span class='ocrx_word' id='word_1_95' title='bbox 1754 1442 1883 1513; x_wconf 79' lang='grc' dir='ltr'>περὶ</span> <span class='ocrx_word' id='word_1_96' title='bbox 1983 1460 2068 1497; x_wconf 80' lang='lat' dir='ltr'><strong>rut</strong></span> 
     </span>
    </p>
   </div>
   <div class='ocr_carea' id='block_1_17' title="bbox 1799 1441 3559 1516">
    <p class='ocr_par' dir='ltr' id='par_1_17' title="bbox 1799 1441 3559 1513">
     <span class='ocr_line' id='line_1_17' title="bbox 1799 1441 3559 1513; baseline -0.001 -17"><span class='ocrx_word' id='word_1_97' title='bbox 1799 1442 1883 1513; x_wconf 79' lang='grc' dir='ltr'>ερὶ</span> <span class='ocrx_word' id='word_1_98' title='bbox 1983 1458 2105 1497; x_wconf 88' lang='lat' dir='ltr'><strong>rum</strong></span> <span class='ocrx_word' id='word_1_99' title='bbox 2136 1442 2299 1496; x_wconf 87' lang='lat' dir='ltr'><strong>etiam</strong></span> <span class='ocrx_word' id='word_1_100' title='bbox 2340 1458 2402 1498; x_wconf 82' lang='lat' dir='ltr'><strong>ex</strong></span> <span class='ocrx_word' id='word_1_101' title='bbox 2452 1443 2873 1513; x_wconf 82' lang='lat' dir='ltr'><strong>intemperantia</strong></span> <span class='ocrx_word' id='word_1_102' title='bbox 2925 1443 3157 1497; x_wconf 85' lang='lat' dir='ltr'><strong>conﬂata</strong></span> <span class='ocrx_word' id='word_1_103' title='bbox 3200 1451 3302 1497; x_wconf 90' lang='lat' dir='ltr'><strong>est.</strong></span> <span class='ocrx_word' id='word_1_104' title='bbox 3336 1441 3411 1496; x_wconf 86' lang='lat' dir='ltr'><strong>De</strong></span> <span class='ocrx_word' id='word_1_105' title='bbox 3456 1441 3559 1495; x_wconf 89' lang='lat' dir='ltr'><strong>hac</strong></span> 
     </span>
    </p>
   </div>
   <div class='ocr_carea' id='block_1_18' title="bbox 303 1534 1120 1610">
    <p class='ocr_par' dir='ltr' id='par_1_18' title="bbox 303 1534 1120 1610">
     <span class='ocr_line' id='line_1_18' title="bbox 303 1534 1120 1610; baseline -0.002 -19"><span class='ocrx_word' id='word_1_106' title='bbox 303 1536 505 1610; x_wconf 80' lang='grc' dir='ltr'><strong>ταύτης</strong></span> <span class='ocrx_word' id='word_1_107' title='bbox 534 1542 562 1592; x_wconf 86' lang='grc' dir='ltr'><strong>ό</strong></span> <span class='ocrx_word' id='word_1_108' title='bbox 594 1538 825 1608; x_wconf 81' lang='grc' dir='ltr'><strong>Κλήμης</strong></span> <span class='ocrx_word' id='word_1_109' title='bbox 845 1534 1120 1601; x_wconf 74' lang='grc' dir='ltr'>ἐδίδαξεν..</span> 
     </span>
    </p>
   </div>
   <div class='ocr_carea' id='block_1_19' title="bbox 1986 1532 3126 1603">
    <p class='ocr_par' dir='ltr' id='par_1_19' title="bbox 1986 1532 3126 1603">
     <span class='ocr_line' id='line_1_19' title="bbox 1986 1532 3126 1603; baseline -0.005 -16"><span class='ocrx_word' id='word_1_110' title='bbox 1986 1542 2167 1587; x_wconf 91' lang='lat' dir='ltr'><strong>autem</strong></span> <span class='ocrx_word' id='word_1_111' title='bbox 2199 1533 2452 1588; x_wconf 86' lang='lat' dir='ltr'><strong>Clemens</strong></span> <span class='ocrx_word' id='word_1_112' title='bbox 2480 1533 2693 1603; x_wconf 82' lang='lat' dir='ltr'><strong>plenius</strong></span> <span class='ocrx_word' id='word_1_113' title='bbox 2715 1532 2995 1597; x_wconf 88' lang='lat' dir='ltr'><strong>disseruit,</strong></span> <span class='ocrx_word' id='word_1_114' title='bbox 3023 1540 3126 1585; x_wconf 91' lang='lat' dir='ltr'><strong>etc.</strong></span> 
     </span>
    </p>
   </div>
   <div class='ocr_carea' id='block_1_20' title="bbox 1664 1648 2183 1718">
    <p class='ocr_par' dir='ltr' id='par_1_20' title="bbox 1664 1648 2183 1718">
     <span class='ocr_line' id='line_1_20' title="bbox 1664 1648 2183 1718; baseline -0.013 -12"><span class='ocrx_word' id='word_1_115' title='bbox 1664 1651 1833 1716; x_wconf 82' lang='lat' dir='ltr'><strong>Ibid.,</strong></span> <span class='ocrx_word' id='word_1_116' title='bbox 1854 1648 2018 1718; x_wconf 87' lang='lat' dir='ltr'><strong>paulo</strong></span> <span class='ocrx_word' id='word_1_117' title='bbox 2045 1655 2183 1715; x_wconf 77' lang='lat' dir='ltr'><strong>post.</strong></span> 
     </span>
    </p>
   </div>
   <div class='ocr_carea' id='block_1_21' title="bbox 368 1755 1874 1838">
    <p class='ocr_par' dir='ltr' id='par_1_21' title="bbox 368 1755 1874 1838">
     <span class='ocr_line' id='line_1_21' title="bbox 368 1755 1874 1838; baseline 0.006 -30"><span class='ocrx_word' id='word_1_118' title='bbox 368 1755 527 1810; x_wconf 83' lang='grc' dir='ltr'><strong>Κατὰ</strong></span> <span class='ocrx_word' id='word_1_119' title='bbox 574 1760 778 1812; x_wconf 75' lang='grc' dir='ltr'><strong>τούτοιν</strong></span> <span class='ocrx_word' id='word_1_120' title='bbox 812 1761 905 1834; x_wconf 48' lang='grc' dir='ltr'><strong>καὶ</strong></span> <span class='ocrx_word' id='word_1_121' title='bbox 936 1760 966 1813; x_wconf 83' lang='grc' dir='ltr'><strong><em>ὁ</em></strong></span> <span class='ocrx_word' id='word_1_122' title='bbox 999 1763 1329 1837; x_wconf 78' lang='grc' dir='ltr'>προῤῥηθεὶς</span> <span class='ocrx_word' id='word_1_123' title='bbox 1372 1765 1677 1838; x_wconf 56' lang='grc' dir='ltr'>συνέγραψε</span> <span class='ocrx_word' id='word_1_124' title='bbox 1724 1764 1874 1835; x_wconf 68' lang='grc' dir='ltr'><strong>Κλήι</strong></span> 
     </span>
    </p>
   </div>
   <div class='ocr_carea' id='block_1_22' title="bbox 296 1849 1346 1928">
    <p class='ocr_par' dir='ltr' id='par_1_22' title="bbox 296 1849 1346 1928">
     <span class='ocr_line' id='line_1_22' title="bbox 296 1849 1346 1928; baseline 0.011 -30"><span class='ocrx_word' id='word_1_125' title='bbox 296 1862 425 1920; x_wconf 74' lang='grc' dir='ltr'>μης,</span> <span class='ocrx_word' id='word_1_126' title='bbox 461 1849 557 1901; x_wconf 77' lang='grc' dir='ltr'>καὶ</span> <span class='ocrx_word' id='word_1_127' title='bbox 586 1850 891 1921; x_wconf 80' lang='grc' dir='ltr'>Εξρηναίος,</span> <span class='ocrx_word' id='word_1_128' title='bbox 918 1853 1014 1906; x_wconf 73' lang='grc' dir='ltr'><strong>καὶ</strong></span> <span class='ocrx_word' id='word_1_129' title='bbox 1049 1855 1346 1928; x_wconf 85' lang='grc' dir='ltr'>Ὠριγένης.</span> 
     </span>
    </p>
   </div>
   <div class='ocr_carea' id='block_1_23' title="bbox 2050 1759 3558 1831">
    <p class='ocr_par' dir='ltr' id='par_1_23' title="bbox 2050 1759 3558 1831">
     <span class='ocr_line' id='line_1_23' title="bbox 2050 1759 3558 1831; baseline 0.001 -17"><span class='ocrx_word' id='word_1_130' title='bbox 2050 1762 2251 1816; x_wconf 89' lang='lat' dir='ltr'><strong>Contra</strong></span> <span class='ocrx_word' id='word_1_131' title='bbox 2291 1762 2392 1816; x_wconf 84' lang='lat' dir='ltr'><strong>hos</strong></span> <span class='ocrx_word' id='word_1_132' title='bbox 2446 1762 2667 1830; x_wconf 89' lang='lat' dir='ltr'><strong>scripsit</strong></span> <span class='ocrx_word' id='word_1_133' title='bbox 2698 1763 2987 1831; x_wconf 62' lang='lat' dir='ltr'><strong>praedictus</strong></span> <span class='ocrx_word' id='word_1_134' title='bbox 3038 1761 3312 1824; x_wconf 80' lang='lat' dir='ltr'><strong>Clemens,</strong></span> <span class='ocrx_word' id='word_1_135' title='bbox 3360 1770 3415 1816; x_wconf 90' lang='lat' dir='ltr'><strong>et</strong></span> <span class='ocrx_word' id='word_1_136' title='bbox 3446 1759 3558 1816; x_wconf 79' lang='lat' dir='ltr'><strong>lrc-</strong></span> 
     </span>
    </p>
   </div>
   <div class='ocr_carea' id='block_1_24' title="bbox 1980 1850 2545 1920">
    <p class='ocr_par' dir='ltr' id='par_1_24' title="bbox 1980 1850 2545 1920">
     <span class='ocr_line' id='line_1_24' title="bbox 1980 1850 2545 1920; baseline 0 -15"><span class='ocrx_word' id='word_1_137' title='bbox 1980 1867 2153 1915; x_wconf 63' lang='lat' dir='ltr'><strong>natus,</strong></span> <span class='ocrx_word' id='word_1_138' title='bbox 2180 1863 2235 1906; x_wconf 90' lang='lat' dir='ltr'><strong>et</strong></span> <span class='ocrx_word' id='word_1_139' title='bbox 2262 1850 2545 1920; x_wconf 75' lang='lat' dir='ltr'><strong>Origenes.</strong></span> 
     </span>
    </p>
   </div>
   <div class='ocr_carea' id='block_1_25' title="bbox 1423 1964 2540 2036">
    <p class='ocr_par' dir='ltr' id='par_1_25' title="bbox 1423 1964 2540 2036">
     <span class='ocr_line' id='line_1_25' title="bbox 1423 1964 2540 2036; baseline -0.005 -10"><span class='ocrx_word' id='word_1_140' title='bbox 1423 1969 1482 2026; x_wconf 89' lang='lat' dir='ltr'><strong>S.</strong></span> <span class='ocrx_word' id='word_1_141' title='bbox 1512 1969 1808 2035; x_wconf 72' lang='lat' dir='ltr'><strong>Maximus,</strong></span> <span class='ocrx_word' id='word_1_142' title='bbox 1834 1966 2107 2035; x_wconf 77' lang='lat' dir='ltr'><strong>Disputat.</strong></span> <span class='ocrx_word' id='word_1_143' title='bbox 2143 1982 2263 2021; x_wconf 86' lang='lat' dir='ltr'><strong>cum</strong></span> <span class='ocrx_word' id='word_1_144' title='bbox 2308 1964 2540 2036; x_wconf 79' lang='lat' dir='ltr'><strong>Pyrrho.</strong></span> 
     </span>
    </p>
   </div>
   <div class='ocr_carea' id='block_1_26' title="bbox 356 2074 1871 2156">
    <p class='ocr_par' dir='ltr' id='par_1_26' title="bbox 356 2074 1871 2156">
     <span class='ocr_line' id='line_1_26' title="bbox 356 2074 1871 2156; baseline 0.003 -27"><span class='ocrx_word' id='word_1_145' title='bbox 356 2076 563 2130; x_wconf 75' lang='grc' dir='ltr'>Κανόνι</span> <span class='ocrx_word' id='word_1_146' title='bbox 587 2078 868 2149; x_wconf 84' lang='grc' dir='ltr'>χρώμενος</span> <span class='ocrx_word' id='word_1_147' title='bbox 889 2074 1205 2153; x_wconf 68' lang='grc' dir='ltr'>πρὸξτοῦτο</span> <span class='ocrx_word' id='word_1_148' title='bbox 1228 2084 1307 2156; x_wconf 79' lang='grc' dir='ltr'><strong>τῷ</strong></span> <span class='ocrx_word' id='word_1_149' title='bbox 1328 2084 1442 2138; x_wconf 76' lang='grc' dir='ltr'>ὄντι</span> <span class='ocrx_word' id='word_1_150' title='bbox 1468 2084 1745 2154; x_wconf 80' lang='grc' dir='ltr'>Φιλοσόφῳ</span> <span class='ocrx_word' id='word_1_151' title='bbox 1761 2081 1871 2134; x_wconf 87' lang='grc' dir='ltr'><strong>τῶν</strong></span> 
     </span>
    </p>
   </div>
   <div class='ocr_carea' id='block_1_27' title="bbox 286 2168 1869 2248">
    <p class='ocr_par' dir='ltr' id='par_1_27' title="bbox 286 2168 1869 2248">
     <span class='ocr_line' id='line_1_27' title="bbox 286 2168 1869 2248; baseline 0 -23"><span class='ocrx_word' id='word_1_152' title='bbox 286 2168 595 2239; x_wconf 73' lang='grc' dir='ltr'>φιλοσόφων</span> <span class='ocrx_word' id='word_1_153' title='bbox 624 2171 920 2243; x_wconf 88' lang='grc' dir='ltr'>Κλήμεντι,</span> <span class='ocrx_word' id='word_1_154' title='bbox 951 2177 1009 2228; x_wconf 81' lang='grc' dir='ltr'>ὲν</span> <span class='ocrx_word' id='word_1_155' title='bbox 1050 2175 1129 2247; x_wconf 81' lang='grc' dir='ltr'>τῷ</span> <span class='ocrx_word' id='word_1_156' title='bbox 1162 2178 1304 2248; x_wconf 73' lang='grc' dir='ltr'><strong>ἕκτῳ</strong></span> <span class='ocrx_word' id='word_1_157' title='bbox 1335 2177 1444 2231; x_wconf 90' lang='grc' dir='ltr'><strong>τῶν</strong></span> <span class='ocrx_word' id='word_1_158' title='bbox 1476 2173 1869 2244; x_wconf 81' lang='grc' dir='ltr'>Στρωματέων</span> 
     </span>
    </p>
   </div>
   <div class='ocr_carea' id='block_1_28' title="bbox 285 2260 1870 2338">
    <p class='ocr_par' dir='ltr' id='par_1_28' title="bbox 285 2260 1870 2338">
     <span class='ocr_line' id='line_1_28' title="bbox 285 2260 1870 2338; baseline -0.004 -15"><span class='ocrx_word' id='word_1_159' title='bbox 285 2260 448 2331; x_wconf 73' lang='grc' dir='ltr'>λόγῳ,</span> <span class='ocrx_word' id='word_1_160' title='bbox 480 2262 579 2333; x_wconf 83' lang='grc' dir='ltr'><strong>τὴν</strong></span> <span class='ocrx_word' id='word_1_161' title='bbox 607 2264 705 2333; x_wconf 86' lang='grc' dir='ltr'><strong>μὲν</strong></span> <span class='ocrx_word' id='word_1_162' title='bbox 749 2263 1000 2333; x_wconf 78' lang='grc' dir='ltr'><strong>θέλησιν</strong></span> <span class='ocrx_word' id='word_1_163' title='bbox 1030 2268 1154 2322; x_wconf 84' lang='grc' dir='ltr'>νοῦν</span> <span class='ocrx_word' id='word_1_164' title='bbox 1184 2265 1321 2323; x_wconf 75' lang='grc' dir='ltr'>εἶναι</span> <span class='ocrx_word' id='word_1_165' title='bbox 1369 2267 1647 2338; x_wconf 76' lang='grc' dir='ltr'>ὀρεκτικὸν</span> <span class='ocrx_word' id='word_1_166' title='bbox 1686 2267 1870 2336; x_wconf 82' lang='grc' dir='ltr'>ὁρισα-</span> 
     </span>
    </p>
   </div>
   <div class='ocr_carea' id='block_1_29' title="bbox 284 2352 1869 2431">
    <p class='ocr_par' dir='ltr' id='par_1_29' title="bbox 284 2352 1869 2431">
     <span class='ocr_line' id='line_1_29' title="bbox 284 2352 1869 2431; baseline 0.001 -25"><span class='ocrx_word' id='word_1_167' title='bbox 284 2352 465 2424; x_wconf 83' lang='grc' dir='ltr'>μένῳ·</span> <span class='ocrx_word' id='word_1_168' title='bbox 500 2353 599 2425; x_wconf 81' lang='grc' dir='ltr'><strong>τὴν</strong></span> <span class='ocrx_word' id='word_1_169' title='bbox 622 2354 679 2407; x_wconf 75' lang='grc' dir='ltr'>δὲ</span> <span class='ocrx_word' id='word_1_170' title='bbox 706 2356 1034 2425; x_wconf 73' lang='grc' dir='ltr'>βούλησιν,</span> <span class='ocrx_word' id='word_1_171' title='bbox 1075 2359 1292 2429; x_wconf 72' lang='grc' dir='ltr'>εὔλογον</span> <span class='ocrx_word' id='word_1_172' title='bbox 1323 2357 1504 2431; x_wconf 72' lang='grc' dir='ltr'>ὄρεξιν</span> <span class='ocrx_word' id='word_1_173' title='bbox 1538 2359 1573 2428; x_wconf 79' lang='grc' dir='ltr'>ἢ</span> <span class='ocrx_word' id='word_1_174' title='bbox 1608 2357 1707 2427; x_wconf 81' lang='grc' dir='ltr'>τὴν</span> <span class='ocrx_word' id='word_1_175' title='bbox 1741 2355 1869 2426; x_wconf 79' lang='grc' dir='ltr'>περὶ</span> 
     </span>
    </p>
   </div>
   <div class='ocr_carea' id='block_1_30' title="bbox 280 2444 700 2519">
    <p class='ocr_par' dir='ltr' id='par_1_30' title="bbox 280 2444 700 2519">
     <span class='ocr_line' id='line_1_30' title="bbox 280 2444 700 2519; baseline 0.01 -22"><span class='ocrx_word' id='word_1_176' title='bbox 280 2444 432 2510; x_wconf 77' lang='grc' dir='ltr'>τινὸς</span> <span class='ocrx_word' id='word_1_177' title='bbox 463 2445 700 2519; x_wconf 83' lang='grc' dir='ltr'><strong>θέλησιν.</strong></span> 
     </span>
    </p>
   </div>
   <div class='ocr_carea' id='block_1_31' title="bbox 2049 2076 3555 2150">
    <p class='ocr_par' dir='ltr' id='par_1_31' title="bbox 2049 2076 3555 2150">
     <span class='ocr_line' id='line_1_31' title="bbox 2049 2076 3555 2150; baseline -0.003 -14"><span class='ocrx_word' id='word_1_178' title='bbox 2049 2082 2108 2136; x_wconf 87' lang='lat' dir='ltr'><strong>In</strong></span> <span class='ocrx_word' id='word_1_179' title='bbox 2147 2082 2253 2136; x_wconf 89' lang='lat' dir='ltr'><strong>hoc</strong></span> <span class='ocrx_word' id='word_1_180' title='bbox 2276 2096 2378 2150; x_wconf 89' lang='lat' dir='ltr'><strong>pro</strong></span> <span class='ocrx_word' id='word_1_181' title='bbox 2406 2080 2594 2150; x_wconf 79' lang='lat' dir='ltr'><strong>regula</strong></span> <span class='ocrx_word' id='word_1_182' title='bbox 2636 2091 2771 2135; x_wconf 90' lang='lat' dir='ltr'><strong>usus</strong></span> <span class='ocrx_word' id='word_1_183' title='bbox 2799 2077 3180 2150; x_wconf 82' lang='lat' dir='ltr'><strong>(Athanasius)</strong></span> <span class='ocrx_word' id='word_1_184' title='bbox 3210 2092 3336 2131; x_wconf 81' lang='lat' dir='ltr'><strong>vere</strong></span> <span class='ocrx_word' id='word_1_185' title='bbox 3368 2076 3555 2133; x_wconf 77' lang='lat' dir='ltr'><strong>Philo-.-</strong></span> 
     </span>
    </p>
   </div>
   <div class='ocr_carea' id='block_1_32' title="bbox 1977 2167 3553 2246">
    <p class='ocr_par' dir='ltr' id='par_1_32' title="bbox 1977 2167 3553 2246">
     <span class='ocr_line' id='line_1_32' title="bbox 1977 2167 3553 2246; baseline -0.006 -15"><span class='ocrx_word' id='word_1_186' title='bbox 1977 2176 2152 2246; x_wconf 88' lang='lat' dir='ltr'><strong>sopho</strong></span> <span class='ocrx_word' id='word_1_187' title='bbox 2175 2173 2627 2244; x_wconf 87' lang='lat' dir='ltr'><strong>philosophorum</strong></span> <span class='ocrx_word' id='word_1_188' title='bbox 2653 2171 2932 2226; x_wconf 85' lang='lat' dir='ltr'><strong>Clemente</strong></span> <span class='ocrx_word' id='word_1_189' title='bbox 2957 2172 3012 2224; x_wconf 93' lang='lat' dir='ltr'><strong>in</strong></span> <span class='ocrx_word' id='word_1_190' title='bbox 3042 2186 3096 2224; x_wconf 79' lang='grc' dir='ltr'>νι</span> <span class='ocrx_word' id='word_1_191' title='bbox 3148 2169 3289 2224; x_wconf 87' lang='lat' dir='ltr'><strong>libro</strong></span> <span class='ocrx_word' id='word_1_192' title='bbox 3310 2167 3553 2224; x_wconf 82' lang='lat' dir='ltr'><strong>Stroma-</strong></span> 
     </span>
    </p>
   </div>
   <div class='ocr_carea' id='block_1_33' title="bbox 1977 2260 3553 2334">
    <p class='ocr_par' dir='ltr' id='par_1_33' title="bbox 1977 2260 3553 2334">
     <span class='ocr_line' id='line_1_33' title="bbox 1977 2260 3553 2334; baseline -0.003 -14"><span class='ocrx_word' id='word_1_193' title='bbox 1977 2278 2121 2329; x_wconf 85' lang='lat' dir='ltr'><strong>tum;</strong></span> <span class='ocrx_word' id='word_1_194' title='bbox 2166 2263 2259 2334; x_wconf 88' lang='lat' dir='ltr'><strong>qui</strong></span> <span class='ocrx_word' id='word_1_195' title='bbox 2307 2261 2557 2327; x_wconf 77' lang='grc' dir='ltr'><strong>θέλησιν</strong></span> <span class='ocrx_word' id='word_1_196' title='bbox 2604 2262 2707 2330; x_wconf 89' lang='lat' dir='ltr'><strong>(id</strong></span> <span class='ocrx_word' id='word_1_197' title='bbox 2760 2272 2844 2318; x_wconf 87' lang='lat' dir='ltr'><strong>est</strong></span> <span class='ocrx_word' id='word_1_198' title='bbox 2897 2260 3239 2331; x_wconf 79' lang='lat' dir='ltr'><strong>voluntatem)</strong></span> <span class='ocrx_word' id='word_1_199' title='bbox 3310 2261 3553 2316; x_wconf 70' lang='lat' dir='ltr'><strong>deﬁnivit</strong></span> 
     </span>
    </p>
   </div>
   <div class='ocr_carea' id='block_1_34' title="bbox 1975 2351 3552 2421">
    <p class='ocr_par' dir='ltr' id='par_1_34' title="bbox 1975 2351 3552 2421">
     <span class='ocr_line' id='line_1_34' title="bbox 1975 2351 3552 2421; baseline -0.004 -12"><span class='ocrx_word' id='word_1_200' title='bbox 1975 2366 2194 2409; x_wconf 79' lang='lat' dir='ltr'><strong>mentem</strong></span> <span class='ocrx_word' id='word_1_201' title='bbox 2214 2361 2563 2421; x_wconf 83' lang='lat' dir='ltr'><strong>appetentem,</strong></span> <span class='ocrx_word' id='word_1_202' title='bbox 2594 2361 2647 2405; x_wconf 88' lang='lat' dir='ltr'><strong>et</strong></span> <span class='ocrx_word' id='word_1_203' title='bbox 2665 2352 2978 2419; x_wconf 73' lang='grc' dir='ltr'>βούλησιν</span> <span class='ocrx_word' id='word_1_204' title='bbox 3006 2352 3075 2420; x_wconf 88' lang='lat' dir='ltr'><strong>(ei</strong></span> <span class='ocrx_word' id='word_1_205' title='bbox 3095 2351 3307 2403; x_wconf 89' lang='lat' dir='ltr'><strong>aﬁinem</strong></span> <span class='ocrx_word' id='word_1_206' title='bbox 3335 2353 3552 2421; x_wconf 74' lang='lat' dir='ltr'><strong>vocem)</strong></span> 
     </span>
    </p>
   </div>
   <div class='ocr_carea' id='block_1_35' title="bbox 1976 2442 2947 2514">
    <p class='ocr_par' dir='ltr' id='par_1_35' title="bbox 1976 2442 2947 2514">
     <span class='ocr_line' id='line_1_35' title="bbox 1976 2442 2947 2514; baseline -0.006 -16"><span class='ocrx_word' id='word_1_207' title='bbox 1976 2445 2267 2514; x_wconf 85' lang='lat' dir='ltr'><strong>appetitum</strong></span> <span class='ocrx_word' id='word_1_208' title='bbox 2305 2442 2505 2493; x_wconf 87' lang='lat' dir='ltr'><strong>rationi</strong></span> <span class='ocrx_word' id='word_1_209' title='bbox 2526 2449 2947 2493; x_wconf 74' lang='lat' dir='ltr'><strong>consentaneum.</strong></span> 
     </span>
    </p>
   </div>
   <div class='ocr_carea' id='block_1_36' title="bbox 1126 2550 2695 2627">
    <p class='ocr_par' dir='ltr' id='par_1_36' title="bbox 1126 2550 2695 2627">
     <span class='ocr_line' id='line_1_36' title="bbox 1126 2550 2695 2627; baseline -0.01 -7"><span class='ocrx_word' id='word_1_210' title='bbox 1126 2564 1290 2620; x_wconf 78' lang='lat' dir='ltr'><strong>Joan.</strong></span> <span class='ocrx_word' id='word_1_211' title='bbox 1324 2564 1707 2627; x_wconf 78' lang='lat' dir='ltr'><strong>Damascenus,</strong></span> <span class='ocrx_word' id='word_1_212' title='bbox 1747 2561 1825 2615; x_wconf 83' lang='lat' dir='ltr'><strong>De</strong></span> <span class='ocrx_word' id='word_1_213' title='bbox 1849 2559 2053 2612; x_wconf 74' lang='lat' dir='ltr'><strong>duabus</strong></span> <span class='ocrx_word' id='word_1_214' title='bbox 2084 2553 2285 2609; x_wconf 76' lang='lat' dir='ltr'><strong>Christi</strong></span> <span class='ocrx_word' id='word_1_215' title='bbox 2319 2550 2695 2606; x_wconf 72' lang='lat' dir='ltr'><strong>voluntatibus.</strong></span> 
     </span>
    </p>
   </div>
   <div class='ocr_carea' id='block_1_37' title="bbox 346 2664 2106 2754">
    <p class='ocr_par' dir='ltr' id='par_1_37' title="bbox 346 2665 2106 2754">
     <span class='ocr_line' id='line_1_37' title="bbox 346 2665 2106 2754; baseline -0.002 -19"><span class='ocrx_word' id='word_1_216' title='bbox 346 2680 579 2753; x_wconf 86' lang='grc' dir='ltr'>Θέλησις</span> <span class='ocrx_word' id='word_1_217' title='bbox 598 2681 775 2737; x_wconf 79' lang='grc' dir='ltr'>τοίνυν</span> <span class='ocrx_word' id='word_1_218' title='bbox 806 2683 975 2749; x_wconf 69' lang='grc' dir='ltr'>ἐστὶν,</span> <span class='ocrx_word' id='word_1_219' title='bbox 1004 2683 1146 2737; x_wconf 78' lang='grc' dir='ltr'>κατὰ</span> <span class='ocrx_word' id='word_1_220' title='bbox 1160 2684 1251 2736; x_wconf 84' lang='grc' dir='ltr'>τὸν</span> <span class='ocrx_word' id='word_1_221' title='bbox 1275 2681 1542 2754; x_wconf 88' lang='grc' dir='ltr'>μακάριον</span> <span class='ocrx_word' id='word_1_222' title='bbox 1557 2680 1675 2751; x_wconf 87' lang='grc' dir='ltr'><strong>Κλή</strong></span> <span class='ocrx_word' id='word_1_223' title='bbox 1686 2695 1871 2749; x_wconf 87' lang='grc' dir='ltr'>μεντα,</span> <span class='ocrx_word' id='word_1_224' title='bbox 2057 2665 2106 2722; x_wconf 65' lang='grc' dir='ltr'><strong>νε</strong></span> 
     </span>
    </p>
   </div>
   <div class='ocr_carea' id='block_1_38' title="bbox 1789 2664 3549 2754">
    <p class='ocr_par' dir='ltr' id='par_1_38' title="bbox 1789 2664 3549 2741">
     <span class='ocr_line' id='line_1_38' title="bbox 1789 2664 3549 2741; baseline -0.002 -17"><span class='ocrx_word' id='word_1_225' title='bbox 1789 2695 1871 2741; x_wconf 78' lang='grc' dir='ltr'><strong>τα,</strong></span> <span class='ocrx_word' id='word_1_226' title='bbox 2057 2665 2316 2724; x_wconf 83' lang='lat' dir='ltr'><strong>Voluntas</strong></span> <span class='ocrx_word' id='word_1_227' title='bbox 2346 2679 2560 2733; x_wconf 85' lang='lat' dir='ltr'><strong>autem,</strong></span> <span class='ocrx_word' id='word_1_228' title='bbox 2615 2666 2759 2721; x_wconf 81' lang='lat' dir='ltr'><strong>beati</strong></span> <span class='ocrx_word' id='word_1_229' title='bbox 2798 2665 3094 2721; x_wconf 87' lang='lat' dir='ltr'><strong>Clementis</strong></span> <span class='ocrx_word' id='word_1_230' title='bbox 3126 2664 3428 2731; x_wconf 84' lang='lat' dir='ltr'><strong>sententia,</strong></span> <span class='ocrx_word' id='word_1_231' title='bbox 3467 2676 3549 2720; x_wconf 84' lang='lat' dir='ltr'><strong>est</strong></span> 
     </span>
    </p>
   </div>
   <div class='ocr_carea' id='block_1_39' title="bbox 273 2759 2033 2860">
    <p class='ocr_par' dir='ltr' id='par_1_39' title="bbox 273 2763 2033 2860">
     <span class='ocr_line' id='line_1_39' title="bbox 273 2763 2033 2860; baseline -0.019 -13"><span class='ocrx_word' id='word_1_232' title='bbox 273 2770 533 2843; x_wconf 73' lang='grc' dir='ltr'>δύναμις</span> <span class='ocrx_word' id='word_1_233' title='bbox 574 2774 682 2828; x_wconf 79' lang='grc' dir='ltr'><strong>τοῦ</strong></span> <span class='ocrx_word' id='word_1_234' title='bbox 730 2775 945 2842; x_wconf 63' lang='grc' dir='ltr'>κινοίως</span> <span class='ocrx_word' id='word_1_235' title='bbox 995 2774 1167 2840; x_wconf 73' lang='grc' dir='ltr'>ὄντος</span> <span class='ocrx_word' id='word_1_236' title='bbox 1222 2772 1521 2842; x_wconf 77' lang='grc' dir='ltr'><strong>ὁρεκτική·</strong></span> <span class='ocrx_word' id='word_1_237' title='bbox 1565 2771 1659 2825; x_wconf 79' lang='grc' dir='ltr'><strong>καὶ</strong></span> <span class='ocrx_word' id='word_1_238' title='bbox 1690 2768 1870 2860; x_wconf 86' lang='grc' dir='ltr'>πάλιν,</span> <span class='ocrx_word' id='word_1_239' title='bbox 1975 2763 2033 2833; x_wconf 65' lang='lat' dir='ltr'><strong>ej;</strong></span> 
     </span>
    </p>
   </div>
   <div class='ocr_carea' id='block_1_40' title="bbox 1786 2759 3546 2860">
    <p class='ocr_par' dir='ltr' id='par_1_40' title="bbox 1786 2759 3546 2833">
     <span class='ocr_line' id='line_1_40' title="bbox 1786 2759 3546 2833; baseline -0.006 -12"><span class='ocrx_word' id='word_1_240' title='bbox 1786 2787 1870 2833; x_wconf 72' lang='lat' dir='ltr'><strong>uv,</strong></span> <span class='ocrx_word' id='word_1_241' title='bbox 1975 2763 2124 2833; x_wconf 78' lang='lat' dir='ltr'><strong>ejus,</strong></span> <span class='ocrx_word' id='word_1_242' title='bbox 2155 2760 2295 2832; x_wconf 83' lang='lat' dir='ltr'><strong>quod</strong></span> <span class='ocrx_word' id='word_1_243' title='bbox 2313 2760 2524 2830; x_wconf 79' lang='lat' dir='ltr'><strong>proprie</strong></span> <span class='ocrx_word' id='word_1_244' title='bbox 2567 2768 2667 2824; x_wconf 78' lang='lat' dir='ltr'><strong>est,</strong></span> <span class='ocrx_word' id='word_1_245' title='bbox 2716 2759 3014 2828; x_wconf 81' lang='lat' dir='ltr'><strong>appetitio;</strong></span> <span class='ocrx_word' id='word_1_246' title='bbox 3058 2773 3271 2819; x_wconf 90' lang='lat' dir='ltr'><strong>rursus,</strong></span> <span class='ocrx_word' id='word_1_247' title='bbox 3303 2759 3546 2811; x_wconf 70' lang='lat' dir='ltr'><strong>voluntas</strong></span> 
     </span>
    </p>
   </div>
   <div class='ocr_carea' id='block_1_41' title="bbox 274 2848 2034 2932">
    <p class='ocr_par' dir='ltr' id='par_1_41' title="bbox 274 2859 2034 2932">
     <span class='ocr_line' id='line_1_41' title="bbox 274 2859 2034 2932; baseline -0.001 -19"><span class='ocrx_word' id='word_1_248' title='bbox 274 2861 477 2930; x_wconf 78' lang='grc' dir='ltr'>ὄρεξις</span> <span class='ocrx_word' id='word_1_249' title='bbox 517 2862 592 2930; x_wconf 77' lang='grc' dir='ltr'><strong>τῇ</strong></span> <span class='ocrx_word' id='word_1_250' title='bbox 642 2864 749 2916; x_wconf 89' lang='grc' dir='ltr'><strong>τοῦ</strong></span> <span class='ocrx_word' id='word_1_251' title='bbox 794 2863 1042 2932; x_wconf 74' lang='grc' dir='ltr'><strong>λογικοῦ</strong></span> <span class='ocrx_word' id='word_1_252' title='bbox 1091 2865 1272 2931; x_wconf 70' lang='grc' dir='ltr'>φύσει</span> <span class='ocrx_word' id='word_1_253' title='bbox 1317 2861 1733 2929; x_wconf 67' lang='grc' dir='ltr'><strong>κατάλληλος·</strong></span> <span class='ocrx_word' id='word_1_254' title='bbox 1778 2859 1873 2913; x_wconf 79' lang='grc' dir='ltr'><strong>καὶ</strong></span> <span class='ocrx_word' id='word_1_255' title='bbox 1976 2869 2034 2921; x_wconf 66' lang='lat' dir='ltr'><strong>ar</strong></span> 
     </span>
    </p>
   </div>
   <div class='ocr_carea' id='block_1_42' title="bbox 1782 2848 3542 2932">
    <p class='ocr_par' dir='ltr' id='par_1_42' title="bbox 1782 2848 3542 2921">
     <span class='ocr_line' id='line_1_42' title="bbox 1782 2848 3542 2921; baseline -0.006 -8"><span class='ocrx_word' id='word_1_256' title='bbox 1782 2859 1873 2913; x_wconf 79' lang='grc' dir='ltr'><strong>καὶ</strong></span> <span class='ocrx_word' id='word_1_257' title='bbox 1976 2851 2230 2921; x_wconf 82' lang='lat' dir='ltr'><strong>appetitio</strong></span> <span class='ocrx_word' id='word_1_258' title='bbox 2250 2858 2326 2903; x_wconf 78' lang='lat' dir='ltr'><strong>est</strong></span> <span class='ocrx_word' id='word_1_259' title='bbox 2348 2848 2461 2911; x_wconf 79' lang='lat' dir='ltr'><strong>eius</strong></span> <span class='ocrx_word' id='word_1_260' title='bbox 2492 2851 2630 2919; x_wconf 87' lang='lat' dir='ltr'><strong>quod</strong></span> <span class='ocrx_word' id='word_1_261' title='bbox 2654 2851 2859 2904; x_wconf 86' lang='lat' dir='ltr'><strong>ratione</strong></span> <span class='ocrx_word' id='word_1_262' title='bbox 2880 2852 3070 2914; x_wconf 81' lang='lat' dir='ltr'><strong>utitur,</strong></span> <span class='ocrx_word' id='word_1_263' title='bbox 3095 2860 3303 2903; x_wconf 79' lang='lat' dir='ltr'><strong>natura:</strong></span> <span class='ocrx_word' id='word_1_264' title='bbox 3326 2865 3542 2903; x_wconf 66' lang='lat' dir='ltr'><strong>consen-</strong></span> 
     </span>
    </p>
   </div>
   <div class='ocr_carea' id='block_1_43' title="bbox 273 2941 2033 3025">
    <p class='ocr_par' dir='ltr' id='par_1_43' title="bbox 273 2952 2028 3025">
     <span class='ocr_line' id='line_1_43' title="bbox 273 2952 2028 3025; baseline -0.001 -18"><span class='ocrx_word' id='word_1_265' title='bbox 273 2955 441 3008; x_wconf 68' lang='grc' dir='ltr'>πάλιν</span> <span class='ocrx_word' id='word_1_266' title='bbox 459 2996 474 3019; x_wconf 89' lang='grc'><strong>,</strong></span> <span class='ocrx_word' id='word_1_267' title='bbox 499 2954 932 3025; x_wconf 79' lang='grc' dir='ltr'><strong>αὐτοκράτορος</strong></span> <span class='ocrx_word' id='word_1_268' title='bbox 956 2956 1069 3009; x_wconf 82' lang='grc' dir='ltr'><strong>νοῦ</strong></span> <span class='ocrx_word' id='word_1_269' title='bbox 1091 2956 1330 3021; x_wconf 76' lang='grc' dir='ltr'>κίνησις</span> <span class='ocrx_word' id='word_1_270' title='bbox 1358 2952 1772 3018; x_wconf 77' lang='grc' dir='ltr'><strong>αὐτεξούσιος.</strong></span> <span class='ocrx_word' id='word_1_271' title='bbox 1898 2960 1939 3017; x_wconf 81' lang='lat' dir='ltr'><strong>C</strong></span> <span class='ocrx_word' id='word_1_272' title='bbox 1974 2953 2028 2998; x_wconf 73' lang='grc' dir='ltr'>ια</span> 
     </span>
    </p>
   </div>
   <div class='ocr_carea' id='block_1_44' title="bbox 1708 2941 3468 3025">
    <p class='ocr_par' dir='ltr' id='par_1_44' title="bbox 1708 2941 3468 3017">
     <span class='ocr_line' id='line_1_44' title="bbox 1708 2941 3468 3017; baseline -0.002 -18"><span class='ocrx_word' id='word_1_273' title='bbox 1708 2968 1772 3017; x_wconf 73' lang='grc' dir='ltr'><strong>ις.</strong></span> <span class='ocrx_word' id='word_1_274' title='bbox 1898 2960 1939 3017; x_wconf 75' lang='grc' dir='ltr'>ο</span> <span class='ocrx_word' id='word_1_275' title='bbox 1974 2953 2160 3008; x_wconf 89' lang='lat' dir='ltr'><strong>tanea;</strong></span> <span class='ocrx_word' id='word_1_276' title='bbox 2187 2943 2456 3012; x_wconf 87' lang='lat' dir='ltr'><strong>itemque,</strong></span> <span class='ocrx_word' id='word_1_277' title='bbox 2494 2944 2683 2995; x_wconf 74' lang='lat' dir='ltr'><strong>mentis</strong></span> <span class='ocrx_word' id='word_1_278' title='bbox 2724 2943 3078 3012; x_wconf 73' lang='lat' dir='ltr'><strong>imperatricis</strong></span> <span class='ocrx_word' id='word_1_279' title='bbox 3108 2941 3242 2995; x_wconf 85' lang='lat' dir='ltr'><strong>liber</strong></span> <span class='ocrx_word' id='word_1_280' title='bbox 3274 2955 3468 2996; x_wconf 72' lang='lat' dir='ltr'><strong>motus.</strong></span> 
     </span>
    </p>
   </div>
   <div class='ocr_carea' id='block_1_45' title="bbox 1441 3055 2376 3129">
    <p class='ocr_par' dir='ltr' id='par_1_45' title="bbox 1441 3055 2376 3129">
     <span class='ocr_line' id='line_1_45' title="bbox 1441 3055 2376 3129; baseline -0.007 -14"><span class='ocrx_word' id='word_1_281' title='bbox 1441 3061 1613 3122; x_wconf 85' lang='lat' dir='ltr'><strong>Idem,</strong></span> <span class='ocrx_word' id='word_1_282' title='bbox 1644 3061 1719 3114; x_wconf 88' lang='lat' dir='ltr'><strong>De</strong></span> <span class='ocrx_word' id='word_1_283' title='bbox 1746 3056 2070 3129; x_wconf 75' lang='lat' dir='ltr'><strong>imaginibus</strong></span> <span class='ocrx_word' id='word_1_284' title='bbox 2092 3095 2108 3121; x_wconf 94' lang='lat'><strong>,</strong></span> <span class='ocrx_word' id='word_1_285' title='bbox 2141 3063 2283 3110; x_wconf 86' lang='lat' dir='ltr'><strong>orat.</strong></span> <span class='ocrx_word' id='word_1_286' title='bbox 2320 3055 2376 3109; x_wconf 77' lang='lat'><strong>&#39;5.</strong></span> 
     </span>
    </p>
   </div>
   <div class='ocr_carea' id='block_1_46' title="bbox 344 3168 2104 3249">
    <p class='ocr_par' dir='ltr' id='par_1_46' title="bbox 344 3170 2104 3249">
     <span class='ocr_line' id='line_1_46' title="bbox 344 3170 2104 3249; baseline -0.002 -22"><span class='ocrx_word' id='word_1_287' title='bbox 344 3174 455 3229; x_wconf 87' lang='grc' dir='ltr'>Τοῦ</span> <span class='ocrx_word' id='word_1_288' title='bbox 490 3175 847 3246; x_wconf 82' lang='grc' dir='ltr'><strong>ἀρχαιοτάτου</strong></span> <span class='ocrx_word' id='word_1_289' title='bbox 888 3177 1203 3247; x_wconf 82' lang='grc' dir='ltr'><strong>Κλήμεντος</strong></span> <span class='ocrx_word' id='word_1_290' title='bbox 1245 3176 1382 3249; x_wconf 83' lang='grc' dir='ltr'>πρὸς</span> <span class='ocrx_word' id='word_1_291' title='bbox 1413 3174 1757 3245; x_wconf 79' lang='grc' dir='ltr'>Ἀλέξανδρον</span> <span class='ocrx_word' id='word_1_292' title='bbox 1800 3173 1865 3225; x_wconf 80' lang='grc' dir='ltr'>ἐκ</span> <span class='ocrx_word' id='word_1_293' title='bbox 2035 3170 2104 3224; x_wconf 83' lang='grc' dir='ltr'><strong>Αι</strong></span> 
     </span>
    </p>
   </div>
   <div class='ocr_carea' id='block_1_47' title="bbox 1780 3168 3540 3249">
    <p class='ocr_par' dir='ltr' id='par_1_47' title="bbox 1800 3168 3540 3239">
     <span class='ocr_line' id='line_1_47' title="bbox 1800 3168 3540 3239; baseline 0.002 -15"><span class='ocrx_word' id='word_1_294' title='bbox 1800 3173 1865 3225; x_wconf 82' lang='grc' dir='ltr'>ὲκ</span> <span class='ocrx_word' id='word_1_295' title='bbox 2035 3170 2417 3239; x_wconf 84' lang='lat' dir='ltr'><strong>Antiquissimi</strong></span> <span class='ocrx_word' id='word_1_296' title='bbox 2462 3168 2757 3226; x_wconf 88' lang='lat' dir='ltr'><strong>Clementis</strong></span> <span class='ocrx_word' id='word_1_297' title='bbox 2800 3170 2868 3225; x_wconf 88' lang='lat' dir='ltr'><strong>ad</strong></span> <span class='ocrx_word' id='word_1_298' title='bbox 2902 3170 3272 3225; x_wconf 80' lang='lat' dir='ltr'><strong>Alexandrum</strong></span> <span class='ocrx_word' id='word_1_299' title='bbox 3305 3188 3369 3227; x_wconf 73' lang='lat' dir='ltr'><strong>ex</strong></span> <span class='ocrx_word' id='word_1_300' title='bbox 3404 3174 3540 3229; x_wconf 85' lang='lat' dir='ltr'><strong>libro</strong></span> 
     </span>
    </p>
   </div>
   <div class='ocr_carea' id='block_1_48' title="bbox 267 3262 2027 3339">
    <p class='ocr_par' dir='ltr' id='par_1_48' title="bbox 267 3262 2025 3337">
     <span class='ocr_line' id='line_1_48' title="bbox 267 3262 2025 3337; baseline -0.001 -18"><span class='ocrx_word' id='word_1_301' title='bbox 267 3265 368 3319; x_wconf 88' lang='grc' dir='ltr'><strong>τοῦ</strong></span> <span class='ocrx_word' id='word_1_302' title='bbox 416 3266 643 3337; x_wconf 74' lang='grc' dir='ltr'>ἑόδόμου</span> <span class='ocrx_word' id='word_1_303' title='bbox 680 3267 882 3337; x_wconf 78' lang='grc' dir='ltr'>βιῦλίου</span> <span class='ocrx_word' id='word_1_304' title='bbox 934 3266 1044 3319; x_wconf 90' lang='grc' dir='ltr'><strong>τῶν</strong></span> <span class='ocrx_word' id='word_1_305' title='bbox 1090 3263 1502 3336; x_wconf 63' lang='grc' dir='ltr'>Στρωματέαηκ</span> <span class='ocrx_word' id='word_1_306' title='bbox 1544 3264 1753 3317; x_wconf 78' lang='grc' dir='ltr'>Οὐκοῦν</span> <span class='ocrx_word' id='word_1_307' title='bbox 1799 3262 1861 3315; x_wconf 82' lang='grc' dir='ltr'><strong>οὐ</strong></span> <span class='ocrx_word' id='word_1_308' title='bbox 1964 3262 2025 3317; x_wconf 82' lang='lat' dir='ltr'><strong>St</strong></span> 
     </span>
    </p>
   </div>
   <div class='ocr_carea' id='block_1_49' title="bbox 1779 3262 3539 3339">
    <p class='ocr_par' dir='ltr' id='par_1_49' title="bbox 1799 3262 3539 3339">
     <span class='ocr_line' id='line_1_49' title="bbox 1799 3262 3539 3339; baseline 0.004 -24"><span class='ocrx_word' id='word_1_309' title='bbox 1799 3262 1861 3315; x_wconf 81' lang='grc' dir='ltr'><strong>οὐ</strong></span> <span class='ocrx_word' id='word_1_310' title='bbox 1964 3262 2297 3317; x_wconf 82' lang='lat' dir='ltr'><strong>Stromatum</strong></span> <span class='ocrx_word' id='word_1_311' title='bbox 2335 3273 2510 3319; x_wconf 80' lang='lat' dir='ltr'><strong>sexto.</strong></span> <span class='ocrx_word' id='word_1_312' title='bbox 2564 3262 2747 3334; x_wconf 79' lang='lat' dir='ltr'><strong>Itaque</strong></span> <span class='ocrx_word' id='word_1_313' title='bbox 2796 3278 2904 3318; x_wconf 90' lang='lat' dir='ltr'><strong>non</strong></span> <span class='ocrx_word' id='word_1_314' title='bbox 2961 3265 3136 3320; x_wconf 89' lang='lat' dir='ltr'><strong>solum</strong></span> <span class='ocrx_word' id='word_1_315' title='bbox 3185 3266 3370 3322; x_wconf 87' lang='lat' dir='ltr'><strong>laudat</strong></span> <span class='ocrx_word' id='word_1_316' title='bbox 3420 3285 3539 3339; x_wconf 76' lang='lat' dir='ltr'><strong>qua&#39;</strong></span> 
     </span>
    </p>
   </div>
   <div class='ocr_carea' id='block_1_50' title="bbox 271 3348 2031 3427">
    <p class='ocr_par' dir='ltr' id='par_1_50' title="bbox 271 3348 2031 3427">
     <span class='ocr_line' id='line_1_50' title="bbox 271 3348 2031 3427; baseline -0.002 -20"><span class='ocrx_word' id='word_1_317' title='bbox 271 3355 436 3427; x_wconf 87' lang='grc' dir='ltr'>μόνον</span> <span class='ocrx_word' id='word_1_318' title='bbox 461 3356 670 3408; x_wconf 80' lang='grc' dir='ltr'>ἐπαινεῖ</span> <span class='ocrx_word' id='word_1_319' title='bbox 692 3356 761 3409; x_wconf 77' lang='grc' dir='ltr'><strong>τά</strong></span> <span class='ocrx_word' id='word_1_320' title='bbox 790 3355 950 3419; x_wconf 78' lang='grc' dir='ltr'>καλὰ,</span> <span class='ocrx_word' id='word_1_321' title='bbox 979 3356 1115 3410; x_wconf 80' lang='grc' dir='ltr'><strong>ἀλλὰ</strong></span> <span class='ocrx_word' id='word_1_322' title='bbox 1142 3355 1302 3417; x_wconf 74' lang='grc' dir='ltr'>αὐτὸς</span> <span class='ocrx_word' id='word_1_323' title='bbox 1335 3352 1576 3424; x_wconf 80' lang='grc' dir='ltr'>βιάζεται</span> <span class='ocrx_word' id='word_1_324' title='bbox 1605 3352 1697 3406; x_wconf 84' lang='grc' dir='ltr'><strong>τοῦ</strong></span> <span class='ocrx_word' id='word_1_325' title='bbox 1720 3348 1859 3405; x_wconf 77' lang='grc' dir='ltr'>εῖναι</span> <span class='ocrx_word' id='word_1_326' title='bbox 1961 3369 2031 3407; x_wconf 76' lang='grc' dir='ltr'><strong>ιἐ‹</strong></span> 
     </span>
    </p>
   </div>
   <div class='ocr_carea' id='block_1_51' title="bbox 1778 3348 3538 3427">
    <p class='ocr_par' dir='ltr' id='par_1_51' title="bbox 1778 3354 3538 3425">
     <span class='ocr_line' id='line_1_51' title="bbox 1778 3354 3538 3425; baseline 0.006 -21"><span class='ocrx_word' id='word_1_327' title='bbox 1778 3369 1859 3405; x_wconf 81' lang='grc' dir='ltr'><strong>ναι</strong></span> <span class='ocrx_word' id='word_1_328' title='bbox 1961 3360 2109 3408; x_wconf 90' lang='lat' dir='ltr'><strong>recta</strong></span> <span class='ocrx_word' id='word_1_329' title='bbox 2137 3364 2283 3418; x_wconf 89' lang='lat' dir='ltr'><strong>sunt,</strong></span> <span class='ocrx_word' id='word_1_330' title='bbox 2316 3354 2410 3409; x_wconf 89' lang='lat' dir='ltr'><strong>sed</strong></span> <span class='ocrx_word' id='word_1_331' title='bbox 2462 3356 2578 3425; x_wconf 84' lang='lat' dir='ltr'><strong>ipse</strong></span> <span class='ocrx_word' id='word_1_332' title='bbox 2620 3354 2814 3408; x_wconf 86' lang='lat' dir='ltr'><strong>nititur</strong></span> <span class='ocrx_word' id='word_1_333' title='bbox 2860 3370 2983 3409; x_wconf 91' lang='lat' dir='ltr'><strong>esse</strong></span> <span class='ocrx_word' id='word_1_334' title='bbox 3021 3355 3230 3421; x_wconf 88' lang='lat' dir='ltr'><strong>bonus;</strong></span> <span class='ocrx_word' id='word_1_335' title='bbox 3279 3373 3345 3412; x_wconf 77' lang='lat' dir='ltr'><strong>ex</strong></span> <span class='ocrx_word' id='word_1_336' title='bbox 3394 3359 3538 3413; x_wconf 88' lang='lat' dir='ltr'><strong>bono</strong></span> 
     </span>
    </p>
   </div>
   <div class='ocr_carea' id='block_1_52' title="bbox 268 3443 2028 3517">
    <p class='ocr_par' dir='ltr' id='par_1_52' title="bbox 268 3443 2028 3517">
     <span class='ocr_line' id='line_1_52' title="bbox 268 3443 2028 3517; baseline -0.003 -14"><span class='ocrx_word' id='word_1_337' title='bbox 268 3450 464 3512; x_wconf 78' lang='grc' dir='ltr'>καλός·</span> <span class='ocrx_word' id='word_1_338' title='bbox 494 3452 557 3502; x_wconf 81' lang='grc' dir='ltr'>ἐκ</span> <span class='ocrx_word' id='word_1_339' title='bbox 579 3450 670 3502; x_wconf 83' lang='grc' dir='ltr'><strong>τοῦ</strong></span> <span class='ocrx_word' id='word_1_340' title='bbox 705 3449 911 3517; x_wconf 80' lang='grc' dir='ltr'><strong>ἀγαθοῦ</strong></span> <span class='ocrx_word' id='word_1_341' title='bbox 944 3452 1039 3503; x_wconf 80' lang='grc' dir='ltr'><strong>καὶ</strong></span> <span class='ocrx_word' id='word_1_342' title='bbox 1079 3447 1272 3503; x_wconf 80' lang='grc' dir='ltr'><strong>πιστοῦ</strong></span> <span class='ocrx_word' id='word_1_343' title='bbox 1300 3446 1486 3500; x_wconf 76' lang='grc' dir='ltr'>δούλου</span> <span class='ocrx_word' id='word_1_344' title='bbox 1523 3444 1857 3515; x_wconf 77' lang='grc' dir='ltr'>μεταϐαίνων</span> <span class='ocrx_word' id='word_1_345' title='bbox 1960 3443 2028 3497; x_wconf 86' lang='lat' dir='ltr'><strong>ﬁd</strong></span> 
     </span>
    </p>
   </div>
   <div class='ocr_carea' id='block_1_53' title="bbox 1775 3443 3535 3517">
    <p class='ocr_par' dir='ltr' id='par_1_53' title="bbox 1775 3443 3535 3515">
     <span class='ocr_line' id='line_1_53' title="bbox 1775 3443 3535 3515; baseline 0.004 -19"><span class='ocrx_word' id='word_1_346' title='bbox 1775 3461 1857 3497; x_wconf 73' lang='grc' dir='ltr'>νων</span> <span class='ocrx_word' id='word_1_347' title='bbox 1960 3443 2213 3514; x_wconf 89' lang='lat' dir='ltr'><strong>ﬁdelique</strong></span> <span class='ocrx_word' id='word_1_348' title='bbox 2244 3459 2402 3500; x_wconf 75' lang='lat' dir='ltr'><strong>servo</strong></span> <span class='ocrx_word' id='word_1_349' title='bbox 2438 3461 2533 3515; x_wconf 91' lang='lat' dir='ltr'><strong>per</strong></span> <span class='ocrx_word' id='word_1_350' title='bbox 2564 3445 2885 3499; x_wconf 87' lang='lat' dir='ltr'><strong>ebaritatem</strong></span> <span class='ocrx_word' id='word_1_351' title='bbox 2932 3444 3144 3500; x_wconf 88' lang='lat' dir='ltr'><strong>amicus</strong></span> <span class='ocrx_word' id='word_1_352' title='bbox 3177 3448 3412 3503; x_wconf 87' lang='lat' dir='ltr'><strong>evadens</strong></span> <span class='ocrx_word' id='word_1_353' title='bbox 3443 3450 3535 3503; x_wconf 82' lang='lat' dir='ltr'><strong>ha-</strong></span> 
     </span>
    </p>
   </div>
   <div class='ocr_carea' id='block_1_54' title="bbox 266 3536 1856 3610">
    <p class='ocr_par' dir='ltr' id='par_1_54' title="bbox 266 3536 1856 3610">
     <span class='ocr_line' id='line_1_54' title="bbox 266 3536 1856 3610; baseline -0.003 -17"><span class='ocrx_word' id='word_1_354' title='bbox 266 3541 335 3593; x_wconf 86' lang='grc' dir='ltr'><strong>δι’</strong></span> <span class='ocrx_word' id='word_1_355' title='bbox 362 3541 584 3610; x_wconf 80' lang='grc' dir='ltr'>ἀγάπης</span> <span class='ocrx_word' id='word_1_356' title='bbox 623 3543 702 3603; x_wconf 85' lang='grc' dir='ltr'>εἰς</span> <span class='ocrx_word' id='word_1_357' title='bbox 743 3540 914 3609; x_wconf 61' lang='grc' dir='ltr'>φᾶον,</span> <span class='ocrx_word' id='word_1_358' title='bbox 944 3540 1031 3593; x_wconf 82' lang='grc' dir='ltr'>διὰ</span> <span class='ocrx_word' id='word_1_359' title='bbox 1069 3541 1131 3592; x_wconf 85' lang='grc' dir='ltr'><strong>τὸ</strong></span> <span class='ocrx_word' id='word_1_360' title='bbox 1167 3540 1370 3592; x_wconf 87' lang='grc' dir='ltr'>τέλειον</span> <span class='ocrx_word' id='word_1_361' title='bbox 1393 3538 1493 3607; x_wconf 83' lang='grc' dir='ltr'><strong>τῆς</strong></span> <span class='ocrx_word' id='word_1_362' title='bbox 1517 3536 1700 3603; x_wconf 70' lang='grc' dir='ltr'>ἕξεως,</span> <span class='ocrx_word' id='word_1_363' title='bbox 1734 3536 1762 3589; x_wconf 87' lang='grc' dir='ltr'><strong>ὃ</strong></span> <span class='ocrx_word' id='word_1_364' title='bbox 1792 3538 1856 3589; x_wconf 85' lang='grc' dir='ltr'><strong>ἐκ</strong></span> 
     </span>
    </p>
   </div>
   <div class='ocr_carea' id='block_1_55' title="bbox 269 3625 1855 3703">
    <p class='ocr_par' dir='ltr' id='par_1_55' title="bbox 269 3625 1855 3703">
     <span class='ocr_line' id='line_1_55' title="bbox 269 3625 1855 3703; baseline -0.004 -18"><span class='ocrx_word' id='word_1_365' title='bbox 269 3634 563 3703; x_wconf 82' lang='grc' dir='ltr'>μαθήσεως</span> <span class='ocrx_word' id='word_1_366' title='bbox 584 3631 815 3701; x_wconf 76' lang='grc' dir='ltr'><strong>ἀληθοῦς</strong></span> <span class='ocrx_word' id='word_1_367' title='bbox 837 3633 932 3684; x_wconf 72' lang='grc' dir='ltr'>καὶ</span> <span class='ocrx_word' id='word_1_368' title='bbox 954 3632 1337 3699; x_wconf 85' lang='grc' dir='ltr'>συνασκήσεως</span> <span class='ocrx_word' id='word_1_369' title='bbox 1370 3628 1567 3696; x_wconf 82' lang='grc' dir='ltr'><strong>πολλῆς</strong></span> <span class='ocrx_word' id='word_1_370' title='bbox 1601 3625 1855 3697; x_wconf 80' lang='grc' dir='ltr'><strong>καθαρῶς</strong></span> 
     </span>
    </p>
   </div>
   <div class='ocr_carea' id='block_1_56' title="bbox 263 3718 1852 3796">
    <p class='ocr_par' dir='ltr' id='par_1_56' title="bbox 263 3718 1852 3796">
     <span class='ocr_line' id='line_1_56' title="bbox 263 3718 1852 3796; baseline -0.004 -19"><span class='ocrx_word' id='word_1_371' title='bbox 263 3728 553 3796; x_wconf 77' lang='grc' dir='ltr'><strong>ἐκτήσατο.</strong></span> <span class='ocrx_word' id='word_1_372' title='bbox 596 3725 682 3789; x_wconf 81' lang='grc' dir='ltr'>Ὠς</span> <span class='ocrx_word' id='word_1_373' title='bbox 714 3723 778 3777; x_wconf 81' lang='grc' dir='ltr'>ἂν</span> <span class='ocrx_word' id='word_1_374' title='bbox 802 3720 896 3777; x_wconf 81' lang='grc' dir='ltr'><strong>οὖν</strong></span> <span class='ocrx_word' id='word_1_375' title='bbox 932 3723 1018 3775; x_wconf 79' lang='grc' dir='ltr'><strong>ἐπ’</strong></span> <span class='ocrx_word' id='word_1_376' title='bbox 1054 3724 1220 3794; x_wconf 79' lang='grc' dir='ltr'>ἄκρον</span> <span class='ocrx_word' id='word_1_377' title='bbox 1253 3720 1505 3788; x_wconf 83' lang='grc' dir='ltr'>γνώσεως</span> <span class='ocrx_word' id='word_1_378' title='bbox 1531 3719 1641 3789; x_wconf 75' lang='grc' dir='ltr'><strong>ἥκῃ</strong></span> <span class='ocrx_word' id='word_1_379' title='bbox 1672 3718 1852 3788; x_wconf 77' lang='grc' dir='ltr'>βιαζό-</span> 
     </span>
    </p>
   </div>
   <div class='ocr_carea' id='block_1_57' title="bbox 265 3811 1855 3887">
    <p class='ocr_par' dir='ltr' id='par_1_57' title="bbox 265 3811 1855 3887">
     <span class='ocr_line' id='line_1_57' title="bbox 265 3811 1855 3887; baseline -0.004 -18"><span class='ocrx_word' id='word_1_380' title='bbox 265 3834 430 3887; x_wconf 87' lang='grc' dir='ltr'>μενος</span> <span class='ocrx_word' id='word_1_381' title='bbox 454 3815 531 3887; x_wconf 85' lang='grc' dir='ltr'><strong>τῷ</strong></span> <span class='ocrx_word' id='word_1_382' title='bbox 562 3816 680 3886; x_wconf 72' lang='grc' dir='ltr'>ᾕθει</span> <span class='ocrx_word' id='word_1_383' title='bbox 713 3816 807 3869; x_wconf 81' lang='grc' dir='ltr'><strong>καὶ</strong></span> <span class='ocrx_word' id='word_1_384' title='bbox 838 3814 1266 3884; x_wconf 80' lang='grc' dir='ltr'><strong>κεκοσμημένος,</strong></span> <span class='ocrx_word' id='word_1_385' title='bbox 1299 3811 1377 3882; x_wconf 86' lang='grc' dir='ltr'><strong>τῷ</strong></span> <span class='ocrx_word' id='word_1_386' title='bbox 1412 3813 1652 3881; x_wconf 86' lang='grc' dir='ltr'>σχήματι</span> <span class='ocrx_word' id='word_1_387' title='bbox 1694 3827 1855 3863; x_wconf 86' lang='grc' dir='ltr'>κατε-</span> 
     </span>
    </p>
   </div>
   <div class='ocr_carea' id='block_1_58' title="bbox 262 3902 1853 3979">
    <p class='ocr_par' dir='ltr' id='par_1_58' title="bbox 262 3902 1853 3979">
     <span class='ocr_line' id='line_1_58' title="bbox 262 3902 1853 3979; baseline -0.005 -16"><span class='ocrx_word' id='word_1_388' title='bbox 262 3908 581 3979; x_wconf 83' lang='grc' dir='ltr'>σταλμένος,</span> <span class='ocrx_word' id='word_1_389' title='bbox 620 3908 795 3962; x_wconf 87' lang='grc' dir='ltr'>πάντα</span> <span class='ocrx_word' id='word_1_390' title='bbox 841 3909 1024 3959; x_wconf 74' lang='grc' dir='ltr'>ἐκεῖνα</span> <span class='ocrx_word' id='word_1_391' title='bbox 1070 3905 1227 3974; x_wconf 79' lang='grc' dir='ltr'>ἔχων,</span> <span class='ocrx_word' id='word_1_392' title='bbox 1265 3905 1365 3956; x_wconf 83' lang='grc' dir='ltr'>ὃσα</span> <span class='ocrx_word' id='word_1_393' title='bbox 1401 3902 1853 3973; x_wconf 84' lang='grc' dir='ltr'>πλεονεκτήματά</span> 
     </span>
    </p>
   </div>
   <div class='ocr_carea' id='block_1_59' title="bbox 258 3992 1852 4069">
    <p class='ocr_par' dir='ltr' id='par_1_59' title="bbox 258 3992 1852 4069">
     <span class='ocr_line' id='line_1_59' title="bbox 258 3992 1852 4069; baseline -0.006 -16"><span class='ocrx_word' id='word_1_394' title='bbox 258 4000 379 4053; x_wconf 81' lang='grc' dir='ltr'>ἐστι</span> <span class='ocrx_word' id='word_1_395' title='bbox 427 3998 521 4052; x_wconf 92' lang='grc' dir='ltr'><strong>τοῦ</strong></span> <span class='ocrx_word' id='word_1_396' title='bbox 563 3999 703 4052; x_wconf 75' lang='grc' dir='ltr'>κατὰ</span> <span class='ocrx_word' id='word_1_397' title='bbox 742 3997 997 4069; x_wconf 78' lang='grc' dir='ltr'>ἀλήθειαν</span> <span class='ocrx_word' id='word_1_398' title='bbox 1028 3993 1351 4063; x_wconf 83' lang='grc' dir='ltr'>γνωστικοῦ,</span> <span class='ocrx_word' id='word_1_399' title='bbox 1381 3996 1461 4056; x_wconf 74' lang='grc' dir='ltr'>εἰς</span> <span class='ocrx_word' id='word_1_400' title='bbox 1496 3992 1595 4057; x_wconf 82' lang='grc' dir='ltr'><strong>τὰς</strong></span> <span class='ocrx_word' id='word_1_401' title='bbox 1634 3993 1852 4055; x_wconf 82' lang='grc' dir='ltr'><strong>εἰκόνας</strong></span> 
     </span>
    </p>
   </div>
   <div class='ocr_carea' id='block_1_60' title="bbox 258 4083 1851 4163">
    <p class='ocr_par' dir='ltr' id='par_1_60' title="bbox 258 4083 1851 4163">
     <span class='ocr_line' id='line_1_60' title="bbox 258 4083 1851 4163; baseline -0.006 -18"><span class='ocrx_word' id='word_1_402' title='bbox 258 4091 485 4163; x_wconf 81' lang='grc' dir='ltr'>ἀφορῶν</span> <span class='ocrx_word' id='word_1_403' title='bbox 517 4090 616 4153; x_wconf 83' lang='grc' dir='ltr'>τὰς</span> <span class='ocrx_word' id='word_1_404' title='bbox 646 4090 837 4152; x_wconf 82' lang='grc' dir='ltr'>καλάς.</span> <span class='ocrx_word' id='word_1_405' title='bbox 868 4088 1101 4148; x_wconf 77' lang='grc' dir='ltr'><strong>Πολλοὺς</strong></span> <span class='ocrx_word' id='word_1_406' title='bbox 1140 4085 1239 4158; x_wconf 87' lang='grc' dir='ltr'>μὲν</span> <span class='ocrx_word' id='word_1_407' title='bbox 1260 4085 1389 4147; x_wconf 81' lang='grc' dir='ltr'><strong>τοὺς</strong></span> <span class='ocrx_word' id='word_1_408' title='bbox 1420 4083 1851 4155; x_wconf 77' lang='grc' dir='ltr'>κατωρθωκότας</span> 
     </span>
    </p>
   </div>
   <div class='ocr_carea' id='block_1_61' title="bbox 257 4174 1846 4254">
    <p class='ocr_par' dir='ltr' id='par_1_61' title="bbox 257 4174 1846 4254">
     <span class='ocr_line' id='line_1_61' title="bbox 257 4174 1846 4254; baseline 0.002 -19"><span class='ocrx_word' id='word_1_409' title='bbox 257 4182 369 4254; x_wconf 79' lang='grc' dir='ltr'>πρὸ</span> <span class='ocrx_word' id='word_1_410' title='bbox 416 4180 578 4235; x_wconf 79' lang='grc' dir='ltr'>αὐτοῦ</span> <span class='ocrx_word' id='word_1_411' title='bbox 633 4181 998 4252; x_wconf 78' lang='grc' dir='ltr'>πατριάρχας,</span> <span class='ocrx_word' id='word_1_412' title='bbox 1043 4174 1392 4248; x_wconf 82' lang='grc' dir='ltr'><strong>παμπόλλους</strong></span> <span class='ocrx_word' id='word_1_413' title='bbox 1438 4174 1496 4227; x_wconf 76' lang='grc' dir='ltr'>δὲ</span> <span class='ocrx_word' id='word_1_414' title='bbox 1544 4178 1846 4247; x_wconf 76' lang='grc' dir='ltr'>προφήτας.</span> 
     </span>
    </p>
   </div>
   <div class='ocr_carea' id='block_1_62' title="bbox 256 4262 1851 4341">
    <p class='ocr_par' dir='ltr' id='par_1_62' title="bbox 256 4262 1851 4341">
     <span class='ocr_line' id='line_1_62' title="bbox 256 4262 1851 4341; baseline -0.003 -18"><span class='ocrx_word' id='word_1_415' title='bbox 256 4270 522 4341; x_wconf 78' lang='grc' dir='ltr'>ἀπείρους</span> <span class='ocrx_word' id='word_1_416' title='bbox 569 4270 625 4323; x_wconf 84' lang='grc' dir='ltr'>δὲ</span> <span class='ocrx_word' id='word_1_417' title='bbox 656 4270 816 4331; x_wconf 86' lang='grc' dir='ltr'>ὅσους</span> <span class='ocrx_word' id='word_1_418' title='bbox 860 4271 991 4339; x_wconf 79' lang='grc' dir='ltr'>ἡμῖν</span> <span class='ocrx_word' id='word_1_419' title='bbox 1026 4265 1241 4337; x_wconf 81' lang='grc' dir='ltr'>ἀριθμῷ</span> <span class='ocrx_word' id='word_1_420' title='bbox 1283 4262 1632 4335; x_wconf 82' lang='grc' dir='ltr'><strong>λογιζόμενος</strong></span> <span class='ocrx_word' id='word_1_421' title='bbox 1681 4267 1851 4334; x_wconf 73' lang='grc' dir='ltr'>ἀγγέ-</span> 
     </span>
    </p>
   </div>
   <div class='ocr_carea' id='block_1_63' title="bbox 256 4355 1849 4430">
    <p class='ocr_par' dir='ltr' id='par_1_63' title="bbox 256 4355 1849 4430">
     <span class='ocr_line' id='line_1_63' title="bbox 256 4355 1849 4430; baseline -0.001 -18"><span class='ocrx_word' id='word_1_422' title='bbox 256 4360 407 4423; x_wconf 87' lang='grc' dir='ltr'>λους,</span> <span class='ocrx_word' id='word_1_423' title='bbox 428 4362 523 4413; x_wconf 69' lang='grc' dir='ltr'><strong>καὶ</strong></span> <span class='ocrx_word' id='word_1_424' title='bbox 555 4360 643 4413; x_wconf 74' lang='grc' dir='ltr'><strong>τὸν</strong></span> <span class='ocrx_word' id='word_1_425' title='bbox 665 4360 756 4412; x_wconf 75' lang='grc' dir='ltr'><strong>ἐπὶ</strong></span> <span class='ocrx_word' id='word_1_426' title='bbox 785 4360 919 4413; x_wconf 76' lang='grc' dir='ltr'>πᾶσι</span> <span class='ocrx_word' id='word_1_427' title='bbox 948 4358 1173 4430; x_wconf 79' lang='grc' dir='ltr'><strong>Κύριον,</strong></span> <span class='ocrx_word' id='word_1_428' title='bbox 1194 4356 1285 4411; x_wconf 80' lang='grc' dir='ltr'>τὸν</span> <span class='ocrx_word' id='word_1_429' title='bbox 1309 4355 1594 4421; x_wconf 77' lang='grc' dir='ltr'>διδάξαντα</span> <span class='ocrx_word' id='word_1_430' title='bbox 1623 4359 1716 4411; x_wconf 79' lang='grc' dir='ltr'><strong>καὶ</strong></span> <span class='ocrx_word' id='word_1_431' title='bbox 1744 4375 1849 4411; x_wconf 86' lang='grc' dir='ltr'>πα-</span> 
     </span>
    </p>
   </div>
   <div class='ocr_carea' id='block_1_64' title="bbox 1959 3540 3535 3612">
    <p class='ocr_par' dir='ltr' id='par_1_64' title="bbox 1959 3540 3535 3612">
     <span class='ocr_line' id='line_1_64' title="bbox 1959 3540 3535 3612; baseline 0.003 -17"><span class='ocrx_word' id='word_1_432' title='bbox 1959 3540 2105 3597; x_wconf 89' lang='lat' dir='ltr'><strong>bitus</strong></span> <span class='ocrx_word' id='word_1_433' title='bbox 2161 3540 2493 3611; x_wconf 76' lang='lat' dir='ltr'><strong>perfectione</strong></span> <span class='ocrx_word' id='word_1_434' title='bbox 2549 3561 2563 3596; x_wconf 88' lang='lat'><strong>:</strong></span> <span class='ocrx_word' id='word_1_435' title='bbox 2618 3543 2768 3612; x_wconf 88' lang='lat' dir='ltr'><strong>quod</strong></span> <span class='ocrx_word' id='word_1_436' title='bbox 2810 3542 3029 3612; x_wconf 86' lang='lat' dir='ltr'><strong>quidem</strong></span> <span class='ocrx_word' id='word_1_437' title='bbox 3081 3544 3335 3599; x_wconf 89' lang='lat' dir='ltr'><strong>doctrina</strong></span> <span class='ocrx_word' id='word_1_438' title='bbox 3381 3561 3535 3609; x_wconf 84' lang='lat' dir='ltr'><strong>vera,</strong></span> 
     </span>
    </p>
   </div>
   <div class='ocr_carea' id='block_1_65' title="bbox 1956 3632 3523 3709">
    <p class='ocr_par' dir='ltr' id='par_1_65' title="bbox 1956 3632 3523 3709">
     <span class='ocr_line' id='line_1_65' title="bbox 1956 3632 3523 3709; baseline 0.004 -24"><span class='ocrx_word' id='word_1_439' title='bbox 1956 3632 2467 3703; x_wconf 79' lang='lat' dir='ltr'><strong>exercitationeque</strong></span> <span class='ocrx_word' id='word_1_440' title='bbox 2514 3634 2683 3687; x_wconf 91' lang='lat' dir='ltr'><strong>multa</strong></span> <span class='ocrx_word' id='word_1_441' title='bbox 2721 3634 2881 3703; x_wconf 90' lang='lat' dir='ltr'><strong>plane</strong></span> <span class='ocrx_word' id='word_1_442' title='bbox 2906 3636 3282 3705; x_wconf 89' lang='lat' dir='ltr'><strong>consequitur.</strong></span> <span class='ocrx_word' id='word_1_443' title='bbox 3315 3636 3407 3693; x_wconf 89' lang='lat' dir='ltr'><strong>Sic</strong></span> <span class='ocrx_word' id='word_1_444' title='bbox 3437 3639 3523 3709; x_wconf 82' lang='lat' dir='ltr'><strong>igi-</strong></span> 
     </span>
    </p>
   </div>
   <div class='ocr_carea' id='block_1_66' title="bbox 1958 3724 3535 3797">
    <p class='ocr_par' dir='ltr' id='par_1_66' title="bbox 1958 3724 3535 3797">
     <span class='ocr_line' id='line_1_66' title="bbox 1958 3724 3535 3797; baseline 0.008 -22"><span class='ocrx_word' id='word_1_445' title='bbox 1958 3730 2048 3775; x_wconf 91' lang='lat' dir='ltr'><strong>tur</strong></span> <span class='ocrx_word' id='word_1_446' title='bbox 2080 3724 2149 3777; x_wconf 88' lang='lat' dir='ltr'><strong>ad</strong></span> <span class='ocrx_word' id='word_1_447' title='bbox 2189 3725 2520 3795; x_wconf 82' lang='lat' dir='ltr'><strong>cognitionis</strong></span> <span class='ocrx_word' id='word_1_448' title='bbox 2566 3725 2844 3797; x_wconf 77' lang='lat' dir='ltr'><strong>fastigium</strong></span> <span class='ocrx_word' id='word_1_449' title='bbox 2883 3732 3152 3795; x_wconf 89' lang='lat' dir='ltr'><strong>ascendit,</strong></span> <span class='ocrx_word' id='word_1_450' title='bbox 3206 3734 3335 3788; x_wconf 90' lang='lat' dir='ltr'><strong>dum</strong></span> <span class='ocrx_word' id='word_1_451' title='bbox 3371 3735 3535 3788; x_wconf 62' lang='lat' dir='ltr'><strong>vitam</strong></span> 
     </span>
    </p>
   </div>
   <div class='ocr_carea' id='block_1_67' title="bbox 1956 3817 3533 3887">
    <p class='ocr_par' dir='ltr' id='par_1_67' title="bbox 1956 3817 3533 3887">
     <span class='ocr_line' id='line_1_67' title="bbox 1956 3817 3533 3887; baseline 0.01 -20"><span class='ocrx_word' id='word_1_452' title='bbox 1956 3830 2249 3885; x_wconf 89' lang='lat' dir='ltr'><strong>moresque</strong></span> <span class='ocrx_word' id='word_1_453' title='bbox 2277 3817 2575 3886; x_wconf 88' lang='lat' dir='ltr'><strong>componit,</strong></span> <span class='ocrx_word' id='word_1_454' title='bbox 2608 3834 2774 3887; x_wconf 90' lang='lat' dir='ltr'><strong>seque</strong></span> <span class='ocrx_word' id='word_1_455' title='bbox 2806 3820 2859 3873; x_wconf 92' lang='lat' dir='ltr'><strong>in</strong></span> <span class='ocrx_word' id='word_1_456' title='bbox 2910 3819 3087 3875; x_wconf 89' lang='lat' dir='ltr'><strong>olIicio</strong></span> <span class='ocrx_word' id='word_1_457' title='bbox 3145 3826 3431 3887; x_wconf 81' lang='lat' dir='ltr'><strong>continet,</strong></span> <span class='ocrx_word' id='word_1_458' title='bbox 3481 3839 3533 3882; x_wconf 75' lang='lat' dir='ltr'><strong>et</strong></span> 
     </span>
    </p>
   </div>
   <div class='ocr_carea' id='block_1_68' title="bbox 1954 3908 3533 3985">
    <p class='ocr_par' dir='ltr' id='par_1_68' title="bbox 1954 3908 3533 3985">
     <span class='ocr_line' id='line_1_68' title="bbox 1954 3908 3533 3985; baseline 0.009 -27"><span class='ocrx_word' id='word_1_459' title='bbox 1954 3920 2147 3962; x_wconf 88' lang='lat' dir='ltr'><strong>omnes</strong></span> <span class='ocrx_word' id='word_1_460' title='bbox 2197 3908 2317 3962; x_wconf 88' lang='lat' dir='ltr'><strong>illas</strong></span> <span class='ocrx_word' id='word_1_461' title='bbox 2342 3910 2728 3979; x_wconf 67' lang='lat' dir='ltr'><strong>praerogativas</strong></span> <span class='ocrx_word' id='word_1_462' title='bbox 2756 3922 3056 3980; x_wconf 84' lang='lat' dir='ltr'><strong>comparat,</strong></span> <span class='ocrx_word' id='word_1_463' title='bbox 3086 3930 3208 3985; x_wconf 62' lang='lat' dir='ltr'><strong>qum</strong></span> <span class='ocrx_word' id='word_1_464' title='bbox 3228 3926 3356 3971; x_wconf 91' lang='lat' dir='ltr'><strong>sunt</strong></span> <span class='ocrx_word' id='word_1_465' title='bbox 3388 3919 3533 3975; x_wconf 80' lang='lat' dir='ltr'><strong>illius</strong></span> 
     </span>
    </p>
   </div>
   <div class='ocr_carea' id='block_1_69' title="bbox 1953 3997 3533 4077">
    <p class='ocr_par' dir='ltr' id='par_1_69' title="bbox 1953 3997 3533 4077">
     <span class='ocr_line' id='line_1_69' title="bbox 1953 3997 3533 4077; baseline 0.01 -29"><span class='ocrx_word' id='word_1_466' title='bbox 1953 3997 2205 4066; x_wconf 67' lang='lat' dir='ltr'><strong>propriae,</strong></span> <span class='ocrx_word' id='word_1_467' title='bbox 2232 3999 2325 4067; x_wconf 93' lang='lat' dir='ltr'><strong>qui</strong></span> <span class='ocrx_word' id='word_1_468' title='bbox 2350 4014 2409 4053; x_wconf 90' lang='lat' dir='ltr'><strong>se</strong></span> <span class='ocrx_word' id='word_1_469' title='bbox 2437 4014 2561 4053; x_wconf 77' lang='lat' dir='ltr'><strong>vere</strong></span> <span class='ocrx_word' id='word_1_470' title='bbox 2590 4000 2919 4069; x_wconf 88' lang='lat' dir='ltr'><strong>studiosum,</strong></span> <span class='ocrx_word' id='word_1_471' title='bbox 2959 4005 3398 4077; x_wconf 77' lang='lat' dir='ltr'><strong>cognitionisque</strong></span> <span class='ocrx_word' id='word_1_472' title='bbox 3437 4026 3533 4063; x_wconf 82' lang='lat' dir='ltr'><strong>cu-~</strong></span> 
     </span>
    </p>
   </div>
   <div class='ocr_carea' id='block_1_70' title="bbox 1952 4086 3530 4171">
    <p class='ocr_par' dir='ltr' id='par_1_70' title="bbox 1952 4086 3530 4171">
     <span class='ocr_line' id='line_1_70' title="bbox 1952 4086 3530 4171; baseline 0.011 -32"><span class='ocrx_word' id='word_1_473' title='bbox 1952 4086 2138 4155; x_wconf 88' lang='lat' dir='ltr'><strong>pidum</strong></span> <span class='ocrx_word' id='word_1_474' title='bbox 2187 4090 2510 4157; x_wconf 87' lang='lat' dir='ltr'><strong>proﬁtetur,</strong></span> <span class='ocrx_word' id='word_1_475' title='bbox 2564 4098 2825 4160; x_wconf 86' lang='lat' dir='ltr'><strong>tanquam</strong></span> <span class='ocrx_word' id='word_1_476' title='bbox 2878 4097 3210 4165; x_wconf 79' lang='lat' dir='ltr'><strong>exemplaria</strong></span> <span class='ocrx_word' id='word_1_477' title='bbox 3279 4104 3530 4171; x_wconf 67' lang='lat' dir='ltr'><strong>quaedam</strong></span> 
     </span>
    </p>
   </div>
   <div class='ocr_carea' id='block_1_71' title="bbox 1950 4178 3529 4268">
    <p class='ocr_par' dir='ltr' id='par_1_71' title="bbox 1950 4178 3529 4268">
     <span class='ocr_line' id='line_1_71' title="bbox 1950 4178 3529 4268; baseline 0.011 -38"><span class='ocrx_word' id='word_1_478' title='bbox 1950 4178 2181 4247; x_wconf 89' lang='lat' dir='ltr'><strong>pulchra</strong></span> <span class='ocrx_word' id='word_1_479' title='bbox 2211 4180 2429 4235; x_wconf 90' lang='lat' dir='ltr'><strong>intuens</strong></span> <span class='ocrx_word' id='word_1_480' title='bbox 2451 4181 2654 4237; x_wconf 89' lang='lat' dir='ltr'><strong>multos</strong></span> <span class='ocrx_word' id='word_1_481' title='bbox 2668 4185 3008 4252; x_wconf 84' lang='lat' dir='ltr'><strong>patriarchas</strong></span> <span class='ocrx_word' id='word_1_482' title='bbox 3030 4195 3195 4258; x_wconf 90' lang='lat' dir='ltr'><strong>atque</strong></span> <span class='ocrx_word' id='word_1_483' title='bbox 3211 4192 3529 4268; x_wconf 68' lang='lat' dir='ltr'><strong>prophetas,</strong></span> 
     </span>
    </p>
   </div>
   <div class='ocr_carea' id='block_1_72' title="bbox 1950 4269 3527 4351">
    <p class='ocr_par' dir='ltr' id='par_1_72' title="bbox 1950 4269 3527 4351">
     <span class='ocr_line' id='line_1_72' title="bbox 1950 4269 3527 4351; baseline 0.011 -29"><span class='ocrx_word' id='word_1_484' title='bbox 1950 4269 2201 4337; x_wconf 89' lang='lat' dir='ltr'><strong>quiante</strong></span> <span class='ocrx_word' id='word_1_485' title='bbox 2244 4288 2303 4327; x_wconf 89' lang='lat' dir='ltr'><strong>se</strong></span> <span class='ocrx_word' id='word_1_486' title='bbox 2355 4272 2579 4342; x_wconf 83' lang='lat' dir='ltr'><strong>perfecti</strong></span> <span class='ocrx_word' id='word_1_487' title='bbox 2626 4275 2889 4330; x_wconf 80' lang='lat' dir='ltr'><strong>virtutum</strong></span> <span class='ocrx_word' id='word_1_488' title='bbox 2947 4279 3139 4335; x_wconf 88' lang='lat' dir='ltr'><strong>ollleiis</strong></span> <span class='ocrx_word' id='word_1_489' title='bbox 3179 4284 3527 4351; x_wconf 81' lang='lat' dir='ltr'><strong>exstiterunt,</strong></span> 
     </span>
    </p>
   </div>
   <div class='ocr_carea' id='block_1_73' title="bbox 1952 4358 3529 4444">
    <p class='ocr_par' dir='ltr' id='par_1_73' title="bbox 1952 4358 3529 4444">
     <span class='ocr_line' id='line_1_73' title="bbox 1952 4358 3529 4444; baseline 0.013 -33"><span class='ocrx_word' id='word_1_490' title='bbox 1952 4358 2497 4431; x_wconf 84' lang='lat' dir='ltr'><strong>innumerabilesque</strong></span> <span class='ocrx_word' id='word_1_491' title='bbox 2521 4364 2745 4435; x_wconf 78' lang='lat' dir='ltr'><strong>angelos</strong></span> <span class='ocrx_word' id='word_1_492' title='bbox 2780 4368 3160 4434; x_wconf 80' lang='lat' dir='ltr'><strong>considerans,</strong></span> <span class='ocrx_word' id='word_1_493' title='bbox 3212 4373 3266 4427; x_wconf 90' lang='lat' dir='ltr'><strong>in</strong></span> <span class='ocrx_word' id='word_1_494' title='bbox 3307 4376 3529 4444; x_wconf 86' lang='lat' dir='ltr'><strong>primis-</strong></span> 
     </span>
    </p>
   </div>
   <div class='ocr_carea' id='block_1_74' title="bbox 258 4445 2018 4531">
    <p class='ocr_par' dir='ltr' id='par_1_74' title="bbox 258 4445 2018 4523">
     <span class='ocr_line' id='line_1_74' title="bbox 258 4445 2018 4523; baseline -0.003 -19"><span class='ocrx_word' id='word_1_495' title='bbox 258 4452 628 4523; x_wconf 83' lang='grc' dir='ltr'>ραστήσαντα,</span> <span class='ocrx_word' id='word_1_496' title='bbox 657 4450 881 4505; x_wconf 81' lang='grc' dir='ltr'>δυνατὸν</span> <span class='ocrx_word' id='word_1_497' title='bbox 912 4445 1073 4514; x_wconf 79' lang='grc' dir='ltr'>εῖναι,</span> <span class='ocrx_word' id='word_1_498' title='bbox 1116 4449 1209 4503; x_wconf 84' lang='grc' dir='ltr'>τὸν</span> <span class='ocrx_word' id='word_1_499' title='bbox 1257 4449 1569 4519; x_wconf 79' lang='grc' dir='ltr'>κορυφαίων</span> <span class='ocrx_word' id='word_1_500' title='bbox 1620 4450 1845 4503; x_wconf 80' lang='grc' dir='ltr'>ἐκείνων</span> <span class='ocrx_word' id='word_1_501' title='bbox 1878 4445 1922 4469; x_wconf 74' lang='grc' dir='ltr'><strong>ν</strong></span> <span class='ocrx_word' id='word_1_502' title='bbox 1951 4462 2018 4515; x_wconf 92' lang='lat' dir='ltr'><strong>qu</strong></span> 
     </span>
    </p>
   </div>
   <div class='ocr_carea' id='block_1_75' title="bbox 1764 4445 3524 4531">
    <p class='ocr_par' dir='ltr' id='par_1_75' title="bbox 1764 4445 3524 4531">
     <span class='ocr_line' id='line_1_75' title="bbox 1764 4445 3524 4531; baseline 0.016 -37"><span class='ocrx_word' id='word_1_503' title='bbox 1764 4465 1845 4501; x_wconf 61' lang='grc' dir='ltr'><strong>νων</strong></span> <span class='ocrx_word' id='word_1_504' title='bbox 1878 4445 1922 4469; x_wconf 80' lang='grc' dir='ltr'><strong><em>υ</em></strong></span> <span class='ocrx_word' id='word_1_505' title='bbox 1951 4461 2057 4515; x_wconf 92' lang='lat' dir='ltr'><strong>que</strong></span> <span class='ocrx_word' id='word_1_506' title='bbox 2095 4446 2387 4504; x_wconf 91' lang='lat' dir='ltr'><strong>Dominum</strong></span> <span class='ocrx_word' id='word_1_507' title='bbox 2413 4452 2589 4520; x_wconf 90' lang='lat' dir='ltr'><strong>ipsum</strong></span> <span class='ocrx_word' id='word_1_508' title='bbox 2613 4494 2628 4517; x_wconf 97' lang='lat'><strong>,</strong></span> <span class='ocrx_word' id='word_1_509' title='bbox 2657 4453 2754 4523; x_wconf 90' lang='lat' dir='ltr'><strong>qui</strong></span> <span class='ocrx_word' id='word_1_510' title='bbox 2794 4456 2976 4524; x_wconf 87' lang='lat' dir='ltr'><strong>docet,</strong></span> <span class='ocrx_word' id='word_1_511' title='bbox 3031 4468 3087 4514; x_wconf 90' lang='lat' dir='ltr'><strong>et</strong></span> <span class='ocrx_word' id='word_1_512' title='bbox 3119 4465 3323 4531; x_wconf 63' lang='lat' dir='ltr'><strong>praebet</strong></span> <span class='ocrx_word' id='word_1_513' title='bbox 3369 4469 3524 4521; x_wconf 79' lang='lat' dir='ltr'><strong>auxi-</strong></span> 
     </span>
    </p>
   </div>
   <div class='ocr_carea' id='block_1_76' title="bbox 258 4540 727 4611">
    <p class='ocr_par' dir='ltr' id='par_1_76' title="bbox 258 4540 727 4611">
     <span class='ocr_line' id='line_1_76' title="bbox 258 4540 727 4611; baseline 0.004 -20"><span class='ocrx_word' id='word_1_514' title='bbox 258 4540 567 4611; x_wconf 81' lang='grc' dir='ltr'>κτήσασθαι</span> <span class='ocrx_word' id='word_1_515' title='bbox 594 4540 727 4610; x_wconf 76' lang='grc' dir='ltr'>βίον.</span> 
     </span>
    </p>
   </div>
   <div class='ocr_carea' id='block_1_77' title="bbox 1950 4537 3525 4617">
    <p class='ocr_par' dir='ltr' id='par_1_77' title="bbox 1950 4537 3525 4617">
     <span class='ocr_line' id='line_1_77' title="bbox 1950 4537 3525 4617; baseline 0.016 -27"><span class='ocrx_word' id='word_1_516' title='bbox 1950 4537 2105 4601; x_wconf 91' lang='lat' dir='ltr'><strong>lium,</strong></span> <span class='ocrx_word' id='word_1_517' title='bbox 2135 4554 2246 4608; x_wconf 91' lang='lat' dir='ltr'><strong>quo</strong></span> <span class='ocrx_word' id='word_1_518' title='bbox 2274 4540 2566 4609; x_wconf 82' lang='lat' dir='ltr'><strong>perfectam</strong></span> <span class='ocrx_word' id='word_1_519' title='bbox 2594 4544 2904 4617; x_wconf 88' lang='lat' dir='ltr'><strong>principum</strong></span> <span class='ocrx_word' id='word_1_520' title='bbox 2960 4550 3177 4608; x_wconf 83' lang='lat' dir='ltr'><strong>illorum</strong></span> <span class='ocrx_word' id='word_1_521' title='bbox 3208 4556 3331 4611; x_wconf 65' lang='lat' dir='ltr'><strong>vita:</strong></span> <span class='ocrx_word' id='word_1_522' title='bbox 3354 4558 3525 4614; x_wconf 89' lang='lat' dir='ltr'><strong>ratio-</strong></span> 
     </span>
    </p>
   </div>
   <div class='ocr_carea' id='block_1_78' title="bbox 1950 4630 2659 4699">
    <p class='ocr_par' dir='ltr' id='par_1_78' title="bbox 1950 4630 2659 4699">
     <span class='ocr_line' id='line_1_78' title="bbox 1950 4630 2659 4699; baseline 0.011 -19"><span class='ocrx_word' id='word_1_523' title='bbox 1950 4641 2073 4681; x_wconf 87' lang='lat' dir='ltr'><strong>nem</strong></span> <span class='ocrx_word' id='word_1_524' title='bbox 2101 4630 2320 4699; x_wconf 89' lang='lat' dir='ltr'><strong>assequi</strong></span> <span class='ocrx_word' id='word_1_525' title='bbox 2356 4630 2659 4688; x_wconf 77' lang='lat' dir='ltr'><strong>valeamus.</strong></span> 
     </span>
    </p>
   </div>
   <div class='ocr_carea' id='block_1_79' title="bbox 1282 4732 2509 4813">
    <p class='ocr_par' dir='ltr' id='par_1_79' title="bbox 1282 4732 2509 4813">
     <span class='ocr_line' id='line_1_79' title="bbox 1282 4732 2509 4813; baseline 0.009 -26"><span class='ocrx_word' id='word_1_526' title='bbox 1282 4732 1527 4797; x_wconf 81' lang='lat' dir='ltr'><strong>Photius,</strong></span> <span class='ocrx_word' id='word_1_527' title='bbox 1555 4732 1814 4789; x_wconf 72' lang='lat' dir='ltr'><strong>Biblioth.</strong></span> <span class='ocrx_word' id='word_1_528' title='bbox 1847 4736 2003 4792; x_wconf 83' lang='lat' dir='ltr'><strong>codd.</strong></span> <span class='ocrx_word' id='word_1_529' title='bbox 2044 4738 2168 4805; x_wconf 80' lang='grc'>109,</span> <span class='ocrx_word' id='word_1_530' title='bbox 2206 4739 2328 4804; x_wconf 81' lang='grc'><strong>110,</strong></span> <span class='ocrx_word' id='word_1_531' title='bbox 2362 4743 2509 4813; x_wconf 48' lang='lat' dir='ltr'><strong>HL;</strong></span> 
     </span>
    </p>
   </div>
   <div class='ocr_carea' id='block_1_80' title="bbox 340 4818 1833 4901">
    <p class='ocr_par' dir='ltr' id='par_1_80' title="bbox 340 4818 1833 4901">
     <span class='ocr_line' id='line_1_80' title="bbox 340 4818 1833 4901; baseline 0.007 -29"><span class='ocrx_word' id='word_1_532' title='bbox 340 4818 674 4894; x_wconf 78' lang='grc' dir='ltr'>Ἀνεγνὼσθη</span> <span class='ocrx_word' id='word_1_533' title='bbox 704 4823 1019 4895; x_wconf 82' lang='grc' dir='ltr'><strong>Κλήμεντος</strong></span> <span class='ocrx_word' id='word_1_534' title='bbox 1046 4826 1434 4899; x_wconf 79' lang='grc' dir='ltr'>Ἀλεξανδρέως</span> <span class='ocrx_word' id='word_1_535' title='bbox 1463 4827 1833 4901; x_wconf 77' lang='grc' dir='ltr'>πρεσϐυτέρου</span> 
     </span>
    </p>
   </div>
   <div class='ocr_carea' id='block_1_81' title="bbox 253 4910 1836 4990">
    <p class='ocr_par' dir='ltr' id='par_1_81' title="bbox 253 4910 1836 4990">
     <span class='ocr_line' id='line_1_81' title="bbox 253 4910 1836 4990; baseline 0.004 -24"><span class='ocrx_word' id='word_1_536' title='bbox 253 4912 422 4983; x_wconf 77' lang='grc' dir='ltr'>τεύχη</span> <span class='ocrx_word' id='word_1_537' title='bbox 457 4910 677 4983; x_wconf 77' lang='grc' dir='ltr'>βιϐλίων</span> <span class='ocrx_word' id='word_1_538' title='bbox 712 4916 868 4985; x_wconf 73' lang='grc' dir='ltr'>τρία·</span> <span class='ocrx_word' id='word_1_539' title='bbox 916 4911 990 4969; x_wconf 85' lang='grc' dir='ltr'>ὧν</span> <span class='ocrx_word' id='word_1_540' title='bbox 1033 4917 1096 4970; x_wconf 84' lang='grc' dir='ltr'><strong>τὸ</strong></span> <span class='ocrx_word' id='word_1_541' title='bbox 1148 4918 1245 4988; x_wconf 84' lang='grc' dir='ltr'>μὲν</span> <span class='ocrx_word' id='word_1_542' title='bbox 1283 4918 1593 4989; x_wconf 79' lang='grc' dir='ltr'>ἐπιγραφὴν</span> <span class='ocrx_word' id='word_1_543' title='bbox 1625 4918 1836 4990; x_wconf 77' lang='grc' dir='ltr'>ἔλαχεν,</span> 
     </span>
    </p>
   </div>
   <div class='ocr_carea' id='block_1_82' title="bbox 263 5002 1839 5079">
    <p class='ocr_par' dir='ltr' id='par_1_82' title="bbox 263 5002 1839 5079">
     <span class='ocr_line' id='line_1_82' title="bbox 263 5002 1839 5079; baseline 0.004 -20"><span class='ocrx_word' id='word_1_544' title='bbox 263 5002 711 5070; x_wconf 69' lang='grc' dir='ltr'><strong>’Υποτυστώσεις</strong></span> <span class='ocrx_word' id='word_1_545' title='bbox 728 5044 744 5068; x_wconf 95' lang='grc'><strong>,</strong></span> <span class='ocrx_word' id='word_1_546' title='bbox 793 5006 855 5058; x_wconf 81' lang='grc' dir='ltr'><strong>τὸ</strong></span> <span class='ocrx_word' id='word_1_547' title='bbox 897 5006 954 5061; x_wconf 79' lang='grc' dir='ltr'>δὲ</span> <span class='ocrx_word' id='word_1_548' title='bbox 989 5009 1373 5079; x_wconf 83' lang='grc' dir='ltr'>Στρωματεῖς,</span> <span class='ocrx_word' id='word_1_549' title='bbox 1411 5009 1472 5062; x_wconf 87' lang='grc' dir='ltr'><strong>τὸ</strong></span> <span class='ocrx_word' id='word_1_550' title='bbox 1516 5009 1574 5062; x_wconf 84' lang='grc' dir='ltr'>δὲ</span> <span class='ocrx_word' id='word_1_551' title='bbox 1624 5012 1839 5065; x_wconf 84' lang='grc' dir='ltr'>Παιδα-</span> 
     </span>
    </p>
   </div>
   <div class='ocr_carea' id='block_1_83' title="bbox 250 5096 462 5164">
    <p class='ocr_par' dir='ltr' id='par_1_83' title="bbox 250 5096 462 5164">
     <span class='ocr_line' id='line_1_83' title="bbox 250 5096 462 5164; baseline 0 -2"><span class='ocrx_word' id='word_1_552' title='bbox 250 5096 462 5164; x_wconf 63' lang='grc' dir='ltr'><strong>τωγύςο</strong></span> 
     </span>
    </p>
   </div>
   <div class='ocr_carea' id='block_1_84' title="bbox 324 5205 1835 5286">
    <p class='ocr_par' dir='ltr' id='par_1_84' title="bbox 324 5205 1835 5286">
     <span class='ocr_line' id='line_1_84' title="bbox 324 5205 1835 5286; baseline 0.005 -27"><span class='ocrx_word' id='word_1_553' title='bbox 324 5208 389 5261; x_wconf 76' lang='grc' dir='ltr'><strong>Αἱ</strong></span> <span class='ocrx_word' id='word_1_554' title='bbox 421 5209 520 5278; x_wconf 84' lang='grc' dir='ltr'>μὲν</span> <span class='ocrx_word' id='word_1_555' title='bbox 545 5205 639 5262; x_wconf 76' lang='grc' dir='ltr'><strong>οὖν</strong></span> <span class='ocrx_word' id='word_1_556' title='bbox 666 5206 1108 5277; x_wconf 69' lang='grc' dir='ltr'>’Υποτυπώσεις</span> <span class='ocrx_word' id='word_1_557' title='bbox 1130 5212 1553 5284; x_wconf 76' lang='grc' dir='ltr'>διαλαμϐάνουσι</span> <span class='ocrx_word' id='word_1_558' title='bbox 1576 5214 1705 5286; x_wconf 70' lang='grc' dir='ltr'>περὶ</span> <span class='ocrx_word' id='word_1_559' title='bbox 1736 5218 1835 5286; x_wconf 77' lang='grc' dir='ltr'><strong>ῥη-</strong></span> 
     </span>
    </p>
   </div>
   <div class='ocr_carea' id='block_1_85' title="bbox 249 5296 1836 5376">
    <p class='ocr_par' dir='ltr' id='par_1_85' title="bbox 249 5296 1836 5376">
     <span class='ocr_line' id='line_1_85' title="bbox 249 5296 1836 5376; baseline 0.008 -30"><span class='ocrx_word' id='word_1_560' title='bbox 249 5296 361 5347; x_wconf 89' lang='grc' dir='ltr'><strong>τῶν</strong></span> <span class='ocrx_word' id='word_1_561' title='bbox 392 5315 553 5351; x_wconf 83' lang='grc' dir='ltr'>τινων</span> <span class='ocrx_word' id='word_1_562' title='bbox 578 5300 679 5370; x_wconf 82' lang='grc' dir='ltr'><strong>τῆς</strong></span> <span class='ocrx_word' id='word_1_563' title='bbox 704 5317 764 5353; x_wconf 88' lang='grc' dir='ltr'>τε</span> <span class='ocrx_word' id='word_1_564' title='bbox 797 5298 1038 5362; x_wconf 81' lang='grc' dir='ltr'>Παλαιᾶς</span> <span class='ocrx_word' id='word_1_565' title='bbox 1067 5302 1162 5354; x_wconf 75' lang='grc' dir='ltr'><strong>καὶ</strong></span> <span class='ocrx_word' id='word_1_566' title='bbox 1186 5302 1330 5367; x_wconf 73' lang='grc' dir='ltr'>Νέας</span> <span class='ocrx_word' id='word_1_567' title='bbox 1358 5304 1577 5376; x_wconf 82' lang='grc' dir='ltr'>Γραφῆς</span> <span class='ocrx_word' id='word_1_568' title='bbox 1594 5320 1608 5333; x_wconf 87' lang='grc'><strong>·</strong></span> <span class='ocrx_word' id='word_1_569' title='bbox 1640 5296 1713 5356; x_wconf 81' lang='grc' dir='ltr'>ὧν</span> <span class='ocrx_word' id='word_1_570' title='bbox 1740 5308 1836 5360; x_wconf 78' lang='grc' dir='ltr'><strong>καὶ</strong></span> 
     </span>
    </p>
   </div>
   <div class='ocr_carea' id='block_1_86' title="bbox 250 5387 1833 5467">
    <p class='ocr_par' dir='ltr' id='par_1_86' title="bbox 250 5387 1833 5467">
     <span class='ocr_line' id='line_1_86' title="bbox 250 5387 1833 5467; baseline 0.006 -28"><span class='ocrx_word' id='word_1_571' title='bbox 250 5387 656 5454; x_wconf 66' lang='grc' dir='ltr'>κεφαλαιωδῶς,</span> <span class='ocrx_word' id='word_1_572' title='bbox 685 5391 763 5455; x_wconf 83' lang='grc' dir='ltr'>ὡς</span> <span class='ocrx_word' id='word_1_573' title='bbox 784 5391 978 5462; x_wconf 81' lang='grc' dir='ltr'>δῆθεν,</span> <span class='ocrx_word' id='word_1_574' title='bbox 1014 5390 1269 5461; x_wconf 77' lang='grc' dir='ltr'>ἐξήγησιν</span> <span class='ocrx_word' id='word_1_575' title='bbox 1300 5410 1361 5448; x_wconf 81' lang='grc' dir='ltr'><strong>τι</strong></span> <span class='ocrx_word' id='word_1_576' title='bbox 1405 5396 1497 5448; x_wconf 81' lang='grc' dir='ltr'><strong>καὶ</strong></span> <span class='ocrx_word' id='word_1_577' title='bbox 1539 5396 1833 5467; x_wconf 79' lang='grc' dir='ltr'>ἑρμηνείαν</span> 
     </span>
    </p>
   </div>
   <div class='ocr_carea' id='block_1_87' title="bbox 248 5480 1829 5556">
    <p class='ocr_par' dir='ltr' id='par_1_87' title="bbox 248 5480 1829 5556">
     <span class='ocr_line' id='line_1_87' title="bbox 248 5480 1829 5556; baseline 0.008 -27"><span class='ocrx_word' id='word_1_578' title='bbox 248 5480 502 5531; x_wconf 73' lang='grc' dir='ltr'>ποιεῖται.</span> <span class='ocrx_word' id='word_1_579' title='bbox 534 5482 641 5534; x_wconf 68' lang='grc' dir='ltr'><strong>Καὶ</strong></span> <span class='ocrx_word' id='word_1_580' title='bbox 665 5482 722 5535; x_wconf 80' lang='grc' dir='ltr'>ἐν</span> <span class='ocrx_word' id='word_1_581' title='bbox 764 5501 873 5537; x_wconf 86' lang='grc' dir='ltr'>τισι</span> <span class='ocrx_word' id='word_1_582' title='bbox 904 5484 1000 5555; x_wconf 85' lang='grc' dir='ltr'><strong>μὲν</strong></span> <span class='ocrx_word' id='word_1_583' title='bbox 1032 5482 1211 5538; x_wconf 78' lang='grc' dir='ltr'>αὐτῶν</span> <span class='ocrx_word' id='word_1_584' title='bbox 1242 5484 1416 5555; x_wconf 82' lang='grc' dir='ltr'>ὀρθῶς</span> <span class='ocrx_word' id='word_1_585' title='bbox 1447 5486 1592 5541; x_wconf 87' lang='grc' dir='ltr'><strong>δοκεῖ</strong></span> <span class='ocrx_word' id='word_1_586' title='bbox 1629 5487 1829 5556; x_wconf 82' lang='grc' dir='ltr'>λέγειν,</span> 
     </span>
    </p>
   </div>
   <div class='ocr_carea' id='block_1_88' title="bbox 249 5570 1831 5649">
    <p class='ocr_par' dir='ltr' id='par_1_88' title="bbox 249 5570 1831 5649">
     <span class='ocr_line' id='line_1_88' title="bbox 249 5570 1831 5649; baseline 0.008 -28"><span class='ocrx_word' id='word_1_587' title='bbox 249 5570 307 5621; x_wconf 80' lang='grc' dir='ltr'>ἓν</span> <span class='ocrx_word' id='word_1_588' title='bbox 335 5586 444 5622; x_wconf 91' lang='grc' dir='ltr'>τισι</span> <span class='ocrx_word' id='word_1_589' title='bbox 475 5570 531 5623; x_wconf 82' lang='grc' dir='ltr'>δὲ</span> <span class='ocrx_word' id='word_1_590' title='bbox 560 5576 838 5640; x_wconf 89' lang='grc' dir='ltr'>παντελῶς</span> <span class='ocrx_word' id='word_1_591' title='bbox 871 5579 951 5641; x_wconf 74' lang='grc' dir='ltr'><strong>εἰς</strong></span> <span class='ocrx_word' id='word_1_592' title='bbox 984 5576 1197 5641; x_wconf 76' lang='grc' dir='ltr'>ἁσεὸεῖς</span> <span class='ocrx_word' id='word_1_593' title='bbox 1226 5576 1320 5629; x_wconf 75' lang='grc' dir='ltr'><strong>καὶ</strong></span> <span class='ocrx_word' id='word_1_594' title='bbox 1349 5578 1612 5647; x_wconf 84' lang='grc' dir='ltr'>μυθώδεις</span> <span class='ocrx_word' id='word_1_595' title='bbox 1641 5580 1831 5649; x_wconf 83' lang='grc' dir='ltr'>λόγους</span> 
     </span>
    </p>
   </div>
   <div class='ocr_carea' id='block_1_89' title="bbox 249 5660 1830 5742">
    <p class='ocr_par' dir='ltr' id='par_1_89' title="bbox 249 5660 1830 5742">
     <span class='ocr_line' id='line_1_89' title="bbox 249 5660 1830 5742; baseline 0.011 -29"><span class='ocrx_word' id='word_1_596' title='bbox 249 5660 561 5733; x_wconf 79' lang='grc' dir='ltr'>ἐκφέρεται.</span> <span class='ocrx_word' id='word_1_597' title='bbox 600 5663 775 5737; x_wconf 78' lang='grc' dir='ltr'>’ΐλην</span> <span class='ocrx_word' id='word_1_598' title='bbox 810 5687 869 5722; x_wconf 92' lang='grc' dir='ltr'><strong>τε</strong></span> <span class='ocrx_word' id='word_1_599' title='bbox 916 5669 1025 5742; x_wconf 84' lang='grc' dir='ltr'>γὰρ</span> <span class='ocrx_word' id='word_1_600' title='bbox 1060 5671 1284 5741; x_wconf 84' lang='grc' dir='ltr'>ἄχρονον</span> <span class='ocrx_word' id='word_1_601' title='bbox 1322 5670 1416 5723; x_wconf 76' lang='grc' dir='ltr'><strong>καὶ</strong></span> <span class='ocrx_word' id='word_1_602' title='bbox 1447 5672 1588 5736; x_wconf 76' lang='grc' dir='ltr'>ἰδέας</span> <span class='ocrx_word' id='word_1_603' title='bbox 1620 5673 1696 5736; x_wconf 84' lang='grc' dir='ltr'><strong>ὡς</strong></span> <span class='ocrx_word' id='word_1_604' title='bbox 1722 5675 1830 5730; x_wconf 83' lang='grc' dir='ltr'><strong>ἀπὸ</strong></span> 
     </span>
    </p>
   </div>
   <div class='ocr_carea' id='block_1_90' title="bbox 249 5752 1827 5830">
    <p class='ocr_par' dir='ltr' id='par_1_90' title="bbox 249 5752 1827 5830">
     <span class='ocr_line' id='line_1_90' title="bbox 249 5752 1827 5830; baseline 0.008 -25"><span class='ocrx_word' id='word_1_605' title='bbox 249 5752 414 5806; x_wconf 85' lang='grc' dir='ltr'>τινῶν</span> <span class='ocrx_word' id='word_1_606' title='bbox 444 5754 623 5825; x_wconf 78' lang='grc' dir='ltr'>ῥητῶν</span> <span class='ocrx_word' id='word_1_607' title='bbox 665 5757 1025 5830; x_wconf 76' lang='grc' dir='ltr'>εἰσαγομένας</span> <span class='ocrx_word' id='word_1_608' title='bbox 1066 5759 1297 5827; x_wconf 74' lang='grc' dir='ltr'>δοξάζει,</span> <span class='ocrx_word' id='word_1_609' title='bbox 1331 5761 1426 5814; x_wconf 75' lang='grc' dir='ltr'><strong>καὶ</strong></span> <span class='ocrx_word' id='word_1_610' title='bbox 1468 5763 1557 5814; x_wconf 76' lang='grc' dir='ltr'><strong>τὸν</strong></span> <span class='ocrx_word' id='word_1_611' title='bbox 1588 5763 1715 5815; x_wconf 80' lang='grc' dir='ltr'><strong>Υἰὸν</strong></span> <span class='ocrx_word' id='word_1_612' title='bbox 1747 5767 1827 5830; x_wconf 88' lang='grc' dir='ltr'>εἰς</span> 
     </span>
    </p>
   </div>
   <div class='ocr_carea' id='block_1_91' title="bbox 249 5846 1826 5926">
    <p class='ocr_par' dir='ltr' id='par_1_91' title="bbox 249 5846 1826 5926">
     <span class='ocr_line' id='line_1_91' title="bbox 249 5846 1826 5926; baseline 0.01 -28"><span class='ocrx_word' id='word_1_613' title='bbox 249 5846 453 5918; x_wconf 66' lang='grc' dir='ltr'>κτίσμα</span> <span class='ocrx_word' id='word_1_614' title='bbox 481 5846 727 5915; x_wconf 74' lang='grc' dir='ltr'>κατάγει.</span> <span class='ocrx_word' id='word_1_615' title='bbox 760 5852 879 5904; x_wconf 83' lang='grc' dir='ltr'><strong>Ἔτι</strong></span> <span class='ocrx_word' id='word_1_616' title='bbox 904 5853 960 5906; x_wconf 82' lang='grc' dir='ltr'>δὲ</span> <span class='ocrx_word' id='word_1_617' title='bbox 991 5852 1451 5926; x_wconf 79' lang='grc' dir='ltr'>μετεμψυχὼσεις,</span> <span class='ocrx_word' id='word_1_618' title='bbox 1480 5856 1570 5909; x_wconf 69' lang='grc' dir='ltr'><strong>καὶ</strong></span> <span class='ocrx_word' id='word_1_619' title='bbox 1600 5857 1826 5923; x_wconf 76' lang='grc' dir='ltr'><strong>πολλοὺς</strong></span> 
     </span>
    </p>
   </div>
   <div class='ocr_carea' id='block_1_92' title="bbox 249 5937 1822 6019">
    <p class='ocr_par' dir='ltr' id='par_1_92' title="bbox 249 5937 1822 6019">
     <span class='ocr_line' id='line_1_92' title="bbox 249 5937 1822 6019; baseline 0.01 -29"><span class='ocrx_word' id='word_1_620' title='bbox 249 5937 355 6010; x_wconf 76' lang='grc' dir='ltr'>πρὸ</span> <span class='ocrx_word' id='word_1_621' title='bbox 399 5938 493 5993; x_wconf 88' lang='grc' dir='ltr'><strong>τοῦ</strong></span> <span class='ocrx_word' id='word_1_622' title='bbox 530 5939 695 6011; x_wconf 81' lang='grc' dir='ltr'>Ἀδὰμ</span> <span class='ocrx_word' id='word_1_623' title='bbox 747 5942 986 6016; x_wconf 81' lang='grc' dir='ltr'>κόσμους</span> <span class='ocrx_word' id='word_1_624' title='bbox 1037 5946 1404 6019; x_wconf 85' lang='grc' dir='ltr'>τερατεύεται.</span> <span class='ocrx_word' id='word_1_625' title='bbox 1460 5948 1567 6001; x_wconf 71' lang='grc' dir='ltr'><strong>Καὶ</strong></span> <span class='ocrx_word' id='word_1_626' title='bbox 1613 5952 1675 6005; x_wconf 73' lang='grc' dir='ltr'>ἐκ</span> <span class='ocrx_word' id='word_1_627' title='bbox 1730 5952 1822 6006; x_wconf 89' lang='grc' dir='ltr'><strong>τοῦ</strong></span> 
     </span>
    </p>
   </div>
   <div class='ocr_carea' id='block_1_93' title="bbox 2020 4850 3521 4941">
    <p class='ocr_par' dir='ltr' id='par_1_93' title="bbox 2020 4850 3521 4941">
     <span class='ocr_line' id='line_1_93' title="bbox 2020 4850 3521 4941; baseline 0.015 -36"><span class='ocrx_word' id='word_1_628' title='bbox 2020 4850 2180 4907; x_wconf 87' lang='lat' dir='ltr'><strong>Lecta</strong></span> <span class='ocrx_word' id='word_1_629' title='bbox 2202 4865 2330 4908; x_wconf 85' lang='lat' dir='ltr'><strong>sunt</strong></span> <span class='ocrx_word' id='word_1_630' title='bbox 2356 4854 2655 4917; x_wconf 87' lang='lat' dir='ltr'><strong>Clementis</strong></span> <span class='ocrx_word' id='word_1_631' title='bbox 2685 4862 3039 4921; x_wconf 80' lang='lat' dir='ltr'><strong>Alexandrini</strong></span> <span class='ocrx_word' id='word_1_632' title='bbox 3084 4870 3386 4941; x_wconf 75' lang='lat' dir='ltr'><strong>presbyteri</strong></span> <span class='ocrx_word' id='word_1_633' title='bbox 3415 4875 3521 4929; x_wconf 86' lang='lat' dir='ltr'><strong>tria</strong></span> 
     </span>
    </p>
   </div>
   <div class='ocr_carea' id='block_1_94' title="bbox 1948 4943 3518 5032">
    <p class='ocr_par' dir='ltr' id='par_1_94' title="bbox 1948 4943 3518 5032">
     <span class='ocr_line' id='line_1_94' title="bbox 1948 4943 3518 5032; baseline 0.015 -35"><span class='ocrx_word' id='word_1_634' title='bbox 1948 4943 2208 4998; x_wconf 90' lang='lat' dir='ltr'><strong>librorum</strong></span> <span class='ocrx_word' id='word_1_635' title='bbox 2242 4947 2557 5018; x_wconf 82' lang='lat' dir='ltr'><strong>volumina;</strong></span> <span class='ocrx_word' id='word_1_636' title='bbox 2602 4970 2834 5024; x_wconf 88' lang='lat' dir='ltr'><strong>quorum</strong></span> <span class='ocrx_word' id='word_1_637' title='bbox 2872 4958 3036 5012; x_wconf 89' lang='lat' dir='ltr'><strong>unius</strong></span> <span class='ocrx_word' id='word_1_638' title='bbox 3066 4959 3351 5032; x_wconf 89' lang='lat' dir='ltr'><strong>inscriptio</strong></span> <span class='ocrx_word' id='word_1_639' title='bbox 3392 4974 3471 5019; x_wconf 85' lang='lat' dir='ltr'><strong>est</strong></span> <span class='ocrx_word' id='word_1_640' title='bbox 3501 5008 3518 5031; x_wconf 95' lang='lat'><strong>,</strong></span> 
     </span>
    </p>
   </div>
   <div class='ocr_carea' id='block_1_95' title="bbox 1949 5033 3518 5113">
    <p class='ocr_par' dir='ltr' id='par_1_95' title="bbox 1949 5033 3518 5113">
     <span class='ocr_line' id='line_1_95' title="bbox 1949 5033 3518 5113; baseline 0.017 -27"><span class='ocrx_word' id='word_1_641' title='bbox 1949 5033 2311 5105; x_wconf 76' lang='lat' dir='ltr'><strong>liypotyposes</strong></span> <span class='ocrx_word' id='word_1_642' title='bbox 2328 5054 2351 5102; x_wconf 84' lang='lat'><strong>,&#39;</strong></span> <span class='ocrx_word' id='word_1_643' title='bbox 2382 5042 2613 5100; x_wconf 82' lang='lat' dir='ltr'><strong>alterius</strong></span> <span class='ocrx_word' id='word_1_644' title='bbox 2656 5045 3023 5113; x_wconf 79' lang='lat' dir='ltr'><strong>Stromaleus;</strong></span> <span class='ocrx_word' id='word_1_645' title='bbox 3053 5054 3193 5108; x_wconf 89' lang='lat' dir='ltr'><strong>tertii</strong></span> <span class='ocrx_word' id='word_1_646' title='bbox 3238 5071 3368 5110; x_wconf 75' lang='lat' dir='ltr'><strong>vero</strong></span> <span class='ocrx_word' id='word_1_647' title='bbox 3398 5057 3518 5112; x_wconf 78' lang='lat' dir='ltr'><strong>Pa:-</strong></span> 
     </span>
    </p>
   </div>
   <div class='ocr_carea' id='block_1_96' title="bbox 1944 5128 2195 5198">
    <p class='ocr_par' dir='ltr' id='par_1_96' title="bbox 1944 5128 2195 5198">
     <span class='ocr_line' id='line_1_96' title="bbox 1944 5128 2195 5198; baseline 0.008 -19"><span class='ocrx_word' id='word_1_648' title='bbox 1944 5128 2195 5198; x_wconf 83' lang='lat' dir='ltr'><strong>dagogus.</strong></span> 
     </span>
    </p>
   </div>
   <div class='ocr_carea' id='block_1_97' title="bbox 2018 5222 3515 5302">
    <p class='ocr_par' dir='ltr' id='par_1_97' title="bbox 2018 5222 3515 5302">
     <span class='ocr_line' id='line_1_97' title="bbox 2018 5222 3515 5302; baseline 0.015 -29"><span class='ocrx_word' id='word_1_649' title='bbox 2018 5222 2379 5293; x_wconf 70' lang='lat' dir='ltr'><strong>Ilypotyposec</strong></span> <span class='ocrx_word' id='word_1_650' title='bbox 2437 5231 2656 5297; x_wconf 89' lang='lat' dir='ltr'><strong>quidem</strong></span> <span class='ocrx_word' id='word_1_651' title='bbox 2706 5232 3155 5302; x_wconf 87' lang='lat' dir='ltr'><strong>disceptationem</strong></span> <span class='ocrx_word' id='word_1_652' title='bbox 3235 5240 3515 5296; x_wconf 90' lang='lat' dir='ltr'><strong>continent</strong></span> 
     </span>
    </p>
   </div>
   <div class='ocr_carea' id='block_1_98' title="bbox 1942 5312 3517 5399">
    <p class='ocr_par' dir='ltr' id='par_1_98' title="bbox 1942 5312 3517 5399">
     <span class='ocr_line' id='line_1_98' title="bbox 1942 5312 3517 5399; baseline 0.011 -33"><span class='ocrx_word' id='word_1_653' title='bbox 1942 5312 2184 5369; x_wconf 91' lang='lat' dir='ltr'><strong>locorum</strong></span> <span class='ocrx_word' id='word_1_654' title='bbox 2217 5315 2428 5385; x_wconf 87' lang='lat' dir='ltr'><strong>aliquot</strong></span> <span class='ocrx_word' id='word_1_655' title='bbox 2456 5317 2666 5376; x_wconf 81' lang='lat' dir='ltr'><strong>Veteris</strong></span> <span class='ocrx_word' id='word_1_656' title='bbox 2689 5320 2937 5392; x_wconf 80' lang='lat' dir='ltr'><strong>Novique</strong></span> <span class='ocrx_word' id='word_1_657' title='bbox 2970 5325 3303 5382; x_wconf 89' lang='lat' dir='ltr'><strong>Testamenti</strong></span> <span class='ocrx_word' id='word_1_658' title='bbox 3325 5368 3341 5389; x_wconf 88' lang='lat'><strong>.</strong></span> <span class='ocrx_word' id='word_1_659' title='bbox 3392 5346 3517 5399; x_wconf 62' lang='lat' dir='ltr'><strong>qua:</strong></span> 
     </span>
    </p>
   </div>
   <div class='ocr_carea' id='block_1_99' title="bbox 1940 5406 3512 5487">
    <p class='ocr_par' dir='ltr' id='par_1_99' title="bbox 1940 5406 3512 5487">
     <span class='ocr_line' id='line_1_99' title="bbox 1940 5406 3512 5487; baseline 0.012 -27"><span class='ocrx_word' id='word_1_660' title='bbox 1940 5406 2103 5461; x_wconf 89' lang='lat' dir='ltr'><strong>etiam</strong></span> <span class='ocrx_word' id='word_1_661' title='bbox 2136 5410 2451 5465; x_wconf 86' lang='lat' dir='ltr'><strong>summatim</strong></span> <span class='ocrx_word' id='word_1_662' title='bbox 2476 5415 2711 5483; x_wconf 70' lang='lat' dir='ltr'><strong>explicat</strong></span> <span class='ocrx_word' id='word_1_663' title='bbox 2740 5424 2795 5469; x_wconf 91' lang='lat' dir='ltr'><strong>et</strong></span> <span class='ocrx_word' id='word_1_664' title='bbox 2820 5416 3227 5487; x_wconf 90' lang='lat' dir='ltr'><strong>interpretatur.</strong></span> <span class='ocrx_word' id='word_1_665' title='bbox 3266 5420 3382 5475; x_wconf 83' lang='lat' dir='ltr'><strong>Etsi</strong></span> <span class='ocrx_word' id='word_1_666' title='bbox 3413 5440 3512 5479; x_wconf 88' lang='lat' dir='ltr'><strong>au-</strong></span> 
     </span>
    </p>
   </div>
   <div class='ocr_carea' id='block_1_100' title="bbox 1940 5501 3509 5579">
    <p class='ocr_par' dir='ltr' id='par_1_100' title="bbox 1940 5501 3509 5579">
     <span class='ocr_line' id='line_1_100' title="bbox 1940 5501 3509 5579; baseline 0.013 -28"><span class='ocrx_word' id='word_1_667' title='bbox 1940 5506 2049 5553; x_wconf 90' lang='lat' dir='ltr'><strong>tem</strong></span> <span class='ocrx_word' id='word_1_668' title='bbox 2087 5507 2231 5553; x_wconf 88' lang='lat' dir='ltr'><strong>recte</strong></span> <span class='ocrx_word' id='word_1_669' title='bbox 2268 5501 2320 5553; x_wconf 91' lang='lat' dir='ltr'><strong>in</strong></span> <span class='ocrx_word' id='word_1_670' title='bbox 2345 5504 2671 5572; x_wconf 87' lang='lat' dir='ltr'><strong>quibusdam</strong></span> <span class='ocrx_word' id='word_1_671' title='bbox 2719 5511 2922 5565; x_wconf 86' lang='lat' dir='ltr'><strong>sentire</strong></span> <span class='ocrx_word' id='word_1_672' title='bbox 2949 5513 3100 5566; x_wconf 76' lang='lat' dir='ltr'><strong>visus</strong></span> <span class='ocrx_word' id='word_1_673' title='bbox 3126 5523 3230 5579; x_wconf 89' lang='lat' dir='ltr'><strong>est,</strong></span> <span class='ocrx_word' id='word_1_674' title='bbox 3283 5516 3338 5569; x_wconf 92' lang='lat' dir='ltr'><strong>in</strong></span> <span class='ocrx_word' id='word_1_675' title='bbox 3385 5517 3509 5571; x_wconf 77' lang='lat' dir='ltr'><strong>aliis</strong></span> 
     </span>
    </p>
   </div>
   <div class='ocr_carea' id='block_1_101' title="bbox 1938 5591 3509 5672">
    <p class='ocr_par' dir='ltr' id='par_1_101' title="bbox 1938 5591 3509 5672">
     <span class='ocr_line' id='line_1_101' title="bbox 1938 5591 3509 5672; baseline 0.013 -30"><span class='ocrx_word' id='word_1_676' title='bbox 1938 5604 2133 5644; x_wconf 90' lang='lat' dir='ltr'><strong>rursus</strong></span> <span class='ocrx_word' id='word_1_677' title='bbox 2167 5591 2329 5659; x_wconf 91' lang='lat' dir='ltr'><strong>impie</strong></span> <span class='ocrx_word' id='word_1_678' title='bbox 2362 5597 2587 5651; x_wconf 91' lang='lat' dir='ltr'><strong>omnino</strong></span> <span class='ocrx_word' id='word_1_679' title='bbox 2620 5597 2978 5672; x_wconf 80' lang='lat' dir='ltr'><strong>fabuloseqoe</strong></span> <span class='ocrx_word' id='word_1_680' title='bbox 3008 5604 3246 5658; x_wconf 84' lang='lat' dir='ltr'><strong>disserit.</strong></span> <span class='ocrx_word' id='word_1_681' title='bbox 3296 5607 3509 5663; x_wconf 80' lang='lat' dir='ltr'><strong>Asserit</strong></span> 
     </span>
    </p>
   </div>
   <div class='ocr_carea' id='block_1_102' title="bbox 1935 5682 3508 5759">
    <p class='ocr_par' dir='ltr' id='par_1_102' title="bbox 1935 5682 3508 5759">
     <span class='ocr_line' id='line_1_102' title="bbox 1935 5682 3508 5759; baseline 0.011 -24"><span class='ocrx_word' id='word_1_682' title='bbox 1935 5682 2081 5736; x_wconf 90' lang='lat' dir='ltr'><strong>enim</strong></span> <span class='ocrx_word' id='word_1_683' title='bbox 2113 5684 2397 5740; x_wconf 86' lang='lat' dir='ltr'><strong>materiam</strong></span> <span class='ocrx_word' id='word_1_684' title='bbox 2428 5699 2682 5744; x_wconf 65' lang='lat' dir='ltr'><strong>aeternam</strong></span> <span class='ocrx_word' id='word_1_685' title='bbox 2710 5708 2853 5759; x_wconf 87' lang='lat' dir='ltr'><strong>esse,</strong></span> <span class='ocrx_word' id='word_1_686' title='bbox 2884 5703 2937 5748; x_wconf 88' lang='lat' dir='ltr'><strong>et</strong></span> <span class='ocrx_word' id='word_1_687' title='bbox 2976 5693 3126 5749; x_wconf 89' lang='lat' dir='ltr'><strong>ideas</strong></span> <span class='ocrx_word' id='word_1_688' title='bbox 3153 5697 3319 5750; x_wconf 82' lang='lat' dir='ltr'><strong>veluti</strong></span> <span class='ocrx_word' id='word_1_689' title='bbox 3343 5701 3508 5754; x_wconf 85' lang='lat' dir='ltr'><strong>certis</strong></span> 
     </span>
    </p>
   </div>
   <div class='ocr_carea' id='block_1_103' title="bbox 1934 5772 3508 5855">
    <p class='ocr_par' dir='ltr' id='par_1_103' title="bbox 1934 5772 3508 5855">
     <span class='ocr_line' id='line_1_103' title="bbox 1934 5772 3508 5855; baseline 0.013 -30"><span class='ocrx_word' id='word_1_690' title='bbox 1934 5772 2167 5828; x_wconf 89' lang='lat' dir='ltr'><strong>decretis</strong></span> <span class='ocrx_word' id='word_1_691' title='bbox 2214 5773 2399 5831; x_wconf 86' lang='lat' dir='ltr'><strong>induci</strong></span> <span class='ocrx_word' id='word_1_692' title='bbox 2462 5780 2613 5850; x_wconf 79' lang='lat' dir='ltr'><strong>lingit</strong></span> <span class='ocrx_word' id='word_1_693' title='bbox 2653 5800 2667 5836; x_wconf 91' lang='lat'><strong>;</strong></span> <span class='ocrx_word' id='word_1_694' title='bbox 2704 5782 2903 5838; x_wconf 81' lang='lat' dir='ltr'><strong>Filium</strong></span> <span class='ocrx_word' id='word_1_695' title='bbox 2954 5800 3175 5855; x_wconf 87' lang='lat' dir='ltr'><strong>quoque</strong></span> <span class='ocrx_word' id='word_1_696' title='bbox 3228 5786 3283 5840; x_wconf 77' lang='lat' dir='ltr'><strong>in</strong></span> <span class='ocrx_word' id='word_1_697' title='bbox 3341 5789 3508 5845; x_wconf 67' lang='lat' dir='ltr'><strong>rebus</strong></span> 
     </span>
    </p>
   </div>
   <div class='ocr_carea' id='block_1_104' title="bbox 1933 5865 3506 5946">
    <p class='ocr_par' dir='ltr' id='par_1_104' title="bbox 1933 5865 3506 5946">
     <span class='ocr_line' id='line_1_104' title="bbox 1933 5865 3506 5946; baseline 0.012 -29"><span class='ocrx_word' id='word_1_698' title='bbox 1933 5865 2132 5920; x_wconf 89' lang='lat' dir='ltr'><strong>creatis</strong></span> <span class='ocrx_word' id='word_1_699' title='bbox 2163 5872 2542 5925; x_wconf 71' lang='lat' dir='ltr'><strong>numeratzAd</strong></span> <span class='ocrx_word' id='word_1_700' title='bbox 2598 5874 2714 5929; x_wconf 75' lang='lat' dir='ltr'><strong>lnee</strong></span> <span class='ocrx_word' id='word_1_701' title='bbox 2762 5876 3070 5931; x_wconf 82' lang='lat' dir='ltr'><strong>animarum</strong></span> <span class='ocrx_word' id='word_1_702' title='bbox 3122 5878 3506 5946; x_wconf 70' lang='lat' dir='ltr'><strong>migrationes.</strong></span> 
     </span>
    </p>
   </div>
   <div class='ocr_carea' id='block_1_105' title="bbox 1934 5960 3508 6041">
    <p class='ocr_par' dir='ltr' id='par_1_105' title="bbox 1934 5960 3508 6041">
     <span class='ocr_line' id='line_1_105' title="bbox 1934 5960 3508 6041; baseline 0.011 -28"><span class='ocrx_word' id='word_1_703' title='bbox 1934 5960 2245 6032; x_wconf 86' lang='lat' dir='ltr'><strong>multosque</strong></span> <span class='ocrx_word' id='word_1_704' title='bbox 2280 5972 2407 6021; x_wconf 87' lang='lat' dir='ltr'><strong>ante</strong></span> <span class='ocrx_word' id='word_1_705' title='bbox 2431 5965 2701 6022; x_wconf 80' lang='lat' dir='ltr'><strong>Adamum</strong></span> <span class='ocrx_word' id='word_1_706' title='bbox 2733 5968 2967 6025; x_wconf 89' lang='lat' dir='ltr'><strong>mundos</strong></span> <span class='ocrx_word' id='word_1_707' title='bbox 2998 5972 3311 6041; x_wconf 76' lang='lat' dir='ltr'><strong>prodigiose</strong></span> <span class='ocrx_word' id='word_1_708' title='bbox 3354 5987 3508 6029; x_wconf 59' lang='lat' dir='ltr'><strong>comp</strong></span> 
     </span>
    </p>
   </div>
  </div>
