4456 6564
856 460 925 519 ιτ

2049 465 2366 525 CLEMENS
2400 469 2965 530 ALEXANDRINUS.

4040 481 4110 535 ιε

858 583 1191 643 miniscitur.
1228 586 1395 644 Evam
1418 597 1702 660 praetcrea,
1731 605 1796 645 ex
1818 589 2050 656 Adamo,
2068 608 2177 647 non
2204 601 2263 646 ut
2281 591 2424 646 sacri
2455 598 2500 653 Α
2541 592 2618 646 ‘Ai

2350 591 2424 646 cri
2455 598 2500 653 Α
2541 592 2713 663 Ἀδὰμ
2757 594 2856 665 τὴν
2900 591 3064 658 Εὕαν,
3112 593 3210 662 οὐχ
3260 590 3337 656 ὡς
3378 593 3407 645 ὁ
3458 594 3908 669 ἐκκλησιαστικὺς
3953 596 4110 666 λόγος

856 677 984 732 libri
1005 679 1248 747 tradunt,
1275 681 1370 736 sed
1399 680 1637 737 obscene
1667 689 1828 753 atque
1855 681 2020 753 impie
2033 685 2232 740 educit.
2253 686 2429 755 Ange-

856 767 942 824 los
971 784 1190 841 quoque
1232 787 1354 826 cum
1391 769 1610 828 feminis
1658 787 2002 844 congressos,
2047 775 2249 830 liberos
2305 777 2429 830 inde

857 861 1152 918 sustulisse
1197 863 1452 917 somniat.
1491 861 1636 929 Quin
1681 874 1736 920 et
1769 861 2005 918 Verbum
2053 881 2270 921 carnem
2317 881 2427 920 non

855 970 980 1009 esse
1014 953 1222 1010 factum
1247 995 1263 1020 ,
1293 957 1386 1011 sed
1429 956 1501 1010 ita
1540 955 1719 1012 visum
1752 958 2037 1012 duntaxat.
2071 959 2190 1014 Duo
2212 959 2278 1014 ad
2311 959 2428 1014 hth

855 1045 1037 1103 Patris
1060 1045 1239 1104 Verba
1265 1049 1489 1103 ﬁtmsse
1506 1048 1954 1120 deprehenditur,
1985 1066 2218 1120 quorum
2247 1051 2428 1108 minus

856 1139 1181 1194 mortalibus
1199 1141 1271 1194 sit
1293 1140 1490 1205 visum,
1515 1140 1628 1196 imo
1654 1157 1722 1195 ne
1753 1142 1854 1195 hoc
1892 1141 2147 1210 quidem;
2171 1144 2252 1199 sic
2281 1143 2424 1197 enim

856 1230 1049 1286 scribit
1089 1251 1103 1285 :
1136 1231 1350 1284 Dicitur
1379 1231 1591 1302 quidem
1616 1243 1665 1287 et
1699 1233 1870 1286 Filius
1906 1233 2130 1288 Verbum
2173 1235 2429 1306 requirere

855 1337 977 1375 cum
1004 1321 1193 1376 Patrio
1241 1320 1430 1378 Verbo.
1480 1323 1669 1378 Verum
1703 1340 1863 1394 neque
1895 1325 1990 1379 hoc
2022 1326 2155 1380 illud
2205 1326 2426 1381 Verbum

854 1421 955 1476 est,
1010 1415 1149 1482 quod
1194 1431 1322 1468 caro
1376 1415 1576 1491 factum
1610 1424 1722 1479 est,
1783 1432 1949 1484 neque
1975 1418 2138 1471 etiam
2181 1417 2427 1472 Patrium

857 1506 994 1560 illud
1030 1505 1290 1572 Verbum;
1325 1509 1413 1561 sed
1443 1510 1517 1561 vis
1544 1507 1787 1577 quadam
1808 1525 1870 1561 ac
1899 1519 2130 1578 potestas
2161 1509 2280 1576 Dei,
2309 1519 2428 1562 tan-

854 1612 1015 1668 quam
1043 1615 1076 1651 a
1105 1597 1270 1652 Verbo
1301 1599 1412 1668 ipso
1440 1598 1730 1666 pro/luens,
1761 1615 1903 1653 mens
1925 1601 2131 1669 effecta,
2160 1602 2427 1654 hominum

2533 683 2801 754 βούλεται,
2832 686 2945 740 ἀλλ’
2992 683 3231 757 αἰσχρῶς
3271 698 3331 734 τε
3379 683 3472 736 καὶ
3510 685 3684 751 ἀθέως
3725 687 4107 760 ἀποφαίνεταιο

2533 776 2822 846 μίγνυσθαί
2845 796 2905 831 τε
2937 779 3060 840 τοὺς
3083 774 3348 846 ἀγγέλους
3379 775 3616 841 γυναιξὶ,
3643 779 3738 832 καὶ
3775 781 4112 834 παιδοποιεῖν

2529 867 2589 933 ἐξ
2616 869 2794 923 αὐτῶν
2821 869 3167 942 ὀνειροπολεῖ.
3185 867 3294 920 Καὶ
3323 864 3396 936 μὴ
3429 867 3774 938 σαρκωθῆναι
3797 872 3889 925 τὸν
3915 871 4108 942 Λόγον,

2529 960 2667 1014 ἀλλὰ
2695 962 2863 1027 δόξαι.
2902 963 3106 1032 Λόγους
3131 978 3191 1014 τε
3220 958 3314 1014 τοῦ
3356 957 3567 1028 Πατρὺς
3611 958 3704 1012 δύο
3743 964 4112 1034 τερατολογιῖΝ

2527 1053 2916 1125 ἀπελέγχεται·
2953 1047 3027 1106 ὧν
3059 1053 3150 1105 τὸν
3183 1052 3380 1122 ἥττονα
3412 1050 3522 1111 τοῖς
3566 1047 3870 1119 ἀνθρώποις
3913 1057 4110 1126 ἐπιφα-

2527 1145 2705 1214 νῆναι,
2744 1147 2944 1216 μᾶλλον
2987 1146 3045 1199 δὲ
3083 1144 3202 1197 οὐδὲ
3247 1145 3472 1196 ἐκεῖνον’
3525 1140 3658 1212 φησί
3689 1141 3823 1211 γάρ·
3868 1147 4110 1216 Λέγεται

2522 1237 2640 1305 μὲν
2665 1238 2764 1290 καί
2787 1242 2820 1292 ὀ
2851 1240 2982 1305 Υίὸς
3003 1240 3210 1306 Λόγος,
3237 1237 3556 1305 ὁμωνύμως
3581 1232 3660 1298 τῷ
3687 1237 3955 1302 Πατρικῷ
4000 1241 4111 1293 Λό-

2529 1344 2632 1394 τῳο
2667 1329 2805 1382 ἀλλ’
2833 1330 2947 1397 οὐχ
2977 1325 3153 1392 οὗτός
3181 1327 3350 1378 ἐστιν
3371 1328 3404 1379 δ
3429 1323 3584 1391 σὰρξ
3606 1324 3943 1392 γενόμενος,
3968 1327 4111 1381 οὐδὲ

2522 1413 2649 1486 μὴν
2689 1423 2722 1473 ό
2755 1419 3032 1488 Πατρῷος
3075 1418 3296 1486 Λόγος,
3347 1415 3509 1470 ἀλλὰ
3564 1415 3818 1485 δύναμίς
3866 1433 3955 1482 τις
4001 1418 4109 1472 τοῦ

2531 1511 2680 1564 Θεοῦ
2707 1507 2837 1564 οἷον
2869 1513 3152 1578 ἀπόῤῥοια
3182 1508 3286 1562 τοῦ
3310 1508 3504 1578 Λόγου
3533 1508 3740 1568 αὑτοῦ,
3770 1509 3917 1575 νοῦς
3940 1511 4108 1579 γενόά

2522 1619 2724 1670 μενος,
2752 1603 2858 1669 τὰς
2893 1603 3009 1655 τῶν
3031 1600 3357 1668 ἀνθρώπων
3391 1598 3639 1667 καρδίας
3664 1599 4104 1670 διαπεφοίτηκε.

856 1689 1064 1744 animos
1092 1690 1340 1758 pervasit.
1372 1689 1504 1755 Quae
1539 1691 1759 1760 quidem
1801 1693 1984 1746 omnia
2031 1691 2087 1745 S.
2133 1691 2427 1762 Scriptura;
2527 1693 2616 1746 Ka‘

2354 1707 2427 1745 rae
2527 1693 2637 1746 Καὶ
2665 1694 2834 1746 ταῦτα
2867 1694 3038 1746 πάντα
3067 1691 3175 1744 ἀπὸ
3203 1691 3382 1761 ῥητῶν
3424 1708 3588 1746 τινων
3636 1694 3891 1764 πειρᾶται
3941 1711 4110 1748 κατα-

852 1782 1184 1837 tcstimoniis
1218 1783 1431 1853 aliquot
1470 1793 1716 1840 astruere
1755 1784 1966 1841 nititur.
1998 1783 2139 1849 Quin
2166 1784 2327 1838 etiam
2375 1793 2429 1837 et
2530 1800 2612 1836 σκε

2375 1793 2429 1837 et
2530 1783 2816 1846 σκευάζειν
2843 1783 2943 1852 τῆς
2971 1780 3214 1850 Γραφῆς.
3245 1779 3356 1832 Kal.
3399 1779 3532 1834 ἄλλα
3565 1781 3621 1834 δὲ
3656 1783 3823 1852 μυρία
3869 1781 4111 1853 βλασφη-

852 1873 962 1928 alia
995 1873 1049 1926 id
1097 1888 1272 1945 genus
1322 1885 1578 1930 sexcenta
1631 1876 1949 1944 blasphema
1999 1889 2130 1928 voce
2166 1882 2466 1945 nugatur,
2532 1880 2612 1945 μεῑ

2349 1889 2424 1934 tr,
2459 1944 2466 1945 ί
2532 1879 2623 1945 μεῖ
2653 1875 2742 1928 καὶ
2776 1874 3020 1944 φλυαρεῖ,
3055 1871 3166 1923 εἴτε
3200 1873 3380 1935 αὐτὸς,
3415 1873 3524 1925 είτε
3552 1890 3637 1936 τις
3671 1873 3877 1944 ἔτερος,
3919 1874 3980 1927 τὸ
4005 1873 4109 1928 αὐ-

852 1980 953 2020 seu
979 1965 1116 2035 ipse,
1159 1965 1278 2020 sive
1319 1967 1443 2034 quis
1468 1967 1629 2032 alius,
1675 1967 1794 2036 ejus
1824 1982 2116 2035 personam
2162 1967 2421 2035 indutus;
2461 1964 2500 2000 υ
2527 1966 2612 2018 to:

2349 1984 2421 2035 IS;
2461 1964 2500 2000 ¹⁵
2527 1966 2620 2018 τοῦ
2663 1966 2948 2037 πρόσωπον
2981 1964 3312 2034 ὑποκριθείς.
3363 1965 3728 2036 Ἐποιήθησαν
3764 1967 3820 2019 δὲ
3854 1965 4000 2036 αὑτῷ
4049 1966 4109 2021 al

851 2054 1016 2127 plane
1048 2065 1110 2110 ut
1151 2067 1278 2111 octo
1305 2058 1452 2126 ipsos
1505 2056 1702 2112 Libros
1749 2056 1902 2112 hisce
1955 2057 2424 2127 blasphemiarum
2529 2057 2611 2128 βλέ

2349 2076 2424 2114 nn
2529 2057 2834 2128 βλάσφημοι
2861 2049 3019 2110 αὗται
3049 2057 3425 2128 τερατολογίαι
3459 2058 3516 2111 ὲν
3543 2058 3728 2129 τὸμοις
3755 2059 3916 2112 ὀκτώ.
3945 2060 4109 2130 Λέγει

855 2148 1154 2219 portentis,
1181 2147 1466 2204 deiiisdem
1493 2149 1789 2203 identidem
1818 2149 2163 2216 disserendo,
2183 2165 2247 2205 ac
2269 2167 2426 2221 spar-

852 2241 959 2294 sim
1001 2248 1166 2310 atque
1192 2238 1440 2306 conﬁse,
1467 2239 1636 2294 veluti
1691 2248 1914 2309 stupore
1946 2242 2254 2310 perculsus,
2281 2241 2428 2296 Scri-

849 2343 1046 2404 pturas
1066 2332 1438 2402 producendo,
1470 2333 1774 2403 repleverit.
1812 2330 2062 2388 Universi
2087 2343 2266 2388 autem
2297 2349 2428 2403 ope-

849 2423 932 2476 ris
959 2437 1162 2492 scapus
1195 2419 1366 2476 fuisse
1397 2421 1613 2476 videtur
1641 2419 1939 2481 Geneseos.
1966 2419 2160 2487 Exodi,
2179 2420 2427 2478 Psalmo—

851 2529 1002 2578 rum,
1039 2511 1410 2583 Epistolarum
1466 2510 1528 2564 B.
1572 2509 1722 2565 Pauli
1770 2519 1824 2564 et
1879 2511 2311 2574 Catholiearum,
2361 2527 2427 2566 ac

851 2602 1090 2671 denique
1115 2599 1892 2668 Ecclesiasticiinterpretatio.
1929 2597 2044 2653 Hoc
2072 2599 2292 2654 interim
2333 2599 2419 2653 fa-

853 2701 1001 2746 totur
1026 2692 1160 2761 ipse,
1189 2690 1520 2760 discipulum
1561 2705 1623 2745 se
1654 2690 1826 2746 fuisse
1883 2688 2153 2745 Pantaani.
2210 2687 2316 2745 Sed
2356 2691 2424 2746 de

853 2782 1288 2854 Ilypotyposibus
1329 2783 1618 2836 hactenus.

923 2874 1044 2930 1am
1072 2874 1406 2944 Pazdagogus
1440 2873 1618 2928 tribus
1665 2873 1824 2928 libris
1861 2873 2222 2943 conscriptus,
2254 2873 2422 2928 vitam

851 2982 1147 3039 moresque
1205 2966 1508 3022 informat:
1562 2965 1762 3035 quibus
1807 2974 1862 3018 ct
1917 2965 2085 3020 alium
2133 2966 2424 3035 quemdam

852 3061 1175 3125 praemittit,
1231 3057 1587 3128 adjungitqne
1639 3055 1969 3126 singularem
2027 3056 2262 3120 librum,
2315 3055 2454 3126 quo'

852 3151 1100 3221 gentium
1123 3149 1321 3205 refellit
1349 3150 1704 3219 impietatem.
1728 3145 1876 3202 Nihil
1905 3158 2086 3202 autem
2119 3148 2301 3203 simile
2330 3149 2428 3202 ha-

852 3245 982 3298 bent
1006 3241 1058 3296 hi
1095 3257 1285 3297 omnes
1330 3257 1454 3297 cum
1490 3238 1944 3310 Ilypotyposibus,
1971 3239 2194 3310 quando
2219 3247 2275 3294 et
2304 3248 2420 3294 sto.
2449 3278 2493 3338 Ο

849 3337 976 3393 lidis
1005 3335 1113 3390 illis
1134 3350 1200 3390 ac
1221 3333 1554 3403 blasphemis
1577 3332 1929 3403 opinionibus
1955 3334 2181 3386 omnino
2204 3338 2421 3397 vacant,

852 3438 906 3486 et
932 3429 1099 3485 dictio
1125 3427 1242 3499 ipsa
1264 3427 1323 3482 in
1347 3427 1434 3482 his
1461 3424 1706 3480 ﬂoridior
1740 3425 1809 3480 ad
1838 3433 2196 3495 temperatam
2233 3438 2428 3494 quam-

854 3523 983 3577 dam
1011 3519 1334 3592 gravitatem
1374 3533 1486 3573 non
1523 3517 1642 3573 sine
1672 3517 2014 3586 iucunditate
2065 3517 2328 3587 assurgit,
2372 3523 2428 3570 et

849 3613 1008 3668 varia
1033 3612 1146 3678 illa,
1173 3627 1297 3682 qua:
1329 3610 1385 3666 in
1414 3610 1484 3665 iis
1517 3619 1621 3672 est,
1643 3624 1829 3664 rerum
1861 3608 2122 3678 cognitio,
2167 3608 2303 3661 nihil
2329 3608 2427 3662 ha-

853 3706 947 3761 bet
977 3705 1161 3761 minus
1177 3703 1532 3760 conveniens.
1555 3701 1816 3757 Extremo
1845 3715 1974 3756 vero
2004 3699 2146 3755 libro
2167 3700 2330 3755 etiam
2363 3701 2428 3754 de

854 3799 1186 3868 imaginibus
1211 3796 1608 3854 commeminit.

931 3889 1266 3946 Stromateon
1322 3899 1502 3944 autem
1537 3889 1661 3944 libri
1693 3901 1912 3958 quoque
1951 3895 2077 3942 octo
2131 3895 2294 3952 sunt,
2331 3885 2428 3940 ad-

857 3999 1050 4038 versus
1073 3997 1315 4053 paganos
1332 3994 1496 4051 atque
1519 3983 1754 4036 haereses
1785 3994 2023 4049 pugnam
2050 3981 2425 4037 instituentes:

857 4079 912 4135 in
959 4077 1161 4147 quibus
1219 4074 1354 4128 item
1427 4073 1658 4142 sparsim
1695 4109 1714 4138 ,
1774 4079 1959 4126 etnon
2008 4071 2201 4125 ordine
2250 4071 2428 4140 capita

857 4179 1240 4235 recensentur;
1281 4165 1440 4236 cujus
1470 4165 1626 4235 quasi
1661 4164 1925 4219 rationem
1967 4163 2194 4218 reddere
2228 4163 2280 4218 in
2323 4179 2423 4217 ex-

857 4274 1033 4320 tremo
1049 4260 1190 4315 libro
1220 4257 1452 4328 septimo
1478 4257 1632 4310 hisce
1663 4254 1779 4309 fere
1808 4255 1988 4310 verbis
2008 4255 2222 4309 videtur
2248 4277 2262 4312 :
2301 4255 2429 4310 Hwe

857 4371 976 4410 cum
1002 4370 1034 4406 a
1062 4352 1209 4406 nobis
1239 4349 1358 4419 jam
1401 4357 1555 4400 antea
1586 4355 1921 4416 pertractata
1969 4346 2100 4410 sint,
2145 4355 2193 4399 et
2225 4362 2430 4398 morum

857 4447 952 4500 illa
967 4444 1155 4496 rudior
1181 4438 1416 4510 formula
1446 4455 1538 4508 per
1562 4453 1770 4490 summa
1789 4436 1927 4491 velut
1949 4437 2150 4507 capita,
2173 4446 2426 4508 quantum

858 4535 1085 4607 polliciti
1113 4547 1318 4594 sumus,
1350 4531 1577 4598 sparsim
1594 4529 1876 4597 descripta,
1907 4529 1996 4594 iis,
2024 4546 2142 4600 qua:
2166 4529 2236 4581 ad
2251 4544 2427 4582 veram

2525 2151 2580 2204 δὲ
2605 2150 2694 2203 καὶ
2742 2149 2867 2220 περὶ
2893 2147 3000 2200 τῶν
3035 2147 3212 2202 αὐτῶν
3241 2148 3517 2214 πολλάκις,
3565 2151 3660 2203 καὶ
3705 2151 3980 2223 σποράδην
4013 2152 4111 2207 καὶ

2530 2239 2963 2312 συγκεχυμένως,
2994 2239 3182 2311 ὥσπερ
3212 2239 3544 2310 ἔμπληκτος,
3577 2243 3814 2314 παράγει
3844 2245 3912 2297 τὰ
3946 2245 4105 2316 ῥητά.

2538 2333 2596 2385 Ὀ
2623 2333 2679 2386 δὲ
2711 2332 2828 2396 ὅλος
2856 2331 3073 2396 σκοπὸς,
3108 2331 3308 2384 ὡσανεὶ
3339 2332 3622 2404 ἑρμηνεῖαι
3655 2336 3982 2404 τυγχάνουσι
4009 2335 4110 2405 τῆς

2525 2423 2812 2486 Γενέσεως,
2847 2423 2946 2492 τῆς
2970 2422 3201 2487 Ἐξόδου,
3235 2423 3342 2476 τῶν
3366 2425 3640 2494 Ψαλμῶν,
3670 2426 3764 2479 τοῦ
3787 2426 3932 2480 θείου
3959 2427 4113 2481 Hadr

2525 2513 2616 2566 λου
2643 2515 2752 2566 τῶν
2789 2514 3117 2567 Ἐπιστολῶν
3137 2556 3152 2580 ,
3207 2516 3304 2568 καὶ
3352 2515 3458 2568 τῶν
3499 2516 3845 2580 Καθολικῶν,
3883 2517 3976 2570 καὶ
4009 2516 4108 2572 τοῦ

2537 2605 3036 2676 Ἐκκλησιαστικοῦ.
3071 2605 3326 2677 Μαθητής
3359 2607 3436 2670 δὲ,
3485 2607 3560 2671 ὼς
3611 2609 3706 2660 καὶ
3747 2608 3910 2672 αὑτός
3951 2625 4108 2678 φησι,

2523 2695 2711 2764 γέγονε
2752 2697 3072 2752 Πανταίνου.
3122 2697 3281 2751 Ἀλλὰ
3318 2697 3492 2753 ταῦτα
3536 2698 3633 2769 μὲν
3665 2701 3721 2752 αἱ
3767 2700 4112 2755 Ὑποτυπώ-

2523 2799 2674 2851 σεις.

2607 2873 2665 2926 'U
2715 2872 2774 2926 δὲ
2830 2872 3208 2944 Παιδαγωγός
3254 2876 3313 2928 ὲν
3357 2876 3501 2947 τρισί
3539 2875 3725 2948 τόμοις
3771 2880 3918 2933 ἐστὶν
3963 2879 4115 2952 αὐτῷ

2525 2966 3013 3037 διαπεπονημένος,
3047 2967 3212 3037 ἤθους
3245 2968 3338 3020 καὶ
3371 2968 3486 3038 βίου
3523 2970 3942 3041 κατορθωτικὸς,
3998 2973 4110 3043 ἔχει

2525 3058 2585 3112 δὲ
2620 3057 2825 3111 τούτων
2854 3058 2950 3111 καὶ
2981 3058 3392 3128 προηγούμενον
3423 3061 3517 3114 καὶ
3557 3063 3981 3133 συνταττόμενον
4020 3065 4109 3117 λόο

2525 3167 2620 3219 γον
2650 3149 2857 3222 ἕτερον,
2885 3153 2944 3204 ὲν
2972 3143 3018 3218 ᾧ
3065 3151 3166 3221 τὴν
3214 3151 3480 3222 Ἐλλήνων
3518 3152 3783 3224 διελέγχει
3823 3155 4106 3226 ἀθεότητα·

2526 3241 2676 3294 οὐδὲν
2705 3241 2762 3294 δὲ
2793 3243 2978 3312 ὅμοιον
3007 3241 3190 3312 έχουσι
3225 3242 3362 3314 πρὸς
3397 3243 3498 3306 τὰς
3551 3243 3992 3312 ’Υποτυπώσεις
4021 3240 4113 3299 οὖα

2529 3347 2610 3386 τοι
2659 3333 2709 3386 oi
2753 3333 2922 3401 λόγοι·
2971 3333 3080 3386 τῶν
3115 3349 3176 3385 τε
3209 3333 3318 3403 γὰρ
3353 3333 3594 3403 ματαίων
3643 3334 3736 3387 καὶ
3776 3334 4112 3407 βλασφήμων

2527 3423 2934 3496 ἀπηλλαγμένοι
2965 3424 3126 3490 δοξῶι
3166 3424 3558 3494 καθεστήκασι,
3591 3426 3686 3478 καὶ
3715 3428 3749 3497 ἡ
3785 3429 3981 3498 φράσις
4011 3429 4109 3481 άν-

2527 3515 2693 3588 θηρὰ,
2737 3515 2833 3568 καὶ
2873 3516 2953 3578 εἰς
3001 3515 3163 3584 ὄγκον
3209 3513 3425 3586 ῂρμένη
3472 3514 3785 3587 σύμμετρον
3833 3517 3970 3588 μετὰ
4011 3517 4112 3572 τοῦ

2523 3605 2701 3677 ἡδέος,
2727 3609 2820 3662 καὶ
2837 3606 2876 3679 ἡ
2905 3606 3241 3677 πολυμάθεια
3275 3606 3652 3678 ὲμπρέπουσα.
3685 3609 4030 3680 Μνημονεύει
4051 3609 4109 3663 δὲ

2525 3699 2663 3771 πρὸς
2692 3698 2772 3770 τῷ
2798 3698 2940 3753 τέλει
2973 3699 3100 3769 περὶ
3130 3697 3374 3752 εἰκόνων.

2597 3882 2660 3935 Οἰ
2685 3881 2741 3934 δὲ
2770 3881 3136 3951 Στρωματεῖς·
3157 3884 3262 3936 εἰσι
3299 3883 3398 3954 μὲν
3429 3882 3523 3936 καὶ
3549 3881 3702 3935 αὑτοί
3743 3883 3802 3936 ὲν
3832 3881 3974 3957 ὀκτῲ
4016 3883 4110 3938 λό-

2527 3991 2644 4043 γοις
2675 3973 2793 4028 καθ’
2846 3975 3108 4046 Ἑλλήνων
3138 3978 3232 4030 καὶ
3263 3976 3532 4047 αἱρέσεων
3558 3974 3649 4026 τὸν
3691 3973 3877 4040 ἀγῶνα
3903 3977 4112 4046 εἰσενη-

2528 4065 2795 4136 νεγμένοι·
2833 4068 3102 4139 σποράδην
3139 4069 3196 4121 δὲ
3240 4067 3335 4121 καὶ
3366 4065 3554 4135 ὥσπερ
3597 4065 3697 4117 οὐκ
3735 4067 3792 4117 ὲν
3829 4064 3980 4130 τάξει
4007 4066 4112 4138 τὴν

2528 4157 2636 4210 τῶν
2668 4158 2972 4226 κεφαλαίων
2993 4158 3293 4228 παράθεσιν
3323 4155 3606 4211 κάνταῦθα
3631 4159 3881 4221 ποιεῖται,
3902 4157 4112 4230 καὶτὴν

2530 4250 2708 4303 αἰτίαν
2739 4249 2924 4322 ὥσπερ
2955 4250 3238 4312 ἀποδιδοὺς
3269 4251 3327 4302 ὲν
3362 4248 3439 4318 τῷ
3463 4248 3604 4301 τέλει
3627 4248 3721 4300 τοῦ
3753 4247 3980 4318 ἑϐδόμου
4015 4248 4108 4302 λό-

2529 4357 2650 4408 γου,
2684 4341 2871 4404 αὑταῖς
2901 4341 3109 4408 λέξεσιν
3140 4340 3312 4403 οὕτως
3342 4339 3508 4406 λέγει·
3547 4340 3776 4390 Τούτων
3793 4338 3937 4407 ἡμῖν
3961 4354 4110 4406 προ-

2529 4432 2962 4502 διηνυσμένων,
2993 4431 3091 4485 καί
3117 4431 3223 4484 τοῦ
3258 4429 3469 4497 ἠθικοῦ
3497 4429 3686 4481 τύπου
3724 4429 3894 4494 ὡςὲν
3923 4446 4106 4499 nespa-

2528 4523 2721 4588 qu'occ
2745 4521 3192 4591 ὑπογραφῶν-τος
3231 4516 3545 4586 σποράδην
3587 4533 3672 4579 τε,
3713 4517 3794 4583 ὡς
3837 4518 4108 4587 ὑπεσχή-

857 4605 1090 4684 excitant
1116 4624 1485 4695 cognitionem,
1510 4621 1840 4690 dogmatibus
1865 4623 1939 4673 ita
1979 4621 2064 4673 hic
2091 4621 2204 4673 illic
2226 4621 2427 4687 insper—
2459 4623 2502 4676 ι)
2525 4623 2617 4682 με(

2347 4635 2427 4671 εν.
2459 4623 2502 4676 ι)
2525 4617 2697 4682 μεθα,
2723 4612 2822 4665 καὶ
2847 4609 3263 4680 διερριμμένως
3311 4608 3382 4660 τὰ
3425 4605 3654 4672 ζώπυρα
3693 4607 3804 4675 τῆς
3841 4609 4104 4676 ἀληθοῦς

859 4723 965 4787 sis;
987 4729 1045 4774 ut
1077 4735 1157 4774 res
1180 4717 1305 4772 illas
1331 4732 1513 4771 sacras
1529 4727 1713 4767 nactus
1736 4714 2022 4784 quispiam,
2048 4714 2138 4781 qui
2163 4711 2425 4780 mysteriis

858 4812 1054 4867 nostris
1073 4809 1319 4863 initiatus
1374 4822 1478 4859 non
1512 4805 1604 4869 ait,
1656 4802 1800 4855 haud
1833 4802 1992 4870 facile
2038 4803 2342 4869 comperiat,
2374 4809 2428 4853 et

862 4918 984 4967 qua:
1013 4909 1334 4970 sequuntur.
1365 4895 1487 4950 "me
1531 4895 1719 4965 igitur,
1755 4895 1812 4946 ut
1867 4892 1982 4961 ipse
2007 4891 2223 4957 fatetur,
2261 4908 2426 4946 causa

861 4995 984 5057 fuit,
1007 5008 1106 5046 cur
1135 4992 1236 5045 ista
1261 4990 1378 5044 sine
1398 4987 1586 5041 ιιι-ιίίηυ
1615 4983 1970 5054 congesserit.

913 5083 1130 5153 .chcri
1179 5090 1359 5135 autem
1395 5081 1450 5132 in
1495 5087 1773 5148 pervctcre
1817 5073 2117 5142 exemplari
2158 5074 2258 5127 hoc
2291 5088 2427 5143 opus

857 5197 972 5236 non
1001 5177 1179 5234 solum
1219 5173 1562 5230 Stromatewn
1587 5171 1808 5225 nomine
1839 5166 2183 5235 inscriptum,
2213 5166 2306 5220 sed
2344 5169 2428 5220 in--

857 5285 1008 5344 tegre
1049 5270 1117 5324 ad
1142 5269 1290 5322 hunc
1320 5265 1542 5318 modum
1578 5282 1592 5318 :
1628 5262 1737 5316 Titi
1779 5259 1955 5314 Flavii
1999 5257 2281 5311 Clementis
2312 5276 2430 5328 pre-

855 5365 1053 5437 sbyteri
1104 5357 1456 5416 Alexandrini
1505 5354 1876 5408 Gnosticarum
1926 5350 2211 5404 secundant
2256 5366 2429 5405 veram

859 5455 1245 5528 philosophiam
1271 5449 1770 5507 commentationum
1805 5443 2138 5498 Stmmatcus
2174 5461 2212 5508 ι,
2246 5461 2307 5510 ιι,
2346 5458 2427 5506 lll,

860 5566 933 5614 tv,
964 5564 1021 5614 ν,
1049 5563 1126 5610 VI,
1156 5560 1386 5607 vum".
1413 5543 1491 5595 Ac
1517 5539 1676 5610 primi
1699 5538 1921 5609 quidem
1947 5544 2149 5605 septem
2178 5536 2430 5591 eumdem

857 5638 1156 5711 praeferunt
1182 5636 1398 5692 titulum
1420 5673 1434 5697 ,
1483 5631 1754 5699 iidemque
1779 5643 2008 5699 prorsus
2050 5637 2176 5682 sunt
2226 5628 2279 5680 in
2311 5640 2432 5676 om-

861 5731 1024 5786 nibus
1046 5727 1348 5783 codicibus.
1378 5723 1582 5780 Verum
1617 5730 1862 5785 octavus,
1895 5733 2018 5772 cum
2044 5717 2397 5785 inscriptione
2416 5754 2430 5778 ,

857 5835 974 5876 tum
1031 5819 1109 5873 rei
1161 5817 1419 5886 subjecta:
1467 5811 1717 5876 materia,
1757 5809 1952 5864 variat.
1985 5805 2041 5861 ln
2101 5807 2430 5878 quibusdam

859 5913 1006 5970 enim
1062 5910 1380 5968 inscribitur
1425 5927 1439 5964 :
1491 5905 1623 5972 Quis
1681 5903 1824 5958 dives
1875 5901 2142 5970 salvetur,
2199 5900 2430 5971 ejusque

2532 4707 2804 4777 γνώσεως
2829 4699 3423 4774 ἐγκατασπειράντιιην·
3444 4697 3778 4767 μαθήματα,
3807 4699 3887 4766 ὡς
3907 4700 3991 4770 μὴ
4004 4703 4109 4770 ῥα-

2531 4798 2668 4852 δίαν
2694 4799 2846 4853 εἶναι
2883 4797 2963 4863 τῷ
2991 4794 3367 4863 περιτυχόντι
3405 4791 3522 4844 τῶν
3551 4791 3828 4862 ἀμυήτων
3851 4794 3964 4862 τὴν
3988 4795 4110 4848 τῶν

2531 4890 2712 4958 ἁγίων
2738 4890 2996 4956 εὕρεσιν,
3033 4885 3126 4938 καὶ
3157 4885 3225 4937 τὰ
3274 4883 3418 4953 ἑξῆς.
3467 4883 3528 4936 'l‘l
3580 4885 3676 4955 μὲν
3722 4880 3814 4939 οὖν
3859 4885 4108 4954 διερριμ-

2535 4982 2710 5052 μένως
2741 4980 2882 5032 αὐτὰ
2907 4975 3207 5040 κατατάξαι
3230 4975 3375 5046 αὑτῷ
3389 4977 3555 5041 αἰτία,
3580 4977 3656 5041 ὣς
3686 4995 3840 5048 φησι,
3861 4977 4105 5044 γέγονεν.

2601 5065 2775 5140 Εὗρον
2809 5069 2989 5139 μέντοι
3024 5083 3087 5136 γε
3113 5067 3169 5121 ἐν
3197 5085 3299 5121 τινι
3334 5069 3541 5140 παλαιῷ
3571 5069 3759 5140 βιϐλίῳ
3800 5067 3894 5135 τὴν
3937 5065 4106 5135 αὐτὴν

2533 5159 2912 5234 πραγματείαν
2929 5158 3048 5230 οὑχὶ
3075 5161 3434 5229 Στρωματεῒς
3463 5161 3620 5233 μόνον
3641 5155 4105 5227 ἐπιγραφομένην,

2533 5254 2648 5307 ἀλλ’
2679 5249 2988 5321 ὁλοκλήρως
3015 5248 3205 5314 οὕτως’
3246 5255 3415 5309 Τίτου
3443 5253 3703 5307 Φλαϐίου
3740 5244 4106 5314 Κλήμεντος.

2533 5343 2939 5414 πρεσΰυτέρου
2977 5343 3415 5414 Ἀλεξανδρείας
3443 5343 3560 5398 τῶι⁸
3587 5340 3735 5394 κατὰ
3772 5337 3888 5404 τὴν
3913 5337 4108 5404 ἀληθῆ

2534 5438 2902 5506 φιλοσοφίαν
2952 5436 3306 5492 Γνωστικῶν
3344 5430 3782 5503 ὑπομνημάτων
3833 5431 4107 5495 Στρωμα-

2533 5529 2682 5582 τέων
2702 5535 2772 5594 α’,
2806 5528 2871 5598 β’,
2900 5535 2970 5598 γ’,
3002 5528 3064 5592 δ’,
3114 5537 3176 5592 ε’,
3214 5537 3289 5595 ς’,
3330 5529 3396 5592 ζ’,
3455 5523 3548 5578 καὶ
3593 5527 3662 5580 η’.
3724 5518 3862 5571 Ἀλλ’
3921 5521 3950 5572 ό
4009 5519 4107 5588 μὲν

2536 5619 2748 5692 πρῶτος
2783 5621 2943 5694 μέχρι
2987 5621 3081 5677 τοῦ
3127 5620 3379 5690 ἑϐδόμου,
3411 5613 3507 5684 τὴν
3540 5610 3708 5680 αὐτὴν
3743 5611 3954 5680 ἔχουσιν
3987 5614 4108 5664 ἐπι-

2535 5712 2767 5786 γραφὴν,
2818 5715 2911 5768 καὶ
2965 5717 3151 5779 ἑνιαῖοι
3199 5707 3555 5778 τυγχάνουσιν
3586 5705 3644 5757 ὲν
3682 5701 3851 5755 ἅπασι
3881 5704 3994 5766 τοῖς
4027 5703 4109 5774 βι-

2536 5805 2719 5870 ϐλίοις.
2767 5791 2830 5859 ’ό
2877 5805 3058 5876 μέντοι
3119 5802 3303 5870 ὄγδοος
3344 5796 3598 5868 διάφορός
3651 5794 3710 5848 τέ
3749 5796 3865 5847 ἐστι
3900 5793 3994 5847 καὶ
4038 5797 4106 5868 τῇ

2537 5901 2812 5971 ἐπιγραφῇ
2846 5900 2938 5953 καὶ
2967 5897 3045 5968 τῷ
3077 5895 3278 5962 ἐδάφει.
3335 5895 3430 5945 ’Ἑν
3477 5907 3584 5942 τισι
3629 5889 3727 5960 μὲν
3758 5889 3884 5962 γὰρ,
3939 5887 4041 5949 Τίς
4071 5893 4104 5942 ὀ
