  <div class='ocr_page' id='page_1' title='image "/cluster/home/n/w/nwhite01/storage/ocr_20150623/8/nnc1.0065752333/035.png"; bbox 0 0 4456 6564; ppageno 0'>
   <div class='ocr_carea' id='block_1_1' title="bbox 859 409 4114 468">
    <p class='ocr_par' dir='ltr' id='par_1_1' title="bbox 859 409 4114 468">
     <span class='ocr_line' id='line_1_1' title="bbox 859 409 4114 468; baseline 0 -2"><span class='ocrx_word' id='word_1_1' title='bbox 859 412 930 466; x_wconf 78' lang='lat'><strong><em>59</em></strong></span> <span class='ocrx_word' id='word_1_2' title='bbox 2033 411 2423 468; x_wconf 78' lang='lat' dir='ltr'><strong>CLEMENTIS</strong></span> <span class='ocrx_word' id='word_1_3' title='bbox 2456 409 2926 466; x_wconf 72' lang='lat' dir='ltr'><strong>ALEXANDRINI</strong></span> <span class='ocrx_word' id='word_1_4' title='bbox 4045 413 4114 467; x_wconf 79' lang='grc' dir='ltr'><strong>σο</strong></span> 
     </span>
    </p>
   </div>
   <div class='ocr_carea' id='block_1_2' title="bbox 858 530 2618 606">
    <p class='ocr_par' dir='ltr' id='par_1_2' title="bbox 858 532 2618 606">
     <span class='ocr_line' id='line_1_2' title="bbox 858 532 2618 606; baseline 0 -21"><span class='ocrx_word' id='word_1_5' title='bbox 858 532 1048 596; x_wconf 88' lang='lat' dir='ltr'><strong>ticum,</strong></span> <span class='ocrx_word' id='word_1_6' title='bbox 1093 532 1264 589; x_wconf 87' lang='lat' dir='ltr'><strong>totius</strong></span> <span class='ocrx_word' id='word_1_7' title='bbox 1318 533 1747 602; x_wconf 78' lang='lat' dir='ltr'><strong>ﬁrmamentum,</strong></span> <span class='ocrx_word' id='word_1_8' title='bbox 1790 533 2147 605; x_wconf 89' lang='lat' dir='ltr'><strong>omniumque</strong></span> <span class='ocrx_word' id='word_1_9' title='bbox 2200 536 2430 606; x_wconf 87' lang='lat' dir='ltr'><strong>partium</strong></span> <span class='ocrx_word' id='word_1_10' title='bbox 2464 540 2503 595; x_wconf 79' lang='grc' dir='ltr'>Α</span> <span class='ocrx_word' id='word_1_11' title='bbox 2532 534 2618 586; x_wconf 84' lang='grc' dir='ltr'><strong>Θε‹</strong></span> 
     </span>
    </p>
   </div>
   <div class='ocr_carea' id='block_1_3' title="bbox 2350 530 4110 606">
    <p class='ocr_par' dir='ltr' id='par_1_3' title="bbox 2350 530 4110 606">
     <span class='ocr_line' id='line_1_3' title="bbox 2350 530 4110 606; baseline -0.003 -16"><span class='ocrx_word' id='word_1_12' title='bbox 2350 551 2430 590; x_wconf 86' lang='lat' dir='ltr'><strong>um</strong></span> <span class='ocrx_word' id='word_1_13' title='bbox 2464 540 2503 595; x_wconf 78' lang='grc' dir='ltr'>Α</span> <span class='ocrx_word' id='word_1_14' title='bbox 2532 533 2669 586; x_wconf 82' lang='grc' dir='ltr'><strong>Θεοῦ</strong></span> <span class='ocrx_word' id='word_1_15' title='bbox 2720 534 3001 606; x_wconf 80' lang='grc' dir='ltr'><strong>βούλησιν,</strong></span> <span class='ocrx_word' id='word_1_16' title='bbox 3053 535 3120 606; x_wconf 74' lang='grc' dir='ltr'><strong>ἢν</strong></span> <span class='ocrx_word' id='word_1_17' title='bbox 3165 531 3404 602; x_wconf 67' lang='grc' dir='ltr'><strong>ἐζήλωσε</strong></span> <span class='ocrx_word' id='word_1_18' title='bbox 3421 534 3603 588; x_wconf 73' lang='grc' dir='ltr'><strong>Δαϐίδ.</strong></span> <span class='ocrx_word' id='word_1_19' title='bbox 3648 536 3706 589; x_wconf 88' lang='lat'><strong>&#39;0</strong></span> <span class='ocrx_word' id='word_1_20' title='bbox 3748 535 3804 588; x_wconf 86' lang='grc' dir='ltr'><strong>δέ</strong></span> <span class='ocrx_word' id='word_1_21' title='bbox 3834 533 3899 586; x_wconf 86' lang='grc' dir='ltr'><strong>ἐκ</strong></span> <span class='ocrx_word' id='word_1_22' title='bbox 3924 530 4110 596; x_wconf 71' lang='grc' dir='ltr'><strong>Δασὶδ,</strong></span> 
     </span>
    </p>
   </div>
   <div class='ocr_carea' id='block_1_4' title="bbox 856 623 2437 688">
    <p class='ocr_par' dir='ltr' id='par_1_4' title="bbox 856 623 2437 688">
     <span class='ocr_line' id='line_1_4' title="bbox 856 623 2437 688; baseline 0.003 -9"><span class='ocrx_word' id='word_1_23' title='bbox 856 626 1169 688; x_wconf 78' lang='lat' dir='ltr'><strong>harmonia,</strong></span> <span class='ocrx_word' id='word_1_24' title='bbox 1220 639 1253 680; x_wconf 90' lang='lat' dir='ltr'><strong>a</strong></span> <span class='ocrx_word' id='word_1_25' title='bbox 1301 625 1497 680; x_wconf 88' lang='lat' dir='ltr'><strong>mediis</strong></span> <span class='ocrx_word' id='word_1_26' title='bbox 1532 623 1602 678; x_wconf 89' lang='lat' dir='ltr'><strong>ad</strong></span> <span class='ocrx_word' id='word_1_27' title='bbox 1651 636 1926 681; x_wconf 76' lang='lat' dir='ltr'><strong>extremos</strong></span> <span class='ocrx_word' id='word_1_28' title='bbox 1958 625 2113 683; x_wconf 86' lang='lat' dir='ltr'><strong>lines.</strong></span> <span class='ocrx_word' id='word_1_29' title='bbox 2149 637 2205 680; x_wconf 87' lang='lat' dir='ltr'><strong>et</strong></span> <span class='ocrx_word' id='word_1_30' title='bbox 2242 644 2437 683; x_wconf 86' lang='lat' dir='ltr'><strong>rursus</strong></span> 
     </span>
    </p>
   </div>
   <div class='ocr_carea' id='block_1_5' title="bbox 857 714 2439 788">
    <p class='ocr_par' dir='ltr' id='par_1_5' title="bbox 857 714 2439 788">
     <span class='ocr_line' id='line_1_5' title="bbox 857 714 2439 788; baseline 0.004 -20"><span class='ocrx_word' id='word_1_31' title='bbox 857 729 888 769; x_wconf 86' lang='lat' dir='ltr'><strong>a</strong></span> <span class='ocrx_word' id='word_1_32' title='bbox 927 714 1129 770; x_wconf 72' lang='lat' dir='ltr'><strong>finibus</strong></span> <span class='ocrx_word' id='word_1_33' title='bbox 1156 717 1226 771; x_wconf 87' lang='lat' dir='ltr'><strong>ad</strong></span> <span class='ocrx_word' id='word_1_34' title='bbox 1257 717 1434 772; x_wconf 88' lang='lat' dir='ltr'><strong>media</strong></span> <span class='ocrx_word' id='word_1_35' title='bbox 1471 715 1811 788; x_wconf 80' lang='lat' dir='ltr'><strong>pertingens,</strong></span> <span class='ocrx_word' id='word_1_36' title='bbox 1844 719 1945 771; x_wconf 88' lang='lat' dir='ltr'><strong>hoc</strong></span> <span class='ocrx_word' id='word_1_37' title='bbox 1969 733 2285 771; x_wconf 82' lang='lat' dir='ltr'><strong>universum</strong></span> <span class='ocrx_word' id='word_1_38' title='bbox 2315 730 2439 788; x_wconf 77' lang='lat' dir='ltr'><strong>apte</strong></span> 
     </span>
    </p>
   </div>
   <div class='ocr_carea' id='block_1_6' title="bbox 857 807 2438 876">
    <p class='ocr_par' dir='ltr' id='par_1_6' title="bbox 857 807 2438 876">
     <span class='ocr_line' id='line_1_6' title="bbox 857 807 2438 876; baseline 0.001 -15"><span class='ocrx_word' id='word_1_39' title='bbox 857 807 1145 876; x_wconf 88' lang='lat' dir='ltr'><strong>disposuit,</strong></span> <span class='ocrx_word' id='word_1_40' title='bbox 1195 824 1304 862; x_wconf 93' lang='lat' dir='ltr'><strong>non</strong></span> <span class='ocrx_word' id='word_1_41' title='bbox 1357 807 1576 876; x_wconf 88' lang='lat' dir='ltr'><strong>quidem</strong></span> <span class='ocrx_word' id='word_1_42' title='bbox 1612 809 1916 863; x_wconf 85' lang='lat' dir='ltr'><strong>secundum</strong></span> <span class='ocrx_word' id='word_1_43' title='bbox 1947 808 2232 863; x_wconf 81' lang='lat' dir='ltr'><strong>Thraciam</strong></span> <span class='ocrx_word' id='word_1_44' title='bbox 2263 810 2438 863; x_wconf 90' lang='lat' dir='ltr'><strong>musi-</strong></span> 
     </span>
    </p>
   </div>
   <div class='ocr_carea' id='block_1_7' title="bbox 858 899 2437 970">
    <p class='ocr_par' dir='ltr' id='par_1_7' title="bbox 858 899 2437 970">
     <span class='ocr_line' id='line_1_7' title="bbox 858 899 2437 970; baseline 0.002 -18"><span class='ocrx_word' id='word_1_45' title='bbox 858 912 1009 961; x_wconf 79' lang='lat' dir='ltr'><strong>Cam,</strong></span> <span class='ocrx_word' id='word_1_46' title='bbox 1048 914 1174 967; x_wconf 68' lang='lat' dir='ltr'><strong>quae</strong></span> <span class='ocrx_word' id='word_1_47' title='bbox 1206 899 1400 954; x_wconf 76' lang='lat' dir='ltr'><strong>similis</strong></span> <span class='ocrx_word' id='word_1_48' title='bbox 1450 909 1531 953; x_wconf 85' lang='lat' dir='ltr'><strong>est</strong></span> <span class='ocrx_word' id='word_1_49' title='bbox 1554 899 1628 966; x_wconf 91' lang='lat' dir='ltr'><strong>ei,</strong></span> <span class='ocrx_word' id='word_1_50' title='bbox 1665 917 1830 970; x_wconf 91' lang='lat' dir='ltr'><strong>quam</strong></span> <span class='ocrx_word' id='word_1_51' title='bbox 1868 901 2073 955; x_wconf 90' lang='lat' dir='ltr'><strong>invenit</strong></span> <span class='ocrx_word' id='word_1_52' title='bbox 2104 899 2305 964; x_wconf 84' lang='lat' dir='ltr'><strong>Tuhal;</strong></span> <span class='ocrx_word' id='word_1_53' title='bbox 2342 903 2437 955; x_wconf 89' lang='lat' dir='ltr'><strong>sed</strong></span> 
     </span>
    </p>
   </div>
   <div class='ocr_carea' id='block_1_8' title="bbox 860 985 2437 1057">
    <p class='ocr_par' dir='ltr' id='par_1_8' title="bbox 860 985 2437 1057">
     <span class='ocr_line' id='line_1_8' title="bbox 860 985 2437 1057; baseline 0.004 -19"><span class='ocrx_word' id='word_1_54' title='bbox 860 985 1164 1039; x_wconf 86' lang='lat' dir='ltr'><strong>secundum</strong></span> <span class='ocrx_word' id='word_1_55' title='bbox 1207 1001 1367 1052; x_wconf 89' lang='lat' dir='ltr'><strong>eam,</strong></span> <span class='ocrx_word' id='word_1_56' title='bbox 1419 1003 1584 1057; x_wconf 89' lang='lat' dir='ltr'><strong>quam</strong></span> <span class='ocrx_word' id='word_1_57' title='bbox 1629 991 1917 1046; x_wconf 66' lang='lat' dir='ltr'><strong>aemulatus</strong></span> <span class='ocrx_word' id='word_1_58' title='bbox 1961 1000 2044 1045; x_wconf 89' lang='lat' dir='ltr'><strong>est</strong></span> <span class='ocrx_word' id='word_1_59' title='bbox 2097 987 2296 1052; x_wconf 86' lang='lat' dir='ltr'><strong>David,</strong></span> <span class='ocrx_word' id='word_1_60' title='bbox 2342 987 2437 1045; x_wconf 80' lang='lat' dir='ltr'><strong>Dei</strong></span> 
     </span>
    </p>
   </div>
   <div class='ocr_carea' id='block_1_9' title="bbox 859 1076 2438 1151">
    <p class='ocr_par' dir='ltr' id='par_1_9' title="bbox 859 1076 2438 1151">
     <span class='ocr_line' id='line_1_9' title="bbox 859 1076 2438 1151; baseline 0.004 -21"><span class='ocrx_word' id='word_1_61' title='bbox 859 1076 1136 1134; x_wconf 74' lang='lat' dir='ltr'><strong>Creatoris</strong></span> <span class='ocrx_word' id='word_1_62' title='bbox 1158 1081 1514 1134; x_wconf 74' lang='lat' dir='ltr'><strong>voluntatem.</strong></span> <span class='ocrx_word' id='word_1_63' title='bbox 1555 1080 1795 1137; x_wconf 82' lang='lat' dir='ltr'><strong>Verbum</strong></span> <span class='ocrx_word' id='word_1_64' title='bbox 1825 1092 2006 1138; x_wconf 88' lang='lat' dir='ltr'><strong>autem</strong></span> <span class='ocrx_word' id='word_1_65' title='bbox 2039 1083 2156 1147; x_wconf 89' lang='lat' dir='ltr'><strong>Dei,</strong></span> <span class='ocrx_word' id='word_1_66' title='bbox 2190 1083 2332 1151; x_wconf 86' lang='lat' dir='ltr'><strong>quod</strong></span> <span class='ocrx_word' id='word_1_67' title='bbox 2370 1099 2438 1136; x_wconf 83' lang='lat' dir='ltr'><strong>ex</strong></span> 
     </span>
    </p>
   </div>
   <div class='ocr_carea' id='block_1_10' title="bbox 863 1167 2440 1249">
    <p class='ocr_par' dir='ltr' id='par_1_10' title="bbox 863 1167 2440 1249">
     <span class='ocr_line' id='line_1_10' title="bbox 863 1167 2440 1249; baseline 0.005 -27"><span class='ocrx_word' id='word_1_68' title='bbox 863 1167 1028 1225; x_wconf 85' lang='lat' dir='ltr'><strong>David</strong></span> <span class='ocrx_word' id='word_1_69' title='bbox 1065 1184 1274 1239; x_wconf 86' lang='lat' dir='ltr'><strong>natum,</strong></span> <span class='ocrx_word' id='word_1_70' title='bbox 1321 1183 1447 1228; x_wconf 90' lang='lat' dir='ltr'><strong>ante</strong></span> <span class='ocrx_word' id='word_1_71' title='bbox 1480 1190 1607 1230; x_wconf 90' lang='lat' dir='ltr'><strong>eum</strong></span> <span class='ocrx_word' id='word_1_72' title='bbox 1655 1175 1777 1242; x_wconf 81' lang='lat' dir='ltr'><strong>fuit,</strong></span> <span class='ocrx_word' id='word_1_73' title='bbox 1814 1177 1930 1249; x_wconf 85' lang='lat' dir='ltr'><strong>lyra</strong></span> <span class='ocrx_word' id='word_1_74' title='bbox 1961 1184 2016 1230; x_wconf 90' lang='lat' dir='ltr'><strong>et</strong></span> <span class='ocrx_word' id='word_1_75' title='bbox 2065 1177 2440 1244; x_wconf 72' lang='lat' dir='ltr'><strong>cithara,qute</strong></span> 
     </span>
    </p>
   </div>
   <div class='ocr_carea' id='block_1_11' title="bbox 860 1262 2436 1336">
    <p class='ocr_par' dir='ltr' id='par_1_11' title="bbox 860 1262 2436 1336">
     <span class='ocr_line' id='line_1_11' title="bbox 860 1262 2436 1336; baseline 0.003 -20"><span class='ocrx_word' id='word_1_76' title='bbox 860 1262 1102 1317; x_wconf 86' lang='lat' dir='ltr'><strong>inanima</strong></span> <span class='ocrx_word' id='word_1_77' title='bbox 1151 1274 1280 1320; x_wconf 91' lang='lat' dir='ltr'><strong>sunt</strong></span> <span class='ocrx_word' id='word_1_78' title='bbox 1333 1265 1734 1334; x_wconf 84' lang='lat' dir='ltr'><strong>instrumenta,</strong></span> <span class='ocrx_word' id='word_1_79' title='bbox 1779 1268 2124 1336; x_wconf 89' lang='lat' dir='ltr'><strong>contemptis,</strong></span> <span class='ocrx_word' id='word_1_80' title='bbox 2173 1268 2436 1320; x_wconf 77' lang='lat' dir='ltr'><strong>mundum</strong></span> 
     </span>
    </p>
   </div>
   <div class='ocr_carea' id='block_1_12' title="bbox 861 1356 2440 1431">
    <p class='ocr_par' dir='ltr' id='par_1_12' title="bbox 861 1356 2440 1431">
     <span class='ocr_line' id='line_1_12' title="bbox 861 1356 2440 1431; baseline 0.004 -22"><span class='ocrx_word' id='word_1_81' title='bbox 861 1356 1029 1419; x_wconf 89' lang='lat' dir='ltr'><strong>hunc,</strong></span> <span class='ocrx_word' id='word_1_82' title='bbox 1079 1366 1136 1412; x_wconf 87' lang='lat' dir='ltr'><strong>et</strong></span> <span class='ocrx_word' id='word_1_83' title='bbox 1185 1358 1490 1428; x_wconf 89' lang='lat' dir='ltr'><strong>hominem,</strong></span> <span class='ocrx_word' id='word_1_84' title='bbox 1545 1361 1638 1431; x_wconf 93' lang='lat' dir='ltr'><strong>qui</strong></span> <span class='ocrx_word' id='word_1_85' title='bbox 1687 1377 1887 1430; x_wconf 87' lang='lat' dir='ltr'><strong>parvus</strong></span> <span class='ocrx_word' id='word_1_86' title='bbox 1933 1359 2154 1430; x_wconf 89' lang='lat' dir='ltr'><strong>quidam</strong></span> <span class='ocrx_word' id='word_1_87' title='bbox 2202 1359 2440 1415; x_wconf 87' lang='lat' dir='ltr'><strong>mundus</strong></span> 
     </span>
    </p>
   </div>
   <div class='ocr_carea' id='block_1_13' title="bbox 859 1449 2439 1520">
    <p class='ocr_par' dir='ltr' id='par_1_13' title="bbox 859 1449 2439 1520">
     <span class='ocr_line' id='line_1_13' title="bbox 859 1449 2439 1520; baseline 0.002 -18"><span class='ocrx_word' id='word_1_88' title='bbox 859 1457 965 1512; x_wconf 82' lang='lat' dir='ltr'><strong>est,</strong></span> <span class='ocrx_word' id='word_1_89' title='bbox 1013 1450 1242 1520; x_wconf 84' lang='lat' dir='ltr'><strong>ejusque</strong></span> <span class='ocrx_word' id='word_1_90' title='bbox 1281 1452 1519 1506; x_wconf 88' lang='lat' dir='ltr'><strong>animam</strong></span> <span class='ocrx_word' id='word_1_91' title='bbox 1559 1463 1614 1506; x_wconf 89' lang='lat' dir='ltr'><strong>et</strong></span> <span class='ocrx_word' id='word_1_92' title='bbox 1647 1467 1847 1520; x_wconf 89' lang='lat' dir='ltr'><strong>corpus</strong></span> <span class='ocrx_word' id='word_1_93' title='bbox 1872 1451 2058 1504; x_wconf 91' lang='lat' dir='ltr'><strong>divino</strong></span> <span class='ocrx_word' id='word_1_94' title='bbox 2093 1449 2321 1520; x_wconf 88' lang='lat' dir='ltr'><strong>Spiritui</strong></span> <span class='ocrx_word' id='word_1_95' title='bbox 2355 1460 2439 1505; x_wconf 81' lang='lat' dir='ltr'><strong>at-</strong></span> 
     </span>
    </p>
   </div>
   <div class='ocr_carea' id='block_1_14' title="bbox 862 1542 2440 1609">
    <p class='ocr_par' dir='ltr' id='par_1_14' title="bbox 862 1542 2440 1609">
     <span class='ocr_line' id='line_1_14' title="bbox 862 1542 2440 1609; baseline 0.002 -16"><span class='ocrx_word' id='word_1_96' title='bbox 862 1549 1196 1609; x_wconf 85' lang='lat' dir='ltr'><strong>temperans,</strong></span> <span class='ocrx_word' id='word_1_97' title='bbox 1222 1543 1517 1596; x_wconf 87' lang='lat' dir='ltr'><strong>multarum</strong></span> <span class='ocrx_word' id='word_1_98' title='bbox 1549 1559 1747 1596; x_wconf 77' lang='lat' dir='ltr'><strong>vocum</strong></span> <span class='ocrx_word' id='word_1_99' title='bbox 1771 1544 2140 1597; x_wconf 90' lang='lat' dir='ltr'><strong>instrumento</strong></span> <span class='ocrx_word' id='word_1_100' title='bbox 2163 1542 2331 1597; x_wconf 83' lang='lat' dir='ltr'><strong>Deum</strong></span> <span class='ocrx_word' id='word_1_101' title='bbox 2351 1559 2440 1597; x_wconf 87' lang='lat' dir='ltr'><strong>ce-</strong></span> 
     </span>
    </p>
   </div>
   <div class='ocr_carea' id='block_1_15' title="bbox 859 1628 2439 1702">
    <p class='ocr_par' dir='ltr' id='par_1_15' title="bbox 859 1628 2439 1702">
     <span class='ocr_line' id='line_1_15' title="bbox 859 1628 2439 1702; baseline 0.002 -20"><span class='ocrx_word' id='word_1_102' title='bbox 859 1628 1055 1694; x_wconf 83' lang='lat' dir='ltr'><strong>lebrat,</strong></span> <span class='ocrx_word' id='word_1_103' title='bbox 1089 1640 1143 1684; x_wconf 91' lang='lat' dir='ltr'><strong>et</strong></span> <span class='ocrx_word' id='word_1_104' title='bbox 1164 1630 1294 1685; x_wconf 87' lang='lat' dir='ltr'><strong>huic</strong></span> <span class='ocrx_word' id='word_1_105' title='bbox 1323 1632 1713 1694; x_wconf 89' lang='lat' dir='ltr'><strong>instrumento,</strong></span> <span class='ocrx_word' id='word_1_106' title='bbox 1731 1647 1928 1702; x_wconf 90' lang='lat' dir='ltr'><strong>nempe</strong></span> <span class='ocrx_word' id='word_1_107' title='bbox 1945 1633 2178 1699; x_wconf 89' lang='lat' dir='ltr'><strong>homini,</strong></span> <span class='ocrx_word' id='word_1_108' title='bbox 2206 1633 2439 1686; x_wconf 74' lang='lat' dir='ltr'><strong>accinit:</strong></span> 
     </span>
    </p>
   </div>
   <div class='ocr_carea' id='block_1_16' title="bbox 863 1721 2442 1797">
    <p class='ocr_par' dir='ltr' id='par_1_16' title="bbox 863 1721 2442 1797">
     <span class='ocr_line' id='line_1_16' title="bbox 863 1721 2442 1797; baseline 0.003 -21"><span class='ocrx_word' id='word_1_109' title='bbox 863 1721 943 1776; x_wconf 85' lang='grc' dir='ltr'><strong>Τιι</strong></span> <span class='ocrx_word' id='word_1_110' title='bbox 958 1725 1097 1777; x_wconf 90' lang='lat' dir='ltr'><strong>enim</strong></span> <span class='ocrx_word' id='word_1_111' title='bbox 1110 1741 1164 1778; x_wconf 84' lang='lat' dir='ltr'><strong>es</strong></span> <span class='ocrx_word' id='word_1_112' title='bbox 1185 1725 1418 1792; x_wconf 79' lang='lat' dir='ltr'><strong>cithara,</strong></span> <span class='ocrx_word' id='word_1_113' title='bbox 1434 1736 1483 1779; x_wconf 87' lang='lat' dir='ltr'><strong>et</strong></span> <span class='ocrx_word' id='word_1_114' title='bbox 1504 1727 1658 1789; x_wconf 85' lang='lat' dir='ltr'><strong>tibia,</strong></span> <span class='ocrx_word' id='word_1_115' title='bbox 1675 1738 1723 1782; x_wconf 87' lang='lat' dir='ltr'><strong>et</strong></span> <span class='ocrx_word' id='word_1_116' title='bbox 1737 1729 1988 1797; x_wconf 84' lang='lat' dir='ltr'><strong>templum</strong></span> <span class='ocrx_word' id='word_1_117' title='bbox 2004 1745 2196 1780; x_wconf 87' lang='lat' dir='ltr'><strong>meum.</strong></span> <span class='ocrx_word' id='word_1_118' title='bbox 2222 1727 2442 1781; x_wconf 81' lang='lat' dir='ltr'><strong>Cithara</strong></span> 
     </span>
    </p>
   </div>
   <div class='ocr_carea' id='block_1_17' title="bbox 856 1811 2445 1887">
    <p class='ocr_par' dir='ltr' id='par_1_17' title="bbox 856 1811 2445 1887">
     <span class='ocr_line' id='line_1_17' title="bbox 856 1811 2445 1887; baseline 0.003 -23"><span class='ocrx_word' id='word_1_119' title='bbox 856 1811 1103 1878; x_wconf 89' lang='lat' dir='ltr'><strong>quidem,</strong></span> <span class='ocrx_word' id='word_1_120' title='bbox 1147 1822 1373 1883; x_wconf 87' lang='lat' dir='ltr'><strong>propter</strong></span> <span class='ocrx_word' id='word_1_121' title='bbox 1403 1816 1782 1887; x_wconf 85' lang='lat' dir='ltr'><strong>harmoniam;</strong></span> <span class='ocrx_word' id='word_1_122' title='bbox 1815 1817 1970 1879; x_wconf 84' lang='lat' dir='ltr'><strong>tibia,</strong></span> <span class='ocrx_word' id='word_1_123' title='bbox 2010 1824 2232 1884; x_wconf 89' lang='lat' dir='ltr'><strong>propter</strong></span> <span class='ocrx_word' id='word_1_124' title='bbox 2273 1815 2445 1884; x_wconf 88' lang='lat' dir='ltr'><strong>Spiri-</strong></span> 
     </span>
    </p>
   </div>
   <div class='ocr_carea' id='block_1_18' title="bbox 2540 623 4114 698">
    <p class='ocr_par' dir='ltr' id='par_1_18' title="bbox 2540 623 4114 698">
     <span class='ocr_line' id='line_1_18' title="bbox 2540 623 4114 698; baseline 0 -21"><span class='ocrx_word' id='word_1_125' title='bbox 2540 627 2632 678; x_wconf 81' lang='grc' dir='ltr'><strong>καὶ</strong></span> <span class='ocrx_word' id='word_1_126' title='bbox 2664 628 2770 697; x_wconf 86' lang='grc' dir='ltr'><strong>πρὸ</strong></span> <span class='ocrx_word' id='word_1_127' title='bbox 2799 629 2989 690; x_wconf 80' lang='grc' dir='ltr'><strong>αὐτοῦ,</strong></span> <span class='ocrx_word' id='word_1_128' title='bbox 3012 626 3150 682; x_wconf 88' lang='grc' dir='ltr'><strong>ὁτοῦ</strong></span> <span class='ocrx_word' id='word_1_129' title='bbox 3179 623 3311 679; x_wconf 87' lang='grc' dir='ltr'><strong>Θεοῦ</strong></span> <span class='ocrx_word' id='word_1_130' title='bbox 3341 623 3532 692; x_wconf 83' lang='grc' dir='ltr'><strong>Λόγος,</strong></span> <span class='ocrx_word' id='word_1_131' title='bbox 3570 627 3737 698; x_wconf 86' lang='grc' dir='ltr'><strong>λύραν</strong></span> <span class='ocrx_word' id='word_1_132' title='bbox 3766 629 3863 698; x_wconf 83' lang='grc' dir='ltr'><strong>μὲν</strong></span> <span class='ocrx_word' id='word_1_133' title='bbox 3894 625 3988 679; x_wconf 75' lang='grc' dir='ltr'><strong>καὶ</strong></span> <span class='ocrx_word' id='word_1_134' title='bbox 4029 640 4114 678; x_wconf 86' lang='grc' dir='ltr'><strong>κι-</strong></span> 
     </span>
    </p>
   </div>
   <div class='ocr_carea' id='block_1_19' title="bbox 2537 715 4112 791">
    <p class='ocr_par' dir='ltr' id='par_1_19' title="bbox 2537 715 4112 791">
     <span class='ocr_line' id='line_1_19' title="bbox 2537 715 4112 791; baseline 0.001 -21"><span class='ocrx_word' id='word_1_135' title='bbox 2537 716 2726 789; x_wconf 84' lang='grc' dir='ltr'><strong>θάραν,</strong></span> <span class='ocrx_word' id='word_1_136' title='bbox 2757 717 2827 769; x_wconf 75' lang='grc' dir='ltr'><strong>τά</strong></span> <span class='ocrx_word' id='word_1_137' title='bbox 2855 719 3038 789; x_wconf 70' lang='grc' dir='ltr'><strong>ἄψυχα</strong></span> <span class='ocrx_word' id='word_1_138' title='bbox 3059 720 3283 791; x_wconf 75' lang='grc' dir='ltr'><strong>ὄργανα,</strong></span> <span class='ocrx_word' id='word_1_139' title='bbox 3314 715 3602 786; x_wconf 84' lang='grc' dir='ltr'><strong>ὑπεριδὼν,</strong></span> <span class='ocrx_word' id='word_1_140' title='bbox 3665 720 3867 790; x_wconf 84' lang='grc' dir='ltr'><strong>κόσμον</strong></span> <span class='ocrx_word' id='word_1_141' title='bbox 3912 718 3968 772; x_wconf 83' lang='grc' dir='ltr'><strong>δὲ</strong></span> <span class='ocrx_word' id='word_1_142' title='bbox 3998 715 4112 789; x_wconf 84' lang='grc'>(69)</span> 
     </span>
    </p>
   </div>
   <div class='ocr_carea' id='block_1_20' title="bbox 2537 806 4110 882">
    <p class='ocr_par' dir='ltr' id='par_1_20' title="bbox 2537 806 4110 882">
     <span class='ocr_line' id='line_1_20' title="bbox 2537 806 4110 882; baseline -0.001 -18"><span class='ocrx_word' id='word_1_143' title='bbox 2537 809 2703 871; x_wconf 82' lang='grc' dir='ltr'><strong>τόνδε,</strong></span> <span class='ocrx_word' id='word_1_144' title='bbox 2734 808 2828 861; x_wconf 79' lang='grc' dir='ltr'><strong>καὶ</strong></span> <span class='ocrx_word' id='word_1_145' title='bbox 2857 809 2922 880; x_wconf 85' lang='grc' dir='ltr'><strong>δὴ</strong></span> <span class='ocrx_word' id='word_1_146' title='bbox 2953 811 3049 863; x_wconf 81' lang='grc' dir='ltr'><strong>γαὶ</strong></span> <span class='ocrx_word' id='word_1_147' title='bbox 3077 811 3168 864; x_wconf 77' lang='grc' dir='ltr'><strong>τὸν</strong></span> <span class='ocrx_word' id='word_1_148' title='bbox 3204 806 3428 882; x_wconf 81' lang='grc' dir='ltr'><strong>σμικρὸν</strong></span> <span class='ocrx_word' id='word_1_149' title='bbox 3457 806 3658 876; x_wconf 85' lang='grc' dir='ltr'><strong>κόσμον</strong></span> <span class='ocrx_word' id='word_1_150' title='bbox 3686 810 3776 863; x_wconf 79' lang='grc' dir='ltr'><strong>τὸν</strong></span> <span class='ocrx_word' id='word_1_151' title='bbox 3806 810 4110 882; x_wconf 76' lang='grc' dir='ltr'><strong>ἄνθρωπον,</strong></span> 
     </span>
    </p>
   </div>
   <div class='ocr_carea' id='block_1_21' title="bbox 2538 898 4115 976">
    <p class='ocr_par' dir='ltr' id='par_1_21' title="bbox 2538 898 4115 976">
     <span class='ocr_line' id='line_1_21' title="bbox 2538 898 4115 976; baseline 0.001 -21"><span class='ocrx_word' id='word_1_152' title='bbox 2538 903 2713 974; x_wconf 72' lang='grc' dir='ltr'><strong>ψυχήν</strong></span> <span class='ocrx_word' id='word_1_153' title='bbox 2740 917 2796 952; x_wconf 86' lang='grc' dir='ltr'><strong>τε</strong></span> <span class='ocrx_word' id='word_1_154' title='bbox 2821 901 2915 953; x_wconf 75' lang='grc' dir='ltr'><strong>καὶ</strong></span> <span class='ocrx_word' id='word_1_155' title='bbox 2945 902 3105 972; x_wconf 85' lang='grc' dir='ltr'><strong>σῶμα</strong></span> <span class='ocrx_word' id='word_1_156' title='bbox 3124 901 3311 965; x_wconf 80' lang='grc' dir='ltr'><strong>αὑτοῦ,</strong></span> <span class='ocrx_word' id='word_1_157' title='bbox 3360 898 3500 970; x_wconf 83' lang='grc' dir='ltr'><strong>ἁγίῳ</strong></span> <span class='ocrx_word' id='word_1_158' title='bbox 3544 898 3823 970; x_wconf 81' lang='grc' dir='ltr'><strong>Πνεύματι</strong></span> <span class='ocrx_word' id='word_1_159' title='bbox 3873 901 4115 976; x_wconf 80' lang='grc' dir='ltr'><strong>ἁρμοσά-</strong></span> 
     </span>
    </p>
   </div>
   <div class='ocr_carea' id='block_1_22' title="bbox 2544 990 4109 1066">
    <p class='ocr_par' dir='ltr' id='par_1_22' title="bbox 2544 990 4109 1066">
     <span class='ocr_line' id='line_1_22' title="bbox 2544 990 4109 1066; baseline 0.001 -19"><span class='ocrx_word' id='word_1_160' title='bbox 2544 1012 2720 1066; x_wconf 81' lang='grc' dir='ltr'><strong>μενος,</strong></span> <span class='ocrx_word' id='word_1_161' title='bbox 2750 992 2940 1062; x_wconf 76' lang='grc' dir='ltr'><strong>ψάλλει</strong></span> <span class='ocrx_word' id='word_1_162' title='bbox 2973 993 3051 1063; x_wconf 80' lang='grc' dir='ltr'><strong>τῷ</strong></span> <span class='ocrx_word' id='word_1_163' title='bbox 3081 995 3220 1065; x_wconf 79' lang='grc' dir='ltr'><strong>Θεῷ,</strong></span> <span class='ocrx_word' id='word_1_164' title='bbox 3261 994 3348 1048; x_wconf 79' lang='grc' dir='ltr'><strong>διά</strong></span> <span class='ocrx_word' id='word_1_165' title='bbox 3377 992 3465 1047; x_wconf 89' lang='grc' dir='ltr'><strong>τοῦ</strong></span> <span class='ocrx_word' id='word_1_166' title='bbox 3490 990 3806 1060; x_wconf 73' lang='grc' dir='ltr'><strong>πολυφώνου</strong></span> <span class='ocrx_word' id='word_1_167' title='bbox 3853 995 4109 1066; x_wconf 80' lang='grc' dir='ltr'><strong>ὀργάνου,</strong></span> 
     </span>
    </p>
   </div>
   <div class='ocr_carea' id='block_1_23' title="bbox 2541 1079 4109 1154">
    <p class='ocr_par' dir='ltr' id='par_1_23' title="bbox 2541 1079 4109 1154">
     <span class='ocr_line' id='line_1_23' title="bbox 2541 1079 4109 1154; baseline -0.006 -17"><span class='ocrx_word' id='word_1_168' title='bbox 2541 1085 2635 1137; x_wconf 77' lang='grc' dir='ltr'><strong>καὶ</strong></span> <span class='ocrx_word' id='word_1_169' title='bbox 2660 1081 2912 1154; x_wconf 78' lang='grc' dir='ltr'><strong>προσᾴδει</strong></span> <span class='ocrx_word' id='word_1_170' title='bbox 2945 1080 3120 1152; x_wconf 84' lang='grc' dir='ltr'><strong>τούτῳ</strong></span> <span class='ocrx_word' id='word_1_171' title='bbox 3138 1083 3217 1154; x_wconf 80' lang='grc' dir='ltr'><strong>τῷ</strong></span> <span class='ocrx_word' id='word_1_172' title='bbox 3242 1083 3456 1154; x_wconf 80' lang='grc' dir='ltr'><strong>ὀργάνῳ</strong></span> <span class='ocrx_word' id='word_1_173' title='bbox 3483 1079 3589 1152; x_wconf 88' lang='grc'>(70)</span> <span class='ocrx_word' id='word_1_174' title='bbox 3613 1120 3628 1145; x_wconf 86' lang='grc'><strong>,</strong></span> <span class='ocrx_word' id='word_1_175' title='bbox 3673 1079 3753 1149; x_wconf 84' lang='grc' dir='ltr'><strong>τῷ</strong></span> <span class='ocrx_word' id='word_1_176' title='bbox 3799 1082 4071 1154; x_wconf 74' lang='grc' dir='ltr'><strong>ἀνθρώπῳ</strong></span> <span class='ocrx_word' id='word_1_177' title='bbox 4091 1098 4109 1116; x_wconf 83' lang='grc' dir='ltr'><strong><em>ο</em></strong></span> 
     </span>
    </p>
   </div>
   <div class='ocr_carea' id='block_1_24' title="bbox 2543 1168 4107 1244">
    <p class='ocr_par' dir='ltr' id='par_1_24' title="bbox 2543 1168 4107 1244">
     <span class='ocr_line' id='line_1_24' title="bbox 2543 1168 4107 1244; baseline 0 -18"><span class='ocrx_word' id='word_1_178' title='bbox 2543 1175 2626 1228; x_wconf 88' lang='grc' dir='ltr'><strong>Σὺ</strong></span> <span class='ocrx_word' id='word_1_179' title='bbox 2651 1174 2759 1244; x_wconf 77' lang='grc' dir='ltr'><strong>γὰρ</strong></span> <span class='ocrx_word' id='word_1_180' title='bbox 2782 1168 2839 1226; x_wconf 83' lang='grc' dir='ltr'><strong>εΙ</strong></span> <span class='ocrx_word' id='word_1_181' title='bbox 2861 1169 2971 1243; x_wconf 84' lang='grc'>(71)</span> <span class='ocrx_word' id='word_1_182' title='bbox 3001 1171 3237 1240; x_wconf 80' lang='grc' dir='ltr'><strong>κιθάρα,</strong></span> <span class='ocrx_word' id='word_1_183' title='bbox 3267 1175 3364 1229; x_wconf 82' lang='grc' dir='ltr'><strong>καὶ</strong></span> <span class='ocrx_word' id='word_1_184' title='bbox 3395 1173 3603 1240; x_wconf 72' lang='grc' dir='ltr'><strong>αὐλὸς,</strong></span> <span class='ocrx_word' id='word_1_185' title='bbox 3633 1171 3729 1225; x_wconf 79' lang='grc' dir='ltr'><strong>καὶ</strong></span> <span class='ocrx_word' id='word_1_186' title='bbox 3757 1173 3904 1240; x_wconf 79' lang='grc' dir='ltr'><strong>ναὸς</strong></span> <span class='ocrx_word' id='word_1_187' title='bbox 3929 1175 4107 1244; x_wconf 81' lang='grc' dir='ltr'><strong>ἐμός·</strong></span> 
     </span>
    </p>
   </div>
   <div class='ocr_carea' id='block_1_25' title="bbox 2545 1261 4115 1338">
    <p class='ocr_par' dir='ltr' id='par_1_25' title="bbox 2545 1261 4115 1338">
     <span class='ocr_line' id='line_1_25' title="bbox 2545 1261 4115 1338; baseline 0 -20"><span class='ocrx_word' id='word_1_188' title='bbox 2545 1265 2743 1338; x_wconf 81' lang='grc' dir='ltr'><strong>κιθάρα</strong></span> <span class='ocrx_word' id='word_1_189' title='bbox 2770 1263 2856 1318; x_wconf 80' lang='grc' dir='ltr'><strong>διά</strong></span> <span class='ocrx_word' id='word_1_190' title='bbox 2885 1263 2983 1334; x_wconf 77' lang='grc' dir='ltr'><strong>τὴν</strong></span> <span class='ocrx_word' id='word_1_191' title='bbox 3017 1263 3310 1334; x_wconf 82' lang='grc' dir='ltr'><strong>ἁρμονίαν·</strong></span> <span class='ocrx_word' id='word_1_192' title='bbox 3343 1266 3504 1330; x_wconf 84' lang='grc' dir='ltr'><strong>αὐλὸς</strong></span> <span class='ocrx_word' id='word_1_193' title='bbox 3530 1263 3618 1318; x_wconf 85' lang='grc' dir='ltr'><strong>διὰ</strong></span> <span class='ocrx_word' id='word_1_194' title='bbox 3636 1263 3694 1316; x_wconf 83' lang='grc' dir='ltr'><strong>τὸ</strong></span> <span class='ocrx_word' id='word_1_195' title='bbox 3715 1261 3938 1332; x_wconf 77' lang='grc' dir='ltr'><strong>Πνεῦμα</strong></span> <span class='ocrx_word' id='word_1_196' title='bbox 3955 1281 3969 1294; x_wconf 88' lang='grc'><strong>·</strong></span> <span class='ocrx_word' id='word_1_197' title='bbox 3989 1266 4115 1332; x_wconf 82' lang='grc' dir='ltr'><strong>ναὸς</strong></span> 
     </span>
    </p>
   </div>
   <div class='ocr_carea' id='block_1_26' title="bbox 2543 1351 4114 1428">
    <p class='ocr_par' dir='ltr' id='par_1_26' title="bbox 2543 1351 4114 1428">
     <span class='ocr_line' id='line_1_26' title="bbox 2543 1351 4114 1428; baseline 0.001 -22"><span class='ocrx_word' id='word_1_198' title='bbox 2543 1354 2629 1409; x_wconf 89' lang='grc' dir='ltr'><strong>διά</strong></span> <span class='ocrx_word' id='word_1_199' title='bbox 2659 1357 2749 1409; x_wconf 79' lang='grc' dir='ltr'><strong>τὸν</strong></span> <span class='ocrx_word' id='word_1_200' title='bbox 2778 1355 2943 1423; x_wconf 83' lang='grc' dir='ltr'><strong>Λόγον</strong></span> <span class='ocrx_word' id='word_1_201' title='bbox 2965 1351 3075 1424; x_wconf 75' lang='grc'>(72)</span> <span class='ocrx_word' id='word_1_202' title='bbox 3099 1368 3111 1381; x_wconf 76' lang='grc' dir='ltr'><strong>ο</strong></span> <span class='ocrx_word' id='word_1_203' title='bbox 3146 1351 3212 1403; x_wconf 80' lang='grc' dir='ltr'><strong>ἵν’</strong></span> <span class='ocrx_word' id='word_1_204' title='bbox 3241 1355 3274 1423; x_wconf 82' lang='grc' dir='ltr'>ὴ</span> <span class='ocrx_word' id='word_1_205' title='bbox 3298 1355 3397 1424; x_wconf 83' lang='grc' dir='ltr'><strong>μὲν</strong></span> <span class='ocrx_word' id='word_1_206' title='bbox 3431 1356 3626 1428; x_wconf 83' lang='grc' dir='ltr'><strong>κρέκῃ,</strong></span> <span class='ocrx_word' id='word_1_207' title='bbox 3658 1354 3719 1407; x_wconf 80' lang='grc' dir='ltr'><strong>τὸ</strong></span> <span class='ocrx_word' id='word_1_208' title='bbox 3745 1352 3800 1406; x_wconf 81' lang='grc' dir='ltr'><strong>δὲ</strong></span> <span class='ocrx_word' id='word_1_209' title='bbox 3828 1353 4059 1425; x_wconf 79' lang='grc' dir='ltr'><strong>ἐμπνέῃ,</strong></span> <span class='ocrx_word' id='word_1_210' title='bbox 4082 1358 4114 1407; x_wconf 84' lang='lat'><strong>6</strong></span> 
     </span>
    </p>
   </div>
   <div class='ocr_carea' id='block_1_27' title="bbox 2540 1443 4112 1519">
    <p class='ocr_par' dir='ltr' id='par_1_27' title="bbox 2540 1443 4112 1519">
     <span class='ocr_line' id='line_1_27' title="bbox 2540 1443 4112 1519; baseline 0 -21"><span class='ocrx_word' id='word_1_211' title='bbox 2540 1446 2597 1499; x_wconf 78' lang='grc' dir='ltr'><strong>δὲ</strong></span> <span class='ocrx_word' id='word_1_212' title='bbox 2623 1449 2848 1519; x_wconf 78' lang='grc' dir='ltr'><strong>χωρήσῃ</strong></span> <span class='ocrx_word' id='word_1_213' title='bbox 2867 1447 2957 1500; x_wconf 83' lang='grc' dir='ltr'><strong>τὸν</strong></span> <span class='ocrx_word' id='word_1_214' title='bbox 2993 1443 3217 1515; x_wconf 83' lang='grc' dir='ltr'><strong>Κύριον.</strong></span> <span class='ocrx_word' id='word_1_215' title='bbox 3241 1444 3354 1497; x_wconf 76' lang='grc' dir='ltr'><strong>Καὶ</strong></span> <span class='ocrx_word' id='word_1_216' title='bbox 3385 1447 3491 1516; x_wconf 83' lang='grc' dir='ltr'><strong>μὴν</strong></span> <span class='ocrx_word' id='word_1_217' title='bbox 3519 1449 3548 1500; x_wconf 96' lang='lat'><strong>6</strong></span> <span class='ocrx_word' id='word_1_218' title='bbox 3580 1445 3760 1509; x_wconf 72' lang='grc' dir='ltr'><strong>Δαϐὶδ,</strong></span> <span class='ocrx_word' id='word_1_219' title='bbox 3786 1447 3814 1498; x_wconf 92' lang='lat'><strong>6</strong></span> <span class='ocrx_word' id='word_1_220' title='bbox 3841 1443 4112 1514; x_wconf 76' lang='grc' dir='ltr'><strong>βασιλεὺς,</strong></span> 
     </span>
    </p>
   </div>
   <div class='ocr_carea' id='block_1_28' title="bbox 2542 1527 4116 1610">
    <p class='ocr_par' dir='ltr' id='par_1_28' title="bbox 2542 1527 4116 1610">
     <span class='ocr_line' id='line_1_28' title="bbox 2542 1527 4116 1610; baseline -0.001 -20"><span class='ocrx_word' id='word_1_221' title='bbox 2542 1539 2570 1590; x_wconf 97' lang='lat'><strong>6</strong></span> <span class='ocrx_word' id='word_1_222' title='bbox 2615 1537 2972 1610; x_wconf 79' lang='grc' dir='ltr'><strong>κιθαριστὴς,</strong></span> <span class='ocrx_word' id='word_1_223' title='bbox 3019 1527 3079 1588; x_wconf 74' lang='grc' dir='ltr'><strong>οῦ</strong></span> <span class='ocrx_word' id='word_1_224' title='bbox 3116 1533 3315 1606; x_wconf 83' lang='grc' dir='ltr'><strong>,μικρῷ</strong></span> <span class='ocrx_word' id='word_1_225' title='bbox 3361 1536 3597 1607; x_wconf 85' lang='grc' dir='ltr'><strong>πρόσθεν</strong></span> <span class='ocrx_word' id='word_1_226' title='bbox 3627 1536 4004 1608; x_wconf 82' lang='grc' dir='ltr'><strong>ἐμνήσθημεν,</strong></span> <span class='ocrx_word' id='word_1_227' title='bbox 4054 1534 4116 1599; x_wconf 75' lang='grc' dir='ltr'><strong>ὃς</strong></span> 
     </span>
    </p>
   </div>
   <div class='ocr_carea' id='block_1_29' title="bbox 2543 1623 4116 1700">
    <p class='ocr_par' dir='ltr' id='par_1_29' title="bbox 2543 1623 4116 1700">
     <span class='ocr_line' id='line_1_29' title="bbox 2543 1623 4116 1700; baseline -0.003 -20"><span class='ocrx_word' id='word_1_228' title='bbox 2543 1627 2882 1700; x_wconf 81' lang='grc' dir='ltr'><strong>προῦτρεπεν</strong></span> <span class='ocrx_word' id='word_1_229' title='bbox 2914 1625 3022 1697; x_wconf 77' lang='grc'>(75)</span> <span class='ocrx_word' id='word_1_230' title='bbox 3051 1626 3126 1688; x_wconf 74' lang='grc' dir='ltr'><strong>ὡς</strong></span> <span class='ocrx_word' id='word_1_231' title='bbox 3157 1624 3257 1694; x_wconf 82' lang='grc' dir='ltr'><strong>τὴν</strong></span> <span class='ocrx_word' id='word_1_232' title='bbox 3285 1623 3562 1694; x_wconf 81' lang='grc' dir='ltr'><strong>ἀλήθειαν,</strong></span> <span class='ocrx_word' id='word_1_233' title='bbox 3585 1627 3859 1698; x_wconf 80' lang='grc' dir='ltr'><strong>ἀπέτρεπε</strong></span> <span class='ocrx_word' id='word_1_234' title='bbox 3883 1626 3938 1680; x_wconf 85' lang='grc' dir='ltr'><strong>δὲ</strong></span> <span class='ocrx_word' id='word_1_235' title='bbox 3965 1623 4116 1678; x_wconf 80' lang='grc' dir='ltr'><strong>εἰδώ-</strong></span> 
     </span>
    </p>
   </div>
   <div class='ocr_carea' id='block_1_30' title="bbox 2542 1715 4116 1793">
    <p class='ocr_par' dir='ltr' id='par_1_30' title="bbox 2542 1715 4116 1793">
     <span class='ocr_line' id='line_1_30' title="bbox 2542 1715 4116 1793; baseline -0.003 -20"><span class='ocrx_word' id='word_1_236' title='bbox 2542 1719 2648 1772; x_wconf 85' lang='grc' dir='ltr'><strong>λων</strong></span> <span class='ocrx_word' id='word_1_237' title='bbox 2664 1737 2677 1750; x_wconf 90' lang='grc'><strong>·</strong></span> <span class='ocrx_word' id='word_1_238' title='bbox 2711 1718 2903 1772; x_wconf 88' lang='grc' dir='ltr'><strong>πολλοῦ</strong></span> <span class='ocrx_word' id='word_1_239' title='bbox 2924 1736 2987 1787; x_wconf 86' lang='grc' dir='ltr'><strong>γε</strong></span> <span class='ocrx_word' id='word_1_240' title='bbox 3017 1717 3120 1770; x_wconf 70' lang='grc' dir='ltr'><strong>ἔδει</strong></span> <span class='ocrx_word' id='word_1_241' title='bbox 3145 1717 3332 1793; x_wconf 67' lang='grc' dir='ltr'><strong>ὑμνεῖν</strong></span> <span class='ocrx_word' id='word_1_242' title='bbox 3361 1715 3525 1769; x_wconf 84' lang='grc' dir='ltr'><strong>αὑτὸν</strong></span> <span class='ocrx_word' id='word_1_243' title='bbox 3543 1719 3668 1782; x_wconf 77' lang='grc' dir='ltr'><strong>τοὺς</strong></span> <span class='ocrx_word' id='word_1_244' title='bbox 3688 1718 3966 1788; x_wconf 86' lang='grc' dir='ltr'><strong>δαίμονας,</strong></span> <span class='ocrx_word' id='word_1_245' title='bbox 3984 1715 4116 1788; x_wconf 82' lang='grc' dir='ltr'><strong>ἀλη-</strong></span> 
     </span>
    </p>
   </div>
   <div class='ocr_carea' id='block_1_31' title="bbox 2546 1803 4118 1881">
    <p class='ocr_par' dir='ltr' id='par_1_31' title="bbox 2546 1803 4118 1881">
     <span class='ocr_line' id='line_1_31' title="bbox 2546 1803 4118 1881; baseline 0 -20"><span class='ocrx_word' id='word_1_246' title='bbox 2546 1809 2630 1862; x_wconf 84' lang='grc' dir='ltr'><strong>θεῖ</strong></span> <span class='ocrx_word' id='word_1_247' title='bbox 2647 1810 2782 1881; x_wconf 85' lang='grc' dir='ltr'><strong>πρὸς</strong></span> <span class='ocrx_word' id='word_1_248' title='bbox 2811 1808 2974 1861; x_wconf 79' lang='grc' dir='ltr'><strong>αὑτοῦ</strong></span> <span class='ocrx_word' id='word_1_249' title='bbox 3013 1807 3373 1878; x_wconf 82' lang='grc' dir='ltr'><strong>διωκομένους</strong></span> <span class='ocrx_word' id='word_1_250' title='bbox 3417 1811 3690 1880; x_wconf 81' lang='grc' dir='ltr'><strong>μουσικῇ,</strong></span> <span class='ocrx_word' id='word_1_251' title='bbox 3831 1809 3909 1880; x_wconf 86' lang='grc' dir='ltr'><strong>τῷ</strong></span> <span class='ocrx_word' id='word_1_252' title='bbox 3945 1809 4118 1863; x_wconf 82' lang='grc' dir='ltr'><strong>Σαοὺλ</strong></span> 
     </span>
    </p>
   </div>
   <div class='ocr_carea' id='block_1_32' title="bbox 859 1897 2619 1978">
    <p class='ocr_par' dir='ltr' id='par_1_32' title="bbox 859 1899 2619 1978">
     <span class='ocr_line' id='line_1_32' title="bbox 859 1899 2619 1978; baseline 0.002 -18"><span class='ocrx_word' id='word_1_253' title='bbox 859 1917 1016 1971; x_wconf 89' lang='lat' dir='ltr'><strong>tum;</strong></span> <span class='ocrx_word' id='word_1_254' title='bbox 1049 1908 1308 1977; x_wconf 90' lang='lat' dir='ltr'><strong>templum</strong></span> <span class='ocrx_word' id='word_1_255' title='bbox 1337 1918 1540 1974; x_wconf 89' lang='lat' dir='ltr'><strong>autem,</strong></span> <span class='ocrx_word' id='word_1_256' title='bbox 1577 1919 1796 1978; x_wconf 90' lang='lat' dir='ltr'><strong>propter</strong></span> <span class='ocrx_word' id='word_1_257' title='bbox 1831 1908 2104 1962; x_wconf 83' lang='lat' dir='ltr'><strong>Verbum:</strong></span> <span class='ocrx_word' id='word_1_258' title='bbox 2137 1919 2195 1962; x_wconf 90' lang='lat' dir='ltr'><strong>ut</strong></span> <span class='ocrx_word' id='word_1_259' title='bbox 2235 1910 2324 1963; x_wconf 92' lang='lat' dir='ltr'><strong>illa</strong></span> <span class='ocrx_word' id='word_1_260' title='bbox 2355 1925 2443 1963; x_wconf 81' lang='lat' dir='ltr'><strong>re-</strong></span> <span class='ocrx_word' id='word_1_261' title='bbox 2472 1899 2514 1951; x_wconf 79' lang='grc' dir='ltr'><strong>Β</strong></span> <span class='ocrx_word' id='word_1_262' title='bbox 2543 1903 2619 1952; x_wconf 79' lang='grc' dir='ltr'><strong>ἐνε</strong></span> 
     </span>
    </p>
   </div>
   <div class='ocr_carea' id='block_1_33' title="bbox 2353 1897 4113 1978">
    <p class='ocr_par' dir='ltr' id='par_1_33' title="bbox 2355 1897 4113 1971">
     <span class='ocr_line' id='line_1_33' title="bbox 2355 1897 4113 1971; baseline 0.003 -20"><span class='ocrx_word' id='word_1_263' title='bbox 2355 1925 2443 1963; x_wconf 74' lang='lat' dir='ltr'><strong>re.</strong></span> <span class='ocrx_word' id='word_1_264' title='bbox 2472 1899 2514 1951; x_wconf 86' lang='grc' dir='ltr'><strong>Β</strong></span> <span class='ocrx_word' id='word_1_265' title='bbox 2543 1901 2918 1971; x_wconf 83' lang='grc' dir='ltr'><strong>ἐνεργουμένῳ</strong></span> <span class='ocrx_word' id='word_1_266' title='bbox 2950 1899 3059 1971; x_wconf 79' lang='grc'>(74)</span> <span class='ocrx_word' id='word_1_267' title='bbox 3090 1901 3294 1962; x_wconf 87' lang='grc' dir='ltr'><strong>ἐκεῖνος</strong></span> <span class='ocrx_word' id='word_1_268' title='bbox 3323 1897 3464 1969; x_wconf 86' lang='grc' dir='ltr'><strong>ᾄδων</strong></span> <span class='ocrx_word' id='word_1_269' title='bbox 3498 1899 3678 1968; x_wconf 89' lang='grc' dir='ltr'><strong>μόνον,</strong></span> <span class='ocrx_word' id='word_1_270' title='bbox 3709 1901 3870 1954; x_wconf 78' lang='grc' dir='ltr'><strong>αὑτὸν</strong></span> <span class='ocrx_word' id='word_1_271' title='bbox 3905 1902 4113 1956; x_wconf 75' lang='grc' dir='ltr'><strong>ἰάσατο.</strong></span> 
     </span>
    </p>
   </div>
   <div class='ocr_carea' id='block_1_34' title="bbox 858 1998 2437 2067">
    <p class='ocr_par' dir='ltr' id='par_1_34' title="bbox 858 1998 2437 2067">
     <span class='ocr_line' id='line_1_34' title="bbox 858 1998 2437 2067; baseline 0.003 -16"><span class='ocrx_word' id='word_1_272' title='bbox 858 2004 1035 2060; x_wconf 88' lang='lat' dir='ltr'><strong>sonet,</strong></span> <span class='ocrx_word' id='word_1_273' title='bbox 1081 1998 1184 2050; x_wconf 89' lang='lat' dir='ltr'><strong>ista</strong></span> <span class='ocrx_word' id='word_1_274' title='bbox 1231 1999 1480 2067; x_wconf 89' lang='lat' dir='ltr'><strong>inspiret,</strong></span> <span class='ocrx_word' id='word_1_275' title='bbox 1517 2000 1619 2053; x_wconf 91' lang='lat' dir='ltr'><strong>hoc</strong></span> <span class='ocrx_word' id='word_1_276' title='bbox 1653 2014 1784 2054; x_wconf 88' lang='lat' dir='ltr'><strong>vero</strong></span> <span class='ocrx_word' id='word_1_277' title='bbox 1813 2000 2091 2054; x_wconf 85' lang='lat' dir='ltr'><strong>contineat</strong></span> <span class='ocrx_word' id='word_1_278' title='bbox 2120 2000 2437 2055; x_wconf 89' lang='lat' dir='ltr'><strong>Dominum.</strong></span> 
     </span>
    </p>
   </div>
   <div class='ocr_carea' id='block_1_35' title="bbox 855 2085 2441 2163">
    <p class='ocr_par' dir='ltr' id='par_1_35' title="bbox 855 2085 2441 2163">
     <span class='ocr_line' id='line_1_35' title="bbox 855 2085 2441 2163; baseline 0.003 -22"><span class='ocrx_word' id='word_1_279' title='bbox 855 2085 1027 2143; x_wconf 87' lang='lat' dir='ltr'><strong>Porro</strong></span> <span class='ocrx_word' id='word_1_280' title='bbox 1066 2089 1253 2151; x_wconf 89' lang='lat' dir='ltr'><strong>David,</strong></span> <span class='ocrx_word' id='word_1_281' title='bbox 1293 2107 1389 2146; x_wconf 82' lang='lat' dir='ltr'><strong>rex</strong></span> <span class='ocrx_word' id='word_1_282' title='bbox 1435 2092 1524 2145; x_wconf 91' lang='lat' dir='ltr'><strong>ille</strong></span> <span class='ocrx_word' id='word_1_283' title='bbox 1564 2092 1922 2158; x_wconf 69' lang='lat' dir='ltr'><strong>citharoedus,</strong></span> <span class='ocrx_word' id='word_1_284' title='bbox 1961 2093 2125 2163; x_wconf 90' lang='lat' dir='ltr'><strong>paulo</strong></span> <span class='ocrx_word' id='word_1_285' title='bbox 2170 2101 2294 2146; x_wconf 86' lang='lat' dir='ltr'><strong>ante</strong></span> <span class='ocrx_word' id='word_1_286' title='bbox 2326 2106 2441 2145; x_wconf 82' lang='lat' dir='ltr'><strong>ine-</strong></span> 
     </span>
    </p>
   </div>
   <div class='ocr_carea' id='block_1_36' title="bbox 855 2182 2440 2250">
    <p class='ocr_par' dir='ltr' id='par_1_36' title="bbox 855 2182 2440 2250">
     <span class='ocr_line' id='line_1_36' title="bbox 855 2182 2440 2250; baseline 0 -16"><span class='ocrx_word' id='word_1_287' title='bbox 855 2189 1123 2243; x_wconf 87' lang='lat' dir='ltr'><strong>moratus,</strong></span> <span class='ocrx_word' id='word_1_288' title='bbox 1153 2187 1211 2244; x_wconf 52' lang='lat' dir='ltr'><strong>Et</strong></span> <span class='ocrx_word' id='word_1_289' title='bbox 1237 2182 1562 2237; x_wconf 85' lang='lat' dir='ltr'><strong>hortabatur</strong></span> <span class='ocrx_word' id='word_1_290' title='bbox 1587 2183 1656 2238; x_wconf 88' lang='lat' dir='ltr'><strong>ad</strong></span> <span class='ocrx_word' id='word_1_291' title='bbox 1671 2185 1985 2250; x_wconf 84' lang='lat' dir='ltr'><strong>veritatem,</strong></span> <span class='ocrx_word' id='word_1_292' title='bbox 2003 2201 2032 2238; x_wconf 89' lang='lat' dir='ltr'><strong>a</strong></span> <span class='ocrx_word' id='word_1_293' title='bbox 2049 2183 2440 2238; x_wconf 61' lang='lat' dir='ltr'><strong>daemoniisab-</strong></span> 
     </span>
    </p>
   </div>
   <div class='ocr_carea' id='block_1_37' title="bbox 854 2269 2436 2341">
    <p class='ocr_par' dir='ltr' id='par_1_37' title="bbox 854 2269 2436 2341">
     <span class='ocr_line' id='line_1_37' title="bbox 854 2269 2436 2341; baseline 0.002 -17"><span class='ocrx_word' id='word_1_294' title='bbox 854 2269 1108 2331; x_wconf 78' lang='lat' dir='ltr'><strong>(lucebat,</strong></span> <span class='ocrx_word' id='word_1_295' title='bbox 1139 2279 1463 2341; x_wconf 87' lang='lat' dir='ltr'><strong>tantumque</strong></span> <span class='ocrx_word' id='word_1_296' title='bbox 1487 2274 1557 2327; x_wconf 89' lang='lat' dir='ltr'><strong>ab</strong></span> <span class='ocrx_word' id='word_1_297' title='bbox 1589 2289 1782 2328; x_wconf 89' lang='lat' dir='ltr'><strong>eorum</strong></span> <span class='ocrx_word' id='word_1_298' title='bbox 1818 2275 2075 2328; x_wconf 87' lang='lat' dir='ltr'><strong>laudibus</strong></span> <span class='ocrx_word' id='word_1_299' title='bbox 2101 2272 2436 2328; x_wconf 81' lang='lat' dir='ltr'><strong>celebrandis</strong></span> 
     </span>
    </p>
   </div>
   <div class='ocr_carea' id='block_1_38' title="bbox 849 2357 2438 2434">
    <p class='ocr_par' dir='ltr' id='par_1_38' title="bbox 849 2357 2438 2434">
     <span class='ocr_line' id='line_1_38' title="bbox 849 2357 2438 2434; baseline 0.002 -21"><span class='ocrx_word' id='word_1_300' title='bbox 849 2357 1053 2424; x_wconf 77' lang='lat' dir='ltr'><strong>abluit,</strong></span> <span class='ocrx_word' id='word_1_301' title='bbox 1087 2371 1146 2413; x_wconf 91' lang='lat' dir='ltr'><strong>ut</strong></span> <span class='ocrx_word' id='word_1_302' title='bbox 1181 2378 1277 2416; x_wconf 87' lang='lat' dir='ltr'><strong>eos</strong></span> <span class='ocrx_word' id='word_1_303' title='bbox 1304 2379 1426 2416; x_wconf 88' lang='lat' dir='ltr'><strong>vera</strong></span> <span class='ocrx_word' id='word_1_304' title='bbox 1464 2365 1674 2418; x_wconf 83' lang='lat' dir='ltr'><strong>musica</strong></span> <span class='ocrx_word' id='word_1_305' title='bbox 1697 2364 2013 2434; x_wconf 76' lang='lat' dir='ltr'><strong>expelleret,</strong></span> <span class='ocrx_word' id='word_1_306' title='bbox 2048 2373 2101 2418; x_wconf 89' lang='lat' dir='ltr'><strong>et</strong></span> <span class='ocrx_word' id='word_1_307' title='bbox 2126 2362 2255 2417; x_wconf 89' lang='lat' dir='ltr'><strong>Saul</strong></span> <span class='ocrx_word' id='word_1_308' title='bbox 2294 2363 2438 2417; x_wconf 84' lang='lat' dir='ltr'><strong>malo</strong></span> 
     </span>
    </p>
   </div>
   <div class='ocr_carea' id='block_1_39' title="bbox 855 2450 2440 2517">
    <p class='ocr_par' dir='ltr' id='par_1_39' title="bbox 855 2450 2440 2517">
     <span class='ocr_line' id='line_1_39' title="bbox 855 2450 2440 2517; baseline 0.003 -12"><span class='ocrx_word' id='word_1_309' title='bbox 855 2450 1056 2517; x_wconf 82' lang='lat' dir='ltr'><strong>spiritu</strong></span> <span class='ocrx_word' id='word_1_310' title='bbox 1086 2463 1338 2506; x_wconf 79' lang='lat' dir='ltr'><strong>vexatum</strong></span> <span class='ocrx_word' id='word_1_311' title='bbox 1379 2454 1495 2508; x_wconf 91' lang='lat' dir='ltr'><strong>solo</strong></span> <span class='ocrx_word' id='word_1_312' title='bbox 1524 2463 1687 2508; x_wconf 86' lang='lat' dir='ltr'><strong>cantu</strong></span> <span class='ocrx_word' id='word_1_313' title='bbox 1722 2466 1959 2509; x_wconf 87' lang='lat' dir='ltr'><strong>sanaret.</strong></span> <span class='ocrx_word' id='word_1_314' title='bbox 1992 2454 2102 2510; x_wconf 65' lang='grc' dir='ltr'><strong>Ν.έο</strong></span> <span class='ocrx_word' id='word_1_315' title='bbox 2132 2455 2307 2509; x_wconf 90' lang='lat' dir='ltr'><strong>solum</strong></span> <span class='ocrx_word' id='word_1_316' title='bbox 2340 2455 2440 2509; x_wconf 82' lang='lat' dir='ltr'><strong>ho-</strong></span> 
     </span>
    </p>
   </div>
   <div class='ocr_carea' id='block_1_40' title="bbox 855 2542 2440 2612">
    <p class='ocr_par' dir='ltr' id='par_1_40' title="bbox 855 2542 2440 2612">
     <span class='ocr_line' id='line_1_40' title="bbox 855 2542 2440 2612; baseline 0.005 -19"><span class='ocrx_word' id='word_1_317' title='bbox 855 2542 1061 2595; x_wconf 85' lang='lat' dir='ltr'><strong>minem</strong></span> <span class='ocrx_word' id='word_1_318' title='bbox 1091 2543 1378 2610; x_wconf 89' lang='lat' dir='ltr'><strong>pulcbrum</strong></span> <span class='ocrx_word' id='word_1_319' title='bbox 1400 2554 1453 2597; x_wconf 89' lang='lat' dir='ltr'><strong>et</strong></span> <span class='ocrx_word' id='word_1_320' title='bbox 1479 2544 1694 2612; x_wconf 89' lang='lat' dir='ltr'><strong>spirans</strong></span> <span class='ocrx_word' id='word_1_321' title='bbox 1719 2544 2144 2599; x_wconf 88' lang='lat' dir='ltr'><strong>instrumentum</strong></span> <span class='ocrx_word' id='word_1_322' title='bbox 2180 2545 2440 2601; x_wconf 84' lang='lat' dir='ltr'><strong>Dominus</strong></span> 
     </span>
    </p>
   </div>
   <div class='ocr_carea' id='block_1_41' title="bbox 855 2630 2442 2704">
    <p class='ocr_par' dir='ltr' id='par_1_41' title="bbox 855 2630 2442 2704">
     <span class='ocr_line' id='line_1_41' title="bbox 855 2630 2442 2704; baseline 0.003 -20"><span class='ocrx_word' id='word_1_323' title='bbox 855 2630 923 2684; x_wconf 85' lang='lat' dir='ltr'><strong>ad</strong></span> <span class='ocrx_word' id='word_1_324' title='bbox 944 2631 1028 2685; x_wconf 88' lang='lat' dir='ltr'><strong>sui</strong></span> <span class='ocrx_word' id='word_1_325' title='bbox 1060 2631 1352 2700; x_wconf 80' lang='lat' dir='ltr'><strong>imaginem</strong></span> <span class='ocrx_word' id='word_1_326' title='bbox 1371 2631 1549 2686; x_wconf 76' lang='lat' dir='ltr'><strong>effecit</strong></span> <span class='ocrx_word' id='word_1_327' title='bbox 1567 2650 1581 2698; x_wconf 91' lang='lat'><strong>;</strong></span> <span class='ocrx_word' id='word_1_328' title='bbox 1601 2635 1692 2687; x_wconf 88' lang='lat' dir='ltr'><strong>sed</strong></span> <span class='ocrx_word' id='word_1_329' title='bbox 1709 2633 1846 2702; x_wconf 87' lang='lat' dir='ltr'><strong>ipse,</strong></span> <span class='ocrx_word' id='word_1_330' title='bbox 1874 2634 2324 2704; x_wconf 87' lang='lat' dir='ltr'><strong>supramundana</strong></span> <span class='ocrx_word' id='word_1_331' title='bbox 2348 2650 2442 2688; x_wconf 81' lang='lat' dir='ltr'><strong>sa-</strong></span> 
     </span>
    </p>
   </div>
   <div class='ocr_carea' id='block_1_42' title="bbox 855 2717 2441 2788">
    <p class='ocr_par' dir='ltr' id='par_1_42' title="bbox 855 2717 2441 2788">
     <span class='ocr_line' id='line_1_42' title="bbox 855 2717 2441 2788; baseline 0.007 -19"><span class='ocrx_word' id='word_1_332' title='bbox 855 2717 1080 2786; x_wconf 86' lang='lat' dir='ltr'><strong>pientia,</strong></span> <span class='ocrx_word' id='word_1_333' title='bbox 1125 2719 1453 2788; x_wconf 70' lang='lat' dir='ltr'><strong>cmlesteque</strong></span> <span class='ocrx_word' id='word_1_334' title='bbox 1481 2720 1746 2787; x_wconf 79' lang='lat' dir='ltr'><strong>Verbum,</strong></span> <span class='ocrx_word' id='word_1_335' title='bbox 1779 2732 1866 2777; x_wconf 90' lang='lat' dir='ltr'><strong>est</strong></span> <span class='ocrx_word' id='word_1_336' title='bbox 1896 2722 2321 2778; x_wconf 83' lang='lat' dir='ltr'><strong>instrumentum</strong></span> <span class='ocrx_word' id='word_1_337' title='bbox 2347 2723 2441 2780; x_wconf 88' lang='lat' dir='ltr'><strong>Dei</strong></span> 
     </span>
    </p>
   </div>
   <div class='ocr_carea' id='block_1_43' title="bbox 852 2807 2440 2880">
    <p class='ocr_par' dir='ltr' id='par_1_43' title="bbox 852 2807 2440 2880">
     <span class='ocr_line' id='line_1_43' title="bbox 852 2807 2440 2880; baseline 0.006 -21"><span class='ocrx_word' id='word_1_338' title='bbox 852 2807 1100 2862; x_wconf 86' lang='lat' dir='ltr'><strong>numeris</strong></span> <span class='ocrx_word' id='word_1_339' title='bbox 1143 2809 1400 2864; x_wconf 88' lang='lat' dir='ltr'><strong>omnibus</strong></span> <span class='ocrx_word' id='word_1_340' title='bbox 1431 2810 1783 2880; x_wconf 88' lang='lat' dir='ltr'><strong>instructum,</strong></span> <span class='ocrx_word' id='word_1_341' title='bbox 1819 2814 2175 2878; x_wconf 89' lang='lat' dir='ltr'><strong>concinnum,</strong></span> <span class='ocrx_word' id='word_1_342' title='bbox 2217 2821 2272 2868; x_wconf 91' lang='lat' dir='ltr'><strong>et</strong></span> <span class='ocrx_word' id='word_1_343' title='bbox 2311 2829 2440 2868; x_wconf 89' lang='lat' dir='ltr'><strong>san-</strong></span> 
     </span>
    </p>
   </div>
   <div class='ocr_carea' id='block_1_44' title="bbox 853 2896 2438 2968">
    <p class='ocr_par' dir='ltr' id='par_1_44' title="bbox 853 2896 2438 2968">
     <span class='ocr_line' id='line_1_44' title="bbox 853 2896 2438 2968; baseline 0.004 -18"><span class='ocrx_word' id='word_1_344' title='bbox 853 2904 1028 2950; x_wconf 78' lang='lat' dir='ltr'><strong>ctum.</strong></span> <span class='ocrx_word' id='word_1_345' title='bbox 1065 2896 1205 2962; x_wconf 87' lang='lat' dir='ltr'><strong>Quid</strong></span> <span class='ocrx_word' id='word_1_346' title='bbox 1236 2913 1368 2968; x_wconf 80' lang='lat' dir='ltr'><strong>ergo</strong></span> <span class='ocrx_word' id='word_1_347' title='bbox 1402 2899 1833 2955; x_wconf 90' lang='lat' dir='ltr'><strong>instrumentum</strong></span> <span class='ocrx_word' id='word_1_348' title='bbox 1867 2902 1988 2965; x_wconf 89' lang='lat' dir='ltr'><strong>hoc,</strong></span> <span class='ocrx_word' id='word_1_349' title='bbox 2037 2901 2304 2956; x_wconf 89' lang='lat' dir='ltr'><strong>Dominus</strong></span> <span class='ocrx_word' id='word_1_350' title='bbox 2334 2917 2438 2957; x_wconf 85' lang='lat' dir='ltr'><strong>no-</strong></span> 
     </span>
    </p>
   </div>
   <div class='ocr_carea' id='block_1_45' title="bbox 854 2985 2437 3060">
    <p class='ocr_par' dir='ltr' id='par_1_45' title="bbox 854 2985 2437 3060">
     <span class='ocr_line' id='line_1_45' title="bbox 854 2985 2437 3060; baseline 0.007 -21"><span class='ocrx_word' id='word_1_351' title='bbox 854 2993 972 3040; x_wconf 66' lang='lat' dir='ltr'><strong>ater</strong></span> <span class='ocrx_word' id='word_1_352' title='bbox 1015 2985 1108 3041; x_wconf 89' lang='lat' dir='ltr'><strong>Dei</strong></span> <span class='ocrx_word' id='word_1_353' title='bbox 1142 2986 1406 3053; x_wconf 88' lang='lat' dir='ltr'><strong>Verbum,</strong></span> <span class='ocrx_word' id='word_1_354' title='bbox 1441 2992 1573 3060; x_wconf 90' lang='lat' dir='ltr'><strong>quid</strong></span> <span class='ocrx_word' id='word_1_355' title='bbox 1614 2992 1745 3046; x_wconf 88' lang='lat' dir='ltr'><strong>illud</strong></span> <span class='ocrx_word' id='word_1_356' title='bbox 1784 3009 1982 3048; x_wconf 89' lang='lat' dir='ltr'><strong>novum</strong></span> <span class='ocrx_word' id='word_1_357' title='bbox 2020 2995 2295 3050; x_wconf 89' lang='lat' dir='ltr'><strong>canticum</strong></span> <span class='ocrx_word' id='word_1_358' title='bbox 2339 3009 2437 3050; x_wconf 81' lang='lat' dir='ltr'><strong>vo-</strong></span> 
     </span>
    </p>
   </div>
   <div class='ocr_carea' id='block_1_46' title="bbox 856 3077 2434 3155">
    <p class='ocr_par' dir='ltr' id='par_1_46' title="bbox 856 3077 2434 3155">
     <span class='ocr_line' id='line_1_46' title="bbox 856 3077 2434 3155; baseline 0.004 -22"><span class='ocrx_word' id='word_1_359' title='bbox 856 3077 1014 3133; x_wconf 86' lang='lat' dir='ltr'><strong>lunt?</strong></span> <span class='ocrx_word' id='word_1_360' title='bbox 1043 3077 1217 3134; x_wconf 73' lang='lat' dir='ltr'><strong>Caecis</strong></span> <span class='ocrx_word' id='word_1_361' title='bbox 1242 3080 1420 3134; x_wconf 84' lang='lat' dir='ltr'><strong>visum</strong></span> <span class='ocrx_word' id='word_1_362' title='bbox 1453 3083 1765 3146; x_wconf 86' lang='lat' dir='ltr'><strong>restituere,</strong></span> <span class='ocrx_word' id='word_1_363' title='bbox 1797 3084 1978 3139; x_wconf 91' lang='lat' dir='ltr'><strong>surdis</strong></span> <span class='ocrx_word' id='word_1_364' title='bbox 2007 3101 2168 3140; x_wconf 89' lang='lat' dir='ltr'><strong>aures</strong></span> <span class='ocrx_word' id='word_1_365' title='bbox 2205 3087 2434 3155; x_wconf 89' lang='lat' dir='ltr'><strong>aperire,</strong></span> 
     </span>
    </p>
   </div>
   <div class='ocr_carea' id='block_1_47' title="bbox 855 3169 2436 3242">
    <p class='ocr_par' dir='ltr' id='par_1_47' title="bbox 855 3169 2436 3242">
     <span class='ocr_line' id='line_1_47' title="bbox 855 3169 2436 3242; baseline 0.005 -21"><span class='ocrx_word' id='word_1_366' title='bbox 855 3179 912 3223; x_wconf 84' lang='lat' dir='ltr'><strong>et</strong></span> <span class='ocrx_word' id='word_1_367' title='bbox 935 3169 1161 3224; x_wconf 87' lang='lat' dir='ltr'><strong>claudos</strong></span> <span class='ocrx_word' id='word_1_368' title='bbox 1189 3179 1353 3239; x_wconf 88' lang='lat' dir='ltr'><strong>atque</strong></span> <span class='ocrx_word' id='word_1_369' title='bbox 1373 3182 1620 3228; x_wconf 86' lang='lat' dir='ltr'><strong>errantes</strong></span> <span class='ocrx_word' id='word_1_370' title='bbox 1649 3171 1703 3226; x_wconf 91' lang='lat' dir='ltr'><strong>in</strong></span> <span class='ocrx_word' id='word_1_371' title='bbox 1734 3173 1876 3227; x_wconf 88' lang='lat' dir='ltr'><strong>viam</strong></span> <span class='ocrx_word' id='word_1_372' title='bbox 1896 3174 2124 3242; x_wconf 69' lang='lat' dir='ltr'><strong>justitia:</strong></span> <span class='ocrx_word' id='word_1_373' title='bbox 2149 3174 2436 3238; x_wconf 86' lang='lat' dir='ltr'><strong>deducere,</strong></span> 
     </span>
    </p>
   </div>
   <div class='ocr_carea' id='block_1_48' title="bbox 857 3241 2506 3335">
    <p class='ocr_par' dir='ltr' id='par_1_48' title="bbox 857 3241 2506 3335">
     <span class='ocr_line' id='line_1_48' title="bbox 857 3241 2506 3335; baseline 0.006 -23"><span class='ocrx_word' id='word_1_374' title='bbox 857 3258 1030 3314; x_wconf 80' lang='lat' dir='ltr'><strong>Deum</strong></span> <span class='ocrx_word' id='word_1_375' title='bbox 1070 3261 1453 3330; x_wconf 88' lang='lat' dir='ltr'><strong>insipientibus</strong></span> <span class='ocrx_word' id='word_1_376' title='bbox 1488 3273 1819 3326; x_wconf 88' lang='lat' dir='ltr'><strong>monstrare,</strong></span> <span class='ocrx_word' id='word_1_377' title='bbox 1869 3241 2282 3335; x_wconf 84' lang='lat' dir='ltr'><strong>corruptionem</strong></span> <span class='ocrx_word' id='word_1_378' title='bbox 2334 3269 2438 3321; x_wconf 86' lang='lat' dir='ltr'><strong>tol-</strong></span> <span class='ocrx_word' id='word_1_379' title='bbox 2465 3241 2506 3298; x_wconf 65' lang='grc' dir='ltr'>Ο</span> 
     </span>
    </p>
   </div>
   <div class='ocr_carea' id='block_1_49' title="bbox 855 3351 2440 3427">
    <p class='ocr_par' dir='ltr' id='par_1_49' title="bbox 855 3351 2440 3427">
     <span class='ocr_line' id='line_1_49' title="bbox 855 3351 2440 3427; baseline 0.005 -22"><span class='ocrx_word' id='word_1_380' title='bbox 855 3351 991 3414; x_wconf 88' lang='lat' dir='ltr'><strong>lere,</strong></span> <span class='ocrx_word' id='word_1_381' title='bbox 1034 3360 1267 3406; x_wconf 91' lang='lat' dir='ltr'><strong>mortem</strong></span> <span class='ocrx_word' id='word_1_382' title='bbox 1308 3353 1549 3418; x_wconf 88' lang='lat' dir='ltr'><strong>vincere,</strong></span> <span class='ocrx_word' id='word_1_383' title='bbox 1594 3355 1734 3409; x_wconf 83' lang='lat' dir='ltr'><strong>ﬁlios</strong></span> <span class='ocrx_word' id='word_1_384' title='bbox 1773 3355 2011 3426; x_wconf 89' lang='lat' dir='ltr'><strong>denique</strong></span> <span class='ocrx_word' id='word_1_385' title='bbox 2054 3357 2440 3427; x_wconf 85' lang='lat' dir='ltr'><strong>immorigeros</strong></span> 
     </span>
    </p>
   </div>
   <div class='ocr_carea' id='block_1_50' title="bbox 857 3445 2442 3513">
    <p class='ocr_par' dir='ltr' id='par_1_50' title="bbox 857 3445 2442 3513">
     <span class='ocr_line' id='line_1_50' title="bbox 857 3445 2442 3513; baseline 0.005 -17"><span class='ocrx_word' id='word_1_386' title='bbox 857 3445 1000 3513; x_wconf 90' lang='lat' dir='ltr'><strong>patri</strong></span> <span class='ocrx_word' id='word_1_387' title='bbox 1048 3445 1427 3500; x_wconf 87' lang='lat' dir='ltr'><strong>reconciliare.</strong></span> <span class='ocrx_word' id='word_1_388' title='bbox 1479 3445 1619 3500; x_wconf 85' lang='lat' dir='ltr'><strong>Nam</strong></span> <span class='ocrx_word' id='word_1_389' title='bbox 1669 3445 1766 3502; x_wconf 90' lang='lat' dir='ltr'><strong>Dei</strong></span> <span class='ocrx_word' id='word_1_390' title='bbox 1814 3449 2242 3503; x_wconf 87' lang='lat' dir='ltr'><strong>instrumentum</strong></span> <span class='ocrx_word' id='word_1_391' title='bbox 2290 3458 2442 3504; x_wconf 89' lang='lat' dir='ltr'><strong>amat</strong></span> 
     </span>
    </p>
   </div>
   <div class='ocr_carea' id='block_1_51' title="bbox 859 3535 2438 3611">
    <p class='ocr_par' dir='ltr' id='par_1_51' title="bbox 859 3535 2438 3611">
     <span class='ocr_line' id='line_1_51' title="bbox 859 3535 2438 3611; baseline 0.005 -23"><span class='ocrx_word' id='word_1_392' title='bbox 859 3535 1160 3590; x_wconf 86' lang='lat' dir='ltr'><strong>humanum</strong></span> <span class='ocrx_word' id='word_1_393' title='bbox 1215 3552 1428 3606; x_wconf 81' lang='lat' dir='ltr'><strong>genus:</strong></span> <span class='ocrx_word' id='word_1_394' title='bbox 1471 3537 1743 3594; x_wconf 88' lang='lat' dir='ltr'><strong>Dominus</strong></span> <span class='ocrx_word' id='word_1_395' title='bbox 1788 3540 2112 3605; x_wconf 87' lang='lat' dir='ltr'><strong>miseretur,</strong></span> <span class='ocrx_word' id='word_1_396' title='bbox 2165 3542 2438 3611; x_wconf 83' lang='lat' dir='ltr'><strong>castigat,</strong></span> 
     </span>
    </p>
   </div>
   <div class='ocr_carea' id='block_1_52' title="bbox 857 3628 2439 3697">
    <p class='ocr_par' dir='ltr' id='par_1_52' title="bbox 857 3628 2439 3697">
     <span class='ocr_line' id='line_1_52' title="bbox 857 3628 2439 3697; baseline 0.004 -15"><span class='ocrx_word' id='word_1_397' title='bbox 857 3628 1131 3695; x_wconf 82' lang='lat' dir='ltr'><strong>hortatur,</strong></span> <span class='ocrx_word' id='word_1_398' title='bbox 1159 3629 1437 3694; x_wconf 90' lang='lat' dir='ltr'><strong>admonet,</strong></span> <span class='ocrx_word' id='word_1_399' title='bbox 1470 3640 1781 3697; x_wconf 84' lang='lat' dir='ltr'><strong>conservat,</strong></span> <span class='ocrx_word' id='word_1_400' title='bbox 1811 3631 2070 3696; x_wconf 85' lang='lat' dir='ltr'><strong>custodit,</strong></span> <span class='ocrx_word' id='word_1_401' title='bbox 2104 3640 2159 3686; x_wconf 91' lang='lat' dir='ltr'><strong>et</strong></span> <span class='ocrx_word' id='word_1_402' title='bbox 2179 3631 2439 3688; x_wconf 68' lang='lat' dir='ltr'><strong>doctrina:</strong></span> 
     </span>
    </p>
   </div>
   <div class='ocr_carea' id='block_1_53' title="bbox 932 3741 2090 3806">
    <p class='ocr_par' dir='ltr' id='par_1_53' title="bbox 932 3741 2090 3806">
     <span class='ocr_line' id='line_1_53' title="bbox 932 3741 2090 3806; baseline 0.002 -11"><span class='ocrx_word' id='word_1_403' title='bbox 932 3749 991 3806; x_wconf 72' lang='lat'><strong>&gt;14</strong></span> <span class='ocrx_word' id='word_1_404' title='bbox 1027 3741 1089 3797; x_wconf 83' lang='lat' dir='ltr'><strong>P.</strong></span> <span class='ocrx_word' id='word_1_405' title='bbox 1121 3743 1154 3798; x_wconf 89' lang='grc'><strong>6</strong></span> <span class='ocrx_word' id='word_1_406' title='bbox 1196 3742 1304 3799; x_wconf 77' lang='grc' dir='ltr'><strong>ΕΙ).</strong></span> <span class='ocrx_word' id='word_1_407' title='bbox 1331 3742 1629 3806; x_wconf 80' lang='lat' dir='ltr'><strong>POTTER,</strong></span> <span class='ocrx_word' id='word_1_408' title='bbox 1661 3744 1695 3798; x_wconf 83' lang='lat'><strong>5</strong></span> <span class='ocrx_word' id='word_1_409' title='bbox 1725 3743 1832 3798; x_wconf 82' lang='grc' dir='ltr'><strong>ΕΟ.</strong></span> <span class='ocrx_word' id='word_1_410' title='bbox 1865 3743 2090 3798; x_wconf 76' lang='lat' dir='ltr'><strong>PARIS.</strong></span> 
     </span>
    </p>
   </div>
   <div class='ocr_carea' id='block_1_54' title="bbox 857 3834 2254 3904">
    <p class='ocr_par' dir='ltr' id='par_1_54' title="bbox 857 3834 2254 3904">
     <span class='ocr_line' id='line_1_54' title="bbox 857 3834 2254 3904; baseline -0.001 -14"><span class='ocrx_word' id='word_1_411' title='bbox 857 3849 1010 3904; x_wconf 68' lang='lat' dir='ltr'><strong>nam,</strong></span> <span class='ocrx_word' id='word_1_412' title='bbox 1037 3837 1268 3904; x_wconf 87' lang='lat' dir='ltr'><strong>opponit</strong></span> <span class='ocrx_word' id='word_1_413' title='bbox 1299 3838 1526 3889; x_wconf 77' lang='lat' dir='ltr'><strong>musicze</strong></span> <span class='ocrx_word' id='word_1_414' title='bbox 1554 3834 1650 3887; x_wconf 89' lang='grc' dir='ltr'><strong>τοῦ</strong></span> <span class='ocrx_word' id='word_1_415' title='bbox 1682 3834 2040 3888; x_wconf 87' lang='grc' dir='ltr'><strong>θεοπνεύστου</strong></span> <span class='ocrx_word' id='word_1_416' title='bbox 2070 3835 2254 3889; x_wconf 89' lang='lat' dir='ltr'><strong>David.</strong></span> 
     </span>
    </p>
   </div>
   <div class='ocr_carea' id='block_1_55' title="bbox 933 3902 2433 3975">
    <p class='ocr_par' dir='ltr' id='par_1_55' title="bbox 933 3902 2433 3975">
     <span class='ocr_line' id='line_1_55' title="bbox 933 3902 2433 3975; baseline 0.001 -17"><span class='ocrx_word' id='word_1_417' title='bbox 933 3902 1044 3975; x_wconf 58' lang='lat'>(6&#39;9)</span> <span class='ocrx_word' id='word_1_418' title='bbox 1075 3902 1319 3975; x_wconf 79' lang='grc' dir='ltr'><strong>Κόσμον</strong></span> <span class='ocrx_word' id='word_1_419' title='bbox 1350 3906 1436 3960; x_wconf 82' lang='grc' dir='ltr'><strong>δέ.</strong></span> <span class='ocrx_word' id='word_1_420' title='bbox 1467 3904 1703 3975; x_wconf 76' lang='lat' dir='ltr'><strong>Physici,</strong></span> <span class='ocrx_word' id='word_1_421' title='bbox 1725 3907 1902 3974; x_wconf 89' lang='lat' dir='ltr'><strong>inquit</strong></span> <span class='ocrx_word' id='word_1_422' title='bbox 1933 3905 2264 3971; x_wconf 79' lang='lat' dir='ltr'><strong>Macrobius,</strong></span> <span class='ocrx_word' id='word_1_423' title='bbox 2298 3906 2335 3960; x_wconf 93' lang='lat' dir='ltr'><strong>l.</strong></span> <span class='ocrx_word' id='word_1_424' title='bbox 2370 3923 2433 3965; x_wconf 87' lang='grc' dir='ltr'><strong>ιι.</strong></span> 
     </span>
    </p>
   </div>
   <div class='ocr_carea' id='block_1_56' title="bbox 858 3972 2437 4045">
    <p class='ocr_par' dir='ltr' id='par_1_56' title="bbox 858 3972 2437 4045">
     <span class='ocr_line' id='line_1_56' title="bbox 858 3972 2437 4045; baseline 0.001 -18"><span class='ocrx_word' id='word_1_425' title='bbox 858 3973 915 4045; x_wconf 73' lang='lat' dir='ltr'><strong>in</strong></span> <span class='ocrx_word' id='word_1_426' title='bbox 945 3972 1221 4028; x_wconf 83' lang='lat' dir='ltr'><strong>Somnium</strong></span> <span class='ocrx_word' id='word_1_427' title='bbox 1269 3972 1701 4044; x_wconf 49' lang='lat' dir='ltr'><strong>Scipionis,&#39;cap.</strong></span> <span class='ocrx_word' id='word_1_428' title='bbox 1735 3972 1823 4035; x_wconf 55' lang='grc'><strong>12⁷,</strong></span> <span class='ocrx_word' id='word_1_429' title='bbox 1864 3976 2153 4040; x_wconf 83' lang='lat' dir='ltr'><strong>mundum,</strong></span> <span class='ocrx_word' id='word_1_430' title='bbox 2193 3992 2437 4045; x_wconf 78' lang='lat' dir='ltr'><strong>magnum</strong></span> 
     </span>
    </p>
   </div>
   <div class='ocr_carea' id='block_1_57' title="bbox 856 4043 2434 4108">
    <p class='ocr_par' dir='ltr' id='par_1_57' title="bbox 856 4043 2434 4108">
     <span class='ocr_line' id='line_1_57' title="bbox 856 4043 2434 4108; baseline 0.001 -10"><span class='ocrx_word' id='word_1_431' title='bbox 856 4043 1152 4108; x_wconf 75' lang='lat' dir='ltr'><strong>hominem;</strong></span> <span class='ocrx_word' id='word_1_432' title='bbox 1176 4055 1224 4098; x_wconf 89' lang='lat' dir='ltr'><strong>et</strong></span> <span class='ocrx_word' id='word_1_433' title='bbox 1251 4043 1514 4098; x_wconf 79' lang='lat' dir='ltr'><strong>hominem</strong></span> <span class='ocrx_word' id='word_1_434' title='bbox 1539 4047 1738 4097; x_wconf 87' lang='lat' dir='ltr'><strong>brevem</strong></span> <span class='ocrx_word' id='word_1_435' title='bbox 1763 4045 2016 4097; x_wconf 86' lang='lat' dir='ltr'><strong>mundum</strong></span> <span class='ocrx_word' id='word_1_436' title='bbox 2036 4062 2146 4099; x_wconf 74' lang='lat' dir='ltr'><strong>esse</strong></span> <span class='ocrx_word' id='word_1_437' title='bbox 2168 4043 2434 4100; x_wconf 70' lang='lat' dir='ltr'><strong>dixerunt.</strong></span> 
     </span>
    </p>
   </div>
   <div class='ocr_carea' id='block_1_58' title="bbox 856 4112 2436 4183">
    <p class='ocr_par' dir='ltr' id='par_1_58' title="bbox 856 4112 2436 4183">
     <span class='ocr_line' id='line_1_58' title="bbox 856 4112 2436 4183; baseline 0 -16"><span class='ocrx_word' id='word_1_438' title='bbox 856 4112 1013 4180; x_wconf 81' lang='lat' dir='ltr'><strong>Quod</strong></span> <span class='ocrx_word' id='word_1_439' title='bbox 1047 4114 1130 4169; x_wconf 90' lang='lat' dir='ltr'><strong>sic</strong></span> <span class='ocrx_word' id='word_1_440' title='bbox 1166 4116 1438 4183; x_wconf 79' lang='lat' dir='ltr'><strong>expreSsit</strong></span> <span class='ocrx_word' id='word_1_441' title='bbox 1478 4114 1636 4167; x_wconf 80' lang='lat' dir='ltr'><strong>l’bilo</strong></span> <span class='ocrx_word' id='word_1_442' title='bbox 1667 4113 1888 4168; x_wconf 65' lang='lat' dir='ltr'><strong>Judarus</strong></span> <span class='ocrx_word' id='word_1_443' title='bbox 1922 4115 2060 4166; x_wconf 89' lang='lat' dir='ltr'><strong>libro</strong></span> <span class='ocrx_word' id='word_1_444' title='bbox 2096 4116 2226 4178; x_wconf 82' lang='lat' dir='ltr'><strong>Quis</strong></span> <span class='ocrx_word' id='word_1_445' title='bbox 2260 4132 2436 4168; x_wconf 87' lang='lat' dir='ltr'><strong>rerum</strong></span> 
     </span>
    </p>
   </div>
   <div class='ocr_carea' id='block_1_59' title="bbox 857 4184 2436 4255">
    <p class='ocr_par' dir='ltr' id='par_1_59' title="bbox 857 4184 2436 4255">
     <span class='ocr_line' id='line_1_59' title="bbox 857 4184 2436 4255; baseline 0 -19"><span class='ocrx_word' id='word_1_446' title='bbox 857 4185 1162 4255; x_wconf 82' lang='lat' dir='ltr'><strong>divinarum</strong></span> <span class='ocrx_word' id='word_1_447' title='bbox 1184 4185 1366 4255; x_wconf 65' lang='lat' dir='ltr'><strong>ntere:</strong></span> <span class='ocrx_word' id='word_1_448' title='bbox 1389 4226 1404 4243; x_wconf 87' lang='lat'><strong>.</strong></span> <span class='ocrx_word' id='word_1_449' title='bbox 1443 4201 1566 4255; x_wconf 74' lang='lat' dir='ltr'><strong>pag.</strong></span> <span class='ocrx_word' id='word_1_450' title='bbox 1593 4184 1715 4255; x_wconf 75' lang='grc'><strong>502</strong></span> <span class='ocrx_word' id='word_1_451' title='bbox 1743 4203 1754 4237; x_wconf 96' lang='lat'>:</span> <span class='ocrx_word' id='word_1_452' title='bbox 1808 4184 2269 4255; x_wconf 78' lang='grc' dir='ltr'><strong>Ἐναλλάττοντες,</strong></span> <span class='ocrx_word' id='word_1_453' title='bbox 2307 4185 2436 4255; x_wconf 77' lang='grc' dir='ltr'><strong>βρα-</strong></span> 
     </span>
    </p>
   </div>
   <div class='ocr_carea' id='block_1_60' title="bbox 898 4253 2437 4325">
    <p class='ocr_par' dir='ltr' id='par_1_60' title="bbox 898 4253 2437 4325">
     <span class='ocr_line' id='line_1_60' title="bbox 898 4253 2437 4325; baseline 0.001 -19"><span class='ocrx_word' id='word_1_454' title='bbox 898 4254 961 4306; x_wconf 83' lang='grc' dir='ltr'><strong>ὺν</strong></span> <span class='ocrx_word' id='word_1_455' title='bbox 992 4254 1091 4324; x_wconf 86' lang='grc' dir='ltr'><strong>μὲν</strong></span> <span class='ocrx_word' id='word_1_456' title='bbox 1131 4253 1332 4325; x_wconf 84' lang='grc' dir='ltr'><strong>κόσμον</strong></span> <span class='ocrx_word' id='word_1_457' title='bbox 1374 4255 1465 4306; x_wconf 89' lang='grc' dir='ltr'><strong>τὸν</strong></span> <span class='ocrx_word' id='word_1_458' title='bbox 1498 4254 1819 4325; x_wconf 26' lang='grc' dir='ltr'><strong>*ἄνθρωποη</strong></span> <span class='ocrx_word' id='word_1_459' title='bbox 1854 4254 2026 4324; x_wconf 77' lang='grc' dir='ltr'><strong>μέγαν</strong></span> <span class='ocrx_word' id='word_1_460' title='bbox 2071 4255 2126 4307; x_wconf 81' lang='grc' dir='ltr'><strong>δὲ</strong></span> <span class='ocrx_word' id='word_1_461' title='bbox 2155 4253 2437 4325; x_wconf 80' lang='grc' dir='ltr'><strong>ἄνθρωπον</strong></span> 
     </span>
    </p>
   </div>
   <div class='ocr_carea' id='block_1_61' title="bbox 891 4320 2434 4394">
    <p class='ocr_par' dir='ltr' id='par_1_61' title="bbox 891 4320 2434 4394">
     <span class='ocr_line' id='line_1_61' title="bbox 891 4320 2434 4394; baseline 0 -18"><span class='ocrx_word' id='word_1_462' title='bbox 891 4320 1068 4392; x_wconf 78' lang='grc' dir='ltr'><strong>φασαν</strong></span> <span class='ocrx_word' id='word_1_463' title='bbox 1112 4324 1203 4376; x_wconf 84' lang='grc' dir='ltr'><strong>τὸν</strong></span> <span class='ocrx_word' id='word_1_464' title='bbox 1235 4320 1441 4394; x_wconf 71' lang='grc' dir='ltr'><strong>’κόσμον</strong></span> <span class='ocrx_word' id='word_1_465' title='bbox 1469 4320 1626 4376; x_wconf 70' lang='grc' dir='ltr'><strong>εἶναι.</strong></span> <span class='ocrx_word' id='word_1_466' title='bbox 1674 4323 1752 4377; x_wconf 86' lang='lat' dir='ltr'><strong>De</strong></span> <span class='ocrx_word' id='word_1_467' title='bbox 1802 4320 2024 4394; x_wconf 78' lang='lat' dir='ltr'><strong>homine</strong></span> <span class='ocrx_word' id='word_1_468' title='bbox 2075 4320 2434 4386; x_wconf 74' lang='lat' dir='ltr'><strong>microéosmo,</strong></span> 
     </span>
    </p>
   </div>
   <div class='ocr_carea' id='block_1_62' title="bbox 857 4393 2435 4463">
    <p class='ocr_par' dir='ltr' id='par_1_62' title="bbox 857 4393 2435 4463">
     <span class='ocr_line' id='line_1_62' title="bbox 857 4393 2435 4463; baseline 0.001 -17"><span class='ocrx_word' id='word_1_469' title='bbox 857 4394 1048 4463; x_wconf 73' lang='grc' dir='ltr'><strong>κόσμῳ</strong></span> <span class='ocrx_word' id='word_1_470' title='bbox 1077 4393 1354 4463; x_wconf 78' lang='grc' dir='ltr'><strong>συντόμῳ,</strong></span> <span class='ocrx_word' id='word_1_471' title='bbox 1379 4394 1580 4462; x_wconf 85' lang='lat' dir='ltr'><strong>ubique</strong></span> <span class='ocrx_word' id='word_1_472' title='bbox 1615 4395 1782 4459; x_wconf 83' lang='lat' dir='ltr'><strong>legas.</strong></span> <span class='ocrx_word' id='word_1_473' title='bbox 1811 4393 1936 4448; x_wconf 76' lang='lat' dir='ltr'><strong>Mox</strong></span> <span class='ocrx_word' id='word_1_474' title='bbox 1976 4393 2068 4447; x_wconf 86' lang='grc' dir='ltr'><strong>τόν</strong></span> <span class='ocrx_word' id='word_1_475' title='bbox 2097 4396 2304 4448; x_wconf 88' lang='lat' dir='ltr'><strong>omittit</strong></span> <span class='ocrx_word' id='word_1_476' title='bbox 2333 4411 2435 4449; x_wconf 88' lang='lat' dir='ltr'><strong>ms.</strong></span> 
     </span>
    </p>
   </div>
   <div class='ocr_carea' id='block_1_63' title="bbox 857 4461 1432 4533">
    <p class='ocr_par' dir='ltr' id='par_1_63' title="bbox 857 4461 1432 4533">
     <span class='ocr_line' id='line_1_63' title="bbox 857 4461 1432 4533; baseline -0.007 -15"><span class='ocrx_word' id='word_1_477' title='bbox 857 4461 997 4518; x_wconf 72' lang='lat' dir='ltr'><strong>Nov.</strong></span> <span class='ocrx_word' id='word_1_478' title='bbox 1023 4461 1154 4517; x_wconf 79' lang='lat' dir='ltr'><strong>ante</strong></span> <span class='ocrx_word' id='word_1_479' title='bbox 1182 4461 1432 4533; x_wconf 78' lang='grc' dir='ltr'><strong>σμικρόν.</strong></span> 
     </span>
    </p>
   </div>
   <div class='ocr_carea' id='block_1_64' title="bbox 930 4529 2433 4604">
    <p class='ocr_par' dir='ltr' id='par_1_64' title="bbox 930 4529 2433 4604">
     <span class='ocr_line' id='line_1_64' title="bbox 930 4529 2433 4604; baseline 0.001 -18"><span class='ocrx_word' id='word_1_480' title='bbox 930 4533 1041 4604; x_wconf 88' lang='grc'>(70)</span> <span class='ocrx_word' id='word_1_481' title='bbox 1081 4529 1271 4604; x_wconf 70' lang='grc' dir='ltr'><strong>Τούτῳ</strong></span> <span class='ocrx_word' id='word_1_482' title='bbox 1316 4529 1396 4596; x_wconf 73' lang='grc' dir='ltr'><strong>τῷ</strong></span> <span class='ocrx_word' id='word_1_483' title='bbox 1430 4531 1673 4604; x_wconf 67' lang='grc' dir='ltr'><strong>όργάνῳ.</strong></span> <span class='ocrx_word' id='word_1_484' title='bbox 1709 4533 1894 4604; x_wconf 66' lang='grc' dir='ltr'><strong>Τούτῳ</strong></span> <span class='ocrx_word' id='word_1_485' title='bbox 1924 4534 2130 4588; x_wconf 87' lang='lat' dir='ltr'><strong>omittit</strong></span> <span class='ocrx_word' id='word_1_486' title='bbox 2160 4549 2260 4587; x_wconf 91' lang='lat' dir='ltr'><strong>ms.</strong></span> <span class='ocrx_word' id='word_1_487' title='bbox 2296 4529 2433 4604; x_wconf 86' lang='lat' dir='ltr'><strong>Nov.</strong></span> 
     </span>
    </p>
   </div>
   <div class='ocr_carea' id='block_1_65' title="bbox 2543 1984 4118 2059">
    <p class='ocr_par' dir='ltr' id='par_1_65' title="bbox 2543 1984 4118 2059">
     <span class='ocr_line' id='line_1_65' title="bbox 2543 1984 4118 2059; baseline -0.002 -18"><span class='ocrx_word' id='word_1_488' title='bbox 2543 1989 2719 2041; x_wconf 87' lang='grc' dir='ltr'><strong>Καλὸν</strong></span> <span class='ocrx_word' id='word_1_489' title='bbox 2738 1991 2765 2042; x_wconf 92' lang='grc' dir='ltr'><strong>ό</strong></span> <span class='ocrx_word' id='word_1_490' title='bbox 2782 1988 2984 2059; x_wconf 85' lang='grc' dir='ltr'><strong>Κύριος</strong></span> <span class='ocrx_word' id='word_1_491' title='bbox 3010 1989 3237 2058; x_wconf 76' lang='grc' dir='ltr'><strong>ὄργανον</strong></span> <span class='ocrx_word' id='word_1_492' title='bbox 3257 1986 3494 2056; x_wconf 75' lang='grc' dir='ltr'><strong>ἔμπνουν</strong></span> <span class='ocrx_word' id='word_1_493' title='bbox 3512 1984 3602 2038; x_wconf 78' lang='grc' dir='ltr'><strong>τὸν</strong></span> <span class='ocrx_word' id='word_1_494' title='bbox 3623 1985 3910 2058; x_wconf 79' lang='grc' dir='ltr'><strong>ἄνθρωπον</strong></span> <span class='ocrx_word' id='word_1_495' title='bbox 3942 1986 4118 2059; x_wconf 75' lang='grc' dir='ltr'><strong>ἐξειρ-</strong></span> 
     </span>
    </p>
   </div>
   <div class='ocr_carea' id='block_1_66' title="bbox 2538 2073 4120 2148">
    <p class='ocr_par' dir='ltr' id='par_1_66' title="bbox 2538 2073 4120 2148">
     <span class='ocr_line' id='line_1_66' title="bbox 2538 2073 4120 2148; baseline 0.001 -17"><span class='ocrx_word' id='word_1_496' title='bbox 2538 2079 2743 2146; x_wconf 86' lang='grc' dir='ltr'><strong>γάσατο</strong></span> <span class='ocrx_word' id='word_1_497' title='bbox 2790 2081 2910 2132; x_wconf 88' lang='grc' dir='ltr'><strong>κατ’</strong></span> <span class='ocrx_word' id='word_1_498' title='bbox 2946 2079 3131 2132; x_wconf 74' lang='grc' dir='ltr'><strong>εἰκόνα</strong></span> <span class='ocrx_word' id='word_1_499' title='bbox 3170 2079 3269 2148; x_wconf 85' lang='grc' dir='ltr'><strong>τὴν</strong></span> <span class='ocrx_word' id='word_1_500' title='bbox 3312 2073 3506 2129; x_wconf 83' lang='grc' dir='ltr'><strong>ἐαυτοῦ</strong></span> <span class='ocrx_word' id='word_1_501' title='bbox 3530 2091 3545 2105; x_wconf 79' lang='grc'><strong><em>⁸</em></strong></span> <span class='ocrx_word' id='word_1_502' title='bbox 3591 2077 3782 2146; x_wconf 82' lang='grc' dir='ltr'><strong>ἀμέλει</strong></span> <span class='ocrx_word' id='word_1_503' title='bbox 3824 2080 3919 2132; x_wconf 71' lang='grc' dir='ltr'><strong>καὶ</strong></span> <span class='ocrx_word' id='word_1_504' title='bbox 3956 2081 4120 2142; x_wconf 83' lang='grc' dir='ltr'><strong>αὐτὸς</strong></span> 
     </span>
    </p>
   </div>
   <div class='ocr_carea' id='block_1_67' title="bbox 2537 2167 4119 2246">
    <p class='ocr_par' dir='ltr' id='par_1_67' title="bbox 2537 2167 4119 2246">
     <span class='ocr_line' id='line_1_67' title="bbox 2537 2167 4119 2246; baseline 0 -22"><span class='ocrx_word' id='word_1_505' title='bbox 2537 2171 2766 2246; x_wconf 75' lang='grc' dir='ltr'><strong>ὄργανόν</strong></span> <span class='ocrx_word' id='word_1_506' title='bbox 2797 2173 2911 2224; x_wconf 86' lang='grc' dir='ltr'><strong>ἐστι</strong></span> <span class='ocrx_word' id='word_1_507' title='bbox 2930 2171 3024 2224; x_wconf 87' lang='grc' dir='ltr'><strong>τοῦ</strong></span> <span class='ocrx_word' id='word_1_508' title='bbox 3055 2170 3190 2224; x_wconf 90' lang='grc' dir='ltr'><strong>Θεοῦ</strong></span> <span class='ocrx_word' id='word_1_509' title='bbox 3214 2169 3321 2241; x_wconf 85' lang='grc'>(75)</span> <span class='ocrx_word' id='word_1_510' title='bbox 3345 2167 3736 2239; x_wconf 83' lang='grc' dir='ltr'><strong>παναρμόνιον,</strong></span> <span class='ocrx_word' id='word_1_511' title='bbox 3767 2171 4003 2240; x_wconf 81' lang='grc' dir='ltr'><strong>ἐμμελὲς</strong></span> <span class='ocrx_word' id='word_1_512' title='bbox 4023 2170 4119 2224; x_wconf 76' lang='grc' dir='ltr'><strong>καὶ</strong></span> 
     </span>
    </p>
   </div>
   <div class='ocr_carea' id='block_1_68' title="bbox 2539 2259 4118 2334">
    <p class='ocr_par' dir='ltr' id='par_1_68' title="bbox 2539 2259 4118 2334">
     <span class='ocr_line' id='line_1_68' title="bbox 2539 2259 4118 2334; baseline -0.002 -17"><span class='ocrx_word' id='word_1_513' title='bbox 2539 2264 2711 2333; x_wconf 77' lang='grc' dir='ltr'><strong>ἅγιον,</strong></span> <span class='ocrx_word' id='word_1_514' title='bbox 2739 2264 2898 2333; x_wconf 84' lang='grc' dir='ltr'><strong>σοφία</strong></span> <span class='ocrx_word' id='word_1_515' title='bbox 2924 2263 3313 2334; x_wconf 82' lang='grc' dir='ltr'><strong>ύπερκόσμιος,</strong></span> <span class='ocrx_word' id='word_1_516' title='bbox 3338 2260 3589 2334; x_wconf 76' lang='grc' dir='ltr'><strong>οὐράνιος</strong></span> <span class='ocrx_word' id='word_1_517' title='bbox 3612 2261 3802 2330; x_wconf 89' lang='grc' dir='ltr'><strong>Λόγος.</strong></span> <span class='ocrx_word' id='word_1_518' title='bbox 3828 2263 3893 2314; x_wconf 88' lang='grc' dir='ltr'><strong>Τί</strong></span> <span class='ocrx_word' id='word_1_519' title='bbox 3930 2262 3995 2331; x_wconf 80' lang='grc' dir='ltr'><strong>δὴ</strong></span> <span class='ocrx_word' id='word_1_520' title='bbox 4023 2259 4118 2317; x_wconf 85' lang='grc' dir='ltr'><strong>οὗν</strong></span> 
     </span>
    </p>
   </div>
   <div class='ocr_carea' id='block_1_69' title="bbox 2538 2350 4118 2428">
    <p class='ocr_par' dir='ltr' id='par_1_69' title="bbox 2538 2350 4118 2428">
     <span class='ocr_line' id='line_1_69' title="bbox 2538 2350 4118 2428; baseline -0.001 -20"><span class='ocrx_word' id='word_1_521' title='bbox 2538 2357 2599 2410; x_wconf 77' lang='grc' dir='ltr'><strong>τὸ</strong></span> <span class='ocrx_word' id='word_1_522' title='bbox 2627 2357 2877 2428; x_wconf 78' lang='grc' dir='ltr'><strong>ὄργανον,</strong></span> <span class='ocrx_word' id='word_1_523' title='bbox 2908 2357 2936 2408; x_wconf 94' lang='lat'><strong>6</strong></span> <span class='ocrx_word' id='word_1_524' title='bbox 2963 2353 3058 2406; x_wconf 87' lang='grc' dir='ltr'><strong>τοῦ</strong></span> <span class='ocrx_word' id='word_1_525' title='bbox 3082 2353 3218 2407; x_wconf 85' lang='grc' dir='ltr'><strong>Θεοῦ</strong></span> <span class='ocrx_word' id='word_1_526' title='bbox 3247 2355 3417 2422; x_wconf 85' lang='grc' dir='ltr'><strong>Λόγος</strong></span> <span class='ocrx_word' id='word_1_527' title='bbox 3447 2355 3476 2407; x_wconf 89' lang='lat'><strong>6</strong></span> <span class='ocrx_word' id='word_1_528' title='bbox 3502 2352 3725 2424; x_wconf 80' lang='grc' dir='ltr'><strong>Κύριος,</strong></span> <span class='ocrx_word' id='word_1_529' title='bbox 3755 2355 3849 2406; x_wconf 71' lang='grc' dir='ltr'><strong>κα)⁸</strong></span> <span class='ocrx_word' id='word_1_530' title='bbox 3881 2354 3942 2406; x_wconf 84' lang='grc' dir='ltr'><strong>τὸ</strong></span> <span class='ocrx_word' id='word_1_531' title='bbox 3967 2350 4118 2425; x_wconf 80' lang='grc' dir='ltr'><strong>ᾆσμα</strong></span> 
     </span>
    </p>
   </div>
   <div class='ocr_carea' id='block_1_70' title="bbox 2540 2444 4120 2519">
    <p class='ocr_par' dir='ltr' id='par_1_70' title="bbox 2540 2444 4120 2519">
     <span class='ocr_line' id='line_1_70' title="bbox 2540 2444 4120 2519; baseline -0.002 -16"><span class='ocrx_word' id='word_1_532' title='bbox 2540 2451 2599 2503; x_wconf 84' lang='grc' dir='ltr'><strong>τὸ</strong></span> <span class='ocrx_word' id='word_1_533' title='bbox 2640 2449 2860 2510; x_wconf 83' lang='grc' dir='ltr'><strong>καινὸν,</strong></span> <span class='ocrx_word' id='word_1_534' title='bbox 2904 2447 3182 2519; x_wconf 85' lang='grc' dir='ltr'><strong>βούλεται;</strong></span> <span class='ocrx_word' id='word_1_535' title='bbox 3248 2445 3588 2517; x_wconf 69' lang='grc' dir='ltr'><strong>ὐφθαλμοὺς</strong></span> <span class='ocrx_word' id='word_1_536' title='bbox 3627 2444 3736 2515; x_wconf 83' lang='grc'>(76)</span> <span class='ocrx_word' id='word_1_537' title='bbox 3779 2447 4120 2500; x_wconf 69' lang='grc' dir='ltr'><strong>ἀναπετάσαι</strong></span> 
     </span>
    </p>
   </div>
   <div class='ocr_carea' id='block_1_71' title="bbox 2542 2534 4122 2611">
    <p class='ocr_par' dir='ltr' id='par_1_71' title="bbox 2542 2534 4122 2611">
     <span class='ocr_line' id='line_1_71' title="bbox 2542 2534 4122 2611; baseline -0.003 -17"><span class='ocrx_word' id='word_1_538' title='bbox 2542 2542 2777 2611; x_wconf 75' lang='grc' dir='ltr'><strong>τυφλῶν,</strong></span> <span class='ocrx_word' id='word_1_539' title='bbox 2809 2541 2902 2594; x_wconf 74' lang='grc' dir='ltr'><strong>καὶ</strong></span> <span class='ocrx_word' id='word_1_540' title='bbox 2930 2534 3042 2593; x_wconf 80' lang='grc' dir='ltr'><strong>ὦτα</strong></span> <span class='ocrx_word' id='word_1_541' title='bbox 3063 2540 3272 2604; x_wconf 79' lang='grc' dir='ltr'><strong>ἀνοῖξαι</strong></span> <span class='ocrx_word' id='word_1_542' title='bbox 3300 2539 3523 2608; x_wconf 81' lang='grc' dir='ltr'><strong>κωφῶν,</strong></span> <span class='ocrx_word' id='word_1_543' title='bbox 3579 2539 3670 2592; x_wconf 67' lang='grc' dir='ltr'><strong>κα)¹</strong></span> <span class='ocrx_word' id='word_1_544' title='bbox 3717 2537 4014 2600; x_wconf 74' lang='grc' dir='ltr'><strong>σκάζοντας</strong></span> <span class='ocrx_word' id='word_1_545' title='bbox 4042 2538 4122 2591; x_wconf 85' lang='grc' dir='ltr'><strong>τὼ</strong></span> 
     </span>
    </p>
   </div>
   <div class='ocr_carea' id='block_1_72' title="bbox 2546 2630 4116 2705">
    <p class='ocr_par' dir='ltr' id='par_1_72' title="bbox 2546 2630 4116 2705">
     <span class='ocr_line' id='line_1_72' title="bbox 2546 2630 4116 2705; baseline -0.003 -19"><span class='ocrx_word' id='word_1_546' title='bbox 2546 2635 2672 2686; x_wconf 83' lang='grc' dir='ltr'><strong>πόδε</strong></span> <span class='ocrx_word' id='word_1_547' title='bbox 2699 2634 2733 2705; x_wconf 82' lang='grc' dir='ltr'>ἢ</span> <span class='ocrx_word' id='word_1_548' title='bbox 2764 2633 3147 2704; x_wconf 80' lang='grc' dir='ltr'><strong>πλανωμένους</strong></span> <span class='ocrx_word' id='word_1_549' title='bbox 3185 2634 3265 2696; x_wconf 80' lang='grc' dir='ltr'><strong>εἰς</strong></span> <span class='ocrx_word' id='word_1_550' title='bbox 3296 2631 3638 2702; x_wconf 80' lang='grc' dir='ltr'><strong>δικαιοσύνην</strong></span> <span class='ocrx_word' id='word_1_551' title='bbox 3666 2630 4080 2702; x_wconf 84' lang='grc' dir='ltr'><strong>χειραγωγῆσαι</strong></span> <span class='ocrx_word' id='word_1_552' title='bbox 4099 2645 4116 2661; x_wconf 87' lang='grc'><strong>·</strong></span> 
     </span>
    </p>
   </div>
   <div class='ocr_carea' id='block_1_73' title="bbox 2545 2719 4119 2795">
    <p class='ocr_par' dir='ltr' id='par_1_73' title="bbox 2545 2719 4119 2795">
     <span class='ocr_line' id='line_1_73' title="bbox 2545 2719 4119 2795; baseline -0.003 -17"><span class='ocrx_word' id='word_1_553' title='bbox 2545 2725 2677 2779; x_wconf 86' lang='grc' dir='ltr'><strong>Θεὸν</strong></span> <span class='ocrx_word' id='word_1_554' title='bbox 2699 2724 3004 2795; x_wconf 84' lang='grc' dir='ltr'><strong>ἀνθρώποις</strong></span> <span class='ocrx_word' id='word_1_555' title='bbox 3031 2725 3382 2795; x_wconf 83' lang='grc' dir='ltr'><strong>άφραίνουσιν</strong></span> <span class='ocrx_word' id='word_1_556' title='bbox 3413 2722 3673 2786; x_wconf 77' lang='grc' dir='ltr'><strong>ἐπιδεῖξαι</strong></span> <span class='ocrx_word' id='word_1_557' title='bbox 3698 2762 3713 2785; x_wconf 90' lang='grc'><strong>,</strong></span> <span class='ocrx_word' id='word_1_558' title='bbox 3743 2721 3949 2775; x_wconf 86' lang='grc' dir='ltr'><strong>παῦσαι</strong></span> <span class='ocrx_word' id='word_1_559' title='bbox 3985 2719 4119 2789; x_wconf 80' lang='grc' dir='ltr'><strong>φθο-</strong></span> 
     </span>
    </p>
   </div>
   <div class='ocr_carea' id='block_1_74' title="bbox 2547 2811 4123 2888">
    <p class='ocr_par' dir='ltr' id='par_1_74' title="bbox 2547 2811 4123 2888">
     <span class='ocr_line' id='line_1_74' title="bbox 2547 2811 4123 2888; baseline -0.003 -20"><span class='ocrx_word' id='word_1_560' title='bbox 2547 2815 2666 2888; x_wconf 70' lang='grc' dir='ltr'><strong>ρὰν,</strong></span> <span class='ocrx_word' id='word_1_561' title='bbox 2699 2817 2917 2887; x_wconf 83' lang='grc' dir='ltr'><strong>νικῆσαι</strong></span> <span class='ocrx_word' id='word_1_562' title='bbox 2950 2816 3178 2868; x_wconf 90' lang='grc' dir='ltr'><strong>θάνατον</strong></span> <span class='ocrx_word' id='word_1_563' title='bbox 3203 2855 3217 2879; x_wconf 91' lang='grc'><strong>,</strong></span> <span class='ocrx_word' id='word_1_564' title='bbox 3251 2816 3401 2877; x_wconf 81' lang='grc' dir='ltr'><strong>υἱοὺς</strong></span> <span class='ocrx_word' id='word_1_565' title='bbox 3427 2813 3673 2877; x_wconf 80' lang='grc' dir='ltr'><strong>ἀπειθεῖς</strong></span> <span class='ocrx_word' id='word_1_566' title='bbox 3704 2811 3980 2878; x_wconf 78' lang='grc' dir='ltr'><strong>διαλλάξαι</strong></span> <span class='ocrx_word' id='word_1_567' title='bbox 4016 2829 4123 2865; x_wconf 86' lang='grc' dir='ltr'><strong>πα·-</strong></span> 
     </span>
    </p>
   </div>
   <div class='ocr_carea' id='block_1_75' title="bbox 2541 2903 4122 2980">
    <p class='ocr_par' dir='ltr' id='par_1_75' title="bbox 2541 2903 4122 2980">
     <span class='ocr_line' id='line_1_75' title="bbox 2541 2903 4122 2980; baseline -0.001 -21"><span class='ocrx_word' id='word_1_568' title='bbox 2541 2907 2648 2980; x_wconf 83' lang='grc' dir='ltr'><strong>τρῖ.</strong></span> <span class='ocrx_word' id='word_1_569' title='bbox 2673 2907 3057 2979; x_wconf 83' lang='grc' dir='ltr'><strong>Φιλάνθρωπον</strong></span> <span class='ocrx_word' id='word_1_570' title='bbox 3079 2907 3191 2980; x_wconf 91' lang='grc'>(77)</span> <span class='ocrx_word' id='word_1_571' title='bbox 3211 2909 3271 2960; x_wconf 82' lang='grc' dir='ltr'><strong>τὸ</strong></span> <span class='ocrx_word' id='word_1_572' title='bbox 3293 2907 3521 2980; x_wconf 70' lang='grc' dir='ltr'><strong>ὄργανον</strong></span> <span class='ocrx_word' id='word_1_573' title='bbox 3547 2905 3641 2960; x_wconf 87' lang='grc' dir='ltr'><strong>τοῦ</strong></span> <span class='ocrx_word' id='word_1_574' title='bbox 3661 2905 3793 2960; x_wconf 87' lang='grc' dir='ltr'><strong>Θεοῦ</strong></span> <span class='ocrx_word' id='word_1_575' title='bbox 3816 2923 3830 2936; x_wconf 90' lang='grc'><strong>·</strong></span> <span class='ocrx_word' id='word_1_576' title='bbox 3859 2907 3887 2958; x_wconf 93' lang='lat'><strong>6</strong></span> <span class='ocrx_word' id='word_1_577' title='bbox 3918 2903 4122 2975; x_wconf 83' lang='grc' dir='ltr'><strong>Κύριος</strong></span> 
     </span>
    </p>
   </div>
   <div class='ocr_carea' id='block_1_76' title="bbox 2541 2996 4122 3072">
    <p class='ocr_par' dir='ltr' id='par_1_76' title="bbox 2541 2996 4122 3072">
     <span class='ocr_line' id='line_1_76' title="bbox 2541 2996 4122 3072; baseline -0.002 -20"><span class='ocrx_word' id='word_1_578' title='bbox 2541 3000 2701 3064; x_wconf 81' lang='grc' dir='ltr'><strong>ἐλεεῖ,</strong></span> <span class='ocrx_word' id='word_1_579' title='bbox 2731 3000 3000 3063; x_wconf 77' lang='grc' dir='ltr'><strong>παιδεύει,</strong></span> <span class='ocrx_word' id='word_1_580' title='bbox 3041 3000 3362 3072; x_wconf 84' lang='grc' dir='ltr'><strong>προτρέπει,</strong></span> <span class='ocrx_word' id='word_1_581' title='bbox 3385 2998 3655 3063; x_wconf 87' lang='grc' dir='ltr'><strong>νουθετεῖ,</strong></span> <span class='ocrx_word' id='word_1_582' title='bbox 3693 2996 3892 3061; x_wconf 78' lang='grc' dir='ltr'><strong>σώζει,</strong></span> <span class='ocrx_word' id='word_1_583' title='bbox 3921 2997 4122 3066; x_wconf 84' lang='grc' dir='ltr'><strong>φυλάτ-</strong></span> 
     </span>
    </p>
   </div>
   <div class='ocr_carea' id='block_1_77' title="bbox 2541 3090 4120 3162">
    <p class='ocr_par' dir='ltr' id='par_1_77' title="bbox 2541 3090 4120 3162">
     <span class='ocr_line' id='line_1_77' title="bbox 2541 3090 4120 3162; baseline 0 -20"><span class='ocrx_word' id='word_1_584' title='bbox 2541 3108 2643 3153; x_wconf 86' lang='grc' dir='ltr'><strong>τει,</strong></span> <span class='ocrx_word' id='word_1_585' title='bbox 2678 3092 2774 3144; x_wconf 74' lang='grc' dir='ltr'><strong>καὶ</strong></span> <span class='ocrx_word' id='word_1_586' title='bbox 2824 3090 3015 3162; x_wconf 85' lang='grc' dir='ltr'><strong>μισθὸν</strong></span> <span class='ocrx_word' id='word_1_587' title='bbox 3058 3092 3188 3161; x_wconf 85' lang='grc' dir='ltr'><strong>ἡμῖν</strong></span> <span class='ocrx_word' id='word_1_588' title='bbox 3225 3091 3324 3161; x_wconf 83' lang='grc' dir='ltr'><strong>τῆς</strong></span> <span class='ocrx_word' id='word_1_589' title='bbox 3372 3090 3662 3160; x_wconf 81' lang='grc' dir='ltr'><strong>μαθήσεως</strong></span> <span class='ocrx_word' id='word_1_590' title='bbox 3701 3091 3765 3142; x_wconf 84' lang='grc' dir='ltr'><strong>ἐκ</strong></span> <span class='ocrx_word' id='word_1_591' title='bbox 3802 3091 4120 3160; x_wconf 62' lang='grc' dir='ltr'><strong>πριουσίας</strong></span> 
     </span>
    </p>
   </div>
   <div class='ocr_carea' id='block_1_78' title="bbox 2544 3180 4117 3253">
    <p class='ocr_par' dir='ltr' id='par_1_78' title="bbox 2544 3180 4117 3253">
     <span class='ocr_line' id='line_1_78' title="bbox 2544 3180 4117 3253; baseline 0 -19"><span class='ocrx_word' id='word_1_592' title='bbox 2544 3180 2820 3251; x_wconf 85' lang='grc' dir='ltr'><strong>βασιλείαν</strong></span> <span class='ocrx_word' id='word_1_593' title='bbox 2849 3181 3091 3253; x_wconf 82' lang='grc' dir='ltr'><strong>οὐρανῶν</strong></span> <span class='ocrx_word' id='word_1_594' title='bbox 3125 3181 3520 3250; x_wconf 83' lang='grc' dir='ltr'><strong>ἐπαγγέλλεται</strong></span> <span class='ocrx_word' id='word_1_595' title='bbox 3543 3198 3556 3211; x_wconf 75' lang='grc' dir='ltr'><strong>ο</strong></span> <span class='ocrx_word' id='word_1_596' title='bbox 3587 3180 3744 3234; x_wconf 89' lang='grc' dir='ltr'><strong>τοῦτο</strong></span> <span class='ocrx_word' id='word_1_597' title='bbox 3784 3180 3941 3250; x_wconf 91' lang='grc' dir='ltr'><strong>μόνον</strong></span> <span class='ocrx_word' id='word_1_598' title='bbox 3979 3181 4117 3234; x_wconf 85' lang='grc' dir='ltr'><strong>ἀπο-</strong></span> 
     </span>
    </p>
   </div>
   <div class='ocr_carea' id='block_1_79' title="bbox 2538 3272 4121 3346">
    <p class='ocr_par' dir='ltr' id='par_1_79' title="bbox 2538 3272 4121 3346">
     <span class='ocr_line' id='line_1_79' title="bbox 2538 3272 4121 3346; baseline 0 -21"><span class='ocrx_word' id='word_1_599' title='bbox 2538 3273 2714 3328; x_wconf 83' lang='grc' dir='ltr'><strong>λαύων</strong></span> <span class='ocrx_word' id='word_1_600' title='bbox 2757 3275 2912 3346; x_wconf 79' lang='grc' dir='ltr'><strong>ἡμῶν</strong></span> <span class='ocrx_word' id='word_1_601' title='bbox 2937 3315 2951 3337; x_wconf 95' lang='grc'><strong>,</strong></span> <span class='ocrx_word' id='word_1_602' title='bbox 2991 3274 3020 3327; x_wconf 79' lang='grc' dir='ltr'><strong>ὃ</strong></span> <span class='ocrx_word' id='word_1_603' title='bbox 3054 3273 3360 3345; x_wconf 82' lang='grc' dir='ltr'><strong>σωζόμεθα.</strong></span> <span class='ocrx_word' id='word_1_604' title='bbox 3394 3274 3578 3327; x_wconf 80' lang='grc' dir='ltr'><strong>Κακία</strong></span> <span class='ocrx_word' id='word_1_605' title='bbox 3610 3275 3706 3343; x_wconf 86' lang='grc' dir='ltr'><strong>μὲν</strong></span> <span class='ocrx_word' id='word_1_606' title='bbox 3752 3272 3862 3344; x_wconf 76' lang='grc' dir='ltr'><strong>γάρ</strong></span> <span class='ocrx_word' id='word_1_607' title='bbox 3890 3273 3988 3344; x_wconf 85' lang='grc' dir='ltr'><strong>τὴν</strong></span> <span class='ocrx_word' id='word_1_608' title='bbox 4027 3274 4121 3326; x_wconf 85' lang='grc' dir='ltr'><strong>άν-</strong></span> 
     </span>
    </p>
   </div>
   <div class='ocr_carea' id='block_1_80' title="bbox 2541 3365 4118 3439">
    <p class='ocr_par' dir='ltr' id='par_1_80' title="bbox 2541 3365 4118 3439">
     <span class='ocr_line' id='line_1_80' title="bbox 2541 3365 4118 3439; baseline -0.001 -20"><span class='ocrx_word' id='word_1_609' title='bbox 2541 3366 2771 3439; x_wconf 82' lang='grc' dir='ltr'><strong>θρώπων</strong></span> <span class='ocrx_word' id='word_1_610' title='bbox 2800 3367 3149 3420; x_wconf 79' lang='grc' dir='ltr'><strong>ἐπιϐόσκεται</strong></span> <span class='ocrx_word' id='word_1_611' title='bbox 3177 3367 3383 3439; x_wconf 86' lang='grc' dir='ltr'><strong>φθοράν</strong></span> <span class='ocrx_word' id='word_1_612' title='bbox 3405 3384 3418 3397; x_wconf 89' lang='grc'><strong>·</strong></span> <span class='ocrx_word' id='word_1_613' title='bbox 3455 3367 3566 3438; x_wconf 81' lang='grc' dir='ltr'><strong>ἡδὲ</strong></span> <span class='ocrx_word' id='word_1_614' title='bbox 3583 3366 3828 3436; x_wconf 85' lang='grc' dir='ltr'><strong>ἀλήθεια,</strong></span> <span class='ocrx_word' id='word_1_615' title='bbox 3859 3365 4049 3436; x_wconf 83' lang='grc' dir='ltr'><strong>ὥσπερ</strong></span> <span class='ocrx_word' id='word_1_616' title='bbox 4083 3369 4118 3438; x_wconf 78' lang='grc' dir='ltr'><strong>ἠ</strong></span> 
     </span>
    </p>
   </div>
   <div class='ocr_carea' id='block_1_81' title="bbox 2543 3459 4117 3530">
    <p class='ocr_par' dir='ltr' id='par_1_81' title="bbox 2543 3459 4117 3530">
     <span class='ocr_line' id='line_1_81' title="bbox 2543 3459 4117 3530; baseline 0 -18"><span class='ocrx_word' id='word_1_617' title='bbox 2543 3459 2859 3530; x_wconf 80' lang='grc' dir='ltr'><strong>μέλιττα,λυ</strong></span> <span class='ocrx_word' id='word_1_618' title='bbox 2867 3459 3164 3530; x_wconf 78' lang='grc' dir='ltr'><strong>μαινομένη</strong></span> <span class='ocrx_word' id='word_1_619' title='bbox 3189 3459 3296 3512; x_wconf 86' lang='grc' dir='ltr'><strong>τῶν</strong></span> <span class='ocrx_word' id='word_1_620' title='bbox 3315 3460 3484 3513; x_wconf 77' lang='grc' dir='ltr'><strong>ὄντων</strong></span> <span class='ocrx_word' id='word_1_621' title='bbox 3502 3459 3673 3521; x_wconf 82' lang='grc' dir='ltr'><strong>οὐδὲν,</strong></span> <span class='ocrx_word' id='word_1_622' title='bbox 3695 3459 3790 3511; x_wconf 79' lang='grc' dir='ltr'><strong>ἐπὶ</strong></span> <span class='ocrx_word' id='word_1_623' title='bbox 3817 3459 3985 3528; x_wconf 85' lang='grc' dir='ltr'><strong>μόνης</strong></span> <span class='ocrx_word' id='word_1_624' title='bbox 4005 3459 4117 3528; x_wconf 87' lang='grc'>(78)</span> 
     </span>
    </p>
   </div>
   <div class='ocr_carea' id='block_1_82' title="bbox 2539 3545 4119 3625">
    <p class='ocr_par' dir='ltr' id='par_1_82' title="bbox 2539 3545 4119 3625">
     <span class='ocr_line' id='line_1_82' title="bbox 2539 3545 4119 3625; baseline -0.001 -20"><span class='ocrx_word' id='word_1_625' title='bbox 2539 3553 2636 3622; x_wconf 84' lang='grc' dir='ltr'><strong>τῆς</strong></span> <span class='ocrx_word' id='word_1_626' title='bbox 2672 3551 2972 3625; x_wconf 79' lang='grc' dir='ltr'><strong>ἀνθρώπων</strong></span> <span class='ocrx_word' id='word_1_627' title='bbox 3003 3553 3292 3622; x_wconf 81' lang='grc' dir='ltr'><strong>ἀγάλλεται</strong></span> <span class='ocrx_word' id='word_1_628' title='bbox 3328 3552 3622 3623; x_wconf 82' lang='grc' dir='ltr'><strong>σωτηρίας.</strong></span> <span class='ocrx_word' id='word_1_629' title='bbox 3657 3553 3842 3621; x_wconf 85' lang='grc' dir='ltr'><strong>Ἔχεις</strong></span> <span class='ocrx_word' id='word_1_630' title='bbox 3886 3545 3978 3604; x_wconf 88' lang='grc' dir='ltr'><strong>οῦν</strong></span> <span class='ocrx_word' id='word_1_631' title='bbox 4017 3550 4119 3620; x_wconf 77' lang='grc' dir='ltr'><strong>τὴν</strong></span> 
     </span>
    </p>
   </div>
   <div class='ocr_carea' id='block_1_83' title="bbox 2539 3641 4120 3718">
    <p class='ocr_par' dir='ltr' id='par_1_83' title="bbox 2539 3641 4120 3718">
     <span class='ocr_line' id='line_1_83' title="bbox 2539 3641 4120 3718; baseline -0.001 -20"><span class='ocrx_word' id='word_1_632' title='bbox 2539 3645 2868 3714; x_wconf 74' lang='grc' dir='ltr'><strong>ἐπαγγελίαν</strong></span> <span class='ocrx_word' id='word_1_633' title='bbox 2890 3662 2905 3676; x_wconf 77' lang='grc' dir='ltr'><strong>ο</strong></span> <span class='ocrx_word' id='word_1_634' title='bbox 2947 3646 3089 3716; x_wconf 73' lang='grc' dir='ltr'><strong>ἔχεις</strong></span> <span class='ocrx_word' id='word_1_635' title='bbox 3115 3646 3215 3718; x_wconf 81' lang='grc' dir='ltr'><strong>τὴν</strong></span> <span class='ocrx_word' id='word_1_636' title='bbox 3255 3645 3664 3717; x_wconf 80' lang='grc' dir='ltr'><strong>φιλανθρωπίαν</strong></span> <span class='ocrx_word' id='word_1_637' title='bbox 3690 3660 3708 3677; x_wconf 76' lang='grc'><strong>⁸</strong></span> <span class='ocrx_word' id='word_1_638' title='bbox 3731 3642 3832 3712; x_wconf 78' lang='grc' dir='ltr'><strong>τῆς</strong></span> <span class='ocrx_word' id='word_1_639' title='bbox 3861 3647 3970 3718; x_wconf 82' lang='lat'>(79)</span> <span class='ocrx_word' id='word_1_640' title='bbox 4019 3641 4120 3714; x_wconf 82' lang='grc' dir='ltr'><strong>χά-</strong></span> 
     </span>
    </p>
   </div>
   <div class='ocr_carea' id='block_1_84' title="bbox 2538 3839 4118 3908">
    <p class='ocr_par' dir='ltr' id='par_1_84' title="bbox 2538 3839 4118 3908">
     <span class='ocr_line' id='line_1_84' title="bbox 2538 3839 4118 3908; baseline 0 -16"><span class='ocrx_word' id='word_1_641' title='bbox 2538 3847 2886 3892; x_wconf 72' lang='lat' dir='ltr'><strong>strumentum</strong></span> <span class='ocrx_word' id='word_1_642' title='bbox 2931 3855 3184 3892; x_wconf 86' lang='lat' dir='ltr'><strong>canorum</strong></span> <span class='ocrx_word' id='word_1_643' title='bbox 3223 3848 3323 3899; x_wconf 82' lang='lat' dir='ltr'><strong>est,</strong></span> <span class='ocrx_word' id='word_1_644' title='bbox 3355 3839 3494 3908; x_wconf 84' lang='lat' dir='ltr'><strong>quod</strong></span> <span class='ocrx_word' id='word_1_645' title='bbox 3543 3849 3776 3893; x_wconf 80' lang='lat' dir='ltr'><strong>movetur</strong></span> <span class='ocrx_word' id='word_1_646' title='bbox 3815 3839 3884 3890; x_wconf 86' lang='lat' dir='ltr'><strong>ad</strong></span> <span class='ocrx_word' id='word_1_647' title='bbox 3936 3854 4118 3892; x_wconf 82' lang='lat' dir='ltr'><strong>unme-</strong></span> 
     </span>
    </p>
   </div>
   <div class='ocr_carea' id='block_1_85' title="bbox 2541 3909 4121 3978">
    <p class='ocr_par' dir='ltr' id='par_1_85' title="bbox 2541 3909 4121 3978">
     <span class='ocr_line' id='line_1_85' title="bbox 2541 3909 4121 3978; baseline 0 -18"><span class='ocrx_word' id='word_1_648' title='bbox 2541 3925 2660 3960; x_wconf 82' lang='lat' dir='ltr'><strong>rum</strong></span> <span class='ocrx_word' id='word_1_649' title='bbox 2681 3949 2696 3972; x_wconf 96' lang='lat'><strong>,</strong></span> <span class='ocrx_word' id='word_1_650' title='bbox 2730 3925 2822 3978; x_wconf 79' lang='lat' dir='ltr'><strong>ego</strong></span> <span class='ocrx_word' id='word_1_651' title='bbox 2843 3926 2981 3970; x_wconf 88' lang='lat' dir='ltr'><strong>eum,</strong></span> <span class='ocrx_word' id='word_1_652' title='bbox 3013 3911 3104 3978; x_wconf 78' lang='lat' dir='ltr'><strong>qui</strong></span> <span class='ocrx_word' id='word_1_653' title='bbox 3127 3918 3430 3961; x_wconf 83' lang='lat' dir='ltr'><strong>concentum</strong></span> <span class='ocrx_word' id='word_1_654' title='bbox 3467 3919 3739 3976; x_wconf 84' lang='lat' dir='ltr'><strong>temperat,</strong></span> <span class='ocrx_word' id='word_1_655' title='bbox 3761 3918 3809 3962; x_wconf 87' lang='lat' dir='ltr'><strong>et</strong></span> <span class='ocrx_word' id='word_1_656' title='bbox 3831 3924 3983 3961; x_wconf 80' lang='lat' dir='ltr'><strong>sonos</strong></span> <span class='ocrx_word' id='word_1_657' title='bbox 4013 3909 4121 3960; x_wconf 75' lang='lat' dir='ltr'><strong>eri-</strong></span> 
     </span>
    </p>
   </div>
   <div class='ocr_carea' id='block_1_86' title="bbox 2540 3980 4116 4047">
    <p class='ocr_par' dir='ltr' id='par_1_86' title="bbox 2540 3980 4116 4047">
     <span class='ocr_line' id='line_1_86' title="bbox 2540 3980 4116 4047; baseline -0.002 -16"><span class='ocrx_word' id='word_1_658' title='bbox 2540 3981 2678 4040; x_wconf 89' lang='lat' dir='ltr'><strong>brat,</strong></span> <span class='ocrx_word' id='word_1_659' title='bbox 2694 3987 2742 4030; x_wconf 92' lang='lat' dir='ltr'><strong>et</strong></span> <span class='ocrx_word' id='word_1_660' title='bbox 2767 3994 3049 4047; x_wconf 85' lang='lat' dir='ltr'><strong>congruum</strong></span> <span class='ocrx_word' id='word_1_661' title='bbox 3064 3980 3282 4033; x_wconf 78' lang='lat' dir='ltr'><strong>succinit</strong></span> <span class='ocrx_word' id='word_1_662' title='bbox 3300 3995 3526 4035; x_wconf 84' lang='lat' dir='ltr'><strong>carmen.</strong></span> <span class='ocrx_word' id='word_1_663' title='bbox 3555 3996 3654 4034; x_wconf 87' lang='lat' dir='ltr'><strong>non</strong></span> <span class='ocrx_word' id='word_1_664' title='bbox 3681 3980 4116 4039; x_wconf 78' lang='lat' dir='ltr'><strong>instrumentum,</strong></span> 
     </span>
    </p>
   </div>
   <div class='ocr_carea' id='block_1_87' title="bbox 2538 4047 4117 4116">
    <p class='ocr_par' dir='ltr' id='par_1_87' title="bbox 2538 4047 4117 4116">
     <span class='ocr_line' id='line_1_87' title="bbox 2538 4047 4117 4116; baseline 0.001 -16"><span class='ocrx_word' id='word_1_665' title='bbox 2538 4047 2725 4100; x_wconf 85' lang='lat' dir='ltr'><strong>adoro.</strong></span> <span class='ocrx_word' id='word_1_666' title='bbox 2753 4047 2884 4113; x_wconf 76' lang='lat' dir='ltr'><strong>Quae</strong></span> <span class='ocrx_word' id='word_1_667' title='bbox 2915 4057 3042 4100; x_wconf 92' lang='lat' dir='ltr'><strong>sunt</strong></span> <span class='ocrx_word' id='word_1_668' title='bbox 3069 4049 3173 4110; x_wconf 90' lang='lat' dir='ltr'><strong>bis,</strong></span> <span class='ocrx_word' id='word_1_669' title='bbox 3203 4064 3323 4116; x_wconf 78' lang='lat' dir='ltr'><strong>quae</strong></span> <span class='ocrx_word' id='word_1_670' title='bbox 3345 4047 3477 4102; x_wconf 89' lang='lat' dir='ltr'><strong>dicit</strong></span> <span class='ocrx_word' id='word_1_671' title='bbox 3499 4049 3771 4110; x_wconf 88' lang='lat' dir='ltr'><strong>Clemens,</strong></span> <span class='ocrx_word' id='word_1_672' title='bbox 3792 4047 4117 4115; x_wconf 86' lang='lat' dir='ltr'><strong>persimilia.</strong></span> 
     </span>
    </p>
   </div>
   <div class='ocr_carea' id='block_1_88' title="bbox 2611 4117 4120 4186">
    <p class='ocr_par' dir='ltr' id='par_1_88' title="bbox 2611 4117 4120 4186">
     <span class='ocr_line' id='line_1_88' title="bbox 2611 4117 4120 4186; baseline 0 -18"><span class='ocrx_word' id='word_1_673' title='bbox 2611 4117 2723 4186; x_wconf 85' lang='grc'>(71)</span> <span class='ocrx_word' id='word_1_674' title='bbox 2757 4117 2843 4172; x_wconf 84' lang='grc' dir='ltr'><strong>Σὺ</strong></span> <span class='ocrx_word' id='word_1_675' title='bbox 2878 4117 2988 4186; x_wconf 74' lang='grc' dir='ltr'><strong>γὰρ</strong></span> <span class='ocrx_word' id='word_1_676' title='bbox 3017 4119 3087 4170; x_wconf 81' lang='grc' dir='ltr'><strong>εἷ.</strong></span> <span class='ocrx_word' id='word_1_677' title='bbox 3113 4118 3313 4171; x_wconf 87' lang='lat' dir='ltr'><strong>Christi</strong></span> <span class='ocrx_word' id='word_1_678' title='bbox 3343 4120 3522 4180; x_wconf 89' lang='lat' dir='ltr'><strong>verba,</strong></span> <span class='ocrx_word' id='word_1_679' title='bbox 3548 4129 3605 4173; x_wconf 90' lang='lat' dir='ltr'><strong>ut</strong></span> <span class='ocrx_word' id='word_1_680' title='bbox 3633 4120 3928 4186; x_wconf 28' lang='lat' dir='ltr'><strong>videturte</strong></span> <span class='ocrx_word' id='word_1_681' title='bbox 3960 4131 4120 4186; x_wconf 86' lang='lat' dir='ltr'><strong>sacro</strong></span> 
     </span>
    </p>
   </div>
   <div class='ocr_carea' id='block_1_89' title="bbox 2538 4185 4120 4311">
    <p class='ocr_par' dir='ltr' id='par_1_89' title="bbox 2538 4185 4120 4311">
     <span class='ocr_line' id='line_1_89' title="bbox 2538 4185 4120 4311; baseline -0.001 -72"><span class='ocrx_word' id='word_1_682' title='bbox 2538 4187 2725 4311; x_wconf 46' lang='lat' dir='ltr'><strong>ﬁliélito</strong></span> <span class='ocrx_word' id='word_1_683' title='bbox 2757 4190 2958 4296; x_wconf 65' lang='lat' dir='ltr'><strong>hymno</strong></span> <span class='ocrx_word' id='word_1_684' title='bbox 2984 4188 3168 4242; x_wconf 85' lang='lat' dir='ltr'><strong>citata.</strong></span> <span class='ocrx_word' id='word_1_685' title='bbox 3211 4188 3474 4243; x_wconf 68' lang='lat' dir='ltr'><strong>Caeterum</strong></span> <span class='ocrx_word' id='word_1_686' title='bbox 3519 4205 3616 4259; x_wconf 88' lang='lat' dir='ltr'><strong>pro</strong></span> <span class='ocrx_word' id='word_1_687' title='bbox 3674 4189 3807 4259; x_wconf 81' lang='grc' dir='ltr'><strong>ἐμός</strong></span> <span class='ocrx_word' id='word_1_688' title='bbox 3846 4185 3982 4241; x_wconf 86' lang='lat' dir='ltr'><strong>Nov.</strong></span> <span class='ocrx_word' id='word_1_689' title='bbox 4018 4185 4120 4239; x_wconf 86' lang='lat' dir='ltr'><strong>ba-</strong></span> 
     </span>
     <span class='ocr_line' id='line_1_90' title="bbox 2576 4273 2798 4311; baseline 0.005 -1"><span class='ocrx_word' id='word_1_690' title='bbox 2576 4273 2604 4310; x_wconf 91' lang='lat' dir='ltr'><strong>e</strong></span> <span class='ocrx_word' id='word_1_691' title='bbox 2655 4274 2798 4311; x_wconf 50' lang='lat' dir='ltr'><strong>suo“</strong></span> 
     </span>
    </p>
   </div>
   <div class='ocr_carea' id='block_1_90' title="bbox 2576 4267 2798 4314">
    <p class='ocr_par' dir='ltr' id='par_1_90' title="bbox 2576 4267 2798 4314">
     <span class='ocr_line' id='line_1_91' title="bbox 2576 4267 2798 4314; baseline 0.018 -4"><span class='ocrx_word' id='word_1_692' title='bbox 2576 4267 2629 4310; x_wconf 89' lang='lat' dir='ltr'><strong>et</strong></span> <span class='ocrx_word' id='word_1_693' title='bbox 2655 4267 2798 4314; x_wconf 63' lang='grc' dir='ltr'><strong>ἐμοὶ.</strong></span> 
     </span>
    </p>
   </div>
   <div class='ocr_carea' id='block_1_91' title="bbox 2610 4311 4118 4407">
    <p class='ocr_par' dir='ltr' id='par_1_91' title="bbox 2610 4311 4118 4407">
     <span class='ocr_line' id='line_1_92' title="bbox 2610 4311 4118 4407; baseline 0 -29"><span class='ocrx_word' id='word_1_694' title='bbox 2753 4311 2854 4407; x_wconf 46' lang='lat' dir='ltr'><strong>Aid</strong></span> <span class='ocrx_word' id='word_1_695' title='bbox 2881 4325 2989 4407; x_wconf 62' lang='grc' dir='ltr'><strong>τὸις</strong></span> <span class='ocrx_word' id='word_1_696' title='bbox 3033 4328 3240 4407; x_wconf 56' lang='lat' dir='ltr'><strong>Aeg-cr.</strong></span> <span class='ocrx_word' id='word_1_697' title='bbox 3272 4327 3492 4407; x_wconf 82' lang='lat' dir='ltr'><strong>_Scilic_et</strong></span> <span class='ocrx_word' id='word_1_698' title='bbox 3521 4327 4118 4407; x_wconf 44' lang='grc' dir='ltr'><strong>ἐνοικοῦντα-..ρεθυιρε-</strong></span> 
     </span>
    </p>
   </div>
   <div class='ocr_carea' id='block_1_92' title="bbox 2538 4395 4116 4463">
    <p class='ocr_par' dir='ltr' id='par_1_92' title="bbox 2538 4395 4116 4463">
     <span class='ocr_line' id='line_1_93' title="bbox 2538 4395 4116 4463; baseline 0.001 -16"><span class='ocrx_word' id='word_1_699' title='bbox 2538 4395 2632 4449; x_wconf 78' lang='lat' dir='ltr'><strong>Dei</strong></span> <span class='ocrx_word' id='word_1_700' title='bbox 2683 4395 2920 4450; x_wconf 87' lang='lat' dir='ltr'><strong>Verbum</strong></span> <span class='ocrx_word' id='word_1_701' title='bbox 2977 4396 3029 4449; x_wconf 93' lang='lat' dir='ltr'><strong>in</strong></span> <span class='ocrx_word' id='word_1_702' title='bbox 3089 4399 3374 4452; x_wconf 88' lang='lat' dir='ltr'><strong>animabus</strong></span> <span class='ocrx_word' id='word_1_703' title='bbox 3425 4400 3698 4463; x_wconf 82' lang='lat' dir='ltr'><strong>justorum</strong></span> <span class='ocrx_word' id='word_1_704' title='bbox 3759 4396 4116 4449; x_wconf 83' lang='lat' dir='ltr'><strong>habitantem.</strong></span> 
     </span>
    </p>
   </div>
   <div class='ocr_carea' id='block_1_93' title="bbox 2550 4463 4116 4542">
    <p class='ocr_par' dir='ltr' id='par_1_93' title="bbox 2550 4463 4116 4542">
     <span class='ocr_line' id='line_1_94' title="bbox 2550 4463 4116 4542; baseline 0.001 -26"><span class='ocrx_word' id='word_1_705' title='bbox 2550 4465 2861 4542; x_wconf 56' lang='grc' dir='ltr'><strong>Ἀνθρώπου</strong></span> <span class='ocrx_word' id='word_1_706' title='bbox 2883 4466 3091 4542; x_wconf 70' lang='grc' dir='ltr'><strong>δικαίου</strong></span> <span class='ocrx_word' id='word_1_707' title='bbox 3121 4467 3261 4542; x_wconf 64' lang='grc' dir='ltr'><strong>ψυχὴ</strong></span> <span class='ocrx_word' id='word_1_708' title='bbox 3292 4470 3349 4521; x_wconf 87' lang='grc' dir='ltr'><strong>ἐν</strong></span> <span class='ocrx_word' id='word_1_709' title='bbox 3425 4466 3638 4542; x_wconf 48' lang='lat' dir='ltr'><strong>Stier-7:5</strong></span> <span class='ocrx_word' id='word_1_710' title='bbox 3665 4466 3773 4542; x_wconf 78' lang='grc' dir='ltr'><strong>τῶν</strong></span> <span class='ocrx_word' id='word_1_711' title='bbox 3803 4464 4116 4542; x_wconf 71' lang='grc' dir='ltr'><strong>παραγγελ-</strong></span> 
     </span>
    </p>
   </div>
   <div class='ocr_carea' id='block_1_94' title="bbox 2543 4535 4118 4607">
    <p class='ocr_par' dir='ltr' id='par_1_94' title="bbox 2543 4535 4118 4607">
     <span class='ocr_line' id='line_1_95' title="bbox 2543 4535 4118 4607; baseline -0.001 -19"><span class='ocrx_word' id='word_1_712' title='bbox 2543 4535 2726 4607; x_wconf 82' lang='grc' dir='ltr'><strong>μάτων</strong></span> <span class='ocrx_word' id='word_1_713' title='bbox 2758 4536 3006 4605; x_wconf 82' lang='grc' dir='ltr'><strong>ὑπακοῆς</strong></span> <span class='ocrx_word' id='word_1_714' title='bbox 3031 4535 3484 4607; x_wconf 60' lang='grc' dir='ltr'><strong>τεμενίζὲταιῖιαὶ</strong></span> <span class='ocrx_word' id='word_1_715' title='bbox 3516 4535 3812 4607; x_wconf 81' lang='grc' dir='ltr'><strong>ἐνιδρύεται</strong></span> <span class='ocrx_word' id='word_1_716' title='bbox 3843 4535 4118 4607; x_wconf 78' lang='grc' dir='ltr'><strong>ὁπάντων</strong></span> 
     </span>
    </p>
   </div>
   <div class='ocr_carea' id='block_1_95' title="bbox 858 4593 2618 4676">
    <p class='ocr_par' dir='ltr' id='par_1_95' title="bbox 858 4593 2618 4676">
     <span class='ocr_line' id='line_1_96' title="bbox 858 4593 2618 4676; baseline -0.001 -20"><span class='ocrx_word' id='word_1_717' title='bbox 858 4593 956 4658; x_wconf 75' lang='lat' dir='ltr'><strong>llis</strong></span> <span class='ocrx_word' id='word_1_718' title='bbox 990 4593 1188 4676; x_wconf 74' lang='lat' dir='ltr'><strong>similia</strong></span> <span class='ocrx_word' id='word_1_719' title='bbox 1238 4593 1397 4676; x_wconf 68' lang='lat' dir='ltr'><strong>habet</strong></span> <span class='ocrx_word' id='word_1_720' title='bbox 1425 4593 1677 4655; x_wconf 61' lang='lat' dir='ltr'><strong>CIC-mens</strong></span> <span class='ocrx_word' id='word_1_721' title='bbox 1705 4593 2086 4676; x_wconf 29' lang='lat' dir='ltr'><strong>Pcerln&#39;gmlib:</strong></span> <span class='ocrx_word' id='word_1_722' title='bbox 2117 4621 2196 4676; x_wconf 87' lang='lat' dir='ltr'><strong>u,_</strong></span> <span class='ocrx_word' id='word_1_723' title='bbox 2229 4619 2350 4671; x_wconf 89' lang='lat' dir='ltr'><strong>cap.</strong></span> <span class='ocrx_word' id='word_1_724' title='bbox 2380 4603 2434 4665; x_wconf 67' lang='grc'><strong>4,</strong></span> <span class='ocrx_word' id='word_1_725' title='bbox 2469 4593 2510 4646; x_wconf 80' lang='grc' dir='ltr'>ι)</span> <span class='ocrx_word' id='word_1_726' title='bbox 2538 4593 2618 4674; x_wconf 68' lang='grc' dir='ltr'><strong>ἦγε</strong></span> 
     </span>
    </p>
   </div>
   <div class='ocr_carea' id='block_1_96' title="bbox 2355 4593 4115 4676">
    <p class='ocr_par' dir='ltr' id='par_1_96' title="bbox 2380 4593 4115 4676">
     <span class='ocr_line' id='line_1_97' title="bbox 2380 4593 4115 4676; baseline 0 -20"><span class='ocrx_word' id='word_1_727' title='bbox 2380 4603 2434 4665; x_wconf 66' lang='grc'><strong>4,</strong></span> <span class='ocrx_word' id='word_1_728' title='bbox 2469 4593 2510 4646; x_wconf 80' lang='lat' dir='ltr'><strong>D</strong></span> <span class='ocrx_word' id='word_1_729' title='bbox 2538 4593 2762 4676; x_wconf 74' lang='grc' dir='ltr'><strong>ἦγεμὼν</strong></span> <span class='ocrx_word' id='word_1_730' title='bbox 2866 4593 3037 4673; x_wconf 71' lang='grc' dir='ltr'><strong>Λόγος</strong></span> <span class='ocrx_word' id='word_1_731' title='bbox 3052 4593 3280 4670; x_wconf 73' lang='grc' dir='ltr'><strong>αἰώνιός.</strong></span> <span class='ocrx_word' id='word_1_732' title='bbox 3309 4608 3552 4661; x_wconf 75' lang='lat' dir='ltr'><strong>Hominis</strong></span> <span class='ocrx_word' id='word_1_733' title='bbox 3560 4593 3697 4674; x_wconf 66' lang='lat' dir='ltr'><strong>justi</strong></span> <span class='ocrx_word' id='word_1_734' title='bbox 3709 4608 3908 4658; x_wconf 82' lang='lat' dir='ltr'><strong>anima.</strong></span> <span class='ocrx_word' id='word_1_735' title='bbox 3929 4606 3980 4656; x_wconf 88' lang='lat' dir='ltr'><strong>in</strong></span> <span class='ocrx_word' id='word_1_736' title='bbox 4011 4621 4115 4674; x_wconf 83' lang='lat' dir='ltr'><strong>qua</strong></span> 
     </span>
    </p>
   </div>
   <div class='ocr_carea' id='block_1_97' title="bbox 858 4672 2437 4743">
    <p class='ocr_par' dir='ltr' id='par_1_97' title="bbox 858 4672 2437 4743">
     <span class='ocr_line' id='line_1_98' title="bbox 858 4672 2437 4743; baseline -0.001 -18"><span class='ocrx_word' id='word_1_737' title='bbox 858 4687 982 4743; x_wconf 81' lang='lat' dir='ltr'><strong>pag.</strong></span> <span class='ocrx_word' id='word_1_738' title='bbox 1019 4673 1144 4743; x_wconf 50' lang='lat' dir='ltr'><strong>ibi.</strong></span> <span class='ocrx_word' id='word_1_739' title='bbox 1175 4682 1228 4726; x_wconf 89' lang='lat' dir='ltr'><strong>et</strong></span> <span class='ocrx_word' id='word_1_740' title='bbox 1259 4672 1459 4726; x_wconf 86' lang='lat' dir='ltr'><strong>Strom.</strong></span> <span class='ocrx_word' id='word_1_741' title='bbox 1497 4687 1722 4743; x_wconf 79' lang='lat' dir='ltr'><strong>vr,_pag.</strong></span> <span class='ocrx_word' id='word_1_742' title='bbox 1753 4673 1876 4743; x_wconf 15' lang='lat'><strong>6758,</strong></span> <span class='ocrx_word' id='word_1_743' title='bbox 1910 4674 2031 4728; x_wconf 78' lang='lat'><strong>659.</strong></span> <span class='ocrx_word' id='word_1_744' title='bbox 2063 4674 2312 4742; x_wconf 88' lang='lat' dir='ltr'><strong>Plerique</strong></span> <span class='ocrx_word' id='word_1_745' title='bbox 2343 4689 2437 4724; x_wconf 79' lang='lat' dir='ltr'><strong>ve-</strong></span> 
     </span>
    </p>
   </div>
   <div class='ocr_carea' id='block_1_98' title="bbox 860 4741 2439 4814">
    <p class='ocr_par' dir='ltr' id='par_1_98' title="bbox 860 4741 2439 4814">
     <span class='ocr_line' id='line_1_99' title="bbox 860 4741 2439 4814; baseline -0.001 -18"><span class='ocrx_word' id='word_1_746' title='bbox 860 4741 1034 4814; x_wconf 76' lang='lat' dir='ltr'><strong>terum</strong></span> <span class='ocrx_word' id='word_1_747' title='bbox 1057 4742 1279 4814; x_wconf 76' lang='lat' dir='ltr'><strong>Patrum</strong></span> <span class='ocrx_word' id='word_1_748' title='bbox 1300 4743 1553 4814; x_wconf 78' lang='lat' dir='ltr'><strong>homines</strong></span> <span class='ocrx_word' id='word_1_749' title='bbox 1571 4741 1959 4814; x_wconf 76' lang='grc' dir='ltr'><strong>θεοπνεύστους</strong></span> <span class='ocrx_word' id='word_1_750' title='bbox 1977 4747 2189 4814; x_wconf 83' lang='lat' dir='ltr'><strong>organis</strong></span> <span class='ocrx_word' id='word_1_751' title='bbox 2213 4741 2439 4814; x_wconf 79' lang='lat' dir='ltr'><strong>musicis</strong></span> 
     </span>
    </p>
   </div>
   <div class='ocr_carea' id='block_1_99' title="bbox 863 4811 2434 4879">
    <p class='ocr_par' dir='ltr' id='par_1_99' title="bbox 863 4811 2434 4879">
     <span class='ocr_line' id='line_1_100' title="bbox 863 4811 2434 4879; baseline -0.001 -11"><span class='ocrx_word' id='word_1_752' title='bbox 863 4813 1193 4868; x_wconf 77' lang='lat' dir='ltr'><strong>assimilant.</strong></span> <span class='ocrx_word' id='word_1_753' title='bbox 1209 4812 1456 4866; x_wconf 83' lang='lat' dir='ltr'><strong>Justinus</strong></span> <span class='ocrx_word' id='word_1_754' title='bbox 1470 4811 1567 4874; x_wconf 80' lang='lat' dir='ltr'><strong>M.,</strong></span> <span class='ocrx_word' id='word_1_755' title='bbox 1589 4811 2014 4879; x_wconf 67' lang='lat' dir='ltr'><strong>l‘arwnes.,pag.</strong></span> <span class='ocrx_word' id='word_1_756' title='bbox 2031 4811 2088 4867; x_wconf 82' lang='lat' dir='ltr'><em>6t</em></span> <span class='ocrx_word' id='word_1_757' title='bbox 2105 4815 2218 4868; x_wconf 79' lang='lat' dir='ltr'><strong>.ed.</strong></span> <span class='ocrx_word' id='word_1_758' title='bbox 2234 4813 2434 4866; x_wconf 67' lang='lat' dir='ltr'><strong>Oxum:</strong></span> 
     </span>
    </p>
   </div>
   <div class='ocr_carea' id='block_1_100' title="bbox 859 4881 2439 4955">
    <p class='ocr_par' dir='ltr' id='par_1_100' title="bbox 859 4881 2439 4955">
     <span class='ocr_line' id='line_1_101' title="bbox 859 4881 2439 4955; baseline -0.001 -20"><span class='ocrx_word' id='word_1_759' title='bbox 859 4882 1004 4955; x_wconf 69' lang='grc' dir='ltr'><strong>ᾼύτζ)</strong></span> <span class='ocrx_word' id='word_1_760' title='bbox 1043 4882 1104 4935; x_wconf 77' lang='grc' dir='ltr'><strong>τὸ</strong></span> <span class='ocrx_word' id='word_1_761' title='bbox 1141 4883 1280 4955; x_wconf 74' lang='grc' dir='ltr'><strong>Θεῖον</strong></span> <span class='ocrx_word' id='word_1_762' title='bbox 1325 4882 1385 4946; x_wconf 84' lang='grc' dir='ltr'><strong>ἐξ</strong></span> <span class='ocrx_word' id='word_1_763' title='bbox 1416 4881 1878 4955; x_wconf 34' lang='grc' dir='ltr'><strong>οὐρανοῦ-κοιτὼν</strong></span> <span class='ocrx_word' id='word_1_764' title='bbox 1925 4882 2217 4955; x_wconf 77' lang='grc' dir='ltr'><strong>πλῆκτρον,</strong></span> <span class='ocrx_word' id='word_1_765' title='bbox 2248 4883 2439 4955; x_wconf 79' lang='grc' dir='ltr'><strong>ὥσπερ</strong></span> 
     </span>
    </p>
   </div>
   <div class='ocr_carea' id='block_1_101' title="bbox 859 4952 2439 5032">
    <p class='ocr_par' dir='ltr' id='par_1_101' title="bbox 859 4952 2439 5032">
     <span class='ocr_line' id='line_1_102' title="bbox 859 4952 2439 5032; baseline -0.001 -27"><span class='ocrx_word' id='word_1_766' title='bbox 859 4952 1076 5032; x_wconf 78' lang='grc' dir='ltr'><strong>ὀργάνῳ</strong></span> <span class='ocrx_word' id='word_1_767' title='bbox 1135 4953 1337 5032; x_wconf 69' lang='grc' dir='ltr'><strong>κιθάρᾳ</strong></span> <span class='ocrx_word' id='word_1_768' title='bbox 1386 4952 1529 5032; x_wconf 74' lang='grc' dir='ltr'><strong>τινὸς</strong></span> <span class='ocrx_word' id='word_1_769' title='bbox 1578 4952 1610 5032; x_wconf 72' lang='grc' dir='ltr'>ᾖ</span> <span class='ocrx_word' id='word_1_770' title='bbox 1666 4952 1838 5032; x_wconf 69' lang='grc' dir='ltr'><strong>λύρας</strong></span> <span class='ocrx_word' id='word_1_771' title='bbox 1893 4952 2028 5032; x_wconf 66' lang='grc' dir='ltr'><strong>τοῖς</strong></span> <span class='ocrx_word' id='word_1_772' title='bbox 2059 4952 2286 5032; x_wconf 72' lang='grc' dir='ltr'><strong>ἀνδράσι</strong></span> <span class='ocrx_word' id='word_1_773' title='bbox 2347 4953 2439 5032; x_wconf 41' lang='grc' dir='ltr'><strong>,δι-</strong></span> 
     </span>
    </p>
   </div>
   <div class='ocr_carea' id='block_1_102' title="bbox 857 5021 2439 5106">
    <p class='ocr_par' dir='ltr' id='par_1_102' title="bbox 857 5021 2439 5106">
     <span class='ocr_line' id='line_1_103' title="bbox 857 5021 2439 5106; baseline -0.001 -31"><span class='ocrx_word' id='word_1_774' title='bbox 857 5021 1371 5106; x_wconf 31' lang='grc' dir='ltr'><strong>κἀίοιςζχρὼμενον,</strong></span> <span class='ocrx_word' id='word_1_775' title='bbox 1399 5022 1496 5106; x_wconf 69' lang='grc' dir='ltr'><strong>τὴν</strong></span> <span class='ocrx_word' id='word_1_776' title='bbox 1541 5021 1649 5075; x_wconf 83' lang='grc' dir='ltr'><strong>τῶν</strong></span> <span class='ocrx_word' id='word_1_777' title='bbox 1698 5021 1858 5106; x_wconf 69' lang='grc' dir='ltr'><strong>θείων</strong></span> <span class='ocrx_word' id='word_1_778' title='bbox 1889 5025 2018 5106; x_wconf 63' lang='grc' dir='ltr'><strong>ἡμῖν</strong></span> <span class='ocrx_word' id='word_1_779' title='bbox 2048 5027 2140 5076; x_wconf 79' lang='grc' dir='ltr'><strong>καὶ</strong></span> <span class='ocrx_word' id='word_1_780' title='bbox 2160 5021 2439 5106; x_wconf 73' lang='grc' dir='ltr'><strong>οὐρανίων</strong></span> 
     </span>
    </p>
   </div>
   <div class='ocr_carea' id='block_1_103' title="bbox 859 5092 2437 5162">
    <p class='ocr_par' dir='ltr' id='par_1_103' title="bbox 859 5092 2437 5162">
     <span class='ocr_line' id='line_1_104' title="bbox 859 5092 2437 5162; baseline -0.001 -17"><span class='ocrx_word' id='word_1_781' title='bbox 859 5092 1434 5162; x_wconf 58' lang='grc' dir='ltr'><strong>ἀποκαλύῴῃγνῶσιν.</strong></span> <span class='ocrx_word' id='word_1_782' title='bbox 1471 5093 1649 5159; x_wconf 81' lang='lat' dir='ltr'><strong>Ipsum</strong></span> <span class='ocrx_word' id='word_1_783' title='bbox 1683 5092 1922 5145; x_wconf 76' lang='lat' dir='ltr'><strong>divinum</strong></span> <span class='ocrx_word' id='word_1_784' title='bbox 1947 5093 2200 5159; x_wconf 81' lang='lat' dir='ltr'><strong>plectrum</strong></span> <span class='ocrx_word' id='word_1_785' title='bbox 2231 5092 2437 5147; x_wconf 67' lang='lat' dir='ltr'><strong>caelitus</strong></span> 
     </span>
    </p>
   </div>
   <div class='ocr_carea' id='block_1_104' title="bbox 859 5163 2439 5231">
    <p class='ocr_par' dir='ltr' id='par_1_104' title="bbox 859 5163 2439 5231">
     <span class='ocr_line' id='line_1_105' title="bbox 859 5163 2439 5231; baseline -0.003 -15"><span class='ocrx_word' id='word_1_786' title='bbox 859 5163 1174 5216; x_wconf 68' lang='lat' dir='ltr'><strong>descendens</strong></span> <span class='ocrx_word' id='word_1_787' title='bbox 1196 5203 1210 5222; x_wconf 91' lang='lat'><strong>,</strong></span> <span class='ocrx_word' id='word_1_788' title='bbox 1241 5164 1391 5230; x_wconf 77' lang='lat' dir='ltr'><strong>quasi</strong></span> <span class='ocrx_word' id='word_1_789' title='bbox 1424 5172 1772 5216; x_wconf 75' lang='lat' dir='ltr'><strong>instrumento</strong></span> <span class='ocrx_word' id='word_1_790' title='bbox 1803 5165 2048 5231; x_wconf 84' lang='lat' dir='ltr'><strong>quopiam</strong></span> <span class='ocrx_word' id='word_1_791' title='bbox 2084 5167 2306 5216; x_wconf 77' lang='lat' dir='ltr'><strong>cithara:</strong></span> <span class='ocrx_word' id='word_1_792' title='bbox 2335 5163 2439 5213; x_wconf 59' lang='lat' dir='ltr'><strong>ali-</strong></span> 
     </span>
    </p>
   </div>
   <div class='ocr_carea' id='block_1_105' title="bbox 859 5231 2438 5301">
    <p class='ocr_par' dir='ltr' id='par_1_105' title="bbox 859 5231 2438 5301">
     <span class='ocr_line' id='line_1_106' title="bbox 859 5231 2438 5301; baseline -0.002 -15"><span class='ocrx_word' id='word_1_793' title='bbox 859 5233 1012 5300; x_wconf 81' lang='lat' dir='ltr'><strong>cujus</strong></span> <span class='ocrx_word' id='word_1_794' title='bbox 1036 5231 1114 5285; x_wconf 77' lang='lat' dir='ltr'><strong>vel</strong></span> <span class='ocrx_word' id='word_1_795' title='bbox 1156 5231 1286 5301; x_wconf 74' lang='lat' dir='ltr'><strong>lyra:</strong></span> <span class='ocrx_word' id='word_1_796' title='bbox 1319 5233 1445 5284; x_wconf 82' lang='lat' dir='ltr'><strong>riris</strong></span> <span class='ocrx_word' id='word_1_797' title='bbox 1471 5233 1635 5299; x_wconf 82' lang='lat' dir='ltr'><strong>justis</strong></span> <span class='ocrx_word' id='word_1_798' title='bbox 1673 5242 1856 5294; x_wconf 84' lang='lat' dir='ltr'><strong>utens,</strong></span> <span class='ocrx_word' id='word_1_799' title='bbox 1885 5233 2184 5288; x_wconf 79' lang='lat' dir='ltr'><strong>divinarum</strong></span> <span class='ocrx_word' id='word_1_800' title='bbox 2211 5233 2360 5285; x_wconf 86' lang='lat' dir='ltr'><strong>nobis</strong></span> <span class='ocrx_word' id='word_1_801' title='bbox 2389 5240 2438 5284; x_wconf 86' lang='lat' dir='ltr'><strong>et</strong></span> 
     </span>
    </p>
   </div>
   <div class='ocr_carea' id='block_1_106' title="bbox 860 5301 2436 5370">
    <p class='ocr_par' dir='ltr' id='par_1_106' title="bbox 860 5301 2436 5370">
     <span class='ocr_line' id='line_1_107' title="bbox 860 5301 2436 5370; baseline 0 -17"><span class='ocrx_word' id='word_1_802' title='bbox 860 5303 1147 5370; x_wconf 67' lang='lat' dir='ltr'><strong>ctelestium</strong></span> <span class='ocrx_word' id='word_1_803' title='bbox 1177 5318 1351 5354; x_wconf 84' lang='lat' dir='ltr'><strong>rerum</strong></span> <span class='ocrx_word' id='word_1_804' title='bbox 1389 5303 1735 5369; x_wconf 76' lang='lat' dir='ltr'><strong>cognitionem</strong></span> <span class='ocrx_word' id='word_1_805' title='bbox 1764 5301 2030 5356; x_wconf 78' lang='lat' dir='ltr'><strong>reuelaret.</strong></span> <span class='ocrx_word' id='word_1_806' title='bbox 2057 5305 2436 5370; x_wconf 72' lang='lat' dir='ltr'><strong>Athenagoras</strong></span> 
     </span>
    </p>
   </div>
   <div class='ocr_carea' id='block_1_107' title="bbox 858 5368 2438 5441">
    <p class='ocr_par' dir='ltr' id='par_1_107' title="bbox 858 5368 2438 5441">
     <span class='ocr_line' id='line_1_108' title="bbox 858 5368 2438 5441; baseline 0.003 -20"><span class='ocrx_word' id='word_1_807' title='bbox 858 5368 1048 5437; x_wconf 82' lang='lat' dir='ltr'><strong>Legat.</strong></span> <span class='ocrx_word' id='word_1_808' title='bbox 1083 5388 1133 5440; x_wconf 93' lang='lat' dir='ltr'><strong>p.</strong></span> <span class='ocrx_word' id='word_1_809' title='bbox 1164 5372 1234 5441; x_wconf 73' lang='lat'><em>56</em></span> <span class='ocrx_word' id='word_1_810' title='bbox 1269 5373 1356 5425; x_wconf 85' lang='lat' dir='ltr'><strong>ed.</strong></span> <span class='ocrx_word' id='word_1_811' title='bbox 1391 5368 1565 5436; x_wconf 66' lang='lat' dir='ltr'><strong>om...</strong></span> <span class='ocrx_word' id='word_1_812' title='bbox 1599 5372 1666 5425; x_wconf 87' lang='lat' dir='ltr'><strong>de</strong></span> <span class='ocrx_word' id='word_1_813' title='bbox 1703 5372 1983 5439; x_wconf 87' lang='lat' dir='ltr'><strong>prophetis</strong></span> <span class='ocrx_word' id='word_1_814' title='bbox 2023 5375 2134 5429; x_wconf 87' lang='lat' dir='ltr'><strong>ait:</strong></span> <span class='ocrx_word' id='word_1_815' title='bbox 2185 5368 2438 5441; x_wconf 75' lang='grc' dir='ltr'><strong>Συγχρη-ο</strong></span> 
     </span>
    </p>
   </div>
   <div class='ocr_carea' id='block_1_108' title="bbox 861 5440 2440 5514">
    <p class='ocr_par' dir='ltr' id='par_1_108' title="bbox 861 5440 2440 5514">
     <span class='ocr_line' id='line_1_109' title="bbox 861 5440 2440 5514; baseline -0.001 -21"><span class='ocrx_word' id='word_1_816' title='bbox 861 5443 1091 5514; x_wconf 74' lang='grc' dir='ltr'><strong>σαμένου</strong></span> <span class='ocrx_word' id='word_1_817' title='bbox 1139 5440 1233 5494; x_wconf 88' lang='grc' dir='ltr'><strong>τοῦ</strong></span> <span class='ocrx_word' id='word_1_818' title='bbox 1283 5441 1632 5514; x_wconf 67' lang='grc' dir='ltr'><strong>Πνεῦματος,</strong></span> <span class='ocrx_word' id='word_1_819' title='bbox 1673 5442 1806 5514; x_wconf 80' lang='grc' dir='ltr'><strong>ὡσεὶ</strong></span> <span class='ocrx_word' id='word_1_820' title='bbox 1849 5443 1942 5494; x_wconf 77' lang='grc' dir='ltr'><strong>καὶ</strong></span> <span class='ocrx_word' id='word_1_821' title='bbox 1970 5443 2244 5514; x_wconf 80' lang='grc' dir='ltr'><strong>αὑλητὴς,</strong></span> <span class='ocrx_word' id='word_1_822' title='bbox 2276 5440 2440 5494; x_wconf 79' lang='grc' dir='ltr'><strong>αὐλὸν</strong></span> 
     </span>
    </p>
   </div>
   <div class='ocr_carea' id='block_1_109' title="bbox 857 5511 2429 5581">
    <p class='ocr_par' dir='ltr' id='par_1_109' title="bbox 857 5511 2429 5581">
     <span class='ocr_line' id='line_1_110' title="bbox 857 5511 2429 5581; baseline -0.001 -17"><span class='ocrx_word' id='word_1_823' title='bbox 857 5511 1182 5580; x_wconf 76' lang='grc' dir='ltr'><strong>ἐμπνεῦσαι,</strong></span> <span class='ocrx_word' id='word_1_824' title='bbox 1215 5529 1333 5566; x_wconf 86' lang='lat' dir='ltr'><strong>cum</strong></span> <span class='ocrx_word' id='word_1_825' title='bbox 1364 5511 1595 5581; x_wconf 85' lang='lat' dir='ltr'><strong>Spiritus</strong></span> <span class='ocrx_word' id='word_1_826' title='bbox 1630 5513 1809 5564; x_wconf 88' lang='lat' dir='ltr'><strong>eodem</strong></span> <span class='ocrx_word' id='word_1_827' title='bbox 1858 5513 2009 5565; x_wconf 82' lang='lat' dir='ltr'><strong>modo</strong></span> <span class='ocrx_word' id='word_1_828' title='bbox 2038 5511 2129 5581; x_wconf 73' lang='lat' dir='ltr'><strong>per</strong></span> <span class='ocrx_word' id='word_1_829' title='bbox 2161 5511 2282 5566; x_wconf 77' lang='lat' dir='ltr'><strong>illos</strong></span> <span class='ocrx_word' id='word_1_830' title='bbox 2317 5528 2429 5578; x_wconf 71' lang='lat' dir='ltr'><strong>ope-</strong></span> 
     </span>
    </p>
   </div>
   <div class='ocr_carea' id='block_1_110' title="bbox 859 5581 2438 5653">
    <p class='ocr_par' dir='ltr' id='par_1_110' title="bbox 859 5581 2438 5653">
     <span class='ocr_line' id='line_1_111' title="bbox 859 5581 2438 5653; baseline -0.001 -19"><span class='ocrx_word' id='word_1_831' title='bbox 859 5591 1087 5642; x_wconf 82' lang='lat' dir='ltr'><strong>raretur,</strong></span> <span class='ocrx_word' id='word_1_832' title='bbox 1116 5599 1219 5652; x_wconf 81' lang='lat' dir='ltr'><strong>quo</strong></span> <span class='ocrx_word' id='word_1_833' title='bbox 1261 5585 1450 5636; x_wconf 81' lang='lat' dir='ltr'><strong>tibicen</strong></span> <span class='ocrx_word' id='word_1_834' title='bbox 1487 5582 1649 5653; x_wconf 13' lang='lat' dir='ltr'><strong>Vin/lat</strong></span> <span class='ocrx_word' id='word_1_835' title='bbox 1699 5581 1957 5653; x_wconf 76' lang='lat' dir='ltr'><strong>ﬁstulam.</strong></span> <span class='ocrx_word' id='word_1_836' title='bbox 2003 5583 2065 5636; x_wconf 87' lang='lat' dir='ltr'><strong>Et</strong></span> <span class='ocrx_word' id='word_1_837' title='bbox 2106 5600 2227 5653; x_wconf 79' lang='lat' dir='ltr'><strong>pag.</strong></span> <span class='ocrx_word' id='word_1_838' title='bbox 2259 5583 2348 5645; x_wconf 82' lang='grc'><strong>56,</strong></span> <span class='ocrx_word' id='word_1_839' title='bbox 2373 5583 2438 5633; x_wconf 88' lang='lat' dir='ltr'><strong>de</strong></span> 
     </span>
    </p>
   </div>
   <div class='ocr_carea' id='block_1_111' title="bbox 855 5652 2438 5725">
    <p class='ocr_par' dir='ltr' id='par_1_111' title="bbox 855 5652 2438 5725">
     <span class='ocr_line' id='line_1_112' title="bbox 855 5652 2438 5725; baseline -0.003 -18"><span class='ocrx_word' id='word_1_840' title='bbox 855 5661 976 5725; x_wconf 74' lang='lat' dir='ltr'><strong>toto</strong></span> <span class='ocrx_word' id='word_1_841' title='bbox 1020 5654 1224 5725; x_wconf 80' lang='lat' dir='ltr'><strong>mundo</strong></span> <span class='ocrx_word' id='word_1_842' title='bbox 1256 5670 1269 5706; x_wconf 92' lang='lat'>:</span> <span class='ocrx_word' id='word_1_843' title='bbox 1302 5654 1363 5706; x_wconf 81' lang='lat' dir='ltr'><strong>Ei</strong></span> <span class='ocrx_word' id='word_1_844' title='bbox 1411 5652 1592 5725; x_wconf 75' lang='grc' dir='ltr'><strong>τοίνυν</strong></span> <span class='ocrx_word' id='word_1_845' title='bbox 1640 5652 1875 5725; x_wconf 69' lang='grc' dir='ltr'><strong>ἐμμελὲς</strong></span> <span class='ocrx_word' id='word_1_846' title='bbox 1911 5652 2168 5725; x_wconf 71' lang='grc' dir='ltr'><strong>όκόσμος</strong></span> <span class='ocrx_word' id='word_1_847' title='bbox 2207 5654 2438 5725; x_wconf 79' lang='grc' dir='ltr'><strong>ὄργανον</strong></span> 
     </span>
    </p>
   </div>
   <div class='ocr_carea' id='block_1_112' title="bbox 856 5720 2438 5794">
    <p class='ocr_par' dir='ltr' id='par_1_112' title="bbox 856 5720 2438 5794">
     <span class='ocr_line' id='line_1_113' title="bbox 856 5720 2438 5794; baseline -0.002 -17"><span class='ocrx_word' id='word_1_848' title='bbox 856 5721 960 5794; x_wconf 27' lang='grc' dir='ltr'><strong>καὶ,</strong></span> <span class='ocrx_word' id='word_1_849' title='bbox 1009 5721 1325 5792; x_wconf 86' lang='grc' dir='ltr'><strong>κινούμενον</strong></span> <span class='ocrx_word' id='word_1_850' title='bbox 1371 5725 1428 5794; x_wconf 88' lang='grc' dir='ltr'><strong>ἐν</strong></span> <span class='ocrx_word' id='word_1_851' title='bbox 1487 5720 1679 5794; x_wconf 76' lang='grc' dir='ltr'><strong>ῥυθμῷ</strong></span> <span class='ocrx_word' id='word_1_852' title='bbox 1702 5720 1727 5783; x_wconf 62' lang='grc'><strong>,“</strong></span> <span class='ocrx_word' id='word_1_853' title='bbox 1765 5723 1856 5794; x_wconf 64' lang='grc' dir='ltr'><strong>τὸν</strong></span> <span class='ocrx_word' id='word_1_854' title='bbox 1909 5720 2294 5794; x_wconf 76' lang='grc' dir='ltr'><strong>ἀρμοσάμενον</strong></span> <span class='ocrx_word' id='word_1_855' title='bbox 2343 5723 2438 5775; x_wconf 74' lang='grc' dir='ltr'><strong>καὶ</strong></span> 
     </span>
    </p>
   </div>
   <div class='ocr_carea' id='block_1_113' title="bbox 853 5791 2436 5866">
    <p class='ocr_par' dir='ltr' id='par_1_113' title="bbox 853 5791 2436 5866">
     <span class='ocr_line' id='line_1_114' title="bbox 853 5791 2436 5866; baseline -0.001 -21"><span class='ocrx_word' id='word_1_856' title='bbox 853 5791 1176 5866; x_wconf 65' lang='grc' dir='ltr'><strong>πλάσσοντά</strong></span> <span class='ocrx_word' id='word_1_857' title='bbox 1198 5795 1324 5866; x_wconf 71' lang='grc' dir='ltr'><strong>τοῦς</strong></span> <span class='ocrx_word' id='word_1_858' title='bbox 1344 5791 1632 5864; x_wconf 78' lang='grc' dir='ltr'><strong>φθόγγους,</strong></span> <span class='ocrx_word' id='word_1_859' title='bbox 1655 5794 1748 5845; x_wconf 71' lang='grc' dir='ltr'><strong>καὶ</strong></span> <span class='ocrx_word' id='word_1_860' title='bbox 1768 5793 1828 5866; x_wconf 66' lang='grc' dir='ltr'><strong>τὸ</strong></span> <span class='ocrx_word' id='word_1_861' title='bbox 1857 5791 2143 5866; x_wconf 59' lang='grc' dir='ltr'><strong>σύμφωνον</strong></span> <span class='ocrx_word' id='word_1_862' title='bbox 2170 5794 2436 5866; x_wconf 75' lang='grc' dir='ltr'><strong>ἐπᾴδοντα</strong></span> 
     </span>
    </p>
   </div>
   <div class='ocr_carea' id='block_1_114' title="bbox 861 5862 2435 5937">
    <p class='ocr_par' dir='ltr' id='par_1_114' title="bbox 861 5862 2435 5937">
     <span class='ocr_line' id='line_1_115' title="bbox 861 5862 2435 5937; baseline -0.001 -20"><span class='ocrx_word' id='word_1_863' title='bbox 861 5863 1043 5932; x_wconf 70' lang='grc' dir='ltr'><strong>μέλος,</strong></span> <span class='ocrx_word' id='word_1_864' title='bbox 1076 5864 1136 5917; x_wconf 88' lang='grc' dir='ltr'><strong>ού</strong></span> <span class='ocrx_word' id='word_1_865' title='bbox 1166 5864 1225 5917; x_wconf 79' lang='grc' dir='ltr'><strong>τὺ</strong></span> <span class='ocrx_word' id='word_1_866' title='bbox 1253 5862 1500 5935; x_wconf 71' lang='grc' dir='ltr'><strong>ὄργανον,</strong></span> <span class='ocrx_word' id='word_1_867' title='bbox 1533 5863 1837 5937; x_wconf 70' lang='grc' dir='ltr'><strong>προσκυνῶ.</strong></span> <span class='ocrx_word' id='word_1_868' title='bbox 1872 5862 1936 5921; x_wconf 85' lang='lat' dir='ltr'><strong>Si</strong></span> <span class='ocrx_word' id='word_1_869' title='bbox 1958 5883 2078 5937; x_wconf 76' lang='lat' dir='ltr'><strong>ergo</strong></span> <span class='ocrx_word' id='word_1_870' title='bbox 2105 5862 2328 5920; x_wconf 59' lang='lat' dir='ltr'><strong>murdus</strong></span> <span class='ocrx_word' id='word_1_871' title='bbox 2358 5865 2435 5916; x_wconf 61' lang='grc' dir='ltr'><strong>ἕης</strong></span> 
     </span>
    </p>
   </div>
   <div class='ocr_carea' id='block_1_115' title="bbox 2538 4676 4120 4745">
    <p class='ocr_par' dir='ltr' id='par_1_115' title="bbox 2538 4676 4120 4745">
     <span class='ocr_line' id='line_1_116' title="bbox 2538 4676 4120 4745; baseline -0.001 -18"><span class='ocrx_word' id='word_1_872' title='bbox 2538 4691 2629 4742; x_wconf 84' lang='lat' dir='ltr'><strong>per</strong></span> <span class='ocrx_word' id='word_1_873' title='bbox 2654 4686 3034 4745; x_wconf 66' lang='lat' dir='ltr'><strong>praeceptorum</strong></span> <span class='ocrx_word' id='word_1_874' title='bbox 3069 4677 3409 4731; x_wconf 80' lang='lat' dir='ltr'><strong>obedientiam</strong></span> <span class='ocrx_word' id='word_1_875' title='bbox 3441 4688 3496 4730; x_wconf 90' lang='lat' dir='ltr'><strong>ut</strong></span> <span class='ocrx_word' id='word_1_876' title='bbox 3528 4678 3583 4729; x_wconf 89' lang='lat' dir='ltr'><strong>in</strong></span> <span class='ocrx_word' id='word_1_877' title='bbox 3609 4676 3798 4745; x_wconf 88' lang='lat' dir='ltr'><strong>templo</strong></span> <span class='ocrx_word' id='word_1_878' title='bbox 3825 4676 4120 4745; x_wconf 80' lang='lat' dir='ltr'><strong>collocatur</strong></span> 
     </span>
    </p>
   </div>
   <div class='ocr_carea' id='block_1_116' title="bbox 2541 4743 4112 4815">
    <p class='ocr_par' dir='ltr' id='par_1_116' title="bbox 2541 4743 4112 4815">
     <span class='ocr_line' id='line_1_117' title="bbox 2541 4743 4112 4815; baseline 0 -19"><span class='ocrx_word' id='word_1_879' title='bbox 2541 4743 2774 4799; x_wconf 85' lang='lat' dir='ltr'><strong>omnium</strong></span> <span class='ocrx_word' id='word_1_880' title='bbox 2798 4749 2927 4806; x_wconf 74' lang='lat' dir='ltr'><strong>dux,</strong></span> <span class='ocrx_word' id='word_1_881' title='bbox 2954 4754 3206 4815; x_wconf 45' lang='lat' dir='ltr'><strong>animum</strong></span> <span class='ocrx_word' id='word_1_882' title='bbox 3240 4746 3481 4802; x_wconf 82' lang='lat' dir='ltr'><strong>Verbum.</strong></span> <span class='ocrx_word' id='word_1_883' title='bbox 3506 4743 3826 4812; x_wconf 69' lang='lat' dir='ltr'><strong>Strom.vu,</strong></span> <span class='ocrx_word' id='word_1_884' title='bbox 3849 4743 4112 4815; x_wconf 79' lang='lat' dir='ltr'><strong>pag.708.</strong></span> 
     </span>
    </p>
   </div>
   <div class='ocr_carea' id='block_1_117' title="bbox 2609 4813 3488 4884">
    <p class='ocr_par' dir='ltr' id='par_1_117' title="bbox 2609 4813 3488 4884">
     <span class='ocr_line' id='line_1_118' title="bbox 2609 4813 3488 4884; baseline 0.005 -16"><span class='ocrx_word' id='word_1_885' title='bbox 2609 4816 2718 4884; x_wconf 75' lang='grc'>(75)</span> <span class='ocrx_word' id='word_1_886' title='bbox 2758 4819 2856 4884; x_wconf 63' lang='grc' dir='ltr'><strong>ξος</strong></span> <span class='ocrx_word' id='word_1_887' title='bbox 2883 4832 2984 4883; x_wconf 85' lang='grc' dir='ltr'><strong>πρ.</strong></span> <span class='ocrx_word' id='word_1_888' title='bbox 3016 4813 3149 4868; x_wconf 82' lang='lat' dir='ltr'><strong>Nov.</strong></span> <span class='ocrx_word' id='word_1_889' title='bbox 3182 4817 3382 4871; x_wconf 87' lang='lat' dir='ltr'><strong>omittit</strong></span> <span class='ocrx_word' id='word_1_890' title='bbox 3410 4819 3488 4879; x_wconf 81' lang='grc' dir='ltr'><strong>ὃς.</strong></span> 
     </span>
    </p>
   </div>
   <div class='ocr_carea' id='block_1_118' title="bbox 2610 4881 4118 4958">
    <p class='ocr_par' dir='ltr' id='par_1_118' title="bbox 2610 4881 4118 4958">
     <span class='ocr_line' id='line_1_119' title="bbox 2610 4881 4118 4958; baseline -0.003 -20"><span class='ocrx_word' id='word_1_891' title='bbox 2610 4881 2721 4956; x_wconf 68' lang='grc'>(74)</span> <span class='ocrx_word' id='word_1_892' title='bbox 2747 4881 2839 4958; x_wconf 15' lang='grc' dir='ltr'><strong>γτῌ</strong></span> <span class='ocrx_word' id='word_1_893' title='bbox 2869 4881 2949 4949; x_wconf 83' lang='grc' dir='ltr'><strong>τῷ</strong></span> <span class='ocrx_word' id='word_1_894' title='bbox 2970 4885 3179 4958; x_wconf 42' lang='lat' dir='ltr'><strong>gavit}</strong></span> <span class='ocrx_word' id='word_1_895' title='bbox 3210 4885 3629 4958; x_wconf 73' lang='grc' dir='ltr'><strong>ἑνεργοιιμένῳ.</strong></span> <span class='ocrx_word' id='word_1_896' title='bbox 3661 4887 3810 4958; x_wconf 67' lang='grc' dir='ltr'><strong>’ᾘτω</strong></span> <span class='ocrx_word' id='word_1_897' title='bbox 3838 4882 4055 4958; x_wconf 75' lang='grc' dir='ltr'><strong>ἔναυλος</strong></span> <span class='ocrx_word' id='word_1_898' title='bbox 4086 4881 4118 4933; x_wconf 78' lang='grc' dir='ltr'>ὁ</span> 
     </span>
    </p>
   </div>
   <div class='ocr_carea' id='block_1_119' title="bbox 2540 4951 4119 5028">
    <p class='ocr_par' dir='ltr' id='par_1_119' title="bbox 2540 4951 4119 5028">
     <span class='ocr_line' id='line_1_120' title="bbox 2540 4951 4119 5028; baseline -0.005 -18"><span class='ocrx_word' id='word_1_899' title='bbox 2540 4951 2945 5028; x_wconf 61' lang='grc' dir='ltr'><strong>ἐνεργούμενος,</strong></span> <span class='ocrx_word' id='word_1_900' title='bbox 2970 4951 3498 5028; x_wconf 70' lang='grc' dir='ltr'><strong>Νον.;⁷ς;νεργου’μένῃ</strong></span> <span class='ocrx_word' id='word_1_901' title='bbox 3522 4951 3648 5010; x_wconf 89' lang='lat' dir='ltr'><strong>edit.</strong></span> <span class='ocrx_word' id='word_1_902' title='bbox 3669 4953 3841 5015; x_wconf 65' lang='lat' dir='ltr'><strong>Non;</strong></span> <span class='ocrx_word' id='word_1_903' title='bbox 3867 4953 4119 5021; x_wconf 86' lang='grc' dir='ltr'><strong>ἐνεργου-</strong></span> 
     </span>
    </p>
   </div>
   <div class='ocr_carea' id='block_1_120' title="bbox 2543 5025 3486 5109">
    <p class='ocr_par' dir='ltr' id='par_1_120' title="bbox 2543 5025 3486 5109">
     <span class='ocr_line' id='line_1_121' title="bbox 2543 5025 3486 5109; baseline -0.002 -29"><span class='ocrx_word' id='word_1_904' title='bbox 2543 5025 2967 5109; x_wconf 40' lang='lat' dir='ltr'><strong>pe&#39;vl‘Svlbtn-fg,</strong></span> <span class='ocrx_word' id='word_1_905' title='bbox 2995 5025 3255 5109; x_wconf 45' lang='lat' dir='ltr'><strong>njet&#39;t&#39;t‘lose</strong></span> <span class='ocrx_word' id='word_1_906' title='bbox 3275 5025 3486 5109; x_wconf 43' lang='lat' dir='ltr'><strong>pluuia:</strong></span> 
     </span>
    </p>
   </div>
   <div class='ocr_carea' id='block_1_121' title="bbox 2608 5093 3606 5161">
    <p class='ocr_par' dir='ltr' id='par_1_121' title="bbox 2608 5093 3606 5161">
     <span class='ocr_line' id='line_1_122' title="bbox 2608 5093 3606 5161; baseline 0 -14"><span class='ocrx_word' id='word_1_907' title='bbox 2608 5093 2718 5161; x_wconf 80' lang='lat'>(75)</span> <span class='ocrx_word' id='word_1_908' title='bbox 2755 5093 2865 5149; x_wconf 81' lang='grc' dir='ltr'><strong>Τοῦ</strong></span> <span class='ocrx_word' id='word_1_909' title='bbox 2897 5093 3064 5147; x_wconf 84' lang='grc' dir='ltr'><strong>Θεοῦ.</strong></span> <span class='ocrx_word' id='word_1_910' title='bbox 3097 5093 3202 5145; x_wconf 84' lang='grc' dir='ltr'><strong>Τοῦ</strong></span> <span class='ocrx_word' id='word_1_911' title='bbox 3238 5096 3389 5149; x_wconf 83' lang='lat' dir='ltr'><strong>abest</strong></span> <span class='ocrx_word' id='word_1_912' title='bbox 3415 5112 3442 5148; x_wconf 91' lang='lat' dir='ltr'><strong>a</strong></span> <span class='ocrx_word' id='word_1_913' title='bbox 3469 5094 3606 5149; x_wconf 80' lang='lat' dir='ltr'><strong>Nov.</strong></span> 
     </span>
    </p>
   </div>
   <div class='ocr_carea' id='block_1_122' title="bbox 2610 5157 4114 5289">
    <p class='ocr_par' dir='ltr' id='par_1_122' title="bbox 2610 5157 4114 5289">
     <span class='ocr_line' id='line_1_123' title="bbox 2610 5157 4114 5289; baseline -0.001 -72"><span class='ocrx_word' id='word_1_914' title='bbox 2610 5157 3149 5289; x_wconf 51' lang='lat' dir='ltr'><strong>(7g)e‘090a.1_uodc.</strong></span> <span class='ocrx_word' id='word_1_915' title='bbox 3198 5163 3438 5235; x_wconf 84' lang='lat' dir='ltr'><strong>Respicit</strong></span> <span class='ocrx_word' id='word_1_916' title='bbox 3490 5164 3680 5218; x_wconf 82' lang='lat' dir='ltr'><strong>Matth.</strong></span> <span class='ocrx_word' id='word_1_917' title='bbox 3726 5175 3816 5224; x_wconf 69' lang='grc' dir='ltr'><strong>ιι,</strong></span> <span class='ocrx_word' id='word_1_918' title='bbox 3868 5158 3930 5223; x_wconf 84' lang='lat'><strong>5;</strong></span> <span class='ocrx_word' id='word_1_919' title='bbox 3983 5157 4114 5215; x_wconf 91' lang='lat' dir='ltr'><strong>Luc.</strong></span> 
     </span>
     <span class='ocr_line' id='line_1_124' title="bbox 2610 5254 2750 5289; baseline -0.014 0"><span class='ocrx_word' id='word_1_920' title='bbox 2610 5254 2636 5289; x_wconf 91' lang='lat' dir='ltr'><strong>I.</strong></span> <span class='ocrx_word' id='word_1_921' title='bbox 2737 5275 2750 5287; x_wconf 94' lang='lat'><strong>.</strong></span> 
     </span>
    </p>
   </div>
   <div class='ocr_carea' id='block_1_123' title="bbox 2538 5240 2750 5295">
    <p class='ocr_par' dir='ltr' id='par_1_123' title="bbox 2538 5240 2750 5295">
     <span class='ocr_line' id='line_1_125' title="bbox 2538 5240 2750 5295; baseline -0.005 -7"><span class='ocrx_word' id='word_1_922' title='bbox 2538 5252 2636 5295; x_wconf 84' lang='lat' dir='ltr'><strong>vn,</strong></span> <span class='ocrx_word' id='word_1_923' title='bbox 2663 5240 2750 5289; x_wconf 72' lang='lat'><strong>22.</strong></span> 
     </span>
    </p>
   </div>
   <div class='ocr_carea' id='block_1_124' title="bbox 2608 5299 4116 5426">
    <p class='ocr_par' dir='ltr' id='par_1_124' title="bbox 2608 5299 4116 5426">
     <span class='ocr_line' id='line_1_126' title="bbox 2608 5299 4116 5426; baseline -0.003 -69"><span class='ocrx_word' id='word_1_924' title='bbox 2608 5306 2719 5426; x_wconf 61' lang='grc'>(37)</span> <span class='ocrx_word' id='word_1_925' title='bbox 2742 5302 3183 5426; x_wconf 42' lang='grc' dir='ltr'><strong>Φὲλάνθροίπον.</strong></span> <span class='ocrx_word' id='word_1_926' title='bbox 3209 5303 3368 5359; x_wconf 80' lang='lat' dir='ltr'><strong>Conf.</strong></span> <span class='ocrx_word' id='word_1_927' title='bbox 3387 5303 3626 5370; x_wconf 78' lang='lat' dir='ltr'><strong>Paedag.,</strong></span> <span class='ocrx_word' id='word_1_928' title='bbox 3659 5299 3753 5352; x_wconf 91' lang='lat' dir='ltr'><strong>lib.</strong></span> <span class='ocrx_word' id='word_1_929' title='bbox 3782 5314 3821 5363; x_wconf 88' lang='grc' dir='ltr'><strong>ι,</strong></span> <span class='ocrx_word' id='word_1_930' title='bbox 3846 5299 4116 5370; x_wconf 88' lang='lat' dir='ltr'><strong>principio</strong></span> 
     </span>
     <span class='ocr_line' id='line_1_127' title="bbox 2627 5385 3066 5426; baseline 0 0"><span class='ocrx_word' id='word_1_931' title='bbox 2627 5413 2640 5426; x_wconf 86' lang='lat'><strong>.</strong></span> <span class='ocrx_word' id='word_1_932' title='bbox 2664 5419 2677 5426; x_wconf 93' lang='lat'><strong>-</strong></span> <span class='ocrx_word' id='word_1_933' title='bbox 2712 5385 2766 5426; x_wconf 81' lang='lat' dir='ltr'><strong>et</strong></span> <span class='ocrx_word' id='word_1_934' title='bbox 2812 5389 2900 5426; x_wconf 83' lang='lat' dir='ltr'><strong>mc</strong></span> <span class='ocrx_word' id='word_1_935' title='bbox 2933 5388 2982 5424; x_wconf 70' lang='grc' dir='ltr'><strong>(ς.</strong></span> <span class='ocrx_word' id='word_1_936' title='bbox 3051 5412 3066 5426; x_wconf 94' lang='grc'><strong>.</strong></span> 
     </span>
    </p>
   </div>
   <div class='ocr_carea' id='block_1_125' title="bbox 2540 5378 3066 5438">
    <p class='ocr_par' dir='ltr' id='par_1_125' title="bbox 2540 5378 3066 5438">
     <span class='ocr_line' id='line_1_128' title="bbox 2540 5378 3066 5438; baseline -0.008 -8"><span class='ocrx_word' id='word_1_937' title='bbox 2540 5391 2588 5430; x_wconf 90' lang='lat' dir='ltr'><strong>c.</strong></span> <span class='ocrx_word' id='word_1_938' title='bbox 2625 5378 2677 5438; x_wconf 83' lang='lat'><strong>9,</strong></span> <span class='ocrx_word' id='word_1_939' title='bbox 2712 5385 2766 5429; x_wconf 87' lang='lat' dir='ltr'><strong>et</strong></span> <span class='ocrx_word' id='word_1_940' title='bbox 2795 5378 2900 5426; x_wconf 86' lang='lat' dir='ltr'><strong>line</strong></span> <span class='ocrx_word' id='word_1_941' title='bbox 2933 5388 2982 5424; x_wconf 70' lang='grc' dir='ltr'><strong>(ς.</strong></span> <span class='ocrx_word' id='word_1_942' title='bbox 3016 5378 3066 5426; x_wconf 88' lang='grc'>7.</span> 
     </span>
    </p>
   </div>
   <div class='ocr_carea' id='block_1_126' title="bbox 2610 5438 4117 5515">
    <p class='ocr_par' dir='ltr' id='par_1_126' title="bbox 2610 5438 4117 5515">
     <span class='ocr_line' id='line_1_129' title="bbox 2610 5438 4117 5515; baseline -0.005 -16"><span class='ocrx_word' id='word_1_943' title='bbox 2610 5446 2720 5515; x_wconf 87' lang='grc'>(78)</span> <span class='ocrx_word' id='word_1_944' title='bbox 2764 5443 2889 5495; x_wconf 78' lang='grc' dir='ltr'><strong>Ἐπὶ</strong></span> <span class='ocrx_word' id='word_1_945' title='bbox 2918 5442 3128 5515; x_wconf 61' lang='grc' dir='ltr'><strong>μόνης.</strong></span> <span class='ocrx_word' id='word_1_946' title='bbox 3161 5443 3363 5498; x_wconf 87' lang='lat' dir='ltr'><strong>Strom.</strong></span> <span class='ocrx_word' id='word_1_947' title='bbox 3400 5457 3506 5504; x_wconf 77' lang='lat' dir='ltr'><strong>vn,</strong></span> <span class='ocrx_word' id='word_1_948' title='bbox 3549 5455 3671 5510; x_wconf 85' lang='lat' dir='ltr'><strong>pag.</strong></span> <span class='ocrx_word' id='word_1_949' title='bbox 3703 5438 3825 5515; x_wconf 81' lang='lat'>707,</span> <span class='ocrx_word' id='word_1_950' title='bbox 3849 5439 3987 5515; x_wconf 80' lang='lat' dir='ltr'><strong>dicit</strong></span> <span class='ocrx_word' id='word_1_951' title='bbox 4017 5453 4117 5492; x_wconf 92' lang='lat' dir='ltr'><strong>nec</strong></span> 
     </span>
    </p>
   </div>
   <div class='ocr_carea' id='block_1_127' title="bbox 2538 5511 4118 5582">
    <p class='ocr_par' dir='ltr' id='par_1_127' title="bbox 2538 5511 4118 5582">
     <span class='ocr_line' id='line_1_130' title="bbox 2538 5511 4118 5582; baseline -0.006 -13"><span class='ocrx_word' id='word_1_952' title='bbox 2538 5511 2828 5570; x_wconf 71' lang='lat' dir='ltr'><strong>sacriﬁcia.</strong></span> <span class='ocrx_word' id='word_1_953' title='bbox 2865 5528 2962 5565; x_wconf 85' lang='lat' dir='ltr'><strong>nec</strong></span> <span class='ocrx_word' id='word_1_954' title='bbox 2989 5513 3132 5568; x_wconf 85' lang='lat' dir='ltr'><strong>aliud</strong></span> <span class='ocrx_word' id='word_1_955' title='bbox 3168 5515 3482 5582; x_wconf 73' lang='lat' dir='ltr'><strong>quidquam</strong></span> <span class='ocrx_word' id='word_1_956' title='bbox 3505 5526 3650 5564; x_wconf 88' lang='lat' dir='ltr'><strong>nunc</strong></span> <span class='ocrx_word' id='word_1_957' title='bbox 3681 5527 3710 5564; x_wconf 91' lang='lat' dir='ltr'><strong>a</strong></span> <span class='ocrx_word' id='word_1_958' title='bbox 3738 5511 3894 5582; x_wconf 86' lang='lat' dir='ltr'><strong>nobis</strong></span> <span class='ocrx_word' id='word_1_959' title='bbox 3921 5524 4118 5582; x_wconf 58' lang='lat' dir='ltr'><strong>crispe:</strong></span> 
     </span>
    </p>
   </div>
   <div class='ocr_carea' id='block_1_128' title="bbox 2539 5577 4113 5651">
    <p class='ocr_par' dir='ltr' id='par_1_128' title="bbox 2539 5577 4113 5651">
     <span class='ocr_line' id='line_1_131' title="bbox 2539 5577 4113 5651; baseline -0.005 -13"><span class='ocrx_word' id='word_1_960' title='bbox 2539 5586 2694 5645; x_wconf 78' lang='lat' dir='ltr'><strong>clari,</strong></span> <span class='ocrx_word' id='word_1_961' title='bbox 2731 5583 2834 5638; x_wconf 87' lang='lat' dir='ltr'><strong>nisi</strong></span> <span class='ocrx_word' id='word_1_962' title='bbox 2867 5591 2927 5634; x_wconf 90' lang='lat' dir='ltr'><strong>ut</strong></span> <span class='ocrx_word' id='word_1_963' title='bbox 2967 5577 3199 5637; x_wconf 54' lang='lat' dir='ltr'><strong>nosmet</strong></span> <span class='ocrx_word' id='word_1_964' title='bbox 3225 5577 3335 5634; x_wconf 82' lang='lat' dir='ltr'><strong>Deo</strong></span> <span class='ocrx_word' id='word_1_965' title='bbox 3364 5580 3698 5651; x_wconf 82' lang='lat' dir='ltr'><strong>dedicemus,</strong></span> <span class='ocrx_word' id='word_1_966' title='bbox 3723 5581 3872 5651; x_wconf 83' lang='grc' dir='ltr'><strong>Μόνῃ</strong></span> <span class='ocrx_word' id='word_1_967' title='bbox 3907 5579 4016 5649; x_wconf 79' lang='grc' dir='ltr'><strong>γάρ</strong></span> <span class='ocrx_word' id='word_1_968' title='bbox 4047 5577 4113 5647; x_wconf 77' lang='grc' dir='ltr'><strong>τῇ</strong></span> 
     </span>
    </p>
   </div>
   <div class='ocr_carea' id='block_1_129' title="bbox 2537 5650 4115 5726">
    <p class='ocr_par' dir='ltr' id='par_1_129' title="bbox 2537 5650 4115 5726">
     <span class='ocr_line' id='line_1_132' title="bbox 2537 5650 4115 5726; baseline -0.006 -18"><span class='ocrx_word' id='word_1_969' title='bbox 2537 5656 2782 5726; x_wconf 72' lang='grc' dir='ltr'><strong>ἡμετέρᾳ</strong></span> <span class='ocrx_word' id='word_1_970' title='bbox 2808 5653 3089 5726; x_wconf 27' lang='grc' dir='ltr'><strong>Δσωτηρίᾳᾼ</strong></span> <span class='ocrx_word' id='word_1_971' title='bbox 3111 5655 3140 5706; x_wconf 91' lang='lat'><strong>6</strong></span> <span class='ocrx_word' id='word_1_972' title='bbox 3182 5651 3315 5714; x_wconf 82' lang='grc' dir='ltr'><strong>Θεὸς</strong></span> <span class='ocrx_word' id='word_1_973' title='bbox 3350 5650 3566 5720; x_wconf 74' lang='grc' dir='ltr'><strong>ἥδεται.</strong></span> <span class='ocrx_word' id='word_1_974' title='bbox 3598 5651 3725 5706; x_wconf 89' lang='lat' dir='ltr'><strong>Sola</strong></span> <span class='ocrx_word' id='word_1_975' title='bbox 3764 5650 3903 5705; x_wconf 85' lang='lat' dir='ltr'><strong>enim</strong></span> <span class='ocrx_word' id='word_1_976' title='bbox 3932 5657 4115 5702; x_wconf 69' lang='lat' dir='ltr'><strong>nostra</strong></span> 
     </span>
    </p>
   </div>
   <div class='ocr_carea' id='block_1_130' title="bbox 2536 5722 3215 5779">
    <p class='ocr_par' dir='ltr' id='par_1_130' title="bbox 2536 5722 3215 5779">
     <span class='ocr_line' id='line_1_133' title="bbox 2536 5722 3215 5779; baseline -0.007 0"><span class='ocrx_word' id='word_1_977' title='bbox 2536 5722 2720 5779; x_wconf 76' lang='lat' dir='ltr'><strong>salute</strong></span> <span class='ocrx_word' id='word_1_978' title='bbox 2734 5722 3023 5777; x_wconf 84' lang='lat' dir='ltr'><strong>delectatur</strong></span> <span class='ocrx_word' id='word_1_979' title='bbox 3047 5722 3215 5776; x_wconf 77' lang='lat' dir='ltr'><strong>Deus.</strong></span> 
     </span>
    </p>
   </div>
   <div class='ocr_carea' id='block_1_131' title="bbox 2608 5787 4114 5866">
    <p class='ocr_par' dir='ltr' id='par_1_131' title="bbox 2608 5787 4114 5866">
     <span class='ocr_line' id='line_1_134' title="bbox 2608 5787 4114 5866; baseline -0.003 -18"><span class='ocrx_word' id='word_1_980' title='bbox 2608 5796 2718 5865; x_wconf 87' lang='lat'>(79)</span> <span class='ocrx_word' id='word_1_981' title='bbox 2748 5794 3219 5866; x_wconf 59' lang='grc' dir='ltr'><strong>Φιηιᾳνθρωπίαχο</strong></span> <span class='ocrx_word' id='word_1_982' title='bbox 3255 5789 3381 5859; x_wconf 84' lang='grc' dir='ltr'><strong>τῆς.</strong></span> <span class='ocrx_word' id='word_1_983' title='bbox 3413 5791 3823 5866; x_wconf 75' lang='grc' dir='ltr'><strong>Φιλανορωπίαν</strong></span> <span class='ocrx_word' id='word_1_984' title='bbox 3869 5790 3968 5859; x_wconf 73' lang='grc' dir='ltr'><strong>τῆς</strong></span> <span class='ocrx_word' id='word_1_985' title='bbox 4013 5787 4114 5859; x_wconf 75' lang='grc' dir='ltr'><strong>χά-</strong></span> 
     </span>
    </p>
   </div>
   <div class='ocr_carea' id='block_1_132' title="bbox 2540 5858 3287 5938">
    <p class='ocr_par' dir='ltr' id='par_1_132' title="bbox 2540 5858 3287 5938">
     <span class='ocr_line' id='line_1_135' title="bbox 2540 5858 3287 5938; baseline -0.003 -20"><span class='ocrx_word' id='word_1_986' title='bbox 2540 5858 3098 5938; x_wconf 62' lang='grc' dir='ltr'><strong>ριτοςμεταλάμϐανε</strong></span> <span class='ocrx_word' id='word_1_987' title='bbox 3154 5858 3287 5916; x_wconf 73' lang='lat' dir='ltr'><strong>Nov.</strong></span> 
     </span>
    </p>
   </div>
  </div>
