  <div class='ocr_page' id='page_1' title='image "/cluster/home/n/w/nwhite01/storage/ocr_20150623/8/nnc1.0065752333/037.png"; bbox 0 0 4456 6564; ppageno 0'>
   <div class='ocr_carea' id='block_1_1' title="bbox 893 469 4168 542">
    <p class='ocr_par' dir='ltr' id='par_1_1' title="bbox 893 469 4168 542">
     <span class='ocr_line' id='line_1_1' title="bbox 893 469 4168 542; baseline 0.003 -15"><span class='ocrx_word' id='word_1_1' title='bbox 893 469 972 527; x_wconf 66' lang='lat'><em>63</em></span> <span class='ocrx_word' id='word_1_2' title='bbox 2075 473 2468 532; x_wconf 77' lang='lat' dir='ltr'><strong>CLEMEN&#39;I‘IS</strong></span> <span class='ocrx_word' id='word_1_3' title='bbox 2504 472 2974 533; x_wconf 75' lang='lat' dir='ltr'><strong>ALEXANDRINI</strong></span> <span class='ocrx_word' id='word_1_4' title='bbox 4094 482 4168 542; x_wconf 75' lang='grc' dir='ltr'>ω.</span> 
     </span>
    </p>
   </div>
   <div class='ocr_carea' id='block_1_2' title="bbox 903 589 2663 675">
    <p class='ocr_par' dir='ltr' id='par_1_2' title="bbox 903 589 2663 669">
     <span class='ocr_line' id='line_1_2' title="bbox 903 589 2663 669; baseline 0.005 -26"><span class='ocrx_word' id='word_1_5' title='bbox 903 589 1091 645; x_wconf 84' lang='lat' dir='ltr'><strong>mundi</strong></span> <span class='ocrx_word' id='word_1_6' title='bbox 1135 591 1305 648; x_wconf 90' lang='lat' dir='ltr'><strong>vitam</strong></span> <span class='ocrx_word' id='word_1_7' title='bbox 1341 595 1504 652; x_wconf 88' lang='lat' dir='ltr'><strong>nobis</strong></span> <span class='ocrx_word' id='word_1_8' title='bbox 1535 596 1591 652; x_wconf 93' lang='lat' dir='ltr'><strong>in</strong></span> <span class='ocrx_word' id='word_1_9' title='bbox 1618 597 1796 669; x_wconf 89' lang='lat' dir='ltr'><strong>prima</strong></span> <span class='ocrx_word' id='word_1_10' title='bbox 1824 596 2102 654; x_wconf 70' lang='lat' dir='ltr'><strong>creatione</strong></span> <span class='ocrx_word' id='word_1_11' title='bbox 2126 597 2296 660; x_wconf 91' lang='lat' dir='ltr'><strong>dedit,</strong></span> <span class='ocrx_word' id='word_1_12' title='bbox 2344 613 2478 667; x_wconf 62' lang='grc' dir='ltr'>νεαι-</span> <span class='ocrx_word' id='word_1_13' title='bbox 2512 603 2558 658; x_wconf 79' lang='lat' dir='ltr'><strong>A</strong></span> <span class='ocrx_word' id='word_1_14' title='bbox 2587 600 2663 652; x_wconf 76' lang='lat' dir='ltr'><strong>xa‘</strong></span> 
     </span>
    </p>
   </div>
   <div class='ocr_carea' id='block_1_3' title="bbox 2404 589 4164 675">
    <p class='ocr_par' dir='ltr' id='par_1_3' title="bbox 2404 597 4164 675">
     <span class='ocr_line' id='line_1_3' title="bbox 2404 597 4164 675; baseline 0.003 -24"><span class='ocrx_word' id='word_1_15' title='bbox 2404 613 2478 651; x_wconf 68' lang='lat' dir='ltr'><strong>aa-</strong></span> <span class='ocrx_word' id='word_1_16' title='bbox 2512 603 2558 658; x_wconf 77' lang='grc' dir='ltr'><strong>Α</strong></span> <span class='ocrx_word' id='word_1_17' title='bbox 2587 600 2679 652; x_wconf 76' lang='grc' dir='ltr'>καὶ</span> <span class='ocrx_word' id='word_1_18' title='bbox 2727 601 3094 655; x_wconf 83' lang='grc' dir='ltr'>συσσαπῶσιν.</span> <span class='ocrx_word' id='word_1_19' title='bbox 3137 597 3194 651; x_wconf 84' lang='grc' dir='ltr'>Ὀ</span> <span class='ocrx_word' id='word_1_20' title='bbox 3230 598 3359 666; x_wconf 76' lang='grc' dir='ltr'>γοῦν</span> <span class='ocrx_word' id='word_1_21' title='bbox 3394 598 3632 674; x_wconf 74' lang='grc' dir='ltr'>πονηρὸς</span> <span class='ocrx_word' id='word_1_22' title='bbox 3674 601 3858 658; x_wconf 74' lang='grc' dir='ltr'>οὑτοσὶ</span> <span class='ocrx_word' id='word_1_23' title='bbox 3901 601 4164 675; x_wconf 80' lang='grc' dir='ltr'>τύραννος</span> 
     </span>
    </p>
   </div>
   <div class='ocr_carea' id='block_1_4' title="bbox 901 683 2484 760">
    <p class='ocr_par' dir='ltr' id='par_1_4' title="bbox 901 683 2484 760">
     <span class='ocr_line' id='line_1_4' title="bbox 901 683 2484 760; baseline 0.004 -24"><span class='ocrx_word' id='word_1_24' title='bbox 901 683 1138 751; x_wconf 82' lang='lat' dir='ltr'><strong>ceptoris</strong></span> <span class='ocrx_word' id='word_1_25' title='bbox 1169 685 1360 740; x_wconf 87' lang='lat' dir='ltr'><strong>habitu</strong></span> <span class='ocrx_word' id='word_1_26' title='bbox 1392 702 1616 760; x_wconf 88' lang='lat' dir='ltr'><strong>sumpto</strong></span> <span class='ocrx_word' id='word_1_27' title='bbox 1650 691 1789 745; x_wconf 84' lang='lat' dir='ltr'><strong>bene</strong></span> <span class='ocrx_word' id='word_1_28' title='bbox 1821 689 2040 745; x_wconf 75' lang='lat' dir='ltr'><strong>vivendi</strong></span> <span class='ocrx_word' id='word_1_29' title='bbox 2077 689 2343 744; x_wconf 90' lang='lat' dir='ltr'><strong>rationem</strong></span> <span class='ocrx_word' id='word_1_30' title='bbox 2383 705 2484 743; x_wconf 89' lang='lat' dir='ltr'><strong>nos</strong></span> 
     </span>
    </p>
   </div>
   <div class='ocr_carea' id='block_1_5' title="bbox 901 772 2486 848">
    <p class='ocr_par' dir='ltr' id='par_1_5' title="bbox 901 772 2486 848">
     <span class='ocr_line' id='line_1_5' title="bbox 901 772 2486 848; baseline 0.001 -24"><span class='ocrx_word' id='word_1_31' title='bbox 901 772 1110 840; x_wconf 95' lang='lat' dir='ltr'><strong>docuit,</strong></span> <span class='ocrx_word' id='word_1_32' title='bbox 1133 783 1192 828; x_wconf 93' lang='lat' dir='ltr'><strong>ut</strong></span> <span class='ocrx_word' id='word_1_33' title='bbox 1219 785 1406 844; x_wconf 88' lang='lat' dir='ltr'><strong>postea</strong></span> <span class='ocrx_word' id='word_1_34' title='bbox 1444 789 1699 848; x_wconf 87' lang='lat' dir='ltr'><strong>tanquam</strong></span> <span class='ocrx_word' id='word_1_35' title='bbox 1725 776 1871 833; x_wconf 83' lang='lat' dir='ltr'><strong>Deus</strong></span> <span class='ocrx_word' id='word_1_36' title='bbox 1899 787 2155 832; x_wconf 66' lang='lat' dir='ltr'><strong>aeternam</strong></span> <span class='ocrx_word' id='word_1_37' title='bbox 2186 777 2352 828; x_wconf 87' lang='lat' dir='ltr'><strong>vitam</strong></span> <span class='ocrx_word' id='word_1_38' title='bbox 2378 775 2486 826; x_wconf 86' lang='lat' dir='ltr'><strong>lar-</strong></span> 
     </span>
    </p>
   </div>
   <div class='ocr_carea' id='block_1_6' title="bbox 899 861 2482 937">
    <p class='ocr_par' dir='ltr' id='par_1_6' title="bbox 899 861 2482 937">
     <span class='ocr_line' id='line_1_6' title="bbox 899 861 2482 937; baseline 0.001 -24"><span class='ocrx_word' id='word_1_39' title='bbox 899 862 1107 933; x_wconf 77' lang='lat' dir='ltr'><strong>giatur.</strong></span> <span class='ocrx_word' id='word_1_40' title='bbox 1146 861 1198 917; x_wconf 91' lang='lat' dir='ltr'><strong>Is</strong></span> <span class='ocrx_word' id='word_1_41' title='bbox 1227 882 1359 922; x_wconf 92' lang='lat' dir='ltr'><strong>vero</strong></span> <span class='ocrx_word' id='word_1_42' title='bbox 1391 884 1497 922; x_wconf 91' lang='lat' dir='ltr'><strong>non</strong></span> <span class='ocrx_word' id='word_1_43' title='bbox 1521 876 1606 922; x_wconf 91' lang='lat' dir='ltr'><strong>cst</strong></span> <span class='ocrx_word' id='word_1_44' title='bbox 1630 883 1777 922; x_wconf 91' lang='lat' dir='ltr'><strong>nunc</strong></span> <span class='ocrx_word' id='word_1_45' title='bbox 1809 869 2049 937; x_wconf 86' lang='lat' dir='ltr'><strong>primum</strong></span> <span class='ocrx_word' id='word_1_46' title='bbox 2079 867 2282 923; x_wconf 91' lang='lat' dir='ltr'><strong>erroris</strong></span> <span class='ocrx_word' id='word_1_47' title='bbox 2309 865 2482 918; x_wconf 79' lang='lat' dir='ltr'><strong>nostri</strong></span> 
     </span>
    </p>
   </div>
   <div class='ocr_carea' id='block_1_7' title="bbox 901 953 2482 1027">
    <p class='ocr_par' dir='ltr' id='par_1_7' title="bbox 901 953 2482 1027">
     <span class='ocr_line' id='line_1_7' title="bbox 901 953 2482 1027; baseline 0.003 -23"><span class='ocrx_word' id='word_1_48' title='bbox 901 953 1185 1017; x_wconf 82' lang='lat' dir='ltr'><strong>misertus.</strong></span> <span class='ocrx_word' id='word_1_49' title='bbox 1216 959 1309 1012; x_wconf 87' lang='lat' dir='ltr'><strong>sed</strong></span> <span class='ocrx_word' id='word_1_50' title='bbox 1343 958 1471 1012; x_wconf 91' lang='lat' dir='ltr'><strong>olim</strong></span> <span class='ocrx_word' id='word_1_51' title='bbox 1505 974 1536 1012; x_wconf 92' lang='lat' dir='ltr'><strong>a</strong></span> <span class='ocrx_word' id='word_1_52' title='bbox 1585 958 1857 1027; x_wconf 91' lang='lat' dir='ltr'><strong>principio</strong></span> <span class='ocrx_word' id='word_1_53' title='bbox 1904 960 2125 1025; x_wconf 90' lang='lat' dir='ltr'><strong>mundi;</strong></span> <span class='ocrx_word' id='word_1_54' title='bbox 2179 973 2323 1012; x_wconf 90' lang='lat' dir='ltr'><strong>nunc</strong></span> <span class='ocrx_word' id='word_1_55' title='bbox 2355 970 2482 1009; x_wconf 85' lang='lat' dir='ltr'><strong>vero</strong></span> 
     </span>
    </p>
   </div>
   <div class='ocr_carea' id='block_1_8' title="bbox 896 1047 2483 1119">
    <p class='ocr_par' dir='ltr' id='par_1_8' title="bbox 896 1047 2483 1119">
     <span class='ocr_line' id='line_1_8' title="bbox 896 1047 2483 1119; baseline 0.002 -23"><span class='ocrx_word' id='word_1_56' title='bbox 896 1047 1123 1101; x_wconf 77' lang='lat' dir='ltr'><strong>tandem</strong></span> <span class='ocrx_word' id='word_1_57' title='bbox 1148 1065 1437 1118; x_wconf 81' lang='lat' dir='ltr'><strong>apparens,</strong></span> <span class='ocrx_word' id='word_1_58' title='bbox 1469 1048 1745 1119; x_wconf 84' lang='lat' dir='ltr'><strong>perituros</strong></span> <span class='ocrx_word' id='word_1_59' title='bbox 1776 1067 1842 1105; x_wconf 83' lang='lat' dir='ltr'><strong>ex</strong></span> <span class='ocrx_word' id='word_1_60' title='bbox 1875 1051 2127 1106; x_wconf 80' lang='lat' dir='ltr'><strong>faucibus</strong></span> <span class='ocrx_word' id='word_1_61' title='bbox 2159 1049 2306 1103; x_wconf 78' lang='lat' dir='ltr'><strong>exitii</strong></span> <span class='ocrx_word' id='word_1_62' title='bbox 2345 1047 2483 1099; x_wconf 79' lang='lat' dir='ltr'><strong>lihe-</strong></span> 
     </span>
    </p>
   </div>
   <div class='ocr_carea' id='block_1_9' title="bbox 897 1139 2484 1213">
    <p class='ocr_par' dir='ltr' id='par_1_9' title="bbox 897 1139 2484 1213">
     <span class='ocr_line' id='line_1_9' title="bbox 897 1139 2484 1213; baseline -0.002 -19"><span class='ocrx_word' id='word_1_63' title='bbox 897 1139 1068 1194; x_wconf 73' lang='lat' dir='ltr'><strong>ravit.</strong></span> <span class='ocrx_word' id='word_1_64' title='bbox 1107 1139 1239 1193; x_wconf 84' lang='lat' dir='ltr'><strong>Nam</strong></span> <span class='ocrx_word' id='word_1_65' title='bbox 1271 1142 1324 1194; x_wconf 90' lang='lat' dir='ltr'><strong>in</strong></span> <span class='ocrx_word' id='word_1_66' title='bbox 1357 1141 1505 1195; x_wconf 89' lang='lat' dir='ltr'><strong>hunc</strong></span> <span class='ocrx_word' id='word_1_67' title='bbox 1543 1157 1719 1211; x_wconf 89' lang='lat' dir='ltr'><strong>usque</strong></span> <span class='ocrx_word' id='word_1_68' title='bbox 1749 1144 1890 1197; x_wconf 87' lang='lat' dir='ltr'><strong>diem</strong></span> <span class='ocrx_word' id='word_1_69' title='bbox 1929 1144 2200 1213; x_wconf 90' lang='lat' dir='ltr'><strong>malignus</strong></span> <span class='ocrx_word' id='word_1_70' title='bbox 2243 1140 2332 1193; x_wconf 87' lang='lat' dir='ltr'><strong>ille</strong></span> <span class='ocrx_word' id='word_1_71' title='bbox 2367 1153 2484 1193; x_wconf 89' lang='lat' dir='ltr'><strong>ser-</strong></span> 
     </span>
    </p>
   </div>
   <div class='ocr_carea' id='block_1_10' title="bbox 898 1231 2482 1303">
    <p class='ocr_par' dir='ltr' id='par_1_10' title="bbox 898 1231 2482 1303">
     <span class='ocr_line' id='line_1_10' title="bbox 898 1231 2482 1303; baseline -0.001 -21"><span class='ocrx_word' id='word_1_72' title='bbox 898 1243 1038 1298; x_wconf 73' lang='lat' dir='ltr'><strong>pens</strong></span> <span class='ocrx_word' id='word_1_73' title='bbox 1081 1231 1380 1284; x_wconf 92' lang='lat' dir='ltr'><strong>humanum</strong></span> <span class='ocrx_word' id='word_1_74' title='bbox 1428 1247 1602 1301; x_wconf 90' lang='lat' dir='ltr'><strong>genus</strong></span> <span class='ocrx_word' id='word_1_75' title='bbox 1642 1234 1933 1303; x_wconf 72' lang='lat' dir='ltr'><strong>przestigiis</strong></span> <span class='ocrx_word' id='word_1_76' title='bbox 1963 1233 2079 1287; x_wconf 89' lang='lat' dir='ltr'><strong>suis</strong></span> <span class='ocrx_word' id='word_1_77' title='bbox 2117 1232 2167 1284; x_wconf 92' lang='lat' dir='ltr'><strong>in</strong></span> <span class='ocrx_word' id='word_1_78' title='bbox 2199 1239 2482 1282; x_wconf 84' lang='lat' dir='ltr'><strong>contume-</strong></span> 
     </span>
    </p>
   </div>
   <div class='ocr_carea' id='block_1_11' title="bbox 902 1318 2484 1389">
    <p class='ocr_par' dir='ltr' id='par_1_11' title="bbox 902 1318 2484 1389">
     <span class='ocr_line' id='line_1_11' title="bbox 902 1318 2484 1389; baseline 0.002 -18"><span class='ocrx_word' id='word_1_79' title='bbox 902 1318 1098 1374; x_wconf 86' lang='lat' dir='ltr'><strong>liosam</strong></span> <span class='ocrx_word' id='word_1_80' title='bbox 1148 1331 1201 1374; x_wconf 87' lang='lat' dir='ltr'><strong>et</strong></span> <span class='ocrx_word' id='word_1_81' title='bbox 1253 1322 1513 1377; x_wconf 86' lang='lat' dir='ltr'><strong>miseram</strong></span> <span class='ocrx_word' id='word_1_82' title='bbox 1546 1326 1862 1378; x_wconf 84' lang='lat' dir='ltr'><strong>servitutem</strong></span> <span class='ocrx_word' id='word_1_83' title='bbox 1921 1324 2173 1388; x_wconf 87' lang='lat' dir='ltr'><strong>abducit;</strong></span> <span class='ocrx_word' id='word_1_84' title='bbox 2226 1321 2484 1389; x_wconf 66' lang='lat' dir='ltr'><strong>Stcvitque</strong></span> 
     </span>
    </p>
   </div>
   <div class='ocr_carea' id='block_1_12' title="bbox 904 1408 2484 1482">
    <p class='ocr_par' dir='ltr' id='par_1_12' title="bbox 904 1408 2484 1482">
     <span class='ocr_line' id='line_1_12' title="bbox 904 1408 2484 1482; baseline 0.003 -20"><span class='ocrx_word' id='word_1_85' title='bbox 904 1408 961 1463; x_wconf 88' lang='lat' dir='ltr'><strong>in</strong></span> <span class='ocrx_word' id='word_1_86' title='bbox 984 1425 1102 1470; x_wconf 90' lang='lat' dir='ltr'><strong>eos.</strong></span> <span class='ocrx_word' id='word_1_87' title='bbox 1137 1421 1198 1466; x_wconf 89' lang='lat' dir='ltr'><strong>ut</strong></span> <span class='ocrx_word' id='word_1_88' title='bbox 1227 1413 1303 1467; x_wconf 87' lang='lat' dir='ltr'><strong>ita</strong></span> <span class='ocrx_word' id='word_1_89' title='bbox 1337 1413 1539 1478; x_wconf 85' lang='lat' dir='ltr'><strong>dicam,</strong></span> <span class='ocrx_word' id='word_1_90' title='bbox 1567 1415 1926 1467; x_wconf 85' lang='lat' dir='ltr'><strong>barbarorum</strong></span> <span class='ocrx_word' id='word_1_91' title='bbox 1967 1414 2098 1478; x_wconf 87' lang='lat' dir='ltr'><strong>ritu,</strong></span> <span class='ocrx_word' id='word_1_92' title='bbox 2121 1412 2216 1482; x_wconf 87' lang='lat' dir='ltr'><strong>qui</strong></span> <span class='ocrx_word' id='word_1_93' title='bbox 2239 1411 2484 1481; x_wconf 81' lang='lat' dir='ltr'><strong>captivos</strong></span> 
     </span>
    </p>
   </div>
   <div class='ocr_carea' id='block_1_13' title="bbox 898 1505 2484 1574">
    <p class='ocr_par' dir='ltr' id='par_1_13' title="bbox 898 1505 2484 1574">
     <span class='ocr_line' id='line_1_13' title="bbox 898 1505 2484 1574; baseline 0.001 -18"><span class='ocrx_word' id='word_1_94' title='bbox 898 1517 1039 1562; x_wconf 70' lang='lat' dir='ltr'><strong>suos</strong></span> <span class='ocrx_word' id='word_1_95' title='bbox 1063 1513 1404 1559; x_wconf 88' lang='lat' dir='ltr'><strong>mortuorum</strong></span> <span class='ocrx_word' id='word_1_96' title='bbox 1424 1505 1802 1568; x_wconf 87' lang='lat' dir='ltr'><strong>cadaveribus,</strong></span> <span class='ocrx_word' id='word_1_97' title='bbox 1821 1506 1997 1560; x_wconf 88' lang='lat' dir='ltr'><strong>donec</strong></span> <span class='ocrx_word' id='word_1_98' title='bbox 2021 1521 2128 1558; x_wconf 92' lang='lat' dir='ltr'><strong>una</strong></span> <span class='ocrx_word' id='word_1_99' title='bbox 2147 1513 2484 1574; x_wconf 88' lang='lat' dir='ltr'><strong>putrescant,</strong></span> 
     </span>
    </p>
   </div>
   <div class='ocr_carea' id='block_1_14' title="bbox 904 1595 2484 1667">
    <p class='ocr_par' dir='ltr' id='par_1_14' title="bbox 904 1595 2484 1667">
     <span class='ocr_line' id='line_1_14' title="bbox 904 1595 2484 1667; baseline 0 -17"><span class='ocrx_word' id='word_1_100' title='bbox 904 1595 1132 1664; x_wconf 78' lang='lat' dir='ltr'><strong>alligare</strong></span> <span class='ocrx_word' id='word_1_101' title='bbox 1159 1597 1430 1651; x_wconf 86' lang='lat' dir='ltr'><strong>feruntur.</strong></span> <span class='ocrx_word' id='word_1_102' title='bbox 1463 1597 1602 1650; x_wconf 91' lang='lat' dir='ltr'><strong>Dum</strong></span> <span class='ocrx_word' id='word_1_103' title='bbox 1639 1597 1788 1650; x_wconf 91' lang='lat' dir='ltr'><strong>enim</strong></span> <span class='ocrx_word' id='word_1_104' title='bbox 1818 1613 2180 1667; x_wconf 89' lang='lat' dir='ltr'><strong>quoscunque</strong></span> <span class='ocrx_word' id='word_1_105' title='bbox 2214 1613 2243 1650; x_wconf 88' lang='lat' dir='ltr'><strong>a</strong></span> <span class='ocrx_word' id='word_1_106' title='bbox 2273 1597 2356 1652; x_wconf 90' lang='lat' dir='ltr'><strong>sui</strong></span> <span class='ocrx_word' id='word_1_107' title='bbox 2389 1613 2484 1650; x_wconf 90' lang='lat' dir='ltr'><strong>or-</strong></span> 
     </span>
    </p>
   </div>
   <div class='ocr_carea' id='block_1_15' title="bbox 900 1687 2489 1760">
    <p class='ocr_par' dir='ltr' id='par_1_15' title="bbox 900 1687 2489 1760">
     <span class='ocr_line' id='line_1_15' title="bbox 900 1687 2489 1760; baseline 0.003 -21"><span class='ocrx_word' id='word_1_108' title='bbox 900 1696 998 1740; x_wconf 80' lang='lat' dir='ltr'><strong>tus</strong></span> <span class='ocrx_word' id='word_1_109' title='bbox 1027 1687 1296 1756; x_wconf 90' lang='lat' dir='ltr'><strong>principio</strong></span> <span class='ocrx_word' id='word_1_110' title='bbox 1320 1689 1388 1742; x_wconf 91' lang='lat' dir='ltr'><strong>ad</strong></span> <span class='ocrx_word' id='word_1_111' title='bbox 1429 1689 1682 1758; x_wconf 89' lang='lat' dir='ltr'><strong>pr0prias</strong></span> <span class='ocrx_word' id='word_1_112' title='bbox 1711 1690 1931 1744; x_wconf 85' lang='lat' dir='ltr'><strong>trahere</strong></span> <span class='ocrx_word' id='word_1_113' title='bbox 1961 1698 2141 1760; x_wconf 85' lang='lat' dir='ltr'><strong>partes</strong></span> <span class='ocrx_word' id='word_1_114' title='bbox 2169 1691 2332 1756; x_wconf 86' lang='lat' dir='ltr'><strong>valet,</strong></span> <span class='ocrx_word' id='word_1_115' title='bbox 2360 1705 2489 1743; x_wconf 87' lang='lat' dir='ltr'><strong>cru-</strong></span> 
     </span>
    </p>
   </div>
   <div class='ocr_carea' id='block_1_16' title="bbox 2588 686 4162 766">
    <p class='ocr_par' dir='ltr' id='par_1_16' title="bbox 2588 686 4162 766">
     <span class='ocr_line' id='line_1_16' title="bbox 2588 686 4162 766; baseline -0.006 -18"><span class='ocrx_word' id='word_1_116' title='bbox 2588 695 2681 748; x_wconf 78' lang='grc' dir='ltr'>καὶ</span> <span class='ocrx_word' id='word_1_117' title='bbox 2712 695 2949 765; x_wconf 86' lang='grc' dir='ltr'>δράκων,</span> <span class='ocrx_word' id='word_1_118' title='bbox 2993 693 3086 756; x_wconf 79' lang='grc' dir='ltr'>οὓς</span> <span class='ocrx_word' id='word_1_119' title='bbox 3118 691 3182 746; x_wconf 75' lang='grc' dir='ltr'>ἂν</span> <span class='ocrx_word' id='word_1_120' title='bbox 3231 686 3342 753; x_wconf 74' lang='grc' dir='ltr'>οἷός</span> <span class='ocrx_word' id='word_1_121' title='bbox 3373 707 3433 742; x_wconf 85' lang='grc' dir='ltr'><strong>τε</strong></span> <span class='ocrx_word' id='word_1_122' title='bbox 3471 692 3557 763; x_wconf 84' lang='grc' dir='ltr'>εῐη</span> <span class='ocrx_word' id='word_1_123' title='bbox 3610 695 3676 749; x_wconf 83' lang='grc' dir='ltr'><strong>ἐκ</strong></span> <span class='ocrx_word' id='word_1_124' title='bbox 3712 695 3937 766; x_wconf 82' lang='grc' dir='ltr'>γενετῆς</span> <span class='ocrx_word' id='word_1_125' title='bbox 3971 713 4162 765; x_wconf 51' lang='lat' dir='ltr'><strong>separe.</strong></span> 
     </span>
    </p>
   </div>
   <div class='ocr_carea' id='block_1_17' title="bbox 2587 781 4164 858">
    <p class='ocr_par' dir='ltr' id='par_1_17' title="bbox 2587 781 4164 858">
     <span class='ocr_line' id='line_1_17' title="bbox 2587 781 4164 858; baseline 0.002 -21"><span class='ocrx_word' id='word_1_126' title='bbox 2587 785 2859 856; x_wconf 88' lang='grc' dir='ltr'>ρίσασθαι,</span> <span class='ocrx_word' id='word_1_127' title='bbox 2881 785 3068 849; x_wconf 79' lang='grc' dir='ltr'><strong>λίθοις,</strong></span> <span class='ocrx_word' id='word_1_128' title='bbox 3101 784 3194 838; x_wconf 77' lang='grc' dir='ltr'>καὶ</span> <span class='ocrx_word' id='word_1_129' title='bbox 3216 781 3412 848; x_wconf 79' lang='grc' dir='ltr'><strong>ξύλοις,</strong></span> <span class='ocrx_word' id='word_1_130' title='bbox 3437 783 3531 834; x_wconf 82' lang='grc' dir='ltr'>καὶ</span> <span class='ocrx_word' id='word_1_131' title='bbox 3559 785 3858 858; x_wconf 82' lang='grc' dir='ltr'>ἀγάλμασι,</span> <span class='ocrx_word' id='word_1_132' title='bbox 3881 789 3973 842; x_wconf 83' lang='grc' dir='ltr'>καὶ</span> <span class='ocrx_word' id='word_1_133' title='bbox 3990 788 4164 841; x_wconf 83' lang='grc' dir='ltr'>τοιού-</span> 
     </span>
    </p>
   </div>
   <div class='ocr_carea' id='block_1_18' title="bbox 2583 871 4163 950">
    <p class='ocr_par' dir='ltr' id='par_1_18' title="bbox 2583 871 4163 950">
     <span class='ocr_line' id='line_1_18' title="bbox 2583 871 4163 950; baseline 0.001 -21"><span class='ocrx_word' id='word_1_134' title='bbox 2583 895 2699 940; x_wconf 92' lang='grc' dir='ltr'>τοις</span> <span class='ocrx_word' id='word_1_135' title='bbox 2753 879 2895 931; x_wconf 75' lang='grc' dir='ltr'>τισὶν</span> <span class='ocrx_word' id='word_1_136' title='bbox 2946 877 3182 940; x_wconf 75' lang='grc' dir='ltr'><strong>εἰδώλοις</strong></span> <span class='ocrx_word' id='word_1_137' title='bbox 3216 871 3552 945; x_wconf 80' lang='grc' dir='ltr'>προσφίγξας</span> <span class='ocrx_word' id='word_1_138' title='bbox 3607 877 3689 947; x_wconf 83' lang='grc' dir='ltr'>τῷ</span> <span class='ocrx_word' id='word_1_139' title='bbox 3743 879 4163 950; x_wconf 73' lang='grc' dir='ltr'><strong>δεισιδαιμονίας</strong></span> 
     </span>
    </p>
   </div>
   <div class='ocr_carea' id='block_1_19' title="bbox 2584 963 4164 1040">
    <p class='ocr_par' dir='ltr' id='par_1_19' title="bbox 2584 963 4164 1040">
     <span class='ocr_line' id='line_1_19' title="bbox 2584 963 4164 1040; baseline 0.003 -20"><span class='ocrx_word' id='word_1_140' title='bbox 2584 968 2754 1040; x_wconf 82' lang='grc' dir='ltr'>ἀθλίῳ</span> <span class='ocrx_word' id='word_1_141' title='bbox 2787 969 2969 1040; x_wconf 80' lang='grc' dir='ltr'><strong>δεσμῷ</strong></span> <span class='ocrx_word' id='word_1_142' title='bbox 2987 1009 3004 1033; x_wconf 94' lang='grc'><strong>,</strong></span> <span class='ocrx_word' id='word_1_143' title='bbox 3025 970 3180 1024; x_wconf 82' lang='grc' dir='ltr'>τοῦτο</span> <span class='ocrx_word' id='word_1_144' title='bbox 3208 967 3271 1038; x_wconf 79' lang='grc' dir='ltr'>δὴ</span> <span class='ocrx_word' id='word_1_145' title='bbox 3297 965 3358 1018; x_wconf 75' lang='grc' dir='ltr'>τὸ</span> <span class='ocrx_word' id='word_1_146' title='bbox 3395 963 3708 1033; x_wconf 87' lang='grc' dir='ltr'>λεγόμενον,</span> <span class='ocrx_word' id='word_1_147' title='bbox 3738 970 3944 1035; x_wconf 80' lang='grc' dir='ltr'>ζῶντας</span> <span class='ocrx_word' id='word_1_148' title='bbox 3974 970 4164 1037; x_wconf 78' lang='grc' dir='ltr'>ἐπιφέ-</span> 
     </span>
    </p>
   </div>
   <div class='ocr_carea' id='block_1_20' title="bbox 2587 1055 4162 1135">
    <p class='ocr_par' dir='ltr' id='par_1_20' title="bbox 2587 1055 4162 1135">
     <span class='ocr_line' id='line_1_20' title="bbox 2587 1055 4162 1135; baseline 0.004 -25"><span class='ocrx_word' id='word_1_149' title='bbox 2587 1075 2696 1128; x_wconf 91' lang='grc' dir='ltr'><strong>ρων</strong></span> <span class='ocrx_word' id='word_1_150' title='bbox 2745 1062 3040 1131; x_wconf 71' lang='grc' dir='ltr'>συνέθαψε-,ν</span> <span class='ocrx_word' id='word_1_151' title='bbox 3072 1063 3253 1120; x_wconf 85' lang='grc' dir='ltr'>αὐτοῖς</span> <span class='ocrx_word' id='word_1_152' title='bbox 3286 1057 3415 1126; x_wconf 80' lang='lat'><strong>(87),</strong></span> <span class='ocrx_word' id='word_1_153' title='bbox 3452 1056 3561 1108; x_wconf 80' lang='grc' dir='ltr'><strong>ἔστ’</strong></span> <span class='ocrx_word' id='word_1_154' title='bbox 3592 1055 3659 1108; x_wconf 72' lang='grc' dir='ltr'>ἂν</span> <span class='ocrx_word' id='word_1_155' title='bbox 3692 1062 3787 1115; x_wconf 71' lang='grc' dir='ltr'>καὶ</span> <span class='ocrx_word' id='word_1_156' title='bbox 3827 1062 4162 1135; x_wconf 81' lang='grc' dir='ltr'>συμφθαρῶ-</span> 
     </span>
    </p>
   </div>
   <div class='ocr_carea' id='block_1_21' title="bbox 2586 1145 4162 1224">
    <p class='ocr_par' dir='ltr' id='par_1_21' title="bbox 2586 1145 4162 1224">
     <span class='ocr_line' id='line_1_21' title="bbox 2586 1145 4162 1224; baseline 0.003 -24"><span class='ocrx_word' id='word_1_157' title='bbox 2586 1166 2690 1201; x_wconf 87' lang='grc' dir='ltr'>σιν·</span> <span class='ocrx_word' id='word_1_158' title='bbox 2715 1147 2775 1202; x_wconf 72' lang='grc' dir='ltr'>οὗ</span> <span class='ocrx_word' id='word_1_159' title='bbox 2796 1152 2860 1223; x_wconf 84' lang='grc' dir='ltr'>δὴ</span> <span class='ocrx_word' id='word_1_160' title='bbox 2881 1154 3041 1223; x_wconf 82' lang='grc' dir='ltr'>χάριν</span> <span class='ocrx_word' id='word_1_161' title='bbox 3085 1153 3194 1224; x_wconf 82' lang='grc'><strong>(88)</strong></span> <span class='ocrx_word' id='word_1_162' title='bbox 3229 1145 3326 1220; x_wconf 77' lang='grc' dir='ltr'>(εἷς</span> <span class='ocrx_word' id='word_1_163' title='bbox 3359 1146 3510 1217; x_wconf 85' lang='grc' dir='ltr'>γὰρὸ</span> <span class='ocrx_word' id='word_1_164' title='bbox 3541 1146 3816 1217; x_wconf 82' lang='grc' dir='ltr'><strong>ἀπατεὼν)</strong></span> <span class='ocrx_word' id='word_1_165' title='bbox 3838 1152 4041 1205; x_wconf 80' lang='grc' dir='ltr'>ἄνωθεν</span> <span class='ocrx_word' id='word_1_166' title='bbox 4065 1152 4162 1224; x_wconf 80' lang='grc' dir='ltr'>μὲν</span> 
     </span>
    </p>
   </div>
   <div class='ocr_carea' id='block_1_22' title="bbox 2583 1237 4164 1316">
    <p class='ocr_par' dir='ltr' id='par_1_22' title="bbox 2583 1237 4164 1316">
     <span class='ocr_line' id='line_1_22' title="bbox 2583 1237 4164 1316; baseline 0.011 -26"><span class='ocrx_word' id='word_1_167' title='bbox 2583 1239 2680 1310; x_wconf 79' lang='grc' dir='ltr'>τὴν</span> <span class='ocrx_word' id='word_1_168' title='bbox 2708 1241 2874 1306; x_wconf 78' lang='grc' dir='ltr'>Εὕαν,</span> <span class='ocrx_word' id='word_1_169' title='bbox 2904 1244 3000 1298; x_wconf 83' lang='grc' dir='ltr'>νῦν</span> <span class='ocrx_word' id='word_1_170' title='bbox 3025 1246 3082 1297; x_wconf 87' lang='grc' dir='ltr'><strong>δέ</strong></span> <span class='ocrx_word' id='word_1_171' title='bbox 3114 1245 3213 1316; x_wconf 70' lang='grc' dir='ltr'>ήδη</span> <span class='ocrx_word' id='word_1_172' title='bbox 3249 1238 3485 1300; x_wconf 77' lang='grc' dir='ltr'>καὶτοὺς</span> <span class='ocrx_word' id='word_1_173' title='bbox 3513 1237 3707 1300; x_wconf 80' lang='grc' dir='ltr'>ἄλλους</span> <span class='ocrx_word' id='word_1_174' title='bbox 3737 1239 4059 1310; x_wconf 74' lang='grc' dir='ltr'><strong>ἀνθρώπους</strong></span> <span class='ocrx_word' id='word_1_175' title='bbox 4081 1245 4164 1306; x_wconf 71' lang='grc' dir='ltr'><strong>εἰς</strong></span> 
     </span>
    </p>
   </div>
   <div class='ocr_carea' id='block_1_23' title="bbox 2585 1329 4167 1408">
    <p class='ocr_par' dir='ltr' id='par_1_23' title="bbox 2585 1329 4167 1408">
     <span class='ocr_line' id='line_1_23' title="bbox 2585 1329 4167 1408; baseline -0.005 -24"><span class='ocrx_word' id='word_1_176' title='bbox 2585 1331 2814 1386; x_wconf 89' lang='grc' dir='ltr'>θάνατον</span> <span class='ocrx_word' id='word_1_177' title='bbox 2842 1336 3150 1408; x_wconf 79' lang='grc' dir='ltr'><strong>ὑποφέρων·</strong></span> <span class='ocrx_word' id='word_1_178' title='bbox 3175 1331 3255 1398; x_wconf 78' lang='grc' dir='ltr'>εἷς</span> <span class='ocrx_word' id='word_1_179' title='bbox 3282 1333 3374 1386; x_wconf 65' lang='grc' dir='ltr'><strong>καὶ⁸</strong></span> <span class='ocrx_word' id='word_1_180' title='bbox 3400 1329 3563 1392; x_wconf 79' lang='grc' dir='ltr'>αὐτὸς</span> <span class='ocrx_word' id='word_1_181' title='bbox 3594 1330 3887 1401; x_wconf 77' lang='grc' dir='ltr'>ἐπίκουρος</span> <span class='ocrx_word' id='word_1_182' title='bbox 3918 1335 4013 1387; x_wconf 74' lang='grc' dir='ltr'>καὶ</span> <span class='ocrx_word' id='word_1_183' title='bbox 4045 1335 4167 1405; x_wconf 83' lang='grc' dir='ltr'>βοη.</span> 
     </span>
    </p>
   </div>
   <div class='ocr_carea' id='block_1_24' title="bbox 2586 1422 4165 1500">
    <p class='ocr_par' dir='ltr' id='par_1_24' title="bbox 2586 1422 4165 1500">
     <span class='ocr_line' id='line_1_24' title="bbox 2586 1422 4165 1500; baseline 0 -23"><span class='ocrx_word' id='word_1_184' title='bbox 2586 1424 2676 1489; x_wconf 84' lang='grc' dir='ltr'>θὸς</span> <span class='ocrx_word' id='word_1_185' title='bbox 2709 1426 2840 1495; x_wconf 70' lang='grc' dir='ltr'>ἡμῖν</span> <span class='ocrx_word' id='word_1_186' title='bbox 2871 1429 2900 1478; x_wconf 94' lang='lat'><strong>6</strong></span> <span class='ocrx_word' id='word_1_187' title='bbox 2929 1429 3154 1500; x_wconf 84' lang='grc' dir='ltr'>Κύριος,</span> <span class='ocrx_word' id='word_1_188' title='bbox 3190 1424 3550 1498; x_wconf 84' lang='grc' dir='ltr'>προσμηνύων</span> <span class='ocrx_word' id='word_1_189' title='bbox 3591 1423 3700 1494; x_wconf 88' lang='lat'><strong>(89)</strong></span> <span class='ocrx_word' id='word_1_190' title='bbox 3743 1422 3981 1496; x_wconf 81' lang='grc' dir='ltr'><strong>ἀρχῆθεν</strong></span> <span class='ocrx_word' id='word_1_191' title='bbox 4025 1441 4165 1496; x_wconf 83' lang='grc' dir='ltr'>προ-</span> 
     </span>
    </p>
   </div>
   <div class='ocr_carea' id='block_1_25' title="bbox 2588 1512 4169 1591">
    <p class='ocr_par' dir='ltr' id='par_1_25' title="bbox 2588 1512 4169 1591">
     <span class='ocr_line' id='line_1_25' title="bbox 2588 1512 4169 1591; baseline -0.001 -21"><span class='ocrx_word' id='word_1_192' title='bbox 2588 1516 2853 1588; x_wconf 84' lang='grc' dir='ltr'>φητικῶς,</span> <span class='ocrx_word' id='word_1_193' title='bbox 2889 1518 2985 1572; x_wconf 82' lang='grc' dir='ltr'><strong>νῦν</strong></span> <span class='ocrx_word' id='word_1_194' title='bbox 3022 1519 3078 1573; x_wconf 86' lang='grc' dir='ltr'>δὲ</span> <span class='ocrx_word' id='word_1_195' title='bbox 3101 1520 3199 1591; x_wconf 76' lang='grc' dir='ltr'>ήδη</span> <span class='ocrx_word' id='word_1_196' title='bbox 3239 1518 3330 1572; x_wconf 80' lang='grc' dir='ltr'>καὶ</span> <span class='ocrx_word' id='word_1_197' title='bbox 3355 1514 3602 1586; x_wconf 80' lang='grc' dir='ltr'><strong>ἐναργῶς</strong></span> <span class='ocrx_word' id='word_1_198' title='bbox 3628 1517 3709 1578; x_wconf 84' lang='grc' dir='ltr'><strong>είς</strong></span> <span class='ocrx_word' id='word_1_199' title='bbox 3751 1512 4023 1584; x_wconf 84' lang='grc' dir='ltr'><strong>σωτηρίαν</strong></span> <span class='ocrx_word' id='word_1_200' title='bbox 4061 1533 4169 1568; x_wconf 86' lang='grc' dir='ltr'>πα·-</span> 
     </span>
    </p>
   </div>
   <div class='ocr_carea' id='block_1_26' title="bbox 2590 1606 4166 1683">
    <p class='ocr_par' dir='ltr' id='par_1_26' title="bbox 2590 1606 4166 1683">
     <span class='ocr_line' id='line_1_26' title="bbox 2590 1606 4166 1683; baseline -0.002 -20"><span class='ocrx_word' id='word_1_201' title='bbox 2590 1611 2860 1683; x_wconf 90' lang='grc' dir='ltr'>ρακαλῶν.</span> <span class='ocrx_word' id='word_1_202' title='bbox 2904 1611 3168 1683; x_wconf 76' lang='grc' dir='ltr'>Φύγωμεν</span> <span class='ocrx_word' id='word_1_203' title='bbox 3202 1607 3314 1677; x_wconf 77' lang='grc' dir='ltr'>οὖν,</span> <span class='ocrx_word' id='word_1_204' title='bbox 3341 1606 3669 1679; x_wconf 81' lang='grc' dir='ltr'>ἀποστολικῇ</span> <span class='ocrx_word' id='word_1_205' title='bbox 3716 1607 4025 1678; x_wconf 79' lang='grc' dir='ltr'>πειθόμενοι</span> <span class='ocrx_word' id='word_1_206' title='bbox 4061 1624 4166 1660; x_wconf 87' lang='grc' dir='ltr'>πα-</span> 
     </span>
    </p>
   </div>
   <div class='ocr_carea' id='block_1_27' title="bbox 2591 1697 4165 1773">
    <p class='ocr_par' dir='ltr' id='par_1_27' title="bbox 2591 1697 4165 1773">
     <span class='ocr_line' id='line_1_27' title="bbox 2591 1697 4165 1773; baseline -0.001 -21"><span class='ocrx_word' id='word_1_207' title='bbox 2591 1701 2869 1773; x_wconf 74' lang='grc' dir='ltr'>ραγγελία,</span> <span class='ocrx_word' id='word_1_208' title='bbox 2893 1701 3003 1755; x_wconf 78' lang='grc' dir='ltr'><strong>Τὸν</strong></span> <span class='ocrx_word' id='word_1_209' title='bbox 3022 1701 3280 1772; x_wconf 77' lang='grc' dir='ltr'>ἄρχοντα</span> <span class='ocrx_word' id='word_1_210' title='bbox 3299 1698 3407 1767; x_wconf 84' lang='grc' dir='ltr'>τῆς</span> <span class='ocrx_word' id='word_1_211' title='bbox 3420 1697 3706 1765; x_wconf 78' lang='grc' dir='ltr'>ἐξουσίας</span> <span class='ocrx_word' id='word_1_212' title='bbox 3727 1699 3830 1753; x_wconf 85' lang='grc' dir='ltr'>τοῦ</span> <span class='ocrx_word' id='word_1_213' title='bbox 3848 1697 4042 1767; x_wconf 77' lang='grc' dir='ltr'>ἀέρος,</span> <span class='ocrx_word' id='word_1_214' title='bbox 4059 1698 4165 1752; x_wconf 85' lang='grc' dir='ltr'>τοῦ</span> 
     </span>
    </p>
   </div>
   <div class='ocr_carea' id='block_1_28' title="bbox 893 1775 2653 1863">
    <p class='ocr_par' dir='ltr' id='par_1_28' title="bbox 893 1775 2653 1850">
     <span class='ocr_line' id='line_1_28' title="bbox 893 1775 2653 1850; baseline 0.005 -22"><span class='ocrx_word' id='word_1_215' title='bbox 893 1775 1042 1830; x_wconf 88' lang='lat' dir='ltr'><strong>.delis</strong></span> <span class='ocrx_word' id='word_1_216' title='bbox 1071 1777 1159 1831; x_wconf 89' lang='lat' dir='ltr'><strong>ille</strong></span> <span class='ocrx_word' id='word_1_217' title='bbox 1188 1785 1457 1848; x_wconf 80' lang='lat' dir='ltr'><strong>tyrannus</strong></span> <span class='ocrx_word' id='word_1_218' title='bbox 1477 1788 1533 1833; x_wconf 89' lang='lat' dir='ltr'><strong>et</strong></span> <span class='ocrx_word' id='word_1_219' title='bbox 1563 1795 1791 1850; x_wconf 83' lang='lat' dir='ltr'><strong>serpens</strong></span> <span class='ocrx_word' id='word_1_220' title='bbox 1819 1782 1886 1835; x_wconf 90' lang='lat' dir='ltr'><strong>ad</strong></span> <span class='ocrx_word' id='word_1_221' title='bbox 1916 1782 2143 1850; x_wconf 87' lang='lat' dir='ltr'><strong>lapides,</strong></span> <span class='ocrx_word' id='word_1_222' title='bbox 2184 1782 2351 1850; x_wconf 90' lang='lat' dir='ltr'><strong>ligna,</strong></span> <span class='ocrx_word' id='word_1_223' title='bbox 2378 1791 2490 1834; x_wconf 89' lang='lat' dir='ltr'><strong>sta-</strong></span> <span class='ocrx_word' id='word_1_224' title='bbox 2587 1808 2653 1846; x_wconf 72' lang='grc' dir='ltr'>π,</span> 
     </span>
    </p>
   </div>
   <div class='ocr_carea' id='block_1_29' title="bbox 2406 1775 4166 1863">
    <p class='ocr_par' dir='ltr' id='par_1_29' title="bbox 2409 1790 4166 1863">
     <span class='ocr_line' id='line_1_29' title="bbox 2409 1790 4166 1863; baseline -0.001 -17"><span class='ocrx_word' id='word_1_225' title='bbox 2409 1791 2490 1834; x_wconf 63' lang='grc' dir='ltr'><strong>ιιι·</strong></span> <span class='ocrx_word' id='word_1_226' title='bbox 2587 1795 2924 1863; x_wconf 82' lang='grc' dir='ltr'>πνεύματος</span> <span class='ocrx_word' id='word_1_227' title='bbox 2951 1795 3058 1848; x_wconf 85' lang='grc' dir='ltr'>τοῦ</span> <span class='ocrx_word' id='word_1_228' title='bbox 3084 1795 3202 1848; x_wconf 75' lang='grc' dir='ltr'><strong>νῦν</strong></span> <span class='ocrx_word' id='word_1_229' title='bbox 3231 1791 3616 1862; x_wconf 75' lang='grc' dir='ltr'>ἐνεργοῦντος</span> <span class='ocrx_word' id='word_1_230' title='bbox 3639 1792 3711 1844; x_wconf 80' lang='grc' dir='ltr'><strong>ἐν</strong></span> <span class='ocrx_word' id='word_1_231' title='bbox 3735 1791 3860 1858; x_wconf 84' lang='grc' dir='ltr'>τοῖς</span> <span class='ocrx_word' id='word_1_232' title='bbox 3880 1790 4032 1858; x_wconf 81' lang='grc' dir='ltr'>υἱοῖς</span> <span class='ocrx_word' id='word_1_233' title='bbox 4055 1790 4166 1859; x_wconf 81' lang='grc' dir='ltr'>τῆς</span> 
     </span>
    </p>
   </div>
   <div class='ocr_carea' id='block_1_30' title="bbox 901 1869 2661 1958">
    <p class='ocr_par' dir='ltr' id='par_1_30' title="bbox 901 1869 2661 1958">
     <span class='ocr_line' id='line_1_30' title="bbox 901 1869 2661 1958; baseline 0.001 -35"><span class='ocrx_word' id='word_1_234' title='bbox 901 1876 1054 1935; x_wconf 80' lang='lat' dir='ltr'><strong>tuas,</strong></span> <span class='ocrx_word' id='word_1_235' title='bbox 1082 1869 1404 1940; x_wconf 83' lang='lat' dir='ltr'><strong>reliquaque</strong></span> <span class='ocrx_word' id='word_1_236' title='bbox 1429 1871 1572 1926; x_wconf 90' lang='lat' dir='ltr'><strong>idola</strong></span> <span class='ocrx_word' id='word_1_237' title='bbox 1603 1875 1806 1927; x_wconf 90' lang='lat' dir='ltr'><strong>misero</strong></span> <span class='ocrx_word' id='word_1_238' title='bbox 1834 1871 2244 1941; x_wconf 91' lang='lat' dir='ltr'><strong>superstitionis</strong></span> <span class='ocrx_word' id='word_1_239' title='bbox 2269 1871 2486 1924; x_wconf 87' lang='lat' dir='ltr'><strong>vinculo</strong></span> <span class='ocrx_word' id='word_1_240' title='bbox 2518 1939 2559 1958; x_wconf 50' lang='grc' dir='ltr'>ἢ</span> <span class='ocrx_word' id='word_1_241' title='bbox 2588 1886 2661 1938; x_wconf 67' lang='grc' dir='ltr'><strong>ἀπ</strong></span> 
     </span>
    </p>
   </div>
   <div class='ocr_carea' id='block_1_31' title="bbox 2402 1869 4162 1958">
    <p class='ocr_par' dir='ltr' id='par_1_31' title="bbox 2402 1871 4162 1958">
     <span class='ocr_line' id='line_1_31' title="bbox 2402 1871 4162 1958; baseline -0.002 -20"><span class='ocrx_word' id='word_1_242' title='bbox 2402 1871 2486 1924; x_wconf 80' lang='grc' dir='ltr'><strong>ιιῙυ</strong></span> <span class='ocrx_word' id='word_1_243' title='bbox 2518 1939 2559 1958; x_wconf 50' lang='grc' dir='ltr'>ἢ</span> <span class='ocrx_word' id='word_1_244' title='bbox 2588 1886 2912 1952; x_wconf 79' lang='grc' dir='ltr'>ἀπειθείας·</span> <span class='ocrx_word' id='word_1_245' title='bbox 2946 1886 3135 1958; x_wconf 77' lang='grc' dir='ltr'>καὶτῷ</span> <span class='ocrx_word' id='word_1_246' title='bbox 3161 1885 3457 1958; x_wconf 80' lang='grc' dir='ltr'>Σωτῆριτῷ</span> <span class='ocrx_word' id='word_1_247' title='bbox 3481 1883 3669 1955; x_wconf 84' lang='grc' dir='ltr'>Κυρίῳ</span> <span class='ocrx_word' id='word_1_248' title='bbox 3703 1883 4162 1955; x_wconf 85' lang='grc' dir='ltr'>προσδράμωμεν,</span> 
     </span>
    </p>
   </div>
   <div class='ocr_carea' id='block_1_32' title="bbox 905 1939 2665 2052">
    <p class='ocr_par' dir='ltr' id='par_1_32' title="bbox 905 1939 2665 2042">
     <span class='ocr_line' id='line_1_32' title="bbox 905 1939 2665 2042; baseline 0.002 -27"><span class='ocrx_word' id='word_1_249' title='bbox 905 1963 1253 2032; x_wconf 88' lang='lat' dir='ltr'><strong>constringit,</strong></span> <span class='ocrx_word' id='word_1_250' title='bbox 1308 1979 1416 2016; x_wconf 91' lang='lat' dir='ltr'><strong>non</strong></span> <span class='ocrx_word' id='word_1_251' title='bbox 1479 1963 1825 2017; x_wconf 89' lang='lat' dir='ltr'><strong>incommode</strong></span> <span class='ocrx_word' id='word_1_252' title='bbox 1862 1964 2084 2027; x_wconf 92' lang='lat' dir='ltr'><strong>dicitur,</strong></span> <span class='ocrx_word' id='word_1_253' title='bbox 2142 1962 2295 2015; x_wconf 84' lang='lat' dir='ltr'><strong>vivos</strong></span> <span class='ocrx_word' id='word_1_254' title='bbox 2335 1977 2487 2015; x_wconf 90' lang='lat' dir='ltr'><strong>com-</strong></span> <span class='ocrx_word' id='word_1_255' title='bbox 2517 1939 2561 1994; x_wconf 77' lang='grc' dir='ltr'>Β</span> <span class='ocrx_word' id='word_1_256' title='bbox 2589 1979 2665 2042; x_wconf 61' lang='grc' dir='ltr'><strong>δςη</strong></span> 
     </span>
    </p>
   </div>
   <div class='ocr_carea' id='block_1_33' title="bbox 2405 1939 4165 2052">
    <p class='ocr_par' dir='ltr' id='par_1_33' title="bbox 2405 1939 4165 2052">
     <span class='ocr_line' id='line_1_33' title="bbox 2405 1939 4165 2052; baseline -0.001 -21"><span class='ocrx_word' id='word_1_257' title='bbox 2405 1977 2487 2015; x_wconf 81' lang='lat' dir='ltr'><strong>m&#39;</strong></span> <span class='ocrx_word' id='word_1_258' title='bbox 2517 1939 2561 1994; x_wconf 77' lang='grc' dir='ltr'>Β</span> <span class='ocrx_word' id='word_1_259' title='bbox 2589 1979 2648 2042; x_wconf 86' lang='grc' dir='ltr'>ὃς</span> <span class='ocrx_word' id='word_1_260' title='bbox 2664 1981 2760 2033; x_wconf 72' lang='grc' dir='ltr'>καὶ</span> <span class='ocrx_word' id='word_1_261' title='bbox 2775 1939 2999 2034; x_wconf 43' lang='grc' dir='ltr'><strong>ὤνκαὶ⁷</strong></span> <span class='ocrx_word' id='word_1_262' title='bbox 3017 1939 3118 2034; x_wconf 70' lang='grc' dir='ltr'><strong>ἀεὶ⁶</strong></span> <span class='ocrx_word' id='word_1_263' title='bbox 3131 1939 3466 2052; x_wconf 48' lang='grc' dir='ltr'>προύτρεπεν</span> <span class='ocrx_word' id='word_1_264' title='bbox 3486 1939 3888 2046; x_wconf 42' lang='grc' dir='ltr'>εἰςισῶτηρίανξ</span> <span class='ocrx_word' id='word_1_265' title='bbox 3897 1939 3984 2032; x_wconf 71' lang='grc' dir='ltr'><strong>διά</strong></span> 
     </span>
    </p>
   </div>
   <div class='ocr_carea' id='block_1_34' title="bbox 904 2053 2488 2117">
    <p class='ocr_par' dir='ltr' id='par_1_34' title="bbox 904 2053 2488 2117">
     <span class='ocr_line' id='line_1_34' title="bbox 904 2053 2488 2117; baseline -0.002 -7"><span class='ocrx_word' id='word_1_266' title='bbox 904 2057 1057 2110; x_wconf 85' lang='lat' dir='ltr'><strong>muni</strong></span> <span class='ocrx_word' id='word_1_267' title='bbox 1090 2057 1302 2109; x_wconf 89' lang='lat' dir='ltr'><strong>tumulo</strong></span> <span class='ocrx_word' id='word_1_268' title='bbox 1345 2055 1567 2117; x_wconf 89' lang='lat' dir='ltr'><strong>inferre,</strong></span> <span class='ocrx_word' id='word_1_269' title='bbox 1615 2057 1793 2110; x_wconf 89' lang='lat' dir='ltr'><strong>donec</strong></span> <span class='ocrx_word' id='word_1_270' title='bbox 1834 2070 1943 2109; x_wconf 87' lang='lat' dir='ltr'><strong>una</strong></span> <span class='ocrx_word' id='word_1_271' title='bbox 1991 2071 2116 2109; x_wconf 88' lang='lat' dir='ltr'><strong>cum</strong></span> <span class='ocrx_word' id='word_1_272' title='bbox 2155 2053 2263 2108; x_wconf 92' lang='lat' dir='ltr'><strong>illis</strong></span> <span class='ocrx_word' id='word_1_273' title='bbox 2317 2054 2488 2107; x_wconf 91' lang='lat' dir='ltr'><strong>inter-</strong></span> 
     </span>
    </p>
   </div>
   <div class='ocr_carea' id='block_1_35' title="bbox 896 2146 2487 2215">
    <p class='ocr_par' dir='ltr' id='par_1_35' title="bbox 896 2146 2487 2215">
     <span class='ocr_line' id='line_1_35' title="bbox 896 2146 2487 2215; baseline 0 -13"><span class='ocrx_word' id='word_1_274' title='bbox 896 2157 1051 2202; x_wconf 77' lang='lat' dir='ltr'><strong>eant.</strong></span> <span class='ocrx_word' id='word_1_275' title='bbox 1090 2146 1456 2213; x_wconf 81' lang='lat' dir='ltr'><strong>Quamobrem</strong></span> <span class='ocrx_word' id='word_1_276' title='bbox 1492 2147 1660 2202; x_wconf 64' lang='lat' dir='ltr'><strong>Evam</strong></span> <span class='ocrx_word' id='word_1_277' title='bbox 1706 2150 1836 2202; x_wconf 88' lang='lat' dir='ltr'><strong>olim</strong></span> <span class='ocrx_word' id='word_1_278' title='bbox 1874 2150 2042 2215; x_wconf 89' lang='lat' dir='ltr'><strong>(unus</strong></span> <span class='ocrx_word' id='word_1_279' title='bbox 2086 2149 2284 2204; x_wconf 87' lang='lat' dir='ltr'><strong>etenim</strong></span> <span class='ocrx_word' id='word_1_280' title='bbox 2313 2149 2487 2203; x_wconf 87' lang='lat' dir='ltr'><strong>idem-</strong></span> 
     </span>
    </p>
   </div>
   <div class='ocr_carea' id='block_1_36' title="bbox 897 2240 2484 2309">
    <p class='ocr_par' dir='ltr' id='par_1_36' title="bbox 897 2240 2484 2309">
     <span class='ocr_line' id='line_1_36' title="bbox 897 2240 2484 2309; baseline 0.001 -17"><span class='ocrx_word' id='word_1_281' title='bbox 897 2255 1012 2309; x_wconf 80' lang='lat' dir='ltr'><strong>que</strong></span> <span class='ocrx_word' id='word_1_282' title='bbox 1039 2240 1296 2294; x_wconf 85' lang='lat' dir='ltr'><strong>seductor</strong></span> <span class='ocrx_word' id='word_1_283' title='bbox 1319 2247 1423 2309; x_wconf 90' lang='lat' dir='ltr'><strong>est)</strong></span> <span class='ocrx_word' id='word_1_284' title='bbox 1458 2252 1514 2294; x_wconf 88' lang='lat' dir='ltr'><strong>et</strong></span> <span class='ocrx_word' id='word_1_285' title='bbox 1538 2241 1677 2296; x_wconf 90' lang='lat' dir='ltr'><strong>alios</strong></span> <span class='ocrx_word' id='word_1_286' title='bbox 1706 2257 1854 2296; x_wconf 88' lang='lat' dir='ltr'><strong>nunc</strong></span> <span class='ocrx_word' id='word_1_287' title='bbox 1883 2241 2132 2296; x_wconf 85' lang='lat' dir='ltr'><strong>homines</strong></span> <span class='ocrx_word' id='word_1_288' title='bbox 2169 2241 2222 2295; x_wconf 90' lang='lat' dir='ltr'><strong>in</strong></span> <span class='ocrx_word' id='word_1_289' title='bbox 2255 2250 2484 2294; x_wconf 89' lang='lat' dir='ltr'><strong>mortem</strong></span> 
     </span>
    </p>
   </div>
   <div class='ocr_carea' id='block_1_37' title="bbox 904 2327 2484 2401">
    <p class='ocr_par' dir='ltr' id='par_1_37' title="bbox 904 2327 2484 2401">
     <span class='ocr_line' id='line_1_37' title="bbox 904 2327 2484 2401; baseline 0.002 -18"><span class='ocrx_word' id='word_1_290' title='bbox 904 2329 1078 2384; x_wconf 88' lang='lat' dir='ltr'><strong>ducit.</strong></span> <span class='ocrx_word' id='word_1_291' title='bbox 1107 2327 1259 2384; x_wconf 90' lang='lat' dir='ltr'><strong>Unus</strong></span> <span class='ocrx_word' id='word_1_292' title='bbox 1295 2329 1484 2384; x_wconf 89' lang='lat' dir='ltr'><strong>itidem</strong></span> <span class='ocrx_word' id='word_1_293' title='bbox 1525 2331 1686 2386; x_wconf 89' lang='lat' dir='ltr'><strong>nobis</strong></span> <span class='ocrx_word' id='word_1_294' title='bbox 1713 2331 1935 2401; x_wconf 89' lang='lat' dir='ltr'><strong>adjutor</strong></span> <span class='ocrx_word' id='word_1_295' title='bbox 1961 2340 2016 2386; x_wconf 89' lang='lat' dir='ltr'><strong>et</strong></span> <span class='ocrx_word' id='word_1_296' title='bbox 2037 2331 2234 2386; x_wconf 82' lang='lat' dir='ltr'><strong>vindex</strong></span> <span class='ocrx_word' id='word_1_297' title='bbox 2263 2339 2348 2386; x_wconf 90' lang='lat' dir='ltr'><strong>est</strong></span> <span class='ocrx_word' id='word_1_298' title='bbox 2374 2330 2484 2386; x_wconf 92' lang='lat' dir='ltr'><strong>Do-</strong></span> 
     </span>
    </p>
   </div>
   <div class='ocr_carea' id='block_1_38' title="bbox 904 2416 2489 2490">
    <p class='ocr_par' dir='ltr' id='par_1_38' title="bbox 904 2416 2489 2490">
     <span class='ocr_line' id='line_1_38' title="bbox 904 2416 2489 2490; baseline 0.003 -21"><span class='ocrx_word' id='word_1_299' title='bbox 904 2416 1113 2481; x_wconf 87' lang='lat' dir='ltr'><strong>minus,</strong></span> <span class='ocrx_word' id='word_1_300' title='bbox 1147 2416 1240 2486; x_wconf 90' lang='lat' dir='ltr'><strong>qui</strong></span> <span class='ocrx_word' id='word_1_301' title='bbox 1265 2419 1498 2472; x_wconf 85' lang='lat' dir='ltr'><strong>salutem</strong></span> <span class='ocrx_word' id='word_1_302' title='bbox 1530 2434 1559 2472; x_wconf 95' lang='lat' dir='ltr'><strong>a</strong></span> <span class='ocrx_word' id='word_1_303' title='bbox 1592 2419 1864 2489; x_wconf 92' lang='lat' dir='ltr'><strong>principio</strong></span> <span class='ocrx_word' id='word_1_304' title='bbox 1896 2421 2209 2490; x_wconf 91' lang='lat' dir='ltr'><strong>prophetice</strong></span> <span class='ocrx_word' id='word_1_305' title='bbox 2231 2435 2489 2489; x_wconf 66' lang='lat' dir='ltr'><strong>pratnun-</strong></span> 
     </span>
    </p>
   </div>
   <div class='ocr_carea' id='block_1_39' title="bbox 887 2506 2488 2581">
    <p class='ocr_par' dir='ltr' id='par_1_39' title="bbox 887 2506 2488 2581">
     <span class='ocr_line' id='line_1_39' title="bbox 887 2506 2488 2581; baseline 0.003 -21"><span class='ocrx_word' id='word_1_306' title='bbox 887 2506 1080 2581; x_wconf 11' lang='lat' dir='ltr'><strong>ltiavit,</strong></span> <span class='ocrx_word' id='word_1_307' title='bbox 1115 2516 1170 2561; x_wconf 90' lang='lat' dir='ltr'><strong>et</strong></span> <span class='ocrx_word' id='word_1_308' title='bbox 1195 2523 1342 2563; x_wconf 91' lang='lat' dir='ltr'><strong>nunc</strong></span> <span class='ocrx_word' id='word_1_309' title='bbox 1368 2509 1436 2562; x_wconf 87' lang='lat' dir='ltr'><strong>ad</strong></span> <span class='ocrx_word' id='word_1_310' title='bbox 1477 2525 1600 2564; x_wconf 90' lang='lat' dir='ltr'><strong>eam</strong></span> <span class='ocrx_word' id='word_1_311' title='bbox 1627 2512 2068 2580; x_wconf 85' lang='lat' dir='ltr'><strong>consequendam</strong></span> <span class='ocrx_word' id='word_1_312' title='bbox 2096 2522 2279 2581; x_wconf 90' lang='lat' dir='ltr'><strong>aperte</strong></span> <span class='ocrx_word' id='word_1_313' title='bbox 2306 2526 2369 2566; x_wconf 88' lang='lat' dir='ltr'><strong>ac</strong></span> <span class='ocrx_word' id='word_1_314' title='bbox 2393 2528 2488 2580; x_wconf 91' lang='lat' dir='ltr'><strong>pa-</strong></span> 
     </span>
    </p>
   </div>
   <div class='ocr_carea' id='block_1_40' title="bbox 905 2598 2480 2672">
    <p class='ocr_par' dir='ltr' id='par_1_40' title="bbox 905 2598 2480 2672">
     <span class='ocr_line' id='line_1_40' title="bbox 905 2598 2480 2672; baseline 0.002 -18"><span class='ocrx_word' id='word_1_315' title='bbox 905 2598 1015 2655; x_wconf 87' lang='lat' dir='ltr'><strong>lam</strong></span> <span class='ocrx_word' id='word_1_316' title='bbox 1048 2599 1258 2653; x_wconf 84' lang='lat' dir='ltr'><strong>invitat.</strong></span> <span class='ocrx_word' id='word_1_317' title='bbox 1292 2598 1588 2668; x_wconf 85' lang='lat' dir='ltr'><strong>aniamus</strong></span> <span class='ocrx_word' id='word_1_318' title='bbox 1614 2601 1796 2670; x_wconf 82' lang='lat' dir='ltr'><strong>igitur,</strong></span> <span class='ocrx_word' id='word_1_319' title='bbox 1823 2602 2069 2672; x_wconf 87' lang='lat' dir='ltr'><strong>Apostoli</strong></span> <span class='ocrx_word' id='word_1_320' title='bbox 2099 2612 2364 2672; x_wconf 58' lang='lat' dir='ltr'><strong>praecepto</strong></span> <span class='ocrx_word' id='word_1_321' title='bbox 2386 2603 2480 2657; x_wconf 82' lang='lat' dir='ltr'><strong>ob-</strong></span> 
     </span>
    </p>
   </div>
   <div class='ocr_carea' id='block_1_41' title="bbox 900 2690 2489 2761">
    <p class='ocr_par' dir='ltr' id='par_1_41' title="bbox 900 2690 2489 2761">
     <span class='ocr_line' id='line_1_41' title="bbox 900 2690 2489 2761; baseline 0.002 -19"><span class='ocrx_word' id='word_1_322' title='bbox 900 2697 1220 2755; x_wconf 76' lang='lat' dir='ltr'><strong>sequentes,</strong></span> <span class='ocrx_word' id='word_1_323' title='bbox 1242 2690 1533 2758; x_wconf 80' lang='lat' dir='ltr'><strong>principem</strong></span> <span class='ocrx_word' id='word_1_324' title='bbox 1556 2691 1837 2760; x_wconf 76' lang='lat' dir='ltr'><strong>potestatis</strong></span> <span class='ocrx_word' id='word_1_325' title='bbox 1875 2692 2015 2744; x_wconf 86' lang='lat' dir='ltr'><strong>aeris</strong></span> <span class='ocrx_word' id='word_1_326' title='bbox 2055 2692 2236 2760; x_wconf 85' lang='lat' dir='ltr'><strong>hujus,</strong></span> <span class='ocrx_word' id='word_1_327' title='bbox 2267 2693 2489 2761; x_wconf 76' lang='lat' dir='ltr'><strong>spiritus</strong></span> 
     </span>
    </p>
   </div>
   <div class='ocr_carea' id='block_1_42' title="bbox 893 2777 2489 2850">
    <p class='ocr_par' dir='ltr' id='par_1_42' title="bbox 893 2777 2489 2850">
     <span class='ocr_line' id='line_1_42' title="bbox 893 2777 2489 2850; baseline 0.005 -20"><span class='ocrx_word' id='word_1_328' title='bbox 893 2777 995 2846; x_wconf 81' lang='lat' dir='ltr'><strong>qui</strong></span> <span class='ocrx_word' id='word_1_329' title='bbox 1023 2793 1159 2830; x_wconf 83' lang='lat' dir='ltr'><strong>nunc</strong></span> <span class='ocrx_word' id='word_1_330' title='bbox 1190 2788 1439 2847; x_wconf 85' lang='lat' dir='ltr'><strong>operatur</strong></span> <span class='ocrx_word' id='word_1_331' title='bbox 1477 2781 1532 2832; x_wconf 91' lang='lat' dir='ltr'><strong>in</strong></span> <span class='ocrx_word' id='word_1_332' title='bbox 1560 2780 1700 2848; x_wconf 81' lang='lat' dir='ltr'><strong>ﬁlios</strong></span> <span class='ocrx_word' id='word_1_333' title='bbox 1744 2779 2054 2850; x_wconf 72' lang='lat' dir='ltr'><strong>difﬁdentia:</strong></span> <span class='ocrx_word' id='word_1_334' title='bbox 2083 2784 2160 2848; x_wconf 78' lang='grc'><strong>¹³;</strong></span> <span class='ocrx_word' id='word_1_335' title='bbox 2201 2792 2256 2836; x_wconf 90' lang='lat' dir='ltr'><strong>et</strong></span> <span class='ocrx_word' id='word_1_336' title='bbox 2284 2783 2350 2836; x_wconf 90' lang='lat' dir='ltr'><strong>ad</strong></span> <span class='ocrx_word' id='word_1_337' title='bbox 2379 2781 2489 2838; x_wconf 85' lang='lat' dir='ltr'><strong>Do-</strong></span> 
     </span>
    </p>
   </div>
   <div class='ocr_carea' id='block_1_43' title="bbox 906 2867 2488 2942">
    <p class='ocr_par' dir='ltr' id='par_1_43' title="bbox 906 2867 2488 2942">
     <span class='ocr_line' id='line_1_43' title="bbox 906 2867 2488 2942; baseline 0.003 -20"><span class='ocrx_word' id='word_1_338' title='bbox 906 2871 1118 2923; x_wconf 84' lang='lat' dir='ltr'><strong>minum</strong></span> <span class='ocrx_word' id='word_1_339' title='bbox 1159 2867 1507 2924; x_wconf 81' lang='lat' dir='ltr'><strong>Servatorcm</strong></span> <span class='ocrx_word' id='word_1_340' title='bbox 1539 2870 1948 2940; x_wconf 79' lang='lat' dir='ltr'><strong>confugiamus,</strong></span> <span class='ocrx_word' id='word_1_341' title='bbox 1985 2872 2079 2940; x_wconf 89' lang='lat' dir='ltr'><strong>qui</strong></span> <span class='ocrx_word' id='word_1_342' title='bbox 2111 2887 2208 2942; x_wconf 81' lang='lat' dir='ltr'><strong>per</strong></span> <span class='ocrx_word' id='word_1_343' title='bbox 2243 2874 2488 2942; x_wconf 82' lang='lat' dir='ltr'><strong>prodigia</strong></span> 
     </span>
    </p>
   </div>
   <div class='ocr_carea' id='block_1_44' title="bbox 898 2961 2493 3034">
    <p class='ocr_par' dir='ltr' id='par_1_44' title="bbox 898 2961 2493 3034">
     <span class='ocr_line' id='line_1_44' title="bbox 898 2961 2493 3034; baseline 0.002 -19"><span class='ocrx_word' id='word_1_344' title='bbox 898 2970 965 3015; x_wconf 78' lang='lat' dir='ltr'><strong>et</strong></span> <span class='ocrx_word' id='word_1_345' title='bbox 995 2962 1150 3032; x_wconf 84' lang='lat' dir='ltr'><strong>signa</strong></span> <span class='ocrx_word' id='word_1_346' title='bbox 1178 2978 1303 3016; x_wconf 88' lang='lat' dir='ltr'><strong>cum</strong></span> <span class='ocrx_word' id='word_1_347' title='bbox 1343 2962 1400 3016; x_wconf 93' lang='lat' dir='ltr'><strong>in</strong></span> <span class='ocrx_word' id='word_1_348' title='bbox 1437 2961 1694 3034; x_wconf 68' lang='lat' dir='ltr'><strong>Egypto,</strong></span> <span class='ocrx_word' id='word_1_349' title='bbox 1737 2971 1851 3016; x_wconf 92' lang='lat' dir='ltr'><strong>tum</strong></span> <span class='ocrx_word' id='word_1_350' title='bbox 1885 2963 2050 3017; x_wconf 90' lang='lat' dir='ltr'><strong>etiam</strong></span> <span class='ocrx_word' id='word_1_351' title='bbox 2081 2964 2137 3016; x_wconf 91' lang='lat' dir='ltr'><strong>in</strong></span> <span class='ocrx_word' id='word_1_352' title='bbox 2168 2964 2410 3028; x_wconf 87' lang='lat' dir='ltr'><strong>deserto,</strong></span> <span class='ocrx_word' id='word_1_353' title='bbox 2438 2977 2493 3018; x_wconf 88' lang='lat' dir='ltr'><strong>et</strong></span> 
     </span>
    </p>
   </div>
   <div class='ocr_carea' id='block_1_45' title="bbox 902 3053 2487 3124">
    <p class='ocr_par' dir='ltr' id='par_1_45' title="bbox 902 3053 2487 3124">
     <span class='ocr_line' id='line_1_45' title="bbox 902 3053 2487 3124; baseline 0.001 -17"><span class='ocrx_word' id='word_1_354' title='bbox 902 3069 1007 3123; x_wconf 77' lang='lat' dir='ltr'><strong>per</strong></span> <span class='ocrx_word' id='word_1_355' title='bbox 1033 3055 1256 3119; x_wconf 92' lang='lat' dir='ltr'><strong>rubum,</strong></span> <span class='ocrx_word' id='word_1_356' title='bbox 1283 3061 1337 3108; x_wconf 92' lang='lat' dir='ltr'><strong>et</strong></span> <span class='ocrx_word' id='word_1_357' title='bbox 1359 3054 1579 3119; x_wconf 89' lang='lat' dir='ltr'><strong>nubem,</strong></span> <span class='ocrx_word' id='word_1_358' title='bbox 1602 3060 1660 3117; x_wconf 59' lang='grc' dir='ltr'><strong>ᾖ(</strong></span> <span class='ocrx_word' id='word_1_359' title='bbox 1679 3070 1801 3124; x_wconf 75' lang='lat' dir='ltr'><strong>qua:</strong></span> <span class='ocrx_word' id='word_1_360' title='bbox 1817 3053 2001 3108; x_wconf 82' lang='lat' dir='ltr'><strong>divina</strong></span> <span class='ocrx_word' id='word_1_361' title='bbox 2019 3055 2191 3124; x_wconf 88' lang='lat' dir='ltr'><strong>gratia</strong></span> <span class='ocrx_word' id='word_1_362' title='bbox 2211 3054 2487 3120; x_wconf 65' lang='lat' dir='ltr'><strong>Hebraeos,</strong></span> 
     </span>
    </p>
   </div>
   <div class='ocr_carea' id='block_1_46' title="bbox 907 3145 2489 3215">
    <p class='ocr_par' dir='ltr' id='par_1_46' title="bbox 907 3145 2489 3215">
     <span class='ocr_line' id='line_1_46' title="bbox 907 3145 2489 3215; baseline 0.003 -19"><span class='ocrx_word' id='word_1_363' title='bbox 907 3146 1059 3200; x_wconf 85' lang='lat' dir='ltr'><strong>velut</strong></span> <span class='ocrx_word' id='word_1_364' title='bbox 1089 3145 1286 3199; x_wconf 89' lang='lat' dir='ltr'><strong>ancilla</strong></span> <span class='ocrx_word' id='word_1_365' title='bbox 1321 3145 1594 3215; x_wconf 70' lang='lat' dir='ltr'><strong>quaedam,</strong></span> <span class='ocrx_word' id='word_1_366' title='bbox 1627 3145 1985 3214; x_wconf 88' lang='lat' dir='ltr'><strong>sequebatur,</strong></span> <span class='ocrx_word' id='word_1_367' title='bbox 2023 3147 2091 3200; x_wconf 88' lang='lat' dir='ltr'><strong>ad</strong></span> <span class='ocrx_word' id='word_1_368' title='bbox 2140 3147 2369 3202; x_wconf 88' lang='lat' dir='ltr'><strong>salutem</strong></span> <span class='ocrx_word' id='word_1_369' title='bbox 2408 3148 2489 3200; x_wconf 90' lang='lat' dir='ltr'><strong>in-</strong></span> 
     </span>
    </p>
   </div>
   <div class='ocr_carea' id='block_1_47' title="bbox 2587 2066 4167 2141">
    <p class='ocr_par' dir='ltr' id='par_1_47' title="bbox 2587 2066 4167 2141">
     <span class='ocr_line' id='line_1_47' title="bbox 2587 2066 4167 2141; baseline 0 -21"><span class='ocrx_word' id='word_1_370' title='bbox 2587 2085 2694 2121; x_wconf 89' lang='grc' dir='ltr'><strong>των</strong></span> <span class='ocrx_word' id='word_1_371' title='bbox 2728 2071 2821 2121; x_wconf 82' lang='grc' dir='ltr'>καὶ</span> <span class='ocrx_word' id='word_1_372' title='bbox 2853 2071 3094 2141; x_wconf 84' lang='grc' dir='ltr'>σημείων</span> <span class='ocrx_word' id='word_1_373' title='bbox 3118 2073 3176 2122; x_wconf 92' lang='grc' dir='ltr'><strong>ἐν</strong></span> <span class='ocrx_word' id='word_1_374' title='bbox 3200 2069 3457 2138; x_wconf 74' lang='grc' dir='ltr'>Αἰγύπτῳ</span> <span class='ocrx_word' id='word_1_375' title='bbox 3488 2066 3581 2119; x_wconf 78' lang='grc' dir='ltr'>καὶ</span> <span class='ocrx_word' id='word_1_376' title='bbox 3613 2067 3675 2117; x_wconf 86' lang='grc' dir='ltr'><strong>ἐν</strong></span> <span class='ocrx_word' id='word_1_377' title='bbox 3714 2067 3935 2137; x_wconf 82' lang='grc' dir='ltr'>ἐρήμῳ·</span> <span class='ocrx_word' id='word_1_378' title='bbox 3975 2067 4067 2120; x_wconf 85' lang='grc' dir='ltr'><strong>διά</strong></span> <span class='ocrx_word' id='word_1_379' title='bbox 4103 2084 4167 2120; x_wconf 78' lang='grc' dir='ltr'><strong>τε</strong></span> 
     </span>
    </p>
   </div>
   <div class='ocr_carea' id='block_1_48' title="bbox 2584 2155 4168 2229">
    <p class='ocr_par' dir='ltr' id='par_1_48' title="bbox 2584 2155 4168 2229">
     <span class='ocr_line' id='line_1_48' title="bbox 2584 2155 4168 2229; baseline 0 -21"><span class='ocrx_word' id='word_1_380' title='bbox 2584 2158 2684 2227; x_wconf 85' lang='grc' dir='ltr'>τῆς</span> <span class='ocrx_word' id='word_1_381' title='bbox 2716 2157 2903 2226; x_wconf 79' lang='grc' dir='ltr'>βάτου,</span> <span class='ocrx_word' id='word_1_382' title='bbox 2958 2159 3052 2212; x_wconf 81' lang='grc' dir='ltr'>καὶ</span> <span class='ocrx_word' id='word_1_383' title='bbox 3085 2161 3184 2229; x_wconf 82' lang='grc' dir='ltr'><strong>τῆς</strong></span> <span class='ocrx_word' id='word_1_384' title='bbox 3217 2156 3610 2226; x_wconf 78' lang='grc' dir='ltr'>ἀκολουθούσης</span> <span class='ocrx_word' id='word_1_385' title='bbox 3644 2155 3829 2225; x_wconf 90' lang='grc' dir='ltr'>χάριτι</span> <span class='ocrx_word' id='word_1_386' title='bbox 3859 2155 4168 2226; x_wconf 88' lang='grc' dir='ltr'>φιλανθρω-</span> 
     </span>
    </p>
   </div>
   <div class='ocr_carea' id='block_1_49' title="bbox 2586 2243 4168 2319">
    <p class='ocr_par' dir='ltr' id='par_1_49' title="bbox 2586 2243 4168 2319">
     <span class='ocr_line' id='line_1_49' title="bbox 2586 2243 4168 2319; baseline -0.001 -21"><span class='ocrx_word' id='word_1_387' title='bbox 2586 2247 2737 2310; x_wconf 90' lang='grc' dir='ltr'>πίας.</span> <span class='ocrx_word' id='word_1_388' title='bbox 2785 2247 3119 2319; x_wconf 73' lang='grc' dir='ltr'>θεραπαίνης</span> <span class='ocrx_word' id='word_1_389' title='bbox 3165 2247 3321 2318; x_wconf 90' lang='grc' dir='ltr'>δίκην</span> <span class='ocrx_word' id='word_1_390' title='bbox 3361 2245 3630 2317; x_wconf 86' lang='grc' dir='ltr'>Ἑϐραίοις</span> <span class='ocrx_word' id='word_1_391' title='bbox 3678 2243 3930 2314; x_wconf 84' lang='grc' dir='ltr'>νεφέλης.</span> <span class='ocrx_word' id='word_1_392' title='bbox 3979 2244 4168 2315; x_wconf 85' lang='grc' dir='ltr'>Τούτῳ</span> 
     </span>
    </p>
   </div>
   <div class='ocr_carea' id='block_1_50' title="bbox 2589 2333 4164 2408">
    <p class='ocr_par' dir='ltr' id='par_1_50' title="bbox 2589 2333 4164 2408">
     <span class='ocr_line' id='line_1_50' title="bbox 2589 2333 4164 2408; baseline -0.002 -17"><span class='ocrx_word' id='word_1_393' title='bbox 2589 2338 2686 2408; x_wconf 81' lang='grc' dir='ltr'>μὲν</span> <span class='ocrx_word' id='word_1_394' title='bbox 2718 2338 2785 2403; x_wconf 81' lang='grc' dir='ltr'>δὴ</span> <span class='ocrx_word' id='word_1_395' title='bbox 2816 2337 2893 2402; x_wconf 82' lang='grc' dir='ltr'><strong>τῷ</strong></span> <span class='ocrx_word' id='word_1_396' title='bbox 2928 2337 3076 2407; x_wconf 85' lang='grc' dir='ltr'>φόϐῳ</span> <span class='ocrx_word' id='word_1_397' title='bbox 3107 2340 3235 2405; x_wconf 56' lang='grc' dir='ltr'>τοὺς</span> <span class='ocrx_word' id='word_1_398' title='bbox 3279 2335 3734 2407; x_wconf 83' lang='grc' dir='ltr'>σκληροκαρδίους</span> <span class='ocrx_word' id='word_1_399' title='bbox 3785 2333 4129 2407; x_wconf 81' lang='grc' dir='ltr'>προῦτρεπεν</span> <span class='ocrx_word' id='word_1_400' title='bbox 4148 2351 4164 2366; x_wconf 94' lang='grc'><strong>·</strong></span> 
     </span>
    </p>
   </div>
   <div class='ocr_carea' id='block_1_51' title="bbox 2586 2423 4168 2499">
    <p class='ocr_par' dir='ltr' id='par_1_51' title="bbox 2586 2423 4168 2499">
     <span class='ocr_line' id='line_1_51' title="bbox 2586 2423 4168 2499; baseline -0.001 -21"><span class='ocrx_word' id='word_1_401' title='bbox 2586 2428 2684 2499; x_wconf 71' lang='grc' dir='ltr'>ἤδη</span> <span class='ocrx_word' id='word_1_402' title='bbox 2706 2429 2762 2481; x_wconf 72' lang='grc' dir='ltr'>δὲ</span> <span class='ocrx_word' id='word_1_403' title='bbox 2788 2429 2882 2481; x_wconf 80' lang='grc' dir='ltr'>καὶ</span> <span class='ocrx_word' id='word_1_404' title='bbox 2897 2427 2985 2480; x_wconf 76' lang='grc' dir='ltr'><strong>διὰ</strong></span> <span class='ocrx_word' id='word_1_405' title='bbox 3010 2428 3288 2490; x_wconf 78' lang='grc' dir='ltr'>Μωῦσέως</span> <span class='ocrx_word' id='word_1_406' title='bbox 3308 2426 3402 2479; x_wconf 79' lang='grc' dir='ltr'>τοῦ</span> <span class='ocrx_word' id='word_1_407' title='bbox 3430 2425 3725 2494; x_wconf 85' lang='grc' dir='ltr'>πανσόφου,</span> <span class='ocrx_word' id='word_1_408' title='bbox 3762 2425 3857 2476; x_wconf 78' lang='grc' dir='ltr'>καὶ</span> <span class='ocrx_word' id='word_1_409' title='bbox 3879 2423 3973 2476; x_wconf 78' lang='grc' dir='ltr'>τοῦ</span> <span class='ocrx_word' id='word_1_410' title='bbox 4009 2424 4168 2493; x_wconf 80' lang='grc' dir='ltr'>φιλαο</span> 
     </span>
    </p>
   </div>
   <div class='ocr_carea' id='block_1_52' title="bbox 2586 2512 4165 2591">
    <p class='ocr_par' dir='ltr' id='par_1_52' title="bbox 2586 2512 4165 2591">
     <span class='ocr_line' id='line_1_52' title="bbox 2586 2512 4165 2591; baseline -0.004 -19"><span class='ocrx_word' id='word_1_411' title='bbox 2586 2519 2781 2591; x_wconf 81' lang='grc' dir='ltr'>λήθους</span> <span class='ocrx_word' id='word_1_412' title='bbox 2825 2520 3078 2582; x_wconf 78' lang='grc' dir='ltr'>Ἡσαΐου,</span> <span class='ocrx_word' id='word_1_413' title='bbox 3113 2519 3207 2571; x_wconf 72' lang='grc' dir='ltr'>καὶ</span> <span class='ocrx_word' id='word_1_414' title='bbox 3238 2518 3439 2582; x_wconf 83' lang='grc' dir='ltr'>παντὸς</span> <span class='ocrx_word' id='word_1_415' title='bbox 3469 2517 3564 2571; x_wconf 80' lang='grc' dir='ltr'><strong>τοῦ</strong></span> <span class='ocrx_word' id='word_1_416' title='bbox 3593 2512 3936 2587; x_wconf 81' lang='grc' dir='ltr'>προφητικοῦ</span> <span class='ocrx_word' id='word_1_417' title='bbox 3971 2513 4165 2586; x_wconf 81' lang='grc' dir='ltr'>χοροῦ,</span> 
     </span>
    </p>
   </div>
   <div class='ocr_carea' id='block_1_53' title="bbox 2587 2599 4170 2683">
    <p class='ocr_par' dir='ltr' id='par_1_53' title="bbox 2587 2599 4170 2683">
     <span class='ocr_line' id='line_1_53' title="bbox 2587 2599 4170 2683; baseline -0.004 -19"><span class='ocrx_word' id='word_1_418' title='bbox 2587 2610 2946 2683; x_wconf 75' lang='grc' dir='ltr'>λογικώτερον</span> <span class='ocrx_word' id='word_1_419' title='bbox 2975 2612 3068 2664; x_wconf 86' lang='grc' dir='ltr'><strong>ἐπί</strong></span> <span class='ocrx_word' id='word_1_420' title='bbox 3095 2610 3186 2663; x_wconf 79' lang='grc' dir='ltr'>τὸν</span> <span class='ocrx_word' id='word_1_421' title='bbox 3216 2611 3385 2678; x_wconf 83' lang='grc' dir='ltr'>Λόγον</span> <span class='ocrx_word' id='word_1_422' title='bbox 3429 2607 3745 2680; x_wconf 76' lang='grc' dir='ltr'>ἐπιστρέφει</span> <span class='ocrx_word' id='word_1_423' title='bbox 3791 2606 3918 2669; x_wconf 81' lang='grc' dir='ltr'>τοὺς</span> <span class='ocrx_word' id='word_1_424' title='bbox 3956 2606 4025 2658; x_wconf 78' lang='grc' dir='ltr'><strong>τά</strong></span> <span class='ocrx_word' id='word_1_425' title='bbox 4051 2599 4170 2659; x_wconf 78' lang='grc' dir='ltr'>ὦτα</span> 
     </span>
    </p>
   </div>
   <div class='ocr_carea' id='block_1_54' title="bbox 2591 2691 4168 2771">
    <p class='ocr_par' dir='ltr' id='par_1_54' title="bbox 2591 2691 4168 2771">
     <span class='ocr_line' id='line_1_54' title="bbox 2591 2691 4168 2771; baseline -0.006 -18"><span class='ocrx_word' id='word_1_426' title='bbox 2591 2701 2984 2771; x_wconf 82' lang='grc' dir='ltr'>κεκτημένους·</span> <span class='ocrx_word' id='word_1_427' title='bbox 3015 2700 3109 2752; x_wconf 74' lang='lat' dir='ltr'><strong>xal</strong></span> <span class='ocrx_word' id='word_1_428' title='bbox 3152 2699 3261 2753; x_wconf 76' lang='grc' dir='ltr'>ἐσθ’</span> <span class='ocrx_word' id='word_1_429' title='bbox 3289 2701 3398 2768; x_wconf 84' lang='grc' dir='ltr'>ὅπη</span> <span class='ocrx_word' id='word_1_430' title='bbox 3431 2697 3528 2768; x_wconf 85' lang='grc' dir='ltr'>μὲν</span> <span class='ocrx_word' id='word_1_431' title='bbox 3564 2696 3912 2767; x_wconf 78' lang='grc' dir='ltr'>λοιδορεῖται·</span> <span class='ocrx_word' id='word_1_432' title='bbox 3943 2693 4090 2746; x_wconf 83' lang='grc' dir='ltr'>ἐστιν</span> <span class='ocrx_word' id='word_1_433' title='bbox 4121 2691 4168 2745; x_wconf 75' lang='grc' dir='ltr'>δ’</span> 
     </span>
    </p>
   </div>
   <div class='ocr_carea' id='block_1_55' title="bbox 2591 2782 4167 2861">
    <p class='ocr_par' dir='ltr' id='par_1_55' title="bbox 2591 2782 4167 2861">
     <span class='ocr_line' id='line_1_55' title="bbox 2591 2782 4167 2861; baseline -0.007 -15"><span class='ocrx_word' id='word_1_434' title='bbox 2591 2787 2652 2847; x_wconf 73' lang='grc' dir='ltr'>οὗ</span> <span class='ocrx_word' id='word_1_435' title='bbox 2682 2794 2774 2845; x_wconf 72' lang='grc' dir='ltr'>καὶ</span> <span class='ocrx_word' id='word_1_436' title='bbox 2806 2791 3045 2845; x_wconf 85' lang='grc' dir='ltr'>ἀπειλεῖ·</span> <span class='ocrx_word' id='word_1_437' title='bbox 3081 2793 3207 2854; x_wconf 77' lang='grc' dir='ltr'>τοὺς</span> <span class='ocrx_word' id='word_1_438' title='bbox 3245 2790 3302 2842; x_wconf 82' lang='grc' dir='ltr'><strong>δέ</strong></span> <span class='ocrx_word' id='word_1_439' title='bbox 3342 2791 3435 2844; x_wconf 68' lang='grc' dir='ltr'>καὶ</span> <span class='ocrx_word' id='word_1_440' title='bbox 3463 2789 3653 2861; x_wconf 87' lang='grc' dir='ltr'>θρηνεῖ</span> <span class='ocrx_word' id='word_1_441' title='bbox 3690 2786 3800 2840; x_wconf 90' lang='grc' dir='ltr'><strong>τῶν</strong></span> <span class='ocrx_word' id='word_1_442' title='bbox 3833 2782 4167 2856; x_wconf 79' lang='grc' dir='ltr'>ἀνθρώπων·</span> 
     </span>
    </p>
   </div>
   <div class='ocr_carea' id='block_1_56' title="bbox 2591 2874 4170 2958">
    <p class='ocr_par' dir='ltr' id='par_1_56' title="bbox 2591 2874 4170 2958">
     <span class='ocr_line' id='line_1_56' title="bbox 2591 2874 4170 2958; baseline -0.006 -20"><span class='ocrx_word' id='word_1_443' title='bbox 2591 2885 2708 2958; x_wconf 79' lang='grc' dir='ltr'>ᾄδει</span> <span class='ocrx_word' id='word_1_444' title='bbox 2734 2885 2789 2937; x_wconf 81' lang='grc' dir='ltr'>δὲ</span> <span class='ocrx_word' id='word_1_445' title='bbox 2826 2884 3024 2947; x_wconf 81' lang='grc' dir='ltr'>ἄλλοις,</span> <span class='ocrx_word' id='word_1_446' title='bbox 3058 2883 3305 2954; x_wconf 88' lang='grc' dir='ltr'>καθάπερ</span> <span class='ocrx_word' id='word_1_447' title='bbox 3349 2883 3533 2953; x_wconf 85' lang='grc' dir='ltr'>ίατρὺς</span> <span class='ocrx_word' id='word_1_448' title='bbox 3558 2880 3779 2950; x_wconf 79' lang='grc' dir='ltr'>ἀγαθὸς,</span> <span class='ocrx_word' id='word_1_449' title='bbox 3815 2877 3924 2932; x_wconf 88' lang='grc' dir='ltr'><strong>τῶν</strong></span> <span class='ocrx_word' id='word_1_450' title='bbox 3949 2874 4170 2930; x_wconf 83' lang='grc' dir='ltr'>νοσούν-</span> 
     </span>
    </p>
   </div>
   <div class='ocr_carea' id='block_1_57' title="bbox 2591 2969 4175 3047">
    <p class='ocr_par' dir='ltr' id='par_1_57' title="bbox 2591 2969 4175 3047">
     <span class='ocr_line' id='line_1_57' title="bbox 2591 2969 4175 3047; baseline -0.004 -18"><span class='ocrx_word' id='word_1_451' title='bbox 2591 2994 2698 3030; x_wconf 86' lang='grc' dir='ltr'><strong>των</strong></span> <span class='ocrx_word' id='word_1_452' title='bbox 2730 2977 2996 3047; x_wconf 84' lang='grc' dir='ltr'>σωμάτων</span> <span class='ocrx_word' id='word_1_453' title='bbox 3022 2977 3090 3030; x_wconf 82' lang='grc' dir='ltr'>τὰ</span> <span class='ocrx_word' id='word_1_454' title='bbox 3122 2976 3220 3047; x_wconf 81' lang='grc' dir='ltr'>μὲν</span> <span class='ocrx_word' id='word_1_455' title='bbox 3262 2974 3674 3038; x_wconf 75' lang='grc' dir='ltr'>καταπλάττων,</span> <span class='ocrx_word' id='word_1_456' title='bbox 3707 2972 3778 3026; x_wconf 81' lang='grc' dir='ltr'><strong>τά</strong></span> <span class='ocrx_word' id='word_1_457' title='bbox 3805 2973 3862 3026; x_wconf 83' lang='grc' dir='ltr'><strong>δέ</strong></span> <span class='ocrx_word' id='word_1_458' title='bbox 3887 2969 4175 3026; x_wconf 80' lang='grc' dir='ltr'>καταλεαί-</span> 
     </span>
    </p>
   </div>
   <div class='ocr_carea' id='block_1_58' title="bbox 2591 3062 4174 3136">
    <p class='ocr_par' dir='ltr' id='par_1_58' title="bbox 2591 3062 4174 3136">
     <span class='ocr_line' id='line_1_58' title="bbox 2591 3062 4174 3136; baseline -0.004 -17"><span class='ocrx_word' id='word_1_459' title='bbox 2591 3085 2719 3133; x_wconf 88' lang='grc' dir='ltr'>νων,</span> <span class='ocrx_word' id='word_1_460' title='bbox 2749 3068 2816 3121; x_wconf 78' lang='grc' dir='ltr'><strong>τά</strong></span> <span class='ocrx_word' id='word_1_461' title='bbox 2835 3069 2892 3120; x_wconf 86' lang='grc' dir='ltr'><strong>δέ</strong></span> <span class='ocrx_word' id='word_1_462' title='bbox 2917 3066 3252 3121; x_wconf 86' lang='grc' dir='ltr'>καταντλῶν·</span> <span class='ocrx_word' id='word_1_463' title='bbox 3270 3067 3340 3119; x_wconf 81' lang='grc' dir='ltr'><strong>τά</strong></span> <span class='ocrx_word' id='word_1_464' title='bbox 3366 3065 3422 3118; x_wconf 84' lang='grc' dir='ltr'>δὲ</span> <span class='ocrx_word' id='word_1_465' title='bbox 3447 3065 3542 3118; x_wconf 80' lang='grc' dir='ltr'>καὶ</span> <span class='ocrx_word' id='word_1_466' title='bbox 3569 3065 3771 3136; x_wconf 87' lang='grc' dir='ltr'>σιδήρῳ</span> <span class='ocrx_word' id='word_1_467' title='bbox 3801 3062 4043 3134; x_wconf 88' lang='grc' dir='ltr'>διαιρῶν,</span> <span class='ocrx_word' id='word_1_468' title='bbox 4061 3063 4174 3115; x_wconf 82' lang='grc' dir='ltr'>ἐπι-</span> 
     </span>
    </p>
   </div>
   <div class='ocr_carea' id='block_1_59' title="bbox 2592 3148 4173 3227">
    <p class='ocr_par' dir='ltr' id='par_1_59' title="bbox 2592 3148 4173 3227">
     <span class='ocr_line' id='line_1_59' title="bbox 2592 3148 4173 3227; baseline -0.008 -12"><span class='ocrx_word' id='word_1_469' title='bbox 2592 3162 2761 3215; x_wconf 86' lang='grc' dir='ltr'>καίων</span> <span class='ocrx_word' id='word_1_470' title='bbox 2797 3160 2853 3214; x_wconf 79' lang='grc' dir='ltr'>δὲ</span> <span class='ocrx_word' id='word_1_471' title='bbox 2887 3159 3044 3222; x_wconf 82' lang='grc' dir='ltr'>ἄλλα,</span> <span class='ocrx_word' id='word_1_472' title='bbox 3080 3159 3197 3212; x_wconf 81' lang='grc' dir='ltr'>ἐστι</span> <span class='ocrx_word' id='word_1_473' title='bbox 3225 3159 3268 3211; x_wconf 87' lang='grc' dir='ltr'>δ’</span> <span class='ocrx_word' id='word_1_474' title='bbox 3301 3151 3362 3211; x_wconf 76' lang='grc' dir='ltr'><strong>οὗ</strong></span> <span class='ocrx_word' id='word_1_475' title='bbox 3392 3159 3487 3211; x_wconf 75' lang='grc' dir='ltr'>καὶ</span> <span class='ocrx_word' id='word_1_476' title='bbox 3527 3155 3834 3227; x_wconf 88' lang='grc' dir='ltr'>ἀποπρίων,</span> <span class='ocrx_word' id='word_1_477' title='bbox 3854 3155 3907 3207; x_wconf 76' lang='grc' dir='ltr'><strong>εἰ</strong></span> <span class='ocrx_word' id='word_1_478' title='bbox 3925 3171 4044 3217; x_wconf 90' lang='grc' dir='ltr'><strong>πως</strong></span> <span class='ocrx_word' id='word_1_479' title='bbox 4062 3148 4173 3206; x_wconf 79' lang='grc' dir='ltr'>οἷόν</span> 
     </span>
    </p>
   </div>
   <div class='ocr_carea' id='block_1_60' title="bbox 905 3236 2665 3328">
    <p class='ocr_par' dir='ltr' id='par_1_60' title="bbox 905 3236 2650 3328">
     <span class='ocr_line' id='line_1_60' title="bbox 905 3236 2650 3328; baseline 0.001 -38"><span class='ocrx_word' id='word_1_480' title='bbox 905 3236 1062 3290; x_wconf 87' lang='lat' dir='ltr'><strong>vitat.</strong></span> <span class='ocrx_word' id='word_1_481' title='bbox 1093 3237 1364 3291; x_wconf 61' lang='lat' dir='ltr'><strong>(laterum</strong></span> <span class='ocrx_word' id='word_1_482' title='bbox 1404 3246 1759 3291; x_wconf 88' lang='lat' dir='ltr'><strong>contumaces</strong></span> <span class='ocrx_word' id='word_1_483' title='bbox 1799 3236 2026 3306; x_wconf 89' lang='lat' dir='ltr'><strong>quidem</strong></span> <span class='ocrx_word' id='word_1_484' title='bbox 2067 3247 2121 3291; x_wconf 90' lang='lat' dir='ltr'><strong>et</strong></span> <span class='ocrx_word' id='word_1_485' title='bbox 2152 3238 2275 3291; x_wconf 89' lang='lat' dir='ltr'><strong>duri</strong></span> <span class='ocrx_word' id='word_1_486' title='bbox 2309 3239 2489 3293; x_wconf 85' lang='lat' dir='ltr'><strong>cordis</strong></span> <span class='ocrx_word' id='word_1_487' title='bbox 2517 3275 2558 3328; x_wconf 61' lang='grc' dir='ltr'>ε</span> <span class='ocrx_word' id='word_1_488' title='bbox 2592 3271 2650 3305; x_wconf 75' lang='grc' dir='ltr'>τε</span> 
     </span>
    </p>
   </div>
   <div class='ocr_carea' id='block_1_61' title="bbox 2410 3236 4170 3328">
    <p class='ocr_par' dir='ltr' id='par_1_61' title="bbox 2410 3239 4170 3328">
     <span class='ocr_line' id='line_1_61' title="bbox 2410 3239 4170 3328; baseline -0.003 -23"><span class='ocrx_word' id='word_1_489' title='bbox 2410 3239 2489 3292; x_wconf 56' lang='grc' dir='ltr'>δίε</span> <span class='ocrx_word' id='word_1_490' title='bbox 2517 3275 2558 3328; x_wconf 75' lang='lat' dir='ltr'><strong>c</strong></span> <span class='ocrx_word' id='word_1_491' title='bbox 2592 3271 2650 3305; x_wconf 86' lang='grc' dir='ltr'><strong>τε</strong></span> <span class='ocrx_word' id='word_1_492' title='bbox 2685 3253 2786 3306; x_wconf 67' lang='grc' dir='ltr'>κᾶν</span> <span class='ocrx_word' id='word_1_493' title='bbox 2831 3251 2979 3324; x_wconf 77' lang='grc' dir='ltr'>παρὰ</span> <span class='ocrx_word' id='word_1_494' title='bbox 3013 3250 3237 3322; x_wconf 75' lang='grc' dir='ltr'>μέρος-ἢ</span> <span class='ocrx_word' id='word_1_495' title='bbox 3285 3250 3444 3320; x_wconf 81' lang='grc' dir='ltr'>μέλος</span> <span class='ocrx_word' id='word_1_496' title='bbox 3477 3250 3568 3302; x_wconf 83' lang='grc' dir='ltr'>τὸν</span> <span class='ocrx_word' id='word_1_497' title='bbox 3600 3249 3884 3318; x_wconf 82' lang='grc' dir='ltr'>ἄνθρωπον</span> <span class='ocrx_word' id='word_1_498' title='bbox 3932 3245 4170 3314; x_wconf 76' lang='grc' dir='ltr'>ὑγιάναι.</span> 
     </span>
    </p>
   </div>
   <div class='ocr_carea' id='block_1_62' title="bbox 906 3327 2666 3413">
    <p class='ocr_par' dir='ltr' id='par_1_62' title="bbox 906 3327 2666 3400">
     <span class='ocr_line' id='line_1_62' title="bbox 906 3327 2666 3400; baseline 0.002 -18"><span class='ocrx_word' id='word_1_499' title='bbox 906 3327 1161 3382; x_wconf 85' lang='lat' dir='ltr'><strong>homines</strong></span> <span class='ocrx_word' id='word_1_500' title='bbox 1188 3337 1334 3382; x_wconf 92' lang='lat' dir='ltr'><strong>metu</strong></span> <span class='ocrx_word' id='word_1_501' title='bbox 1352 3328 1607 3396; x_wconf 88' lang='lat' dir='ltr'><strong>impellit;</strong></span> <span class='ocrx_word' id='word_1_502' title='bbox 1633 3329 1770 3383; x_wconf 91' lang='lat' dir='ltr'><strong>alios</strong></span> <span class='ocrx_word' id='word_1_503' title='bbox 1803 3344 1952 3396; x_wconf 91' lang='lat' dir='ltr'><strong>vero,</strong></span> <span class='ocrx_word' id='word_1_504' title='bbox 1976 3331 2068 3398; x_wconf 85' lang='lat' dir='ltr'><strong>qui</strong></span> <span class='ocrx_word' id='word_1_505' title='bbox 2096 3331 2322 3386; x_wconf 88' lang='lat' dir='ltr'><strong>auribus</strong></span> <span class='ocrx_word' id='word_1_506' title='bbox 2347 3346 2488 3400; x_wconf 61' lang='grc' dir='ltr'><strong>ιιι-ω·-</strong></span> <span class='ocrx_word' id='word_1_507' title='bbox 2535 3327 2554 3328; x_wconf 29' lang='grc' dir='ltr'>ί</span> <span class='ocrx_word' id='word_1_508' title='bbox 2594 3345 2666 3396; x_wconf 80' lang='grc' dir='ltr'><strong>[ιο</strong></span> 
     </span>
    </p>
   </div>
   <div class='ocr_carea' id='block_1_63' title="bbox 2415 3327 4175 3413">
    <p class='ocr_par' dir='ltr' id='par_1_63' title="bbox 2415 3327 4175 3413">
     <span class='ocr_line' id='line_1_63' title="bbox 2415 3327 4175 3413; baseline -0.005 -17"><span class='ocrx_word' id='word_1_509' title='bbox 2415 3346 2488 3384; x_wconf 58' lang='grc' dir='ltr'><strong>π’</strong></span> <span class='ocrx_word' id='word_1_510' title='bbox 2535 3327 2554 3328; x_wconf 27' lang='lat'><em>7</em></span> <span class='ocrx_word' id='word_1_511' title='bbox 2594 3343 2914 3411; x_wconf 79' lang='grc' dir='ltr'>Πολύφωνός</span> <span class='ocrx_word' id='word_1_512' title='bbox 2927 3360 2990 3412; x_wconf 88' lang='grc' dir='ltr'><strong>γε</strong></span> <span class='ocrx_word' id='word_1_513' title='bbox 3019 3345 3048 3396; x_wconf 98' lang='lat'><strong>6</strong></span> <span class='ocrx_word' id='word_1_514' title='bbox 3074 3343 3268 3413; x_wconf 81' lang='grc' dir='ltr'>Σωτὴρ</span> <span class='ocrx_word' id='word_1_515' title='bbox 3294 3343 3387 3393; x_wconf 73' lang='grc' dir='ltr'>καὶ</span> <span class='ocrx_word' id='word_1_516' title='bbox 3409 3339 3748 3410; x_wconf 81' lang='grc' dir='ltr'>πολύτροπος</span> <span class='ocrx_word' id='word_1_517' title='bbox 3771 3339 3850 3400; x_wconf 86' lang='grc' dir='ltr'>εἰς</span> <span class='ocrx_word' id='word_1_518' title='bbox 3868 3333 4175 3408; x_wconf 75' lang='grc' dir='ltr'>ἀνθρώπων</span> 
     </span>
    </p>
   </div>
   <div class='ocr_carea' id='block_1_64' title="bbox 907 3419 2489 3491">
    <p class='ocr_par' dir='ltr' id='par_1_64' title="bbox 907 3419 2489 3491">
     <span class='ocr_line' id='line_1_64' title="bbox 907 3419 2489 3491; baseline 0.003 -22"><span class='ocrx_word' id='word_1_519' title='bbox 907 3419 1005 3473; x_wconf 87' lang='lat' dir='ltr'><strong>diti</strong></span> <span class='ocrx_word' id='word_1_520' title='bbox 1054 3428 1204 3486; x_wconf 90' lang='lat' dir='ltr'><strong>sunt,</strong></span> <span class='ocrx_word' id='word_1_521' title='bbox 1229 3435 1325 3488; x_wconf 88' lang='lat' dir='ltr'><strong>per</strong></span> <span class='ocrx_word' id='word_1_522' title='bbox 1351 3419 1573 3491; x_wconf 81' lang='lat' dir='ltr'><strong>Moysen</strong></span> <span class='ocrx_word' id='word_1_523' title='bbox 1605 3420 1758 3473; x_wconf 91' lang='lat' dir='ltr'><strong>illum</strong></span> <span class='ocrx_word' id='word_1_524' title='bbox 1793 3421 2074 3489; x_wconf 58' lang='lat' dir='ltr'><strong>sapientia</strong></span> <span class='ocrx_word' id='word_1_525' title='bbox 2102 3423 2284 3476; x_wconf 91' lang='lat' dir='ltr'><strong>omnis</strong></span> <span class='ocrx_word' id='word_1_526' title='bbox 2315 3421 2489 3491; x_wconf 85' lang='lat' dir='ltr'><strong>magi-</strong></span> 
     </span>
    </p>
   </div>
   <div class='ocr_carea' id='block_1_65' title="bbox 907 3509 2486 3582">
    <p class='ocr_par' dir='ltr' id='par_1_65' title="bbox 907 3509 2486 3582">
     <span class='ocr_line' id='line_1_65' title="bbox 907 3509 2486 3582; baseline 0 -17"><span class='ocrx_word' id='word_1_527' title='bbox 907 3518 1107 3575; x_wconf 83' lang='lat' dir='ltr'><strong>strum,</strong></span> <span class='ocrx_word' id='word_1_528' title='bbox 1143 3527 1240 3580; x_wconf 90' lang='lat' dir='ltr'><strong>per</strong></span> <span class='ocrx_word' id='word_1_529' title='bbox 1269 3509 1464 3565; x_wconf 88' lang='lat' dir='ltr'><strong>Isaiam</strong></span> <span class='ocrx_word' id='word_1_530' title='bbox 1506 3510 1752 3566; x_wconf 86' lang='lat' dir='ltr'><strong>veritatis</strong></span> <span class='ocrx_word' id='word_1_531' title='bbox 1780 3512 2066 3575; x_wconf 89' lang='lat' dir='ltr'><strong>cultorem,</strong></span> <span class='ocrx_word' id='word_1_532' title='bbox 2099 3524 2155 3566; x_wconf 92' lang='lat' dir='ltr'><strong>et</strong></span> <span class='ocrx_word' id='word_1_533' title='bbox 2185 3528 2280 3582; x_wconf 92' lang='lat' dir='ltr'><strong>per</strong></span> <span class='ocrx_word' id='word_1_534' title='bbox 2313 3521 2486 3566; x_wconf 90' lang='lat' dir='ltr'><strong>totum</strong></span> 
     </span>
    </p>
   </div>
   <div class='ocr_carea' id='block_1_66' title="bbox 907 3603 2487 3675">
    <p class='ocr_par' dir='ltr' id='par_1_66' title="bbox 907 3603 2487 3675">
     <span class='ocr_line' id='line_1_66' title="bbox 907 3603 2487 3675; baseline 0.003 -19"><span class='ocrx_word' id='word_1_535' title='bbox 907 3603 1289 3673; x_wconf 86' lang='lat' dir='ltr'><strong>propheticum</strong></span> <span class='ocrx_word' id='word_1_536' title='bbox 1341 3605 1572 3658; x_wconf 88' lang='lat' dir='ltr'><strong>chorum</strong></span> <span class='ocrx_word' id='word_1_537' title='bbox 1623 3605 1798 3675; x_wconf 87' lang='lat' dir='ltr'><strong>magis</strong></span> <span class='ocrx_word' id='word_1_538' title='bbox 1829 3605 2081 3658; x_wconf 89' lang='lat' dir='ltr'><strong>rationali</strong></span> <span class='ocrx_word' id='word_1_539' title='bbox 2131 3606 2390 3659; x_wconf 90' lang='lat' dir='ltr'><strong>methodo</strong></span> <span class='ocrx_word' id='word_1_540' title='bbox 2421 3607 2487 3660; x_wconf 85' lang='lat' dir='ltr'><strong>ad</strong></span> 
     </span>
    </p>
   </div>
   <div class='ocr_carea' id='block_1_67' title="bbox 910 3694 2484 3766">
    <p class='ocr_par' dir='ltr' id='par_1_67' title="bbox 910 3694 2484 3766">
     <span class='ocr_line' id='line_1_67' title="bbox 910 3694 2484 3766; baseline -0.001 -16"><span class='ocrx_word' id='word_1_541' title='bbox 910 3696 1182 3750; x_wconf 87' lang='lat' dir='ltr'><strong>rationem</strong></span> <span class='ocrx_word' id='word_1_542' title='bbox 1224 3710 1320 3751; x_wconf 85' lang='lat' dir='ltr'><strong>seu</strong></span> <span class='ocrx_word' id='word_1_543' title='bbox 1355 3694 1595 3750; x_wconf 84' lang='lat' dir='ltr'><strong>Verbum</strong></span> <span class='ocrx_word' id='word_1_544' title='bbox 1633 3697 1922 3752; x_wconf 88' lang='lat' dir='ltr'><strong>convertit.</strong></span> <span class='ocrx_word' id='word_1_545' title='bbox 1956 3697 2268 3766; x_wconf 76' lang='lat' dir='ltr'><strong>Aliquando</strong></span> <span class='ocrx_word' id='word_1_546' title='bbox 2295 3697 2484 3751; x_wconf 81' lang='lat' dir='ltr'><strong>convi-</strong></span> 
     </span>
    </p>
   </div>
   <div class='ocr_carea' id='block_1_68' title="bbox 907 3789 2491 3856">
    <p class='ocr_par' dir='ltr' id='par_1_68' title="bbox 907 3789 2491 3856">
     <span class='ocr_line' id='line_1_68' title="bbox 907 3789 2491 3856; baseline 0.001 -12"><span class='ocrx_word' id='word_1_547' title='bbox 907 3789 1000 3845; x_wconf 89' lang='lat' dir='ltr'><strong>tiis</strong></span> <span class='ocrx_word' id='word_1_548' title='bbox 1026 3789 1237 3855; x_wconf 88' lang='lat' dir='ltr'><strong>utitur;</strong></span> <span class='ocrx_word' id='word_1_549' title='bbox 1267 3799 1354 3844; x_wconf 91' lang='lat' dir='ltr'><strong>est</strong></span> <span class='ocrx_word' id='word_1_550' title='bbox 1382 3790 1474 3845; x_wconf 92' lang='lat' dir='ltr'><strong>ubi</strong></span> <span class='ocrx_word' id='word_1_551' title='bbox 1506 3799 1560 3844; x_wconf 89' lang='lat' dir='ltr'><strong>et</strong></span> <span class='ocrx_word' id='word_1_552' title='bbox 1604 3790 1804 3856; x_wconf 89' lang='lat' dir='ltr'><strong>minis;</strong></span> <span class='ocrx_word' id='word_1_553' title='bbox 1847 3791 1949 3845; x_wconf 93' lang='lat' dir='ltr'><strong>hos</strong></span> <span class='ocrx_word' id='word_1_554' title='bbox 1980 3789 2122 3844; x_wconf 90' lang='lat' dir='ltr'><strong>idem</strong></span> <span class='ocrx_word' id='word_1_555' title='bbox 2154 3790 2334 3856; x_wconf 80' lang='lat' dir='ltr'><strong>deflet,</strong></span> <span class='ocrx_word' id='word_1_556' title='bbox 2369 3791 2491 3845; x_wconf 91' lang='lat' dir='ltr'><strong>illos</strong></span> 
     </span>
    </p>
   </div>
   <div class='ocr_carea' id='block_1_69' title="bbox 907 3880 2492 3949">
    <p class='ocr_par' dir='ltr' id='par_1_69' title="bbox 907 3880 2492 3949">
     <span class='ocr_line' id='line_1_69' title="bbox 907 3880 2492 3949; baseline 0 -15"><span class='ocrx_word' id='word_1_557' title='bbox 907 3889 1072 3934; x_wconf 88' lang='lat' dir='ltr'><strong>cantu</strong></span> <span class='ocrx_word' id='word_1_558' title='bbox 1102 3881 1375 3934; x_wconf 90' lang='lat' dir='ltr'><strong>demulcet</strong></span> <span class='ocrx_word' id='word_1_559' title='bbox 1403 3899 1416 3934; x_wconf 92' lang='lat'><strong>:</strong></span> <span class='ocrx_word' id='word_1_560' title='bbox 1447 3880 1614 3935; x_wconf 78' lang='lat' dir='ltr'><strong>veluti</strong></span> <span class='ocrx_word' id='word_1_561' title='bbox 1657 3880 1878 3948; x_wconf 89' lang='lat' dir='ltr'><strong>sapiens</strong></span> <span class='ocrx_word' id='word_1_562' title='bbox 1910 3880 2158 3935; x_wconf 90' lang='lat' dir='ltr'><strong>medicus</strong></span> <span class='ocrx_word' id='word_1_563' title='bbox 2191 3880 2330 3935; x_wconf 81' lang='lat' dir='ltr'><strong>alios</strong></span> <span class='ocrx_word' id='word_1_564' title='bbox 2366 3881 2492 3949; x_wconf 83' lang='lat' dir='ltr'><strong>qui-</strong></span> 
     </span>
    </p>
   </div>
   <div class='ocr_carea' id='block_1_70' title="bbox 908 3971 2491 4042">
    <p class='ocr_par' dir='ltr' id='par_1_70' title="bbox 908 3971 2491 4042">
     <span class='ocr_line' id='line_1_70' title="bbox 908 3971 2491 4042; baseline 0.001 -16"><span class='ocrx_word' id='word_1_565' title='bbox 908 3971 1032 4026; x_wconf 86' lang='lat' dir='ltr'><strong>dem</strong></span> <span class='ocrx_word' id='word_1_566' title='bbox 1054 3987 1226 4040; x_wconf 64' lang='lat' dir='ltr'><strong>aegros</strong></span> <span class='ocrx_word' id='word_1_567' title='bbox 1241 3972 1746 4042; x_wconf 88' lang='lat' dir='ltr'><strong>cataplasmatibus,</strong></span> <span class='ocrx_word' id='word_1_568' title='bbox 1772 3973 1910 4027; x_wconf 85' lang='lat' dir='ltr'><strong>alios</strong></span> <span class='ocrx_word' id='word_1_569' title='bbox 1943 3973 2360 4042; x_wconf 90' lang='lat' dir='ltr'><strong>purgationibus</strong></span> <span class='ocrx_word' id='word_1_570' title='bbox 2391 3989 2491 4027; x_wconf 87' lang='lat' dir='ltr'><strong>cu-</strong></span> 
     </span>
    </p>
   </div>
   <div class='ocr_carea' id='block_1_71' title="bbox 907 4063 2493 4131">
    <p class='ocr_par' dir='ltr' id='par_1_71' title="bbox 907 4063 2493 4131">
     <span class='ocr_line' id='line_1_71' title="bbox 907 4063 2493 4131; baseline 0.001 -15"><span class='ocrx_word' id='word_1_571' title='bbox 907 4071 1025 4126; x_wconf 84' lang='lat' dir='ltr'><strong>rat;</strong></span> <span class='ocrx_word' id='word_1_572' title='bbox 1049 4063 1186 4118; x_wconf 90' lang='lat' dir='ltr'><strong>alios</strong></span> <span class='ocrx_word' id='word_1_573' title='bbox 1207 4064 1464 4117; x_wconf 90' lang='lat' dir='ltr'><strong>fomentis</strong></span> <span class='ocrx_word' id='word_1_574' title='bbox 1485 4064 1862 4128; x_wconf 86' lang='lat' dir='ltr'><strong>emollit,a|ios</strong></span> <span class='ocrx_word' id='word_1_575' title='bbox 1885 4063 2030 4119; x_wconf 88' lang='lat' dir='ltr'><strong>ferro</strong></span> <span class='ocrx_word' id='word_1_576' title='bbox 2060 4064 2332 4131; x_wconf 90' lang='lat' dir='ltr'><strong>lancinat;</strong></span> <span class='ocrx_word' id='word_1_577' title='bbox 2365 4074 2493 4119; x_wconf 88' lang='lat' dir='ltr'><strong>sunt</strong></span> 
     </span>
    </p>
   </div>
   <div class='ocr_carea' id='block_1_72' title="bbox 910 4154 2488 4223">
    <p class='ocr_par' dir='ltr' id='par_1_72' title="bbox 910 4154 2488 4223">
     <span class='ocr_line' id='line_1_72' title="bbox 910 4154 2488 4223; baseline 0.001 -15"><span class='ocrx_word' id='word_1_578' title='bbox 910 4154 1074 4208; x_wconf 82' lang='lat' dir='ltr'><strong>ctiam</strong></span> <span class='ocrx_word' id='word_1_579' title='bbox 1105 4169 1246 4223; x_wconf 90' lang='lat' dir='ltr'><strong>quos</strong></span> <span class='ocrx_word' id='word_1_580' title='bbox 1276 4154 1481 4216; x_wconf 91' lang='lat' dir='ltr'><strong>adurit,</strong></span> <span class='ocrx_word' id='word_1_581' title='bbox 1514 4162 1568 4207; x_wconf 89' lang='lat' dir='ltr'><strong>et</strong></span> <span class='ocrx_word' id='word_1_582' title='bbox 1595 4154 1798 4223; x_wconf 87' lang='lat' dir='ltr'><strong>quibus</strong></span> <span class='ocrx_word' id='word_1_583' title='bbox 1828 4157 2190 4210; x_wconf 88' lang='lat' dir='ltr'><strong>resectionem</strong></span> <span class='ocrx_word' id='word_1_584' title='bbox 2231 4157 2488 4220; x_wconf 78' lang='lat' dir='ltr'><strong>adhibet,</strong></span> 
     </span>
    </p>
   </div>
   <div class='ocr_carea' id='block_1_73' title="bbox 904 4245 2495 4317">
    <p class='ocr_par' dir='ltr' id='par_1_73' title="bbox 904 4245 2495 4317">
     <span class='ocr_line' id='line_1_73' title="bbox 904 4245 2495 4317; baseline 0.001 -16"><span class='ocrx_word' id='word_1_585' title='bbox 904 4245 958 4301; x_wconf 80' lang='lat' dir='ltr'><strong>si</strong></span> <span class='ocrx_word' id='word_1_586' title='bbox 988 4262 1094 4314; x_wconf 89' lang='lat' dir='ltr'><strong>qua</strong></span> <span class='ocrx_word' id='word_1_587' title='bbox 1124 4247 1335 4300; x_wconf 84' lang='lat' dir='ltr'><strong>ratione</strong></span> <span class='ocrx_word' id='word_1_588' title='bbox 1355 4245 1580 4299; x_wconf 91' lang='lat' dir='ltr'><strong>humani</strong></span> <span class='ocrx_word' id='word_1_589' title='bbox 1604 4247 1852 4316; x_wconf 90' lang='lat' dir='ltr'><strong>corporis</strong></span> <span class='ocrx_word' id='word_1_590' title='bbox 1873 4247 2035 4301; x_wconf 89' lang='lat' dir='ltr'><strong>alicui</strong></span> <span class='ocrx_word' id='word_1_591' title='bbox 2061 4249 2201 4317; x_wconf 86' lang='lat' dir='ltr'><strong>parti</strong></span> <span class='ocrx_word' id='word_1_592' title='bbox 2222 4249 2307 4302; x_wconf 91' lang='lat' dir='ltr'><strong>vel</strong></span> <span class='ocrx_word' id='word_1_593' title='bbox 2323 4265 2495 4304; x_wconf 89' lang='lat' dir='ltr'><strong>mem-</strong></span> 
     </span>
    </p>
   </div>
   <div class='ocr_carea' id='block_1_74' title="bbox 909 4336 2495 4406">
    <p class='ocr_par' dir='ltr' id='par_1_74' title="bbox 909 4336 2495 4406">
     <span class='ocr_line' id='line_1_74' title="bbox 909 4336 2495 4406; baseline 0.002 -15"><span class='ocrx_word' id='word_1_594' title='bbox 909 4336 1011 4391; x_wconf 85' lang='lat' dir='ltr'><strong>bro</strong></span> <span class='ocrx_word' id='word_1_595' title='bbox 1061 4337 1267 4392; x_wconf 87' lang='lat' dir='ltr'><strong>sanitas</strong></span> <span class='ocrx_word' id='word_1_596' title='bbox 1309 4338 1524 4392; x_wconf 87' lang='lat' dir='ltr'><strong>restitui</strong></span> <span class='ocrx_word' id='word_1_597' title='bbox 1579 4338 1780 4406; x_wconf 88' lang='lat' dir='ltr'><strong>possit;</strong></span> <span class='ocrx_word' id='word_1_598' title='bbox 1819 4339 2002 4393; x_wconf 81' lang='lat' dir='ltr'><strong>varias</strong></span> <span class='ocrx_word' id='word_1_599' title='bbox 2049 4341 2194 4393; x_wconf 89' lang='lat' dir='ltr'><strong>enim</strong></span> <span class='ocrx_word' id='word_1_600' title='bbox 2245 4340 2495 4394; x_wconf 82' lang='lat' dir='ltr'><strong>Salvator</strong></span> 
     </span>
    </p>
   </div>
   <div class='ocr_carea' id='block_1_75' title="bbox 907 4429 2495 4498">
    <p class='ocr_par' dir='ltr' id='par_1_75' title="bbox 907 4429 2495 4498">
     <span class='ocr_line' id='line_1_75' title="bbox 907 4429 2495 4498; baseline 0.001 -16"><span class='ocrx_word' id='word_1_601' title='bbox 907 4438 1095 4483; x_wconf 87' lang='lat' dir='ltr'><strong>noster</strong></span> <span class='ocrx_word' id='word_1_602' title='bbox 1123 4445 1287 4484; x_wconf 82' lang='lat' dir='ltr'><strong>voces</strong></span> <span class='ocrx_word' id='word_1_603' title='bbox 1329 4429 1572 4494; x_wconf 89' lang='lat' dir='ltr'><strong>adhibet,</strong></span> <span class='ocrx_word' id='word_1_604' title='bbox 1623 4437 1680 4484; x_wconf 89' lang='lat' dir='ltr'><strong>et</strong></span> <span class='ocrx_word' id='word_1_605' title='bbox 1723 4429 1907 4484; x_wconf 87' lang='lat' dir='ltr'><strong>varias</strong></span> <span class='ocrx_word' id='word_1_606' title='bbox 1951 4430 2237 4498; x_wconf 78' lang='lat' dir='ltr'><strong>experitur</strong></span> <span class='ocrx_word' id='word_1_607' title='bbox 2264 4432 2404 4496; x_wconf 86' lang='lat' dir='ltr'><strong>vias,</strong></span> <span class='ocrx_word' id='word_1_608' title='bbox 2434 4440 2495 4484; x_wconf 90' lang='lat' dir='ltr'><strong>ut</strong></span> 
     </span>
    </p>
   </div>
   <div class='ocr_carea' id='block_1_76' title="bbox 907 4518 2494 4588">
    <p class='ocr_par' dir='ltr' id='par_1_76' title="bbox 907 4518 2494 4588">
     <span class='ocr_line' id='line_1_76' title="bbox 907 4518 2494 4588; baseline 0.002 -15"><span class='ocrx_word' id='word_1_609' title='bbox 907 4518 1161 4573; x_wconf 83' lang='lat' dir='ltr'><strong>homines</strong></span> <span class='ocrx_word' id='word_1_610' title='bbox 1187 4519 1253 4572; x_wconf 88' lang='lat' dir='ltr'><strong>ad</strong></span> <span class='ocrx_word' id='word_1_611' title='bbox 1276 4519 1506 4573; x_wconf 86' lang='lat' dir='ltr'><strong>salutem</strong></span> <span class='ocrx_word' id='word_1_612' title='bbox 1535 4521 1816 4588; x_wconf 86' lang='lat' dir='ltr'><strong>perducat.</strong></span> <span class='ocrx_word' id='word_1_613' title='bbox 1852 4520 1988 4574; x_wconf 89' lang='lat' dir='ltr'><strong>Dum</strong></span> <span class='ocrx_word' id='word_1_614' title='bbox 2013 4523 2279 4588; x_wconf 90' lang='lat' dir='ltr'><strong>minatur,</strong></span> <span class='ocrx_word' id='word_1_615' title='bbox 2303 4523 2494 4577; x_wconf 90' lang='lat' dir='ltr'><strong>admo-</strong></span> 
     </span>
    </p>
   </div>
   <div class='ocr_carea' id='block_1_77' title="bbox 2594 3426 4177 3505">
    <p class='ocr_par' dir='ltr' id='par_1_77' title="bbox 2594 3426 4177 3505">
     <span class='ocr_line' id='line_1_77' title="bbox 2594 3426 4177 3505; baseline -0.006 -19"><span class='ocrx_word' id='word_1_616' title='bbox 2594 3435 2900 3505; x_wconf 82' lang='grc' dir='ltr'>σωτηρίαν·</span> <span class='ocrx_word' id='word_1_617' title='bbox 2958 3431 3197 3486; x_wconf 82' lang='grc' dir='ltr'>ἀπειλῶν</span> <span class='ocrx_word' id='word_1_618' title='bbox 3250 3430 3524 3483; x_wconf 83' lang='grc' dir='ltr'>νουθετεῖ·</span> <span class='ocrx_word' id='word_1_619' title='bbox 3589 3427 3992 3498; x_wconf 82' lang='grc' dir='ltr'>λοιδορούμενος</span> <span class='ocrx_word' id='word_1_620' title='bbox 4055 3426 4177 3478; x_wconf 87' lang='grc' dir='ltr'>ἐπι-</span> 
     </span>
    </p>
   </div>
   <div class='ocr_carea' id='block_1_78' title="bbox 2593 3513 4180 3596">
    <p class='ocr_par' dir='ltr' id='par_1_78' title="bbox 2593 3513 4180 3596">
     <span class='ocr_line' id='line_1_78' title="bbox 2593 3513 4180 3596; baseline -0.006 -18"><span class='ocrx_word' id='word_1_621' title='bbox 2593 3526 2841 3596; x_wconf 78' lang='grc' dir='ltr'>στρέφει·</span> <span class='ocrx_word' id='word_1_622' title='bbox 2870 3523 3085 3595; x_wconf 87' lang='grc' dir='ltr'>θρηνῶν</span> <span class='ocrx_word' id='word_1_623' title='bbox 3126 3523 3294 3575; x_wconf 85' lang='grc' dir='ltr'>ἐλεεῖ·</span> <span class='ocrx_word' id='word_1_624' title='bbox 3329 3521 3548 3590; x_wconf 81' lang='grc' dir='ltr'>ψάλλων</span> <span class='ocrx_word' id='word_1_625' title='bbox 3597 3518 3930 3586; x_wconf 83' lang='grc' dir='ltr'>παρακαλεῖ·</span> <span class='ocrx_word' id='word_1_626' title='bbox 3963 3515 4054 3570; x_wconf 83' lang='grc' dir='ltr'><strong>διὰ</strong></span> <span class='ocrx_word' id='word_1_627' title='bbox 4081 3513 4180 3586; x_wconf 83' lang='grc' dir='ltr'><strong>βά-</strong></span> 
     </span>
    </p>
   </div>
   <div class='ocr_carea' id='block_1_79' title="bbox 2589 3607 4174 3684">
    <p class='ocr_par' dir='ltr' id='par_1_79' title="bbox 2589 3607 4174 3684">
     <span class='ocr_line' id='line_1_79' title="bbox 2589 3607 4174 3684; baseline -0.008 -13"><span class='ocrx_word' id='word_1_628' title='bbox 2589 3635 2682 3671; x_wconf 87' lang='grc' dir='ltr'><strong>του</strong></span> <span class='ocrx_word' id='word_1_629' title='bbox 2717 3615 2883 3669; x_wconf 87' lang='grc' dir='ltr'>λαλεῖ·</span> <span class='ocrx_word' id='word_1_630' title='bbox 2919 3615 3000 3667; x_wconf 84' lang='grc' dir='ltr'>ὅτι</span> <span class='ocrx_word' id='word_1_631' title='bbox 3039 3613 3281 3684; x_wconf 84' lang='grc' dir='ltr'>σημείων</span> <span class='ocrx_word' id='word_1_632' title='bbox 3313 3615 3512 3665; x_wconf 83' lang='grc' dir='ltr'>ἐκεῖνοι</span> <span class='ocrx_word' id='word_1_633' title='bbox 3538 3611 3632 3664; x_wconf 62' lang='grc' dir='ltr'><strong>καὶ¹</strong></span> <span class='ocrx_word' id='word_1_634' title='bbox 3652 3609 3894 3680; x_wconf 77' lang='grc' dir='ltr'>τεράτων</span> <span class='ocrx_word' id='word_1_635' title='bbox 3923 3607 4174 3679; x_wconf 76' lang='grc' dir='ltr'><strong>ἔχρῃζον.</strong></span> 
     </span>
    </p>
   </div>
   <div class='ocr_carea' id='block_1_80' title="bbox 2591 3700 4179 3778">
    <p class='ocr_par' dir='ltr' id='par_1_80' title="bbox 2591 3700 4179 3778">
     <span class='ocr_line' id='line_1_80' title="bbox 2591 3700 4179 3778; baseline -0.008 -16"><span class='ocrx_word' id='word_1_636' title='bbox 2591 3711 2702 3762; x_wconf 71' lang='lat' dir='ltr'><strong>Ka‘t</strong></span> <span class='ocrx_word' id='word_1_637' title='bbox 2721 3708 2798 3778; x_wconf 83' lang='grc' dir='ltr'><strong>τῷ</strong></span> <span class='ocrx_word' id='word_1_638' title='bbox 2832 3725 2904 3760; x_wconf 86' lang='grc' dir='ltr'><strong>πυ</strong></span> <span class='ocrx_word' id='word_1_639' title='bbox 2911 3708 2966 3777; x_wconf 75' lang='lat' dir='ltr'><strong>pi.</strong></span> <span class='ocrx_word' id='word_1_640' title='bbox 2996 3706 3290 3759; x_wconf 84' lang='grc' dir='ltr'>δεδίττεται</span> <span class='ocrx_word' id='word_1_641' title='bbox 3314 3704 3442 3767; x_wconf 77' lang='grc' dir='ltr'>τοὺς</span> <span class='ocrx_word' id='word_1_642' title='bbox 3465 3700 3805 3774; x_wconf 81' lang='grc' dir='ltr'>ἀνθρώπους,</span> <span class='ocrx_word' id='word_1_643' title='bbox 3834 3700 4092 3754; x_wconf 85' lang='grc' dir='ltr'>ἀνάπτων</span> <span class='ocrx_word' id='word_1_644' title='bbox 4111 3700 4179 3751; x_wconf 83' lang='grc' dir='ltr'><strong>ἐκ</strong></span> 
     </span>
    </p>
   </div>
   <div class='ocr_carea' id='block_1_81' title="bbox 2593 3788 4173 3867">
    <p class='ocr_par' dir='ltr' id='par_1_81' title="bbox 2593 3788 4173 3867">
     <span class='ocr_line' id='line_1_81' title="bbox 2593 3788 4173 3867; baseline -0.006 -16"><span class='ocrx_word' id='word_1_645' title='bbox 2593 3799 2768 3860; x_wconf 84' lang='grc' dir='ltr'>κίονος</span> <span class='ocrx_word' id='word_1_646' title='bbox 2797 3797 2894 3867; x_wconf 80' lang='grc' dir='ltr'>τὴν</span> <span class='ocrx_word' id='word_1_647' title='bbox 2937 3796 3129 3865; x_wconf 83' lang='grc' dir='ltr'>φλόγα,</span> <span class='ocrx_word' id='word_1_648' title='bbox 3173 3795 3373 3864; x_wconf 85' lang='grc' dir='ltr'>δεῖγμα</span> <span class='ocrx_word' id='word_1_649' title='bbox 3419 3793 3554 3863; x_wconf 81' lang='grc' dir='ltr'>ὁμοῦ</span> <span class='ocrx_word' id='word_1_650' title='bbox 3583 3794 3807 3864; x_wconf 88' lang='grc' dir='ltr'>χάριτος</span> <span class='ocrx_word' id='word_1_651' title='bbox 3842 3791 3938 3844; x_wconf 78' lang='grc' dir='ltr'>καὶ</span> <span class='ocrx_word' id='word_1_652' title='bbox 3977 3788 4173 3857; x_wconf 83' lang='grc' dir='ltr'>φόϐου·</span> 
     </span>
    </p>
   </div>
   <div class='ocr_carea' id='block_1_82' title="bbox 2595 3877 4173 3960">
    <p class='ocr_par' dir='ltr' id='par_1_82' title="bbox 2595 3877 4173 3960">
     <span class='ocr_line' id='line_1_82' title="bbox 2595 3877 4173 3960; baseline -0.007 -16"><span class='ocrx_word' id='word_1_653' title='bbox 2595 3890 2688 3944; x_wconf 81' lang='grc' dir='ltr'><strong>ἐάν</strong></span> <span class='ocrx_word' id='word_1_654' title='bbox 2732 3887 3067 3960; x_wconf 78' lang='grc' dir='ltr'>ὑπακούσῃς,</span> <span class='ocrx_word' id='word_1_655' title='bbox 3113 3887 3175 3939; x_wconf 77' lang='grc' dir='ltr'><strong>το</strong></span> <span class='ocrx_word' id='word_1_656' title='bbox 3207 3886 3349 3954; x_wconf 87' lang='grc' dir='ltr'>φῶς·</span> <span class='ocrx_word' id='word_1_657' title='bbox 3383 3883 3476 3936; x_wconf 78' lang='grc' dir='ltr'>ἐὰν</span> <span class='ocrx_word' id='word_1_658' title='bbox 3524 3881 3900 3956; x_wconf 81' lang='grc' dir='ltr'>παρακούσῃς.</span> <span class='ocrx_word' id='word_1_659' title='bbox 3941 3879 4002 3932; x_wconf 72' lang='grc' dir='ltr'><strong>τὸ</strong></span> <span class='ocrx_word' id='word_1_660' title='bbox 4040 3877 4173 3948; x_wconf 76' lang='grc' dir='ltr'>πῦρ.</span> 
     </span>
    </p>
   </div>
   <div class='ocr_carea' id='block_1_83' title="bbox 2607 3969 4174 4050">
    <p class='ocr_par' dir='ltr' id='par_1_83' title="bbox 2607 3969 4174 4050">
     <span class='ocr_line' id='line_1_83' title="bbox 2607 3969 4174 4050; baseline -0.008 -16"><span class='ocrx_word' id='word_1_661' title='bbox 2607 3981 2825 4050; x_wconf 80' lang='grc' dir='ltr'>Ἐπειδὴ</span> <span class='ocrx_word' id='word_1_662' title='bbox 2857 3980 2914 4032; x_wconf 82' lang='grc' dir='ltr'>δὲ</span> <span class='ocrx_word' id='word_1_663' title='bbox 2949 3980 3042 4032; x_wconf 72' lang='grc' dir='ltr'>καὶ</span> <span class='ocrx_word' id='word_1_664' title='bbox 3076 3979 3252 4039; x_wconf 84' lang='grc' dir='ltr'>κίονος</span> <span class='ocrx_word' id='word_1_665' title='bbox 3284 3977 3379 4028; x_wconf 66' lang='grc' dir='ltr'>καὶ</span> <span class='ocrx_word' id='word_1_666' title='bbox 3403 3975 3564 4046; x_wconf 82' lang='grc' dir='ltr'>βάτου</span> <span class='ocrx_word' id='word_1_667' title='bbox 3603 3977 3637 4045; x_wconf 82' lang='grc' dir='ltr'>ἡ</span> <span class='ocrx_word' id='word_1_668' title='bbox 3673 3972 3811 4044; x_wconf 80' lang='grc' dir='ltr'>σάρξ</span> <span class='ocrx_word' id='word_1_669' title='bbox 3851 3969 4174 4042; x_wconf 68' lang='grc' dir='ltr'>τιμιωτέρα,</span> 
     </span>
    </p>
   </div>
   <div class='ocr_carea' id='block_1_84' title="bbox 2596 4061 4180 4143">
    <p class='ocr_par' dir='ltr' id='par_1_84' title="bbox 2596 4061 4180 4143">
     <span class='ocr_line' id='line_1_84' title="bbox 2596 4061 4180 4143; baseline -0.008 -19"><span class='ocrx_word' id='word_1_670' title='bbox 2596 4071 2868 4143; x_wconf 76' lang='grc' dir='ltr'>προφῆται</span> <span class='ocrx_word' id='word_1_671' title='bbox 2912 4072 3027 4140; x_wconf 80' lang='grc' dir='ltr'>μετ’</span> <span class='ocrx_word' id='word_1_672' title='bbox 3054 4071 3233 4122; x_wconf 88' lang='grc' dir='ltr'>ἐκεῖνα</span> <span class='ocrx_word' id='word_1_673' title='bbox 3263 4067 3609 4136; x_wconf 83' lang='grc' dir='ltr'>φθέγγονται.</span> <span class='ocrx_word' id='word_1_674' title='bbox 3652 4064 3827 4128; x_wconf 77' lang='grc' dir='ltr'>Αὐτὸς</span> <span class='ocrx_word' id='word_1_675' title='bbox 3871 4064 3930 4116; x_wconf 84' lang='grc' dir='ltr'><strong>ἐν</strong></span> <span class='ocrx_word' id='word_1_676' title='bbox 3972 4061 4180 4130; x_wconf 71' lang='grc' dir='ltr'>Ἡσαΐᾳ</span> 
     </span>
    </p>
   </div>
   <div class='ocr_carea' id='block_1_85' title="bbox 2595 4155 4178 4233">
    <p class='ocr_par' dir='ltr' id='par_1_85' title="bbox 2595 4155 4178 4233">
     <span class='ocr_line' id='line_1_85' title="bbox 2595 4155 4178 4233; baseline -0.009 -16"><span class='ocrx_word' id='word_1_677' title='bbox 2595 4166 2623 4217; x_wconf 89' lang='lat'><strong>6</strong></span> <span class='ocrx_word' id='word_1_678' title='bbox 2649 4162 2850 4233; x_wconf 84' lang='grc' dir='ltr'>Κύριος</span> <span class='ocrx_word' id='word_1_679' title='bbox 2882 4160 3078 4214; x_wconf 87' lang='grc' dir='ltr'>λαλῶν·</span> <span class='ocrx_word' id='word_1_680' title='bbox 3106 4159 3268 4221; x_wconf 80' lang='grc' dir='ltr'>αὐτὸς</span> <span class='ocrx_word' id='word_1_681' title='bbox 3294 4161 3354 4211; x_wconf 90' lang='grc' dir='ltr'><strong>ἐν</strong></span> <span class='ocrx_word' id='word_1_682' title='bbox 3399 4157 3573 4227; x_wconf 76' lang='grc' dir='ltr'>Ἠλία·</span> <span class='ocrx_word' id='word_1_683' title='bbox 3616 4157 3674 4210; x_wconf 83' lang='grc' dir='ltr'><strong>ἐν</strong></span> <span class='ocrx_word' id='word_1_684' title='bbox 3696 4155 3925 4226; x_wconf 88' lang='grc' dir='ltr'>στόματι</span> <span class='ocrx_word' id='word_1_685' title='bbox 3960 4169 4178 4224; x_wconf 88' lang='grc' dir='ltr'>προφη-</span> 
     </span>
    </p>
   </div>
   <div class='ocr_carea' id='block_1_86' title="bbox 2593 4243 4176 4320">
    <p class='ocr_par' dir='ltr' id='par_1_86' title="bbox 2593 4243 4176 4320">
     <span class='ocr_line' id='line_1_86' title="bbox 2593 4243 4176 4320; baseline -0.008 -14"><span class='ocrx_word' id='word_1_686' title='bbox 2593 4253 2705 4306; x_wconf 86' lang='grc' dir='ltr'><strong>τῶν</strong></span> <span class='ocrx_word' id='word_1_687' title='bbox 2745 4253 2922 4315; x_wconf 86' lang='grc' dir='ltr'>αύτός.</span> <span class='ocrx_word' id='word_1_688' title='bbox 2962 4252 3034 4304; x_wconf 81' lang='grc' dir='ltr'>Σὺ</span> <span class='ocrx_word' id='word_1_689' title='bbox 3066 4251 3124 4304; x_wconf 81' lang='grc' dir='ltr'>δὲ</span> <span class='ocrx_word' id='word_1_690' title='bbox 3156 4249 3269 4302; x_wconf 84' lang='grc' dir='ltr'>ἀλλ’</span> <span class='ocrx_word' id='word_1_691' title='bbox 3299 4251 3347 4301; x_wconf 87' lang='grc' dir='ltr'>εἰ</span> <span class='ocrx_word' id='word_1_692' title='bbox 3387 4251 3688 4320; x_wconf 83' lang='grc' dir='ltr'>προφήταις</span> <span class='ocrx_word' id='word_1_693' title='bbox 3737 4247 3814 4318; x_wconf 79' lang='grc' dir='ltr'>μὴ</span> <span class='ocrx_word' id='word_1_694' title='bbox 3862 4243 4176 4305; x_wconf 86' lang='grc' dir='ltr'>πιστεύεις,</span> 
     </span>
    </p>
   </div>
   <div class='ocr_carea' id='block_1_87' title="bbox 2599 4333 4178 4416">
    <p class='ocr_par' dir='ltr' id='par_1_87' title="bbox 2599 4333 4178 4416">
     <span class='ocr_line' id='line_1_87' title="bbox 2599 4333 4178 4416; baseline -0.009 -18"><span class='ocrx_word' id='word_1_695' title='bbox 2599 4345 2764 4416; x_wconf 79' lang='grc' dir='ltr'>μῦθον</span> <span class='ocrx_word' id='word_1_696' title='bbox 2791 4345 2848 4398; x_wconf 83' lang='grc' dir='ltr'>δὲ</span> <span class='ocrx_word' id='word_1_697' title='bbox 2871 4341 3292 4412; x_wconf 79' lang='grc' dir='ltr'>ὑπολαμϐάνεις,</span> <span class='ocrx_word' id='word_1_698' title='bbox 3321 4340 3413 4392; x_wconf 71' lang='grc' dir='ltr'>καὶ</span> <span class='ocrx_word' id='word_1_699' title='bbox 3444 4341 3568 4402; x_wconf 73' lang='grc' dir='ltr'>τοὺς</span> <span class='ocrx_word' id='word_1_700' title='bbox 3599 4339 3820 4410; x_wconf 81' lang='grc' dir='ltr'>ἄνδρας,</span> <span class='ocrx_word' id='word_1_701' title='bbox 3845 4335 3940 4391; x_wconf 73' lang='grc' dir='ltr'>καὶ</span> <span class='ocrx_word' id='word_1_702' title='bbox 3963 4335 4024 4387; x_wconf 84' lang='grc' dir='ltr'>τὸ</span> <span class='ocrx_word' id='word_1_703' title='bbox 4043 4333 4178 4402; x_wconf 82' lang='grc' dir='ltr'>πῦρ·</span> 
     </span>
    </p>
   </div>
   <div class='ocr_carea' id='block_1_88' title="bbox 2595 4423 4182 4505">
    <p class='ocr_par' dir='ltr' id='par_1_88' title="bbox 2595 4423 4182 4505">
     <span class='ocr_line' id='line_1_88' title="bbox 2595 4423 4182 4505; baseline -0.008 -16"><span class='ocrx_word' id='word_1_704' title='bbox 2595 4437 2754 4500; x_wconf 79' lang='grc' dir='ltr'>αὐτός</span> <span class='ocrx_word' id='word_1_705' title='bbox 2800 4452 2881 4488; x_wconf 90' lang='grc' dir='ltr'><strong>σοι</strong></span> <span class='ocrx_word' id='word_1_706' title='bbox 2931 4434 3154 4505; x_wconf 89' lang='grc' dir='ltr'>λαλήσει</span> <span class='ocrx_word' id='word_1_707' title='bbox 3190 4434 3218 4485; x_wconf 94' lang='lat'><strong>6</strong></span> <span class='ocrx_word' id='word_1_708' title='bbox 3254 4431 3489 4503; x_wconf 82' lang='grc' dir='ltr'>Κύριος,</span> <span class='ocrx_word' id='word_1_709' title='bbox 3551 4429 3621 4495; x_wconf 78' lang='grc' dir='ltr'>ὃς</span> <span class='ocrx_word' id='word_1_710' title='bbox 3663 4429 3732 4482; x_wconf 82' lang='grc' dir='ltr'><strong>ἐν</strong></span> <span class='ocrx_word' id='word_1_711' title='bbox 3777 4424 3984 4498; x_wconf 73' lang='grc' dir='ltr'>μορφῇ</span> <span class='ocrx_word' id='word_1_712' title='bbox 4031 4423 4182 4477; x_wconf 82' lang='grc' dir='ltr'>Θεοῦ</span> 
     </span>
    </p>
   </div>
   <div class='ocr_carea' id='block_1_89' title="bbox 2594 4508 4184 4594">
    <p class='ocr_par' dir='ltr' id='par_1_89' title="bbox 2594 4508 4184 4594">
     <span class='ocr_line' id='line_1_89' title="bbox 2594 4508 4184 4594; baseline -0.01 -14"><span class='ocrx_word' id='word_1_713' title='bbox 2594 4524 2880 4594; x_wconf 82' lang='grc' dir='ltr'>ὑπάρχων</span> <span class='ocrx_word' id='word_1_714' title='bbox 2922 4527 3034 4594; x_wconf 81' lang='grc' dir='ltr'>οὐχ</span> <span class='ocrx_word' id='word_1_715' title='bbox 3074 4521 3389 4590; x_wconf 77' lang='grc' dir='ltr'>ἁρπαγμὸν</span> <span class='ocrx_word' id='word_1_716' title='bbox 3440 4519 3712 4589; x_wconf 66' lang='grc' dir='ltr'>ἡγήσατο</span> <span class='ocrx_word' id='word_1_717' title='bbox 3760 4518 3826 4570; x_wconf 83' lang='grc' dir='ltr'>τὸ</span> <span class='ocrx_word' id='word_1_718' title='bbox 3875 4513 4028 4570; x_wconf 77' lang='grc' dir='ltr'>εἶναι</span> <span class='ocrx_word' id='word_1_719' title='bbox 4074 4508 4184 4566; x_wconf 79' lang='grc' dir='ltr'>ἶσα</span> 
     </span>
    </p>
   </div>
   <div class='ocr_carea' id='block_1_90' title="bbox 903 4601 2663 4685">
    <p class='ocr_par' dir='ltr' id='par_1_90' title="bbox 903 4601 2663 4685">
     <span class='ocr_line' id='line_1_90' title="bbox 903 4601 2663 4685; baseline 0.004 -21"><span class='ocrx_word' id='word_1_720' title='bbox 903 4617 1031 4672; x_wconf 84' lang='lat' dir='ltr'><strong>net;</strong></span> <span class='ocrx_word' id='word_1_721' title='bbox 1059 4609 1190 4664; x_wconf 89' lang='lat' dir='ltr'><strong>dum</strong></span> <span class='ocrx_word' id='word_1_722' title='bbox 1227 4611 1577 4674; x_wconf 85' lang='lat' dir='ltr'><strong>convitiatur,</strong></span> <span class='ocrx_word' id='word_1_723' title='bbox 1617 4612 1906 4676; x_wconf 88' lang='lat' dir='ltr'><strong>emendat;</strong></span> <span class='ocrx_word' id='word_1_724' title='bbox 1934 4613 2066 4666; x_wconf 92' lang='lat' dir='ltr'><strong>dum</strong></span> <span class='ocrx_word' id='word_1_725' title='bbox 2099 4614 2267 4685; x_wconf 82' lang='lat' dir='ltr'><strong>luget,</strong></span> <span class='ocrx_word' id='word_1_726' title='bbox 2319 4615 2487 4670; x_wconf 88' lang='lat' dir='ltr'><strong>mise-</strong></span> <span class='ocrx_word' id='word_1_727' title='bbox 2523 4601 2566 4656; x_wconf 82' lang='lat' dir='ltr'><strong>D</strong></span> <span class='ocrx_word' id='word_1_728' title='bbox 2598 4621 2663 4671; x_wconf 87' lang='grc' dir='ltr'>Θε</span> 
     </span>
    </p>
   </div>
   <div class='ocr_carea' id='block_1_91' title="bbox 2424 4601 4184 4685">
    <p class='ocr_par' dir='ltr' id='par_1_91' title="bbox 2427 4601 4184 4683">
     <span class='ocr_line' id='line_1_91' title="bbox 2427 4601 4184 4683; baseline -0.007 -14"><span class='ocrx_word' id='word_1_729' title='bbox 2427 4631 2487 4669; x_wconf 87' lang='lat' dir='ltr'><strong>e-</strong></span> <span class='ocrx_word' id='word_1_730' title='bbox 2523 4601 2566 4656; x_wconf 83' lang='lat' dir='ltr'><strong>D</strong></span> <span class='ocrx_word' id='word_1_731' title='bbox 2598 4616 2736 4683; x_wconf 86' lang='grc' dir='ltr'>Θεῷ·</span> <span class='ocrx_word' id='word_1_732' title='bbox 2765 4615 3024 4669; x_wconf 79' lang='grc' dir='ltr'>ἐκένωσε</span> <span class='ocrx_word' id='word_1_733' title='bbox 3040 4613 3107 4666; x_wconf 83' lang='grc' dir='ltr'>δὲ</span> <span class='ocrx_word' id='word_1_734' title='bbox 3134 4611 3392 4666; x_wconf 82' lang='grc' dir='ltr'>ἑαυτὸνό</span> <span class='ocrx_word' id='word_1_735' title='bbox 3410 4610 3797 4682; x_wconf 86' lang='grc' dir='ltr'>φιλοικτίρμων</span> <span class='ocrx_word' id='word_1_736' title='bbox 3827 4609 3981 4671; x_wconf 78' lang='grc' dir='ltr'>Θεὸς,</span> <span class='ocrx_word' id='word_1_737' title='bbox 4010 4605 4184 4659; x_wconf 82' lang='grc' dir='ltr'>σῶσαι</span> 
     </span>
    </p>
   </div>
   <div class='ocr_carea' id='block_1_92' title="bbox 900 4699 2488 4774">
    <p class='ocr_par' dir='ltr' id='par_1_92' title="bbox 900 4699 2488 4774">
     <span class='ocr_line' id='line_1_92' title="bbox 900 4699 2488 4774; baseline 0.003 -19"><span class='ocrx_word' id='word_1_738' title='bbox 900 4709 1091 4765; x_wconf 83' lang='lat' dir='ltr'><strong>retur;</strong></span> <span class='ocrx_word' id='word_1_739' title='bbox 1122 4699 1252 4754; x_wconf 90' lang='lat' dir='ltr'><strong>dum</strong></span> <span class='ocrx_word' id='word_1_740' title='bbox 1276 4709 1480 4764; x_wconf 87' lang='lat' dir='ltr'><strong>cantat,</strong></span> <span class='ocrx_word' id='word_1_741' title='bbox 1510 4701 1793 4765; x_wconf 88' lang='lat' dir='ltr'><strong>hortatur;</strong></span> <span class='ocrx_word' id='word_1_742' title='bbox 1831 4701 1886 4754; x_wconf 90' lang='lat' dir='ltr'><strong>in</strong></span> <span class='ocrx_word' id='word_1_743' title='bbox 1917 4703 2058 4756; x_wconf 88' lang='lat' dir='ltr'><strong>rubo</strong></span> <span class='ocrx_word' id='word_1_744' title='bbox 2093 4705 2257 4758; x_wconf 88' lang='lat' dir='ltr'><strong>etiam</strong></span> <span class='ocrx_word' id='word_1_745' title='bbox 2306 4705 2488 4774; x_wconf 86' lang='lat' dir='ltr'><strong>loqui-</strong></span> 
     </span>
    </p>
   </div>
   <div class='ocr_carea' id='block_1_93' title="bbox 909 4791 2486 4863">
    <p class='ocr_par' dir='ltr' id='par_1_93' title="bbox 909 4791 2486 4863">
     <span class='ocr_line' id='line_1_93' title="bbox 909 4791 2486 4863; baseline 0.003 -18"><span class='ocrx_word' id='word_1_746' title='bbox 909 4800 1020 4857; x_wconf 91' lang='lat' dir='ltr'><strong>tur,</strong></span> <span class='ocrx_word' id='word_1_747' title='bbox 1054 4791 1202 4861; x_wconf 90' lang='lat' dir='ltr'><strong>quod</strong></span> <span class='ocrx_word' id='word_1_748' title='bbox 1239 4791 1316 4845; x_wconf 90' lang='lat' dir='ltr'><strong>illi</strong></span> <span class='ocrx_word' id='word_1_749' title='bbox 1350 4791 1525 4861; x_wconf 80' lang='lat' dir='ltr'><strong>signis</strong></span> <span class='ocrx_word' id='word_1_750' title='bbox 1566 4799 1620 4844; x_wconf 88' lang='lat' dir='ltr'><strong>et</strong></span> <span class='ocrx_word' id='word_1_751' title='bbox 1663 4791 1931 4861; x_wconf 82' lang='lat' dir='ltr'><strong>prodigiis</strong></span> <span class='ocrx_word' id='word_1_752' title='bbox 1975 4793 2298 4863; x_wconf 88' lang='lat' dir='ltr'><strong>indigerent.</strong></span> <span class='ocrx_word' id='word_1_753' title='bbox 2341 4796 2486 4850; x_wconf 90' lang='lat' dir='ltr'><strong>Idem</strong></span> 
     </span>
    </p>
   </div>
   <div class='ocr_carea' id='block_1_94' title="bbox 910 4881 2487 4953">
    <p class='ocr_par' dir='ltr' id='par_1_94' title="bbox 910 4881 2487 4953">
     <span class='ocr_line' id='line_1_94' title="bbox 910 4881 2487 4953; baseline 0.003 -16"><span class='ocrx_word' id='word_1_754' title='bbox 910 4898 1008 4938; x_wconf 89' lang='lat' dir='ltr'><strong>eos</strong></span> <span class='ocrx_word' id='word_1_755' title='bbox 1054 4882 1182 4953; x_wconf 84' lang='lat' dir='ltr'><strong>igne</strong></span> <span class='ocrx_word' id='word_1_756' title='bbox 1223 4881 1621 4952; x_wconf 82' lang='lat' dir='ltr'><strong>perterrefacit,</strong></span> <span class='ocrx_word' id='word_1_757' title='bbox 1667 4881 1948 4936; x_wconf 86' lang='lat' dir='ltr'><strong>ﬂammam</strong></span> <span class='ocrx_word' id='word_1_758' title='bbox 1979 4899 2010 4937; x_wconf 91' lang='lat' dir='ltr'><strong>e</strong></span> <span class='ocrx_word' id='word_1_759' title='bbox 2059 4884 2311 4940; x_wconf 88' lang='lat' dir='ltr'><strong>columna</strong></span> <span class='ocrx_word' id='word_1_760' title='bbox 2362 4903 2487 4942; x_wconf 87' lang='lat' dir='ltr'><strong>sus-</strong></span> 
     </span>
    </p>
   </div>
   <div class='ocr_carea' id='block_1_95' title="bbox 910 4973 2489 5045">
    <p class='ocr_par' dir='ltr' id='par_1_95' title="bbox 910 4973 2489 5045">
     <span class='ocr_line' id='line_1_95' title="bbox 910 4973 2489 5045; baseline 0.002 -17"><span class='ocrx_word' id='word_1_761' title='bbox 910 4988 1164 5045; x_wconf 85' lang='lat' dir='ltr'><strong>pensam,</strong></span> <span class='ocrx_word' id='word_1_762' title='bbox 1196 4973 1422 5028; x_wconf 88' lang='lat' dir='ltr'><strong>terroris</strong></span> <span class='ocrx_word' id='word_1_763' title='bbox 1445 4973 1610 5028; x_wconf 88' lang='lat' dir='ltr'><strong>simul</strong></span> <span class='ocrx_word' id='word_1_764' title='bbox 1637 4984 1692 5028; x_wconf 91' lang='lat' dir='ltr'><strong>et</strong></span> <span class='ocrx_word' id='word_1_765' title='bbox 1719 4973 1908 5043; x_wconf 71' lang='lat' dir='ltr'><strong>gratia:</strong></span> <span class='ocrx_word' id='word_1_766' title='bbox 1938 4974 2178 5043; x_wconf 88' lang='lat' dir='ltr'><strong>signum,</strong></span> <span class='ocrx_word' id='word_1_767' title='bbox 2205 4977 2489 5044; x_wconf 79' lang='lat' dir='ltr'><strong>exhibens;</strong></span> 
     </span>
    </p>
   </div>
   <div class='ocr_carea' id='block_1_96' title="bbox 905 5064 2490 5138">
    <p class='ocr_par' dir='ltr' id='par_1_96' title="bbox 905 5064 2490 5138">
     <span class='ocr_line' id='line_1_96' title="bbox 905 5064 2490 5138; baseline 0.003 -19"><span class='ocrx_word' id='word_1_768' title='bbox 905 5065 1199 5135; x_wconf 83' lang='lat' dir='ltr'><strong>morigeris</strong></span> <span class='ocrx_word' id='word_1_769' title='bbox 1245 5064 1466 5133; x_wconf 91' lang='lat' dir='ltr'><strong>quidem</strong></span> <span class='ocrx_word' id='word_1_770' title='bbox 1512 5065 1711 5128; x_wconf 90' lang='lat' dir='ltr'><strong>lucem,</strong></span> <span class='ocrx_word' id='word_1_771' title='bbox 1750 5064 1844 5118; x_wconf 89' lang='lat' dir='ltr'><strong>sed</strong></span> <span class='ocrx_word' id='word_1_772' title='bbox 1893 5065 2260 5135; x_wconf 85' lang='lat' dir='ltr'><strong>immorigeris</strong></span> <span class='ocrx_word' id='word_1_773' title='bbox 2289 5068 2490 5138; x_wconf 71' lang='lat' dir='ltr'><strong>ignoui.</strong></span> 
     </span>
    </p>
   </div>
   <div class='ocr_carea' id='block_1_97' title="bbox 908 5156 2495 5226">
    <p class='ocr_par' dir='ltr' id='par_1_97' title="bbox 908 5156 2495 5226">
     <span class='ocr_line' id='line_1_97' title="bbox 908 5156 2495 5226; baseline 0.003 -16"><span class='ocrx_word' id='word_1_774' title='bbox 908 5156 1104 5211; x_wconf 86' lang='lat' dir='ltr'><strong>Postea</strong></span> <span class='ocrx_word' id='word_1_775' title='bbox 1136 5157 1283 5226; x_wconf 88' lang='lat' dir='ltr'><strong>quod</strong></span> <span class='ocrx_word' id='word_1_776' title='bbox 1311 5173 1511 5226; x_wconf 89' lang='lat' dir='ltr'><strong>corpus</strong></span> <span class='ocrx_word' id='word_1_777' title='bbox 1544 5159 1846 5211; x_wconf 91' lang='lat' dir='ltr'><strong>humanum</strong></span> <span class='ocrx_word' id='word_1_778' title='bbox 1873 5158 2129 5211; x_wconf 90' lang='lat' dir='ltr'><strong>columna</strong></span> <span class='ocrx_word' id='word_1_779' title='bbox 2152 5166 2205 5211; x_wconf 90' lang='lat' dir='ltr'><strong>et</strong></span> <span class='ocrx_word' id='word_1_780' title='bbox 2231 5159 2370 5213; x_wconf 89' lang='lat' dir='ltr'><strong>rubo</strong></span> <span class='ocrx_word' id='word_1_781' title='bbox 2396 5176 2495 5214; x_wconf 93' lang='lat' dir='ltr'><strong>no-</strong></span> 
     </span>
    </p>
   </div>
   <div class='ocr_carea' id='block_1_98' title="bbox 911 5249 2492 5320">
    <p class='ocr_par' dir='ltr' id='par_1_98' title="bbox 911 5249 2492 5320">
     <span class='ocr_line' id='line_1_98' title="bbox 911 5249 2492 5320; baseline 0.003 -18"><span class='ocrx_word' id='word_1_782' title='bbox 911 5249 1076 5303; x_wconf 86' lang='lat' dir='ltr'><strong>bilius</strong></span> <span class='ocrx_word' id='word_1_783' title='bbox 1107 5257 1273 5314; x_wconf 86' lang='lat' dir='ltr'><strong>esset,</strong></span> <span class='ocrx_word' id='word_1_784' title='bbox 1322 5250 1596 5318; x_wconf 83' lang='lat' dir='ltr'><strong>prophetis</strong></span> <span class='ocrx_word' id='word_1_785' title='bbox 1643 5266 1777 5304; x_wconf 90' lang='lat' dir='ltr'><strong>usus</strong></span> <span class='ocrx_word' id='word_1_786' title='bbox 1825 5259 1948 5316; x_wconf 87' lang='lat' dir='ltr'><strong>est;</strong></span> <span class='ocrx_word' id='word_1_787' title='bbox 1985 5250 2102 5320; x_wconf 90' lang='lat' dir='ltr'><strong>ipse</strong></span> <span class='ocrx_word' id='word_1_788' title='bbox 2135 5250 2404 5306; x_wconf 89' lang='lat' dir='ltr'><strong>Dominus</strong></span> <span class='ocrx_word' id='word_1_789' title='bbox 2438 5254 2492 5307; x_wconf 92' lang='lat' dir='ltr'><strong>in</strong></span> 
     </span>
    </p>
   </div>
   <div class='ocr_carea' id='block_1_99' title="bbox 910 5336 2492 5413">
    <p class='ocr_par' dir='ltr' id='par_1_99' title="bbox 910 5336 2492 5413">
     <span class='ocr_line' id='line_1_99' title="bbox 910 5336 2492 5413; baseline 0.004 -21"><span class='ocrx_word' id='word_1_790' title='bbox 910 5336 1051 5393; x_wconf 85' lang='lat' dir='ltr'><strong>Isaia</strong></span> <span class='ocrx_word' id='word_1_791' title='bbox 1081 5339 1346 5410; x_wconf 80' lang='lat' dir='ltr'><strong>loquitur,</strong></span> <span class='ocrx_word' id='word_1_792' title='bbox 1380 5339 1492 5408; x_wconf 89' lang='lat' dir='ltr'><strong>ipse</strong></span> <span class='ocrx_word' id='word_1_793' title='bbox 1537 5341 1590 5394; x_wconf 93' lang='lat' dir='ltr'><strong>in</strong></span> <span class='ocrx_word' id='word_1_794' title='bbox 1636 5340 1777 5408; x_wconf 88' lang='lat' dir='ltr'><strong>Elia,</strong></span> <span class='ocrx_word' id='word_1_795' title='bbox 1809 5341 1925 5410; x_wconf 91' lang='lat' dir='ltr'><strong>ipse</strong></span> <span class='ocrx_word' id='word_1_796' title='bbox 1966 5342 2019 5395; x_wconf 89' lang='lat' dir='ltr'><strong>in</strong></span> <span class='ocrx_word' id='word_1_797' title='bbox 2063 5357 2159 5397; x_wconf 90' lang='lat' dir='ltr'><strong>ore</strong></span> <span class='ocrx_word' id='word_1_798' title='bbox 2204 5344 2492 5413; x_wconf 86' lang='lat' dir='ltr'><strong>propheta-</strong></span> 
     </span>
    </p>
   </div>
   <div class='ocr_carea' id='block_1_100' title="bbox 2594 4701 4184 4779">
    <p class='ocr_par' dir='ltr' id='par_1_100' title="bbox 2594 4701 4184 4779">
     <span class='ocr_line' id='line_1_100' title="bbox 2594 4701 4184 4779; baseline -0.008 -17"><span class='ocrx_word' id='word_1_799' title='bbox 2594 4710 2685 4763; x_wconf 79' lang='grc' dir='ltr'><strong>τὸν</strong></span> <span class='ocrx_word' id='word_1_800' title='bbox 2719 4707 3007 4779; x_wconf 82' lang='grc' dir='ltr'>ἄνθρωπον</span> <span class='ocrx_word' id='word_1_801' title='bbox 3037 4703 3372 4774; x_wconf 81' lang='grc' dir='ltr'>γλιχόμενος.</span> <span class='ocrx_word' id='word_1_802' title='bbox 3417 4702 3528 4754; x_wconf 80' lang='lat' dir='ltr'><strong>Kal.</strong></span> <span class='ocrx_word' id='word_1_803' title='bbox 3572 4703 3734 4765; x_wconf 82' lang='grc' dir='ltr'>αὐτὸς</span> <span class='ocrx_word' id='word_1_804' title='bbox 3766 4703 3866 4772; x_wconf 67' lang='grc' dir='ltr'>ἤδη</span> <span class='ocrx_word' id='word_1_805' title='bbox 3900 4717 3982 4753; x_wconf 90' lang='grc' dir='ltr'><strong>σοι</strong></span> <span class='ocrx_word' id='word_1_806' title='bbox 4023 4701 4184 4768; x_wconf 81' lang='grc' dir='ltr'>ἐναρ-</span> 
     </span>
    </p>
   </div>
   <div class='ocr_carea' id='block_1_101' title="bbox 2593 4788 4182 4870">
    <p class='ocr_par' dir='ltr' id='par_1_101' title="bbox 2593 4788 4182 4870">
     <span class='ocr_line' id='line_1_101' title="bbox 2593 4788 4182 4870; baseline -0.009 -18"><span class='ocrx_word' id='word_1_807' title='bbox 2593 4800 2706 4870; x_wconf 88' lang='grc' dir='ltr'><strong>γῶς</strong></span> <span class='ocrx_word' id='word_1_808' title='bbox 2758 4801 2787 4851; x_wconf 92' lang='lat'><strong>6</strong></span> <span class='ocrx_word' id='word_1_809' title='bbox 2830 4800 3004 4866; x_wconf 87' lang='grc' dir='ltr'>Λόγος</span> <span class='ocrx_word' id='word_1_810' title='bbox 3045 4795 3230 4856; x_wconf 86' lang='grc' dir='ltr'>λαλεῖ,</span> <span class='ocrx_word' id='word_1_811' title='bbox 3281 4795 3547 4848; x_wconf 87' lang='grc' dir='ltr'>δυσωπῶν</span> <span class='ocrx_word' id='word_1_812' title='bbox 3595 4794 3692 4864; x_wconf 82' lang='grc' dir='ltr'><strong>τὴν</strong></span> <span class='ocrx_word' id='word_1_813' title='bbox 3729 4792 4019 4847; x_wconf 84' lang='grc' dir='ltr'>ἀπιστίαν·</span> <span class='ocrx_word' id='word_1_814' title='bbox 4068 4788 4182 4846; x_wconf 73' lang='grc' dir='ltr'>ναὶ,</span> 
     </span>
    </p>
   </div>
   <div class='ocr_carea' id='block_1_102' title="bbox 2597 4879 4184 4965">
    <p class='ocr_par' dir='ltr' id='par_1_102' title="bbox 2597 4879 4184 4965">
     <span class='ocr_line' id='line_1_102' title="bbox 2597 4879 4184 4965; baseline -0.011 -19"><span class='ocrx_word' id='word_1_815' title='bbox 2597 4895 2758 4965; x_wconf 76' lang='grc' dir='ltr'>φημὶ,</span> <span class='ocrx_word' id='word_1_816' title='bbox 2794 4893 2822 4943; x_wconf 92' lang='lat'><strong>6</strong></span> <span class='ocrx_word' id='word_1_817' title='bbox 2855 4891 3029 4957; x_wconf 85' lang='grc' dir='ltr'>Λόγος</span> <span class='ocrx_word' id='word_1_818' title='bbox 3051 4891 3080 4940; x_wconf 87' lang='lat'><strong>6</strong></span> <span class='ocrx_word' id='word_1_819' title='bbox 3104 4887 3198 4939; x_wconf 86' lang='grc' dir='ltr'>τοῦ</span> <span class='ocrx_word' id='word_1_820' title='bbox 3233 4886 3390 4948; x_wconf 80' lang='grc' dir='ltr'>Θεοῦ,</span> <span class='ocrx_word' id='word_1_821' title='bbox 3417 4887 3702 4959; x_wconf 84' lang='grc' dir='ltr'>ἄνθρωπος</span> <span class='ocrx_word' id='word_1_822' title='bbox 3727 4885 4051 4954; x_wconf 89' lang='grc' dir='ltr'>γενόμενος·</span> <span class='ocrx_word' id='word_1_823' title='bbox 4095 4879 4184 4932; x_wconf 78' lang='grc' dir='ltr'><strong>ἱνα</strong></span> 
     </span>
    </p>
   </div>
   <div class='ocr_carea' id='block_1_103' title="bbox 2597 4971 4186 5057">
    <p class='ocr_par' dir='ltr' id='par_1_103' title="bbox 2597 4971 4186 5057">
     <span class='ocr_line' id='line_1_103' title="bbox 2597 4971 4186 5057; baseline -0.012 -17"><span class='ocrx_word' id='word_1_824' title='bbox 2597 4987 2660 5057; x_wconf 84' lang='grc' dir='ltr'>δὴ</span> <span class='ocrx_word' id='word_1_825' title='bbox 2693 4987 2785 5039; x_wconf 80' lang='grc' dir='ltr'>καὶ</span> <span class='ocrx_word' id='word_1_826' title='bbox 2830 4984 2893 5036; x_wconf 81' lang='grc' dir='ltr'>σὺ</span> <span class='ocrx_word' id='word_1_827' title='bbox 2929 4979 3080 5052; x_wconf 83' lang='grc' dir='ltr'>παρὰ</span> <span class='ocrx_word' id='word_1_828' title='bbox 3114 4978 3398 5051; x_wconf 84' lang='grc' dir='ltr'>ἀνθρώπου</span> <span class='ocrx_word' id='word_1_829' title='bbox 3435 4980 3632 5051; x_wconf 79' lang='grc' dir='ltr'>μάθῃς,</span> <span class='ocrx_word' id='word_1_830' title='bbox 3677 4980 3756 5048; x_wconf 85' lang='grc' dir='ltr'><strong>πῆ</strong></span> <span class='ocrx_word' id='word_1_831' title='bbox 3787 4991 3918 5028; x_wconf 90' lang='grc' dir='ltr'>ποτε</span> <span class='ocrx_word' id='word_1_832' title='bbox 3950 4972 4057 5042; x_wconf 79' lang='grc' dir='ltr'>ἄρα</span> <span class='ocrx_word' id='word_1_833' title='bbox 4095 4971 4186 5024; x_wconf 81' lang='grc' dir='ltr'><strong>ἄν·</strong></span> 
     </span>
    </p>
   </div>
   <div class='ocr_carea' id='block_1_104' title="bbox 2599 5060 4185 5149">
    <p class='ocr_par' dir='ltr' id='par_1_104' title="bbox 2599 5060 4185 5149">
     <span class='ocr_line' id='line_1_104' title="bbox 2599 5060 4185 5149; baseline -0.013 -18"><span class='ocrx_word' id='word_1_834' title='bbox 2599 5077 2817 5149; x_wconf 87' lang='grc' dir='ltr'>θρωπος</span> <span class='ocrx_word' id='word_1_835' title='bbox 2843 5075 3068 5144; x_wconf 86' lang='grc' dir='ltr'>γένηται</span> <span class='ocrx_word' id='word_1_836' title='bbox 3102 5070 3252 5133; x_wconf 85' lang='grc' dir='ltr'>Θεός.</span> <span class='ocrx_word' id='word_1_837' title='bbox 3290 5067 3404 5124; x_wconf 80' lang='grc' dir='ltr'><strong>Εἶτ’</strong></span> <span class='ocrx_word' id='word_1_838' title='bbox 3428 5072 3526 5125; x_wconf 86' lang='grc' dir='ltr'><strong>ούκ</strong></span> <span class='ocrx_word' id='word_1_839' title='bbox 3555 5073 3776 5130; x_wconf 82' lang='grc' dir='ltr'>ἄτοπον,</span> <span class='ocrx_word' id='word_1_840' title='bbox 3797 5060 3856 5117; x_wconf 79' lang='grc' dir='ltr'><strong>’ὦ</strong></span> <span class='ocrx_word' id='word_1_841' title='bbox 3885 5062 4049 5132; x_wconf 88' lang='grc' dir='ltr'>φίλοι,</span> <span class='ocrx_word' id='word_1_842' title='bbox 4093 5060 4185 5113; x_wconf 85' lang='grc' dir='ltr'>τὸν</span> 
     </span>
    </p>
   </div>
   <div class='ocr_carea' id='block_1_105' title="bbox 2603 5153 4183 5242">
    <p class='ocr_par' dir='ltr' id='par_1_105' title="bbox 2603 5153 4183 5242">
     <span class='ocr_line' id='line_1_105' title="bbox 2603 5153 4183 5242; baseline -0.013 -19"><span class='ocrx_word' id='word_1_843' title='bbox 2603 5170 2699 5239; x_wconf 82' lang='grc' dir='ltr'>μὲν</span> <span class='ocrx_word' id='word_1_844' title='bbox 2734 5168 2866 5221; x_wconf 84' lang='grc' dir='ltr'>Θεὸν</span> <span class='ocrx_word' id='word_1_845' title='bbox 2907 5165 2995 5217; x_wconf 76' lang='grc' dir='ltr'>ἀεὶ</span> <span class='ocrx_word' id='word_1_846' title='bbox 3043 5163 3369 5234; x_wconf 83' lang='grc' dir='ltr'>προτρέπειν</span> <span class='ocrx_word' id='word_1_847' title='bbox 3390 5165 3538 5234; x_wconf 77' lang='grc' dir='ltr'>ἡμᾶς</span> <span class='ocrx_word' id='word_1_848' title='bbox 3567 5164 3654 5214; x_wconf 76' lang='grc' dir='ltr'><strong>ἐπ’</strong></span> <span class='ocrx_word' id='word_1_849' title='bbox 3689 5156 3912 5242; x_wconf 79' lang='grc' dir='ltr'>ἀρετὴν,</span> <span class='ocrx_word' id='word_1_850' title='bbox 3944 5154 4090 5224; x_wconf 78' lang='grc' dir='ltr'>ἡμᾶς</span> <span class='ocrx_word' id='word_1_851' title='bbox 4127 5153 4183 5204; x_wconf 84' lang='grc' dir='ltr'><strong>δέ</strong></span> 
     </span>
    </p>
   </div>
   <div class='ocr_carea' id='block_1_106' title="bbox 2598 5244 4184 5324">
    <p class='ocr_par' dir='ltr' id='par_1_106' title="bbox 2598 5244 4184 5324">
     <span class='ocr_line' id='line_1_106' title="bbox 2598 5244 4184 5324; baseline -0.009 -14"><span class='ocrx_word' id='word_1_852' title='bbox 2598 5256 2925 5312; x_wconf 81' lang='grc' dir='ltr'>ἀναδύεσθαι</span> <span class='ocrx_word' id='word_1_853' title='bbox 2962 5255 3060 5324; x_wconf 83' lang='grc' dir='ltr'>τὴν</span> <span class='ocrx_word' id='word_1_854' title='bbox 3083 5253 3367 5323; x_wconf 85' lang='grc' dir='ltr'>ὠφέλειαν,</span> <span class='ocrx_word' id='word_1_855' title='bbox 3403 5256 3495 5308; x_wconf 70' lang='grc' dir='ltr'>καὶ</span> <span class='ocrx_word' id='word_1_856' title='bbox 3524 5245 3919 5307; x_wconf 79' lang='grc' dir='ltr'>ἀναϐάλλεσθαι</span> <span class='ocrx_word' id='word_1_857' title='bbox 3951 5244 4048 5316; x_wconf 79' lang='grc' dir='ltr'>τὴν</span> <span class='ocrx_word' id='word_1_858' title='bbox 4083 5261 4184 5297; x_wconf 90' lang='grc' dir='ltr'>σω-</span> 
     </span>
    </p>
   </div>
   <div class='ocr_carea' id='block_1_107' title="bbox 2597 5336 4184 5421">
    <p class='ocr_par' dir='ltr' id='par_1_107' title="bbox 2597 5336 4184 5421">
     <span class='ocr_line' id='line_1_107' title="bbox 2597 5336 4184 5421; baseline -0.009 -18"><span class='ocrx_word' id='word_1_859' title='bbox 2597 5351 2824 5421; x_wconf 78' lang='grc' dir='ltr'>τηρίανς</span> <span class='ocrx_word' id='word_1_860' title='bbox 2863 5347 2932 5398; x_wconf 85' lang='grc' dir='ltr'><strong>Ἦ</strong></span> <span class='ocrx_word' id='word_1_861' title='bbox 2961 5345 3068 5418; x_wconf 80' lang='grc' dir='ltr'><strong>γάρ</strong></span> <span class='ocrx_word' id='word_1_862' title='bbox 3108 5348 3228 5419; x_wconf 70' lang='grc' dir='ltr'>οὐχὶ</span> <span class='ocrx_word' id='word_1_863' title='bbox 3259 5347 3351 5402; x_wconf 71' lang='grc' dir='ltr'>καὶ</span> <span class='ocrx_word' id='word_1_864' title='bbox 3382 5345 3634 5412; x_wconf 82' lang='grc' dir='ltr'>Ἰωάννης</span> <span class='ocrx_word' id='word_1_865' title='bbox 3657 5341 3750 5392; x_wconf 74' lang='grc' dir='ltr'>ἐπὶ</span> <span class='ocrx_word' id='word_1_866' title='bbox 3780 5336 4047 5410; x_wconf 83' lang='grc' dir='ltr'>σωτηρίαν</span> <span class='ocrx_word' id='word_1_867' title='bbox 4080 5351 4184 5389; x_wconf 80' lang='grc' dir='ltr'>πα-</span> 
     </span>
    </p>
   </div>
   <div class='ocr_carea' id='block_1_108' title="bbox 999 5511 2728 5589">
    <p class='ocr_par' dir='ltr' id='par_1_108' title="bbox 999 5511 2728 5589">
     <span class='ocr_line' id='line_1_108' title="bbox 999 5511 2728 5589; baseline 0.002 -20"><span class='ocrx_word' id='word_1_868' title='bbox 999 5525 1060 5582; x_wconf 66' lang='lat'><strong>&gt;1&lt;</strong></span> <span class='ocrx_word' id='word_1_869' title='bbox 1093 5516 1155 5570; x_wconf 80' lang='grc' dir='ltr'>Ρ.</span> <span class='ocrx_word' id='word_1_870' title='bbox 1189 5516 1223 5569; x_wconf 86' lang='grc'><strong>8</strong></span> <span class='ocrx_word' id='word_1_871' title='bbox 1255 5512 1363 5569; x_wconf 86' lang='lat' dir='ltr'><strong>ED.</strong></span> <span class='ocrx_word' id='word_1_872' title='bbox 1399 5511 1694 5579; x_wconf 76' lang='lat' dir='ltr'><strong>POTTER,</strong></span> <span class='ocrx_word' id='word_1_873' title='bbox 1733 5517 1764 5569; x_wconf 85' lang='lat'><strong>7</strong></span> <span class='ocrx_word' id='word_1_874' title='bbox 1797 5517 1906 5572; x_wconf 87' lang='grc' dir='ltr'>ΕΙ).</span> <span class='ocrx_word' id='word_1_875' title='bbox 1942 5517 2163 5574; x_wconf 82' lang='lat' dir='ltr'><strong>PARIS.</strong></span> <span class='ocrx_word' id='word_1_876' title='bbox 2247 5521 2289 5552; x_wconf 81' lang='lat'>“</span> <span class='ocrx_word' id='word_1_877' title='bbox 2327 5517 2527 5589; x_wconf 84' lang='lat' dir='ltr'><strong>Ephes.</strong></span> <span class='ocrx_word' id='word_1_878' title='bbox 2575 5534 2636 5581; x_wconf 83' lang='grc' dir='ltr'><strong>ιι,</strong></span> <span class='ocrx_word' id='word_1_879' title='bbox 2669 5517 2728 5572; x_wconf 76' lang='lat'><strong>2.</strong></span> 
     </span>
    </p>
   </div>
   <div class='ocr_carea' id='block_1_109' title="bbox 914 5699 2491 5770">
    <p class='ocr_par' dir='ltr' id='par_1_109' title="bbox 914 5699 2491 5770">
     <span class='ocr_line' id='line_1_109' title="bbox 914 5699 2491 5770; baseline 0.001 -16"><span class='ocrx_word' id='word_1_880' title='bbox 914 5702 1032 5770; x_wconf 81' lang='lat' dir='ltr'><strong>Qua</strong></span> <span class='ocrx_word' id='word_1_881' title='bbox 1055 5703 1120 5758; x_wconf 89' lang='lat' dir='ltr'><strong>de</strong></span> <span class='ocrx_word' id='word_1_882' title='bbox 1149 5719 1209 5757; x_wconf 90' lang='lat' dir='ltr'><strong>re</strong></span> <span class='ocrx_word' id='word_1_883' title='bbox 1239 5714 1292 5757; x_wconf 88' lang='lat' dir='ltr'><strong>et</strong></span> <span class='ocrx_word' id='word_1_884' title='bbox 1327 5700 1516 5754; x_wconf 88' lang='lat' dir='ltr'><strong>Livius</strong></span> <span class='ocrx_word' id='word_1_885' title='bbox 1539 5700 1634 5753; x_wconf 85' lang='lat' dir='ltr'><strong>lib.</strong></span> <span class='ocrx_word' id='word_1_886' title='bbox 1671 5715 1707 5763; x_wconf 82' lang='grc' dir='ltr'><strong>ι,</strong></span> <span class='ocrx_word' id='word_1_887' title='bbox 1730 5699 1994 5756; x_wconf 76' lang='lat' dir='ltr'><strong>etPetrus</strong></span> <span class='ocrx_word' id='word_1_888' title='bbox 2022 5702 2320 5765; x_wconf 77' lang='lat' dir='ltr'><strong>Victorius,</strong></span> <span class='ocrx_word' id='word_1_889' title='bbox 2369 5703 2491 5757; x_wconf 86' lang='lat' dir='ltr'><strong>Var.</strong></span> 
     </span>
    </p>
   </div>
   <div class='ocr_carea' id='block_1_110' title="bbox 909 5770 1858 5842">
    <p class='ocr_par' dir='ltr' id='par_1_110' title="bbox 909 5770 1858 5842">
     <span class='ocr_line' id='line_1_110' title="bbox 909 5770 1858 5842; baseline -0.002 -13"><span class='ocrx_word' id='word_1_890' title='bbox 909 5775 1061 5835; x_wconf 67' lang='grc' dir='ltr'>ιω..</span> <span class='ocrx_word' id='word_1_891' title='bbox 1100 5775 1190 5826; x_wconf 89' lang='lat' dir='ltr'><strong>lib.</strong></span> <span class='ocrx_word' id='word_1_892' title='bbox 1211 5789 1285 5835; x_wconf 84' lang='lat' dir='ltr'><strong>IV,</strong></span> <span class='ocrx_word' id='word_1_893' title='bbox 1318 5788 1437 5842; x_wconf 90' lang='lat' dir='ltr'><strong>cap.</strong></span> <span class='ocrx_word' id='word_1_894' title='bbox 1474 5770 1858 5842; x_wconf 14' lang='lat' dir='ltr'><strong>18.ASv_t_.nvnc.</strong></span> 
     </span>
    </p>
   </div>
   <div class='ocr_carea' id='block_1_111' title="bbox 988 5839 1784 5911">
    <p class='ocr_par' dir='ltr' id='par_1_111' title="bbox 988 5839 1784 5911">
     <span class='ocr_line' id='line_1_111' title="bbox 988 5839 1784 5911; baseline -0.003 -14"><span class='ocrx_word' id='word_1_895' title='bbox 988 5844 1102 5911; x_wconf 80' lang='lat'><strong>(87)</strong></span> <span class='ocrx_word' id='word_1_896' title='bbox 1150 5839 1618 5908; x_wconf 55' lang='grc' dir='ltr'>ΑὐτοῐςξΑὺτούς</span> <span class='ocrx_word' id='word_1_897' title='bbox 1653 5839 1784 5896; x_wconf 81' lang='lat' dir='ltr'><strong>Nov.</strong></span> 
     </span>
    </p>
   </div>
   <div class='ocr_carea' id='block_1_112' title="bbox 988 5911 2491 5988">
    <p class='ocr_par' dir='ltr' id='par_1_112' title="bbox 988 5911 2491 5988">
     <span class='ocr_line' id='line_1_112' title="bbox 988 5911 2491 5988; baseline -0.001 -19"><span class='ocrx_word' id='word_1_898' title='bbox 988 5916 1104 5988; x_wconf 78' lang='grc'><strong>(88)</strong></span> <span class='ocrx_word' id='word_1_899' title='bbox 1147 5911 1228 5972; x_wconf 86' lang='grc' dir='ltr'><em>Οὗ</em></span> <span class='ocrx_word' id='word_1_900' title='bbox 1265 5913 1339 5982; x_wconf 69' lang='grc' dir='ltr'>δὴ</span> <span class='ocrx_word' id='word_1_901' title='bbox 1375 5933 1431 5983; x_wconf 86' lang='grc' dir='ltr'><strong>χ.</strong></span> <span class='ocrx_word' id='word_1_902' title='bbox 1467 5913 1590 5968; x_wconf 68' lang='grc' dir='ltr'>Ηίιιί*</span> <span class='ocrx_word' id='word_1_903' title='bbox 1644 5912 1722 5968; x_wconf 85' lang='lat' dir='ltr'><strong>sic</strong></span> <span class='ocrx_word' id='word_1_904' title='bbox 1778 5913 2051 5986; x_wconf 67' lang='lat' dir='ltr'><strong>distingue.</strong></span> <span class='ocrx_word' id='word_1_905' title='bbox 2089 5933 2100 5968; x_wconf 82' lang='lat'><strong>2</strong></span> <span class='ocrx_word' id='word_1_906' title='bbox 2134 5911 2192 5970; x_wconf 68' lang='grc' dir='ltr'><strong>οὗ</strong></span> <span class='ocrx_word' id='word_1_907' title='bbox 2229 5915 2291 5986; x_wconf 70' lang='grc' dir='ltr'>δὴ</span> <span class='ocrx_word' id='word_1_908' title='bbox 2334 5915 2491 5988; x_wconf 76' lang='grc' dir='ltr'>χάριν</span> 
     </span>
    </p>
   </div>
   <div class='ocr_carea' id='block_1_113' title="bbox 2604 5694 4183 5786">
    <p class='ocr_par' dir='ltr' id='par_1_113' title="bbox 2604 5694 4183 5786">
     <span class='ocr_line' id='line_1_113' title="bbox 2604 5694 4183 5786; baseline -0.008 -26"><span class='ocrx_word' id='word_1_909' title='bbox 2604 5708 2708 5773; x_wconf 81' lang='grc' dir='ltr'>(είς</span> <span class='ocrx_word' id='word_1_910' title='bbox 2733 5703 2854 5786; x_wconf 36' lang='grc' dir='ltr'>,γὰρ</span> <span class='ocrx_word' id='word_1_911' title='bbox 2882 5707 2908 5757; x_wconf 87' lang='grc' dir='ltr'>ὁ</span> <span class='ocrx_word' id='word_1_912' title='bbox 2941 5705 3215 5786; x_wconf 66' lang='grc' dir='ltr'>ἀπατεῶν)</span> <span class='ocrx_word' id='word_1_913' title='bbox 3260 5700 3464 5757; x_wconf 81' lang='grc' dir='ltr'>ἄνωθεν</span> <span class='ocrx_word' id='word_1_914' title='bbox 3488 5742 3504 5764; x_wconf 93' lang='grc'><strong>,</strong></span> <span class='ocrx_word' id='word_1_915' title='bbox 3554 5709 3681 5762; x_wconf 89' lang='lat' dir='ltr'><strong>etc..</strong></span> <span class='ocrx_word' id='word_1_916' title='bbox 3713 5698 3856 5770; x_wconf 85' lang='lat' dir='ltr'><strong>quod</strong></span> <span class='ocrx_word' id='word_1_917' title='bbox 3900 5698 3950 5750; x_wconf 90' lang='lat' dir='ltr'><strong>in</strong></span> <span class='ocrx_word' id='word_1_918' title='bbox 3993 5694 4183 5750; x_wconf 68' lang='lat' dir='ltr'><strong>Latina</strong></span> 
     </span>
    </p>
   </div>
   <div class='ocr_carea' id='block_1_114' title="bbox 2604 5778 3278 5844">
    <p class='ocr_par' dir='ltr' id='par_1_114' title="bbox 2604 5778 3278 5844">
     <span class='ocr_line' id='line_1_114' title="bbox 2604 5778 3278 5844; baseline -0.006 -14"><span class='ocrx_word' id='word_1_919' title='bbox 2604 5778 2854 5832; x_wconf 82' lang='lat' dir='ltr'><strong>versione</strong></span> <span class='ocrx_word' id='word_1_920' title='bbox 2889 5778 3278 5844; x_wconf 80' lang='lat' dir='ltr'><strong>expressimus.</strong></span> 
     </span>
    </p>
   </div>
   <div class='ocr_carea' id='block_1_115' title="bbox 2677 5841 3801 5917">
    <p class='ocr_par' dir='ltr' id='par_1_115' title="bbox 2677 5841 3801 5917">
     <span class='ocr_line' id='line_1_115' title="bbox 2677 5841 3801 5917; baseline -0.001 -17"><span class='ocrx_word' id='word_1_921' title='bbox 2677 5847 2789 5912; x_wconf 77' lang='lat'><strong>(89)</strong></span> <span class='ocrx_word' id='word_1_922' title='bbox 2832 5841 3260 5917; x_wconf 59' lang='grc' dir='ltr'>ΠΓς-ὲτμηιύων.</span> <span class='ocrx_word' id='word_1_923' title='bbox 3295 5841 3631 5913; x_wconf 80' lang='grc' dir='ltr'>Προμηνύων</span> <span class='ocrx_word' id='word_1_924' title='bbox 3669 5841 3801 5899; x_wconf 67' lang='lat' dir='ltr'><strong>Nov.</strong></span> 
     </span>
    </p>
   </div>
  </div>
