  <div class='ocr_page' id='page_1' title='image "/cluster/home/n/w/nwhite01/storage/ocr_20150623/8/nnc1.0065752333/055.png"; bbox 0 0 4456 6564; ppageno 0'>
   <div class='ocr_carea' id='block_1_1' title="bbox 840 431 4110 499">
    <p class='ocr_par' dir='ltr' id='par_1_1' title="bbox 840 431 4110 499">
     <span class='ocr_line' id='line_1_1' title="bbox 840 431 4110 499; baseline 0.003 -11"><span class='ocrx_word' id='word_1_1' title='bbox 840 436 910 492; x_wconf 82' lang='lat'><strong>99</strong></span> <span class='ocrx_word' id='word_1_2' title='bbox 1954 432 2347 489; x_wconf 70' lang='lat' dir='ltr'><strong>CLEMENTIS</strong></span> <span class='ocrx_word' id='word_1_3' title='bbox 2384 431 2861 490; x_wconf 70' lang='lat' dir='ltr'><strong>ALEXANDRINI</strong></span> <span class='ocrx_word' id='word_1_4' title='bbox 4023 443 4110 499; x_wconf 65' lang='lat' dir='ltr'><strong>l0!</strong></span> 
     </span>
    </p>
   </div>
   <div class='ocr_carea' id='block_1_2' title="bbox 839 554 2599 640">
    <p class='ocr_par' dir='ltr' id='par_1_2' title="bbox 839 555 2599 626">
     <span class='ocr_line' id='line_1_2' title="bbox 839 555 2599 626; baseline -0.002 -16"><span class='ocrx_word' id='word_1_5' title='bbox 839 562 898 620; x_wconf 61' lang='grc' dir='ltr'><strong>»Β</strong></span> <span class='ocrx_word' id='word_1_6' title='bbox 939 555 1066 612; x_wconf 69' lang='lat' dir='ltr'><strong>Haec</strong></span> <span class='ocrx_word' id='word_1_7' title='bbox 1110 557 1270 612; x_wconf 89' lang='lat' dir='ltr'><strong>nobis</strong></span> <span class='ocrx_word' id='word_1_8' title='bbox 1314 557 1559 626; x_wconf 65' lang='lat' dir='ltr'><strong>praecipit</strong></span> <span class='ocrx_word' id='word_1_9' title='bbox 1619 555 1860 626; x_wconf 78' lang='lat' dir='ltr'><strong>Sibylla,</strong></span> <span class='ocrx_word' id='word_1_10' title='bbox 1929 556 2218 626; x_wconf 82' lang='lat' dir='ltr'><strong>utriusque</strong></span> <span class='ocrx_word' id='word_1_11' title='bbox 2263 557 2433 618; x_wconf 88' lang='lat' dir='ltr'><strong>artis,</strong></span> <span class='ocrx_word' id='word_1_12' title='bbox 2464 569 2511 624; x_wconf 67' lang='grc' dir='ltr'>Α</span> <span class='ocrx_word' id='word_1_13' title='bbox 2539 555 2599 607; x_wconf 79' lang='grc' dir='ltr'>Τι</span> 
     </span>
    </p>
   </div>
   <div class='ocr_carea' id='block_1_3' title="bbox 2354 554 4114 640">
    <p class='ocr_par' dir='ltr' id='par_1_3' title="bbox 2355 554 4114 640">
     <span class='ocr_line' id='line_1_3' title="bbox 2355 554 4114 640; baseline 0.006 -31"><span class='ocrx_word' id='word_1_14' title='bbox 2355 557 2433 618; x_wconf 89' lang='lat' dir='ltr'><strong>is,</strong></span> <span class='ocrx_word' id='word_1_15' title='bbox 2464 569 2511 624; x_wconf 67' lang='grc' dir='ltr'>Α</span> <span class='ocrx_word' id='word_1_16' title='bbox 2539 554 2726 610; x_wconf 81' lang='grc' dir='ltr'>Ταῦτα</span> <span class='ocrx_word' id='word_1_17' title='bbox 2769 559 2903 628; x_wconf 71' lang='grc' dir='ltr'>ἡμῖν</span> <span class='ocrx_word' id='word_1_18' title='bbox 2948 558 2982 628; x_wconf 82' lang='grc' dir='ltr'>ἠ</span> <span class='ocrx_word' id='word_1_19' title='bbox 3023 561 3335 628; x_wconf 75' lang='grc' dir='ltr'>προφητικὴ</span> <span class='ocrx_word' id='word_1_20' title='bbox 3382 562 3676 633; x_wconf 76' lang='grc' dir='ltr'>παρεγγυᾷ</span> <span class='ocrx_word' id='word_1_21' title='bbox 3715 561 3809 614; x_wconf 72' lang='grc' dir='ltr'>καὶ</span> <span class='ocrx_word' id='word_1_22' title='bbox 3860 568 4114 640; x_wconf 78' lang='grc' dir='ltr'>ποιητικῆ</span> 
     </span>
    </p>
   </div>
   <div class='ocr_carea' id='block_1_4' title="bbox 837 649 2427 721">
    <p class='ocr_par' dir='ltr' id='par_1_4' title="bbox 837 649 2427 721">
     <span class='ocr_line' id='line_1_4' title="bbox 837 649 2427 721; baseline 0.002 -21"><span class='ocrx_word' id='word_1_23' title='bbox 837 650 1350 721; x_wconf 69' lang='grc' dir='ltr'>ιιι-οριιοιὶςιεειιᾳυε</span> <span class='ocrx_word' id='word_1_24' title='bbox 1372 652 1622 719; x_wconf 59' lang='lat' dir='ltr'><strong>poetica},</strong></span> <span class='ocrx_word' id='word_1_25' title='bbox 1643 649 1872 704; x_wconf 86' lang='lat' dir='ltr'><strong>scicntia</strong></span> <span class='ocrx_word' id='word_1_26' title='bbox 1891 649 2124 718; x_wconf 80' lang='lat' dir='ltr'><strong>insignis</strong></span> <span class='ocrx_word' id='word_1_27' title='bbox 2144 667 2158 712; x_wconf 87' lang='lat'><strong>;</strong></span> <span class='ocrx_word' id='word_1_28' title='bbox 2181 650 2427 716; x_wconf 68' lang='lat' dir='ltr'><strong>praecipit</strong></span> 
     </span>
    </p>
   </div>
   <div class='ocr_carea' id='block_1_5' title="bbox 833 741 2429 814">
    <p class='ocr_par' dir='ltr' id='par_1_5' title="bbox 833 741 2429 814">
     <span class='ocr_line' id='line_1_5' title="bbox 833 741 2429 814; baseline -0.001 -17"><span class='ocrx_word' id='word_1_29' title='bbox 833 744 1004 798; x_wconf 88' lang='lat' dir='ltr'><strong>etiam</strong></span> <span class='ocrx_word' id='word_1_30' title='bbox 1046 745 1178 814; x_wconf 83' lang='lat' dir='ltr'><strong>ipsa,</strong></span> <span class='ocrx_word' id='word_1_31' title='bbox 1203 745 1426 805; x_wconf 86' lang='lat' dir='ltr'><strong>veritas,</strong></span> <span class='ocrx_word' id='word_1_32' title='bbox 1461 759 1584 811; x_wconf 70' lang='lat' dir='ltr'><strong>qua:</strong></span> <span class='ocrx_word' id='word_1_33' title='bbox 1603 742 1832 797; x_wconf 89' lang='lat' dir='ltr'><strong>deorum</strong></span> <span class='ocrx_word' id='word_1_34' title='bbox 1881 742 2097 796; x_wconf 89' lang='lat' dir='ltr'><strong>turbam</strong></span> <span class='ocrx_word' id='word_1_35' title='bbox 2147 741 2298 794; x_wconf 80' lang='lat' dir='ltr'><strong>exuit</strong></span> <span class='ocrx_word' id='word_1_36' title='bbox 2342 743 2429 796; x_wconf 87' lang='lat' dir='ltr'><strong>his</strong></span> 
     </span>
    </p>
   </div>
   <div class='ocr_carea' id='block_1_6' title="bbox 835 830 2430 905">
    <p class='ocr_par' dir='ltr' id='par_1_6' title="bbox 835 830 2430 905">
     <span class='ocr_line' id='line_1_6' title="bbox 835 830 2430 905; baseline -0.003 -15"><span class='ocrx_word' id='word_1_37' title='bbox 835 836 1180 890; x_wconf 82' lang='lat' dir='ltr'><strong>terribilibus</strong></span> <span class='ocrx_word' id='word_1_38' title='bbox 1224 835 1392 889; x_wconf 82' lang='lat' dir='ltr'><strong>larvis</strong></span> <span class='ocrx_word' id='word_1_39' title='bbox 1417 873 1432 898; x_wconf 96' lang='lat'><strong>,</strong></span> <span class='ocrx_word' id='word_1_40' title='bbox 1473 850 1599 905; x_wconf 76' lang='lat' dir='ltr'><strong>qua:</strong></span> <span class='ocrx_word' id='word_1_41' title='bbox 1630 842 1910 901; x_wconf 79' lang='lat' dir='ltr'><strong>stuporem</strong></span> <span class='ocrx_word' id='word_1_42' title='bbox 1960 830 2227 903; x_wconf 88' lang='lat' dir='ltr'><strong>imperitis</strong></span> <span class='ocrx_word' id='word_1_43' title='bbox 2272 831 2430 886; x_wconf 83' lang='lat' dir='ltr'><strong>incu-</strong></span> 
     </span>
    </p>
   </div>
   <div class='ocr_carea' id='block_1_7' title="bbox 837 922 2429 994">
    <p class='ocr_par' dir='ltr' id='par_1_7' title="bbox 837 922 2429 994">
     <span class='ocr_line' id='line_1_7' title="bbox 837 922 2429 994; baseline -0.003 -14"><span class='ocrx_word' id='word_1_44' title='bbox 837 925 1021 991; x_wconf 86' lang='lat' dir='ltr'><strong>tiunt;</strong></span> <span class='ocrx_word' id='word_1_45' title='bbox 1054 933 1108 978; x_wconf 87' lang='lat' dir='ltr'><strong>ct</strong></span> <span class='ocrx_word' id='word_1_46' title='bbox 1145 923 1433 994; x_wconf 80' lang='lat' dir='ltr'><strong>opiniones</strong></span> <span class='ocrx_word' id='word_1_47' title='bbox 1467 933 1674 979; x_wconf 82' lang='lat' dir='ltr'><strong>temere</strong></span> <span class='ocrx_word' id='word_1_48' title='bbox 1715 929 2043 991; x_wconf 89' lang='lat' dir='ltr'><strong>conceptas,</strong></span> <span class='ocrx_word' id='word_1_49' title='bbox 2084 922 2295 976; x_wconf 87' lang='lat' dir='ltr'><strong>detecta</strong></span> <span class='ocrx_word' id='word_1_50' title='bbox 2326 935 2429 976; x_wconf 85' lang='lat' dir='ltr'><strong>no-</strong></span> 
     </span>
    </p>
   </div>
   <div class='ocr_carea' id='block_1_8' title="bbox 842 1011 2432 1084">
    <p class='ocr_par' dir='ltr' id='par_1_8' title="bbox 842 1011 2432 1084">
     <span class='ocr_line' id='line_1_8' title="bbox 842 1011 2432 1084; baseline -0.002 -13"><span class='ocrx_word' id='word_1_51' title='bbox 842 1017 1056 1071; x_wconf 85' lang='lat' dir='ltr'><strong>minum</strong></span> <span class='ocrx_word' id='word_1_52' title='bbox 1096 1016 1481 1079; x_wconf 82' lang='lat' dir='ltr'><strong>similitudine,</strong></span> <span class='ocrx_word' id='word_1_53' title='bbox 1509 1015 1808 1084; x_wconf 76' lang='lat' dir='ltr'><strong>redarguit.</strong></span> <span class='ocrx_word' id='word_1_54' title='bbox 1844 1011 1944 1069; x_wconf 85' lang='lat' dir='ltr'><strong>Est</strong></span> <span class='ocrx_word' id='word_1_55' title='bbox 1967 1015 2113 1069; x_wconf 90' lang='lat' dir='ltr'><strong>enim</strong></span> <span class='ocrx_word' id='word_1_56' title='bbox 2138 1030 2168 1068; x_wconf 90' lang='lat' dir='ltr'><strong>a</strong></span> <span class='ocrx_word' id='word_1_57' title='bbox 2191 1016 2432 1068; x_wconf 91' lang='lat' dir='ltr'><strong>nonnul-</strong></span> 
     </span>
    </p>
   </div>
   <div class='ocr_carea' id='block_1_9' title="bbox 838 1103 2429 1179">
    <p class='ocr_par' dir='ltr' id='par_1_9' title="bbox 838 1103 2429 1179">
     <span class='ocr_line' id='line_1_9' title="bbox 838 1103 2429 1179; baseline -0.001 -18"><span class='ocrx_word' id='word_1_58' title='bbox 838 1108 909 1164; x_wconf 90' lang='lat' dir='ltr'><strong>lis</strong></span> <span class='ocrx_word' id='word_1_59' title='bbox 931 1109 1214 1164; x_wconf 83' lang='lat' dir='ltr'><strong>memoriae</strong></span> <span class='ocrx_word' id='word_1_60' title='bbox 1243 1109 1519 1179; x_wconf 85' lang='lat' dir='ltr'><strong>proditum</strong></span> <span class='ocrx_word' id='word_1_61' title='bbox 1539 1149 1554 1172; x_wconf 97' lang='lat'><strong>,</strong></span> <span class='ocrx_word' id='word_1_62' title='bbox 1597 1117 1709 1162; x_wconf 88' lang='lat' dir='ltr'><strong>tres</strong></span> <span class='ocrx_word' id='word_1_63' title='bbox 1746 1103 1911 1160; x_wconf 74' lang='lat' dir='ltr'><strong>loves</strong></span> <span class='ocrx_word' id='word_1_64' title='bbox 1946 1105 2157 1172; x_wconf 77' lang='lat' dir='ltr'><strong>fuisse;</strong></span> <span class='ocrx_word' id='word_1_65' title='bbox 2189 1121 2429 1175; x_wconf 87' lang='lat' dir='ltr'><strong>quorum</strong></span> 
     </span>
    </p>
   </div>
   <div class='ocr_carea' id='block_1_10' title="bbox 835 1199 2431 1265">
    <p class='ocr_par' dir='ltr' id='par_1_10' title="bbox 835 1199 2431 1265">
     <span class='ocr_line' id='line_1_10' title="bbox 835 1199 2431 1265; baseline -0.001 -9"><span class='ocrx_word' id='word_1_66' title='bbox 835 1217 985 1256; x_wconf 87' lang='lat' dir='ltr'><strong>unus</strong></span> <span class='ocrx_word' id='word_1_67' title='bbox 1007 1203 1078 1258; x_wconf 86' lang='lat' dir='ltr'><strong>ab</strong></span> <span class='ocrx_word' id='word_1_68' title='bbox 1102 1201 1329 1256; x_wconf 66' lang='lat' dir='ltr'><strong>Ethere</strong></span> <span class='ocrx_word' id='word_1_69' title='bbox 1355 1202 1409 1255; x_wconf 90' lang='lat' dir='ltr'><strong>in</strong></span> <span class='ocrx_word' id='word_1_70' title='bbox 1432 1201 1664 1256; x_wconf 84' lang='lat' dir='ltr'><strong>Arcadia</strong></span> <span class='ocrx_word' id='word_1_71' title='bbox 1687 1218 1703 1265; x_wconf 91' lang='lat'><strong>;</strong></span> <span class='ocrx_word' id='word_1_72' title='bbox 1726 1199 1905 1254; x_wconf 67' lang='lat' dir='ltr'><strong>creteri</strong></span> <span class='ocrx_word' id='word_1_73' title='bbox 1925 1208 2109 1256; x_wconf 91' lang='lat' dir='ltr'><strong>autem</strong></span> <span class='ocrx_word' id='word_1_74' title='bbox 2139 1200 2248 1254; x_wconf 93' lang='lat' dir='ltr'><strong>duo</strong></span> <span class='ocrx_word' id='word_1_75' title='bbox 2268 1215 2300 1254; x_wconf 90' lang='lat' dir='ltr'><strong>a</strong></span> <span class='ocrx_word' id='word_1_76' title='bbox 2326 1199 2431 1254; x_wconf 79' lang='lat' dir='ltr'><strong>Sa-</strong></span> 
     </span>
    </p>
   </div>
   <div class='ocr_carea' id='block_1_11' title="bbox 835 1289 2432 1361">
    <p class='ocr_par' dir='ltr' id='par_1_11' title="bbox 835 1289 2432 1361">
     <span class='ocr_line' id='line_1_11' title="bbox 835 1289 2432 1361; baseline -0.001 -15"><span class='ocrx_word' id='word_1_77' title='bbox 835 1301 1030 1357; x_wconf 88' lang='lat' dir='ltr'><strong>turno,</strong></span> <span class='ocrx_word' id='word_1_78' title='bbox 1085 1293 1174 1347; x_wconf 90' lang='lat' dir='ltr'><strong>hic</strong></span> <span class='ocrx_word' id='word_1_79' title='bbox 1202 1292 1424 1361; x_wconf 89' lang='lat' dir='ltr'><strong>quidem</strong></span> <span class='ocrx_word' id='word_1_80' title='bbox 1470 1291 1524 1344; x_wconf 90' lang='lat' dir='ltr'><strong>in</strong></span> <span class='ocrx_word' id='word_1_81' title='bbox 1557 1289 1714 1344; x_wconf 92' lang='lat' dir='ltr'><strong>Creta</strong></span> <span class='ocrx_word' id='word_1_82' title='bbox 1744 1329 1759 1352; x_wconf 92' lang='lat'><strong>,</strong></span> <span class='ocrx_word' id='word_1_83' title='bbox 1805 1290 1942 1345; x_wconf 83' lang='lat' dir='ltr'><strong>alter</strong></span> <span class='ocrx_word' id='word_1_84' title='bbox 1976 1307 2109 1346; x_wconf 86' lang='lat' dir='ltr'><strong>vero</strong></span> <span class='ocrx_word' id='word_1_85' title='bbox 2151 1307 2345 1346; x_wconf 87' lang='lat' dir='ltr'><strong>rursus</strong></span> <span class='ocrx_word' id='word_1_86' title='bbox 2376 1291 2432 1345; x_wconf 91' lang='lat' dir='ltr'><strong>in</strong></span> 
     </span>
    </p>
   </div>
   <div class='ocr_carea' id='block_1_12' title="bbox 835 1380 2435 1454">
    <p class='ocr_par' dir='ltr' id='par_1_12' title="bbox 835 1380 2435 1454">
     <span class='ocr_line' id='line_1_12' title="bbox 835 1380 2435 1454; baseline 0 -16"><span class='ocrx_word' id='word_1_87' title='bbox 835 1385 1093 1447; x_wconf 83' lang='lat' dir='ltr'><strong>Arcadia,</strong></span> <span class='ocrx_word' id='word_1_88' title='bbox 1123 1383 1343 1438; x_wconf 87' lang='lat' dir='ltr'><strong>oriundi</strong></span> <span class='ocrx_word' id='word_1_89' title='bbox 1371 1390 1518 1437; x_wconf 91' lang='lat' dir='ltr'><strong>sunt.</strong></span> <span class='ocrx_word' id='word_1_90' title='bbox 1567 1380 1710 1436; x_wconf 89' lang='lat' dir='ltr'><strong>Sunt</strong></span> <span class='ocrx_word' id='word_1_91' title='bbox 1736 1382 1900 1435; x_wconf 89' lang='lat' dir='ltr'><strong>etiam</strong></span> <span class='ocrx_word' id='word_1_92' title='bbox 1924 1422 1938 1446; x_wconf 96' lang='lat'><strong>,</strong></span> <span class='ocrx_word' id='word_1_93' title='bbox 1975 1400 2008 1438; x_wconf 90' lang='lat' dir='ltr'><strong>a</strong></span> <span class='ocrx_word' id='word_1_94' title='bbox 2039 1385 2241 1454; x_wconf 90' lang='lat' dir='ltr'><strong>quibus</strong></span> <span class='ocrx_word' id='word_1_95' title='bbox 2269 1385 2435 1454; x_wconf 83' lang='lat' dir='ltr'><strong>quin-</strong></span> 
     </span>
    </p>
   </div>
   <div class='ocr_carea' id='block_1_13' title="bbox 836 1473 2436 1546">
    <p class='ocr_par' dir='ltr' id='par_1_13' title="bbox 836 1473 2436 1546">
     <span class='ocr_line' id='line_1_13' title="bbox 836 1473 2436 1546; baseline -0.001 -12"><span class='ocrx_word' id='word_1_96' title='bbox 836 1492 944 1546; x_wconf 87' lang='lat' dir='ltr'><strong>que</strong></span> <span class='ocrx_word' id='word_1_97' title='bbox 964 1475 1216 1530; x_wconf 64' lang='lat' dir='ltr'><strong>Minervae</strong></span> <span class='ocrx_word' id='word_1_98' title='bbox 1231 1475 1611 1530; x_wconf 84' lang='lat' dir='ltr'><strong>celebrantur:</strong></span> <span class='ocrx_word' id='word_1_99' title='bbox 1637 1473 1813 1544; x_wconf 83' lang='lat' dir='ltr'><strong>prima</strong></span> <span class='ocrx_word' id='word_1_100' title='bbox 1837 1476 2061 1544; x_wconf 78' lang='lat' dir='ltr'><strong>quidem</strong></span> <span class='ocrx_word' id='word_1_101' title='bbox 2084 1477 2436 1533; x_wconf 74' lang='lat' dir='ltr'><strong>Atheniensis</strong></span> 
     </span>
    </p>
   </div>
   <div class='ocr_carea' id='block_1_14' title="bbox 837 1565 2432 1638">
    <p class='ocr_par' dir='ltr' id='par_1_14' title="bbox 837 1565 2432 1638">
     <span class='ocr_line' id='line_1_14' title="bbox 837 1565 2432 1638; baseline -0.001 -17"><span class='ocrx_word' id='word_1_102' title='bbox 837 1567 1068 1622; x_wconf 80' lang='lat' dir='ltr'><strong>Vulcani</strong></span> <span class='ocrx_word' id='word_1_103' title='bbox 1098 1566 1241 1634; x_wconf 83' lang='lat' dir='ltr'><strong>lilia;</strong></span> <span class='ocrx_word' id='word_1_104' title='bbox 1261 1568 1503 1623; x_wconf 88' lang='lat' dir='ltr'><strong>secunda</strong></span> <span class='ocrx_word' id='word_1_105' title='bbox 1521 1565 1800 1638; x_wconf 67' lang='lat' dir='ltr'><strong>Egyptia,</strong></span> <span class='ocrx_word' id='word_1_106' title='bbox 1823 1565 1930 1621; x_wconf 86' lang='lat' dir='ltr'><strong>Nili</strong></span> <span class='ocrx_word' id='word_1_107' title='bbox 1951 1569 2155 1633; x_wconf 84' lang='lat' dir='ltr'><strong>;.tertia</strong></span> <span class='ocrx_word' id='word_1_108' title='bbox 2187 1567 2432 1634; x_wconf 84' lang='lat' dir='ltr'><strong>Saturni,</strong></span> 
     </span>
    </p>
   </div>
   <div class='ocr_carea' id='block_1_15' title="bbox 835 1659 2434 1730">
    <p class='ocr_par' dir='ltr' id='par_1_15' title="bbox 835 1659 2434 1730">
     <span class='ocr_line' id='line_1_15' title="bbox 835 1659 2434 1730; baseline -0.003 -14"><span class='ocrx_word' id='word_1_109' title='bbox 835 1661 924 1716; x_wconf 83' lang='lat' dir='ltr'><strong>cui</strong></span> <span class='ocrx_word' id='word_1_110' title='bbox 939 1660 1148 1716; x_wconf 68' lang='lat' dir='ltr'><strong>bellica:</strong></span> <span class='ocrx_word' id='word_1_111' title='bbox 1158 1661 1295 1716; x_wconf 84' lang='lat' dir='ltr'><strong>artis</strong></span> <span class='ocrx_word' id='word_1_112' title='bbox 1311 1660 1554 1716; x_wconf 83' lang='lat' dir='ltr'><strong>inventio</strong></span> <span class='ocrx_word' id='word_1_113' title='bbox 1569 1660 1846 1726; x_wconf 89' lang='lat' dir='ltr'><strong>tribuitur;</strong></span> <span class='ocrx_word' id='word_1_114' title='bbox 1867 1669 2062 1730; x_wconf 88' lang='lat' dir='ltr'><strong>quarta</strong></span> <span class='ocrx_word' id='word_1_115' title='bbox 2075 1659 2248 1725; x_wconf 79' lang='lat' dir='ltr'><strong>Jovis,</strong></span> <span class='ocrx_word' id='word_1_116' title='bbox 2273 1675 2434 1729; x_wconf 89' lang='lat' dir='ltr'><strong>quam</strong></span> 
     </span>
    </p>
   </div>
   <div class='ocr_carea' id='block_1_16' title="bbox 835 1751 2436 1823">
    <p class='ocr_par' dir='ltr' id='par_1_16' title="bbox 835 1751 2436 1823">
     <span class='ocr_line' id='line_1_16' title="bbox 835 1751 2436 1823; baseline 0.001 -18"><span class='ocrx_word' id='word_1_117' title='bbox 835 1751 1092 1807; x_wconf 77' lang='lat' dir='ltr'><strong>Messenii</strong></span> <span class='ocrx_word' id='word_1_118' title='bbox 1119 1751 1186 1806; x_wconf 91' lang='lat' dir='ltr'><strong>de</strong></span> <span class='ocrx_word' id='word_1_119' title='bbox 1215 1753 1409 1808; x_wconf 88' lang='lat' dir='ltr'><strong>matris</strong></span> <span class='ocrx_word' id='word_1_120' title='bbox 1440 1767 1553 1807; x_wconf 66' lang='lat' dir='ltr'><strong>suae</strong></span> <span class='ocrx_word' id='word_1_121' title='bbox 1579 1753 1804 1807; x_wconf 88' lang='lat' dir='ltr'><strong>nomine</strong></span> <span class='ocrx_word' id='word_1_122' title='bbox 1825 1752 2218 1823; x_wconf 83' lang='lat' dir='ltr'><strong>Coryphasiam</strong></span> <span class='ocrx_word' id='word_1_123' title='bbox 2250 1754 2436 1823; x_wconf 85' lang='lat' dir='ltr'><strong>appel-</strong></span> 
     </span>
    </p>
   </div>
   <div class='ocr_carea' id='block_1_17' title="bbox 836 1842 2433 1914">
    <p class='ocr_par' dir='ltr' id='par_1_17' title="bbox 836 1842 2433 1914">
     <span class='ocr_line' id='line_1_17' title="bbox 836 1842 2433 1914; baseline -0.001 -16"><span class='ocrx_word' id='word_1_124' title='bbox 836 1843 1127 1910; x_wconf 83' lang='lat' dir='ltr'><strong>laverunt;</strong></span> <span class='ocrx_word' id='word_1_125' title='bbox 1172 1853 1474 1914; x_wconf 89' lang='lat' dir='ltr'><strong>postrema,</strong></span> <span class='ocrx_word' id='word_1_126' title='bbox 1510 1842 1775 1898; x_wconf 85' lang='lat' dir='ltr'><strong>Pallantis</strong></span> <span class='ocrx_word' id='word_1_127' title='bbox 1823 1852 1876 1897; x_wconf 89' lang='lat' dir='ltr'><strong>et</strong></span> <span class='ocrx_word' id='word_1_128' title='bbox 1933 1842 2200 1898; x_wconf 88' lang='lat' dir='ltr'><strong>Titanidis</strong></span> <span class='ocrx_word' id='word_1_129' title='bbox 2232 1842 2433 1896; x_wconf 87' lang='lat' dir='ltr'><strong>Oceani</strong></span> 
     </span>
    </p>
   </div>
   <div class='ocr_carea' id='block_1_18' title="bbox 2531 645 4119 725">
    <p class='ocr_par' dir='ltr' id='par_1_18' title="bbox 2531 645 4119 725">
     <span class='ocr_line' id='line_1_18' title="bbox 2531 645 4119 725; baseline 0.009 -28"><span class='ocrx_word' id='word_1_130' title='bbox 2531 645 2798 700; x_wconf 81' lang='grc' dir='ltr'>Σίϐυλλα·</span> <span class='ocrx_word' id='word_1_131' title='bbox 2841 649 3129 720; x_wconf 74' lang='grc' dir='ltr'>παρεγγυᾷ</span> <span class='ocrx_word' id='word_1_132' title='bbox 3169 647 3226 700; x_wconf 82' lang='grc' dir='ltr'>δὲ</span> <span class='ocrx_word' id='word_1_133' title='bbox 3269 648 3364 700; x_wconf 75' lang='grc' dir='ltr'>καὶ</span> <span class='ocrx_word' id='word_1_134' title='bbox 3396 651 3652 723; x_wconf 81' lang='grc' dir='ltr'>ἀλήθεια,</span> <span class='ocrx_word' id='word_1_135' title='bbox 3691 652 3972 725; x_wconf 86' lang='grc' dir='ltr'>γυμνοῦσα</span> <span class='ocrx_word' id='word_1_136' title='bbox 4012 658 4119 713; x_wconf 73' lang='grc' dir='ltr'><strong>τῶν</strong></span> 
     </span>
    </p>
   </div>
   <div class='ocr_carea' id='block_1_19' title="bbox 2533 739 4122 820">
    <p class='ocr_par' dir='ltr' id='par_1_19' title="bbox 2533 739 4122 820">
     <span class='ocr_line' id='line_1_19' title="bbox 2533 739 4122 820; baseline 0.008 -30"><span class='ocrx_word' id='word_1_137' title='bbox 2533 740 2994 813; x_wconf 84' lang='grc' dir='ltr'>καταπληκτικῶν</span> <span class='ocrx_word' id='word_1_138' title='bbox 3054 739 3281 795; x_wconf 77' lang='grc' dir='ltr'>τουτωνὶ</span> <span class='ocrx_word' id='word_1_139' title='bbox 3329 742 3424 794; x_wconf 76' lang='grc' dir='ltr'>καὶ</span> <span class='ocrx_word' id='word_1_140' title='bbox 3470 745 3853 817; x_wconf 83' lang='grc' dir='ltr'>ἐκπληκτικῶν</span> <span class='ocrx_word' id='word_1_141' title='bbox 3899 764 4122 820; x_wconf 82' lang='grc' dir='ltr'>προσω-</span> 
     </span>
    </p>
   </div>
   <div class='ocr_carea' id='block_1_20' title="bbox 2534 823 4121 906">
    <p class='ocr_par' dir='ltr' id='par_1_20' title="bbox 2534 823 4121 906">
     <span class='ocr_line' id='line_1_20' title="bbox 2534 823 4121 906; baseline 0.008 -22"><span class='ocrx_word' id='word_1_142' title='bbox 2534 823 2722 893; x_wconf 72' lang='grc' dir='ltr'>πείων,</span> <span class='ocrx_word' id='word_1_143' title='bbox 2751 832 2844 885; x_wconf 83' lang='grc' dir='ltr'>τὸν</span> <span class='ocrx_word' id='word_1_144' title='bbox 2869 833 3026 904; x_wconf 80' lang='grc' dir='ltr'>δχλον</span> <span class='ocrx_word' id='word_1_145' title='bbox 3042 833 3150 888; x_wconf 85' lang='grc' dir='ltr'><strong>τῶν</strong></span> <span class='ocrx_word' id='word_1_146' title='bbox 3177 831 3337 896; x_wconf 87' lang='grc' dir='ltr'>θεῶν,</span> <span class='ocrx_word' id='word_1_147' title='bbox 3369 838 3740 906; x_wconf 80' lang='grc' dir='ltr'>συνωνυμίαις</span> <span class='ocrx_word' id='word_1_148' title='bbox 3769 840 3880 894; x_wconf 79' lang='grc' dir='ltr'>τισὶ</span> <span class='ocrx_word' id='word_1_149' title='bbox 3906 839 4004 905; x_wconf 75' lang='grc' dir='ltr'><strong>τὰς</strong></span> <span class='ocrx_word' id='word_1_150' title='bbox 4032 842 4121 895; x_wconf 88' lang='grc' dir='ltr'>δο-</span> 
     </span>
    </p>
   </div>
   <div class='ocr_carea' id='block_1_21' title="bbox 2534 920 4122 1005">
    <p class='ocr_par' dir='ltr' id='par_1_21' title="bbox 2534 920 4122 1005">
     <span class='ocr_line' id='line_1_21' title="bbox 2534 920 4122 1005; baseline 0.008 -29"><span class='ocrx_word' id='word_1_151' title='bbox 2534 920 2778 990; x_wconf 85' lang='grc' dir='ltr'>ξοποιίας</span> <span class='ocrx_word' id='word_1_152' title='bbox 2815 925 3187 998; x_wconf 83' lang='grc' dir='ltr'>διελέγχουσα.</span> <span class='ocrx_word' id='word_1_153' title='bbox 3239 923 3448 980; x_wconf 77' lang='grc' dir='ltr'>Αὐτίκα</span> <span class='ocrx_word' id='word_1_154' title='bbox 3488 927 3620 993; x_wconf 86' lang='grc' dir='ltr'>γοῦν</span> <span class='ocrx_word' id='word_1_155' title='bbox 3662 934 3838 998; x_wconf 70' lang='grc' dir='ltr'>εἰσιν,</span> <span class='ocrx_word' id='word_1_156' title='bbox 3879 933 3929 987; x_wconf 84' lang='grc' dir='ltr'><strong>οῖ</strong></span> <span class='ocrx_word' id='word_1_157' title='bbox 3969 936 4122 1005; x_wconf 85' lang='grc' dir='ltr'>τρεῖς</span> 
     </span>
    </p>
   </div>
   <div class='ocr_carea' id='block_1_22' title="bbox 2533 1015 4123 1098">
    <p class='ocr_par' dir='ltr' id='par_1_22' title="bbox 2533 1015 4123 1098">
     <span class='ocr_line' id='line_1_22' title="bbox 2533 1015 4123 1098; baseline 0.007 -29"><span class='ocrx_word' id='word_1_158' title='bbox 2533 1019 2658 1081; x_wconf 87' lang='grc' dir='ltr'>τοὺς</span> <span class='ocrx_word' id='word_1_159' title='bbox 2684 1017 2860 1086; x_wconf 80' lang='grc' dir='ltr'>Ζῆνας</span> <span class='ocrx_word' id='word_1_160' title='bbox 2891 1019 3328 1090; x_wconf 79' lang='grc' dir='ltr'>ἀναγράφουσιν·</span> <span class='ocrx_word' id='word_1_161' title='bbox 3358 1015 3448 1070; x_wconf 82' lang='grc' dir='ltr'>τὸν</span> <span class='ocrx_word' id='word_1_162' title='bbox 3479 1017 3579 1087; x_wconf 83' lang='grc' dir='ltr'>μὲν</span> <span class='ocrx_word' id='word_1_163' title='bbox 3606 1019 3835 1094; x_wconf 81' lang='grc' dir='ltr'>Αίθέρος</span> <span class='ocrx_word' id='word_1_164' title='bbox 3853 1065 3867 1088; x_wconf 94' lang='grc'><strong>,</strong></span> <span class='ocrx_word' id='word_1_165' title='bbox 3898 1026 3957 1078; x_wconf 75' lang='grc' dir='ltr'>ὲν</span> <span class='ocrx_word' id='word_1_166' title='bbox 3998 1025 4123 1098; x_wconf 82' lang='grc' dir='ltr'><strong>’Δρ-</strong></span> 
     </span>
    </p>
   </div>
   <div class='ocr_carea' id='block_1_23' title="bbox 2535 1107 4121 1182">
    <p class='ocr_par' dir='ltr' id='par_1_23' title="bbox 2535 1107 4121 1182">
     <span class='ocr_line' id='line_1_23' title="bbox 2535 1107 4121 1182; baseline 0.006 -21"><span class='ocrx_word' id='word_1_167' title='bbox 2535 1109 2718 1180; x_wconf 78' lang='grc' dir='ltr'>καδίᾳ,</span> <span class='ocrx_word' id='word_1_168' title='bbox 2747 1107 2825 1162; x_wconf 90' lang='grc' dir='ltr'>τὼ</span> <span class='ocrx_word' id='word_1_169' title='bbox 2859 1108 2919 1161; x_wconf 86' lang='grc' dir='ltr'>δὲ</span> <span class='ocrx_word' id='word_1_170' title='bbox 2949 1109 3125 1165; x_wconf 88' lang='grc' dir='ltr'>λοιπὼ</span> <span class='ocrx_word' id='word_1_171' title='bbox 3151 1111 3250 1166; x_wconf 91' lang='grc' dir='ltr'><strong>τοῦ</strong></span> <span class='ocrx_word' id='word_1_172' title='bbox 3289 1109 3500 1182; x_wconf 83' lang='grc' dir='ltr'>Κρόνου</span> <span class='ocrx_word' id='word_1_173' title='bbox 3546 1110 3733 1164; x_wconf 83' lang='grc' dir='ltr'>παῖδε·</span> <span class='ocrx_word' id='word_1_174' title='bbox 3779 1117 3991 1172; x_wconf 79' lang='grc' dir='ltr'><strong>τούτοιν</strong></span> <span class='ocrx_word' id='word_1_175' title='bbox 4027 1112 4121 1171; x_wconf 71' lang='grc' dir='ltr'><strong>τὸν</strong></span> 
     </span>
    </p>
   </div>
   <div class='ocr_carea' id='block_1_24' title="bbox 2537 1200 4123 1275">
    <p class='ocr_par' dir='ltr' id='par_1_24' title="bbox 2537 1200 4123 1275">
     <span class='ocr_line' id='line_1_24' title="bbox 2537 1200 4123 1275; baseline 0.008 -23"><span class='ocrx_word' id='word_1_176' title='bbox 2537 1201 2637 1270; x_wconf 81' lang='grc' dir='ltr'>μὲν</span> <span class='ocrx_word' id='word_1_177' title='bbox 2655 1203 2714 1253; x_wconf 83' lang='grc' dir='ltr'>ὲν</span> <span class='ocrx_word' id='word_1_178' title='bbox 2743 1201 2960 1272; x_wconf 80' lang='grc' dir='ltr'>Κρήτῃ,</span> <span class='ocrx_word' id='word_1_179' title='bbox 2992 1200 3222 1275; x_wconf 83' lang='grc' dir='ltr'>θάτερον</span> <span class='ocrx_word' id='word_1_180' title='bbox 3253 1204 3311 1258; x_wconf 80' lang='grc' dir='ltr'>δὲ</span> <span class='ocrx_word' id='word_1_181' title='bbox 3348 1205 3406 1258; x_wconf 81' lang='grc' dir='ltr'>ὲν</span> <span class='ocrx_word' id='word_1_182' title='bbox 3457 1201 3718 1275; x_wconf 77' lang='grc' dir='ltr'>’Δρκαδίᾳ</span> <span class='ocrx_word' id='word_1_183' title='bbox 3769 1209 3952 1264; x_wconf 83' lang='grc' dir='ltr'>πάλιν.</span> <span class='ocrx_word' id='word_1_184' title='bbox 3997 1207 4123 1265; x_wconf 75' lang='grc' dir='ltr'><strong>Εἰσὶ</strong></span> 
     </span>
    </p>
   </div>
   <div class='ocr_carea' id='block_1_25' title="bbox 2532 1291 4124 1373">
    <p class='ocr_par' dir='ltr' id='par_1_25' title="bbox 2532 1291 4124 1373">
     <span class='ocr_line' id='line_1_25' title="bbox 2532 1291 4124 1373; baseline 0.009 -29"><span class='ocrx_word' id='word_1_185' title='bbox 2532 1291 2611 1357; x_wconf 87' lang='grc' dir='ltr'>δὲ,</span> <span class='ocrx_word' id='word_1_186' title='bbox 2631 1293 2682 1346; x_wconf 84' lang='grc' dir='ltr'>οἳ</span> <span class='ocrx_word' id='word_1_187' title='bbox 2714 1292 2876 1345; x_wconf 85' lang='grc' dir='ltr'>πέντε</span> <span class='ocrx_word' id='word_1_188' title='bbox 2904 1291 3137 1364; x_wconf 74' lang='grc' dir='ltr'>Ἀθηνᾶς</span> <span class='ocrx_word' id='word_1_189' title='bbox 3153 1295 3265 1367; x_wconf 72' lang='grc'><strong>(54)</strong></span> <span class='ocrx_word' id='word_1_190' title='bbox 3282 1295 3647 1351; x_wconf 81' lang='grc' dir='ltr'>ὑποτίθενται·</span> <span class='ocrx_word' id='word_1_191' title='bbox 3675 1295 3778 1368; x_wconf 83' lang='grc' dir='ltr'>τὴν</span> <span class='ocrx_word' id='word_1_192' title='bbox 3795 1299 3894 1368; x_wconf 84' lang='grc' dir='ltr'>μὲν</span> <span class='ocrx_word' id='word_1_193' title='bbox 3930 1297 4124 1373; x_wconf 83' lang='grc' dir='ltr'>Ἠφαί-</span> 
     </span>
    </p>
   </div>
   <div class='ocr_carea' id='block_1_26' title="bbox 2537 1377 4118 1459">
    <p class='ocr_par' dir='ltr' id='par_1_26' title="bbox 2537 1377 4118 1459">
     <span class='ocr_line' id='line_1_26' title="bbox 2537 1377 4118 1459; baseline 0.009 -23"><span class='ocrx_word' id='word_1_194' title='bbox 2537 1401 2663 1437; x_wconf 85' lang='grc' dir='ltr'>στου</span> <span class='ocrx_word' id='word_1_195' title='bbox 2695 1385 2794 1457; x_wconf 84' lang='grc' dir='ltr'>τὴν</span> <span class='ocrx_word' id='word_1_196' title='bbox 2836 1377 3158 1456; x_wconf 80' lang='grc' dir='ltr'>Ἀθηναίαν,</span> <span class='ocrx_word' id='word_1_197' title='bbox 3189 1387 3290 1458; x_wconf 82' lang='grc' dir='ltr'>τὴν</span> <span class='ocrx_word' id='word_1_198' title='bbox 3329 1389 3388 1443; x_wconf 82' lang='grc' dir='ltr'>δὲ</span> <span class='ocrx_word' id='word_1_199' title='bbox 3415 1389 3606 1442; x_wconf 83' lang='grc' dir='ltr'>Νείλου</span> <span class='ocrx_word' id='word_1_200' title='bbox 3647 1388 3745 1457; x_wconf 81' lang='grc' dir='ltr'>τὴν</span> <span class='ocrx_word' id='word_1_201' title='bbox 3778 1389 4087 1459; x_wconf 75' lang='grc' dir='ltr'>Αἰγυπτίαν</span> <span class='ocrx_word' id='word_1_202' title='bbox 4114 1415 4118 1419; x_wconf 93' lang='grc'>·</span> 
     </span>
    </p>
   </div>
   <div class='ocr_carea' id='block_1_27' title="bbox 2536 1467 4123 1558">
    <p class='ocr_par' dir='ltr' id='par_1_27' title="bbox 2536 1467 4123 1558">
     <span class='ocr_line' id='line_1_27' title="bbox 2536 1467 4123 1558; baseline 0.006 -29"><span class='ocrx_word' id='word_1_203' title='bbox 2536 1477 2726 1548; x_wconf 82' lang='grc' dir='ltr'>τρίτην</span> <span class='ocrx_word' id='word_1_204' title='bbox 2745 1467 2841 1530; x_wconf 91' lang='grc' dir='ltr'><strong>τοῦ</strong></span> <span class='ocrx_word' id='word_1_205' title='bbox 2870 1476 3115 1549; x_wconf 82' lang='grc' dir='ltr'>Κρόνου,</span> <span class='ocrx_word' id='word_1_206' title='bbox 3146 1475 3246 1547; x_wconf 79' lang='grc' dir='ltr'><strong>τὴν</strong></span> <span class='ocrx_word' id='word_1_207' title='bbox 3281 1479 3522 1552; x_wconf 86' lang='grc' dir='ltr'>πολέμου</span> <span class='ocrx_word' id='word_1_208' title='bbox 3566 1480 3808 1553; x_wconf 77' lang='grc' dir='ltr'><strong>εὑρέτιν·</strong></span> <span class='ocrx_word' id='word_1_209' title='bbox 3850 1486 4123 1558; x_wconf 75' lang='grc' dir='ltr'><strong>τετάρτην</strong></span> 
     </span>
    </p>
   </div>
   <div class='ocr_carea' id='block_1_28' title="bbox 2536 1562 4124 1648">
    <p class='ocr_par' dir='ltr' id='par_1_28' title="bbox 2536 1562 4124 1648">
     <span class='ocr_line' id='line_1_28' title="bbox 2536 1562 4124 1648; baseline 0.003 -25"><span class='ocrx_word' id='word_1_210' title='bbox 2536 1572 2637 1641; x_wconf 82' lang='grc' dir='ltr'>τὴν</span> <span class='ocrx_word' id='word_1_211' title='bbox 2665 1571 2787 1633; x_wconf 83' lang='grc' dir='ltr'>Διὸς</span> <span class='ocrx_word' id='word_1_212' title='bbox 2815 1562 2950 1641; x_wconf 76' lang='grc'>(55),</span> <span class='ocrx_word' id='word_1_213' title='bbox 2980 1571 3046 1641; x_wconf 81' lang='grc' dir='ltr'>ἢν</span> <span class='ocrx_word' id='word_1_214' title='bbox 3071 1569 3373 1639; x_wconf 85' lang='grc' dir='ltr'>Μεσσήνιοι</span> <span class='ocrx_word' id='word_1_215' title='bbox 3389 1573 3743 1644; x_wconf 84' lang='grc' dir='ltr'>Κορυφασίαν</span> <span class='ocrx_word' id='word_1_216' title='bbox 3767 1571 3879 1644; x_wconf 80' lang='grc'><strong>(56)</strong></span> <span class='ocrx_word' id='word_1_217' title='bbox 3901 1574 4010 1627; x_wconf 83' lang='grc' dir='ltr'><strong>ἀπὸ</strong></span> <span class='ocrx_word' id='word_1_218' title='bbox 4023 1568 4124 1648; x_wconf 74' lang='grc' dir='ltr'>τῆς</span> 
     </span>
    </p>
   </div>
   <div class='ocr_carea' id='block_1_29' title="bbox 2541 1654 4126 1737">
    <p class='ocr_par' dir='ltr' id='par_1_29' title="bbox 2541 1654 4126 1737">
     <span class='ocr_line' id='line_1_29' title="bbox 2541 1654 4126 1737; baseline 0.004 -23"><span class='ocrx_word' id='word_1_219' title='bbox 2541 1654 2748 1733; x_wconf 79' lang='grc' dir='ltr'>μητρὸς</span> <span class='ocrx_word' id='word_1_220' title='bbox 2777 1660 3225 1731; x_wconf 79' lang='grc' dir='ltr'>έπικεκλήκασιν·</span> <span class='ocrx_word' id='word_1_221' title='bbox 3258 1661 3356 1714; x_wconf 74' lang='grc' dir='ltr'><strong>ἐπὶ</strong></span> <span class='ocrx_word' id='word_1_222' title='bbox 3383 1665 3540 1728; x_wconf 79' lang='grc' dir='ltr'>πᾶσι,</span> <span class='ocrx_word' id='word_1_223' title='bbox 3561 1665 3660 1737; x_wconf 81' lang='grc' dir='ltr'>τὴν</span> <span class='ocrx_word' id='word_1_224' title='bbox 3685 1664 3988 1728; x_wconf 75' lang='grc' dir='ltr'>Πάλλαντος</span> <span class='ocrx_word' id='word_1_225' title='bbox 4027 1669 4126 1722; x_wconf 74' lang='grc' dir='ltr'>καὶ</span> 
     </span>
    </p>
   </div>
   <div class='ocr_carea' id='block_1_30' title="bbox 2539 1750 4124 1828">
    <p class='ocr_par' dir='ltr' id='par_1_30' title="bbox 2539 1750 4124 1828">
     <span class='ocr_line' id='line_1_30' title="bbox 2539 1750 4124 1828; baseline 0.006 -24"><span class='ocrx_word' id='word_1_226' title='bbox 2539 1750 2818 1816; x_wconf 88' lang='grc' dir='ltr'>Τιτανίδος</span> <span class='ocrx_word' id='word_1_227' title='bbox 2835 1752 2933 1822; x_wconf 84' lang='grc' dir='ltr'>τῆς</span> <span class='ocrx_word' id='word_1_228' title='bbox 2981 1750 3235 1805; x_wconf 86' lang='grc' dir='ltr'>Ὠκεανοῦ</span> <span class='ocrx_word' id='word_1_229' title='bbox 3253 1768 3267 1780; x_wconf 92' lang='grc'><strong>·</strong></span> <span class='ocrx_word' id='word_1_230' title='bbox 3299 1752 3357 1821; x_wconf 82' lang='grc' dir='ltr'>ἥ,</span> <span class='ocrx_word' id='word_1_231' title='bbox 3387 1753 3478 1806; x_wconf 84' lang='grc' dir='ltr'><strong>τὸν</strong></span> <span class='ocrx_word' id='word_1_232' title='bbox 3508 1757 3722 1828; x_wconf 83' lang='grc' dir='ltr'>πατέρα</span> <span class='ocrx_word' id='word_1_233' title='bbox 3737 1755 4009 1820; x_wconf 73' lang='grc' dir='ltr'>δυσσεϐῶς</span> <span class='ocrx_word' id='word_1_234' title='bbox 4030 1775 4124 1813; x_wconf 80' lang='grc' dir='ltr'>κα.-</span> 
     </span>
    </p>
   </div>
   <div class='ocr_carea' id='block_1_31' title="bbox 2537 1842 4124 1922">
    <p class='ocr_par' dir='ltr' id='par_1_31' title="bbox 2537 1842 4124 1922">
     <span class='ocr_line' id='line_1_31' title="bbox 2537 1842 4124 1922; baseline 0.006 -27"><span class='ocrx_word' id='word_1_235' title='bbox 2537 1842 2842 1908; x_wconf 87' lang='grc' dir='ltr'>ταθύσασα,</span> <span class='ocrx_word' id='word_1_236' title='bbox 2873 1842 2952 1914; x_wconf 84' lang='grc' dir='ltr'>τῷ</span> <span class='ocrx_word' id='word_1_237' title='bbox 2983 1842 3224 1916; x_wconf 80' lang='grc' dir='ltr'>πατρῴῳ</span> <span class='ocrx_word' id='word_1_238' title='bbox 3243 1843 3586 1917; x_wconf 81' lang='grc' dir='ltr'>κεκόσμηται</span> <span class='ocrx_word' id='word_1_239' title='bbox 3621 1849 3883 1921; x_wconf 87' lang='grc' dir='ltr'>δέρματι,</span> <span class='ocrx_word' id='word_1_240' title='bbox 3931 1847 4124 1922; x_wconf 83' lang='grc' dir='ltr'>ὥσπερ</span> 
     </span>
    </p>
   </div>
   <div class='ocr_carea' id='block_1_32' title="bbox 837 1931 2597 2012">
    <p class='ocr_par' dir='ltr' id='par_1_32' title="bbox 837 1931 2597 2008">
     <span class='ocr_line' id='line_1_32' title="bbox 837 1931 2597 2008; baseline -0.001 -19"><span class='ocrx_word' id='word_1_241' title='bbox 837 1937 974 2002; x_wconf 84' lang='lat' dir='ltr'><strong>tilia,</strong></span> <span class='ocrx_word' id='word_1_242' title='bbox 1015 1951 1139 2008; x_wconf 75' lang='lat' dir='ltr'><strong>quae</strong></span> <span class='ocrx_word' id='word_1_243' title='bbox 1169 1952 1295 1990; x_wconf 89' lang='lat' dir='ltr'><strong>cum</strong></span> <span class='ocrx_word' id='word_1_244' title='bbox 1327 1945 1534 2006; x_wconf 88' lang='lat' dir='ltr'><strong>patrem</strong></span> <span class='ocrx_word' id='word_1_245' title='bbox 1565 1950 1726 1988; x_wconf 90' lang='lat' dir='ltr'><strong>suum</strong></span> <span class='ocrx_word' id='word_1_246' title='bbox 1765 1935 1930 2004; x_wconf 88' lang='lat' dir='ltr'><strong>impie</strong></span> <span class='ocrx_word' id='word_1_247' title='bbox 1953 1936 2300 1998; x_wconf 77' lang='lat' dir='ltr'><strong>trucidasset,</strong></span> <span class='ocrx_word' id='word_1_248' title='bbox 2320 1935 2439 2004; x_wconf 85' lang='lat' dir='ltr'><strong>ejus</strong></span> <span class='ocrx_word' id='word_1_249' title='bbox 2468 1931 2512 1984; x_wconf 87' lang='grc' dir='ltr'>Β</span> <span class='ocrx_word' id='word_1_250' title='bbox 2541 1953 2597 1988; x_wconf 70' lang='lat' dir='ltr'><strong>xc</strong></span> 
     </span>
    </p>
   </div>
   <div class='ocr_carea' id='block_1_33' title="bbox 2362 1931 4122 2012">
    <p class='ocr_par' dir='ltr' id='par_1_33' title="bbox 2362 1931 4122 2012">
     <span class='ocr_line' id='line_1_33' title="bbox 2362 1931 4122 2012; baseline 0.004 -24"><span class='ocrx_word' id='word_1_251' title='bbox 2362 1936 2439 2000; x_wconf 78' lang='lat' dir='ltr'><strong>ius</strong></span> <span class='ocrx_word' id='word_1_252' title='bbox 2468 1931 2512 1984; x_wconf 87' lang='grc' dir='ltr'>Β</span> <span class='ocrx_word' id='word_1_253' title='bbox 2541 1935 2740 2007; x_wconf 86' lang='grc' dir='ltr'>κωδίῳ.</span> <span class='ocrx_word' id='word_1_254' title='bbox 2767 1936 2876 1988; x_wconf 86' lang='lat' dir='ltr'><strong>Na‘t</strong></span> <span class='ocrx_word' id='word_1_255' title='bbox 2911 1935 3019 2008; x_wconf 79' lang='grc' dir='ltr'>μὴν</span> <span class='ocrx_word' id='word_1_256' title='bbox 3051 1936 3361 1990; x_wconf 81' lang='grc' dir='ltr'>Ἀπόλλωνα</span> <span class='ocrx_word' id='word_1_257' title='bbox 3388 1939 3417 1990; x_wconf 83' lang='grc' dir='ltr'><strong>ὁ</strong></span> <span class='ocrx_word' id='word_1_258' title='bbox 3450 1939 3550 2008; x_wconf 82' lang='grc' dir='ltr'>μὲν</span> <span class='ocrx_word' id='word_1_259' title='bbox 3582 1941 3952 2012; x_wconf 83' lang='grc' dir='ltr'>Ἀριστοτέλης</span> <span class='ocrx_word' id='word_1_260' title='bbox 3979 1943 4122 2012; x_wconf 83' lang='grc' dir='ltr'>πρῶ-</span> 
     </span>
    </p>
   </div>
   <div class='ocr_carea' id='block_1_34' title="bbox 835 2025 2431 2097">
    <p class='ocr_par' dir='ltr' id='par_1_34' title="bbox 835 2025 2431 2097">
     <span class='ocr_line' id='line_1_34' title="bbox 835 2025 2431 2097; baseline -0.001 -15"><span class='ocrx_word' id='word_1_261' title='bbox 835 2029 1013 2097; x_wconf 89' lang='lat' dir='ltr'><strong>pelle,</strong></span> <span class='ocrx_word' id='word_1_262' title='bbox 1062 2037 1324 2096; x_wconf 86' lang='lat' dir='ltr'><strong>tanquam</strong></span> <span class='ocrx_word' id='word_1_263' title='bbox 1380 2027 1546 2079; x_wconf 83' lang='lat' dir='ltr'><strong>ovino</strong></span> <span class='ocrx_word' id='word_1_264' title='bbox 1594 2027 1814 2089; x_wconf 85' lang='lat' dir='ltr'><strong>vellere,</strong></span> <span class='ocrx_word' id='word_1_265' title='bbox 1870 2041 1931 2080; x_wconf 91' lang='lat' dir='ltr'><strong>se</strong></span> <span class='ocrx_word' id='word_1_266' title='bbox 1984 2026 2220 2080; x_wconf 89' lang='lat' dir='ltr'><strong>ornavit.</strong></span> <span class='ocrx_word' id='word_1_267' title='bbox 2285 2025 2431 2092; x_wconf 89' lang='lat' dir='ltr'><strong>Quin</strong></span> 
     </span>
    </p>
   </div>
   <div class='ocr_carea' id='block_1_35' title="bbox 834 2115 2437 2187">
    <p class='ocr_par' dir='ltr' id='par_1_35' title="bbox 834 2115 2437 2187">
     <span class='ocr_line' id='line_1_35' title="bbox 834 2115 2437 2187; baseline -0.002 -14"><span class='ocrx_word' id='word_1_268' title='bbox 834 2120 999 2173; x_wconf 89' lang='lat' dir='ltr'><strong>etiam</strong></span> <span class='ocrx_word' id='word_1_269' title='bbox 1024 2118 1344 2172; x_wconf 86' lang='lat' dir='ltr'><strong>Aristoteles</strong></span> <span class='ocrx_word' id='word_1_270' title='bbox 1370 2116 1673 2186; x_wconf 83' lang='lat' dir='ltr'><strong>Apollinem</strong></span> <span class='ocrx_word' id='word_1_271' title='bbox 1700 2118 1963 2187; x_wconf 90' lang='lat' dir='ltr'><strong>primum,</strong></span> <span class='ocrx_word' id='word_1_272' title='bbox 2003 2115 2232 2172; x_wconf 77' lang='lat' dir='ltr'><strong>Vulcani</strong></span> <span class='ocrx_word' id='word_1_273' title='bbox 2252 2127 2306 2172; x_wconf 92' lang='lat' dir='ltr'><strong>et</strong></span> <span class='ocrx_word' id='word_1_274' title='bbox 2333 2117 2437 2171; x_wconf 78' lang='lat' dir='ltr'><strong>Mi-</strong></span> 
     </span>
    </p>
   </div>
   <div class='ocr_carea' id='block_1_36' title="bbox 835 2208 2434 2280">
    <p class='ocr_par' dir='ltr' id='par_1_36' title="bbox 835 2208 2434 2280">
     <span class='ocr_line' id='line_1_36' title="bbox 835 2208 2434 2280; baseline 0.002 -17"><span class='ocrx_word' id='word_1_275' title='bbox 835 2210 1237 2279; x_wconf 67' lang='lat' dir='ltr'><strong>nerva:(actutn</strong></span> <span class='ocrx_word' id='word_1_276' title='bbox 1264 2217 1348 2264; x_wconf 91' lang='lat' dir='ltr'><strong>est</strong></span> <span class='ocrx_word' id='word_1_277' title='bbox 1377 2210 1543 2279; x_wconf 81' lang='lat' dir='ltr'><strong>igitur</strong></span> <span class='ocrx_word' id='word_1_278' title='bbox 1566 2210 1632 2264; x_wconf 91' lang='lat' dir='ltr'><strong>de</strong></span> <span class='ocrx_word' id='word_1_279' title='bbox 1659 2209 1973 2280; x_wconf 79' lang='lat' dir='ltr'><strong>virginitate</strong></span> <span class='ocrx_word' id='word_1_280' title='bbox 2000 2208 2278 2280; x_wconf 71' lang='lat' dir='ltr'><strong>Minervae)</strong></span> <span class='ocrx_word' id='word_1_281' title='bbox 2304 2227 2319 2274; x_wconf 89' lang='lat'><strong>;</strong></span> <span class='ocrx_word' id='word_1_282' title='bbox 2348 2225 2434 2266; x_wconf 86' lang='lat' dir='ltr'><strong>se-</strong></span> 
     </span>
    </p>
   </div>
   <div class='ocr_carea' id='block_1_37' title="bbox 835 2301 2432 2374">
    <p class='ocr_par' dir='ltr' id='par_1_37' title="bbox 835 2301 2432 2374">
     <span class='ocr_line' id='line_1_37' title="bbox 835 2301 2432 2374; baseline 0 -19"><span class='ocrx_word' id='word_1_283' title='bbox 835 2306 1077 2358; x_wconf 83' lang='lat' dir='ltr'><strong>cundum</strong></span> <span class='ocrx_word' id='word_1_284' title='bbox 1099 2303 1398 2367; x_wconf 88' lang='lat' dir='ltr'><strong>Creticum,</strong></span> <span class='ocrx_word' id='word_1_285' title='bbox 1419 2302 1769 2374; x_wconf 81' lang='lat' dir='ltr'><strong>Corybantis;</strong></span> <span class='ocrx_word' id='word_1_286' title='bbox 1801 2303 2044 2364; x_wconf 88' lang='lat' dir='ltr'><strong>tertium,</strong></span> <span class='ocrx_word' id='word_1_287' title='bbox 2062 2301 2240 2367; x_wconf 85' lang='lat' dir='ltr'><strong>Jovis;</strong></span> <span class='ocrx_word' id='word_1_288' title='bbox 2263 2317 2432 2371; x_wconf 84' lang='lat' dir='ltr'><strong>quar-</strong></span> 
     </span>
    </p>
   </div>
   <div class='ocr_carea' id='block_1_38' title="bbox 838 2391 2429 2465">
    <p class='ocr_par' dir='ltr' id='par_1_38' title="bbox 838 2391 2429 2465">
     <span class='ocr_line' id='line_1_38' title="bbox 838 2391 2429 2465; baseline -0.003 -15"><span class='ocrx_word' id='word_1_289' title='bbox 838 2408 954 2451; x_wconf 91' lang='lat' dir='ltr'><strong>tum</strong></span> <span class='ocrx_word' id='word_1_290' title='bbox 970 2396 1258 2460; x_wconf 76' lang='lat' dir='ltr'><strong>Arcadem,</strong></span> <span class='ocrx_word' id='word_1_291' title='bbox 1279 2395 1448 2450; x_wconf 84' lang='lat' dir='ltr'><strong>Sileni</strong></span> <span class='ocrx_word' id='word_1_292' title='bbox 1475 2395 1624 2465; x_wconf 87' lang='lat' dir='ltr'><strong>(eum</strong></span> <span class='ocrx_word' id='word_1_293' title='bbox 1642 2394 1884 2448; x_wconf 86' lang='lat' dir='ltr'><strong>Arcades</strong></span> <span class='ocrx_word' id='word_1_294' title='bbox 1899 2391 2155 2448; x_wconf 87' lang='lat' dir='ltr'><strong>Nomium</strong></span> <span class='ocrx_word' id='word_1_295' title='bbox 2169 2395 2388 2462; x_wconf 86' lang='lat' dir='ltr'><strong>vocant)</strong></span> <span class='ocrx_word' id='word_1_296' title='bbox 2413 2412 2429 2460; x_wconf 91' lang='lat'><strong>;</strong></span> 
     </span>
    </p>
   </div>
   <div class='ocr_carea' id='block_1_39' title="bbox 837 2487 2435 2559">
    <p class='ocr_par' dir='ltr' id='par_1_39' title="bbox 837 2487 2435 2559">
     <span class='ocr_line' id='line_1_39' title="bbox 837 2487 2435 2559; baseline 0 -17"><span class='ocrx_word' id='word_1_297' title='bbox 837 2491 1093 2559; x_wconf 84' lang='lat' dir='ltr'><strong>quintum</strong></span> <span class='ocrx_word' id='word_1_298' title='bbox 1119 2489 1378 2558; x_wconf 89' lang='lat' dir='ltr'><strong>denique,</strong></span> <span class='ocrx_word' id='word_1_299' title='bbox 1405 2487 1691 2559; x_wconf 84' lang='lat' dir='ltr'><strong>Libycum,</strong></span> <span class='ocrx_word' id='word_1_300' title='bbox 1719 2488 2006 2542; x_wconf 84' lang='lat' dir='ltr'><strong>Ammonis</strong></span> <span class='ocrx_word' id='word_1_301' title='bbox 2027 2487 2223 2551; x_wconf 84' lang='lat' dir='ltr'><strong>ﬁlium,</strong></span> <span class='ocrx_word' id='word_1_302' title='bbox 2247 2503 2435 2542; x_wconf 86' lang='lat' dir='ltr'><strong>recen-</strong></span> 
     </span>
    </p>
   </div>
   <div class='ocr_carea' id='block_1_40' title="bbox 835 2579 2428 2651">
    <p class='ocr_par' dir='ltr' id='par_1_40' title="bbox 835 2579 2428 2651">
     <span class='ocr_line' id='line_1_40' title="bbox 835 2579 2428 2651; baseline -0.002 -16"><span class='ocrx_word' id='word_1_303' title='bbox 835 2590 941 2645; x_wconf 87' lang='lat' dir='ltr'><strong>set;</strong></span> <span class='ocrx_word' id='word_1_304' title='bbox 962 2581 1166 2651; x_wconf 88' lang='lat' dir='ltr'><strong>quibus</strong></span> <span class='ocrx_word' id='word_1_305' title='bbox 1184 2580 1449 2650; x_wconf 78' lang='lat' dir='ltr'><strong>Didymns</strong></span> <span class='ocrx_word' id='word_1_306' title='bbox 1466 2579 1860 2648; x_wconf 76' lang='lat' dir='ltr'><strong>grammaticus</strong></span> <span class='ocrx_word' id='word_1_307' title='bbox 1881 2579 2172 2650; x_wconf 73' lang='lat' dir='ltr'><strong>subjungit</strong></span> <span class='ocrx_word' id='word_1_308' title='bbox 2187 2590 2428 2642; x_wconf 77' lang='lat' dir='ltr'><strong>sextum,</strong></span> 
     </span>
    </p>
   </div>
   <div class='ocr_carea' id='block_1_41' title="bbox 833 2669 2428 2744">
    <p class='ocr_par' dir='ltr' id='par_1_41' title="bbox 833 2669 2428 2744">
     <span class='ocr_line' id='line_1_41' title="bbox 833 2669 2428 2744; baseline -0.001 -18"><span class='ocrx_word' id='word_1_309' title='bbox 833 2671 1086 2744; x_wconf 80' lang='lat' dir='ltr'><strong>Magnete</strong></span> <span class='ocrx_word' id='word_1_310' title='bbox 1109 2674 1378 2742; x_wconf 82' lang='lat' dir='ltr'><strong>genitum.</strong></span> <span class='ocrx_word' id='word_1_311' title='bbox 1415 2669 1574 2726; x_wconf 92' lang='lat' dir='ltr'><strong>Nunc</strong></span> <span class='ocrx_word' id='word_1_312' title='bbox 1603 2687 1733 2726; x_wconf 81' lang='lat' dir='ltr'><strong>vero</strong></span> <span class='ocrx_word' id='word_1_313' title='bbox 1765 2680 1904 2740; x_wconf 91' lang='lat' dir='ltr'><strong>quot</strong></span> <span class='ocrx_word' id='word_1_314' title='bbox 1934 2672 2206 2726; x_wconf 89' lang='lat' dir='ltr'><strong>habemus</strong></span> <span class='ocrx_word' id='word_1_315' title='bbox 2255 2671 2428 2741; x_wconf 85' lang='lat' dir='ltr'><strong>Apol-</strong></span> 
     </span>
    </p>
   </div>
   <div class='ocr_carea' id='block_1_42' title="bbox 833 2763 2426 2833">
    <p class='ocr_par' dir='ltr' id='par_1_42' title="bbox 833 2763 2426 2833">
     <span class='ocr_line' id='line_1_42' title="bbox 833 2763 2426 2833; baseline -0.001 -14"><span class='ocrx_word' id='word_1_316' title='bbox 833 2765 1014 2821; x_wconf 77' lang='lat' dir='ltr'><strong>lines?</strong></span> <span class='ocrx_word' id='word_1_317' title='bbox 1065 2765 1364 2819; x_wconf 85' lang='lat' dir='ltr'><strong>multitudo</strong></span> <span class='ocrx_word' id='word_1_318' title='bbox 1417 2763 1579 2818; x_wconf 88' lang='lat' dir='ltr'><strong>nobis</strong></span> <span class='ocrx_word' id='word_1_319' title='bbox 1632 2773 1718 2819; x_wconf 90' lang='lat' dir='ltr'><strong>est</strong></span> <span class='ocrx_word' id='word_1_320' title='bbox 1762 2763 2158 2833; x_wconf 86' lang='lat' dir='ltr'><strong>propemodum</strong></span> <span class='ocrx_word' id='word_1_321' title='bbox 2211 2763 2426 2817; x_wconf 78' lang='lat' dir='ltr'><strong>inﬁnita</strong></span> 
     </span>
    </p>
   </div>
   <div class='ocr_carea' id='block_1_43' title="bbox 837 2853 2428 2926">
    <p class='ocr_par' dir='ltr' id='par_1_43' title="bbox 837 2853 2428 2926">
     <span class='ocr_line' id='line_1_43' title="bbox 837 2853 2428 2926; baseline 0.001 -18"><span class='ocrx_word' id='word_1_322' title='bbox 837 2853 1155 2910; x_wconf 86' lang='lat' dir='ltr'><strong>mortalium</strong></span> <span class='ocrx_word' id='word_1_323' title='bbox 1201 2855 1521 2920; x_wconf 87' lang='lat' dir='ltr'><strong>hominum;</strong></span> <span class='ocrx_word' id='word_1_324' title='bbox 1559 2854 1655 2924; x_wconf 88' lang='lat' dir='ltr'><strong>qui</strong></span> <span class='ocrx_word' id='word_1_325' title='bbox 1699 2855 1846 2924; x_wconf 88' lang='lat' dir='ltr'><strong>quod</strong></span> <span class='ocrx_word' id='word_1_326' title='bbox 1901 2857 2205 2909; x_wconf 86' lang='lat' dir='ltr'><strong>humanum</strong></span> <span class='ocrx_word' id='word_1_327' title='bbox 2254 2870 2428 2926; x_wconf 78' lang='lat' dir='ltr'><strong>genus</strong></span> 
     </span>
    </p>
   </div>
   <div class='ocr_carea' id='block_1_44' title="bbox 837 2945 2430 3018">
    <p class='ocr_par' dir='ltr' id='par_1_44' title="bbox 837 2945 2430 3018">
     <span class='ocr_line' id='line_1_44' title="bbox 837 2945 2430 3018; baseline 0.003 -19"><span class='ocrx_word' id='word_1_328' title='bbox 837 2945 1172 3016; x_wconf 69' lang='lat' dir='ltr'><strong>adiuverint,</strong></span> <span class='ocrx_word' id='word_1_329' title='bbox 1197 2961 1264 3001; x_wconf 91' lang='lat' dir='ltr'><strong>eo</strong></span> <span class='ocrx_word' id='word_1_330' title='bbox 1300 2947 1555 3012; x_wconf 90' lang='lat' dir='ltr'><strong>nomine,</strong></span> <span class='ocrx_word' id='word_1_331' title='bbox 1591 2946 1794 3015; x_wconf 88' lang='lat' dir='ltr'><strong>pariter</strong></span> <span class='ocrx_word' id='word_1_332' title='bbox 1826 2961 1890 3001; x_wconf 90' lang='lat' dir='ltr'><strong>ac</strong></span> <span class='ocrx_word' id='word_1_333' title='bbox 1923 2947 2107 3001; x_wconf 68' lang='lat' dir='ltr'><strong>caeteri</strong></span> <span class='ocrx_word' id='word_1_334' title='bbox 2151 2947 2266 3016; x_wconf 82' lang='lat' dir='ltr'><strong>jam</strong></span> <span class='ocrx_word' id='word_1_335' title='bbox 2290 2963 2430 3018; x_wconf 61' lang='lat' dir='ltr'><strong>pra:-</strong></span> 
     </span>
    </p>
   </div>
   <div class='ocr_carea' id='block_1_45' title="bbox 835 3037 2432 3109">
    <p class='ocr_par' dir='ltr' id='par_1_45' title="bbox 835 3037 2432 3109">
     <span class='ocr_line' id='line_1_45' title="bbox 835 3037 2432 3109; baseline -0.001 -14"><span class='ocrx_word' id='word_1_336' title='bbox 835 3039 1000 3102; x_wconf 89' lang='lat' dir='ltr'><strong>dicti,</strong></span> <span class='ocrx_word' id='word_1_337' title='bbox 1029 3041 1287 3108; x_wconf 81' lang='lat' dir='ltr'><strong>gaudent.</strong></span> <span class='ocrx_word' id='word_1_338' title='bbox 1316 3037 1459 3104; x_wconf 85' lang='lat' dir='ltr'><strong>Quid</strong></span> <span class='ocrx_word' id='word_1_339' title='bbox 1483 3054 1634 3102; x_wconf 90' lang='lat' dir='ltr'><strong>vero,</strong></span> <span class='ocrx_word' id='word_1_340' title='bbox 1660 3039 1706 3092; x_wconf 90' lang='lat' dir='ltr'><strong>si</strong></span> <span class='ocrx_word' id='word_1_341' title='bbox 1739 3037 2092 3109; x_wconf 64' lang='lat' dir='ltr'><strong>Esculapios</strong></span> <span class='ocrx_word' id='word_1_342' title='bbox 2133 3039 2288 3095; x_wconf 88' lang='lat' dir='ltr'><strong>vobis</strong></span> <span class='ocrx_word' id='word_1_343' title='bbox 2311 3055 2432 3094; x_wconf 86' lang='lat' dir='ltr'><strong>om-</strong></span> 
     </span>
    </p>
   </div>
   <div class='ocr_carea' id='block_1_46' title="bbox 834 3126 2430 3199">
    <p class='ocr_par' dir='ltr' id='par_1_46' title="bbox 834 3126 2430 3199">
     <span class='ocr_line' id='line_1_46' title="bbox 834 3126 2430 3199; baseline 0.001 -16"><span class='ocrx_word' id='word_1_344' title='bbox 834 3145 936 3185; x_wconf 90' lang='lat' dir='ltr'><strong>nes</strong></span> <span class='ocrx_word' id='word_1_345' title='bbox 963 3169 978 3193; x_wconf 94' lang='lat'><strong>,</strong></span> <span class='ocrx_word' id='word_1_346' title='bbox 1017 3138 1112 3183; x_wconf 90' lang='lat' dir='ltr'><strong>aut</strong></span> <span class='ocrx_word' id='word_1_347' title='bbox 1139 3126 1445 3183; x_wconf 80' lang='lat' dir='ltr'><strong>Mercurios</strong></span> <span class='ocrx_word' id='word_1_348' title='bbox 1468 3170 1484 3194; x_wconf 96' lang='lat'><strong>,</strong></span> <span class='ocrx_word' id='word_1_349' title='bbox 1516 3137 1613 3183; x_wconf 86' lang='lat' dir='ltr'><strong>aut</strong></span> <span class='ocrx_word' id='word_1_350' title='bbox 1649 3127 1947 3192; x_wconf 86' lang='lat' dir='ltr'><strong>Vulcanos,</strong></span> <span class='ocrx_word' id='word_1_351' title='bbox 1995 3129 2092 3199; x_wconf 85' lang='lat' dir='ltr'><strong>qui</strong></span> <span class='ocrx_word' id='word_1_352' title='bbox 2125 3128 2183 3182; x_wconf 92' lang='lat' dir='ltr'><strong>in</strong></span> <span class='ocrx_word' id='word_1_353' title='bbox 2227 3128 2430 3184; x_wconf 80' lang='lat' dir='ltr'><strong>fabulis</strong></span> 
     </span>
    </p>
   </div>
   <div class='ocr_carea' id='block_1_47' title="bbox 835 3221 2430 3295">
    <p class='ocr_par' dir='ltr' id='par_1_47' title="bbox 835 3221 2430 3295">
     <span class='ocr_line' id='line_1_47' title="bbox 835 3221 2430 3295; baseline -0.001 -18"><span class='ocrx_word' id='word_1_354' title='bbox 835 3231 1238 3287; x_wconf 81' lang='lat' dir='ltr'><strong>memorantur,</strong></span> <span class='ocrx_word' id='word_1_355' title='bbox 1265 3236 1554 3278; x_wconf 88' lang='lat' dir='ltr'><strong>recensere</strong></span> <span class='ocrx_word' id='word_1_356' title='bbox 1580 3221 1844 3295; x_wconf 73' lang='lat' dir='ltr'><strong>pergam?</strong></span> <span class='ocrx_word' id='word_1_357' title='bbox 1867 3237 2052 3277; x_wconf 91' lang='lat' dir='ltr'><strong>nonne</strong></span> <span class='ocrx_word' id='word_1_358' title='bbox 2075 3222 2282 3277; x_wconf 90' lang='lat' dir='ltr'><strong>nimius</strong></span> <span class='ocrx_word' id='word_1_359' title='bbox 2307 3237 2430 3277; x_wconf 90' lang='lat' dir='ltr'><strong>esse</strong></span> 
     </span>
    </p>
   </div>
   <div class='ocr_carea' id='block_1_48' title="bbox 2531 2014 4123 2104">
    <p class='ocr_par' dir='ltr' id='par_1_48' title="bbox 2531 2014 4123 2104">
     <span class='ocr_line' id='line_1_48' title="bbox 2531 2014 4123 2104; baseline 0.004 -24"><span class='ocrx_word' id='word_1_360' title='bbox 2531 2043 2623 2080; x_wconf 91' lang='grc' dir='ltr'><strong>τον</strong></span> <span class='ocrx_word' id='word_1_361' title='bbox 2654 2014 2954 2096; x_wconf 81' lang='grc' dir='ltr'>Ἡφαιστου</span> <span class='ocrx_word' id='word_1_362' title='bbox 2983 2029 3080 2082; x_wconf 77' lang='grc' dir='ltr'>καὶ</span> <span class='ocrx_word' id='word_1_363' title='bbox 3119 2027 3371 2099; x_wconf 75' lang='grc' dir='ltr'>Ἀθηνᾶς,</span> <span class='ocrx_word' id='word_1_364' title='bbox 3397 2028 3668 2098; x_wconf 78' lang='grc' dir='ltr'>(ἐνταῦθα</span> <span class='ocrx_word' id='word_1_365' title='bbox 3693 2033 3758 2104; x_wconf 81' lang='grc' dir='ltr'>δὴ</span> <span class='ocrx_word' id='word_1_366' title='bbox 3777 2034 3957 2087; x_wconf 83' lang='grc' dir='ltr'>οὐκέτι</span> <span class='ocrx_word' id='word_1_367' title='bbox 3987 2051 4123 2104; x_wconf 64' lang='grc' dir='ltr'>παρ.</span> 
     </span>
    </p>
   </div>
   <div class='ocr_carea' id='block_1_49' title="bbox 2533 2119 4124 2198">
    <p class='ocr_par' dir='ltr' id='par_1_49' title="bbox 2533 2119 4124 2198">
     <span class='ocr_line' id='line_1_49' title="bbox 2533 2119 4124 2198; baseline 0.004 -26"><span class='ocrx_word' id='word_1_368' title='bbox 2533 2119 2686 2184; x_wconf 82' lang='grc' dir='ltr'>θένος</span> <span class='ocrx_word' id='word_1_369' title='bbox 2711 2122 2747 2191; x_wconf 80' lang='grc' dir='ltr'>ὴ</span> <span class='ocrx_word' id='word_1_370' title='bbox 2790 2120 2993 2192; x_wconf 77' lang='grc' dir='ltr'>Ἀθηνᾶ</span> <span class='ocrx_word' id='word_1_371' title='bbox 3012 2120 3066 2191; x_wconf 90' lang='grc'><strong>·)</strong></span> <span class='ocrx_word' id='word_1_372' title='bbox 3092 2119 3340 2190; x_wconf 85' lang='grc' dir='ltr'>δεύτερον</span> <span class='ocrx_word' id='word_1_373' title='bbox 3369 2120 3428 2172; x_wconf 79' lang='grc' dir='ltr'>ὲν</span> <span class='ocrx_word' id='word_1_374' title='bbox 3464 2122 3691 2195; x_wconf 80' lang='grc' dir='ltr'>Κρήτῃ,</span> <span class='ocrx_word' id='word_1_375' title='bbox 3720 2126 3812 2180; x_wconf 82' lang='grc' dir='ltr'>τὸν</span> <span class='ocrx_word' id='word_1_376' title='bbox 3844 2125 4124 2198; x_wconf 79' lang='grc' dir='ltr'>Κορύϐαν-</span> 
     </span>
    </p>
   </div>
   <div class='ocr_carea' id='block_1_50' title="bbox 2532 2211 4123 2287">
    <p class='ocr_par' dir='ltr' id='par_1_50' title="bbox 2532 2211 4123 2287">
     <span class='ocr_line' id='line_1_50' title="bbox 2532 2211 4123 2287; baseline 0.003 -21"><span class='ocrx_word' id='word_1_377' title='bbox 2532 2230 2624 2277; x_wconf 89' lang='grc' dir='ltr'><strong>τος</strong></span> <span class='ocrx_word' id='word_1_378' title='bbox 2655 2212 2798 2286; x_wconf 76' lang='grc'><strong>(57)·</strong></span> <span class='ocrx_word' id='word_1_379' title='bbox 2831 2213 3016 2286; x_wconf 80' lang='grc' dir='ltr'>τρίτον</span> <span class='ocrx_word' id='word_1_380' title='bbox 3033 2213 3126 2266; x_wconf 78' lang='grc' dir='ltr'>τὸν</span> <span class='ocrx_word' id='word_1_381' title='bbox 3146 2211 3268 2274; x_wconf 87' lang='grc' dir='ltr'>Διός</span> <span class='ocrx_word' id='word_1_382' title='bbox 3285 2228 3300 2241; x_wconf 74' lang='grc' dir='ltr'><strong>ο</strong></span> <span class='ocrx_word' id='word_1_383' title='bbox 3331 2211 3426 2264; x_wconf 72' lang='grc' dir='ltr'>καὶ</span> <span class='ocrx_word' id='word_1_384' title='bbox 3443 2212 3707 2284; x_wconf 68' lang='grc' dir='ltr'>τέταρτον</span> <span class='ocrx_word' id='word_1_385' title='bbox 3733 2216 3824 2270; x_wconf 83' lang='grc' dir='ltr'>τὸν</span> <span class='ocrx_word' id='word_1_386' title='bbox 3863 2217 4123 2287; x_wconf 70' lang='grc' dir='ltr'>Ἀρκάδα,</span> 
     </span>
    </p>
   </div>
   <div class='ocr_carea' id='block_1_51' title="bbox 2533 2295 4122 2380">
    <p class='ocr_par' dir='ltr' id='par_1_51' title="bbox 2533 2295 4122 2380">
     <span class='ocr_line' id='line_1_51' title="bbox 2533 2295 4122 2380; baseline 0.003 -23"><span class='ocrx_word' id='word_1_387' title='bbox 2533 2304 2625 2358; x_wconf 79' lang='grc' dir='ltr'>τὸν</span> <span class='ocrx_word' id='word_1_388' title='bbox 2653 2303 2908 2375; x_wconf 78' lang='grc' dir='ltr'>Σιληνοῦ·</span> <span class='ocrx_word' id='word_1_389' title='bbox 2934 2304 3167 2374; x_wconf 83' lang='grc' dir='ltr'>(Νόμιος</span> <span class='ocrx_word' id='word_1_390' title='bbox 3188 2295 3341 2366; x_wconf 77' lang='grc' dir='ltr'>οὗτος</span> <span class='ocrx_word' id='word_1_391' title='bbox 3357 2302 3621 2374; x_wconf 87' lang='grc' dir='ltr'>κέκληται</span> <span class='ocrx_word' id='word_1_392' title='bbox 3649 2307 3780 2377; x_wconf 89' lang='grc' dir='ltr'>παρ’</span> <span class='ocrx_word' id='word_1_393' title='bbox 3813 2306 4122 2380; x_wconf 75' lang='grc' dir='ltr'>Ἀρκάσινο)</span> 
     </span>
    </p>
   </div>
   <div class='ocr_carea' id='block_1_52' title="bbox 2535 2392 4125 2466">
    <p class='ocr_par' dir='ltr' id='par_1_52' title="bbox 2535 2392 4125 2466">
     <span class='ocr_line' id='line_1_52' title="bbox 2535 2392 4125 2466; baseline 0.001 -18"><span class='ocrx_word' id='word_1_394' title='bbox 2535 2397 2630 2448; x_wconf 72' lang='grc' dir='ltr'><strong>ἐπὶ</strong></span> <span class='ocrx_word' id='word_1_395' title='bbox 2649 2395 2880 2459; x_wconf 81' lang='grc' dir='ltr'>τούτοις,</span> <span class='ocrx_word' id='word_1_396' title='bbox 2909 2394 3001 2448; x_wconf 80' lang='grc' dir='ltr'>τὸν</span> <span class='ocrx_word' id='word_1_397' title='bbox 3028 2393 3197 2447; x_wconf 80' lang='grc' dir='ltr'>Λίϐυν</span> <span class='ocrx_word' id='word_1_398' title='bbox 3228 2392 3546 2460; x_wconf 82' lang='grc' dir='ltr'>καταλέγει,</span> <span class='ocrx_word' id='word_1_399' title='bbox 3597 2394 3690 2446; x_wconf 84' lang='grc' dir='ltr'>τὸν</span> <span class='ocrx_word' id='word_1_400' title='bbox 3733 2397 4056 2466; x_wconf 70' lang='grc' dir='ltr'>Ἄμμωνος·</span> <span class='ocrx_word' id='word_1_401' title='bbox 4095 2399 4125 2452; x_wconf 72' lang='grc' dir='ltr'><strong>ό</strong></span> 
     </span>
    </p>
   </div>
   <div class='ocr_carea' id='block_1_53' title="bbox 2534 2485 4125 2560">
    <p class='ocr_par' dir='ltr' id='par_1_53' title="bbox 2534 2485 4125 2560">
     <span class='ocr_line' id='line_1_53' title="bbox 2534 2485 4125 2560; baseline 0.001 -20"><span class='ocrx_word' id='word_1_402' title='bbox 2534 2487 2592 2540; x_wconf 87' lang='grc' dir='ltr'>δὲ</span> <span class='ocrx_word' id='word_1_403' title='bbox 2621 2488 2851 2558; x_wconf 84' lang='grc' dir='ltr'>Δίδυμος</span> <span class='ocrx_word' id='word_1_404' title='bbox 2878 2490 2907 2540; x_wconf 88' lang='grc' dir='ltr'>ὁ</span> <span class='ocrx_word' id='word_1_405' title='bbox 2926 2487 3314 2558; x_wconf 80' lang='grc' dir='ltr'>γραμματικὸς</span> <span class='ocrx_word' id='word_1_406' title='bbox 3330 2485 3536 2549; x_wconf 79' lang='grc' dir='ltr'>τούτοις</span> <span class='ocrx_word' id='word_1_407' title='bbox 3551 2485 3711 2540; x_wconf 72' lang='grc' dir='ltr'>ἕκτον</span> <span class='ocrx_word' id='word_1_408' title='bbox 3741 2489 4013 2560; x_wconf 74' lang='grc' dir='ltr'>ἐπιφέρει,</span> <span class='ocrx_word' id='word_1_409' title='bbox 4032 2491 4125 2542; x_wconf 75' lang='grc' dir='ltr'>τὸν</span> 
     </span>
    </p>
   </div>
   <div class='ocr_carea' id='block_1_54' title="bbox 2533 2578 4126 2654">
    <p class='ocr_par' dir='ltr' id='par_1_54' title="bbox 2533 2578 4126 2654">
     <span class='ocr_line' id='line_1_54' title="bbox 2533 2578 4126 2654; baseline -0.001 -19"><span class='ocrx_word' id='word_1_410' title='bbox 2533 2582 2846 2649; x_wconf 86' lang='grc' dir='ltr'>Μάγνητος.</span> <span class='ocrx_word' id='word_1_411' title='bbox 2877 2578 3045 2630; x_wconf 89' lang='grc' dir='ltr'>Πόσοι</span> <span class='ocrx_word' id='word_1_412' title='bbox 3072 2578 3129 2631; x_wconf 88' lang='grc' dir='ltr'>δὲ</span> <span class='ocrx_word' id='word_1_413' title='bbox 3161 2579 3256 2632; x_wconf 76' lang='grc' dir='ltr'>καὶ</span> <span class='ocrx_word' id='word_1_414' title='bbox 3283 2578 3377 2632; x_wconf 91' lang='grc' dir='ltr'><strong>νῦν</strong></span> <span class='ocrx_word' id='word_1_415' title='bbox 3418 2578 3782 2644; x_wconf 84' lang='grc' dir='ltr'>Ἀπόλλωνες;</span> <span class='ocrx_word' id='word_1_416' title='bbox 3816 2582 4126 2654; x_wconf 77' lang='grc' dir='ltr'>ἀναρίθμηο</span> 
     </span>
    </p>
   </div>
   <div class='ocr_carea' id='block_1_55' title="bbox 2530 2666 4124 2743">
    <p class='ocr_par' dir='ltr' id='par_1_55' title="bbox 2530 2666 4124 2743">
     <span class='ocr_line' id='line_1_55' title="bbox 2530 2666 4124 2743; baseline 0.005 -23"><span class='ocrx_word' id='word_1_417' title='bbox 2530 2685 2613 2720; x_wconf 90' lang='grc' dir='ltr'><strong>τοι</strong></span> <span class='ocrx_word' id='word_1_418' title='bbox 2640 2666 2773 2738; x_wconf 78' lang='grc'><strong>(58),</strong></span> <span class='ocrx_word' id='word_1_419' title='bbox 2804 2666 3012 2739; x_wconf 75' lang='grc' dir='ltr'>θνητοὶ,</span> <span class='ocrx_word' id='word_1_420' title='bbox 3045 2671 3142 2722; x_wconf 76' lang='grc' dir='ltr'>καὶ</span> <span class='ocrx_word' id='word_1_421' title='bbox 3168 2669 3452 2741; x_wconf 78' lang='grc' dir='ltr'>ἐπίκουροί</span> <span class='ocrx_word' id='word_1_422' title='bbox 3481 2687 3626 2734; x_wconf 88' lang='grc' dir='ltr'>τινες</span> <span class='ocrx_word' id='word_1_423' title='bbox 3654 2670 3933 2743; x_wconf 79' lang='grc' dir='ltr'>ἄνθρωποί</span> <span class='ocrx_word' id='word_1_424' title='bbox 3962 2678 4124 2739; x_wconf 82' lang='grc' dir='ltr'>εἰσιν,</span> 
     </span>
    </p>
   </div>
   <div class='ocr_carea' id='block_1_56' title="bbox 2531 2761 4124 2838">
    <p class='ocr_par' dir='ltr' id='par_1_56' title="bbox 2531 2761 4124 2838">
     <span class='ocr_line' id='line_1_56' title="bbox 2531 2761 4124 2838; baseline 0.004 -24"><span class='ocrx_word' id='word_1_425' title='bbox 2531 2764 2580 2814; x_wconf 89' lang='grc' dir='ltr'>οἱ</span> <span class='ocrx_word' id='word_1_426' title='bbox 2612 2761 3014 2833; x_wconf 84' lang='grc' dir='ltr'>παραπλησίως</span> <span class='ocrx_word' id='word_1_427' title='bbox 3039 2766 3154 2826; x_wconf 90' lang='grc' dir='ltr'>τοῖς</span> <span class='ocrx_word' id='word_1_428' title='bbox 3181 2765 3601 2837; x_wconf 80' lang='grc' dir='ltr'>προειρημένοις</span> <span class='ocrx_word' id='word_1_429' title='bbox 3640 2765 3872 2830; x_wconf 77' lang='grc' dir='ltr'>ἐκείνοις</span> <span class='ocrx_word' id='word_1_430' title='bbox 3919 2768 4124 2838; x_wconf 89' lang='grc' dir='ltr'>κεκλη-</span> 
     </span>
    </p>
   </div>
   <div class='ocr_carea' id='block_1_57' title="bbox 2535 2851 4124 2930">
    <p class='ocr_par' dir='ltr' id='par_1_57' title="bbox 2535 2851 4124 2930">
     <span class='ocr_line' id='line_1_57' title="bbox 2535 2851 4124 2930; baseline 0.004 -23"><span class='ocrx_word' id='word_1_431' title='bbox 2535 2852 2707 2925; x_wconf 86' lang='grc' dir='ltr'>μένοι.</span> <span class='ocrx_word' id='word_1_432' title='bbox 2740 2851 2804 2906; x_wconf 84' lang='grc' dir='ltr'>Τί</span> <span class='ocrx_word' id='word_1_433' title='bbox 2834 2853 2877 2906; x_wconf 79' lang='grc' dir='ltr'>δ’</span> <span class='ocrx_word' id='word_1_434' title='bbox 2899 2853 2954 2906; x_wconf 81' lang='grc' dir='ltr'>ετ</span> <span class='ocrx_word' id='word_1_435' title='bbox 2973 2870 3055 2908; x_wconf 89' lang='grc' dir='ltr'><strong>σοι</strong></span> <span class='ocrx_word' id='word_1_436' title='bbox 3073 2857 3203 2919; x_wconf 81' lang='grc' dir='ltr'>τοὺς</span> <span class='ocrx_word' id='word_1_437' title='bbox 3230 2857 3460 2922; x_wconf 74' lang='grc' dir='ltr'>πολλοὺς</span> <span class='ocrx_word' id='word_1_438' title='bbox 3479 2858 3690 2927; x_wconf 86' lang='grc' dir='ltr'>εἴποιμι</span> <span class='ocrx_word' id='word_1_439' title='bbox 3729 2857 4124 2930; x_wconf 74' lang='grc' dir='ltr'>Ἀσκληπιούςς</span> 
     </span>
    </p>
   </div>
   <div class='ocr_carea' id='block_1_58' title="bbox 2531 2946 4123 3022">
    <p class='ocr_par' dir='ltr' id='par_1_58' title="bbox 2531 2946 4123 3022">
     <span class='ocr_line' id='line_1_58' title="bbox 2531 2946 4123 3022; baseline 0.004 -23"><span class='ocrx_word' id='word_1_440' title='bbox 2531 2946 2714 3017; x_wconf 84' lang='grc' dir='ltr'>ἦτοὺς</span> <span class='ocrx_word' id='word_1_441' title='bbox 2755 2947 2963 3017; x_wconf 77' lang='grc' dir='ltr'>Ἑρμᾶς</span> <span class='ocrx_word' id='word_1_442' title='bbox 2993 2948 3122 3011; x_wconf 82' lang='grc' dir='ltr'>τοὺς</span> <span class='ocrx_word' id='word_1_443' title='bbox 3163 2950 3638 3021; x_wconf 80' lang='grc' dir='ltr'>ἀριθμουμένους,</span> <span class='ocrx_word' id='word_1_444' title='bbox 3685 2951 3718 3022; x_wconf 82' lang='grc' dir='ltr'>ἢ</span> <span class='ocrx_word' id='word_1_445' title='bbox 3758 2953 3884 3015; x_wconf 74' lang='grc' dir='ltr'>τοὺς</span> <span class='ocrx_word' id='word_1_446' title='bbox 3929 2949 4123 3020; x_wconf 82' lang='grc' dir='ltr'>Ἠφαί-</span> 
     </span>
    </p>
   </div>
   <div class='ocr_carea' id='block_1_59' title="bbox 2537 3037 4124 3113">
    <p class='ocr_par' dir='ltr' id='par_1_59' title="bbox 2537 3037 4124 3113">
     <span class='ocr_line' id='line_1_59' title="bbox 2537 3037 4124 3113; baseline 0.003 -21"><span class='ocrx_word' id='word_1_447' title='bbox 2537 3055 2694 3101; x_wconf 89' lang='grc' dir='ltr'>στους</span> <span class='ocrx_word' id='word_1_448' title='bbox 2723 3039 2851 3101; x_wconf 81' lang='grc' dir='ltr'>τοὺς</span> <span class='ocrx_word' id='word_1_449' title='bbox 2891 3037 3431 3110; x_wconf 86' lang='grc' dir='ltr'>μυθολογουμένους;</span> <span class='ocrx_word' id='word_1_450' title='bbox 3467 3042 3542 3112; x_wconf 83' lang='grc' dir='ltr'>μὴ</span> <span class='ocrx_word' id='word_1_451' title='bbox 3569 3044 3664 3095; x_wconf 64' lang='grc' dir='ltr'><strong>καὶ⁵</strong></span> <span class='ocrx_word' id='word_1_452' title='bbox 3696 3044 3950 3113; x_wconf 79' lang='grc' dir='ltr'>περιττὸς</span> <span class='ocrx_word' id='word_1_453' title='bbox 3985 3040 4124 3098; x_wconf 84' lang='grc' dir='ltr'>εἶναι</span> 
     </span>
    </p>
   </div>
   <div class='ocr_carea' id='block_1_60' title="bbox 2533 3129 4125 3201">
    <p class='ocr_par' dir='ltr' id='par_1_60' title="bbox 2533 3129 4125 3201">
     <span class='ocr_line' id='line_1_60' title="bbox 2533 3129 4125 3201; baseline 0.005 -20"><span class='ocrx_word' id='word_1_454' title='bbox 2533 3129 2689 3194; x_wconf 77' lang='grc' dir='ltr'>δόξω,</span> <span class='ocrx_word' id='word_1_455' title='bbox 2705 3129 2804 3193; x_wconf 84' lang='grc' dir='ltr'>τὰς</span> <span class='ocrx_word' id='word_1_456' title='bbox 2829 3129 2998 3193; x_wconf 72' lang='grc' dir='ltr'>ἀκοὰς</span> <span class='ocrx_word' id='word_1_457' title='bbox 3023 3129 3178 3201; x_wconf 82' lang='grc' dir='ltr'>ὑμῶν</span> <span class='ocrx_word' id='word_1_458' title='bbox 3197 3135 3311 3194; x_wconf 88' lang='grc' dir='ltr'>τοῖς</span> <span class='ocrx_word' id='word_1_459' title='bbox 3346 3131 3560 3197; x_wconf 87' lang='grc' dir='ltr'>πολλοῖς</span> <span class='ocrx_word' id='word_1_460' title='bbox 3586 3134 3796 3197; x_wconf 88' lang='grc' dir='ltr'>τούτοις</span> <span class='ocrx_word' id='word_1_461' title='bbox 3819 3134 4125 3198; x_wconf 75' lang='grc' dir='ltr'>ἐπικλύζων</span> 
     </span>
    </p>
   </div>
   <div class='ocr_carea' id='block_1_61' title="bbox 2534 3213 4124 3297">
    <p class='ocr_par' dir='ltr' id='par_1_61' title="bbox 2534 3213 4124 3297">
     <span class='ocr_line' id='line_1_61' title="bbox 2534 3213 4124 3297; baseline 0.006 -25"><span class='ocrx_word' id='word_1_462' title='bbox 2534 3220 2795 3290; x_wconf 83' lang='grc' dir='ltr'>ὀνόμασιν</span> <span class='ocrx_word' id='word_1_463' title='bbox 2820 3237 2835 3285; x_wconf 92' lang='grc'><strong>;</strong></span> <span class='ocrx_word' id='word_1_464' title='bbox 2861 3217 2985 3274; x_wconf 57' lang='lat' dir='ltr'><strong>AD!</strong></span> <span class='ocrx_word' id='word_1_465' title='bbox 3015 3213 3137 3291; x_wconf 76' lang='grc' dir='ltr'>αἵγε</span> <span class='ocrx_word' id='word_1_466' title='bbox 3167 3225 3429 3296; x_wconf 83' lang='grc' dir='ltr'>πατρίδες</span> <span class='ocrx_word' id='word_1_467' title='bbox 3455 3227 3673 3288; x_wconf 83' lang='grc' dir='ltr'>αὐτοὺς,</span> <span class='ocrx_word' id='word_1_468' title='bbox 3710 3228 3803 3279; x_wconf 77' lang='grc' dir='ltr'>καὶ</span> <span class='ocrx_word' id='word_1_469' title='bbox 3828 3228 3885 3279; x_wconf 86' lang='grc' dir='ltr'>αἱ</span> <span class='ocrx_word' id='word_1_470' title='bbox 3915 3220 4124 3297; x_wconf 88' lang='grc' dir='ltr'>τέχναι,</span> 
     </span>
    </p>
   </div>
   <div class='ocr_carea' id='block_1_62' title="bbox 837 3288 2597 3388">
    <p class='ocr_par' dir='ltr' id='par_1_62' title="bbox 837 3288 2597 3383">
     <span class='ocr_line' id='line_1_62' title="bbox 837 3288 2597 3383; baseline -0.002 -15"><span class='ocrx_word' id='word_1_471' title='bbox 837 3314 1087 3377; x_wconf 90' lang='lat' dir='ltr'><strong>videbor,</strong></span> <span class='ocrx_word' id='word_1_472' title='bbox 1110 3322 1435 3383; x_wconf 80' lang='lat' dir='ltr'><strong>vestrasque</strong></span> <span class='ocrx_word' id='word_1_473' title='bbox 1451 3288 1613 3367; x_wconf 74' lang='lat' dir='ltr'><strong>aures</strong></span> <span class='ocrx_word' id='word_1_474' title='bbox 1637 3288 2059 3382; x_wconf 48' lang='lat' dir='ltr'><strong>ipsa—nominum</strong></span> <span class='ocrx_word' id='word_1_475' title='bbox 2078 3313 2430 3368; x_wconf 90' lang='lat' dir='ltr'><strong>multitudine</strong></span> <span class='ocrx_word' id='word_1_476' title='bbox 2456 3288 2503 3347; x_wconf 68' lang='grc' dir='ltr'>ο</span> <span class='ocrx_word' id='word_1_477' title='bbox 2537 3329 2597 3365; x_wconf 82' lang='grc' dir='ltr'><strong>κα</strong></span> 
     </span>
    </p>
   </div>
   <div class='ocr_carea' id='block_1_63' title="bbox 2362 3288 4122 3388">
    <p class='ocr_par' dir='ltr' id='par_1_63' title="bbox 2362 3288 4122 3388">
     <span class='ocr_line' id='line_1_63' title="bbox 2362 3288 4122 3388; baseline 0.003 -22"><span class='ocrx_word' id='word_1_478' title='bbox 2362 3328 2430 3368; x_wconf 87' lang='lat' dir='ltr'><strong>ne</strong></span> <span class='ocrx_word' id='word_1_479' title='bbox 2456 3288 2503 3347; x_wconf 68' lang='grc' dir='ltr'>ο</span> <span class='ocrx_word' id='word_1_480' title='bbox 2537 3288 2702 3365; x_wconf 37' lang='grc' dir='ltr'>καὶ-οἱ</span> <span class='ocrx_word' id='word_1_481' title='bbox 2734 3312 2860 3382; x_wconf 87' lang='grc' dir='ltr'>βίοι,</span> <span class='ocrx_word' id='word_1_482' title='bbox 2885 3312 3022 3385; x_wconf 74' lang='grc' dir='ltr'>πρὸς</span> <span class='ocrx_word' id='word_1_483' title='bbox 3135 3333 3200 3383; x_wconf 86' lang='grc' dir='ltr'><strong>γε</strong></span> <span class='ocrx_word' id='word_1_484' title='bbox 3223 3288 3319 3368; x_wconf 69' lang='grc' dir='ltr'>καὶ</span> <span class='ocrx_word' id='word_1_485' title='bbox 3347 3319 3397 3369; x_wconf 84' lang='grc' dir='ltr'>οἱ</span> <span class='ocrx_word' id='word_1_486' title='bbox 3429 3317 3611 3385; x_wconf 77' lang='grc' dir='ltr'>τάφοι,</span> <span class='ocrx_word' id='word_1_487' title='bbox 3644 3288 4122 3388; x_wconf 84' lang='grc' dir='ltr'>ἀνθρώπους</span> 
     </span>
    </p>
   </div>
   <div class='ocr_carea' id='block_1_64' title="bbox 835 3400 2424 3472">
    <p class='ocr_par' dir='ltr' id='par_1_64' title="bbox 835 3400 2424 3472">
     <span class='ocr_line' id='line_1_64' title="bbox 835 3400 2424 3472; baseline 0.001 -16"><span class='ocrx_word' id='word_1_488' title='bbox 835 3403 1107 3457; x_wconf 83' lang='lat' dir='ltr'><strong>obruam?</strong></span> <span class='ocrx_word' id='word_1_489' title='bbox 1158 3400 1582 3456; x_wconf 79' lang='lat' dir='ltr'><strong>Transeundum</strong></span> <span class='ocrx_word' id='word_1_490' title='bbox 1638 3402 1806 3472; x_wconf 79' lang='lat' dir='ltr'><strong>igitur</strong></span> <span class='ocrx_word' id='word_1_491' title='bbox 1839 3401 1906 3456; x_wconf 92' lang='lat' dir='ltr'><strong>ad</strong></span> <span class='ocrx_word' id='word_1_492' title='bbox 1955 3403 2199 3472; x_wconf 88' lang='lat' dir='ltr'><strong>patrias,</strong></span> <span class='ocrx_word' id='word_1_493' title='bbox 2257 3413 2424 3466; x_wconf 86' lang='lat' dir='ltr'><strong>artes,</strong></span> 
     </span>
    </p>
   </div>
   <div class='ocr_carea' id='block_1_65' title="bbox 838 3493 2424 3564">
    <p class='ocr_par' dir='ltr' id='par_1_65' title="bbox 838 3493 2424 3564">
     <span class='ocr_line' id='line_1_65' title="bbox 838 3493 2424 3564; baseline -0.001 -15"><span class='ocrx_word' id='word_1_494' title='bbox 838 3494 1001 3558; x_wconf 90' lang='lat' dir='ltr'><strong>vitas,</strong></span> <span class='ocrx_word' id='word_1_495' title='bbox 1028 3502 1085 3548; x_wconf 91' lang='lat' dir='ltr'><strong>et</strong></span> <span class='ocrx_word' id='word_1_496' title='bbox 1130 3493 1251 3564; x_wconf 90' lang='lat' dir='ltr'><strong>ipsa</strong></span> <span class='ocrx_word' id='word_1_497' title='bbox 1279 3493 1518 3563; x_wconf 87' lang='lat' dir='ltr'><strong>denique</strong></span> <span class='ocrx_word' id='word_1_498' title='bbox 1571 3494 1822 3562; x_wconf 89' lang='lat' dir='ltr'><strong>sepulcra</strong></span> <span class='ocrx_word' id='word_1_499' title='bbox 1846 3504 2155 3548; x_wconf 89' lang='lat' dir='ltr'><strong>vestrorum</strong></span> <span class='ocrx_word' id='word_1_500' title='bbox 2173 3495 2424 3560; x_wconf 90' lang='lat' dir='ltr'><strong>deorum;</strong></span> 
     </span>
    </p>
   </div>
   <div class='ocr_carea' id='block_1_66' title="bbox 2534 3405 4126 3481">
    <p class='ocr_par' dir='ltr' id='par_1_66' title="bbox 2534 3405 4126 3481">
     <span class='ocr_line' id='line_1_66' title="bbox 2534 3405 4126 3481; baseline 0.004 -24"><span class='ocrx_word' id='word_1_501' title='bbox 2534 3405 2692 3467; x_wconf 84' lang='grc' dir='ltr'>νότας</span> <span class='ocrx_word' id='word_1_502' title='bbox 2711 3405 3098 3477; x_wconf 65' lang='grc' dir='ltr'>διελέγχουσιν.</span> <span class='ocrx_word' id='word_1_503' title='bbox 3130 3409 3305 3479; x_wconf 75' lang='grc' dir='ltr'>’Ᾱρης</span> <span class='ocrx_word' id='word_1_504' title='bbox 3322 3407 3474 3476; x_wconf 87' lang='grc' dir='ltr'>γοῦν,</span> <span class='ocrx_word' id='word_1_505' title='bbox 3493 3410 3521 3460; x_wconf 87' lang='grc' dir='ltr'>ὁ</span> <span class='ocrx_word' id='word_1_506' title='bbox 3540 3409 3636 3461; x_wconf 79' lang='grc' dir='ltr'>καὶ</span> <span class='ocrx_word' id='word_1_507' title='bbox 3668 3409 3818 3480; x_wconf 76' lang='grc' dir='ltr'>παρὰ</span> <span class='ocrx_word' id='word_1_508' title='bbox 3842 3414 3956 3474; x_wconf 86' lang='grc' dir='ltr'>τοῖς</span> <span class='ocrx_word' id='word_1_509' title='bbox 3967 3428 4126 3481; x_wconf 86' lang='grc' dir='ltr'>ποιη-</span> 
     </span>
    </p>
   </div>
   <div class='ocr_carea' id='block_1_67' title="bbox 2533 3491 3458 3571">
    <p class='ocr_par' dir='ltr' id='par_1_67' title="bbox 2533 3491 3458 3571">
     <span class='ocr_line' id='line_1_67' title="bbox 2533 3491 3458 3571; baseline 0.004 -23"><span class='ocrx_word' id='word_1_510' title='bbox 2533 3498 2675 3563; x_wconf 83' lang='grc' dir='ltr'>ταῖς,</span> <span class='ocrx_word' id='word_1_511' title='bbox 2706 3497 2783 3560; x_wconf 83' lang='grc' dir='ltr'>ὠς</span> <span class='ocrx_word' id='word_1_512' title='bbox 2809 3491 2920 3549; x_wconf 79' lang='grc' dir='ltr'>οἷόν</span> <span class='ocrx_word' id='word_1_513' title='bbox 2949 3515 3031 3562; x_wconf 90' lang='grc' dir='ltr'><strong>τε,</strong></span> <span class='ocrx_word' id='word_1_514' title='bbox 3075 3499 3458 3571; x_wconf 83' lang='grc' dir='ltr'>τετιμημένος,</span> 
     </span>
    </p>
   </div>
   <div class='ocr_carea' id='block_1_68' title="bbox 824 3588 4118 3664">
    <p class='ocr_par' dir='ltr' id='par_1_68' title="bbox 824 3588 4118 3664">
     <span class='ocr_line' id='line_1_68' title="bbox 824 3588 4118 3664; baseline 0.001 -21"><span class='ocrx_word' id='word_1_515' title='bbox 824 3600 960 3664; x_wconf 62' lang='lat' dir='ltr'><strong>Qua:</strong></span> <span class='ocrx_word' id='word_1_516' title='bbox 988 3589 1203 3660; x_wconf 75' lang='lat' dir='ltr'><strong>singula</strong></span> <span class='ocrx_word' id='word_1_517' title='bbox 1237 3589 1372 3643; x_wconf 89' lang='lat' dir='ltr'><strong>satis</strong></span> <span class='ocrx_word' id='word_1_518' title='bbox 1404 3588 1739 3643; x_wconf 90' lang='lat' dir='ltr'><strong>convincunt</strong></span> <span class='ocrx_word' id='word_1_519' title='bbox 1762 3604 1858 3644; x_wconf 91' lang='lat' dir='ltr'><strong>eos</strong></span> <span class='ocrx_word' id='word_1_520' title='bbox 1889 3588 2062 3645; x_wconf 79' lang='lat' dir='ltr'><strong>fuisse</strong></span> <span class='ocrx_word' id='word_1_521' title='bbox 2098 3591 2370 3645; x_wconf 86' lang='lat' dir='ltr'><strong>homines.</strong></span> <span class='ocrx_word' id='word_1_522' title='bbox 2399 3589 2542 3646; x_wconf 83' lang='lat' dir='ltr'><strong>Mars</strong></span> <span class='ocrx_word' id='word_1_523' title='bbox 2576 3600 2783 3658; x_wconf 89' lang='lat' dir='ltr'><strong>autem,</strong></span> <span class='ocrx_word' id='word_1_524' title='bbox 2810 3593 2902 3662; x_wconf 87' lang='lat' dir='ltr'><strong>qui</strong></span> <span class='ocrx_word' id='word_1_525' title='bbox 2931 3609 2962 3646; x_wconf 92' lang='lat' dir='ltr'><strong>a</strong></span> <span class='ocrx_word' id='word_1_526' title='bbox 2987 3593 3160 3662; x_wconf 91' lang='lat' dir='ltr'><strong>poetis</strong></span> <span class='ocrx_word' id='word_1_527' title='bbox 3185 3609 3403 3648; x_wconf 88' lang='lat' dir='ltr'><strong>summo</strong></span> <span class='ocrx_word' id='word_1_528' title='bbox 3427 3595 3481 3647; x_wconf 92' lang='lat' dir='ltr'><strong>in</strong></span> <span class='ocrx_word' id='word_1_529' title='bbox 3513 3594 3722 3648; x_wconf 88' lang='lat' dir='ltr'><strong>honore</strong></span> <span class='ocrx_word' id='word_1_530' title='bbox 3751 3593 3972 3648; x_wconf 87' lang='lat' dir='ltr'><strong>habitus</strong></span> <span class='ocrx_word' id='word_1_531' title='bbox 3999 3603 4118 3648; x_wconf 88' lang='lat' dir='ltr'><strong>est:</strong></span> 
     </span>
    </p>
   </div>
   <div class='ocr_carea' id='block_1_69' title="bbox 912 3698 2428 3848">
    <p class='ocr_par' dir='ltr' id='par_1_69' title="bbox 912 3698 2428 3848">
     <span class='ocr_line' id='line_1_69' title="bbox 912 3698 2428 3848; baseline 0 -87"><span class='ocrx_word' id='word_1_532' title='bbox 912 3700 1088 3773; x_wconf 74' lang='lat' dir='ltr'><strong>Mars,</strong></span> <span class='ocrx_word' id='word_1_533' title='bbox 1115 3698 1287 3772; x_wconf 77' lang='lat' dir='ltr'><strong>Mars,</strong></span> <span class='ocrx_word' id='word_1_534' title='bbox 1323 3707 1598 3759; x_wconf 81' lang='lat' dir='ltr'><strong>hominum</strong></span> <span class='ocrx_word' id='word_1_535' title='bbox 1627 3707 1813 3771; x_wconf 81' lang='lat' dir='ltr'><strong>pestis,</strong></span> <span class='ocrx_word' id='word_1_536' title='bbox 1839 3709 2182 3848; x_wconf 43' lang='lat' dir='ltr'><strong>sanguinaria</strong></span> <span class='ocrx_word' id='word_1_537' title='bbox 2209 3709 2428 3761; x_wconf 74' lang='lat' dir='ltr'><strong>maenia-</strong></span> 
     </span>
     <span class='ocr_line' id='line_1_70' title="bbox 1979 3793 2358 3831; baseline 0.003 -2"><span class='ocrx_word' id='word_1_538' title='bbox 1979 3795 2096 3830; x_wconf 88' lang='lat' dir='ltr'><strong>rum</strong></span> <span class='ocrx_word' id='word_1_539' title='bbox 2119 3795 2324 3831; x_wconf 81' lang='lat' dir='ltr'><strong>eversor</strong></span> <span class='ocrx_word' id='word_1_540' title='bbox 2340 3793 2358 3830; x_wconf 90' lang='lat'><strong><em>:</em></strong></span> 
     </span>
    </p>
   </div>
   <div class='ocr_carea' id='block_1_70' title="bbox 1979 3793 2358 3831">
    <p class='ocr_par' dir='ltr' id='par_1_70' title="bbox 1979 3793 2358 3831">
     <span class='ocr_line' id='line_1_71' title="bbox 1979 3793 2358 3831; baseline 0.003 -2"><span class='ocrx_word' id='word_1_541' title='bbox 1979 3795 2096 3830; x_wconf 88' lang='lat' dir='ltr'><strong>rum</strong></span> <span class='ocrx_word' id='word_1_542' title='bbox 2119 3795 2324 3831; x_wconf 81' lang='lat' dir='ltr'><strong>eversor</strong></span> <span class='ocrx_word' id='word_1_543' title='bbox 2340 3793 2358 3830; x_wconf 70' lang='grc' dir='ltr'><strong><em>ἔ</em></strong></span> 
     </span>
    </p>
   </div>
   <div class='ocr_carea' id='block_1_71' title="bbox 917 3887 2196 3954">
    <p class='ocr_par' dir='ltr' id='par_1_71' title="bbox 917 3887 2196 3954">
     <span class='ocr_line' id='line_1_72' title="bbox 917 3887 2196 3954; baseline 0.001 -13"><span class='ocrx_word' id='word_1_544' title='bbox 917 3894 978 3952; x_wconf 46' lang='lat' dir='ltr'><strong>tle</strong></span> <span class='ocrx_word' id='word_1_545' title='bbox 1013 3887 1076 3942; x_wconf 89' lang='lat' dir='ltr'><strong>P.</strong></span> <span class='ocrx_word' id='word_1_546' title='bbox 1111 3887 1184 3942; x_wconf 67' lang='grc' dir='ltr'><strong>ει</strong></span> <span class='ocrx_word' id='word_1_547' title='bbox 1222 3887 1332 3942; x_wconf 83' lang='grc' dir='ltr'><strong>ΕΙ).</strong></span> <span class='ocrx_word' id='word_1_548' title='bbox 1364 3887 1666 3954; x_wconf 79' lang='lat' dir='ltr'><strong>POTTEB,</strong></span> <span class='ocrx_word' id='word_1_549' title='bbox 1711 3889 1778 3942; x_wconf 74' lang='grc'><strong>18</strong></span> <span class='ocrx_word' id='word_1_550' title='bbox 1817 3889 1928 3944; x_wconf 88' lang='lat' dir='ltr'><strong>ED.</strong></span> <span class='ocrx_word' id='word_1_551' title='bbox 1968 3887 2196 3942; x_wconf 81' lang='lat' dir='ltr'><strong>PARIS.</strong></span> 
     </span>
    </p>
   </div>
   <div class='ocr_carea' id='block_1_72' title="bbox 854 4003 2427 4076">
    <p class='ocr_par' dir='ltr' id='par_1_72' title="bbox 854 4003 2427 4076">
     <span class='ocr_line' id='line_1_73' title="bbox 854 4003 2427 4076; baseline -0.001 -15"><span class='ocrx_word' id='word_1_552' title='bbox 854 4005 1054 4061; x_wconf 80' lang='lat' dir='ltr'><strong>nalunt</strong></span> <span class='ocrx_word' id='word_1_553' title='bbox 1081 4003 1692 4076; x_wconf 60' lang='lat' dir='ltr'><strong>1l_1tlavia(is,§p&#39;o&#39;tol;</strong></span> <span class='ocrx_word' id='word_1_554' title='bbox 1725 4006 2007 4060; x_wconf 75' lang='grc' dir='ltr'>παύσασθε</span> <span class='ocrx_word' id='word_1_555' title='bbox 2034 4007 2274 4076; x_wconf 88' lang='grc' dir='ltr'>μάταιοι.</span> <span class='ocrx_word' id='word_1_556' title='bbox 2297 4007 2427 4060; x_wconf 82' lang='lat' dir='ltr'><strong>SvL-</strong></span> 
     </span>
    </p>
   </div>
   <div class='ocr_carea' id='block_1_73' title="bbox 859 4073 2428 4141">
    <p class='ocr_par' dir='ltr' id='par_1_73' title="bbox 859 4073 2428 4141">
     <span class='ocr_line' id='line_1_74' title="bbox 859 4073 2428 4141; baseline 0.001 -13"><span class='ocrx_word' id='word_1_557' title='bbox 859 4089 999 4131; x_wconf 73' lang='lat' dir='ltr'><strong>inc.</strong></span> <span class='ocrx_word' id='word_1_558' title='bbox 1028 4104 1102 4115; x_wconf 96' lang='lat'>—</span> <span class='ocrx_word' id='word_1_559' title='bbox 1123 4073 1300 4141; x_wconf 84' lang='lat' dir='ltr'><strong>Quam</strong></span> <span class='ocrx_word' id='word_1_560' title='bbox 1326 4073 1764 4130; x_wconf 80' lang='lat' dir='ltr'><strong>emendationem</strong></span> <span class='ocrx_word' id='word_1_561' title='bbox 1795 4079 1977 4131; x_wconf 87' lang='lat' dir='ltr'><strong>lirmat</strong></span> <span class='ocrx_word' id='word_1_562' title='bbox 2022 4073 2161 4130; x_wconf 85' lang='lat' dir='ltr'><strong>Nov.</strong></span> <span class='ocrx_word' id='word_1_563' title='bbox 2199 4078 2267 4130; x_wconf 87' lang='lat' dir='ltr'><strong>At</strong></span> <span class='ocrx_word' id='word_1_564' title='bbox 2303 4094 2428 4131; x_wconf 92' lang='lat' dir='ltr'><strong>vero</strong></span> 
     </span>
    </p>
   </div>
   <div class='ocr_carea' id='block_1_74' title="bbox 855 4144 2424 4214">
    <p class='ocr_par' dir='ltr' id='par_1_74' title="bbox 855 4144 2424 4214">
     <span class='ocr_line' id='line_1_75' title="bbox 855 4144 2424 4214; baseline 0.001 -16"><span class='ocrx_word' id='word_1_565' title='bbox 855 4144 1180 4214; x_wconf 68' lang='lat' dir='ltr'><strong>Theophilus</strong></span> <span class='ocrx_word' id='word_1_566' title='bbox 1203 4146 1582 4200; x_wconf 86' lang='lat' dir='ltr'><strong>Antiochenus</strong></span> <span class='ocrx_word' id='word_1_567' title='bbox 1609 4147 1712 4199; x_wconf 87' lang='lat' dir='ltr'><strong>sub</strong></span> <span class='ocrx_word' id='word_1_568' title='bbox 1737 4149 1896 4200; x_wconf 87' lang='lat' dir='ltr'><strong>linem</strong></span> <span class='ocrx_word' id='word_1_569' title='bbox 1921 4147 2013 4202; x_wconf 89' lang='lat' dir='ltr'><strong>lib.</strong></span> <span class='ocrx_word' id='word_1_570' title='bbox 2041 4163 2082 4202; x_wconf 94' lang='grc' dir='ltr'><strong>ιι</strong></span> <span class='ocrx_word' id='word_1_571' title='bbox 2102 4147 2187 4200; x_wconf 81' lang='lat' dir='ltr'><strong>Ad</strong></span> <span class='ocrx_word' id='word_1_572' title='bbox 2221 4149 2424 4214; x_wconf 84' lang='lat' dir='ltr'><strong>Autol.,</strong></span> 
     </span>
    </p>
   </div>
   <div class='ocr_carea' id='block_1_75' title="bbox 853 4215 1649 4284">
    <p class='ocr_par' dir='ltr' id='par_1_75' title="bbox 853 4215 1649 4284">
     <span class='ocr_line' id='line_1_76' title="bbox 853 4215 1649 4284; baseline -0.003 -14"><span class='ocrx_word' id='word_1_573' title='bbox 853 4231 942 4270; x_wconf 81' lang='lat' dir='ltr'><strong>nos</strong></span> <span class='ocrx_word' id='word_1_574' title='bbox 975 4231 1170 4270; x_wconf 88' lang='lat' dir='ltr'><strong>versus</strong></span> <span class='ocrx_word' id='word_1_575' title='bbox 1202 4218 1284 4270; x_wconf 89' lang='lat' dir='ltr'><strong>sic</strong></span> <span class='ocrx_word' id='word_1_576' title='bbox 1317 4215 1649 4284; x_wconf 86' lang='lat' dir='ltr'><strong>descripsit:</strong></span> 
     </span>
    </p>
   </div>
   <div class='ocr_carea' id='block_1_76' title="bbox 845 4307 2361 4379">
    <p class='ocr_par' dir='ltr' id='par_1_76' title="bbox 845 4307 2361 4379">
     <span class='ocr_line' id='line_1_77' title="bbox 845 4307 2361 4379; baseline -0.001 -15"><span class='ocrx_word' id='word_1_577' title='bbox 845 4311 1024 4379; x_wconf 45' lang='lat' dir='ltr'><strong>Tuam</strong></span> <span class='ocrx_word' id='word_1_578' title='bbox 1050 4309 1150 4362; x_wconf 74' lang='grc' dir='ltr'>καὶ</span> <span class='ocrx_word' id='word_1_579' title='bbox 1175 4309 1363 4379; x_wconf 83' lang='grc' dir='ltr'>μανίῃ</span> <span class='ocrx_word' id='word_1_580' title='bbox 1393 4307 1462 4361; x_wconf 81' lang='grc' dir='ltr'>δὲ</span> <span class='ocrx_word' id='word_1_581' title='bbox 1493 4307 1791 4379; x_wconf 78' lang='grc' dir='ltr'>βαδίζετε,</span> <span class='ocrx_word' id='word_1_582' title='bbox 1818 4308 1916 4362; x_wconf 75' lang='grc' dir='ltr'>καὶ</span> <span class='ocrx_word' id='word_1_583' title='bbox 1945 4311 2148 4378; x_wconf 78' lang='grc' dir='ltr'>τρίϐον</span> <span class='ocrx_word' id='word_1_584' title='bbox 2170 4309 2361 4378; x_wconf 79' lang='grc' dir='ltr'>ὀρθὴν</span> 
     </span>
    </p>
   </div>
   <div class='ocr_carea' id='block_1_77' title="bbox 837 4377 2432 4448">
    <p class='ocr_par' dir='ltr' id='par_1_77' title="bbox 837 4377 2432 4448">
     <span class='ocr_line' id='line_1_78' title="bbox 837 4377 2432 4448; baseline -0.001 -14"><span class='ocrx_word' id='word_1_585' title='bbox 837 4377 1100 4435; x_wconf 76' lang='grc' dir='ltr'>Εὐθεῖαν</span> <span class='ocrx_word' id='word_1_586' title='bbox 1121 4377 1548 4448; x_wconf 68' lang='grc' dir='ltr'>προλιπόντες,</span> <span class='ocrx_word' id='word_1_587' title='bbox 1569 4377 1893 4445; x_wconf 59' lang='lat' dir='ltr'><strong>amnem,</strong></span> <span class='ocrx_word' id='word_1_588' title='bbox 1914 4377 2009 4433; x_wconf 79' lang='grc' dir='ltr'>καὶ</span> <span class='ocrx_word' id='word_1_589' title='bbox 2044 4380 2119 4433; x_wconf 80' lang='grc' dir='ltr'><strong>δι’</strong></span> <span class='ocrx_word' id='word_1_590' title='bbox 2151 4377 2432 4435; x_wconf 67' lang='grc' dir='ltr'>ἀκανθῶν</span> 
     </span>
    </p>
   </div>
   <div class='ocr_carea' id='block_1_78' title="bbox 837 4447 2430 4519">
    <p class='ocr_par' dir='ltr' id='par_1_78' title="bbox 837 4447 2430 4519">
     <span class='ocr_line' id='line_1_79' title="bbox 837 4447 2430 4519; baseline 0.001 -15"><span class='ocrx_word' id='word_1_591' title='bbox 837 4449 950 4504; x_wconf 77' lang='lat' dir='ltr'><strong>Kal</strong></span> <span class='ocrx_word' id='word_1_592' title='bbox 974 4447 1298 4504; x_wconf 71' lang='grc' dir='ltr'>σκολόπων</span> <span class='ocrx_word' id='word_1_593' title='bbox 1327 4447 1702 4505; x_wconf 74' lang='grc' dir='ltr'>ἐπλανᾶσθε·</span> <span class='ocrx_word' id='word_1_594' title='bbox 1731 4449 1942 4517; x_wconf 80' lang='grc' dir='ltr'>,βροτοὶ</span> <span class='ocrx_word' id='word_1_595' title='bbox 1971 4451 2290 4506; x_wconf 81' lang='grc' dir='ltr'>παύσασθε</span> <span class='ocrx_word' id='word_1_596' title='bbox 2315 4448 2430 4519; x_wconf 79' lang='grc' dir='ltr'>μά-</span> 
     </span>
    </p>
   </div>
   <div class='ocr_carea' id='block_1_79' title="bbox 852 4521 2398 4659">
    <p class='ocr_par' dir='ltr' id='par_1_79' title="bbox 852 4521 2398 4659">
     <span class='ocr_line' id='line_1_80' title="bbox 852 4521 2398 4659; baseline 0.001 -17"><span class='ocrx_word' id='word_1_597' title='bbox 852 4591 1225 4658; x_wconf 78' lang='grc' dir='ltr'>Ῥεμϐόμενοι</span> <span class='ocrx_word' id='word_1_598' title='bbox 1254 4591 1488 4658; x_wconf 83' lang='grc' dir='ltr'>σκοτίῃ,</span> <span class='ocrx_word' id='word_1_599' title='bbox 1517 4590 1615 4644; x_wconf 75' lang='grc' dir='ltr'>καὶ</span> <span class='ocrx_word' id='word_1_600' title='bbox 1647 4587 1900 4659; x_wconf 54' lang='grc' dir='ltr'><strong>ἀφείη-εἷ</strong></span> <span class='ocrx_word' id='word_1_601' title='bbox 1916 4591 2083 4643; x_wconf 77' lang='grc' dir='ltr'>νυκτὶ</span> <span class='ocrx_word' id='word_1_602' title='bbox 2105 4521 2367 4659; x_wconf 42' lang='grc' dir='ltr'>μέ.ἷῶέῆ</span> <span class='ocrx_word' id='word_1_603' title='bbox 2385 4607 2398 4619; x_wconf 88' lang='grc'><strong>·</strong></span> 
     </span>
    </p>
   </div>
   <div class='ocr_carea' id='block_1_80' title="bbox 848 4659 2354 4729">
    <p class='ocr_par' dir='ltr' id='par_1_80' title="bbox 848 4659 2354 4729">
     <span class='ocr_line' id='line_1_81' title="bbox 848 4659 2354 4729; baseline -0.003 -13"><span class='ocrx_word' id='word_1_604' title='bbox 848 4660 955 4716; x_wconf 76' lang='grc' dir='ltr'>Καὶ</span> <span class='ocrx_word' id='word_1_605' title='bbox 983 4659 1192 4714; x_wconf 73' lang='grc' dir='ltr'>λίπετε</span> <span class='ocrx_word' id='word_1_606' title='bbox 1213 4660 1470 4725; x_wconf 83' lang='grc' dir='ltr'>σκοτίην</span> <span class='ocrx_word' id='word_1_607' title='bbox 1487 4660 1726 4726; x_wconf 85' lang='grc' dir='ltr'>νυκτὸς,</span> <span class='ocrx_word' id='word_1_608' title='bbox 1760 4661 1956 4729; x_wconf 73' lang='grc' dir='ltr'>φωτὸς</span> <span class='ocrx_word' id='word_1_609' title='bbox 1977 4659 2043 4712; x_wconf 85' lang='grc' dir='ltr'>δὲ</span> <span class='ocrx_word' id='word_1_610' title='bbox 2073 4661 2354 4715; x_wconf 76' lang='grc' dir='ltr'>λάϐεσθε.</span> 
     </span>
    </p>
   </div>
   <div class='ocr_carea' id='block_1_81' title="bbox 848 4793 2160 4862">
    <p class='ocr_par' dir='ltr' id='par_1_81' title="bbox 848 4793 2160 4862">
     <span class='ocr_line' id='line_1_82' title="bbox 848 4793 2160 4862; baseline 0.002 -15"><span class='ocrx_word' id='word_1_611' title='bbox 848 4793 895 4848; x_wconf 83' lang='lat' dir='ltr'><em>F</em></span> <span class='ocrx_word' id='word_1_612' title='bbox 897 4801 1020 4847; x_wconf 87' lang='lat' dir='ltr'><strong>astu</strong></span> <span class='ocrx_word' id='word_1_613' title='bbox 1041 4800 1093 4846; x_wconf 84' lang='lat' dir='ltr'><strong>et</strong></span> <span class='ocrx_word' id='word_1_614' title='bbox 1127 4793 1310 4862; x_wconf 78' lang='lat' dir='ltr'><strong>furore</strong></span> <span class='ocrx_word' id='word_1_615' title='bbox 1345 4794 1534 4860; x_wconf 84' lang='lat' dir='ltr'><strong>perciti</strong></span> <span class='ocrx_word' id='word_1_616' title='bbox 1556 4795 1868 4859; x_wconf 85' lang='lat' dir='ltr'><strong>incessistis,</strong></span> <span class='ocrx_word' id='word_1_617' title='bbox 1904 4804 1955 4848; x_wconf 85' lang='lat' dir='ltr'><strong>et</strong></span> <span class='ocrx_word' id='word_1_618' title='bbox 1977 4795 2160 4849; x_wconf 84' lang='lat' dir='ltr'><strong>callem</strong></span> 
     </span>
    </p>
   </div>
   <div class='ocr_carea' id='block_1_82' title="bbox 845 4863 2074 4935">
    <p class='ocr_par' dir='ltr' id='par_1_82' title="bbox 845 4863 2074 4935">
     <span class='ocr_line' id='line_1_83' title="bbox 845 4863 2074 4935; baseline 0 -18"><span class='ocrx_word' id='word_1_619' title='bbox 845 4863 1062 4935; x_wconf 57' lang='lat' dir='ltr'><strong>Ejectum</strong></span> <span class='ocrx_word' id='word_1_620' title='bbox 1089 4864 1387 4917; x_wconf 78' lang='lat' dir='ltr'><strong>deserentes</strong></span> <span class='ocrx_word' id='word_1_621' title='bbox 1412 4863 1642 4935; x_wconf 80' lang='lat' dir='ltr'><strong>abiistis,</strong></span> <span class='ocrx_word' id='word_1_622' title='bbox 1676 4883 1738 4918; x_wconf 89' lang='lat' dir='ltr'><strong>ac</strong></span> <span class='ocrx_word' id='word_1_623' title='bbox 1767 4882 1862 4935; x_wconf 85' lang='lat' dir='ltr'><strong>per</strong></span> <span class='ocrx_word' id='word_1_624' title='bbox 1891 4866 2074 4934; x_wconf 83' lang='lat' dir='ltr'><strong>spinas</strong></span> 
     </span>
    </p>
   </div>
   <div class='ocr_carea' id='block_1_83' title="bbox 843 4932 2194 5002">
    <p class='ocr_par' dir='ltr' id='par_1_83' title="bbox 843 4932 2194 5002">
     <span class='ocr_line' id='line_1_84' title="bbox 843 4932 2194 5002; baseline 0.001 -14"><span class='ocrx_word' id='word_1_625' title='bbox 843 4932 916 4988; x_wconf 84' lang='lat' dir='ltr'><strong>Et</strong></span> <span class='ocrx_word' id='word_1_626' title='bbox 941 4949 1036 5002; x_wconf 87' lang='lat' dir='ltr'><strong>per</strong></span> <span class='ocrx_word' id='word_1_627' title='bbox 1061 4949 1233 5001; x_wconf 85' lang='lat' dir='ltr'><strong>vepres</strong></span> <span class='ocrx_word' id='word_1_628' title='bbox 1260 4934 1486 4986; x_wconf 83' lang='lat' dir='ltr'><strong>errastis</strong></span> <span class='ocrx_word' id='word_1_629' title='bbox 1509 4949 1527 4986; x_wconf 91' lang='lat'><strong><em>:</em></strong></span> <span class='ocrx_word' id='word_1_630' title='bbox 1559 4932 1810 4991; x_wconf 79' lang='lat' dir='ltr'><strong>Mortales</strong></span> <span class='ocrx_word' id='word_1_631' title='bbox 1843 4932 2046 4989; x_wconf 80' lang='lat' dir='ltr'><strong>cessate</strong></span> <span class='ocrx_word' id='word_1_632' title='bbox 2075 4938 2194 4989; x_wconf 88' lang='lat' dir='ltr'><strong>vani</strong></span> 
     </span>
    </p>
   </div>
   <div class='ocr_carea' id='block_1_84' title="bbox 846 5003 2352 5076">
    <p class='ocr_par' dir='ltr' id='par_1_84' title="bbox 846 5003 2352 5076">
     <span class='ocr_line' id='line_1_85' title="bbox 846 5003 2352 5076; baseline 0.003 -21"><span class='ocrx_word' id='word_1_633' title='bbox 846 5003 1104 5076; x_wconf 59' lang='lat' dir='ltr'><strong>Errantes</strong></span> <span class='ocrx_word' id='word_1_634' title='bbox 1125 5006 1180 5056; x_wconf 89' lang='lat' dir='ltr'><strong>in</strong></span> <span class='ocrx_word' id='word_1_635' title='bbox 1204 5005 1450 5067; x_wconf 83' lang='lat' dir='ltr'><strong>tenebris,</strong></span> <span class='ocrx_word' id='word_1_636' title='bbox 1477 5013 1528 5058; x_wconf 86' lang='lat' dir='ltr'><strong>et</strong></span> <span class='ocrx_word' id='word_1_637' title='bbox 1556 5006 1609 5076; x_wconf 88' lang='lat' dir='ltr'><strong>in</strong></span> <span class='ocrx_word' id='word_1_638' title='bbox 1635 5006 1855 5076; x_wconf 87' lang='lat' dir='ltr'><strong>obscura</strong></span> <span class='ocrx_word' id='word_1_639' title='bbox 1891 5009 2147 5076; x_wconf 86' lang='lat' dir='ltr'><strong>nigraque</strong></span> <span class='ocrx_word' id='word_1_640' title='bbox 2167 5016 2313 5060; x_wconf 89' lang='lat' dir='ltr'><strong>nocte</strong></span> <span class='ocrx_word' id='word_1_641' title='bbox 2335 5023 2352 5060; x_wconf 92' lang='lat'><strong><em>:</em></strong></span> 
     </span>
    </p>
   </div>
   <div class='ocr_carea' id='block_1_85' title="bbox 842 5073 2332 5146">
    <p class='ocr_par' dir='ltr' id='par_1_85' title="bbox 842 5073 2332 5146">
     <span class='ocr_line' id='line_1_86' title="bbox 842 5073 2332 5146; baseline 0.002 -18"><span class='ocrx_word' id='word_1_642' title='bbox 842 5073 1141 5141; x_wconf 78' lang='lat' dir='ltr'><strong>Relinquite</strong></span> <span class='ocrx_word' id='word_1_643' title='bbox 1171 5076 1405 5128; x_wconf 84' lang='lat' dir='ltr'><strong>tenebras</strong></span> <span class='ocrx_word' id='word_1_644' title='bbox 1435 5075 1630 5138; x_wconf 87' lang='lat' dir='ltr'><strong>noctis,</strong></span> <span class='ocrx_word' id='word_1_645' title='bbox 1658 5085 1708 5128; x_wconf 88' lang='lat' dir='ltr'><strong>et</strong></span> <span class='ocrx_word' id='word_1_646' title='bbox 1737 5075 1906 5131; x_wconf 82' lang='lat' dir='ltr'><strong>lucem</strong></span> <span class='ocrx_word' id='word_1_647' title='bbox 1939 5073 2332 5146; x_wconf 79' lang='lat' dir='ltr'><strong>apprehendite.</strong></span> 
     </span>
    </p>
   </div>
   <div class='ocr_carea' id='block_1_86' title="bbox 915 5184 2421 5257">
    <p class='ocr_par' dir='ltr' id='par_1_86' title="bbox 915 5184 2421 5257">
     <span class='ocr_line' id='line_1_87' title="bbox 915 5184 2421 5257; baseline 0.001 -17"><span class='ocrx_word' id='word_1_648' title='bbox 915 5184 1026 5257; x_wconf 75' lang='grc'><strong>(54)</strong></span> <span class='ocrx_word' id='word_1_649' title='bbox 1060 5185 1131 5240; x_wconf 82' lang='grc'><strong>01⁵</strong></span> <span class='ocrx_word' id='word_1_650' title='bbox 1151 5186 1328 5242; x_wconf 72' lang='grc' dir='ltr'>πέντε</span> <span class='ocrx_word' id='word_1_651' title='bbox 1369 5185 1634 5255; x_wconf 83' lang='grc' dir='ltr'>Ἀθηνᾶς.</span> <span class='ocrx_word' id='word_1_652' title='bbox 1691 5186 1891 5242; x_wconf 91' lang='lat' dir='ltr'><strong>Locum</strong></span> <span class='ocrx_word' id='word_1_653' title='bbox 1926 5189 1994 5243; x_wconf 91' lang='lat' dir='ltr'><strong>de</strong></span> <span class='ocrx_word' id='word_1_654' title='bbox 2036 5189 2278 5257; x_wconf 86' lang='lat' dir='ltr'><strong>quinque</strong></span> <span class='ocrx_word' id='word_1_655' title='bbox 2323 5189 2421 5242; x_wconf 83' lang='lat' dir='ltr'><strong>Mi-</strong></span> 
     </span>
    </p>
   </div>
   <div class='ocr_carea' id='block_1_87' title="bbox 843 5257 2422 5324">
    <p class='ocr_par' dir='ltr' id='par_1_87' title="bbox 843 5257 2422 5324">
     <span class='ocr_line' id='line_1_88' title="bbox 843 5257 2422 5324; baseline 0.003 -16"><span class='ocrx_word' id='word_1_656' title='bbox 843 5259 1026 5318; x_wconf 84' lang='lat' dir='ltr'><strong>nervis</strong></span> <span class='ocrx_word' id='word_1_657' title='bbox 1050 5257 1214 5311; x_wconf 85' lang='lat' dir='ltr'><strong>latius</strong></span> <span class='ocrx_word' id='word_1_658' title='bbox 1237 5275 1302 5311; x_wconf 78' lang='lat' dir='ltr'><strong>ex</strong></span> <span class='ocrx_word' id='word_1_659' title='bbox 1336 5257 1600 5312; x_wconf 84' lang='lat' dir='ltr'><strong>Cicerone</strong></span> <span class='ocrx_word' id='word_1_660' title='bbox 1627 5257 1868 5312; x_wconf 90' lang='lat' dir='ltr'><strong>declarat</strong></span> <span class='ocrx_word' id='word_1_661' title='bbox 1892 5259 2087 5313; x_wconf 85' lang='lat' dir='ltr'><strong>Petrus</strong></span> <span class='ocrx_word' id='word_1_662' title='bbox 2131 5257 2422 5324; x_wconf 81' lang='lat' dir='ltr'><strong>Victorius,</strong></span> 
     </span>
    </p>
   </div>
   <div class='ocr_carea' id='block_1_88' title="bbox 855 5325 2426 5396">
    <p class='ocr_par' dir='ltr' id='par_1_88' title="bbox 855 5325 2426 5396">
     <span class='ocr_line' id='line_1_89' title="bbox 855 5325 2426 5396; baseline 0.002 -18"><span class='ocrx_word' id='word_1_663' title='bbox 855 5325 982 5379; x_wconf 84' lang='lat' dir='ltr'><strong>Var.</strong></span> <span class='ocrx_word' id='word_1_664' title='bbox 1014 5327 1158 5393; x_wconf 85' lang='lat' dir='ltr'><strong>lect.,</strong></span> <span class='ocrx_word' id='word_1_665' title='bbox 1193 5328 1290 5380; x_wconf 93' lang='lat' dir='ltr'><strong>lib.</strong></span> <span class='ocrx_word' id='word_1_666' title='bbox 1330 5344 1387 5390; x_wconf 85' lang='grc' dir='ltr'><strong>ιι,</strong></span> <span class='ocrx_word' id='word_1_667' title='bbox 1410 5343 1528 5396; x_wconf 86' lang='lat' dir='ltr'><strong>cap.</strong></span> <span class='ocrx_word' id='word_1_668' title='bbox 1567 5328 1656 5382; x_wconf 83' lang='grc'><strong>15.</strong></span> <span class='ocrx_word' id='word_1_669' title='bbox 1689 5325 1950 5384; x_wconf 71' lang='grc' dir='ltr'>δγιιιυιιο.</span> <span class='ocrx_word' id='word_1_670' title='bbox 1990 5359 2063 5369; x_wconf 91' lang='grc'><strong><em>-</em></strong></span> <span class='ocrx_word' id='word_1_671' title='bbox 2087 5327 2266 5383; x_wconf 82' lang='lat' dir='ltr'><strong>Julius</strong></span> <span class='ocrx_word' id='word_1_672' title='bbox 2310 5328 2426 5381; x_wconf 75' lang='lat' dir='ltr'><strong>Fil-</strong></span> 
     </span>
    </p>
   </div>
   <div class='ocr_carea' id='block_1_89' title="bbox 841 5396 2422 5470">
    <p class='ocr_par' dir='ltr' id='par_1_89' title="bbox 841 5396 2422 5470">
     <span class='ocr_line' id='line_1_90' title="bbox 841 5396 2422 5470; baseline 0.003 -22"><span class='ocrx_word' id='word_1_673' title='bbox 841 5396 1157 5470; x_wconf 76' lang='lat' dir='ltr'><strong>mi_cns,_De</strong></span> <span class='ocrx_word' id='word_1_674' title='bbox 1205 5413 1383 5470; x_wconf 79' lang='lat' dir='ltr'><strong>errore</strong></span> <span class='ocrx_word' id='word_1_675' title='bbox 1428 5399 1566 5470; x_wconf 77' lang='lat' dir='ltr'><strong>prof.</strong></span> <span class='ocrx_word' id='word_1_676' title='bbox 1619 5399 1816 5468; x_wconf 86' lang='lat' dir='ltr'><strong>relig.:</strong></span> <span class='ocrx_word' id='word_1_677' title='bbox 1867 5401 2110 5470; x_wconf 82' lang='lat' dir='ltr'><strong>Quinque</strong></span> <span class='ocrx_word' id='word_1_678' title='bbox 2159 5399 2422 5470; x_wconf 51' lang='lat' dir='ltr'><strong>Minervas</strong></span> 
     </span>
    </p>
   </div>
   <div class='ocr_carea' id='block_1_90' title="bbox 843 5466 2418 5540">
    <p class='ocr_par' dir='ltr' id='par_1_90' title="bbox 843 5466 2418 5540">
     <span class='ocr_line' id='line_1_91' title="bbox 843 5466 2418 5540; baseline 0.003 -25"><span class='ocrx_word' id='word_1_679' title='bbox 843 5466 1012 5540; x_wconf 60' lang='lat' dir='ltr'><strong>[uisse</strong></span> <span class='ocrx_word' id='word_1_680' title='bbox 1053 5466 1344 5540; x_wconf 78' lang='lat' dir='ltr'><strong>legentibus</strong></span> <span class='ocrx_word' id='word_1_681' title='bbox 1373 5466 1533 5540; x_wconf 72' lang='lat' dir='ltr'><strong>nobis</strong></span> <span class='ocrx_word' id='word_1_682' title='bbox 1565 5466 1733 5522; x_wconf 80' lang='lat' dir='ltr'><strong>tradit</strong></span> <span class='ocrx_word' id='word_1_683' title='bbox 1794 5466 2108 5540; x_wconf 76' lang='lat' dir='ltr'><strong>antiquitas.</strong></span> <span class='ocrx_word' id='word_1_684' title='bbox 2165 5468 2284 5522; x_wconf 88' lang='lat' dir='ltr'><strong>Una</strong></span> <span class='ocrx_word' id='word_1_685' title='bbox 2321 5481 2418 5531; x_wconf 86' lang='lat' dir='ltr'><strong>est,</strong></span> 
     </span>
    </p>
   </div>
   <div class='ocr_carea' id='block_1_91' title="bbox 859 5535 2422 5610">
    <p class='ocr_par' dir='ltr' id='par_1_91' title="bbox 859 5535 2422 5610">
     <span class='ocr_line' id='line_1_92' title="bbox 859 5535 2422 5610; baseline 0.003 -22"><span class='ocrx_word' id='word_1_686' title='bbox 859 5535 1076 5610; x_wconf 67' lang='lat' dir='ltr'><strong>Vit/cani</strong></span> <span class='ocrx_word' id='word_1_687' title='bbox 1105 5535 1242 5605; x_wconf 70' lang='lat' dir='ltr'><strong>ﬁlia,</strong></span> <span class='ocrx_word' id='word_1_688' title='bbox 1272 5554 1392 5610; x_wconf 75' lang='lat' dir='ltr'><strong>qua:</strong></span> <span class='ocrx_word' id='word_1_689' title='bbox 1427 5539 1656 5592; x_wconf 82' lang='lat' dir='ltr'><strong>Athenas</strong></span> <span class='ocrx_word' id='word_1_690' title='bbox 1700 5535 1958 5605; x_wconf 69' lang='lat' dir='ltr'><strong>condidit,</strong></span> <span class='ocrx_word' id='word_1_691' title='bbox 1991 5558 2150 5610; x_wconf 82' lang='lat' dir='ltr'><strong>quant</strong></span> <span class='ocrx_word' id='word_1_692' title='bbox 2182 5555 2247 5592; x_wconf 75' lang='lat' dir='ltr'><strong>ea:</strong></span> <span class='ocrx_word' id='word_1_693' title='bbox 2273 5556 2422 5608; x_wconf 85' lang='lat' dir='ltr'><strong>agre-</strong></span> 
     </span>
    </p>
   </div>
   <div class='ocr_carea' id='block_1_92' title="bbox 841 5606 2419 5664">
    <p class='ocr_par' dir='ltr' id='par_1_92' title="bbox 841 5606 2419 5664">
     <span class='ocr_line' id='line_1_93' title="bbox 841 5606 2419 5664; baseline 0.002 -8"><span class='ocrx_word' id='word_1_694' title='bbox 841 5606 1010 5658; x_wconf 84' lang='lat' dir='ltr'><strong>stibus</strong></span> <span class='ocrx_word' id='word_1_695' title='bbox 1041 5607 1169 5660; x_wconf 84' lang='lat' dir='ltr'><strong>locis</strong></span> <span class='ocrx_word' id='word_1_696' title='bbox 1186 5610 1255 5660; x_wconf 81' lang='lat' dir='ltr'><strong>ad</strong></span> <span class='ocrx_word' id='word_1_697' title='bbox 1282 5606 1500 5661; x_wconf 68' lang='lat' dir='ltr'><strong>urbanae</strong></span> <span class='ocrx_word' id='word_1_698' title='bbox 1523 5611 1934 5664; x_wconf 81' lang='lat' dir='ltr'><strong>conversationis</strong></span> <span class='ocrx_word' id='word_1_699' title='bbox 1959 5606 2197 5664; x_wconf 78' lang='lat' dir='ltr'><strong>ordinem</strong></span> <span class='ocrx_word' id='word_1_700' title='bbox 2221 5606 2419 5661; x_wconf 75' lang='lat' dir='ltr'><strong>rustica</strong></span> 
     </span>
    </p>
   </div>
   <div class='ocr_carea' id='block_1_93' title="bbox 845 5676 2419 5749">
    <p class='ocr_par' dir='ltr' id='par_1_93' title="bbox 845 5676 2419 5749">
     <span class='ocr_line' id='line_1_94' title="bbox 845 5676 2419 5749; baseline 0.003 -21"><span class='ocrx_word' id='word_1_701' title='bbox 845 5676 1000 5749; x_wconf 70' lang='lat' dir='ltr'><strong>turba</strong></span> <span class='ocrx_word' id='word_1_702' title='bbox 1027 5679 1280 5731; x_wconf 88' lang='lat' dir='ltr'><strong>comitata</strong></span> <span class='ocrx_word' id='word_1_703' title='bbox 1309 5689 1409 5733; x_wconf 90' lang='lat' dir='ltr'><strong>est.</strong></span> <span class='ocrx_word' id='word_1_704' title='bbox 1449 5677 1577 5730; x_wconf 81' lang='lat' dir='ltr'><strong>Fuit</strong></span> <span class='ocrx_word' id='word_1_705' title='bbox 1603 5683 1714 5734; x_wconf 88' lang='lat' dir='ltr'><strong>alia</strong></span> <span class='ocrx_word' id='word_1_706' title='bbox 1746 5681 1802 5733; x_wconf 89' lang='lat' dir='ltr'><strong>in</strong></span> <span class='ocrx_word' id='word_1_707' title='bbox 1833 5679 2089 5749; x_wconf 73' lang='lat' dir='ltr'><strong>Ai&#39;gypto,</strong></span> <span class='ocrx_word' id='word_1_708' title='bbox 2130 5679 2250 5732; x_wconf 69' lang='lat' dir='ltr'><strong>Nili</strong></span> <span class='ocrx_word' id='word_1_709' title='bbox 2284 5683 2419 5749; x_wconf 67' lang='lat' dir='ltr'><strong>regis</strong></span> 
     </span>
    </p>
   </div>
   <div class='ocr_carea' id='block_1_94' title="bbox 841 5744 2417 5820">
    <p class='ocr_par' dir='ltr' id='par_1_94' title="bbox 841 5744 2417 5820">
     <span class='ocr_line' id='line_1_95' title="bbox 841 5744 2417 5820; baseline 0.004 -24"><span class='ocrx_word' id='word_1_710' title='bbox 841 5744 980 5814; x_wconf 77' lang='lat' dir='ltr'><strong>ﬁlia,</strong></span> <span class='ocrx_word' id='word_1_711' title='bbox 1011 5750 1255 5820; x_wconf 73' lang='lat' dir='ltr'><strong>textriin</strong></span> <span class='ocrx_word' id='word_1_712' title='bbox 1277 5752 1409 5820; x_wconf 77' lang='lat' dir='ltr'><strong>artis</strong></span> <span class='ocrx_word' id='word_1_713' title='bbox 1439 5751 1714 5818; x_wconf 81' lang='lat' dir='ltr'><strong>magistra.</strong></span> <span class='ocrx_word' id='word_1_714' title='bbox 1750 5744 2095 5817; x_wconf 43' lang='lat' dir='ltr'><strong>Tertia-vero,</strong></span> <span class='ocrx_word' id='word_1_715' title='bbox 2129 5761 2281 5820; x_wconf 83' lang='lat' dir='ltr'><strong>patre</strong></span> <span class='ocrx_word' id='word_1_716' title='bbox 2313 5747 2417 5802; x_wconf 88' lang='lat' dir='ltr'><strong>Sa-</strong></span> 
     </span>
    </p>
   </div>
   <div class='ocr_carea' id='block_1_95' title="bbox 842 5819 2418 5892">
    <p class='ocr_par' dir='ltr' id='par_1_95' title="bbox 842 5819 2418 5892">
     <span class='ocr_line' id='line_1_96' title="bbox 842 5819 2418 5892; baseline 0.001 -23"><span class='ocrx_word' id='word_1_717' title='bbox 842 5825 999 5869; x_wconf 75' lang='lat' dir='ltr'><strong>turno</strong></span> <span class='ocrx_word' id='word_1_718' title='bbox 1029 5819 1200 5884; x_wconf 85' lang='lat' dir='ltr'><strong>genita</strong></span> <span class='ocrx_word' id='word_1_719' title='bbox 1235 5830 1332 5873; x_wconf 86' lang='lat' dir='ltr'><strong>est.</strong></span> <span class='ocrx_word' id='word_1_720' title='bbox 1373 5819 1476 5874; x_wconf 88' lang='lat' dir='ltr'><strong>Sed</strong></span> <span class='ocrx_word' id='word_1_721' title='bbox 1500 5823 1634 5873; x_wconf 77' lang='lat' dir='ltr'><strong>lianc</strong></span> <span class='ocrx_word' id='word_1_722' title='bbox 1671 5823 1960 5892; x_wconf 85' lang='lat' dir='ltr'><strong>viraginem</strong></span> <span class='ocrx_word' id='word_1_723' title='bbox 1992 5819 2153 5889; x_wconf 78' lang='lat' dir='ltr'><strong>fuisse</strong></span> <span class='ocrx_word' id='word_1_724' title='bbox 2191 5836 2418 5874; x_wconf 82' lang='lat' dir='ltr'><strong>comme-</strong></span> 
     </span>
    </p>
   </div>
   <div class='ocr_carea' id='block_1_96' title="bbox 843 5893 2414 5963">
    <p class='ocr_par' dir='ltr' id='par_1_96' title="bbox 843 5893 2414 5963">
     <span class='ocr_line' id='line_1_97' title="bbox 843 5893 2414 5963; baseline 0.004 -24"><span class='ocrx_word' id='word_1_725' title='bbox 843 5897 1092 5952; x_wconf 85' lang='lat' dir='ltr'><strong>morant;</strong></span> <span class='ocrx_word' id='word_1_726' title='bbox 1117 5905 1236 5943; x_wconf 77' lang='lat' dir='ltr'><strong>nam</strong></span> <span class='ocrx_word' id='word_1_727' title='bbox 1267 5907 1536 5963; x_wconf 83' lang='lat' dir='ltr'><strong>nunquam</strong></span> <span class='ocrx_word' id='word_1_728' title='bbox 1571 5907 1624 5945; x_wconf 87' lang='lat' dir='ltr'><strong>se</strong></span> <span class='ocrx_word' id='word_1_729' title='bbox 1658 5894 1797 5946; x_wconf 85' lang='lat' dir='ltr'><strong>intra</strong></span> <span class='ocrx_word' id='word_1_730' title='bbox 1835 5893 2044 5962; x_wconf 71' lang='lat' dir='ltr'><strong>feminei</strong></span> <span class='ocrx_word' id='word_1_731' title='bbox 2076 5908 2232 5947; x_wconf 69' lang='lat' dir='ltr'><strong>sexus</strong></span> <span class='ocrx_word' id='word_1_732' title='bbox 2274 5907 2414 5945; x_wconf 83' lang='lat' dir='ltr'><strong>vere-</strong></span> 
     </span>
    </p>
   </div>
   <div class='ocr_carea' id='block_1_97' title="bbox 2603 3705 4121 3848">
    <p class='ocr_par' dir='ltr' id='par_1_97' title="bbox 2603 3705 4121 3848">
     <span class='ocr_line' id='line_1_98' title="bbox 2603 3705 4121 3848; baseline -0.001 -87"><span class='ocrx_word' id='word_1_733' title='bbox 2603 3710 2767 3776; x_wconf 83' lang='grc' dir='ltr'>Ἀρες</span> <span class='ocrx_word' id='word_1_734' title='bbox 2784 3707 3120 3780; x_wconf 75' lang='grc' dir='ltr'>(39),Ἀρες,</span> <span class='ocrx_word' id='word_1_735' title='bbox 3139 3709 3516 3779; x_wconf 74' lang='grc' dir='ltr'>βροτολοιγὲ,</span> <span class='ocrx_word' id='word_1_736' title='bbox 3531 3705 3836 3848; x_wconf 67' lang='grc' dir='ltr'>μιαιφόνεί</span> <span class='ocrx_word' id='word_1_737' title='bbox 3863 3725 4121 3830; x_wconf 51' lang='lat' dir='ltr'><strong>tsi/Zem-</strong></span> 
     </span>
     <span class='ocr_line' id='line_1_99' title="bbox 3842 3796 4061 3847; baseline 0 -17"><span class='ocrx_word' id='word_1_738' title='bbox 3842 3796 3903 3831; x_wconf 80' lang='grc' dir='ltr'>π.</span> <span class='ocrx_word' id='word_1_739' title='bbox 3933 3797 4061 3847; x_wconf 72' lang='lat' dir='ltr'><strong>qm.</strong></span> 
     </span>
    </p>
   </div>
   <div class='ocr_carea' id='block_1_98' title="bbox 3842 3796 4061 3847">
    <p class='ocr_par' dir='ltr' id='par_1_98' title="bbox 3842 3796 4061 3847">
     <span class='ocr_line' id='line_1_100' title="bbox 3842 3796 4061 3847; baseline 0 -17"><span class='ocrx_word' id='word_1_740' title='bbox 3842 3796 4061 3847; x_wconf 63' lang='lat' dir='ltr'><strong>.‘Cth&#39;a.</strong></span> 
     </span>
    </p>
   </div>
   <div class='ocr_carea' id='block_1_99' title="bbox 2529 3999 4120 4072">
    <p class='ocr_par' dir='ltr' id='par_1_99' title="bbox 2529 3999 4120 4072">
     <span class='ocr_line' id='line_1_101' title="bbox 2529 3999 4120 4072; baseline 0.001 -19"><span class='ocrx_word' id='word_1_741' title='bbox 2529 4001 2784 4054; x_wconf 85' lang='lat' dir='ltr'><strong>cundiam</strong></span> <span class='ocrx_word' id='word_1_742' title='bbox 2821 4000 3009 4062; x_wconf 89' lang='lat' dir='ltr'><strong>tenuit,</strong></span> <span class='ocrx_word' id='word_1_743' title='bbox 3060 3999 3152 4052; x_wconf 87' lang='lat' dir='ltr'><strong>sed</strong></span> <span class='ocrx_word' id='word_1_744' title='bbox 3198 4017 3351 4053; x_wconf 87' lang='lat' dir='ltr'><strong>arma</strong></span> <span class='ocrx_word' id='word_1_745' title='bbox 3379 4017 3582 4072; x_wconf 87' lang='lat' dir='ltr'><strong>semper</strong></span> <span class='ocrx_word' id='word_1_746' title='bbox 3597 4005 3988 4072; x_wconf 76' lang='lat' dir='ltr'><strong>strepitumque</strong></span> <span class='ocrx_word' id='word_1_747' title='bbox 4019 4017 4120 4068; x_wconf 70' lang='grc' dir='ltr'>ρει-ο</span> 
     </span>
    </p>
   </div>
   <div class='ocr_carea' id='block_1_100' title="bbox 2531 4070 4118 4140">
    <p class='ocr_par' dir='ltr' id='par_1_100' title="bbox 2531 4070 4118 4140">
     <span class='ocr_line' id='line_1_102' title="bbox 2531 4070 4118 4140; baseline 0.001 -18"><span class='ocrx_word' id='word_1_748' title='bbox 2531 4087 2781 4140; x_wconf 80' lang='lat' dir='ltr'><strong>gnarum,</strong></span> <span class='ocrx_word' id='word_1_749' title='bbox 2794 4081 2843 4123; x_wconf 88' lang='lat' dir='ltr'><strong>et</strong></span> <span class='ocrx_word' id='word_1_750' title='bbox 2858 4078 3076 4123; x_wconf 88' lang='lat' dir='ltr'><strong>cruenta</strong></span> <span class='ocrx_word' id='word_1_751' title='bbox 3092 4080 3272 4136; x_wconf 77' lang='lat' dir='ltr'><strong>secuta</strong></span> <span class='ocrx_word' id='word_1_752' title='bbox 3295 4081 3374 4123; x_wconf 87' lang='lat' dir='ltr'><strong>est</strong></span> <span class='ocrx_word' id='word_1_753' title='bbox 3392 4071 3574 4122; x_wconf 87' lang='lat' dir='ltr'><strong>studia</strong></span> <span class='ocrx_word' id='word_1_754' title='bbox 3587 4070 3864 4122; x_wconf 88' lang='lat' dir='ltr'><strong>bellorum.</strong></span> <span class='ocrx_word' id='word_1_755' title='bbox 3886 4070 4118 4134; x_wconf 77' lang='lat' dir='ltr'><strong>Quarta,</strong></span> 
     </span>
    </p>
   </div>
   <div class='ocr_carea' id='block_1_101' title="bbox 2530 4139 4120 4208">
    <p class='ocr_par' dir='ltr' id='par_1_101' title="bbox 2530 4139 4120 4208">
     <span class='ocr_line' id='line_1_103' title="bbox 2530 4139 4120 4208; baseline 0.001 -14"><span class='ocrx_word' id='word_1_756' title='bbox 2530 4139 2681 4194; x_wconf 63' lang='lat' dir='ltr'><strong>Iovis</strong></span> <span class='ocrx_word' id='word_1_757' title='bbox 2711 4139 2908 4195; x_wconf 84' lang='lat' dir='ltr'><strong>Cretici</strong></span> <span class='ocrx_word' id='word_1_758' title='bbox 2934 4141 3070 4208; x_wconf 84' lang='lat' dir='ltr'><strong>regis</strong></span> <span class='ocrx_word' id='word_1_759' title='bbox 3088 4139 3191 4208; x_wconf 80' lang='lat' dir='ltr'><strong>fuit</strong></span> <span class='ocrx_word' id='word_1_760' title='bbox 3215 4140 3352 4208; x_wconf 83' lang='lat' dir='ltr'><strong>lilia,</strong></span> <span class='ocrx_word' id='word_1_761' title='bbox 3376 4157 3494 4208; x_wconf 67' lang='lat' dir='ltr'><strong>quae</strong></span> <span class='ocrx_word' id='word_1_762' title='bbox 3510 4141 3742 4193; x_wconf 84' lang='lat' dir='ltr'><strong>occisum</strong></span> <span class='ocrx_word' id='word_1_763' title='bbox 3765 4143 3905 4208; x_wconf 86' lang='lat' dir='ltr'><strong>patri</strong></span> <span class='ocrx_word' id='word_1_764' title='bbox 3928 4141 4120 4195; x_wconf 67' lang='lat' dir='ltr'><strong>detulit</strong></span> 
     </span>
    </p>
   </div>
   <div class='ocr_carea' id='block_1_102' title="bbox 2533 4209 4116 4280">
    <p class='ocr_par' dir='ltr' id='par_1_102' title="bbox 2533 4209 4116 4280">
     <span class='ocr_line' id='line_1_104' title="bbox 2533 4209 4116 4280; baseline 0.001 -17"><span class='ocrx_word' id='word_1_765' title='bbox 2533 4209 2783 4280; x_wconf 84' lang='lat' dir='ltr'><strong>liberum.</strong></span> <span class='ocrx_word' id='word_1_766' title='bbox 2821 4209 3044 4275; x_wconf 78' lang='lat' dir='ltr'><strong>Quinta,</strong></span> <span class='ocrx_word' id='word_1_767' title='bbox 3063 4209 3487 4280; x_wconf 37' lang='lat' dir='ltr'><strong>Pallanteteteq</strong></span> <span class='ocrx_word' id='word_1_768' title='bbox 3509 4226 3632 4280; x_wconf 65' lang='lat' dir='ltr'><strong>quae</strong></span> <span class='ocrx_word' id='word_1_769' title='bbox 3647 4224 3772 4264; x_wconf 84' lang='lat' dir='ltr'><strong>mox</strong></span> <span class='ocrx_word' id='word_1_770' title='bbox 3797 4223 4116 4279; x_wconf 88' lang='lat' dir='ltr'><strong>sequentur.</strong></span> 
     </span>
    </p>
   </div>
   <div class='ocr_carea' id='block_1_103' title="bbox 2629 4278 3480 4348">
    <p class='ocr_par' dir='ltr' id='par_1_103' title="bbox 2629 4278 3480 4348">
     <span class='ocr_line' id='line_1_105' title="bbox 2629 4278 3480 4348; baseline -0.005 -13"><span class='ocrx_word' id='word_1_771' title='bbox 2629 4281 2718 4348; x_wconf 77' lang='grc'><strong>55)</strong></span> <span class='ocrx_word' id='word_1_772' title='bbox 2757 4280 2879 4348; x_wconf 81' lang='grc' dir='ltr'><strong>Τὴν</strong></span> <span class='ocrx_word' id='word_1_773' title='bbox 2909 4280 3065 4344; x_wconf 86' lang='grc' dir='ltr'>Διός.</span> <span class='ocrx_word' id='word_1_774' title='bbox 3099 4279 3206 4332; x_wconf 85' lang='grc' dir='ltr'>Τοῦ</span> <span class='ocrx_word' id='word_1_775' title='bbox 3237 4278 3480 4348; x_wconf 81' lang='grc' dir='ltr'>Δ.,Νον.</span> 
     </span>
    </p>
   </div>
   <div class='ocr_carea' id='block_1_104' title="bbox 2629 4282 4113 4421">
    <p class='ocr_par' dir='ltr' id='par_1_104' title="bbox 2629 4282 4113 4421">
     <span class='ocr_line' id='line_1_106' title="bbox 2629 4282 3480 4348; baseline -0.005 -13"><span class='ocrx_word' id='word_1_776' title='bbox 2629 4282 2699 4335; x_wconf 78' lang='grc'>55</span> <span class='ocrx_word' id='word_1_777' title='bbox 2757 4282 2879 4348; x_wconf 82' lang='grc' dir='ltr'><strong>Τὴν</strong></span> <span class='ocrx_word' id='word_1_778' title='bbox 2909 4282 3065 4344; x_wconf 85' lang='grc' dir='ltr'>Διός.</span> <span class='ocrx_word' id='word_1_779' title='bbox 3099 4282 3206 4332; x_wconf 86' lang='grc' dir='ltr'>Τοῦ</span> <span class='ocrx_word' id='word_1_780' title='bbox 3237 4282 3320 4339; x_wconf 92' lang='grc' dir='ltr'>Δ.,</span> <span class='ocrx_word' id='word_1_781' title='bbox 3345 4282 3480 4333; x_wconf 87' lang='lat' dir='ltr'><strong>Nov.</strong></span> 
     </span>
     <span class='ocr_line' id='line_1_107' title="bbox 2629 4282 4113 4421; baseline -0.001 -16"><span class='ocrx_word' id='word_1_782' title='bbox 2629 4282 2719 4421; x_wconf 54' lang='lat'><strong>36;</strong></span> <span class='ocrx_word' id='word_1_783' title='bbox 2746 4351 3160 4418; x_wconf 75' lang='grc' dir='ltr'>Κορυφασίαν.</span> <span class='ocrx_word' id='word_1_784' title='bbox 3186 4349 3263 4402; x_wconf 91' lang='lat' dir='ltr'><strong>De</strong></span> <span class='ocrx_word' id='word_1_785' title='bbox 3283 4347 3538 4421; x_wconf 63' lang='lat' dir='ltr'><strong>Minerva</strong></span> <span class='ocrx_word' id='word_1_786' title='bbox 3555 4347 3887 4421; x_wconf 71' lang='lat' dir='ltr'><strong>Corypbasia</strong></span> <span class='ocrx_word' id='word_1_787' title='bbox 3908 4349 4030 4421; x_wconf 88' lang='lat' dir='ltr'><strong>vide</strong></span> <span class='ocrx_word' id='word_1_788' title='bbox 4049 4348 4113 4404; x_wconf 89' lang='lat' dir='ltr'><strong>P.</strong></span> 
     </span>
    </p>
   </div>
   <div class='ocr_carea' id='block_1_105' title="bbox 2546 4417 4116 4488">
    <p class='ocr_par' dir='ltr' id='par_1_105' title="bbox 2546 4417 4116 4488">
     <span class='ocr_line' id='line_1_108' title="bbox 2546 4417 4116 4488; baseline 0.003 -19"><span class='ocrx_word' id='word_1_789' title='bbox 2546 4417 2968 4488; x_wconf 76' lang='lat' dir='ltr'><strong>Victoriumlib.</strong></span> <span class='ocrx_word' id='word_1_790' title='bbox 3013 4435 3074 4482; x_wconf 87' lang='grc' dir='ltr'><strong>ιι⁹</strong></span> <span class='ocrx_word' id='word_1_791' title='bbox 3115 4434 3236 4488; x_wconf 90' lang='lat' dir='ltr'><strong>cap.</strong></span> <span class='ocrx_word' id='word_1_792' title='bbox 3272 4419 3361 4481; x_wconf 82' lang='lat' dir='ltr'><strong>l5,</strong></span> <span class='ocrx_word' id='word_1_793' title='bbox 3385 4419 3478 4486; x_wconf 85' lang='lat' dir='ltr'><strong>qui</strong></span> <span class='ocrx_word' id='word_1_794' title='bbox 3525 4417 3706 4488; x_wconf 76' lang='lat' dir='ltr'><strong>locum</strong></span> <span class='ocrx_word' id='word_1_795' title='bbox 3739 4417 4021 4473; x_wconf 70' lang='lat' dir='ltr'><strong>Pausanize</strong></span> <span class='ocrx_word' id='word_1_796' title='bbox 4046 4435 4116 4474; x_wconf 76' lang='lat' dir='ltr'><strong>ex</strong></span> 
     </span>
    </p>
   </div>
   <div class='ocr_carea' id='block_1_106' title="bbox 2545 4486 4111 4557">
    <p class='ocr_par' dir='ltr' id='par_1_106' title="bbox 2545 4486 4111 4557">
     <span class='ocr_line' id='line_1_109' title="bbox 2545 4486 4111 4557; baseline -0.001 -14"><span class='ocrx_word' id='word_1_797' title='bbox 2545 4486 2888 4543; x_wconf 76' lang='lat' dir='ltr'><strong>Messeniacis</strong></span> <span class='ocrx_word' id='word_1_798' title='bbox 2926 4486 3320 4544; x_wconf 81' lang='lat' dir='ltr'><strong>consentientis</strong></span> <span class='ocrx_word' id='word_1_799' title='bbox 3366 4503 3490 4543; x_wconf 92' lang='lat' dir='ltr'><strong>cum</strong></span> <span class='ocrx_word' id='word_1_800' title='bbox 3548 4487 3825 4542; x_wconf 86' lang='lat' dir='ltr'><strong>Clemente</strong></span> <span class='ocrx_word' id='word_1_801' title='bbox 3885 4489 4111 4557; x_wconf 80' lang='lat' dir='ltr'><strong>profert.</strong></span> 
     </span>
    </p>
   </div>
   <div class='ocr_carea' id='block_1_107' title="bbox 2539 4557 4118 4626">
    <p class='ocr_par' dir='ltr' id='par_1_107' title="bbox 2539 4557 4118 4626">
     <span class='ocr_line' id='line_1_110' title="bbox 2539 4557 4118 4626; baseline -0.001 -12"><span class='ocrx_word' id='word_1_802' title='bbox 2539 4559 2695 4626; x_wconf 84' lang='lat' dir='ltr'><strong>Quod</strong></span> <span class='ocrx_word' id='word_1_803' title='bbox 2722 4574 2851 4613; x_wconf 91' lang='lat' dir='ltr'><strong>vero</strong></span> <span class='ocrx_word' id='word_1_804' title='bbox 2883 4557 3124 4611; x_wconf 85' lang='lat' dir='ltr'><strong>Minerva</strong></span> <span class='ocrx_word' id='word_1_805' title='bbox 3165 4565 3352 4626; x_wconf 81' lang='lat' dir='ltr'><strong>quinta</strong></span> <span class='ocrx_word' id='word_1_806' title='bbox 3396 4557 3567 4626; x_wconf 91' lang='lat' dir='ltr'><strong>patris</strong></span> <span class='ocrx_word' id='word_1_807' title='bbox 3604 4557 3740 4625; x_wconf 92' lang='lat' dir='ltr'><strong>pelle</strong></span> <span class='ocrx_word' id='word_1_808' title='bbox 3776 4573 3836 4612; x_wconf 88' lang='lat' dir='ltr'><strong>se</strong></span> <span class='ocrx_word' id='word_1_809' title='bbox 3874 4559 4118 4612; x_wconf 86' lang='lat' dir='ltr'><strong>induerit</strong></span> 
     </span>
    </p>
   </div>
   <div class='ocr_carea' id='block_1_108' title="bbox 2466 4623 4112 4698">
    <p class='ocr_par' dir='ltr' id='par_1_108' title="bbox 2466 4623 4112 4698">
     <span class='ocr_line' id='line_1_111' title="bbox 2466 4623 4112 4698; baseline -0.001 -14"><span class='ocrx_word' id='word_1_810' title='bbox 2466 4629 2509 4684; x_wconf 79' lang='grc' dir='ltr'><strong>ἰ)</strong></span> <span class='ocrx_word' id='word_1_811' title='bbox 2537 4623 2798 4698; x_wconf 75' lang='lat' dir='ltr'><strong>tanquam</strong></span> <span class='ocrx_word' id='word_1_812' title='bbox 2829 4623 3567 4698; x_wconf 9' lang='lat' dir='ltr'><strong>aegide,rluliu_siFirniicns,</strong></span> <span class='ocrx_word' id='word_1_813' title='bbox 3597 4623 3715 4696; x_wconf 79' lang='lat' dir='ltr'><strong>cap.</strong></span> <span class='ocrx_word' id='word_1_814' title='bbox 3766 4628 3832 4681; x_wconf 82' lang='lat' dir='ltr'><strong>l7</strong></span> <span class='ocrx_word' id='word_1_815' title='bbox 3888 4628 3963 4681; x_wconf 80' lang='lat' dir='ltr'><strong>De</strong></span> <span class='ocrx_word' id='word_1_816' title='bbox 4003 4645 4112 4698; x_wconf 82' lang='lat' dir='ltr'><strong>err.</strong></span> 
     </span>
    </p>
   </div>
   <div class='ocr_carea' id='block_1_109' title="bbox 2533 4695 4119 4769">
    <p class='ocr_par' dir='ltr' id='par_1_109' title="bbox 2533 4695 4119 4769">
     <span class='ocr_line' id='line_1_112' title="bbox 2533 4695 4119 4769; baseline -0.001 -17"><span class='ocrx_word' id='word_1_817' title='bbox 2533 4695 2672 4769; x_wconf 78' lang='lat' dir='ltr'><strong>prof.</strong></span> <span class='ocrx_word' id='word_1_818' title='bbox 2704 4695 2898 4765; x_wconf 25' lang='lat' dir='ltr'><strong>relig.:’</strong></span> <span class='ocrx_word' id='word_1_819' title='bbox 2933 4696 3135 4760; x_wconf 85' lang='lat' dir='ltr'><strong>Quinta</strong></span> <span class='ocrx_word' id='word_1_820' title='bbox 3174 4695 3407 4748; x_wconf 83' lang='lat' dir='ltr'><strong>Minerva</strong></span> <span class='ocrx_word' id='word_1_821' title='bbox 3441 4695 3886 4769; x_wconf 81' lang='lat' dir='ltr'><strong>Pallantepatre</strong></span> <span class='ocrx_word' id='word_1_822' title='bbox 3929 4709 3978 4752; x_wconf 89' lang='lat' dir='ltr'><strong>et</strong></span> <span class='ocrx_word' id='word_1_823' title='bbox 4015 4697 4119 4769; x_wconf 6' lang='grc' dir='ltr'><strong>,Τί-</strong></span> 
     </span>
    </p>
   </div>
   <div class='ocr_carea' id='block_1_110' title="bbox 2535 4768 4112 4834">
    <p class='ocr_par' dir='ltr' id='par_1_110' title="bbox 2535 4768 4112 4834">
     <span class='ocr_line' id='line_1_113' title="bbox 2535 4768 4112 4834; baseline -0.002 -12"><span class='ocrx_word' id='word_1_824' title='bbox 2535 4768 2715 4822; x_wconf 84' lang='lat' dir='ltr'><strong>tanide</strong></span> <span class='ocrx_word' id='word_1_825' title='bbox 2745 4777 2915 4819; x_wconf 88' lang='lat' dir='ltr'><strong>matre</strong></span> <span class='ocrx_word' id='word_1_826' title='bbox 2949 4777 3071 4818; x_wconf 88' lang='lat' dir='ltr'><strong>orta</strong></span> <span class='ocrx_word' id='word_1_827' title='bbox 3095 4775 3194 4826; x_wconf 89' lang='lat' dir='ltr'><strong>est,</strong></span> <span class='ocrx_word' id='word_1_828' title='bbox 3224 4782 3341 4834; x_wconf 79' lang='lat' dir='ltr'><strong>qua:</strong></span> <span class='ocrx_word' id='word_1_829' title='bbox 3370 4769 3538 4834; x_wconf 87' lang='lat' dir='ltr'><strong>patris</strong></span> <span class='ocrx_word' id='word_1_830' title='bbox 3570 4768 3833 4834; x_wconf 82' lang='lat' dir='ltr'><strong>appellata</strong></span> <span class='ocrx_word' id='word_1_831' title='bbox 3883 4768 4112 4831; x_wconf 83' lang='lat' dir='ltr'><strong>nomine,</strong></span> 
     </span>
    </p>
   </div>
   <div class='ocr_carea' id='block_1_111' title="bbox 2535 4836 4116 4906">
    <p class='ocr_par' dir='ltr' id='par_1_111' title="bbox 2535 4836 4116 4906">
     <span class='ocr_line' id='line_1_114' title="bbox 2535 4836 4116 4906; baseline -0.001 -18"><span class='ocrx_word' id='word_1_832' title='bbox 2535 4837 2722 4891; x_wconf 82' lang='lat' dir='ltr'><strong>Pallas</strong></span> <span class='ocrx_word' id='word_1_833' title='bbox 2761 4846 2840 4890; x_wconf 86' lang='lat' dir='ltr'><strong>est</strong></span> <span class='ocrx_word' id='word_1_834' title='bbox 2863 4837 2927 4888; x_wconf 90' lang='lat' dir='ltr'><strong>ab</strong></span> <span class='ocrx_word' id='word_1_835' title='bbox 2957 4836 3257 4906; x_wconf 82' lang='lat' dir='ltr'><strong>hominibus</strong></span> <span class='ocrx_word' id='word_1_836' title='bbox 3289 4847 3609 4904; x_wconf 87' lang='lat' dir='ltr'><strong>nuncupata.</strong></span> <span class='ocrx_word' id='word_1_837' title='bbox 3641 4838 3770 4892; x_wconf 70' lang='lat' dir='ltr'><strong>lla&#39;c</strong></span> <span class='ocrx_word' id='word_1_838' title='bbox 3791 4838 4116 4906; x_wconf 85' lang='lat' dir='ltr'><strong>parricidia-</strong></span> 
     </span>
    </p>
   </div>
   <div class='ocr_carea' id='block_1_112' title="bbox 2533 4905 4112 4973">
    <p class='ocr_par' dir='ltr' id='par_1_112' title="bbox 2533 4905 4112 4973">
     <span class='ocr_line' id='line_1_115' title="bbox 2533 4905 4112 4973; baseline -0.003 -13"><span class='ocrx_word' id='word_1_839' title='bbox 2533 4907 2600 4960; x_wconf 89' lang='lat' dir='ltr'><strong>lis</strong></span> <span class='ocrx_word' id='word_1_840' title='bbox 2632 4906 2867 4960; x_wconf 87' lang='lat' dir='ltr'><strong>amentia</strong></span> <span class='ocrx_word' id='word_1_841' title='bbox 2897 4905 3118 4973; x_wconf 78' lang='lat' dir='ltr'><strong>furoris,</strong></span> <span class='ocrx_word' id='word_1_842' title='bbox 3149 4914 3198 4956; x_wconf 87' lang='lat' dir='ltr'><strong>et</strong></span> <span class='ocrx_word' id='word_1_843' title='bbox 3230 4920 3433 4958; x_wconf 72' lang='lat' dir='ltr'><strong>vesana:</strong></span> <span class='ocrx_word' id='word_1_844' title='bbox 3479 4905 3798 4962; x_wconf 76' lang='lat' dir='ltr'><strong>temeritatis</strong></span> <span class='ocrx_word' id='word_1_845' title='bbox 3832 4909 4112 4967; x_wconf 79' lang='lat' dir='ltr'><strong>instinctu,</strong></span> 
     </span>
    </p>
   </div>
   <div class='ocr_carea' id='block_1_113' title="bbox 2531 4973 4116 5046">
    <p class='ocr_par' dir='ltr' id='par_1_113' title="bbox 2531 4973 4116 5046">
     <span class='ocr_line' id='line_1_116' title="bbox 2531 4973 4116 5046; baseline -0.002 -16"><span class='ocrx_word' id='word_1_846' title='bbox 2531 4987 2737 5046; x_wconf 89' lang='lat' dir='ltr'><strong>patrem</strong></span> <span class='ocrx_word' id='word_1_847' title='bbox 2774 4973 3077 5029; x_wconf 84' lang='lat' dir='ltr'><strong>Pallantem</strong></span> <span class='ocrx_word' id='word_1_848' title='bbox 3112 4975 3311 5026; x_wconf 83' lang='lat' dir='ltr'><strong>crudeli</strong></span> <span class='ocrx_word' id='word_1_849' title='bbox 3340 4985 3503 5029; x_wconf 77' lang='lat' dir='ltr'><strong>morte</strong></span> <span class='ocrx_word' id='word_1_850' title='bbox 3522 4979 3814 5046; x_wconf 86' lang='lat' dir='ltr'><strong>juguluvit.</strong></span> <span class='ocrx_word' id='word_1_851' title='bbox 3851 4975 3963 5046; x_wconf 76' lang='lat' dir='ltr'><strong>Nec</strong></span> <span class='ocrx_word' id='word_1_852' title='bbox 3991 4990 4116 5027; x_wconf 72' lang='grc' dir='ltr'>ειυιο</span> 
     </span>
    </p>
   </div>
   <div class='ocr_carea' id='block_1_114' title="bbox 2531 5045 4113 5117">
    <p class='ocr_par' dir='ltr' id='par_1_114' title="bbox 2531 5045 4113 5117">
     <span class='ocr_line' id='line_1_117' title="bbox 2531 5045 4113 5117; baseline -0.002 -17"><span class='ocrx_word' id='word_1_853' title='bbox 2531 5045 2659 5117; x_wconf 88' lang='lat' dir='ltr'><strong>plici</strong></span> <span class='ocrx_word' id='word_1_854' title='bbox 2685 5047 2856 5116; x_wconf 85' lang='lat' dir='ltr'><strong>patris</strong></span> <span class='ocrx_word' id='word_1_855' title='bbox 2914 5053 3082 5117; x_wconf 81' lang='lat' dir='ltr'><strong>morte</strong></span> <span class='ocrx_word' id='word_1_856' title='bbox 3112 5054 3354 5098; x_wconf 89' lang='lat' dir='ltr'><strong>contenta</strong></span> <span class='ocrx_word' id='word_1_857' title='bbox 3379 5086 3394 5106; x_wconf 91' lang='lat'><strong>,</strong></span> <span class='ocrx_word' id='word_1_858' title='bbox 3436 5057 3493 5100; x_wconf 88' lang='lat' dir='ltr'><strong>ut</strong></span> <span class='ocrx_word' id='word_1_859' title='bbox 3524 5045 3741 5100; x_wconf 15' lang='lat' dir='ltr'><strong>idiuzius</strong></span> <span class='ocrx_word' id='word_1_860' title='bbox 3791 5045 3955 5117; x_wconf 77' lang='lat' dir='ltr'><strong>malis</strong></span> <span class='ocrx_word' id='word_1_861' title='bbox 3998 5047 4113 5097; x_wconf 85' lang='lat' dir='ltr'><strong>suis</strong></span> 
     </span>
    </p>
   </div>
   <div class='ocr_carea' id='block_1_115' title="bbox 2532 5113 4111 5187">
    <p class='ocr_par' dir='ltr' id='par_1_115' title="bbox 2532 5113 4111 5187">
     <span class='ocr_line' id='line_1_118' title="bbox 2532 5113 4111 5187; baseline -0.002 -17"><span class='ocrx_word' id='word_1_862' title='bbox 2532 5113 2815 5187; x_wconf 66' lang='lat' dir='ltr'><strong>frueretur,</strong></span> <span class='ocrx_word' id='word_1_863' title='bbox 2841 5124 2890 5169; x_wconf 90' lang='lat' dir='ltr'><strong>et</strong></span> <span class='ocrx_word' id='word_1_864' title='bbox 2914 5124 2972 5187; x_wconf 87' lang='lat' dir='ltr'><strong>ut</strong></span> <span class='ocrx_word' id='word_1_865' title='bbox 2992 5114 3054 5166; x_wconf 90' lang='lat' dir='ltr'><strong>de</strong></span> <span class='ocrx_word' id='word_1_866' title='bbox 3073 5123 3243 5187; x_wconf 74' lang='lat' dir='ltr'><strong>morte</strong></span> <span class='ocrx_word' id='word_1_867' title='bbox 3256 5119 3423 5178; x_wconf 89' lang='lat' dir='ltr'><strong>patris</strong></span> <span class='ocrx_word' id='word_1_868' title='bbox 3447 5118 3712 5170; x_wconf 87' lang='lat' dir='ltr'><strong>crudelius</strong></span> <span class='ocrx_word' id='word_1_869' title='bbox 3737 5113 4111 5187; x_wconf 62' lang='lat' dir='ltr'><strong>triumpharet,</strong></span> 
     </span>
    </p>
   </div>
   <div class='ocr_carea' id='block_1_116' title="bbox 2529 5183 4111 5254">
    <p class='ocr_par' dir='ltr' id='par_1_116' title="bbox 2529 5183 4111 5254">
     <span class='ocr_line' id='line_1_119' title="bbox 2529 5183 4111 5254; baseline -0.002 -13"><span class='ocrx_word' id='word_1_870' title='bbox 2529 5183 2730 5241; x_wconf 73' lang='lat' dir='ltr'><strong>exuviis</strong></span> <span class='ocrx_word' id='word_1_871' title='bbox 2766 5186 3002 5254; x_wconf 83' lang='lat' dir='ltr'><strong>corporis</strong></span> <span class='ocrx_word' id='word_1_872' title='bbox 3034 5185 3144 5252; x_wconf 89' lang='lat' dir='ltr'><strong>ejus</strong></span> <span class='ocrx_word' id='word_1_873' title='bbox 3167 5197 3354 5239; x_wconf 89' lang='lat' dir='ltr'><strong>ornata</strong></span> <span class='ocrx_word' id='word_1_874' title='bbox 3396 5198 3492 5240; x_wconf 84' lang='lat' dir='ltr'><strong>est.</strong></span> <span class='ocrx_word' id='word_1_875' title='bbox 3534 5189 3750 5247; x_wconf 90' lang='lat' dir='ltr'><strong>Cicero,</strong></span> <span class='ocrx_word' id='word_1_876' title='bbox 3778 5199 3836 5236; x_wconf 93' lang='grc' dir='ltr'><strong>ιιι</strong></span> <span class='ocrx_word' id='word_1_877' title='bbox 3864 5183 3938 5236; x_wconf 86' lang='lat' dir='ltr'><strong>De</strong></span> <span class='ocrx_word' id='word_1_878' title='bbox 3969 5196 4111 5238; x_wconf 90' lang='lat' dir='ltr'><strong>nat.:</strong></span> 
     </span>
    </p>
   </div>
   <div class='ocr_carea' id='block_1_117' title="bbox 2532 5255 4108 5325">
    <p class='ocr_par' dir='ltr' id='par_1_117' title="bbox 2532 5255 4108 5325">
     <span class='ocr_line' id='line_1_120' title="bbox 2532 5255 4108 5325; baseline -0.003 -13"><span class='ocrx_word' id='word_1_879' title='bbox 2532 5258 2732 5322; x_wconf 84' lang='lat' dir='ltr'><strong>Quinta</strong></span> <span class='ocrx_word' id='word_1_880' title='bbox 2774 5256 3040 5308; x_wconf 86' lang='lat' dir='ltr'><strong>Pallantis</strong></span> <span class='ocrx_word' id='word_1_881' title='bbox 3069 5296 3083 5319; x_wconf 91' lang='lat'><strong>,</strong></span> <span class='ocrx_word' id='word_1_882' title='bbox 3125 5272 3241 5324; x_wconf 68' lang='lat' dir='ltr'><strong>quin</strong></span> <span class='ocrx_word' id='word_1_883' title='bbox 3283 5269 3488 5325; x_wconf 87' lang='lat' dir='ltr'><strong>patrem</strong></span> <span class='ocrx_word' id='word_1_884' title='bbox 3519 5258 3719 5309; x_wconf 88' lang='lat' dir='ltr'><strong>dicitur</strong></span> <span class='ocrx_word' id='word_1_885' title='bbox 3759 5255 4108 5318; x_wconf 86' lang='lat' dir='ltr'><strong>interemisse,</strong></span> 
     </span>
    </p>
   </div>
   <div class='ocr_carea' id='block_1_118' title="bbox 2529 5325 4110 5397">
    <p class='ocr_par' dir='ltr' id='par_1_118' title="bbox 2529 5325 4110 5397">
     <span class='ocr_line' id='line_1_121' title="bbox 2529 5325 4110 5397; baseline -0.002 -17"><span class='ocrx_word' id='word_1_886' title='bbox 2529 5330 2891 5397; x_wconf 85' lang='lat' dir='ltr'><strong>virginitatem</strong></span> <span class='ocrx_word' id='word_1_887' title='bbox 2935 5341 3093 5397; x_wconf 79' lang='lat' dir='ltr'><strong>suam</strong></span> <span class='ocrx_word' id='word_1_888' title='bbox 3134 5329 3332 5397; x_wconf 83' lang='lat' dir='ltr'><strong>violare</strong></span> <span class='ocrx_word' id='word_1_889' title='bbox 3356 5337 3656 5397; x_wconf 84' lang='lat' dir='ltr'><strong>conantem,</strong></span> <span class='ocrx_word' id='word_1_890' title='bbox 3689 5325 3775 5397; x_wconf 78' lang='lat' dir='ltr'><strong>cui</strong></span> <span class='ocrx_word' id='word_1_891' title='bbox 3822 5326 4110 5392; x_wconf 84' lang='lat' dir='ltr'><strong>pinnarum</strong></span> 
     </span>
    </p>
   </div>
   <div class='ocr_carea' id='block_1_119' title="bbox 2530 5393 4109 5465">
    <p class='ocr_par' dir='ltr' id='par_1_119' title="bbox 2530 5393 4109 5465">
     <span class='ocr_line' id='line_1_122' title="bbox 2530 5393 4109 5465; baseline -0.001 -15"><span class='ocrx_word' id='word_1_892' title='bbox 2530 5393 2730 5451; x_wconf 76' lang='lat' dir='ltr'><strong>talaria</strong></span> <span class='ocrx_word' id='word_1_893' title='bbox 2763 5398 3036 5465; x_wconf 70' lang='lat' dir='ltr'><strong>a/ﬁngunt.</strong></span> <span class='ocrx_word' id='word_1_894' title='bbox 3076 5394 3280 5453; x_wconf 88' lang='lat' dir='ltr'><strong>lsacins</strong></span> <span class='ocrx_word' id='word_1_895' title='bbox 3303 5396 3556 5459; x_wconf 83' lang='lat' dir='ltr'><strong>Tzetzes,</strong></span> <span class='ocrx_word' id='word_1_896' title='bbox 3584 5396 3638 5447; x_wconf 91' lang='lat' dir='ltr'><strong>in</strong></span> <span class='ocrx_word' id='word_1_897' title='bbox 3677 5393 4109 5464; x_wconf 73' lang='lat' dir='ltr'><strong>Lchpltronem:</strong></span> 
     </span>
    </p>
   </div>
   <div class='ocr_carea' id='block_1_120' title="bbox 2527 5465 4116 5538">
    <p class='ocr_par' dir='ltr' id='par_1_120' title="bbox 2527 5465 4116 5538">
     <span class='ocr_line' id='line_1_123' title="bbox 2527 5465 4116 5538; baseline -0.001 -18"><span class='ocrx_word' id='word_1_898' title='bbox 2527 5468 2814 5538; x_wconf 85' lang='grc' dir='ltr'>Πάλλαντα</span> <span class='ocrx_word' id='word_1_899' title='bbox 2833 5467 2922 5518; x_wconf 82' lang='grc' dir='ltr'>τὸν</span> <span class='ocrx_word' id='word_1_900' title='bbox 2941 5466 3066 5538; x_wconf 73' lang='grc' dir='ltr'>ἴδιον</span> <span class='ocrx_word' id='word_1_901' title='bbox 3097 5470 3307 5538; x_wconf 84' lang='grc' dir='ltr'>πατέρα</span> <span class='ocrx_word' id='word_1_902' title='bbox 3339 5465 3614 5537; x_wconf 79' lang='grc' dir='ltr'>πτερωτὸν</span> <span class='ocrx_word' id='word_1_903' title='bbox 3645 5465 3978 5538; x_wconf 65' lang='grc' dir='ltr'>ὑπάρχοντα,</span> <span class='ocrx_word' id='word_1_904' title='bbox 4001 5465 4116 5538; x_wconf 76' lang='grc' dir='ltr'>βιά·</span> 
     </span>
    </p>
   </div>
   <div class='ocr_carea' id='block_1_121' title="bbox 2525 5536 4112 5607">
    <p class='ocr_par' dir='ltr' id='par_1_121' title="bbox 2525 5536 4112 5607">
     <span class='ocr_line' id='line_1_124' title="bbox 2525 5536 4112 5607; baseline -0.005 -14"><span class='ocrx_word' id='word_1_905' title='bbox 2525 5539 2686 5603; x_wconf 83' lang='grc' dir='ltr'>ζοντα</span> <span class='ocrx_word' id='word_1_906' title='bbox 2709 5537 2899 5607; x_wconf 81' lang='grc' dir='ltr'>αὐτὴν,</span> <span class='ocrx_word' id='word_1_907' title='bbox 2931 5537 3137 5602; x_wconf 83' lang='grc' dir='ltr'>ἀνεῖλε,</span> <span class='ocrx_word' id='word_1_908' title='bbox 3171 5536 3264 5591; x_wconf 64' lang='grc' dir='ltr'>καὶ</span> <span class='ocrx_word' id='word_1_909' title='bbox 3294 5539 3354 5591; x_wconf 85' lang='grc' dir='ltr'>τὸ</span> <span class='ocrx_word' id='word_1_910' title='bbox 3392 5536 3567 5606; x_wconf 82' lang='grc' dir='ltr'>δέρμα</span> <span class='ocrx_word' id='word_1_911' title='bbox 3607 5536 3772 5590; x_wconf 78' lang='grc' dir='ltr'>αὑτοῦ</span> <span class='ocrx_word' id='word_1_912' title='bbox 3797 5536 3890 5601; x_wconf 72' lang='grc' dir='ltr'><strong>ὡς</strong></span> <span class='ocrx_word' id='word_1_913' title='bbox 3925 5536 4112 5607; x_wconf 67' lang='grc' dir='ltr'>αἰγίδα</span> 
     </span>
    </p>
   </div>
   <div class='ocr_carea' id='block_1_122' title="bbox 2525 5605 4112 5682">
    <p class='ocr_par' dir='ltr' id='par_1_122' title="bbox 2525 5605 4112 5682">
     <span class='ocr_line' id='line_1_125' title="bbox 2525 5605 4112 5682; baseline -0.001 -22"><span class='ocrx_word' id='word_1_914' title='bbox 2525 5605 2898 5682; x_wconf 70' lang='grc' dir='ltr'>περιεϐάλετο,</span> <span class='ocrx_word' id='word_1_915' title='bbox 2930 5609 3020 5682; x_wconf 80' lang='grc' dir='ltr'>καὶ</span> <span class='ocrx_word' id='word_1_916' title='bbox 3046 5610 3114 5661; x_wconf 71' lang='grc' dir='ltr'>τὰ</span> <span class='ocrx_word' id='word_1_917' title='bbox 3158 5610 3334 5678; x_wconf 78' lang='grc' dir='ltr'>πτερὰ</span> <span class='ocrx_word' id='word_1_918' title='bbox 3365 5605 3556 5658; x_wconf 79' lang='grc' dir='ltr'>τούτου</span> <span class='ocrx_word' id='word_1_919' title='bbox 3587 5611 3700 5670; x_wconf 87' lang='grc' dir='ltr'>τοῖς</span> <span class='ocrx_word' id='word_1_920' title='bbox 3731 5611 3888 5661; x_wconf 74' lang='grc' dir='ltr'>ποσὶν</span> <span class='ocrx_word' id='word_1_921' title='bbox 3936 5605 4112 5677; x_wconf 77' lang='grc' dir='ltr'>αὐτῆς</span> 
     </span>
    </p>
   </div>
   <div class='ocr_carea' id='block_1_123' title="bbox 2524 5680 3224 5750">
    <p class='ocr_par' dir='ltr' id='par_1_123' title="bbox 2524 5680 3224 5750">
     <span class='ocr_line' id='line_1_126' title="bbox 2524 5680 3224 5750; baseline -0.004 -17"><span class='ocrx_word' id='word_1_922' title='bbox 2524 5680 2925 5750; x_wconf 52' lang='grc' dir='ltr'>προήρμοσεν.</span> <span class='ocrx_word' id='word_1_923' title='bbox 2955 5680 3224 5732; x_wconf 76' lang='lat' dir='ltr'><strong>CoLLEC&#39;r.</strong></span> 
     </span>
    </p>
   </div>
   <div class='ocr_carea' id='block_1_124' title="bbox 2613 5746 3660 5817">
    <p class='ocr_par' dir='ltr' id='par_1_124' title="bbox 2613 5746 3660 5817">
     <span class='ocr_line' id='line_1_127' title="bbox 2613 5746 3660 5817; baseline -0.001 -14"><span class='ocrx_word' id='word_1_924' title='bbox 2613 5746 3123 5817; x_wconf 58' lang='grc' dir='ltr'>57ΪΚορύϐαντος.</span> <span class='ocrx_word' id='word_1_925' title='bbox 3161 5747 3498 5816; x_wconf 78' lang='grc' dir='ltr'>Κύρὸαντος,</span> <span class='ocrx_word' id='word_1_926' title='bbox 3523 5746 3660 5801; x_wconf 78' lang='lat' dir='ltr'><strong>Nov.</strong></span> 
     </span>
    </p>
   </div>
   <div class='ocr_carea' id='block_1_125' title="bbox 2617 5818 3788 5903">
    <p class='ocr_par' dir='ltr' id='par_1_125' title="bbox 2617 5818 3788 5903">
     <span class='ocr_line' id='line_1_128' title="bbox 2617 5818 3788 5903; baseline 0 0"><span class='ocrx_word' id='word_1_927' title='bbox 2617 5821 2708 5903; x_wconf 56' lang='grc' dir='ltr'><strong>ἕξ)</strong></span> <span class='ocrx_word' id='word_1_928' title='bbox 2740 5820 3172 5903; x_wconf 58' lang='grc' dir='ltr'><strong>ίᾼναρίίῖμητοίτ</strong></span> <span class='ocrx_word' id='word_1_929' title='bbox 3215 5818 3626 5903; x_wconf 54' lang='grc' dir='ltr'><strong>.’έίν⁵ξ»9ίθμητ⁶⁵ι</strong></span> <span class='ocrx_word' id='word_1_930' title='bbox 3645 5819 3788 5903; x_wconf 54' lang='lat' dir='ltr'><strong>:VQ‘.&quot;</strong></span> 
     </span>
    </p>
   </div>
   <div class='ocr_carea' id='block_1_126' title="bbox 2615 5886 4110 5962">
    <p class='ocr_par' dir='ltr' id='par_1_126' title="bbox 2615 5886 4110 5962">
     <span class='ocr_line' id='line_1_129' title="bbox 2615 5886 4110 5962; baseline 0.001 -18"><span class='ocrx_word' id='word_1_931' title='bbox 2615 5886 2704 5962; x_wconf 84' lang='grc'><strong>59)</strong></span> <span class='ocrx_word' id='word_1_932' title='bbox 2740 5886 2918 5960; x_wconf 60' lang='grc' dir='ltr'>Ἄρες.</span> <span class='ocrx_word' id='word_1_933' title='bbox 2951 5886 3173 5948; x_wconf 80' lang='lat' dir='ltr'><strong>Homeri</strong></span> <span class='ocrx_word' id='word_1_934' title='bbox 3203 5886 3301 5956; x_wconf 79' lang='lat'><strong>11.,</strong></span> <span class='ocrx_word' id='word_1_935' title='bbox 3329 5886 3366 5941; x_wconf 86' lang='lat' dir='ltr'><strong>E</strong></span> <span class='ocrx_word' id='word_1_936' title='bbox 3389 5930 3403 5954; x_wconf 91' lang='lat'><strong>,</strong></span> <span class='ocrx_word' id='word_1_937' title='bbox 3433 5886 3573 5947; x_wconf 70' lang='lat' dir='ltr'><strong>vers.</strong></span> <span class='ocrx_word' id='word_1_938' title='bbox 3601 5893 3688 5946; x_wconf 70' lang='lat' dir='ltr'><strong>3i.</strong></span> <span class='ocrx_word' id='word_1_939' title='bbox 3718 5891 3838 5945; x_wconf 71' lang='lat' dir='ltr'><strong>illos</strong></span> <span class='ocrx_word' id='word_1_940' title='bbox 3862 5902 3988 5943; x_wconf 76' lang='lat' dir='ltr'><strong>cum</strong></span> <span class='ocrx_word' id='word_1_941' title='bbox 4021 5902 4110 5945; x_wconf 76' lang='lat' dir='ltr'><strong>tc-</strong></span> 
     </span>
    </p>
   </div>
  </div>
