4456 6564
440 474 539 527 M5

1586 465 2032 524 COHORTATIO
2068 463 2161 518 AD
2197 463 2488 520 GENTES.

3570 462 3673 517 N6

435 585 567 659 ῑλης
594 584 859 655 αἰσθητῆς
886 584 1158 657 αἰσθητόν·
1188 584 1376 655 νοητὸν
1404 581 1460 634 δὲ
1501 579 1563 632 τὸ
1589 580 1810 653 ἀγαλμά
1835 582 2003 646 ἐστιν,
2035 597 2079 653 Α
2112 588 2195 633 aul

1910 596 2003 646 τιν,
2035 597 2079 653 Α
2112 587 2207 633 aut
2230 576 2593 639 daemonibus,
2628 578 2745 643 sed,
2774 592 2842 632 ex
2869 578 3074 648 quibus
3096 584 3349 633 constant
3377 575 3670 637 simulacra

426 681 458 733 6
483 678 635 742 Θεὸς,
665 676 695 727 ὁ
720 675 879 747 μόνος
907 677 1076 743 ὅντως
1121 679 1272 741 Θεός.
1303 674 1415 729 Καὶ
1442 674 1507 744 δὴ
1549 670 1784 743 ἔμπαλιν
1814 674 1874 726 ἐν
1905 671 2004 724 αὒ-

426 770 546 829 ταὶς
572 782 674 818 που
698 768 820 830 ταῖς
860 769 1246 841 περιστάσεσιν
1290 764 1343 816 οἰ
1383 761 1789 834 δεισιδαίμονες,
1819 763 1868 815 oi
1897 759 2006 813 τῶν

425 858 586 911 λίθων
614 862 1008 932 προσκυνηταὶ,
1039 861 1185 933 ἔργῳ
1225 853 1486 927 μαθόντες
1514 855 1832 925 ἀναίσθητον
1872 851 2003 922 ὓλην

429 948 504 1020 μὴ
528 947 726 1014 σέϐειν,
760 951 928 1022 αὐτῆς
954 951 1255 1024 ἡττώμενοι
1293 946 1394 1014 τῆς
1439 948 1645 1018 χρείας,
1674 944 2002 1000 ἀπόλλυνται

428 1039 530 1091 ὑπὸ
580 1039 1024 1114 δεισιδαιμονίας·
1090 1037 1552 1108 καταφρονοῦντες
1595 1038 1640 1092 δ’
1690 1039 1841 1108 ὅμως
1894 1032 2003 1087 τῶν

424 1129 773 1201 ἀγαλμάτων,
813 1132 1096 1203 φαίνεσθαι
1124 1129 1183 1182 δὲ
1214 1127 1289 1199 μὴ
1322 1127 1628 1201 βουλόμενοι
1657 1125 1837 1182 αὐτῶν
1868 1123 2004 1188 ὅλως

425 1224 901 1295 περιφρονοῦντες,
934 1222 1247 1290 ἐλέγχονται
1278 1220 1367 1273 ὑπ’
1395 1221 1574 1276 αὐτῶν
1602 1219 1713 1274 τῶν
1740 1217 1898 1282 θεῶν,
1921 1211 2003 1281 οἷς

421 1307 485 1380 δὴ
516 1311 587 1364 τά
614 1313 902 1385 ἀγάλματα
936 1311 1276 1378 πεφήμισται
1308 1309 1436 1381 (51).
1458 1308 1736 1369 Διονύσιος
1767 1304 1865 1376 μὲν
1893 1306 2001 1377 γὰρ

421 1401 449 1451 ὀ
476 1401 756 1474 τύραννος,
790 1405 819 1455 ὁ
847 1399 1131 1471 νεώτερος,
1162 1399 1436 1473 θοιμάτιον
1465 1401 1526 1454 τὸ
1551 1398 1787 1471 χρύσεον
1818 1413 2002 1469 περιε-

419 1491 641 1563 λόμενος
667 1494 759 1547 τοῦ
780 1493 901 1555 Διὸς
928 1492 987 1543 ἐν
1018 1490 1251 1565 Σικελίᾳ,
1282 1493 1612 1567 προσέταξεν
1640 1488 1789 1559 αὑτῴ
1815 1489 1999 1561 ἐρεοῦν

419 1586 785 1658 περιτιθέναι,
817 1582 1114 1653 χαριέντως
1140 1586 1316 1657 φήσας
1334 1626 1349 1649 ,
1377 1584 1538 1639 τοῦτο
1565 1582 1813 1651 ἄμεινον
1845 1578 1997 1635 εἶναι

418 1674 523 1727 τοῦ
549 1674 828 1743 χρυσίου,
856 1671 954 1724 καὶ
993 1670 1201 1741 θέρους
1243 1675 1628 1743 κουφότερον,
1656 1669 1996 1737 καίκρύους

418 1765 844 1831 ἁλεεινότερον.
889 1764 1153 1835 Ἀντίοχος
1194 1767 1251 1821 δὲ
1281 1766 1391 1837 (52)
1420 1768 1449 1818 ό
1477 1760 1817 1831 Κυζικηνὸς,
1863 1765 1996 1817 ἀπο-

418 1857 512 1928 ροῦ
521 1872 679 1926 μενος
706 1873 809 1925 χρη
820 1854 1024 1925 μάτων,
1043 1857 1136 1909 τοῦ
1165 1858 1286 1921 Διὸς
1311 1857 1372 1909 τὸ
1399 1853 1623 1923 ἄγαλμα
1651 1853 1713 1904 τὸ
1740 1854 1989 1922 χρυσοῦν,

2108 679 2263 726 ιρι-ηε
2302 680 2358 726 et
2404 669 2636 723 artiﬁcio
2682 670 3001 740 persolvunt
3032 670 3109 736 hi,
3147 670 3241 740 qui
3270 669 3403 727 deos
3436 668 3667 728 faciunt.

2105 759 2239 816 Nam
2286 761 2434 817 aliud
2469 768 2617 815 certe
2661 761 2798 815 nihil
2837 771 2921 815 est
2950 761 3337 828 simulacrum,
3376 776 3541 831 quam
3584 762 3673 817 in-

2104 855 2289 908 anima
2328 861 2495 914 terra,
2518 854 2604 907 cui
2623 851 2847 908 artiﬁcis
2878 868 3075 909 manus
3112 852 3345 908 formam
3375 852 3672 922 impressit.

2103 946 2259 1017 Apud
2309 960 2411 1000 nos
2462 952 2641 999 autem
2691 945 2838 999 haud
2887 946 3106 1015 quidem
3150 962 3182 1001 e
3221 944 3411 1001 sensili
3446 945 3673 999 materia

2103 1037 2306 1094 sensile
2345 1034 2728 1101 simulacrum,
2774 1035 2871 1091 sed
2899 1038 3045 1107 quod
3084 1038 3197 1092 sola
3227 1046 3409 1093 mente
3440 1035 3674 1108 percipi-

2101 1141 2209 1197 tur,
2244 1137 2331 1186 est
2356 1127 2501 1183 Deus
2520 1171 2537 1195 ,
2564 1130 2659 1201 qui
2702 1128 2855 1184 solus
2900 1143 3029 1183 vere
3073 1127 3218 1182 Deus
3241 1137 3343 1183 est.
3373 1127 3453 1183 Ac
3476 1140 3672 1182 rursus

2100 1237 2225 1276 cum
2256 1221 2618 1291 superstitiosi
2644 1222 2722 1276 illi
2750 1221 3031 1283 mortales,
3060 1219 3155 1291 qui
3181 1219 3388 1290 lapides
3419 1219 3671 1283 adorant,

2099 1312 2383 1366 adversam
2432 1309 2706 1366 fortunam
2755 1312 2924 1381 passi,
2973 1326 3039 1365 ex
3092 1312 3209 1380 ipsa
3253 1325 3315 1364 re
3359 1307 3671 1372 didicerint,

2098 1402 2245 1473 quod
2274 1401 2497 1455 materia
2519 1417 2715 1457 sensus
2744 1417 2940 1471 expers
2970 1416 3077 1455 non
3098 1402 3169 1456 sit
3190 1406 3250 1465 >14
3271 1399 3475 1455 divinis
3501 1399 3676 1454 hono-

2097 1494 2251 1548 ribus
2272 1491 2571 1556 ailicienda,
2603 1495 2721 1563 ipsa
2750 1491 3078 1547 necessitate
3106 1501 3164 1546 et
3196 1490 3494 1563 indigentia
3518 1490 3672 1557 victi,

2096 1593 2244 1639 metu
2280 1582 2430 1638 falsae
2461 1584 2737 1652 religionis
2762 1584 3019 1639 miseram
3044 1583 3131 1639 sui
3149 1582 3420 1652 jacturam
3452 1582 3674 1651 patiun-

2096 1685 2186 1730 tur
2218 1684 2311 1731 :et
2342 1691 2466 1729 cum
2515 1676 2806 1731 simulacra
2832 1682 3211 1738 contemnant,
3231 1688 3297 1728 ea
3318 1681 3501 1728 tamen
3544 1688 3676 1727 con-

2095 1775 2336 1822 temnere
2364 1766 2533 1821 videri
2558 1767 2749 1828 nolint,
2780 1767 3024 1836 ipsorum
3054 1766 3306 1832 deorum,
3326 1780 3560 1835 quorum
3582 1780 3676 1818 no-

2095 1860 2332 1914 minibus
2363 1859 2623 1928 inscripta
2664 1866 2812 1923 sunt,
2837 1856 3150 1912 infortuniis
3180 1866 3237 1911 et
3268 1856 3675 1913 calamitatibus

416 1947 806 2001 πεντεκαίδεκα
853 1946 1041 2017 πηχῶν
1068 1948 1130 2001 τὸ
1161 1948 1390 2019 μέγεθος
1417 1945 1499 2009 ὃν,
1543 1943 1845 2014 προσέταξε
1887 1962 1991 2015 χω-
2020 1951 2063 2005 Β
2092 1968 2176 2021 ιιι-ε

1913 1962 1991 2013 ζω-
2020 1951 2063 2005 Β
2092 1959 2413 2021 arguuntur.
2445 1949 2580 2004 Nam
2610 1948 2907 2019 Dionysius
2935 1958 3197 2019 tyrannus
3221 1948 3429 2017 jnnior,
3462 1962 3586 2002 cum
3617 1945 3673 2001 in

415 2039 623 2099 νεῦσαι,
654 2038 748 2090 καὶ
774 2038 873 2108 τῆς
900 2039 1065 2110 ἄλλης
1098 2040 1200 2110 τῆς
1243 2037 1574 2109 ἀτιμοτέρας
1614 2036 1745 2106 ὕλης
1772 2036 1991 2109 ἄγαλμα

415 2128 795 2200 παραπλήσιον
837 2131 1049 2201 ἐκείνῳ,
1098 2130 1352 2193 πετάλοις
1395 2129 1828 2198 κεχρυσωμένον,
1857 2131 1989 2183 ἀνα-

415 2222 586 2275 θεῖναι
618 2221 796 2274 πάλιν.
825 2224 887 2275 Ai
932 2222 988 2275 δὲ
1028 2222 1291 2293 χελιδόνες
1336 2220 1469 2291 (55),
1505 2220 1600 2273 καὶ
1643 2220 1751 2273 τῶν
1788 2221 1988 2292 ὀρνέων

414 2313 481 2365 τὰ
512 2313 757 2376 πλεῖστα,
801 2313 1212 2386 κατεξαιροῦσιν
1240 2311 1351 2383 (54)
1382 2310 1560 2363 αὐτῶν
1601 2310 1710 2363 τῶν
1738 2311 1989 2382 ἀγαλμά-

414 2421 520 2456 των
547 2405 923 2475 εἰσπετόμενα,
951 2406 1101 2458 οῦδὲν
1147 2404 1510 2476 φροντίσαντα
1540 2400 1664 2454 οὔτε
1693 2403 1985 2474 Ὀλυμπίου

413 2494 554 2557 Διδς,
589 2494 712 2548 οὔτε
754 2496 1099 2567 Ἐπιδαυρίου
1130 2492 1483 2564 Ἀσκληπιοῦ,
1514 2492 1635 2545 οὐδὲ
1684 2492 1789 2564 μὴν
1828 2493 1987 2565 Ἀθη-

414 2590 509 2649 νᾶς
528 2588 802 2652 Πολιάδος,
835 2589 867 2658 ἦ
900 2586 1203 2658 Σαράπιδος
1242 2584 1559 2653 Αἰγυπτίου·
1609 2585 1739 2654 παρ’
1766 2576 1841 2637 ὧν
1867 2586 1987 2639 οὐδὲ

414 2680 590 2731 αὐτῶν
615 2679 712 2750 τὴν
732 2679 1091 2749 ἀναισθησίαν
1118 2676 1225 2729 τῶν
1248 2675 1579 2744 ἀγαλμάτων
1597 2674 1984 2745 ὲκμανθάνετε.

426 2769 562 2821 Ἀλλ’
593 2770 699 2822 εἰσὶ
729 2771 827 2839 μὲν
855 2767 1153 2838 κακοῦργοί
1198 2783 1345 2829 τινες
1373 2766 1405 2837 ἢ
1449 2767 1697 2838 πολέμιοι
1727 2767 1987 2839 ἐπιθέμε-

410 2878 511 2925 νοι,
540 2862 589 2914 οἳ
618 2861 683 2913 δι’
729 2860 1171 2931 αἰσχροκέρδειαν
1211 2859 1452 2929 ἐδῄωσαν
1497 2858 1567 2911 τὰ
1614 2858 1753 2930 ἱερὰ,
1782 2861 1878 2912 καὶ
1920 2859 1991 2913 τὰ

2092 2042 2273 2096 Sicilia
2300 2057 2525 2095 auream
2550 2049 2755 2095 vestem
2785 2038 2907 2093 Jovi
2936 2039 3287 2104 detraxisset,
3331 2038 3498 2108 jussit
3546 2053 3674 2092 cum

2090 2132 2241 2186 indui
2271 2133 2447 2194 lanea,
2473 2131 2646 2187 facete
2668 2133 2876 2197 dicens,
2900 2146 3019 2185 eam
3042 2146 3154 2184 esse
3182 2146 3342 2183 aurea
3369 2128 3674 2183 meliorem:

2090 2232 2147 2275 ut
2163 2239 2280 2292 qua
2290 2233 2421 2276 esset
2437 2233 2620 2276 testate
2637 2223 2818 2289 levior,
2840 2232 2889 2275 et
2911 2222 3077 2275 hieme
3097 2220 3346 2276 calidior.
3366 2216 3675 2275 Antiochus

2090 2320 2272 2365 autem
2315 2311 2641 2382 Cyziccnus,
2689 2327 2815 2364 cum
2864 2320 3049 2379 egeret
3095 2312 3367 2380 pecunia,
3394 2309 3548 2365 lovis
3576 2324 3676 2362 au-

2088 2419 2237 2457 ream
2283 2411 2523 2457 statuam
2551 2443 2567 2467 ,
2619 2418 2743 2472 qua:
2791 2401 3109 2471 quindecim
3162 2403 3475 2456 cubitorum
3534 2409 3674 2462 erat.

2089 2495 2243 2549 fundi
2270 2493 2460 2564 jussit,
2492 2503 2548 2548 et
2591 2509 2661 2547 ex
2709 2493 2815 2547 alia
2854 2494 3035 2549 viliori
3071 2493 3300 2547 materia
3332 2500 3570 2547 statuam
3597 2490 3673 2547 illi

2088 2587 2361 2653 similem,
2416 2587 2638 2641 laminis
2691 2586 3035 2650 inauratam,
3097 2585 3216 2655 ejus
3274 2585 3395 2640 loco
3461 2585 3673 2653 reponi.

2087 2677 2401 2743 Quinetiam
2450 2678 2798 2742 hirundines,
2834 2678 3064 2748 aliazque
3104 2692 3230 2732 aves
3258 2675 3672 2747 quamplurian

2087 2770 2439 2836 advolantes,
2496 2770 2646 2825 alvos
2703 2771 2758 2823 in
2813 2771 2930 2839 ipsa
2998 2768 3290 2823 simulacra
3349 2775 3670 2832 exonerant,

2092 2859 2239 2914 nulla
2277 2861 2486 2914 ratione
2533 2860 2739 2924 habita,
2774 2870 2868 2915 aut
2905 2859 3139 2930 Olympii
3184 2858 3357 2925 Jovis,
3406 2867 3504 2913 aut
3546 2858 3668 2927 Epi-

409 2951 731 3021 ἀναθήματα
778 2950 1081 3019 ἐσύλησαν,
1130 2949 1164 3019 ἢ
1213 2951 1307 3002 καὶ
1352 2950 1492 3002 αῦτά
1556 2948 1861 3020 ἐχώνευσαν
1920 2950 1993 3003 τά
2090 2952 2169 3006 ἀοι

1920 2950 1993 3003 τά
2090 2952 2269 3006 daurii
2300 2951 2623 3021 .Escnlapii,
2649 2961 2745 3005 aut
2782 2952 3037 3006 Minerva:
3064 2950 3308 3005 Poliadis
3327 2991 3341 3015 ,
3370 2960 3466 3003 aut
3508 2948 3669 3002 Sara-

410 3041 721 3109 ἀγὰλματα·
764 3043 857 3093 καὶ
896 3043 943 3094 εἰ
992 3038 1297 3110 Καμϐύσης
1328 3039 1439 3110 (55)
1466 3057 1573 3103 τις,
1605 3041 1638 3112 ἢ
1685 3042 1924 3113 Δαρεῖος,
1954 3040 1989 3112 ἢ
2090 3044 2170 3113 pid

1909 3081 1924 3105 ,
1954 3040 1989 3112 ἢ
2090 3043 2233 3113 pidis
2282 3041 2558 3114 Egyptii;
2594 3058 2625 3096 a
2665 3043 2867 3113 quibus
2911 3043 3077 3096 etiam
3127 3042 3261 3111 ipsis
3302 3056 3401 3094 vos
3440 3040 3669 3094 necdum

409 3131 566 3195 ἄλλος
596 3132 916 3202 μαινόμενος
956 3131 1177 3184 τοιαῦτα
1213 3132 1350 3184 ἄττα
1393 3133 1751 3203 ἐπεχείρησεν
1773 3174 1787 3197 ,
1820 3136 1914 3187 καὶ
1941 3134 1989 3185 εἰ
2089 3135 2169 3190 did

1907 3134 1989 3187 ,εἰ
2089 3135 2362 3190 didicistis
2408 3134 2702 3189 simulacra
2743 3150 2866 3189 esse
2913 3148 3079 3189 sensu
3128 3132 3342 3202 penitus
3387 3131 3667 3186 destituta.

409 3224 501 3276 τὸν
531 3223 820 3290 Αἰγύπτιόν
847 3239 932 3286 τις
971 3224 1291 3276 ἀπέκτεινεν
1324 3224 1508 3288 Ἆπιν,
1553 3223 1693 3291 γελῶ
1741 3224 1860 3294 μὲν,
1908 3226 1989 3277 ὃτι

410 3313 500 3365 τδν
531 3310 652 3363 θεὸν
682 3311 999 3363 ἀπέκτεινεν
1027 3310 1228 3371 αὐτῶν,
1260 3309 1549 3376 ἀγανακτῶ
1578 3310 1655 3371 δὲ,
1686 3312 1734 3362 εἰ
1763 3310 1987 3381 κέρδους
2015 3297 2057 3355 (ἶ

410 3404 567 3475 χάριν
610 3402 971 3473 ἐπλημμέλει.
1015 3402 1184 3455 Ἐκών
1211 3399 1303 3456 οῦν
1330 3402 1630 3473 ἐκλήσομαι
1675 3403 1839 3471 τῆσδε
1884 3404 1986 3473 τῆς

411 3492 776 3563 κακουργίας,
832 3491 1142 3556 πλεονεξίας
1198 3493 1369 3564 ἔργα.
1427 3479 1544 3563 obii
1596 3493 1652 3546 δὲ
1698 3495 1985 3566 ἀδρανείας

409 3584 515 3636 τῶν
552 3583 780 3636 εἰδώλων
820 3584 1035 3653 ἔλεγχον
1072 3584 1325 3655 νομίζων.
1371 3584 1506 3637 ’Λλλ’
1545 3583 1727 3652 οῦτιγε
1772 3586 1834 3637 τὸ
1873 3586 1983 3657 πῦρ

411 3677 503 3727 καί
539 3678 587 3727 οἱ
628 3677 840 3744 σεισμοὶ
880 3676 1154 3744 κερδαλέοι
1204 3676 1308 3744 (56)
1332 3717 1346 3739 ,
1393 3677 1512 3728 οὐδὲ
1554 3676 1658 3745 μὴν
1695 3676 1983 3745 φοϐοῦνται

411 3765 443 3835 ἦ
482 3765 873 3827 δυσωποῦνται,
903 3768 963 3820 οὐ
994 3768 1119 3830 τοῦς
1148 3768 1423 3837 δαίμονας,
1449 3767 1507 3819 οῦ
1554 3766 1622 3818 τὰ
1670 3768 1979 3838 ἀγάλματα,

485 3882 542 3938 s14
578 3874 637 3927 P.
667 3876 735 3929 46
769 3875 873 3929 ED.
905 3874 1203 3932 POTTER.

412 3989 595 4052 luere;
621 3990 700 4042 sic
722 3989 883 4041 hozlic
902 3988 1229 4044 Christianis
1258 3991 1467 4043 nullum
1503 3990 1858 4059 intelligibilis
1888 3990 1978 4046 Dei

410 4061 761 4114 simulacrum
789 4075 910 4113 esse
940 4060 1180 4127 scripsit,
1211 4061 1303 4113 sed
1337 4060 1666 4127 intelligihile
1695 4063 1979 4126 duntaxat,

409 4146 532 4183 eum
580 4128 785 4182 sriiicvt
820 4132 901 4191 (ιιι
956 4130 1204 4197 equidem
1244 4132 1439 4193 sentio,
1478 4146 1599 4182 nam
1649 4131 1752 4182 huc
1799 4148 1826 4182 a
1858 4132 1983 4184 Cle-

413 4207 591 4253 mente
640 4214 747 4251 non
798 4199 1132 4267 explicatur)
1184 4200 1277 4267 qui
1328 4216 1513 4252 revera
1562 4200 1673 4267 ipse
1700 4198 1843 4254 Deus
1874 4214 1978 4267 est,

411 4268 604 4321 Filium
645 4267 738 4321 Dei
772 4268 1133 4336 unigenitum.
1164 4269 1432 4323 COLLECT.

481 4338 591 4406 (fil)
620 4334 1005 4407 Πεφήμισῖται.
1055 4338 1535 4407 Ἑπιπεφήμισται,
1558 4334 1693 4389 Nov.

481 4407 591 4473 (5-2.)
633 4406 926 4475 Ἀντίοχος
968 4407 1053 4460 δέ.
1088 4406 1396 4469 Arnobius,
1429 4407 1519 4459 lib.
1555 4422 1603 4457 Vl
1639 4416 1820 4460 contra
1845 4407 1982 4463 Gen-

412 4484 487 4527 les
521 4492 538 4529 :
562 4477 877 4529 Antiochum
908 4476 1224 4545 Cyzicenum
1254 4479 1424 4544 [erunt
1446 4476 1741 4544 quindecim
1772 4483 1981 4532 cubito-

408 4560 526 4619 sunt
562 4546 663 4611 (sic
690 4547 848 4619 enim
880 4547 933 4599 in
970 4546 1211 4599 Romana
1245 4546 1481 4619 editione
1521 4558 1828 4601 correctum
1872 4556 1976 4619 est)

2090 3226 2497 3296 Nonnunquam
2527 3226 2690 3281 etiam
2719 3241 2749 3280 a
2782 3224 3095 3295 praedonum
3120 3224 3205 3278 vel
3229 3224 3466 3279 hostium
3501 3236 3668 3278 manu

2091 3319 2393 3388 irruptione
2444 3317 2609 3381 facta,
2659 3318 2881 3372 incensa
2909 3318 3131 3386 templa,
3171 3316 3397 3369 donaria
3435 3314 3667 3385 direpta,

2086 3413 2201 3479 ipsa
2222 3410 2387 3464 etiam
2408 3410 2701 3465 simulacra
2724 3410 2901 3478 turpis
2926 3408 3061 3463 lucri
3086 3408 3260 3478 gratia
3287 3407 3492 3477 liquata
3516 3414 3664 3461 sunt.

2084 3501 2238 3567 Quod
2264 3502 2311 3555 si
2336 3499 2633 3571 Cambyses
2659 3501 2881 3570 aliquis,
2912 3501 2995 3555 vel
3034 3499 3252 3564 Darius,
3283 3501 3492 3554 aliusve
3517 3500 3667 3569 quis-

2083 3595 2227 3661 piam
2254 3595 2481 3647 insanus
2509 3592 2821 3662 hujusmodi
2856 3592 3073 3645 facinus
3102 3592 3322 3661 aliquod
3356 3591 3664 3655 tentarerit,

2089 3687 2194 3756 16
2222 3696 2318 3739 aut
2349 3684 2663 3757 [Egyptium
2723 3684 2863 3754 Apin
2913 3684 3177 3739 occiderit
3207 3704 3219 3739 :
3247 3687 3395 3755 quod
3443 3686 3664 3755 quidem

2086 3778 2326 3846 ipsorum
2376 3777 2536 3830 deum
2579 3776 2876 3842 occiderit,
2922 3777 3092 3831 risum
3146 3776 3280 3830 mihi
3323 3786 3662 3841 commovet;

2083 3992 2299 4029 suorum
2346 3975 2683 4037 simillimas,
2730 3990 2832 4028 non
2878 3974 3185 4037 adoramus,
3221 3990 3353 4043 quas
3398 3973 3565 4038 milri,
3612 3984 3662 4027 et

2084 4064 2281 4107 mures,
2312 4058 2361 4099 et
2392 4060 2602 4097 aranea:
2651 4043 2978 4124 intelligunt,
3020 4060 3189 4124 nonne
3231 4043 3444 4124 laudent
3493 4047 3662 4124 magis

2082 4133 2239 4185 quam
2287 4132 2493 4185 poenam
2540 4114 2835 4185 merebatur
2881 4114 3159 4182 repudium
3207 4116 3375 4183 agniti
3425 4114 3665 4168 erroris!

2084 4184 2602 4249 Minntius,0clavio
2627 4204 2639 4238 :
2661 4184 2868 4248 Quanto
2900 4186 3070 4237 verius
3107 4185 3170 4237 de
3205 4186 3307 4237 diis
3336 4185 3520 4237 castris
3545 4186 3663 4235 ani-

2083 4257 2245 4308 malia
2270 4266 2413 4308 muta
2442 4256 2763 4307 naturaliter
2784 4254 3076 4322 judicant?
3106 4270 3298 4315 mures,
3332 4255 3662 4318 hirundines,

2081 4325 2253 4387 milvi,
2285 4342 2386 4378 non
2423 4326 2615 4377 sentire
2649 4341 2734 4376 eos
2768 4324 2976 4389 sciunt,
3008 4322 3222 4388 rodunt,
3251 4324 3540 4385 inculcant,
3577 4324 3663 4375 in-

2081 4397 2275 4454 sident.
2306 4413 2367 4447 ac
2392 4395 2746 4462 nisi.abigatis
2769 4432 2785 4455 ,
2818 4394 2873 4445 in
2901 4395 3012 4461 ipso
3045 4393 3131 4445 dei
3166 4395 3322 4446 restri
3354 4408 3443 4445 ore
3477 4393 3663 4461 nidiﬁ-

2081 4475 2226 4527 cant,
2262 4476 2366 4519 etc.
2397 4462 2556 4517 Conf.
2590 4464 2897 4526 Arnobius,
2930 4463 3021 4514 lib.
3056 4477 3107 4513 vr
3134 4479 3149 4524 ;
3196 4462 3533 4525 Lactantius,
3560 4463 3656 4517 lib.

2080 4550 2143 4599 ιι,
2180 4550 2300 4602 cap.
2332 4536 2401 4599 4;
2433 4534 2792 4599 Augustinus,
2825 4532 2879 4602 in
2917 4531 3532 4602 psahntcxinasimile
3572 4540 3660 4587 est

406 4601 585 4693 Jovem
611 4615 921 4693 tax-delubro
949 4632 1167 4693 aureum
1207 4614 1498 4693 sustulisse.
1526 4624 1574 4693 et
1608 4631 1672 4693 ea:
1707 4632 1811 4693 agre
1845 4601 1971 4693 bra:
2000 4640 2042 4693 ο
2077 4605 2166 4658 ῖίίυ

1788 4634 1811 4669 ε
1845 4601 1971 4693 bar;
2000 4640 2042 4693 D
2077 4605 2210 4658 illud
2239 4601 2443 4657 lloratii
2475 4604 2568 4655 lib.
2608 4618 2646 4667 I,
2679 4611 2785 4658 sat.
2816 4601 2871 4666 8,
2907 4617 3049 4655 vers.
3076 4601 3167 4668 57,
3200 4601 3276 4654 De
3300 4601 3500 4671 Priapo
3530 4616 3548 4654 :

406 4684 586 4758 cteolis
611 4682 943 4758 substituisse
972 4687 1225 4758 furatum.
1260 4683 1508 4758 Fuit_liic
1534 4684 1833 4742 Antiochus
1866 4687 1967 4758 Sy-

407 4754 501 4824 ria:
550 4768 676 4824 rex,
724 4752 925 4810 Sidetis
973 4752 1155 4816 filius;
1192 4754 1542 4824 regnavitque
1590 4769 1765 4824 annos
1814 4752 1969 4811 xviii.

405 4821 928 4894 !UStt|)ilus,_Attlt'q.
980 4825 1074 4879 lib.
1124 4821 1416 4893 xmfcap.
1455 4821 1567 4891 19;
1603 4823 1869 4880 Eusebius
1919 4838 1973 4882 et

405 4890 675 4945 Justinus.
709 4890 897 4947 Paulo'
928 4905 1051 4961 post
1092 4894 1297 4948 Arnob.
1332 4890 1552 4949 secutus
1600 4903 1683 4947 est
1722 4894 1965 4951 Clemen-

410 4972 538 5034 tem,
567 4961 842 5034 qui_ante_
883 4966 1071 5020 tribuit
1115 4965 1323 5033 juniori
1375 4963 1648 5034 Dionysio,
1683 4965 1829 5032 quod
1878 4968 1972 5021 alii

407 5028 632 5087 seniori.
678 5028 914 5095 Deinde,
951 5047 1011 5086 ut
1058 5028 1211 5088 notat
1255 5034 1317 5088 P.
1350 5028 1653 5097 Victorius,
1701 5028 1800 5090 lib.
1838 5053 1969 5101 χχι,

404 5118 525 5178 cap.
558 5101 643 5164 10,
676 5101 887 5178 Cicero,
915 5103 1019 5178 lih_._
1044 5119 1103 5155 ιιι
1130 5103 1206 5157 De
1247 5106 1556 5178 nat.‘_deo_r.,
1591 5103 1643 5157 id
1680 5103 1882 5178 factum
1914 5108 1969 5162 in

409 5171 781 5243 Prloponneso
824 5171 1213 5243 ait-,_Cl_emens
1246 5177 1298 5228 in
1344 5175 1525 5229 Sicilia
1561 5190 1576 5227 :
1618 5173 1712 5230 sed
1754 5192 1968 5243 vereor,

406 5238 616 5315 inquit,
662 5257 728 5294 ne
770 5238 969 5315 boc_M.
1003 5240 1181 5315 Tullio
1221 5244 1579 5315 imposuerit,
1598 5245 1741 5312 quod
1788 5238 1971 5315 legens

406 5308 511 5384 hoc
539 5308 989 5384 factumuiinfano
1036 5308 1186 5365 Jovis
1231 5308 1484 5384 0|:vmpii.
1534 5308 1966 5383 Oli—dignitatem

405 5379 780 5451 P.|uponnesii
834 5379 947 5451 fani
993 5383 1193 5451 putarit
1237 5379 1788 5451 id'in'l’cloponne'so
1819 5402 1969 5440 eom-

404 5449 652 5524 tniss'unl.
681 5452 782 5524 ξος]
814 5453 865 5504 in
897 5449 1079 5503 Sicilia
1108 5466 1323 5519 quoque
1348 5453 1496 5508 Jovis
1516 5449 1746 5524 Oiympii
1780 5457 1966 5509 fanum

404 5517 573 5573 fuisse
600 5519 664 5574 T.
698 5521 884 5575 Livius
914 5530 1103 5573 auctor
1131 5517 1250 5576 est.
1272 5524 1363 5577 lib.
1406 5542 1529 5579 sxw
1553 5517 1969 5583 z'et'Diodorus

405 5587 645 5661 Siculus.
695 5590 958 5644 Liberalis
1004 5591 1244 5661 Dionysii
1296 5598 1454 5648 vertit
1501 5594 1759 5647 llervetns
1807 5598 1967 5661 paulo

404 5668 525 5781 sust
572 5658 743 5713 Crine.
792 5661 1041 5716 Διονύσου
1090 5660 1183 5713 τοῦ
1244 5661 1617 5735 Ἐλευθερέως.
1647 5658 1958 5719 Arnobius:

439 5726 507 5779 ’bi
536 5726 691 5780 Liber
733 5729 1061 5781 Eleutherius
1093 5747 1209 5781 cum
1249 5733 1503 5781 Athenis?
1533 5738 1611 5781 Ali
1643 5735 1958 5781 Eleuther-ig

439 5726 507 5803 ibi
536 5726 691 5803 [iiber
721 5729 1061 5803 AEleutIterius
1093 5726 1503 5803 enutrit/teni»?
1532 5726 1611 5788 Ah
1642 5735 1961 5803 Eleuther-is,

404 5796 801 5874 υτίιιὶἰίωοιιιε,
833 5802 990 5874 cujus
1022 5801 1560 5874 αἰγίς-Ἐλευθερεύς.
1586 5798 1855 5861 COLLE’CT.

472 5868 581 5945 (53)
605 5871 673 5945 Al
704 5868 772 5921 δὲ
805 5868 1127 5939 χελιδόνες.
1146 5868 1487 5937 Tertulliaii.,
1515 5876 1689 5945 Αροί..
1714 5892 1833 5945 cap.
1864 5879 1960 5932 ιεε

407 5939 577 6008 Igitur
610 5940 655 5992 si
701 5952 939 6008 statuat,
972 5953 1020 5996 et
1068 5944 1317 6012 imagines
1366 5939 1590 6015 frigidas
1638 5939 1961 6003 mortuorum

2148 4718 2376 4773 Mentior
2404 4727 2459 4770 at
2489 4719 2535 4771 si
2564 4715 2714 4787 quid,
2744 4719 2939 4773 merdis
2964 4728 3121 4788 caput
3146 4719 3390 4787 inquiner
3415 4720 3550 4775 albis

2146 4789 2450 4843 Carnorum.

2144 4902 2253 4973 (54)
2296 4901 2790 4975 Κᾳῗτεξαιροῦσιν.
2844 4904 2999 4971 Quod
3043 4906 3239 4975 saepius
3291 4904 3497 4960 dictum
3545 4913 3650 4971 est,

2073 4991 2128 5026 αι
2156 4983 2210 5027 et
2238 4990 2263 5026 ε
2287 4988 2316 5025 a
2341 4973 2581 5043 librariis
2613 4974 2875 5028 confundi
2907 4976 3099 5037 solere,
3118 4973 3184 5029 'id
3220 4977 3322 5029 hoc
3355 4976 3475 5029 loco
3498 4991 3656 5043 τερε-

2074 5044 2326 5107 tendum;
2360 5058 2483 5095 nam
2513 5042 2766 5099 Clemens
2796 5045 2985 5113 procul
3013 5045 3179 5099 dubio
3206 5046 3425 5112 scripsit
3452 5042 3651 5111 κατεξο

2072 5115 2296 5184 ερῶσιν,
2321 5114 2495 5165 alvum
2517 5126 2799 5167 exonerant
2836 5115 2888 5166 in
2920 5116 3247 5169 simulacra:
3278 5116 3358 5171 sic
3386 5116 3439 5170 in
3482 5114 3649 5170 Ranis

2071 5184 2458 5250 Aristophanes
2488 5185 2749 5254 κατατιλᾷ
2776 5184 2883 5235 τῶν
2920 5185 3238 5240 Ἑκαταίων.

2141 5254 2249 5327 (55)
2274 5253 2935 5327 Καμᾷύσηςηῌειλοιίοιιιε
2960 5254 3055 5309 lih.
3081 5271 3137 5309 ιιι
3163 5255 3346 5322 refert,
3370 5260 3648 5327 quomodo

2069 5325 2364 5393 Cambyses
2412 5324 2553 5390 Apin
2602 5324 2911 5393 IEgyptium
2966 5327 3245 5381 occiderit.
3291 5324 3433 5393 Quin
3480 5331 3644 5383 etiam

2070 5394 2203 5466 satis
2224 5402 2409 5445 notum
2433 5402 2538 5455 est,
2564 5394 2776 5466 Persas,
2796 5409 2919 5466 cum
2946 5394 3209 5449 Graeciam
3233 5399 3642 5466 Oppugnabant,

2070 5464 2229 5517 obvia
2257 5478 2485 5530 quaeque
2530 5464 2726 5532 templa
2767 5464 3142 5520 combussisse
3176 5486 3186 5518 :
3233 5464 3426 5521 Cieero
3468 5469 3563 5521 lih.
3604 5485 3641 5523 ιι

2075 5533 2144 5585 De
2169 5532 2387 5604 legibus
2415 5547 2433 5584 :
2470 5532 2581 5586 Nec
2610 5549 2825 5604 sequor,
2854 5535 3062 5604 inquit.
3110 5551 3287 5603 magos
3328 5537 3637 5604 Persarum,

2067 5600 2252 5672 quibus
2272 5604 2576 5675 auctoribus
2596 5600 2794 5675 Xerxes
2822 5600 3178 5675 inﬂammasse
3198 5600 3642 5675 leiiiplaTGra'citz

2067 5674 2282 5747 dicitur,
2310 5672 2447 5741 quod
2477 5673 2759 5741 parietibus
2779 5672 3116 5747 Aincluderent
3138 5677 3283 5739 deos,
3308 5672 3499 5747 quibus
3526 5694 3637 5731 omo

2068 5746 2155 5796 nia
2183 5742 2425 5795 deberent
2449 5759 2558 5797 esse
2587 5745 2824 5811 patentia
2852 5756 2902 5799 et
2928 5745 3111 5797 libera.

2137 5812 2245 5886 (ὅθ)
2272 5815 2515 5886 ξεισέιοὶ
2550 5813 2859 5879 κερδαλέα
2902 5816 3178 5886 Lowtliius
3200 5818 3403 5870 mavult
3428 5822 3634 5886 σεισμοὶ

2069 5882 2403 5957 σμερδαλέοι.
2425 5882 2618 5957 Verum
2644 5887 2899 5957 σεισμοὺς
2928 5885 3243 5957 κερδαλέους
3264 5889 3421 5953 dixit,
3447 5882 3639 5957 querno

2066 5954 2352 6007 admodum
2388 5956 2550 6023 paulo
2585 5965 2705 6023 post
2735 5954 2845 6028 πῦρ
2876 5956 3200 6025 σωφρονοῦν.
