4456 6564
791 441 880 494 171

1907 438 2302 496 CLEMENTIS
2344 438 2819 495 ALEXANDRINI

3953 447 4054 502 I72

787 572 986 611 numen
1011 574 1252 625 omnem,
1285 561 1634 630 quantumvis
1667 560 1825 613 vilem
1854 569 1908 615 et
1933 562 2219 632 abjectam,
2252 577 2371 616 ma-
2401 572 2444 626 Α
2474 561 2547 614 Θει

2291 577 2371 616 ia-
2401 572 2444 626 Α
2474 561 2604 614 Θεὸν
2652 563 3084 636 ὑπολαμϐάνων,
3131 565 3292 628 αὐτὸς
3341 567 3488 637 αὐτῷ
3541 566 3938 640 περιπείρεται.
3995 566 4051 620 'C

787 650 980 704 teriam
1015 653 1329 722 pervadere,
1375 653 1644 721 insignem
1677 667 1806 706 sane
1854 663 2041 708 notam
2087 651 2371 707 dedecoris

785 742 1142 812 philosophiae
1176 745 1592 812 impresseruut.
1632 744 1738 800 Nec
1768 759 1896 797 vero
1923 747 2213 799 molestum
2244 745 2369 808 erit,

788 845 847 890 ut
868 838 1122 900 arbitror,
1142 850 1276 890 cum
1304 837 1372 889 ad
1397 837 1542 890 hunc
1585 837 1761 892 locum
1786 837 2146 905 pervenerim,
2169 836 2369 889 memi-

787 929 935 983 nisse
948 927 1112 982 etiam
1131 927 1638 998 Peripateticorum.
1655 928 1824 997 Cujus
1841 937 2002 983 sectae
2018 937 2167 998 pater
2182 943 2366 982 rerum

785 1019 1032 1073 omnium
1063 1030 1270 1090 patrem
1305 1021 1585 1088 ignorans.
1623 1035 1771 1085 eum,
1802 1019 1894 1088 qui
1922 1035 2196 1090 supremus
2232 1019 2370 1074 dici-

783 1120 895 1176 tur,
919 1110 1158 1165 animam
1189 1126 1308 1166 esse
1339 1111 1579 1165 universi
1629 1111 1952 1166 existimat:
1983 1113 2225 1180 adeoque
2253 1111 2368 1164 ani-

785 1219 932 1259 mam
974 1205 1138 1274 hujus
1167 1205 1355 1259 mundi
1393 1219 1493 1274 pro
1525 1204 1636 1260 Deo
1667 1205 1893 1267 habens,
1925 1205 2042 1274 ipse
2083 1221 2112 1259 a
2143 1220 2199 1258 sc
2237 1217 2369 1257 con-

786 1297 1010 1354 foditur.
1037 1298 1247 1352 Etenim
1278 1299 1552 1353 manil‘esli
1577 1299 1782 1353 erroris
1806 1300 2077 1368 arguitur,
2101 1297 2215 1368 qui,
2241 1311 2367 1349 cum

784 1388 1182 1458 providentiam
1230 1387 1371 1442 intra
1440 1389 1581 1441 lunae
1633 1386 1820 1440 orbem
1880 1385 2137 1450 deﬁniat,
2187 1391 2368 1435 tamen

786 1482 1048 1536 mundum
1097 1496 1216 1535 esse
1261 1480 1430 1533 Deum
1474 1478 1699 1542 statuit;
1733 1493 1799 1532 ac
1845 1477 2072 1546 proinde
2103 1490 2249 1537 eum,
2277 1473 2371 1543 qui

2472 652 2580 724 γάρ
2618 669 2701 704 τοι
2739 655 2902 726 μέχρι
2931 656 3028 726 τῆς
3061 655 3287 724 σελήνης
3316 655 3485 723 αὐτῆς
3517 655 3764 728 διορίζων
3790 657 3890 725 τὴν
3920 652 4053 724 πρό-

2469 759 2637 804 νοιαν,
2667 743 2858 796 ἔπειτα
2897 745 2987 797 τὸν
3035 745 3236 814 κόσμον
3264 742 3396 795 Θεὸν
3435 745 3758 815 ἡγούμενος,
3787 743 4050 816 περιτρέ-

2469 851 2648 896 πεται,
2689 833 2782 885 τὸν
2823 835 3051 908 ἄμοιρον
3093 836 3186 889 τοῦ
3227 832 3360 887 Θεοῦ
3404 833 3536 886 Θεὸν
3581 836 3940 907 δογματίζων.
3993 833 4052 887 ’0

2467 927 2524 980 δὲ
2561 924 2802 996 Ἐρέσιος
2828 927 3034 991 ἐκεῖνος
3059 928 3422 1000 Θεόφραστος,
3439 927 3467 978 ὁ
3495 926 3898 996 Ἀριστοτέλους
3919 927 4054 999 γνώ-

2469 1036 2644 1090 ριμος,
2673 1017 2748 1087 πὴ
2783 1016 2882 1086 μὲν
2911 1020 3159 1090 οὐρανὸν,
3199 1020 3274 1090 πὴ
3302 1017 3358 1071 δὲ
3389 1015 3610 1087 πνεῦμα
3633 1017 3726 1070 τὸν
3755 1019 3888 1074 Θεὸν
3920 1021 4054 1074 ὑπο-

2473 1114 2601 1164 νοεῖ.
2639 1108 2962 1179 Ἐπικούρου
2989 1111 3089 1180 μὲν
3110 1111 3219 1184 γὰρ
3249 1111 3406 1183 μόνου
3432 1109 3528 1162 καὶ
3557 1107 3698 1162 ἑκὼν
3725 1111 4050 1184 ὲκλήσομαι,

2469 1203 2530 1267 ὃς
2555 1201 2674 1255 οὐδὲ
2706 1199 2886 1270 μέλειν
2915 1199 3028 1270 (51)
3064 1202 3236 1256 οἴεται
3272 1202 3350 1272 τῷ
3386 1201 3522 1272 Θεῷ,
3554 1200 3642 1254 διὰ
3683 1200 3899 1256 πάντων
3924 1208 4051 1259 ἀσε-

2469 1293 2598 1346 6ῶν.
2631 1293 2696 1344 Τί
2723 1291 2832 1361 γὰρ
2870 1290 3228 1362 Ἡρακλείδης
3255 1295 3284 1345 ὁ
3330 1291 3617 1356 Ποντικός;
3645 1291 3760 1344 Οὐκ
3798 1291 3908 1346 ἔσθ’
3943 1296 4053 1367 ὅπη

2469 1385 2570 1438 οὐκ
2612 1383 2704 1435 ἐπὶ
2743 1381 2811 1434 τά
2854 1381 3195 1452 Δημοκρίτου
3237 1385 3331 1436 καὶ
3369 1384 3533 1447 αὐτὸς
3572 1381 3936 1453 κατασύρεται
3977 1388 4055 1439 εἶ-

2469 1474 2636 1527 δωλα.

785 1576 879 1631 Dei
930 1589 1125 1645 expers
1175 1583 1282 1637 est,
1342 1573 1512 1626 Deum
1562 1588 1684 1628 esse
1745 1572 2048 1627 existimat.
2112 1569 2219 1638 20
2255 1567 2483 1622 Eresius
2539 1576 2722 1622 autem
2761 1567 2848 1622 ille
2894 1565 3331 1635 Theophrastus,
3372 1567 3683 1624 Aristotelis
3728 1567 4051 1636 discipulus,

784 1671 948 1725 modo
973 1670 1197 1740 quidem
1218 1669 1441 1734 ccelum,
1473 1668 1636 1723 modo
1659 1683 1791 1722 vero
1823 1668 2075 1736 spiritum
2101 1679 2221 1719 esse
2249 1662 2420 1718 Deum
2449 1663 2700 1719 allirmat.
2726 1661 2991 1733 Equidem
3039 1660 3261 1730 Epicuri
3303 1663 3472 1719 solius
3500 1665 3695 1720 lubens
3742 1663 4054 1718 obliviscar.

782 1765 874 1832 qui
910 1779 1034 1818 cum
1065 1761 1235 1817 Deum
1265 1763 1400 1816 nihil
1438 1777 1664 1832 prorsus
1708 1776 1902 1815 curare
1930 1758 2223 1824 existimet,
2258 1771 2355 1826 per
2381 1757 2566 1811 omnia
2608 1755 2828 1826 quidem
2853 1763 2938 1809 est
2962 1753 3180 1822 impius.
3230 1753 3373 1820 Quid
3401 1771 3532 1812 vero
3572 1755 3884 1812 Heraclides
3911 1752 4056 1810 Pon-

783 1857 956 1911 ticus?
984 1855 1200 1926 Ubique
1227 1857 1446 1928 quidem
1486 1857 1533 1911 is
1570 1857 1636 1911 ad
1673 1857 1964 1912 simulacra
1999 1853 2290 1909 Democriti
2318 1852 2601 1924 abripitur.

2228 1973 2470 2030 CAPUT,
2504 1972 2587 2027 Vl.

1305 2073 1658 2143 Philosophe:
1690 2074 2004 2144 aliquando,
2033 2075 2149 2143 ipso
2183 2029 2479 2143 aspirante:
2501 2085 2680 2123 verum
2708 2069 2803 2122 hoc
2833 2069 2889 2123 in
2922 2076 3232 2140 argumento
3264 2068 3522 2139 attigisse.

853 2185 1046 2255 ingens
1077 2194 1337 2255 praeterea
1367 2186 1683 2258 hujusmodi
1715 2189 1873 2244 turba
1898 2204 1958 2244 se
1985 2189 2118 2243 mihi
2145 2188 2360 2258 ingerit,
2395 2170 2437 2228 Β
2535 2184 2613 2236 Ka

2300 2188 2360 2251 it,
2395 2170 2437 2228 Β
2535 2183 2647 2236 Καὶ
2707 2181 2876 2246 πολύς
2931 2199 3022 2253 μοι
3084 2183 3303 2253 ὲπιρῤεῖ
3354 2179 3590 2241 τοιοῦτος
3651 2176 3839 2248 ὄχλος,
3891 2175 4054 2232 οῑονεῑ

781 2275 1152 2330 inauditorum
1186 2277 1583 2332 daemoniorum
1615 2277 1766 2332 velut
1802 2278 2062 2333 terricula
2113 2277 2360 2346 quaedam

783 2368 1158 2436 introducens,
1202 2385 1325 2439 quae
1349 2369 1428 2424 nil
1471 2369 1620 2424 aliud
1650 2379 1780 2426 sunt
1811 2386 1976 2441 quam
2022 2367 2272 2423 absurdae
2299 2366 2363 2420 ti-

783 2469 992 2530 ctaeque
1019 2461 1088 2514 ab
1116 2463 1435 2517 auctoribus
1466 2461 1772 2516 fabularum
1795 2462 2082 2531 imagines,
2107 2468 2161 2513 et
2188 2457 2362 2513 aniles

783 2567 958 2620 nugae.
996 2550 1320 2620 Cujusmodi
1355 2567 1637 2607 sermones
1666 2561 1872 2606 tantum
1911 2551 2066 2606 abest
2096 2559 2158 2604 ut
2182 2548 2362 2603 audiri

780 2656 812 2694 a
838 2641 971 2694 viris
997 2642 1399 2710 permittamus,
1435 2650 1494 2696 ut
1514 2658 1583 2697 ne
1609 2645 1888 2712 vagientes
1923 2643 2166 2712 quidem,
2199 2648 2364 2709 prout

783 2729 890 2787 dici
932 2731 1090 2796 solet,
1128 2747 1327 2801 pueros
1366 2731 1580 2787 labellis
1603 2733 1774 2787 lenire
1801 2734 2098 2793 soleamus,
2131 2748 2198 2785 ne
2227 2731 2364 2786 forte

783 2837 906 2876 cum
942 2822 1076 2891 ipsis
1102 2823 1521 2877 counutriamus
1550 2823 1903 2893 impietatem,
1929 2839 2091 2893 quam
2119 2823 2175 2876 hi
2201 2823 2364 2892 proﬁ-

782 2922 985 2976 tentur,
1017 2913 1110 2982 qui
1163 2929 1287 2968 cum
1317 2930 1444 2968 vere
1478 2915 1589 2968 sint
1633 2915 1882 2969 rudiores
1912 2914 2234 2977 infantibus,
2283 2923 2365 2969 ta-

783 3020 907 3058 men
935 3005 1040 3060 sibi
1072 3003 1327 3059 videntur
1354 3006 1648 3074 sapientes.
1679 3005 1821 3070 Quid
1848 3006 2016 3072 enim,
2057 3021 2153 3076 per
2183 3020 2283 3076 ego
2313 3015 2364 3060 te

780 3095 1063 3152 veritatem
1093 3111 1214 3160 oro,
1239 3110 1356 3162 eos,
1387 3097 1481 3165 qui
1511 3096 1604 3150 tibi
1629 3097 1996 3161 crediderunt,
2023 3096 2362 3165 corruptioni

780 3201 847 3240 ac
872 3185 1116 3240 interitui
1143 3187 1294 3255 gravi
1323 3202 1454 3239 sane
1481 3197 1642 3254 atque
1675 3201 1868 3255 parum
1899 3186 2154 3252 honesto,
2183 3187 2362 3241 reddis

781 3275 1090 3330 obnoxios?
1113 3277 1226 3330 Cur
1248 3287 1432 3329 autem
1468 3276 1630 3329 vitam
1664 3276 1856 3345 imples
1883 3276 2209 3342 simulacris,
2234 3291 2360 3330 cum

778 3369 863 3422 vel
911 3376 1124 3433 ventos,
1166 3368 1252 3421 vel
1298 3383 1503 3433 aerem,
1547 3369 1631 3422 vel
1659 3369 1864 3438 ignem,
1893 3369 1976 3423 vel
2022 3378 2245 3435 terram,
2275 3368 2361 3423 vel

779 3461 1010 3531 lapides,
1041 3460 1127 3515 vel
1175 3461 1343 3530 ligna,
1382 3461 1470 3516 vel
1508 3459 1734 3528 ferrum,
1777 3461 1859 3516 vel
1899 3461 2045 3516 hunc
2094 3462 2360 3515 mundum

783 3569 909 3610 esse
923 3554 1057 3610 deos
1077 3554 1268 3624 ﬁngis;
1290 3563 1384 3609 aut
1410 3556 1717 3625 astrologia:
1739 3555 1903 3624 hujus
1931 3555 2092 3624 vulgo
2117 3555 2358 3625 jactatae,

777 3646 964 3715 potius
1019 3659 1184 3714 quam
1227 3647 1580 3703 astronomia:
1627 3661 1728 3716 ope
1764 3647 1831 3700 ad
1861 3647 2102 3701 caelestia
2133 3662 2360 3715 corpora

781 3751 930 3793 tuam
962 3738 1267 3794 orationem
1303 3748 1649 3805 convertens,
1670 3739 1746 3794 ad
1790 3739 2060 3803 homines,
2089 3740 2183 3808 qui
2229 3755 2362 3794 sane

783 3835 991 3891 errant,
1011 3827 1259 3882 errantia
1275 3827 1455 3882 sidera
1485 3827 1618 3882 deos
1669 3842 1790 3882 esse
1817 3828 2103 3883 mentiris?
2155 3833 2213 3891 ᾖ(
2246 3826 2362 3897 Ego

777 3931 909 3972 vero
927 3916 1221 3972 Dominum
1245 3918 1536 3988 spirituum
1563 3919 1836 3986 desidero,
1868 3919 2162 3974 Dominum
2196 3919 2357 3989 ignis,

775 4008 1028 4080 opiﬁcem
1080 4009 1295 4074 mundi,
1332 4009 1538 4080 quique
1591 4008 1692 4064 soli
1743 4011 1921 4066 lucem
1959 4026 2115 4066 suam
2159 4010 2350 4065 dedit:

778 4099 948 4158 Deum
978 4102 1221 4172 requiro,
1245 4117 1355 4158 non
1386 4110 1567 4157 autem
1593 4117 1755 4171 opera
1785 4103 1898 4158 Dei.
1916 4102 2088 4169 Quem
2110 4110 2354 4158 vestrum

777 4193 992 4250 habebo
1041 4194 1449 4265 disquisitionis
1496 4195 1662 4263 hujus
1699 4193 2042 4264 adjutorcm?
2077 4192 2354 4248 Platonem

775 4285 1022 4353 quidem,
1051 4285 1098 4340 si
1129 4286 1225 4340 tibi
1254 4285 1523 4351 videatur,
1556 4283 1700 4340 haud
1734 4284 1953 4355 penitus
1983 4283 2354 4354 repudiamus.

777 4378 990 4445 Quibus
1015 4379 1179 4449 igitur
1217 4379 1580 4450 argumentis,
1610 4394 1644 4434 ο
1690 4377 1866 4447 Plato,
1900 4377 2074 4434 Deum
2106 4376 2358 4448 exquire-

777 4471 945 4526 πιυεῖ
974 4468 1216 4525 Universi
1260 4472 1402 4524 enim
1441 4471 1603 4540 hujus
1638 4480 1844 4541 patrem
1884 4479 1934 4525 et
1958 4471 2276 4541 effectorem,
2307 4476 2359 4522 et

776 4559 1008 4616 inamire
1035 4560 1244 4629 difﬁcile
1272 4570 1350 4614 est
1375 4601 1391 4628 ,
1419 4570 1471 4614 et
1498 4576 1614 4614 cum
1648 4563 1929 4626 inveneris,
1955 4571 2014 4616 ut
2039 4577 2158 4616 eum
2189 4560 2356 4614 verbis

848 4677 907 4735 ›Ῑ‹
934 4673 995 4727 Ρ.
1032 4673 1103 4728 59
1133 4674 1236 4728 ED.
1272 4674 1403 4730 POT
1409 4673 1568 4742 TER,
1598 4675 1669 4730 45
1695 4677 1802 4730 ED.
1830 4676 2054 4733 PARIS.

845 4788 960 4860 (51)
997 4788 1148 4842 Οὐδὲ
1171 4809 1236 4860 μ.
1273 4790 1555 4846 Lowthius
1589 4793 1795 4846 mavult
1823 4792 1999 4846 οὐδέν.

974 4858 1294 4933 Πίζςρειόςᾴγ.
1314 4863 1694 4933 ῌαρεισάγων·
1727 4861 1877 4929 ξένον
1895 4861 2094 4933 ἄτοπον
2117 4862 2349 4917 σκ.Νον.

844 4929 958 5003 (55)
993 4928 1060 5003 02
1085 4927 1260 4998 mae;
1291 4927 1785 5003 Οἷς’μτδδέ,’(1ιιιίνο
1825 4949 1977 5003 casu.
2017 4931 2278 5003 SvLuuuc.

844 5000 959 5071 (54)
1011 5000 1490 5073 ᾼοκησεισόρωνζ
1535 5004 1876 5073 γΔοκησόφων
1933 5001 2071 5057 Nov.
2127 5002 2348 5060 Rectius

771 5071 1172 5142 δοκησισόφων,
1200 5079 1296 5125 aut
1325 5071 1498 5142 divise
1527 5071 1743 5142 δοκήσει
1772 5071 1970 5142 σοφῶν.

845 5139 956 5212 (55)
1004 5139 1217 5212 Δεινῷς
1265 5158 1330 5196 τε
1368 5141 1468 5194 καὶ
1506 5139 1790 5212 ἀτάκτως.
1846 5139 1936 5198 Sic
1977 5141 2252 5209 Heinsius,
2294 5153 2348 5198 et

775 5211 901 5284 post
924 5226 1048 5284 eum
1077 5211 1298 5284 reliquae
1324 5213 1476 5266 editt.
1509 5213 1580 5265 At
1616 5211 1770 5284 Flor.
1798 5215 2053 5284 Sylburg.
2082 5214 2346 5269 editiones

771 5280 828 5335 et
854 5280 986 5354 Nov.
1019 5281 1220 5354 habent
1247 5281 1440 5346 δειναῖς
1466 5299 1526 5337 τε
1558 5283 1653 5336 καὶ
1676 5280 1950 5349 ἀτάκτοις,
1974 5280 2094 5354 qua:
2122 5285 2347 5353 proinde

770 5367 900 5406 vera
931 5351 1090 5405 lectio
1127 5361 1229 5406 est.

845 5419 956 5493 (56)
990 5420 1102 5494 Τὸν
1125 5423 1332 5494 ἠᾷίρυ,
1373 5421 1656 5494 Distingue
1698 5438 1822 5478 cum
1868 5422 2008 5477 Nov.
2056 5422 2148 5476 τὸν
2191 5423 2342 5494 ἡλίου

772 5491 1124 5562 φωταγωγόνο
1159 5492 1290 5545 Θεὸν
1317 5491 1736 5564 ἐπιζητηίιιιοι]
1760 5495 1813 5547 in
1846 5494 2096 5549 versione
2121 5491 2346 5564 expres-

770 5579 892 5617 sum
930 5575 1032 5616 CSI.

843 5631 954 5706 (57)
983 5629 1252 5706 Πλάτων.
1290 5633 1535 5706 Platonis
1574 5634 1852 5706 locus_est
1897 5635 1952 5706 in
1993 5633 2036 5687 Τ
2038 5637 2191 5706 immo
2217 5650 2338 5706 pag.

769 5701 862 5761 28⁷
895 5701 1026 5756 tomi
1069 5703 1216 5756 tertii
1277 5706 1407 5760 edit.
1458 5702 1698 5759 Serrani.
1741 5702 1854 5759 Nec
1895 5704 2163 5759 dissimile
2209 5701 2340 5759 i'llu'd

772 5771 981 5846 iiermze
1005 5771 1366 5846 Trismegisti,
1388 5774 1520 5828 Θεὸν
1539 5774 1726 5846 νοῆσαι
1753 5774 1848 5846 μὲν
1863 5774 2118 5846 χαλεπὸν,
2138 5777 2340 5845 φράσαι

769 5843 812 5895 δ’
836 5840 1114 5916 ἀδύνατον,
1139 5845 1206 5898 de
1223 5840 1352 5914 'quo
1391 5861 1513 5915 quae
1559 5840 1634 5900 sli
1666 5840 1908 5916 Οιρευιίῖι
1936 5840 2194 5900 Νεῑίιιιιὶζ
2221 5848 2335 5913 epi-

767 5913 957 5977 crisis,
1001 5913 1240 5970 declarat
1263 5913 1450 5972 oratio
1479 5916 1514 5970 2
1543 5917 1682 5985 Περὶ
1710 5913 2019 5984 θεολογίας
2059 5932 2181 5988 pag.
2213 5916 2336 5970 198.

2470 2273 2668 2348 μορμὼ
2693 2292 2819 2329 τινα
2855 2274 3148 2345 δαιμονίων
3181 2272 3530 2345 παρεισάγων
3560 2267 3670 2341 (52)
3704 2267 3866 2333 ξένων
3887 2287 3899 2299 ·
3929 2269 4055 2324 dvo-

2464 2383 2566 2420 πον
2614 2366 2986 2437 σκιαγραφίαν
3038 2363 3384 2436 μυθολόγων,
3433 2363 3578 2432 ὓθλῳ
3621 2359 3867 2432 γραῖκῷ·
3924 2359 4051 2414 πολ-

2463 2456 2557 2510 λοῦ
2599 2474 2663 2526 γε
2690 2459 2771 2511 δεῖ
2797 2458 3054 2530 ἀνδράσιν
3095 2459 3430 2530 ἐπιτρέπειν,
3455 2455 3756 2529 ἀκροᾶσθαι
3796 2454 4051 2510 τοιούτων

2463 2549 2659 2618 λόγων,
2691 2549 2741 2602 οἳ
2775 2548 2910 2620 μηδὲ
2941 2548 3052 2620 (55)
3083 2550 3210 2613 τοὺς
3250 2550 3447 2612 παῖδας
3473 2549 3600 2609 τοὺς
3634 2545 3863 2613 ἑαυτῶν,
3893 2545 4052 2600 τοῦτο

2464 2641 2528 2711 δὴ
2558 2641 2618 2692 τὸ
2644 2640 2955 2710 λεγόμενον,
2988 2638 3562 2710 κλαυθμυριζομένους
3593 2637 3842 2708 ἐθίζομεν
3872 2655 4051 2710 παρη-

2464 2730 2742 2802 γορεῖσθαι
2773 2729 3107 2801 μυθίξοντες,
3123 2721 3487 2800 ὀρρωδοῦντες
3505 2727 3925 2798 συνανατρέφειν
3955 2729 4054 2782 αὐ-

2463 2827 2576 2885 τοῖς
2618 2822 2902 2892 ἀθεότητα,
2931 2822 3030 2893 τὴν
3074 2821 3210 2893 πρὸς
3251 2821 3358 2874 τῶν
3401 2819 3802 2890 δοκησεισόφων
3843 2818 3953 2890 (54)
3985 2819 4052 2892 δὴ

2464 2913 2670 2967 τούτων
2713 2913 3252 2984 καταγγελλομένην,
3286 2911 3450 2982 μηδέν
3492 2929 3546 2964 τι
3595 2911 3804 2982 νηπίων
3852 2911 4053 2982 μᾶλλον

2466 3009 2696 3080 τάληθὲς
2724 3010 2960 3064 εἰδότων.
2991 3010 3056 3062 Τί
3083 3009 3210 3080 γὰρ,
3238 3003 3283 3061 ὧ
3317 3009 3452 3080 πρὸς
3478 3009 3577 3078 τῆς
3619 3006 3896 3079 ἀληθείας,
3925 3006 4052 3068 τοὺς

2464 3103 2548 3155 σοὶ
2575 3103 3009 3164 πεπιστευκότας
3041 3100 3308 3164 δεικνύεις
3356 3099 3508 3171 ῥύσει
3536 3099 3629 3152 καὶ
3659 3097 3834 3170 φθορᾷ
3862 3095 4051 3159 δεινῶς

2469 3209 2530 3246 τε
2569 3195 2665 3247 καὶ
2710 3192 2960 3254 ἀτάκτως
3000 3191 3110 3262 (55)
3169 3189 3685 3261 ὑποϐεϐλημένουςς
3724 3188 3798 3257 Τίἑ
3823 3187 3911 3241 δαί
3959 3204 4052 3258 μοι

2461 3282 2697 3337 εἰδώλων
2725 3282 3082 3354 ἀναπίμπλης
3109 3283 3200 3335 τὸν
3228 3281 3363 3352 βίον,
3394 3281 3630 3350 ἀνέμους
3660 3278 3796 3350 τε,ἢ
3825 3278 3983 3349 ἀέρα,
4012 3277 4048 3344 ἢ

2463 3373 2596 3446 πῦρ,
2626 3374 2659 3445 ἢ
2690 3374 2814 3443 γῆν,
2863 3373 2896 3444 ἢ
2932 3373 3130 3437 λίθους,
3160 3374 3194 3443 ἢ
3227 3372 3378 3437 ξύλα,
3417 3372 3451 3443 ἢ
3483 3372 3717 3443 σίδηρον,
3765 3371 3798 3442 ἢ
3843 3369 4049 3440 κόσμον

2463 3463 2636 3527 τόνδε,
2668 3463 2826 3526 θεοὺς
2854 3463 3302 3516 ἀναπλάττουσα·
3340 3461 3496 3525 θεοὺς
3525 3462 3583 3515 δὲ
3614 3463 3708 3515 καὶ
3736 3461 3862 3524 τοὺς
3893 3459 4051 3515 ἀστό-

2466 3571 2566 3627 ρας
2606 3555 2734 3617 τοὺς
2773 3552 3049 3624 πλανήτας
3095 3557 3208 3617 τοῖς
3245 3553 3414 3617 ὅντως
3457 3552 3892 3623 πεπλανημένοις
3935 3551 4050 3605 τῶν
4116 3612 4124 3621 ,

2461 3645 2788 3718 ἀνθρώπων,
2819 3645 2908 3698 διὰ
2948 3647 3046 3717 τῆς
3087 3645 3522 3718 πολυθρυλλήτου
3561 3645 3764 3716 ταύτης
3789 3644 4049 3716 ἀστρολο-

2460 3739 2606 3808 γίας,
2636 3738 2738 3792 οὐκ
2781 3737 3163 3808 ἀστρονομίας,
3209 3737 3684 3808 μετεωρολογοῦσα
3731 3736 3826 3790 καὶ
3865 3735 4050 3790 ἀδολε-

2463 3830 2694 3900 σχοῦσα;
2715 3830 2806 3882 τὸν
2827 3827 3031 3900 Κύριον
3047 3828 3152 3880 τῶν
3181 3827 3507 3899 πνευμάτων
3528 3827 3695 3892 ποθῶ,
3723 3827 3813 3880 τὸν
3839 3825 4047 3897 Κύριον

2460 3922 2554 3976 τοῦ
2601 3923 2796 3994 πυρὸς,
2843 3921 2935 3974 τὸν
2977 3921 3182 3991 κόσμου
3205 3918 3552 3992 δημιουργὸν,
3591 3921 3683 3972 τὸν
3732 3918 3883 3988 ἡλίου
3931 3916 4044 3988 (56)

2463 4012 2798 4084 φωταγωγὸν
2848 4012 2980 4065 Θεὸν
3023 4010 3294 4083 ἐπιζητῶ,
3345 4013 3406 4064 οὐ
3459 4009 3531 4062 τὰ
3570 4009 3707 4080 ἔργα
3747 4007 3843 4061 τοῦ
3881 4006 4041 4061 Θεοῦ.

2463 4107 2596 4160 Τίνα
2632 4104 2696 4176 δὴ
2731 4104 2882 4158 λάϐω
2911 4103 3063 4176 παρά
3091 4103 3183 4157 σοῦ
3215 4103 3474 4176 συνεργὸν
3497 4103 3596 4173 τῆς
3625 4103 3934 4172 ζητήσεως;
3965 4099 4043 4153 οὐ

2459 4195 2569 4266 γὰρ
2625 4193 2970 4247 παντάπασιν
3026 4191 3427 4264 ἀπεγνώκαμέν
3480 4209 3566 4260 γε,
3605 4193 3652 4244 εί
3707 4189 3905 4260 βούλει,
3948 4192 4042 4245 τὸν

2460 4287 2742 4345 Πλάτωνα.
2775 4286 2858 4358 Πῆ
2893 4285 2957 4358 δὴ
2995 4281 3087 4340 οὖν
3123 4285 3455 4357 ἐξιχνευτέον
3487 4284 3577 4337 τὸν
3619 4283 3772 4347 Θεὸν,
3805 4277 3852 4336 ὢ
3891 4283 4037 4336 Πλά-

2459 4399 2567 4435 των
2606 4381 2714 4452 (57)
2739 4397 2754 4444 ;
2789 4378 2897 4435 Τὸν
2930 4379 3040 4449 γὰρ
3071 4376 3296 4444 πατέρα
3321 4376 3418 4428 καὶ
3449 4374 3708 4441 ποιητὴν
3732 4372 3907 4428 τοῦδε
3931 4375 4039 4429 τοῦ

2459 4469 2702 4535 παντὸς,
2730 4468 2927 4538 εὑρεῖν
2963 4484 3028 4520 τε
3067 4468 3266 4535 ἔργον,
3312 4463 3409 4517 καὶ
3461 4463 3714 4531 εὑρόντα
3754 4465 3842 4529 είς
3876 4463 4041 4518 ἅπαν

2457 4559 2714 4625 ἐξειπεῖν
2759 4559 3071 4614 ἀδύνατον.
3106 4557 3205 4611 Διὰ
3256 4555 3310 4609 τί
3356 4554 3528 4624 δῆτα;
3574 4548 3618 4607 ὧ
3661 4555 3797 4626 πρὸς
3840 4556 4033 4611 αὐτοῦ·

2463 4791 2599 4849 Vide
2623 4801 2679 4847 et
2707 4789 3110 4845 Theodoretum
3134 4785 3228 4839 lib.
3255 4802 3292 4839 ιι
3325 4783 3548 4854 Therap.
3576 4783 3640 4838 H.
3678 4783 3940 4854 Strenuus.
3964 4810 4041 4854 -_-

2462 4862 2705 4918 Platonis
2741 4863 2896 4916 locus
2926 4859 2979 4911 in
3022 4852 3542 4925 Tingwo,pag.i-ltl4'7
3590 4855 3720 4910 edit.
3752 4852 4035 4925 Ficini,§ic

2384 4954 2430 5009 ι)
2461 4934 2763 5009 se_hahet_:
2792 4930 2896 5009 Τὸν
2942 4928 3043 5009 μὲν
3077 4922 3170 5009 οξν
3211 4920 3437 5009 ποιῆτὴν
3483 4927 3584 5009 καὶ.
3625 4923 3864 5009 πατέραῌ
3881 4920 4035 5009 τούδε

2457 5003 2551 5056 τοῦ
2582 5002 2784 5064 παντὸς
2813 4989 2992 5068 εὑρεῖν
3008 5013 3086 5068 Δτε
3113 4995 3295 5068 ἔργον,
3326 4989 3420 5050 καὶ
3459 4996 3686 5067 εὑρόντα
3715 4989 3792 5054 εἰς
3825 4989 4036 5068 πάντας

2457 5073 2714 5126 ἀδύνατον
2754 5062 2952 5138 λέγειν·
2990 5062 3242 5138 Opi/iectu
3285 5068 3492 5135 quidem
3525 5062 3574 5138 et
3607 5071 3819 5138 patrimi
3849 5062 4033 5138 mundi

2456 5145 2685 5196 invenire
2715 5130 2960 5210 dif/fcile,
2986 5130 3046 5190 et
3066 5130 3182 5189 cum
3196 5130 3314 5210 japi
3345 5130 3619 5210 inveneris,
3651 5130 3940 5210 prwdirare
3973 5132 4032 5184 in

2455 5213 2640 5282 vulgus
2687 5202 2855 5279 nefas.
2888 5206 3084 5282 E_quo_
3113 5202 3211 5276 pro
3252 5206 3399 5261 άπαν
3431 5202 3790 5282 scribendum,
3816 5202 4032 5282 videtur

2455 5266 2684 5347 πάντας,
2713 5266 2806 5335 aut
2846 5266 3030 5348 potius
3060 5266 3326 5341 ἅπαντας,
3358 5273 3531 5348 quod.
3547 5273 3707 5324 habet
3745 5266 3880 5326 Νον.

2454 5370 2609 5408 mens
2643 5338 2757 5405 haec
2785 5338 2948 5403 verba
2993 5364 3183 5402 rursus
3215 5338 3454 5401 laudavit
3493 5338 3691 5395 Strom.
3730 5357 3783 5409 v,
3820 5358 3872 5411 p.
3897 5343 4028 5408 585,

2457 5425 2547 5478 ubi
2576 5424 2784 5482 πάντας
2811 5419 3048 5489 scripsit.
3084 5417 3286 5489 Eorum
3316 5416 3551 5489 priorem
3568 5421 3801 5489 partem
3829 5413 4027 5489 iterum

2451 5481 3008 5562 recitavit‘S’troinfv,
3039 5504 3170 5562 pag:
3188 5481 3330 5562 592$
3352 5483 3522 5562 Porro
3549 5481 3752 5562 dictum
3789 5484 3894 5537 hoc
3924 5482 4030 5562 Sp-

2451 5563 2589 5617 crati
2633 5560 2822 5614 tribuit
2847 5551 3090 5614 Justinus
3111 5551 3218 5614 ’Μη
3244 5551 3397 5623 Apol.
3426 5570 3507 5623 ιι,
3530 5569 3583 5621 p.
3616 5553 3707 5614 27,
3752 5551 4030 5607 memoria

2451 5634 2607 5700 lapsu
2643 5648 2658 5685 :
2709 5646 2816 5684 non
2842 5631 2986 5684 enim
3038 5622 3312 5689 Socratis,
3346 5624 3439 5677 sed
3469 5622 3652 5700 Timaei
3681 5624 3900 5700 allatum
3941 5628 4029 5675 est

2449 5694 2594 5770 apud
2628 5700 2928 5756 Platonem.
2972 5700 3027 5752 Id
3047 5701 3589 5770 _recitant_pr;eterea
3621 5694 4025 5770 Athenagoras,

2451 5758 2634 5842 L'egat.
2661 5788 2712 5840 p.
2738 5773 2845 5838 ‘25;
2877 5767 3265 5842 Tertullian_u_s,
3295 5758 3474 5832 Α’ροιη
3492 5781 3615 5842 cap.
3640 5763 3741 5842 ιφ
3765 5758 4026 5842 gyi'illus.

2448 5831 2631 5895 caiitra
2644 5831 2878 5908 Julian},
2901 5841 2976 5912 lib
2993 5855 3062 5912 ἰ,
3082 5837 3248 5912 p.55];
3273 5831 3754 5912 apetorﬁecggnit.
3775 5831 4028 5912 Clemen-

2447 5913 2624 5968 tislib.
2652 5931 2766 5979 vm,
2796 5897 2917 5981 cap.
2948 5897 3112 5978 20,15.
3141 5897 3550 5975 564;Minucius
3570 5897 3809 5968 OEtavio,
3838 5897 4020 5971 p.155.
