4486 6566
305 485 401 547 197

300 706 453 762 Θεὸν.
485 705 725 764 Εἰκότως
754 701 861 770 ἄρα
884 698 1205 753 πιστεύσασι
1246 696 1353 768 μὴν
1395 697 1487 749 καὶ
1514 693 1877 749 ὑπακούουσιν

303 803 337 868 ἡ
371 798 544 869 χάρις
575 792 1088 862 ὑπερπλεονάσει·
1139 789 1467 861 ἀπειθήσασι
1504 790 1563 844 δὲ
1599 788 1693 841 καὶ
1731 792 1882 841 πλα-

304 890 587 959 νωμένοις
618 886 767 939 κατὰ
818 886 1097 956 καρδίαν,
1137 883 1320 949 ὁδούς
1362 899 1424 937 τε
1456 882 1562 948 τὰς
1613 879 1880 951 κυριακάς

295 982 377 1053 μὴ
398 980 763 1049 ἐγνωκόσιν,
796 981 863 1043 ἃς
897 980 1132 1043 εὐθείας
1176 974 1368 1029 ποιεῖν
1402 976 1493 1031 καὶ
1538 972 1878 1045 εὐτρεπίζειν

302 1069 668 1143 παρήγγειλεν
733 1073 1015 1141 Ἰωάννης·
1077 1067 1289 1128 τούτοις
1325 1066 1382 1120 δὲ
1427 1064 1803 1148 προσώχθισεν
1850 1067 1879 1119 ὁ

300 1166 451 1229 Θεὸς,
482 1166 576 1217 καὶ
591 1164 840 1219 ἀπειλεῖ.
875 1165 984 1218 Καὶ
1009 1161 1073 1232 δὴ
1107 1160 1199 1213 καὶ
1228 1159 1290 1212 τὸ
1322 1162 1473 1224 τέλος
1501 1161 1601 1231 τῆς
1648 1157 1878 1229 ἀπειλῆς

297 1257 711 1327 αἰνιγματωδῶς
748 1256 1113 1326 ἀπειλήφασιν
1142 1255 1188 1305 οἱ
1213 1252 1430 1307 παλαιοὶ
1460 1251 1570 1306 τῶν
1610 1249 1877 1321 Ἑϐραίων

299 1347 580 1417 πλανῆται·
614 1350 685 1401 οὐ
719 1346 828 1417 γὰρ
859 1342 1159 1397 εἰσελθεῖν
1197 1346 1283 1410 είς
1327 1343 1442 1412 τὴν
1492 1340 1878 1397 κατάπαυσιν

298 1437 540 1506 λέγονται
570 1439 669 1492 διὰ
695 1438 809 1504 τὴν
838 1435 1145 1500 ἀπιστίαν,
1160 1437 1323 1509 πρινὴ
1347 1435 1457 1507 (77)
1488 1435 1629 1503 σφᾶς
1658 1434 1873 1498 αὐτοὺς,

298 1532 876 1603 κατακολουθήσαντας
905 1527 984 1597 τῷ
1016 1529 1293 1592 Μωῡσέως
1322 1528 1584 1598 διαδόχῳ,
1616 1525 1713 1597 ὀψέ
1745 1543 1877 1581 ποτε

296 1622 439 1696 ἔργῳ
465 1619 676 1695 μαθεῖν,
710 1622 812 1674 οὐκ
841 1619 906 1672 ἂν
927 1620 1100 1685 ἄλλως
1133 1621 1391 1692 σωθῆναι,
1425 1620 1499 1692 μὴ
1533 1619 1651 1689 οὐχ)
1672 1618 1784 1690 (78)
1800 1618 1877 1683 ὡς

310 1715 469 1785 Ἰησοῖ
486 1714 597 1785 (79)
628 1712 1079 1775 πεπιστευκότας.
1106 1712 1490 1785 Φιλάνθρωπος
1512 1711 1571 1766 δὲ
1602 1710 1679 1765 ὣν
1705 1714 1739 1765 ό
1762 1712 1878 1765 Κύ-

290 1824 439 1875 ριος,
468 1806 701 1873 πάντας
727 1804 1079 1874 ἀνθρώπους
1112 1808 1198 1871 εἰς
1237 1807 1564 1875 ἐπίγνωσιν
1595 1803 1705 1873 τῆς
1730 1804 1877 1872 ἀλη-

1458 477 1908 537 COIIORTATIO
1952 476 2042 531 AD
2071 472 2362 531 GENTES.

300 611 386 673 δὲ,
420 611 451 666 6
478 610 646 680 Λόγος
688 601 1047 674 ἀνθρώπως,
1089 604 1153 657 δι’
1182 595 1241 657 οὗ
1296 600 1753 671 καταυγαζὸμεθα
1787 600 1876 653 τὸν
1906 616 1948 671 Α
1982 596 2071 667 25

1598 600 1753 671 ἱμεθα
1787 600 1876 653 τὸν
1906 616 1948 671 Α
1982 596 2089 667 25
2120 612 2244 651 nam
2278 597 2433 651 hodie
2459 595 2590 650 illud
2636 595 2910 666 signiﬁcat
2946 597 3309 653 aeternitatem
3355 614 3369 650 :

3469 477 3571 536 £53

3450 600 3571 654 dies

1983 703 2116 743 vero
2164 689 2342 744 lucem
2390 696 2574 742 notat:
2614 686 2715 742 lus:
2758 697 2942 744 autem
2992 689 3268 744 hominum
3324 700 3408 744 est
3437 689 3571 745 Ver-

1982 781 2111 835 bum
2145 781 2220 843 7‘,
2266 781 2426 851 cujus
2472 794 2574 850 ope
2618 779 2792 835 Deum
2829 781 3099 836 videmus.
3153 780 3348 837 Merito
3403 780 3571 850 igitur

1982 874 2090 938 his,
2128 874 2223 944 qui
2246 872 2631 941 crediderunt,
2666 881 2722 927 et
2771 873 3032 945 morigeri
3066 872 3287 928 fuerunt
3312 915 3328 939 ,
3379 888 3570 944 super-

1908 978 1911 979 '
1978 966 2271 1021 abundabit
2291 967 2469 1039 gratia
2500 968 2574 1031 7';
2625 965 2926 1021 incredulis
2958 973 3145 1019 autem
3197 976 3252 1019 et
3279 976 3569 1021 contuma-

1980 1056 2158 1123 cibus,
2183 1059 2277 1129 qui
2317 1067 2499 1112 errant
2528 1058 2707 1125 corde,
2735 1067 2787 1111 et
2813 1074 2913 1111 non
2933 1066 3289 1127 cognoverunt
3320 1059 3430 1112 uias
3460 1057 3570 1113 Do-

1990 1151 2127 1206 mini
2161 1153 2228 1218 ",
2256 1166 2397 1223 quas
2419 1150 2660 1206 Joannes
2695 1158 2867 1204 rectas
2891 1151 3066 1219 facere
3083 1149 3256 1219 jussit
3282 1148 3360 1212 ⁷⁵,
3392 1149 3570 1204 infen-

1981 1257 2078 1298 sus
2100 1254 2183 1298 est
2207 1253 2262 1298 et
2280 1243 2520 1296 minatur
2548 1243 2710 1297 Deus.
2728 1240 2902 1311 Cujus
2926 1242 3143 1309 quidem
3165 1240 3482 1295 minationis
3501 1245 3562 1304 iis

1978 1336 2103 1390 ﬁnis
2126 1337 2402 1392 veteribus
2426 1334 2532 1389 illis
2556 1334 2822 1400 Hebraeis,
2840 1333 2935 1402 qui
2961 1333 3219 1387 errabant
3250 1332 3306 1385 in
3323 1331 3565 1396 deserto,

1983 1426 2270 1497 aenigmate
2303 1425 2543 1497 quodam
2577 1435 2692 1480 erat
2722 1424 3101 1497 signiﬁcatus;
3134 1423 3390 1477 dicuntur
3412 1423 3562 1477 enim

1980 1532 2084 1571 non
2123 1517 2285 1585 fuisse
2312 1518 2369 1570 in
2406 1517 2635 1586 requiem
2681 1517 2906 1587 ingressi
2952 1527 3169 1586 propter
3215 1514 3568 1568 incredulita-

1978 1617 2083 1663 tem
2110 1610 2180 1669 ⁷⁸.
2210 1618 2505 1680 antequam
2542 1609 2745 1680 Moysis
2775 1623 3157 1665 successorem
3189 1607 3386 1674 secuti,
3433 1622 3562 1663 sero

1975 1702 2195 1757 tandem
2226 1703 2346 1772 ipso
2370 1717 2473 1757 usu
2501 1699 2685 1755 forent
2717 1702 2893 1756 edocti
2918 1741 2935 1767 ,
2967 1716 3027 1757 se
3054 1717 3165 1755 non
3212 1716 3377 1770 posse
3407 1700 3567 1755 aliter

1976 1794 2158 1849 salvos
2214 1795 2354 1861 ﬁeri,
2405 1808 2576 1864 quam
2624 1792 2672 1848 si
2717 1790 2849 1848 Iesu
2896 1792 3253 1847 crediderint.
3305 1790 3564 1847 Dominus

296 1900 455 1965 θείας
480 1896 808 1970 παρακαλεῖ,
830 1900 858 1951 ὁ
875 1896 968 1949 τὸν
986 1895 1380 1964 Παράκλητον
1398 1896 1762 1952 ἀποστέλλων.
1778 1895 1875 1958 Τίς
1976 1894 2067 1940 aut

1792 1895 1875 1958 [ίς
1976 1894 2319 1953 autem,cum
2349 1887 2422 1942 sit
2443 1885 2905 1957 humanigeneris
2926 1884 3364 1951 amantissimus,
3383 1882 3563 1939 Para-

295 1986 387 2044 οὖν
411 1992 445 2061 ἡ
466 1990 779 2059 ἐπίγνωσις
795 1987 1093 2042 θεοσέϐειαο
1114 1985 1416 2040 θεοσέϐεια
1431 1986 1658 2055 δὲπρὸς
1675 1984 1873 2040 πάντα
1901 1972 1946 2029 Β
1973 1977 2066 2032 οιει

1792 2002 1873 2040 τα
1901 1972 1946 2029 Β
1973 1977 2163 2033 cletum
2192 1980 2378 2047 mittit,
2408 1980 2503 2051 qui
2535 1996 2713 2034 omnes
2735 1980 2970 2035 homines
3001 1980 3250 2033 hortetur
3270 1977 3341 2031 ad
3367 1993 3563 2049 cogno-

297 2084 620 2152 ὠφέλιμος,
658 2079 798 2136 κατὰ
846 2080 938 2135 τὸν
974 2080 1215 2146 Παῦλον,
1255 2077 1611 2149 ἐπαγγελίαν
1644 2077 1878 2146 ἔχουσα

294 2161 464 2231 ζωῆς,
484 2163 596 2231 τῆς
616 2162 733 2217 νῦν
765 2162 862 2216 καὶ
884 2160 994 2229 τῆς
1021 2160 1396 2231 μελλούσης.
1418 2158 1589 2212 Πόσου
1610 2157 1877 2229 ὁμολογή-

297 2275 471 2320 σαιτε,
509 2250 555 2309 ὦ
592 2255 888 2326 ἄνθρωποι,
915 2257 961 2306 εί
995 2250 1373 2322 ἐπιπράσκετο
1403 2250 1645 2319 σωτηρία
1684 2250 1871 2315 ἀΐδιος,

294 2345 608 2419 ώνήσασθαι
630 2346 741 2415 (80)
760 2345 852 2411 ἄν;
874 2343 995 2398 οὐδὲ
1018 2346 1066 2396 εί
1086 2344 1175 2397 τὸν
1196 2341 1486 2395 Πάκτωλόν
1516 2356 1597 2404 τις
1618 2341 1757 2403 ὅλον,
1778 2340 1871 2393 τοῦ

294 2437 518 2508 χρυσίου
539 2437 599 2489 τὸ
625 2434 801 2508 ῥεῦμα
820 2436 879 2489 τὸ
903 2433 1154 2506 μυθικὸν,
1176 2433 1598 2503 ἀπομετρήσειε,
1628 2430 1874 2495 ἀντάξιον

290 2527 565 2599 σωτηρίας
620 2527 807 2600 μισθὸν
855 2529 1169 2601 ἀριθμήσει.
1220 2528 1312 2601 Μὴ
1358 2523 1451 2583 οὖν
1511 2527 1866 2600 ἀποκάμητε·

289 2617 500 2684 ἔξεστιν
530 2621 679 2691 ὑμῖν,
713 2620 779 2691 ἢν
819 2620 1063 2691 ἐθέλητε,
1114 2620 1492 2693 ἐξωνήσασθαι
1522 2619 1620 2691 τὴν
1654 2620 1871 2673 πολυτί-

290 2727 462 2781 μητον
489 2710 761 2782 σωτηρίαν
790 2712 975 2783 οἰκείῳ
1005 2711 1281 2784 θησαυρῷ,
1316 2711 1505 2782 ἀγάπῃ
1548 2711 1645 2765 καὶ
1691 2712 1871 2765 πίστει

284 2800 435 2871 ζωῆς
463 2801 596 2873 (8l)°
630 2804 689 2867 ὃς
716 2804 861 2856 ἐστιν
894 2804 1169 2872 ἀξιόλογος
1200 2803 1410 2874 μισθός.
1448 2803 1666 2875 Ταύτην
1696 2804 1871 2876 ἡδέως

282 2892 383 2963 τὴν
431 2894 597 2965 τιμὴν
638 2897 667 2948 ὁ
711 2895 843 2959 Θεὸς
881 2895 1168 2966 λαμὸάνει·
1213 2896 1575 2966 Ἠλπίκαμεν
1616 2896 1727 2969 γὰρ
1767 2897 1867 2952 ἐπί

287 2985 413 3051 Θεῷ
458 2984 645 3051 ζῶντι,
689 2986 757 3053 ὅς
804 2988 937 3041 ἐστι
986 2987 1187 3056 σωτὴρ
1236 2987 1478 3042 πάντων
1509 2988 1863 3059 ἀνθρώπων,

278 3075 556 3146 μάλιστα
587 3076 835 3131 πιστῶν.
883 3078 947 3131 Οἱ
999 3076 1056 3130 δὲ
1102 3078 1270 3143 ἄλλοι,
1320 3081 1752 3151 περιπφυκὸτες
1788 3080 1867 3152 τῷ

280 3166 499 3236 κόσμῳ,
531 3161 620 3221 οἷα
653 3167 825 3236 φύκιά
860 3185 984 3222 τινα
1020 3168 1230 3233 ἐνάλοις
1280 3168 1528 3240 πέτραις,
1575 3170 1869 3234 ἀθανασίας

278 3257 665 3327 ὀλιγωροῦσιν·
701 3258 955 3331 καθάπερ
996 3261 1026 3312 ὁ
1070 3260 1372 3332 Ἰθακήσιος
1403 3248 1584 3333 γέρων
1622 3260 1755 3333 (82),
1804 3263 1866 3317 οὒ

276 3350 378 3423 τῆς
417 3349 697 3420 ἀληθείας,
732 3352 827 3405 καὶ
858 3352 957 3423 τῆς
988 3352 1047 3405 ὲν
1079 3350 1295 3423 οὐρανῷ
1328 3351 1615 3424 πατρίδος,
1649 3352 1788 3423 πρὸς
1812 3353 1869 3407 δὲ

275 3444 375 3498 καὶ
417 3442 513 3496 τοῦ
558 3444 727 3506 ὅντως
769 3443 922 3506 ὄντος
973 3443 1317 3514 ἱμειρόμενος
1364 3444 1560 3513 φωτὸς,
1594 3444 1730 3497 ἀλλὰ
1762 3446 1869 3500 τοῦ

275 3534 539 3589 καπνοῦ.
574 3535 863 3607 Θεοσέὸεια
895 3535 972 3600 δὲ,
1021 3533 1343 3606 ὲξομοιοῦσα
1372 3536 1451 3607 τῷ
1482 3535 1602 3607 Θεῷ
1636 3536 1777 3591 κατά
1808 3538 1870 3591 τὸ

273 3626 501 3681 δυνατὸν
538 3626 632 3679 τὸν
676 3625 983 3698 ἄνθρωπον,
1022 3626 1357 3697 κατάλληλον
1392 3627 1761 3697 ἐπιγράφεται
1792 3627 1869 3680 δι-

272 3719 547 3774 δάσκαλον
588 3719 742 3784 Θεὸν,
789 3720 881 3772 τὸν
915 3718 1025 3789 (85)
1069 3720 1164 3773 καὶ
1198 3722 1359 3789 μόνον
1406 3719 1703 3773 ἀπεικάσαι
1742 3722 1866 3773 κατ’

274 3810 436 3876 ἀξίαν
482 3809 777 3881 δυνάμενον
826 3811 1111 3884 ἄνθρωπον
1163 3810 1302 3881 Θεῷ.
1339 3811 1556 3883 Ταύτην
1612 3811 1867 3865 Ἀπόσιτο-

273 3899 366 3963 λος
404 3899 516 3970 (84)
547 3901 647 3971 τὴν
677 3900 1047 3969 διδασκαλίαν,
1079 3900 1231 3955 θείαν
1266 3900 1438 3964 ὅντως
1478 3902 1861 3974 ἐπιστάμενος,

274 3992 360 4047 Σὺ
388 3990 480 4056 δὲ,
505 3987 554 4045 ὦ
582 3992 816 4061 Τιμόθεε
834 3992 966 4064 (85),
995 3994 1179 4066 φησὶν,
1206 3992 1327 4048 ἀπὸ
1347 3991 1619 4063 βρέφους
1642 3994 1717 4049 τὰ
1739 3995 1866 4063 ιερὰ

274 4082 589 4153 γράμματα
613 4080 803 4151 οἶδας,
831 4083 905 4138 τὰ
929 4084 1237 4154 δυνάμενά
1262 4100 1336 4139 σε
1362 4086 1615 4155 σοφίσαι
1640 4087 1729 4153 είς
1753 4102 1870 4140 σω-

277 4177 499 4245 τηρίαν
532 4175 629 4230 διὰ
666 4177 927 4243 πίστεως
950 4178 1020 4230 ἐν
1043 4175 1280 4245 Χριστῷ
1322 4177 1456 4249 (86)-
1484 4178 1613 4247 ιερὰ
1642 4177 1753 4251 γὰρ
1793 4178 1869 4244 ὡς

275 4270 500 4340 ἀληθῶς
525 4268 595 4323 τά
628 4268 1001 4342 ἱεροποιοῦντα
1040 4269 1136 4322 καὶ
1163 4269 1511 4323 θεοποιοῦντα
1538 4270 1649 4341 (87)
1684 4270 1867 4341 πράμ-

272 4377 467 4432 ματαο
499 4361 561 4428 ἐξ
605 4354 682 4416 ὧν
722 4359 1078 4433 γραμμάτων
1119 4361 1216 4413 καὶ
1249 4361 1529 4415 συλλαϐῶν
1558 4361 1669 4415 τῶν
1696 4362 1868 4431 ιερῶν

362 4476 427 4530 ’Β
469 4469 532 4524 Ρ.
574 4471 633 4523 7|
677 4471 785 4525 El).
826 4469 1128 4531 POTTER,
1172 4471 1337 4524 55-56
1380 4470 1487 4523 ΕΙ).
1528 4470 1749 4524 PARIS.

289 4540 337 4569 ’⁸
367 4537 564 4594 Matth.
594 4556 677 4605 ut,
710 4542 762 4595 5.
856 4543 900 4573 ⁷⁸
930 4540 1089 4596 Hebr.
1118 4556 1199 4604 ιιι,
1230 4539 1317 4606 18,
1346 4539 1430 4593 19.
1527 4540 1572 4571 ⁷⁸
1608 4541 1624 4594 l
1651 4540 1792 4596 Tim.
1826 4556 1887 4607 ιι,
1920 4542 1976 4596 4.

289 4621 373 4675 ιιι,
412 4611 501 4663 15.

353 4733 373 4802 (
378 4730 469 4797 77)
509 4729 927 4802 Πρινή.-Πρὶνῆ
957 4730 1092 4783 Nov.
1124 4729 1268 4791 Mox,
1288 4726 1856 4798 κατακολουθήσαντες
1886 4735 1931 4789 ι)

273 4800 997 4876 Ρτδὲατῖιῖίολουρήςαῖταξς,
1029 4802 1192 4855 idem.

351 4873 463 4942 (78)
493 4871 660 4937 Οὐχί.
677 4868 907 4942 _Omittit
930 4869 1068 4942 Nov.

349 4934 467 5013 (79)
519 4934 711 5013 Ἰήσοῒ.
733 4938 798 4991 Α.
829 4940 1003 5013 Ἰησοῦ
1022 4937 1500 5013 niavult_Sylburg.
1517 4934 1703 5013 Quam
1726 4952 1857 5013 con—

272 5006 546 5084 jec‘turam
578 5010 793 5084 ﬁrmare
821 5010 1038 5084 videtur
1073 5026 1176 5065 ms.
1208 5006 1371 5073 Nov.,
1397 5008 1489 5078 qui
1517 5006 1723 5077 Ἰησοῦς
1754 5009 1854 5061 ha—

275 5076 387 5145 bet,
416 5083 537 5138 scil.
575 5098 671 5151 pro
710 5076 905 5148 Ἰησοῦ.

348 5155 465 5222 (80)
517 5146 893 5222 eammeam.
929 5146 1077 5202 Hanc
1107 5165 1295 5204 vocem
1325 5148 1543 5222 quidam
1572 5162 1852 5222 perperam

275 5224 331 5279 in
355 5215 648 5292 ’ὠνήσεσθε
674 5220 989 5292 mutandum
1016 5228 1299 5287 putarunt.
1327 5215 1496 5274 Paulo
1527 5215 1668 5281 ante,
1693 5215 1858 5270 πόσον

277 5309 395 5364 μισ
414 5289 583 5364 πόσου
620 5289 842 5364 liabeth
851 5306 935 5364 ρν.

353 5363 466 5429 (8!)
508 5363 719 5414 Πίστει
770 5358 933 5427 ζωῆς.
970 5358 1201 5424 Quidam
1262 5362 1614 5416 scribendum
1662 5364 1858 5427 putant

281 5433 462 5486 πίστει
503 5431 673 5500 ζωρᾷ,
726 5432 830 5498 ﬁde
878 5447 1039 5493 mera,
1079 5430 1283 5500 sincera
1341 5432 1497 5496 Quod
1535 5431 1853 5485 inusitatum

278 5520 402 5560 esse
432 5499 663 5553 videtur.
697 5500 863 5554 Forte
904 5500 1047 5571 ζωῆς
1087 5499 1243 5568 juxta
1286 5502 1652 5571 πολυτίμητον
1684 5515 1857 5566 σωτη-

281 5575 421 5647 ρίαν,
459 5572 927 5649 interpretamcuti
956 5572 1093 5649 loco,
1125 5571 1178 5649 in
1196 5571 1441 5639 margine
1475 5572 1600 5625 libri
1626 5571 1858 5625 adnota-

278 5642 416 5701 tum.
451 5647 634 5711 postea
668 5642 720 5690 in
750 5649 960 5711 textum
991 5642 1224 5711 irrepsit.

351 5706 477 5793 (892)·
516 5712 567 5763 Ὁ
606 5706 1175 5793 ἸθαὲῄσιοςΔγέρων.
1204 5707 1850 5793 _l_J_,lysscs.Respic1tau-
1906 5742 1907 5745 η

279 5777 388 5842 tem
417 5785 671 5840 Clemens
697 5777 887 5847 Odyss.
922 5777 987 5845 Α,
1023 5777 1165 5838 vers.
1201 5777 1299 5837 ὅτε

562 5892 747 5962 αὐτὰρ
785 5890 1130 5958 Ὀδυσσεὺς,

1862 4474 1905 4504 ⁷⁸
1943 4470 2102 4527 Joau.
2147 4488 2183 4531 I,
2223 4473 2275 4524 9.

1975 2072 2221 2126 scendam
2248 2075 2523 2128 veritatem
2559 2075 2625 2129 ⁷⁸.
2666 2072 2803 2140 Quae
2833 2083 2919 2130 est
2956 2072 3137 2142 igitur
3166 2087 3232 2126 ea
3276 2070 3519 2140 cognitio
3543 2069 3570 2123 2

1974 2162 2148 2233 pietas
2184 2180 2314 2235 erga
2354 2164 2544 2220 Deum.
2586 2165 2657 2218 At
2696 2166 2865 2235 pietas
2917 2164 2986 2216 ad
3037 2164 3219 2216 omnia
3264 2161 3415 2214 utilis
3463 2171 3564 2224 est,

1974 2254 2191 2309 dicente
2228 2253 2399 2309 Paulo
2422 2257 2489 2322 ⁷⁷,
2514 2265 2572 2308 ut
2606 2271 2724 2325 qua
2756 2255 3159 2324 promissionem
3207 2252 3400 2307 habeat
3443 2253 3569 2307 vita

1971 2349 2249 2419 prasentis
2272 2365 2335 2401 ac
2362 2349 2581 2417 futuris.
2620 2346 2681 2401 Si
2725 2356 2926 2401 aeterna
2951 2346 3059 2400 vita
3096 2362 3290 2401 venum
3318 2359 3563 2416 expone-

1972 2448 2145 2505 retur,
2189 2439 2379 2508 quanti
2414 2454 2535 2504 vos,
2582 2453 2615 2491 ο
2644 2437 2919 2503 homines,
2954 2453 3075 2491 cam
3105 2446 3391 2505 empturos
3427 2452 3563 2506 pro-

1972 2528 2302 2583 mitterctis?
2352 2525 2430 2582 Ne
2476 2528 2522 2581 si
2548 2525 2835 2581 Pactolum
2867 2525 3112 2595 quidem,
3144 2524 3239 2595 qui
3272 2532 3424 2579 totus
3457 2538 3559 2576 au~

1972 2635 2089 2685 reo,
2126 2628 2189 2675 ut
2208 2628 2295 2675 est
2329 2622 2383 2674 in
2414 2618 2641 2685 fabulis,
2680 2617 2926 2673 decurrit
2953 2616 3203 2682 ﬂumine,
3243 2616 3371 2686 quis
3398 2615 3563 2671 dede-

1973 2712 2067 2778 rit,
2093 2726 2191 2781 pro
2224 2710 2400 2766 salute
2412 2710 2627 2777 justum
2660 2708 2901 2778 pretium
2928 2706 3320 2761 numeraverit.
3360 2704 3564 2772 Quana-

1973 2802 2168 2857 obrem
2222 2818 2292 2857 ne
2326 2817 2424 2857 vos
2466 2801 2688 2856 animus
2715 2798 2951 2855 deﬁciat.
2988 2797 3142 2853 Licet
3184 2798 3362 2861 vobis,
3398 2799 3444 2852 si
3478 2798 3562 2852 vi-

1972 2895 2152 2961 detur,
2185 2894 2326 2949 hanc
2354 2892 2810 2963 pretiosissimam
2842 2891 3075 2946 salutem
3100 2890 3343 2961 propriis
3361 2890 3560 2945 vestris

1970 2986 2270 3053 thesauris,
2299 2986 2585 3053 charitate,
2609 2985 2844 3054 vivaque
2860 2983 2985 3049 ﬁde,
3019 2999 3144 3054 quae
3168 2997 3379 3037 merces
3412 2982 3559 3037 haud

1932 3148 1935 3149 ν
1970 3080 2179 3149 iniusta
2222 3087 2531 3149 reputatur,
2573 3092 2779 3133 emere.
2826 3074 2947 3132 Hoc
2988 3076 3224 3146 pretium
3264 3074 3411 3130 Deus
3465 3074 3553 3130 lu-

1970 3172 2163 3228 benter
2213 3173 2455 3242 accipit:
2500 3169 2843 3240 Speravimus
2877 3170 3024 3224 enim
3062 3171 3120 3223 in
3153 3168 3263 3223 Deo
3293 3169 3428 3236 vivo,
3466 3170 3560 3241 qui

1969 3271 2047 3316 est
2082 3273 2318 3317 servator
2347 3263 2585 3316 omnium
2628 3262 2922 3327 hominum,
2967 3261 3233 3331 pracipue
3264 3276 3395 3315 vero
3427 3260 3562 3330 ﬁde-

1974 3356 2107 3409 lium
2151 3355 2217 3410 '3.
2261 3354 2453 3409 Caneri
2487 3362 2670 3408 autem
2702 3352 2931 3415 mundo,
2968 3353 3118 3406 velut
3167 3352 3288 3421 alga
3325 3351 3556 3406 marinis

1976 3446 2227 3515 rupibus,
2278 3443 2644 3507 circumnati,
2706 3443 3175 3498 immortalitatem
3243 3451 3551 3512 spernunt:

1976 3535 2442 3606 quemadmodum
2480 3533 2784 3590 Ithacensis
2841 3534 2934 3589 ille
2991 3549 3187 3601 senex,
3234 3535 3385 3590 haud
3432 3534 3558 3606 qui-

1973 3628 2097 3684 dem
2121 3644 2265 3683 verae
2295 3627 2648 3696 cmlestisque
2696 3626 2911 3695 patriae,
2948 3634 3044 3681 aut
3074 3641 3217 3681 verae
3247 3626 3410 3691 lucis,
3460 3626 3559 3682 sed

1972 3721 2110 3789 fumi
2132 3722 2397 3775 desiderio
2428 3720 2712 3791 ﬂagrabat.
2746 3718 2931 3773 Pietas
2956 3728 3161 3785 autem,
3186 3727 3247 3773 ut
3275 3718 3555 3773 hominem

1969 3812 2104 3880 Deo,
2150 3813 2333 3883 quoad
2374 3822 2576 3883 potest,
2623 3810 2909 3877 assimilet,
2942 3811 3199 3865 idoneum
3235 3810 3343 3881 ipsi
3374 3810 3552 3882 magi-

1967 3913 2144 3959 strum
2168 3903 2339 3958 Deum
2362 3904 2610 3967 ascribit,
2638 3902 2734 3973 qui
2761 3903 2916 3957 solus
2946 3902 3251 3962 hominem.
3275 3910 3439 3972 prout
3470 3911 3556 3957 est

1971 3996 2224 4067 dignum,
2253 3994 2366 4050 Deo
2410 3994 2648 4050 similem
2689 3993 2905 4049 eﬁicere
2938 3994 3104 4049 valet.
3135 3992 3314 4060 Quam
3350 3993 3556 4049 doctri-

1971 4103 2099 4142 nam
2127 4101 2252 4141 cum
2300 4086 2601 4156 Apostolus
2634 4101 2771 4151 vere
2811 4086 3054 4141 divinam
3092 4101 3215 4141 esse
3255 4085 3438 4139 sciat:
3473 4083 3554 4139 Tu

1972 4193 2170 4243 autem,
2217 4179 2418 4249 inquit,
2462 4195 2492 4232 ο
2527 4176 2817 4245 Timotltee,
2860 4195 2893 4231 a
2922 4194 3086 4248 puero
3124 4193 3309 4231 sacras
3336 4175 3550 4229 litteras

1973 4271 2187 4336 novisti,
2213 4285 2332 4341 qua:
2354 4280 2403 4324 te
2422 4278 2643 4340 possunt
2666 4269 2955 4338 sapientem
2981 4266 3196 4320 reddere
3223 4265 3294 4319 ad
3321 4264 3551 4319 salutem

1972 4379 2066 4433 per
2083 4364 2268 4434 ﬁdem,
2298 4378 2417 4433 qua:
2440 4363 2587 4416 estin
2616 4361 2827 4416 Christo
2853 4361 2897 4392 ⁷³
2912 4358 3067 4423 ;ﬁeri
3091 4358 3240 4413 enim
3255 4356 3465 4428 nequit,
3489 4364 3553 4411 ut

2386 4474 2430 4502 ⁷³
2468 4472 2487 4523 l
2529 4470 2668 4525 Tim.
2708 4487 2744 4529 l.
2790 4472 2874 4524 14.
2986 4473 3033 4503 ⁷³
3069 4472 3212 4527 Psal.
3260 4490 3404 4529 XCIV.
3455 4476 3539 4530 10.

2071 4542 2115 4574 ⁷⁷
2150 4540 2171 4593 Ι
2199 4540 2338 4595 Tim.
2377 4558 2427 4595 tv
2452 4578 2467 4604 ,
2499 4538 2553 4593 8.
2648 4541 2693 4572 "
2728 4540 2748 4594 Ι
2777 4540 2918 4597 Tim.
2947 4557 3022 4608 ιν,
3059 4542 3147 4597 10.
3236 4544 3283 4577 ’⁸
3317 4543 3362 4598 ιι
3396 4542 3542 4603 Tini.

2100 4726 2363 4818 legar-pic
2387 4726 2497 4818 καὶ
2507 4726 2746 4818 καπνὸν
2769 4728 3242 4818 ἀποθρώσκοντα
3258 4729 3479 4799 νοῆσαι

2129 4801 2217 4864 Ης
2236 4799 2434 4867 γαίης,
2463 4798 2704 4854 θανέειν
2727 4800 3008 4869 ἱμείρεται

2434 4890 2697 4947 therum
2729 4891 2772 4945 ι]
2781 4893 2944 4962 lysses

2104 4959 2334 5030 Cupiens
2359 4962 2436 5015 vel
2469 4963 2671 5018 fumum
2702 4959 3028 5015 cxsilientem
3052 4960 3223 5014 videre

2108 5030 2233 5086 Sua:
2261 5043 2435 5096 terrae,
2470 5034 2606 5084 mori
2635 5033 2903 5084 desiderat

2034 5122 2147 5192 (85)
2192 5124 2322 5177 Τόν.
2361 5122 2572 5175 Omittit
2600 5121 2735 5176 Nov.

2034 5193 2146 5262 (84)
2202 5194 2574 5257 Ἀπόστολος.
2610 5192 2788 5245 Malim
2826 5194 2855 5245 ὁ
2906 5192 3252 5256 Ἀπὸστολος,
3289 5209 3411 5247 cum
3454 5211 3544 5247 ar-

1956 5261 2150 5325 ticulo,
2187 5274 2247 5318 ut
2275 5274 2327 5317 et
2356 5263 2482 5316 alibi
2502 5263 2730 5331 passim.
2768 5262 3037 5318 Sanunc.
3070 5265 3224 5318 Hanc
3253 5264 3539 5319 lectionem

1954 5331 2137 5385 ﬁrmat
2166 5332 2304 5386 Nov.

2028 5402 2140 5469 (85)
2185 5399 2253 5454 Ὦ
2292 5405 2545 5471 Τιμόθεε.
2575 5400 2873 5456 Clementis
2906 5403 3362 5458 additamentum.

1954 5539 1999 5595 ϐ
2028 5472 2141 5544 (86)
2174 5471 2445 5539 Πίστεως
2489 5474 2560 5526 ἐν
2608 5474 2673 5525 Χ.
2736 5472 2982 5536 Πίστεως
3036 5476 3133 5545 τῆς
3179 5475 3237 5525 ἐν
3287 5474 3357 5528 Χ.
3396 5472 3539 5529 Bibl.

2005 5558 2128 5595 nec.

2005 5558 2128 5595 mc.

2028 5611 2139 5680 (87)
2184 5613 2601 5666 Θεοποιοῦντα.
2647 5610 2924 5677 Clemens,
2954 5612 3234 5666 Platonem
3288 5621 3539 5679 secutus,

1964 5697 2107 5749 sape
2149 5682 2281 5735 dicit
2329 5684 2583 5738 homines
2624 5697 2717 5750 per
2756 5682 3012 5738 virtutem
3045 5699 3110 5736 ac
3141 5684 3397 5751 pietatem
3427 5700 3538 5739 non

1965 5753 2143 5808 solum
2166 5751 2274 5805 Deo
2304 5751 2735 5815 assimilari,sed
2771 5756 2936 5808 etiam
2969 5756 3098 5809 deos
3131 5754 3545 5821 quodammodo

1966 5823 2105 5877 ﬁeri.
2137 5822 2292 5879 Coni.
2332 5823 2497 5893 hujus
2526 5823 2646 5879 libri
2677 5838 2802 5893 pag.
2840 5824 2926 5894 71,
2959 5834 3011 5879 et
3042 5837 3163 5894 qua:
3186 5822 3262 5878 ibi
3282 5824 3543 5881 adnotata

1962 5901 2141 5948 erunt.
