  <div class='ocr_page' id='page_1' title='image "/cluster/home/n/w/nwhite01/storage/ocr_20150623/8/nnc1.0065752333/374.png"; bbox 0 0 4512 6580; ppageno 0'>
   <div class='ocr_carea' id='block_1_1' title="bbox 426 401 3674 478">
    <p class='ocr_par' dir='ltr' id='par_1_1' title="bbox 426 401 3674 478">
     <span class='ocr_line' id='line_1_1' title="bbox 426 401 3674 478; baseline 0.006 -22"><span class='ocrx_word' id='word_1_1' title='bbox 426 401 531 457; x_wconf 77' lang='lat'><strong>709</strong></span> <span class='ocrx_word' id='word_1_2' title='bbox 1629 404 2060 463; x_wconf 75' lang='lat' dir='ltr'><strong>S&#39;I&#39;ROMATUM</strong></span> <span class='ocrx_word' id='word_1_3' title='bbox 2101 408 2230 464; x_wconf 83' lang='lat' dir='ltr'><strong>LIB.</strong></span> <span class='ocrx_word' id='word_1_4' title='bbox 2266 411 2306 465; x_wconf 88' lang='lat' dir='ltr'><strong>I.</strong></span> <span class='ocrx_word' id='word_1_5' title='bbox 3566 418 3674 478; x_wconf 80' lang='lat' dir='ltr'><strong>7w</strong></span> 
     </span>
    </p>
   </div>
   <div class='ocr_carea' id='block_1_2' title="bbox 1836 520 2256 591">
    <p class='ocr_par' dir='ltr' id='par_1_2' title="bbox 1836 520 2256 591">
     <span class='ocr_line' id='line_1_2' title="bbox 1836 520 2256 591; baseline 0.007 -19"><span class='ocrx_word' id='word_1_6' title='bbox 1836 526 1894 582; x_wconf 64' lang='grc' dir='ltr'><strong>»ιη</strong></span> <span class='ocrx_word' id='word_1_7' title='bbox 1915 520 2140 575; x_wconf 85' lang='lat' dir='ltr'><strong>CAPUT</strong></span> <span class='ocrx_word' id='word_1_8' title='bbox 2182 521 2256 591; x_wconf 70' lang='grc' dir='ltr'><strong>,ιι</strong></span> 
     </span>
    </p>
   </div>
   <div class='ocr_carea' id='block_1_3' title="bbox 504 610 3595 694">
    <p class='ocr_par' dir='ltr' id='par_1_3' title="bbox 504 610 3595 694">
     <span class='ocr_line' id='line_1_3' title="bbox 504 610 3595 694; baseline 0.004 -23"><span class='ocrx_word' id='word_1_9' title='bbox 504 611 756 671; x_wconf 77' lang='lat' dir='ltr'><strong>Occurrit</strong></span> <span class='ocrx_word' id='word_1_10' title='bbox 793 610 1139 681; x_wconf 83' lang='lat' dir='ltr'><strong>quorumdam</strong></span> <span class='ocrx_word' id='word_1_11' title='bbox 1176 612 1485 681; x_wconf 81' lang='lat' dir='ltr'><strong>objectioni,</strong></span> <span class='ocrx_word' id='word_1_12' title='bbox 1526 612 1952 694; x_wconf 35' lang='lat' dir='ltr'><strong>vituperantium.</strong></span> <span class='ocrx_word' id='word_1_13' title='bbox 1973 616 2110 683; x_wconf 86' lang='lat' dir='ltr'><strong>quod</strong></span> <span class='ocrx_word' id='word_1_14' title='bbox 2155 626 2266 669; x_wconf 89' lang='lat' dir='ltr'><strong>tam</strong></span> <span class='ocrx_word' id='word_1_15' title='bbox 2306 617 2470 670; x_wconf 86' lang='lat' dir='ltr'><strong>multa</strong></span> <span class='ocrx_word' id='word_1_16' title='bbox 2540 634 2567 670; x_wconf 80' lang='grc' dir='ltr'><strong>ε</strong></span> <span class='ocrx_word' id='word_1_17' title='bbox 2601 617 2933 687; x_wconf 76' lang='lat' dir='ltr'><strong>philosophia</strong></span> <span class='ocrx_word' id='word_1_18' title='bbox 2974 618 3249 691; x_wconf 77' lang='lat' dir='ltr'><strong>desumpta</strong></span> <span class='ocrx_word' id='word_1_19' title='bbox 3291 624 3445 680; x_wconf 77' lang='lat' dir='ltr'><strong>libris</strong></span> <span class='ocrx_word' id='word_1_20' title='bbox 3484 642 3595 682; x_wconf 73' lang='lat' dir='ltr'><strong>suis</strong></span> 
     </span>
    </p>
   </div>
   <div class='ocr_carea' id='block_1_4' title="bbox 1934 697 2158 738">
    <p class='ocr_par' dir='ltr' id='par_1_4' title="bbox 1934 697 2158 738">
     <span class='ocr_line' id='line_1_4' title="bbox 1934 697 2158 738; baseline 0.018 -4"><span class='ocrx_word' id='word_1_21' title='bbox 1934 697 2158 738; x_wconf 70' lang='lat' dir='ltr'><strong>inserat.</strong></span> 
     </span>
    </p>
   </div>
   <div class='ocr_carea' id='block_1_5' title="bbox 512 776 2294 853">
    <p class='ocr_par' dir='ltr' id='par_1_5' title="bbox 512 776 2294 850">
     <span class='ocr_line' id='line_1_5' title="bbox 512 776 2294 850; baseline 0 -17"><span class='ocrx_word' id='word_1_22' title='bbox 512 780 681 848; x_wconf 80' lang='grc' dir='ltr'>’Υπὲρ</span> <span class='ocrx_word' id='word_1_23' title='bbox 732 776 788 831; x_wconf 81' lang='grc' dir='ltr'>δὲ</span> <span class='ocrx_word' id='word_1_24' title='bbox 832 776 940 829; x_wconf 81' lang='grc' dir='ltr'><strong>τῶν</strong></span> <span class='ocrx_word' id='word_1_25' title='bbox 985 777 1386 849; x_wconf 81' lang='grc' dir='ltr'><strong>ὑπομνημάτων</strong></span> <span class='ocrx_word' id='word_1_26' title='bbox 1438 776 1545 829; x_wconf 82' lang='grc' dir='ltr'><strong>τῶν</strong></span> <span class='ocrx_word' id='word_1_27' title='bbox 1569 778 1991 850; x_wconf 78' lang='grc' dir='ltr'><strong>περιειληφότων</strong></span> <span class='ocrx_word' id='word_1_28' title='bbox 2022 788 2067 840; x_wconf 76' lang='grc' dir='ltr'><strong>Α</strong></span> <span class='ocrx_word' id='word_1_29' title='bbox 2169 779 2241 834; x_wconf 85' lang='lat' dir='ltr'><strong>De</strong></span> <span class='ocrx_word' id='word_1_30' title='bbox 2275 797 2294 835; x_wconf 86' lang='lat'><strong>(</strong></span> 
     </span>
    </p>
   </div>
   <div class='ocr_carea' id='block_1_6' title="bbox 1886 776 3668 853">
    <p class='ocr_par' dir='ltr' id='par_1_6' title="bbox 1888 779 3668 853">
     <span class='ocr_line' id='line_1_6' title="bbox 1888 779 3668 853; baseline 0.01 -24"><span class='ocrx_word' id='word_1_31' title='bbox 1888 795 1991 829; x_wconf 83' lang='grc' dir='ltr'><strong>των</strong></span> <span class='ocrx_word' id='word_1_32' title='bbox 2022 788 2067 840; x_wconf 76' lang='grc' dir='ltr'><strong>Α</strong></span> <span class='ocrx_word' id='word_1_33' title='bbox 2169 779 2241 834; x_wconf 87' lang='lat' dir='ltr'><strong>De</strong></span> <span class='ocrx_word' id='word_1_34' title='bbox 2275 782 2682 838; x_wconf 90' lang='lat' dir='ltr'><strong>commentariis</strong></span> <span class='ocrx_word' id='word_1_35' title='bbox 2712 794 2893 838; x_wconf 87' lang='lat' dir='ltr'><strong>autem</strong></span> <span class='ocrx_word' id='word_1_36' title='bbox 2929 782 3110 849; x_wconf 88' lang='lat' dir='ltr'><strong>hisce,</strong></span> <span class='ocrx_word' id='word_1_37' title='bbox 3147 784 3277 853; x_wconf 90' lang='lat' dir='ltr'><strong>qui,</strong></span> <span class='ocrx_word' id='word_1_38' title='bbox 3311 801 3435 841; x_wconf 91' lang='lat' dir='ltr'><strong>cum</strong></span> <span class='ocrx_word' id='word_1_39' title='bbox 3472 804 3668 846; x_wconf 79' lang='lat' dir='ltr'><strong>neces-</strong></span> 
     </span>
    </p>
   </div>
   <div class='ocr_carea' id='block_1_7' title="bbox 424 868 1991 943">
    <p class='ocr_par' dir='ltr' id='par_1_7' title="bbox 424 868 1991 943">
     <span class='ocr_line' id='line_1_7' title="bbox 424 868 1991 943; baseline -0.002 -17"><span class='ocrx_word' id='word_1_40' title='bbox 424 871 564 926; x_wconf 87' lang='grc' dir='ltr'><strong>κατά</strong></span> <span class='ocrx_word' id='word_1_41' title='bbox 600 868 727 931; x_wconf 79' lang='grc' dir='ltr'>τοὺς</span> <span class='ocrx_word' id='word_1_42' title='bbox 767 868 1092 938; x_wconf 83' lang='grc' dir='ltr'><strong>ἀναγκαίους</strong></span> <span class='ocrx_word' id='word_1_43' title='bbox 1135 868 1361 939; x_wconf 82' lang='grc' dir='ltr'>καιροὺς</span> <span class='ocrx_word' id='word_1_44' title='bbox 1404 868 1503 938; x_wconf 80' lang='grc' dir='ltr'>τὴν</span> <span class='ocrx_word' id='word_1_45' title='bbox 1552 870 1867 943; x_wconf 83' lang='grc' dir='ltr'>Ἑλληνικὴν</span> <span class='ocrx_word' id='word_1_46' title='bbox 1910 870 1991 923; x_wconf 83' lang='grc' dir='ltr'><strong>δό-</strong></span> 
     </span>
    </p>
   </div>
   <div class='ocr_carea' id='block_1_8' title="bbox 424 957 1988 1033">
    <p class='ocr_par' dir='ltr' id='par_1_8' title="bbox 424 957 1988 1033">
     <span class='ocr_line' id='line_1_8' title="bbox 424 957 1988 1033; baseline -0.001 -18"><span class='ocrx_word' id='word_1_47' title='bbox 424 964 521 1029; x_wconf 81' lang='grc' dir='ltr'><strong>ξαν</strong></span> <span class='ocrx_word' id='word_1_48' title='bbox 542 1001 559 1026; x_wconf 94' lang='grc'><strong>,</strong></span> <span class='ocrx_word' id='word_1_49' title='bbox 586 960 837 1013; x_wconf 81' lang='grc' dir='ltr'>τοσοῦτόν</span> <span class='ocrx_word' id='word_1_50' title='bbox 863 978 1002 1033; x_wconf 85' lang='grc' dir='ltr'>φημι</span> <span class='ocrx_word' id='word_1_51' title='bbox 1028 964 1141 1024; x_wconf 86' lang='grc' dir='ltr'>τοῖς</span> <span class='ocrx_word' id='word_1_52' title='bbox 1169 957 1563 1030; x_wconf 81' lang='grc' dir='ltr'>φιλεγκλήμοσι</span> <span class='ocrx_word' id='word_1_53' title='bbox 1584 979 1597 991; x_wconf 73' lang='grc' dir='ltr'><strong><em>ο</em></strong></span> <span class='ocrx_word' id='word_1_54' title='bbox 1627 961 1843 1031; x_wconf 81' lang='grc' dir='ltr'>πρῶτον</span> <span class='ocrx_word' id='word_1_55' title='bbox 1872 962 1988 1031; x_wconf 84' lang='grc' dir='ltr'>μὲν,</span> 
     </span>
    </p>
   </div>
   <div class='ocr_carea' id='block_1_9' title="bbox 422 1049 1991 1124">
    <p class='ocr_par' dir='ltr' id='par_1_9' title="bbox 422 1049 1991 1124">
     <span class='ocr_line' id='line_1_9' title="bbox 422 1049 1991 1124; baseline 0 -19"><span class='ocrx_word' id='word_1_56' title='bbox 422 1056 471 1105; x_wconf 80' lang='grc' dir='ltr'><strong>εί</strong></span> <span class='ocrx_word' id='word_1_57' title='bbox 513 1054 605 1106; x_wconf 79' lang='grc' dir='ltr'><strong>καὶ</strong></span> <span class='ocrx_word' id='word_1_58' title='bbox 649 1052 914 1124; x_wconf 83' lang='grc' dir='ltr'>ἄχρηστος</span> <span class='ocrx_word' id='word_1_59' title='bbox 956 1052 1041 1124; x_wconf 82' lang='grc' dir='ltr'><strong>εἴη</strong></span> <span class='ocrx_word' id='word_1_60' title='bbox 1086 1049 1389 1121; x_wconf 82' lang='grc' dir='ltr'><strong>φιλοσοφία,</strong></span> <span class='ocrx_word' id='word_1_61' title='bbox 1418 1052 1465 1103; x_wconf 86' lang='grc' dir='ltr'><strong>εί</strong></span> <span class='ocrx_word' id='word_1_62' title='bbox 1498 1052 1795 1124; x_wconf 76' lang='grc' dir='ltr'><strong>εὔχρηστος</strong></span> <span class='ocrx_word' id='word_1_63' title='bbox 1832 1055 1863 1122; x_wconf 90' lang='grc' dir='ltr'><strong>ή</strong></span> <span class='ocrx_word' id='word_1_64' title='bbox 1895 1054 1991 1123; x_wconf 84' lang='grc' dir='ltr'>τῆς</span> 
     </span>
    </p>
   </div>
   <div class='ocr_carea' id='block_1_10' title="bbox 420 1142 1991 1214">
    <p class='ocr_par' dir='ltr' id='par_1_10' title="bbox 420 1142 1991 1214">
     <span class='ocr_line' id='line_1_10' title="bbox 420 1142 1991 1214; baseline -0.003 -15"><span class='ocrx_word' id='word_1_65' title='bbox 420 1144 718 1214; x_wconf 80' lang='grc' dir='ltr'><strong>ἀχρηστίας</strong></span> <span class='ocrx_word' id='word_1_66' title='bbox 744 1144 1048 1214; x_wconf 88' lang='grc' dir='ltr'>βεϐαίωσις,</span> <span class='ocrx_word' id='word_1_67' title='bbox 1076 1143 1371 1213; x_wconf 74' lang='grc' dir='ltr'><strong>εὔχρηστος</strong></span> <span class='ocrx_word' id='word_1_68' title='bbox 1389 1160 1401 1172; x_wconf 92' lang='grc'><strong>·</strong></span> <span class='ocrx_word' id='word_1_69' title='bbox 1432 1143 1653 1207; x_wconf 82' lang='grc' dir='ltr'>ἔπειτα,</span> <span class='ocrx_word' id='word_1_70' title='bbox 1677 1142 1798 1195; x_wconf 78' lang='grc' dir='ltr'>οὐδὲ</span> <span class='ocrx_word' id='word_1_71' title='bbox 1826 1160 1991 1196; x_wconf 90' lang='grc' dir='ltr'>κατα-</span> 
     </span>
    </p>
   </div>
   <div class='ocr_carea' id='block_1_11' title="bbox 417 1229 1988 1308">
    <p class='ocr_par' dir='ltr' id='par_1_11' title="bbox 417 1229 1988 1308">
     <span class='ocr_line' id='line_1_11' title="bbox 417 1229 1988 1308; baseline -0.02 -15"><span class='ocrx_word' id='word_1_72' title='bbox 417 1236 750 1308; x_wconf 77' lang='grc' dir='ltr'>ψηφίσασθαι</span> <span class='ocrx_word' id='word_1_73' title='bbox 777 1238 885 1292; x_wconf 87' lang='grc' dir='ltr'><strong>τῶν</strong></span> <span class='ocrx_word' id='word_1_74' title='bbox 927 1236 1193 1306; x_wconf 82' lang='grc' dir='ltr'><strong>Ἐλλήνων</strong></span> <span class='ocrx_word' id='word_1_75' title='bbox 1218 1229 1327 1289; x_wconf 80' lang='grc' dir='ltr'>οἷόν</span> <span class='ocrx_word' id='word_1_76' title='bbox 1352 1252 1410 1287; x_wconf 92' lang='grc' dir='ltr'><strong>τε</strong></span> <span class='ocrx_word' id='word_1_77' title='bbox 1433 1275 1447 1300; x_wconf 90' lang='grc'><strong>,</strong></span> <span class='ocrx_word' id='word_1_78' title='bbox 1476 1236 1604 1306; x_wconf 71' lang='grc' dir='ltr'>ψιλῇ</span> <span class='ocrx_word' id='word_1_79' title='bbox 1633 1237 1700 1305; x_wconf 72' lang='grc' dir='ltr'><strong>τῇ</strong></span> <span class='ocrx_word' id='word_1_80' title='bbox 1732 1235 1857 1306; x_wconf 57' lang='grc' dir='ltr'>περὶ</span> <span class='ocrx_word' id='word_1_81' title='bbox 1882 1235 1988 1289; x_wconf 72' lang='grc' dir='ltr'><strong>τῶν</strong></span> 
     </span>
    </p>
   </div>
   <div class='ocr_carea' id='block_1_12' title="bbox 416 1324 1988 1396">
    <p class='ocr_par' dir='ltr' id='par_1_12' title="bbox 416 1324 1988 1396">
     <span class='ocr_line' id='line_1_12' title="bbox 416 1324 1988 1396; baseline -0.001 -17"><span class='ocrx_word' id='word_1_82' title='bbox 416 1326 880 1396; x_wconf 86' lang='grc' dir='ltr'>δογματισθέντων</span> <span class='ocrx_word' id='word_1_83' title='bbox 923 1326 1109 1385; x_wconf 80' lang='grc' dir='ltr'>αὐτοῖς</span> <span class='ocrx_word' id='word_1_84' title='bbox 1146 1324 1458 1394; x_wconf 84' lang='grc' dir='ltr'><strong>χρωμένους</strong></span> <span class='ocrx_word' id='word_1_85' title='bbox 1506 1325 1724 1396; x_wconf 84' lang='grc' dir='ltr'><strong>φράσει,</strong></span> <span class='ocrx_word' id='word_1_86' title='bbox 1767 1324 1839 1395; x_wconf 80' lang='grc' dir='ltr'>μὴ</span> <span class='ocrx_word' id='word_1_87' title='bbox 1867 1341 1988 1377; x_wconf 87' lang='grc' dir='ltr'>συν-</span> 
     </span>
    </p>
   </div>
   <div class='ocr_carea' id='block_1_13' title="bbox 417 1414 1987 1488">
    <p class='ocr_par' dir='ltr' id='par_1_13' title="bbox 417 1414 1987 1488">
     <span class='ocr_line' id='line_1_13' title="bbox 417 1414 1987 1488; baseline 0.002 -19"><span class='ocrx_word' id='word_1_88' title='bbox 417 1418 767 1486; x_wconf 87' lang='grc' dir='ltr'>εμϐαίνοντας</span> <span class='ocrx_word' id='word_1_89' title='bbox 808 1420 887 1480; x_wconf 86' lang='grc' dir='ltr'><strong>είς</strong></span> <span class='ocrx_word' id='word_1_90' title='bbox 930 1416 1028 1485; x_wconf 76' lang='grc' dir='ltr'>τὴν</span> <span class='ocrx_word' id='word_1_91' title='bbox 1068 1414 1206 1467; x_wconf 87' lang='grc' dir='ltr'><strong>κατά</strong></span> <span class='ocrx_word' id='word_1_92' title='bbox 1260 1416 1421 1488; x_wconf 85' lang='grc' dir='ltr'><strong>μέρος</strong></span> <span class='ocrx_word' id='word_1_93' title='bbox 1458 1417 1586 1487; x_wconf 85' lang='grc' dir='ltr'>ἀχρι</span> <span class='ocrx_word' id='word_1_94' title='bbox 1630 1415 1987 1483; x_wconf 79' lang='grc' dir='ltr'>συγγνώσεως</span> 
     </span>
    </p>
   </div>
   <div class='ocr_carea' id='block_1_14' title="bbox 416 1502 1986 1578">
    <p class='ocr_par' dir='ltr' id='par_1_14' title="bbox 416 1502 1986 1578">
     <span class='ocr_line' id='line_1_14' title="bbox 416 1502 1986 1578; baseline 0.001 -21"><span class='ocrx_word' id='word_1_95' title='bbox 416 1507 727 1576; x_wconf 68' lang='grc' dir='ltr'>ἐκκάλυψιν.</span> <span class='ocrx_word' id='word_1_96' title='bbox 776 1506 975 1567; x_wconf 85' lang='grc' dir='ltr'>Πιστὸς</span> <span class='ocrx_word' id='word_1_97' title='bbox 1015 1506 1124 1574; x_wconf 81' lang='grc' dir='ltr'>γὰρ</span> <span class='ocrx_word' id='word_1_98' title='bbox 1164 1502 1222 1557; x_wconf 82' lang='grc' dir='ltr'>εὖ</span> <span class='ocrx_word' id='word_1_99' title='bbox 1255 1505 1395 1575; x_wconf 88' lang='grc' dir='ltr'>μάλα</span> <span class='ocrx_word' id='word_1_100' title='bbox 1440 1507 1470 1558; x_wconf 85' lang='grc' dir='ltr'>ὁ</span> <span class='ocrx_word' id='word_1_101' title='bbox 1524 1506 1640 1575; x_wconf 87' lang='grc' dir='ltr'>μετ’</span> <span class='ocrx_word' id='word_1_102' title='bbox 1694 1506 1986 1578; x_wconf 76' lang='grc' dir='ltr'><strong>ἐμπειρίας</strong></span> 
     </span>
    </p>
   </div>
   <div class='ocr_carea' id='block_1_15' title="bbox 413 1597 1983 1671">
    <p class='ocr_par' dir='ltr' id='par_1_15' title="bbox 413 1597 1983 1671">
     <span class='ocr_line' id='line_1_15' title="bbox 413 1597 1983 1671; baseline 0.001 -21"><span class='ocrx_word' id='word_1_103' title='bbox 413 1598 658 1669; x_wconf 77' lang='grc' dir='ltr'>ἔλεγχος·</span> <span class='ocrx_word' id='word_1_104' title='bbox 711 1601 794 1652; x_wconf 82' lang='grc' dir='ltr'>ὅτι</span> <span class='ocrx_word' id='word_1_105' title='bbox 836 1599 931 1650; x_wconf 75' lang='grc' dir='ltr'><strong>καὶ</strong></span> <span class='ocrx_word' id='word_1_106' title='bbox 960 1597 1266 1670; x_wconf 67' lang='grc' dir='ltr'><strong>τελειοτάτη</strong></span> <span class='ocrx_word' id='word_1_107' title='bbox 1310 1598 1581 1662; x_wconf 79' lang='grc' dir='ltr'>ἀπόδειξις</span> <span class='ocrx_word' id='word_1_108' title='bbox 1611 1599 1922 1669; x_wconf 85' lang='grc' dir='ltr'>εὑρίσκεται</span> <span class='ocrx_word' id='word_1_109' title='bbox 1950 1603 1983 1671; x_wconf 89' lang='grc' dir='ltr'><strong>ή</strong></span> 
     </span>
    </p>
   </div>
   <div class='ocr_carea' id='block_1_16' title="bbox 413 1686 1983 1763">
    <p class='ocr_par' dir='ltr' id='par_1_16' title="bbox 413 1686 1983 1763">
     <span class='ocr_line' id='line_1_16' title="bbox 413 1686 1983 1763; baseline -0.001 -18"><span class='ocrx_word' id='word_1_110' title='bbox 413 1694 611 1760; x_wconf 85' lang='grc' dir='ltr'>γνῶσις</span> <span class='ocrx_word' id='word_1_111' title='bbox 648 1694 756 1745; x_wconf 84' lang='grc' dir='ltr'><strong>τῶν</strong></span> <span class='ocrx_word' id='word_1_112' title='bbox 797 1691 1275 1760; x_wconf 83' lang='grc' dir='ltr'><strong>κατεγνωσμένων.</strong></span> <span class='ocrx_word' id='word_1_113' title='bbox 1325 1690 1505 1744; x_wconf 85' lang='grc' dir='ltr'>Πολλά</span> <span class='ocrx_word' id='word_1_114' title='bbox 1551 1690 1595 1743; x_wconf 84' lang='grc' dir='ltr'>δ’</span> <span class='ocrx_word' id='word_1_115' title='bbox 1624 1686 1736 1755; x_wconf 83' lang='grc' dir='ltr'>οὖν,</span> <span class='ocrx_word' id='word_1_116' title='bbox 1776 1692 1869 1745; x_wconf 80' lang='grc' dir='ltr'><strong>καὶ</strong></span> <span class='ocrx_word' id='word_1_117' title='bbox 1910 1693 1983 1763; x_wconf 83' lang='grc' dir='ltr'>μὴ</span> 
     </span>
    </p>
   </div>
   <div class='ocr_carea' id='block_1_17' title="bbox 416 1781 1980 1854">
    <p class='ocr_par' dir='ltr' id='par_1_17' title="bbox 416 1781 1980 1854">
     <span class='ocr_line' id='line_1_17' title="bbox 416 1781 1980 1854; baseline 0 -19"><span class='ocrx_word' id='word_1_118' title='bbox 416 1783 834 1854; x_wconf 86' lang='grc' dir='ltr'>συμϐαλλόμενα</span> <span class='ocrx_word' id='word_1_119' title='bbox 861 1783 961 1844; x_wconf 51' lang='grc' dir='ltr'>,είς</span> <span class='ocrx_word' id='word_1_120' title='bbox 997 1781 1165 1845; x_wconf 82' lang='grc' dir='ltr'><strong>τέλος,</strong></span> <span class='ocrx_word' id='word_1_121' title='bbox 1215 1785 1516 1853; x_wconf 89' lang='grc' dir='ltr'>συγκοσμεῖ</span> <span class='ocrx_word' id='word_1_122' title='bbox 1574 1782 1664 1835; x_wconf 85' lang='grc' dir='ltr'><strong>τὸν</strong></span> <span class='ocrx_word' id='word_1_123' title='bbox 1711 1783 1980 1853; x_wconf 82' lang='grc' dir='ltr'>τεχνίτην·</span> 
     </span>
    </p>
   </div>
   <div class='ocr_carea' id='block_1_18' title="bbox 411 1872 1982 1945">
    <p class='ocr_par' dir='ltr' id='par_1_18' title="bbox 411 1872 1982 1945">
     <span class='ocr_line' id='line_1_18' title="bbox 411 1872 1982 1945; baseline 0 -18"><span class='ocrx_word' id='word_1_124' title='bbox 411 1876 505 1928; x_wconf 68' lang='grc' dir='ltr'><strong>καὶ</strong></span> <span class='ocrx_word' id='word_1_125' title='bbox 566 1874 741 1936; x_wconf 81' lang='grc' dir='ltr'>ἄλλως</span> <span class='ocrx_word' id='word_1_126' title='bbox 800 1876 833 1942; x_wconf 85' lang='grc' dir='ltr'><strong>ἡ</strong></span> <span class='ocrx_word' id='word_1_127' title='bbox 894 1872 1201 1943; x_wconf 86' lang='grc' dir='ltr'>πολυμαθία</span> <span class='ocrx_word' id='word_1_128' title='bbox 1270 1874 1655 1945; x_wconf 83' lang='grc' dir='ltr'>διασυστατικὴ</span> <span class='ocrx_word' id='word_1_129' title='bbox 1725 1874 1982 1944; x_wconf 83' lang='grc' dir='ltr'>τυγχάνει</span> 
     </span>
    </p>
   </div>
   <div class='ocr_carea' id='block_1_19' title="bbox 404 1964 1980 2037">
    <p class='ocr_par' dir='ltr' id='par_1_19' title="bbox 404 1964 1980 2037">
     <span class='ocr_line' id='line_1_19' title="bbox 404 1964 1980 2037; baseline 0 -18"><span class='ocrx_word' id='word_1_130' title='bbox 404 1966 501 2020; x_wconf 81' lang='grc' dir='ltr'>τοῦ</span> <span class='ocrx_word' id='word_1_131' title='bbox 538 1964 970 2037; x_wconf 83' lang='grc' dir='ltr'>παρατιθεμένου</span> <span class='ocrx_word' id='word_1_132' title='bbox 999 1966 1065 2019; x_wconf 86' lang='grc' dir='ltr'>τὰ</span> <span class='ocrx_word' id='word_1_133' title='bbox 1092 1964 1403 2029; x_wconf 86' lang='grc' dir='ltr'>κυριώτατα</span> <span class='ocrx_word' id='word_1_134' title='bbox 1428 1966 1535 2019; x_wconf 84' lang='grc' dir='ltr'><strong>τῶν</strong></span> <span class='ocrx_word' id='word_1_135' title='bbox 1562 1967 1844 2036; x_wconf 84' lang='grc' dir='ltr'>δογμάτων</span> <span class='ocrx_word' id='word_1_136' title='bbox 1868 1965 1980 2037; x_wconf 82' lang='grc'><strong>(65)</strong></span> 
     </span>
    </p>
   </div>
   <div class='ocr_carea' id='block_1_20' title="bbox 408 2053 1979 2128">
    <p class='ocr_par' dir='ltr' id='par_1_20' title="bbox 408 2053 1979 2128">
     <span class='ocr_line' id='line_1_20' title="bbox 408 2053 1979 2128; baseline -0.002 -19"><span class='ocrx_word' id='word_1_137' title='bbox 408 2057 544 2128; x_wconf 83' lang='grc' dir='ltr'>πρὸς</span> <span class='ocrx_word' id='word_1_138' title='bbox 576 2053 747 2109; x_wconf 90' lang='grc' dir='ltr'>πειθὼ</span> <span class='ocrx_word' id='word_1_139' title='bbox 772 2055 879 2109; x_wconf 83' lang='grc' dir='ltr'><strong>τῶν</strong></span> <span class='ocrx_word' id='word_1_140' title='bbox 907 2056 1289 2127; x_wconf 77' lang='grc' dir='ltr'>ἀκροωμένων,</span> <span class='ocrx_word' id='word_1_141' title='bbox 1320 2054 1642 2125; x_wconf 82' lang='grc' dir='ltr'>θαυμασμὸν</span> <span class='ocrx_word' id='word_1_142' title='bbox 1669 2055 1979 2124; x_wconf 85' lang='grc' dir='ltr'>ἐγγεννῶσα</span> 
     </span>
    </p>
   </div>
   <div class='ocr_carea' id='block_1_21' title="bbox 404 2146 1978 2218">
    <p class='ocr_par' dir='ltr' id='par_1_21' title="bbox 404 2146 1978 2218">
     <span class='ocr_line' id='line_1_21' title="bbox 404 2146 1978 2218; baseline -0.003 -15"><span class='ocrx_word' id='word_1_143' title='bbox 404 2152 515 2212; x_wconf 82' lang='grc' dir='ltr'>τοῖς</span> <span class='ocrx_word' id='word_1_144' title='bbox 542 2147 969 2218; x_wconf 77' lang='grc' dir='ltr'>κατηχουμένοις</span> <span class='ocrx_word' id='word_1_145' title='bbox 988 2189 1003 2211; x_wconf 93' lang='grc'>,</span> <span class='ocrx_word' id='word_1_146' title='bbox 1032 2150 1125 2200; x_wconf 75' lang='grc' dir='ltr'>καὶ</span> <span class='ocrx_word' id='word_1_147' title='bbox 1152 2147 1287 2217; x_wconf 85' lang='grc' dir='ltr'>πρὸς</span> <span class='ocrx_word' id='word_1_148' title='bbox 1319 2147 1418 2217; x_wconf 86' lang='grc' dir='ltr'>τὴν</span> <span class='ocrx_word' id='word_1_149' title='bbox 1449 2146 1702 2217; x_wconf 87' lang='grc' dir='ltr'>ἀλήθειαν</span> <span class='ocrx_word' id='word_1_150' title='bbox 1726 2147 1978 2216; x_wconf 83' lang='grc' dir='ltr'>συνίστη-</span> 
     </span>
    </p>
   </div>
   <div class='ocr_carea' id='block_1_22' title="bbox 407 2233 1975 2309">
    <p class='ocr_par' dir='ltr' id='par_1_22' title="bbox 407 2233 1975 2309">
     <span class='ocr_line' id='line_1_22' title="bbox 407 2233 1975 2309; baseline -0.001 -17"><span class='ocrx_word' id='word_1_151' title='bbox 407 2257 509 2293; x_wconf 85' lang='grc' dir='ltr'>σιν.</span> <span class='ocrx_word' id='word_1_152' title='bbox 560 2239 893 2303; x_wconf 79' lang='grc' dir='ltr'>Ἀξιόπιστος</span> <span class='ocrx_word' id='word_1_153' title='bbox 928 2238 985 2291; x_wconf 86' lang='grc' dir='ltr'><strong>δὲ</strong></span> <span class='ocrx_word' id='word_1_154' title='bbox 1009 2242 1041 2309; x_wconf 88' lang='grc' dir='ltr'><strong>ή</strong></span> <span class='ocrx_word' id='word_1_155' title='bbox 1067 2238 1291 2308; x_wconf 81' lang='grc' dir='ltr'>τοιαύτη</span> <span class='ocrx_word' id='word_1_156' title='bbox 1319 2236 1660 2307; x_wconf 75' lang='grc' dir='ltr'>ψυχαγωγία,</span> <span class='ocrx_word' id='word_1_157' title='bbox 1689 2239 1754 2290; x_wconf 84' lang='grc' dir='ltr'>δι’</span> <span class='ocrx_word' id='word_1_158' title='bbox 1781 2233 1848 2309; x_wconf 81' lang='grc' dir='ltr'>ἧς</span> <span class='ocrx_word' id='word_1_159' title='bbox 1876 2255 1975 2291; x_wconf 83' lang='grc' dir='ltr'>κα-</span> 
     </span>
    </p>
   </div>
   <div class='ocr_carea' id='block_1_23' title="bbox 403 2327 1974 2399">
    <p class='ocr_par' dir='ltr' id='par_1_23' title="bbox 403 2327 1974 2399">
     <span class='ocr_line' id='line_1_23' title="bbox 403 2327 1974 2399; baseline 0.001 -18"><span class='ocrx_word' id='word_1_160' title='bbox 403 2329 674 2399; x_wconf 82' lang='grc' dir='ltr'>κουμένην</span> <span class='ocrx_word' id='word_1_161' title='bbox 712 2330 761 2380; x_wconf 91' lang='grc' dir='ltr'>οἱ</span> <span class='ocrx_word' id='word_1_162' title='bbox 806 2327 1118 2399; x_wconf 84' lang='grc' dir='ltr'>φιλομαθεῖς</span> <span class='ocrx_word' id='word_1_163' title='bbox 1154 2328 1550 2399; x_wconf 84' lang='grc' dir='ltr'>παραδέχονται</span> <span class='ocrx_word' id='word_1_164' title='bbox 1579 2328 1676 2399; x_wconf 86' lang='grc' dir='ltr'>τὴν</span> <span class='ocrx_word' id='word_1_165' title='bbox 1702 2327 1974 2398; x_wconf 87' lang='grc' dir='ltr'>ἀλήθειαν,</span> 
     </span>
    </p>
   </div>
   <div class='ocr_carea' id='block_1_24' title="bbox 402 2415 1976 2492">
    <p class='ocr_par' dir='ltr' id='par_1_24' title="bbox 402 2415 1976 2492">
     <span class='ocr_line' id='line_1_24' title="bbox 402 2415 1976 2492; baseline -0.001 -17"><span class='ocrx_word' id='word_1_166' title='bbox 402 2421 540 2492; x_wconf 78' lang='grc' dir='ltr'>πρὸς</span> <span class='ocrx_word' id='word_1_167' title='bbox 577 2422 637 2473; x_wconf 86' lang='grc' dir='ltr'><strong>τὸ</strong></span> <span class='ocrx_word' id='word_1_168' title='bbox 690 2422 825 2492; x_wconf 89' lang='grc' dir='ltr'>μήτε</span> <span class='ocrx_word' id='word_1_169' title='bbox 867 2415 933 2473; x_wconf 84' lang='grc' dir='ltr'><strong>αὖ</strong></span> <span class='ocrx_word' id='word_1_170' title='bbox 979 2421 1078 2491; x_wconf 83' lang='grc' dir='ltr'>τὴν</span> <span class='ocrx_word' id='word_1_171' title='bbox 1122 2420 1434 2489; x_wconf 84' lang='grc' dir='ltr'>φιλοσοφίαν</span> <span class='ocrx_word' id='word_1_172' title='bbox 1479 2419 1835 2490; x_wconf 86' lang='grc' dir='ltr'>λυμαίνεσθαι</span> <span class='ocrx_word' id='word_1_173' title='bbox 1886 2421 1976 2474; x_wconf 81' lang='grc' dir='ltr'><strong>τὸν</strong></span> 
     </span>
    </p>
   </div>
   <div class='ocr_carea' id='block_1_25' title="bbox 405 2510 1975 2583">
    <p class='ocr_par' dir='ltr' id='par_1_25' title="bbox 405 2510 1975 2583">
     <span class='ocr_line' id='line_1_25' title="bbox 405 2510 1975 2583; baseline 0.001 -20"><span class='ocrx_word' id='word_1_174' title='bbox 405 2512 517 2582; x_wconf 86' lang='grc' dir='ltr'>βίον</span> <span class='ocrx_word' id='word_1_175' title='bbox 538 2551 552 2574; x_wconf 91' lang='grc'>,</span> <span class='ocrx_word' id='word_1_176' title='bbox 583 2511 793 2581; x_wconf 82' lang='grc' dir='ltr'>ψευδῶν</span> <span class='ocrx_word' id='word_1_177' title='bbox 814 2510 923 2583; x_wconf 74' lang='grc'><strong>(64)</strong></span> <span class='ocrx_word' id='word_1_178' title='bbox 948 2512 1288 2582; x_wconf 89' lang='grc' dir='ltr'>πραγμάτων</span> <span class='ocrx_word' id='word_1_179' title='bbox 1309 2512 1399 2565; x_wconf 79' lang='grc' dir='ltr'><strong>καὶ</strong></span> <span class='ocrx_word' id='word_1_180' title='bbox 1428 2511 1646 2580; x_wconf 83' lang='grc' dir='ltr'>φαύλων</span> <span class='ocrx_word' id='word_1_181' title='bbox 1674 2511 1850 2582; x_wconf 74' lang='grc' dir='ltr'>ἔργων</span> <span class='ocrx_word' id='word_1_182' title='bbox 1878 2512 1975 2582; x_wconf 88' lang='grc' dir='ltr'>δη-</span> 
     </span>
    </p>
   </div>
   <div class='ocr_carea' id='block_1_26' title="bbox 404 2601 1976 2674">
    <p class='ocr_par' dir='ltr' id='par_1_26' title="bbox 404 2601 1976 2674">
     <span class='ocr_line' id='line_1_26' title="bbox 404 2601 1976 2674; baseline -0.001 -18"><span class='ocrx_word' id='word_1_183' title='bbox 404 2603 660 2674; x_wconf 83' lang='grc' dir='ltr'>μιουργὸν</span> <span class='ocrx_word' id='word_1_184' title='bbox 688 2603 1035 2674; x_wconf 82' lang='grc' dir='ltr'>ὑπάρχουσαν</span> <span class='ocrx_word' id='word_1_185' title='bbox 1062 2620 1074 2632; x_wconf 86' lang='grc'><strong>·</strong></span> <span class='ocrx_word' id='word_1_186' title='bbox 1104 2604 1170 2673; x_wconf 81' lang='grc' dir='ltr'>ἥν</span> <span class='ocrx_word' id='word_1_187' title='bbox 1194 2620 1338 2666; x_wconf 88' lang='grc' dir='ltr'>τινες</span> <span class='ocrx_word' id='word_1_188' title='bbox 1364 2601 1806 2673; x_wconf 90' lang='grc' dir='ltr'>διαϐεϐλήκασιν,</span> <span class='ocrx_word' id='word_1_189' title='bbox 1842 2602 1976 2673; x_wconf 85' lang='grc' dir='ltr'>ἀλη-</span> 
     </span>
    </p>
   </div>
   <div class='ocr_carea' id='block_1_27' title="bbox 401 2690 1972 2764">
    <p class='ocr_par' dir='ltr' id='par_1_27' title="bbox 401 2690 1972 2764">
     <span class='ocr_line' id='line_1_27' title="bbox 401 2690 1972 2764; baseline -0.001 -17"><span class='ocrx_word' id='word_1_190' title='bbox 401 2694 554 2758; x_wconf 72' lang='grc' dir='ltr'>θείας</span> <span class='ocrx_word' id='word_1_191' title='bbox 576 2690 739 2749; x_wconf 80' lang='grc' dir='ltr'>οὖσαν</span> <span class='ocrx_word' id='word_1_192' title='bbox 765 2694 947 2748; x_wconf 81' lang='grc' dir='ltr'>εἰκόνα</span> <span class='ocrx_word' id='word_1_193' title='bbox 974 2695 1197 2764; x_wconf 76' lang='grc' dir='ltr'>ἐναργῆ,</span> <span class='ocrx_word' id='word_1_194' title='bbox 1225 2693 1373 2745; x_wconf 89' lang='grc' dir='ltr'>θείαν</span> <span class='ocrx_word' id='word_1_195' title='bbox 1397 2692 1604 2764; x_wconf 82' lang='grc' dir='ltr'>δωρεὰν</span> <span class='ocrx_word' id='word_1_196' title='bbox 1631 2693 1854 2764; x_wconf 84' lang='grc' dir='ltr'>Ἕλλησι</span> <span class='ocrx_word' id='word_1_197' title='bbox 1883 2693 1972 2745; x_wconf 87' lang='grc' dir='ltr'>δε-</span> 
     </span>
    </p>
   </div>
   <div class='ocr_carea' id='block_1_28' title="bbox 397 2780 1973 2855">
    <p class='ocr_par' dir='ltr' id='par_1_28' title="bbox 397 2780 1973 2855">
     <span class='ocr_line' id='line_1_28' title="bbox 397 2780 1973 2855; baseline -0.002 -17"><span class='ocrx_word' id='word_1_198' title='bbox 397 2785 626 2855; x_wconf 84' lang='grc' dir='ltr'>δομένην</span> <span class='ocrx_word' id='word_1_199' title='bbox 646 2801 659 2814; x_wconf 87' lang='grc'><strong>·</strong></span> <span class='ocrx_word' id='word_1_200' title='bbox 704 2787 839 2854; x_wconf 87' lang='grc' dir='ltr'>μήτε</span> <span class='ocrx_word' id='word_1_201' title='bbox 876 2784 1021 2852; x_wconf 78' lang='grc' dir='ltr'>ἡμᾶς</span> <span class='ocrx_word' id='word_1_202' title='bbox 1048 2782 1398 2835; x_wconf 79' lang='grc' dir='ltr'>ἀποσπᾶσθαι</span> <span class='ocrx_word' id='word_1_203' title='bbox 1422 2782 1521 2852; x_wconf 82' lang='grc' dir='ltr'>τῆς</span> <span class='ocrx_word' id='word_1_204' title='bbox 1552 2782 1787 2845; x_wconf 89' lang='grc' dir='ltr'>πίστεως</span> <span class='ocrx_word' id='word_1_205' title='bbox 1807 2822 1822 2847; x_wconf 93' lang='grc'><strong>,</strong></span> <span class='ocrx_word' id='word_1_206' title='bbox 1863 2780 1973 2836; x_wconf 74' lang='grc' dir='ltr'>οἷον</span> 
     </span>
    </p>
   </div>
   <div class='ocr_carea' id='block_1_29' title="bbox 397 2872 1968 2944">
    <p class='ocr_par' dir='ltr' id='par_1_29' title="bbox 397 2872 1968 2944">
     <span class='ocr_line' id='line_1_29' title="bbox 397 2872 1968 2944; baseline -0.001 -18"><span class='ocrx_word' id='word_1_207' title='bbox 397 2874 503 2926; x_wconf 81' lang='grc' dir='ltr'>ἀπό</span> <span class='ocrx_word' id='word_1_208' title='bbox 528 2891 670 2937; x_wconf 89' lang='grc' dir='ltr'>τινος</span> <span class='ocrx_word' id='word_1_209' title='bbox 696 2872 971 2944; x_wconf 88' lang='grc' dir='ltr'>ἀπατηλοῦ</span> <span class='ocrx_word' id='word_1_210' title='bbox 1000 2872 1193 2941; x_wconf 82' lang='grc' dir='ltr'>τέχνης</span> <span class='ocrx_word' id='word_1_211' title='bbox 1226 2873 1819 2943; x_wconf 88' lang='grc' dir='ltr'>καταγοητευομένους·</span> <span class='ocrx_word' id='word_1_212' title='bbox 1853 2873 1968 2927; x_wconf 86' lang='grc' dir='ltr'>ἀλλ’</span> 
     </span>
    </p>
   </div>
   <div class='ocr_carea' id='block_1_30' title="bbox 398 2963 1971 3036">
    <p class='ocr_par' dir='ltr' id='par_1_30' title="bbox 398 2963 1971 3036">
     <span class='ocr_line' id='line_1_30' title="bbox 398 2963 1971 3036; baseline 0.002 -22"><span class='ocrx_word' id='word_1_213' title='bbox 398 2965 473 3027; x_wconf 84' lang='grc' dir='ltr'>ὼς</span> <span class='ocrx_word' id='word_1_214' title='bbox 506 2964 635 3028; x_wconf 79' lang='grc' dir='ltr'>ἐπος</span> <span class='ocrx_word' id='word_1_215' title='bbox 679 2966 871 3028; x_wconf 79' lang='grc' dir='ltr'>εἰπεῖν,</span> <span class='ocrx_word' id='word_1_216' title='bbox 922 2964 1179 3036; x_wconf 85' lang='grc' dir='ltr'>περιϐολῇ</span> <span class='ocrx_word' id='word_1_217' title='bbox 1208 2963 1415 3016; x_wconf 90' lang='grc' dir='ltr'>πλείονι</span> <span class='ocrx_word' id='word_1_218' title='bbox 1453 2964 1795 3034; x_wconf 83' lang='grc' dir='ltr'>χρωμένους,</span> <span class='ocrx_word' id='word_1_219' title='bbox 1825 2965 1971 3036; x_wconf 85' lang='grc' dir='ltr'>ἀμη-</span> 
     </span>
    </p>
   </div>
   <div class='ocr_carea' id='block_1_31' title="bbox 398 3055 1972 3127">
    <p class='ocr_par' dir='ltr' id='par_1_31' title="bbox 398 3055 1972 3127">
     <span class='ocr_line' id='line_1_31' title="bbox 398 3055 1972 3127; baseline 0.003 -21"><span class='ocrx_word' id='word_1_220' title='bbox 398 3056 541 3126; x_wconf 86' lang='grc' dir='ltr'>γέπη</span> <span class='ocrx_word' id='word_1_221' title='bbox 572 3056 979 3126; x_wconf 85' lang='grc' dir='ltr'>συγγυμνασίαν</span> <span class='ocrx_word' id='word_1_222' title='bbox 1020 3055 1141 3109; x_wconf 84' lang='grc' dir='ltr'>τινὰ</span> <span class='ocrx_word' id='word_1_223' title='bbox 1182 3056 1418 3118; x_wconf 85' lang='grc' dir='ltr'>πίστεως</span> <span class='ocrx_word' id='word_1_224' title='bbox 1465 3056 1847 3127; x_wconf 83' lang='grc' dir='ltr'>ἀποδεικτικὴν</span> <span class='ocrx_word' id='word_1_225' title='bbox 1882 3060 1972 3110; x_wconf 86' lang='grc' dir='ltr'>ἐκ-</span> 
     </span>
    </p>
   </div>
   <div class='ocr_carea' id='block_1_32' title="bbox 397 3147 1972 3220">
    <p class='ocr_par' dir='ltr' id='par_1_32' title="bbox 397 3147 1972 3220">
     <span class='ocr_line' id='line_1_32' title="bbox 397 3147 1972 3220; baseline 0.002 -21"><span class='ocrx_word' id='word_1_226' title='bbox 397 3147 734 3220; x_wconf 82' lang='grc' dir='ltr'>πορίζεσθαι.</span> <span class='ocrx_word' id='word_1_227' title='bbox 765 3148 873 3201; x_wconf 78' lang='grc' dir='ltr'>Ναὶ</span> <span class='ocrx_word' id='word_1_228' title='bbox 917 3149 1022 3220; x_wconf 81' lang='grc' dir='ltr'>μὴν</span> <span class='ocrx_word' id='word_1_229' title='bbox 1051 3150 1145 3201; x_wconf 77' lang='grc' dir='ltr'>καὶ</span> <span class='ocrx_word' id='word_1_230' title='bbox 1183 3148 1393 3220; x_wconf 79' lang='grc' dir='ltr'>συναφὴ</span> <span class='ocrx_word' id='word_1_231' title='bbox 1428 3148 1534 3199; x_wconf 87' lang='grc' dir='ltr'><strong>τῶν</strong></span> <span class='ocrx_word' id='word_1_232' title='bbox 1565 3148 1849 3219; x_wconf 85' lang='grc' dir='ltr'>δογμάτων</span> <span class='ocrx_word' id='word_1_233' title='bbox 1884 3149 1972 3203; x_wconf 80' lang='grc' dir='ltr'>διὰ</span> 
     </span>
    </p>
   </div>
   <div class='ocr_carea' id='block_1_33' title="bbox 393 3238 1965 3310">
    <p class='ocr_par' dir='ltr' id='par_1_33' title="bbox 393 3238 1965 3310">
     <span class='ocr_line' id='line_1_33' title="bbox 393 3238 1965 3310; baseline 0 -18"><span class='ocrx_word' id='word_1_234' title='bbox 393 3238 493 3309; x_wconf 82' lang='grc' dir='ltr'>τῆς</span> <span class='ocrx_word' id='word_1_235' title='bbox 519 3238 991 3310; x_wconf 87' lang='grc' dir='ltr'>ἀντιπαραθέσεως</span> <span class='ocrx_word' id='word_1_236' title='bbox 1021 3240 1131 3310; x_wconf 84' lang='grc'><strong>(65)</strong></span> <span class='ocrx_word' id='word_1_237' title='bbox 1160 3240 1259 3310; x_wconf 81' lang='grc' dir='ltr'>τὴν</span> <span class='ocrx_word' id='word_1_238' title='bbox 1287 3238 1544 3310; x_wconf 91' lang='grc' dir='ltr'>ἀλήθειαν</span> <span class='ocrx_word' id='word_1_239' title='bbox 1584 3239 1965 3309; x_wconf 81' lang='grc' dir='ltr'>μνηστεύεται,</span> 
     </span>
    </p>
   </div>
   <div class='ocr_carea' id='block_1_34' title="bbox 391 3328 1967 3405">
    <p class='ocr_par' dir='ltr' id='par_1_34' title="bbox 391 3328 1967 3405">
     <span class='ocr_line' id='line_1_34' title="bbox 391 3328 1967 3405; baseline -0.002 -19"><span class='ocrx_word' id='word_1_240' title='bbox 391 3331 461 3386; x_wconf 82' lang='grc' dir='ltr'>δι’</span> <span class='ocrx_word' id='word_1_241' title='bbox 486 3328 555 3405; x_wconf 84' lang='grc' dir='ltr'>ἦς</span> <span class='ocrx_word' id='word_1_242' title='bbox 590 3331 1015 3402; x_wconf 79' lang='grc' dir='ltr'>ἐξηκολούθηκεν</span> <span class='ocrx_word' id='word_1_243' title='bbox 1042 3334 1075 3401; x_wconf 91' lang='grc' dir='ltr'><strong>ή</strong></span> <span class='ocrx_word' id='word_1_244' title='bbox 1122 3331 1323 3400; x_wconf 83' lang='grc' dir='ltr'>γνῶσις</span> <span class='ocrx_word' id='word_1_245' title='bbox 1348 3348 1361 3361; x_wconf 76' lang='grc' dir='ltr'><strong>ο</strong></span> <span class='ocrx_word' id='word_1_246' title='bbox 1414 3328 1497 3383; x_wconf 85' lang='grc' dir='ltr'>οὑ’</span> <span class='ocrx_word' id='word_1_247' title='bbox 1518 3330 1659 3383; x_wconf 89' lang='grc' dir='ltr'><strong>κατά</strong></span> <span class='ocrx_word' id='word_1_248' title='bbox 1696 3331 1967 3403; x_wconf 89' lang='grc' dir='ltr'>προηγού-</span> 
     </span>
    </p>
   </div>
   <div class='ocr_carea' id='block_1_35' title="bbox 2094 871 3664 950">
    <p class='ocr_par' dir='ltr' id='par_1_35' title="bbox 2094 871 3664 950">
     <span class='ocr_line' id='line_1_35' title="bbox 2094 871 3664 950; baseline 0.008 -25"><span class='ocrx_word' id='word_1_249' title='bbox 2094 871 2301 925; x_wconf 88' lang='lat' dir='ltr'><strong>sarium</strong></span> <span class='ocrx_word' id='word_1_250' title='bbox 2349 871 2533 941; x_wconf 86' lang='lat' dir='ltr'><strong>fuerit,</strong></span> <span class='ocrx_word' id='word_1_251' title='bbox 2576 872 2888 929; x_wconf 65' lang='lat' dir='ltr'><strong>Graecorum</strong></span> <span class='ocrx_word' id='word_1_252' title='bbox 2938 875 3211 945; x_wconf 80' lang='lat' dir='ltr'><strong>complexi</strong></span> <span class='ocrx_word' id='word_1_253' title='bbox 3264 888 3392 931; x_wconf 91' lang='lat' dir='ltr'><strong>sunt</strong></span> <span class='ocrx_word' id='word_1_254' title='bbox 3447 881 3664 950; x_wconf 51' lang='lat' dir='ltr'><strong>opinio.</strong></span> 
     </span>
    </p>
   </div>
   <div class='ocr_carea' id='block_1_36' title="bbox 2094 964 3663 1039">
    <p class='ocr_par' dir='ltr' id='par_1_36' title="bbox 2094 964 3663 1039">
     <span class='ocr_line' id='line_1_36' title="bbox 2094 964 3663 1039; baseline 0.008 -22"><span class='ocrx_word' id='word_1_255' title='bbox 2094 980 2239 1027; x_wconf 90' lang='lat' dir='ltr'><strong>nem,</strong></span> <span class='ocrx_word' id='word_1_256' title='bbox 2278 964 2541 1021; x_wconf 92' lang='lat' dir='ltr'><strong>hactenus</strong></span> <span class='ocrx_word' id='word_1_257' title='bbox 2592 968 2895 1036; x_wconf 85' lang='lat' dir='ltr'><strong>respondeo</strong></span> <span class='ocrx_word' id='word_1_258' title='bbox 2948 966 3044 1032; x_wconf 92' lang='lat' dir='ltr'><strong>iis,</strong></span> <span class='ocrx_word' id='word_1_259' title='bbox 3086 969 3179 1038; x_wconf 90' lang='lat' dir='ltr'><strong>qui</strong></span> <span class='ocrx_word' id='word_1_260' title='bbox 3231 970 3663 1039; x_wconf 83' lang='lat' dir='ltr'><strong>reprehendendi</strong></span> 
     </span>
    </p>
   </div>
   <div class='ocr_carea' id='block_1_37' title="bbox 2092 1057 3665 1129">
    <p class='ocr_par' dir='ltr' id='par_1_37' title="bbox 2092 1057 3665 1129">
     <span class='ocr_line' id='line_1_37' title="bbox 2092 1057 3665 1129; baseline 0.006 -17"><span class='ocrx_word' id='word_1_261' title='bbox 2092 1057 2275 1112; x_wconf 91' lang='lat' dir='ltr'><strong>studio</strong></span> <span class='ocrx_word' id='word_1_262' title='bbox 2329 1060 2686 1115; x_wconf 74' lang='lat' dir='ltr'><strong>delectantur.</strong></span> <span class='ocrx_word' id='word_1_263' title='bbox 2742 1058 2986 1115; x_wconf 90' lang='lat' dir='ltr'><strong>Primum</strong></span> <span class='ocrx_word' id='word_1_264' title='bbox 3043 1061 3283 1129; x_wconf 86' lang='lat' dir='ltr'><strong>quidem,</strong></span> <span class='ocrx_word' id='word_1_265' title='bbox 3332 1064 3547 1119; x_wconf 86' lang='lat' dir='ltr'><strong>etiamsi</strong></span> <span class='ocrx_word' id='word_1_266' title='bbox 3593 1067 3665 1122; x_wconf 90' lang='lat' dir='ltr'><strong>sit</strong></span> 
     </span>
    </p>
   </div>
   <div class='ocr_carea' id='block_1_38' title="bbox 2090 1138 3665 1220">
    <p class='ocr_par' dir='ltr' id='par_1_38' title="bbox 2090 1138 3665 1220">
     <span class='ocr_line' id='line_1_38' title="bbox 2090 1138 3665 1220; baseline 0.005 -18"><span class='ocrx_word' id='word_1_267' title='bbox 2090 1149 2301 1203; x_wconf 87' lang='lat' dir='ltr'><strong>inutilis</strong></span> <span class='ocrx_word' id='word_1_268' title='bbox 2332 1138 2698 1220; x_wconf 68' lang='lat' dir='ltr'><strong>philosophia,</strong></span> <span class='ocrx_word' id='word_1_269' title='bbox 2736 1159 2915 1206; x_wconf 88' lang='lat' dir='ltr'><strong>tamen</strong></span> <span class='ocrx_word' id='word_1_270' title='bbox 2949 1153 2995 1206; x_wconf 90' lang='lat' dir='ltr'><strong>si</strong></span> <span class='ocrx_word' id='word_1_271' title='bbox 3029 1152 3275 1207; x_wconf 88' lang='lat' dir='ltr'><strong>inutilem</strong></span> <span class='ocrx_word' id='word_1_272' title='bbox 3308 1171 3428 1209; x_wconf 92' lang='lat' dir='ltr'><strong>eam</strong></span> <span class='ocrx_word' id='word_1_273' title='bbox 3464 1156 3665 1210; x_wconf 81' lang='lat' dir='ltr'><strong>conﬁr-</strong></span> 
     </span>
    </p>
   </div>
   <div class='ocr_carea' id='block_1_39' title="bbox 2090 1241 3661 1311">
    <p class='ocr_par' dir='ltr' id='par_1_39' title="bbox 2090 1241 3661 1311">
     <span class='ocr_line' id='line_1_39' title="bbox 2090 1241 3661 1311; baseline 0.006 -18"><span class='ocrx_word' id='word_1_274' title='bbox 2090 1255 2243 1294; x_wconf 88' lang='lat' dir='ltr'><strong>mare</strong></span> <span class='ocrx_word' id='word_1_275' title='bbox 2274 1250 2354 1295; x_wconf 90' lang='lat' dir='ltr'><strong>est</strong></span> <span class='ocrx_word' id='word_1_276' title='bbox 2382 1243 2535 1308; x_wconf 87' lang='lat' dir='ltr'><strong>utile,</strong></span> <span class='ocrx_word' id='word_1_277' title='bbox 2564 1241 2679 1311; x_wconf 87' lang='lat' dir='ltr'><strong>jam</strong></span> <span class='ocrx_word' id='word_1_278' title='bbox 2712 1242 2861 1296; x_wconf 90' lang='lat' dir='ltr'><strong>utilis</strong></span> <span class='ocrx_word' id='word_1_279' title='bbox 2890 1252 2991 1298; x_wconf 91' lang='lat' dir='ltr'><strong>est.</strong></span> <span class='ocrx_word' id='word_1_280' title='bbox 3046 1242 3254 1299; x_wconf 91' lang='lat' dir='ltr'><strong>Deinde</strong></span> <span class='ocrx_word' id='word_1_281' title='bbox 3285 1260 3386 1299; x_wconf 87' lang='lat' dir='ltr'><strong>nec</strong></span> <span class='ocrx_word' id='word_1_282' title='bbox 3432 1247 3498 1301; x_wconf 92' lang='lat' dir='ltr'><strong>iis</strong></span> <span class='ocrx_word' id='word_1_283' title='bbox 3534 1248 3661 1303; x_wconf 90' lang='lat' dir='ltr'><strong>licet</strong></span> 
     </span>
    </p>
   </div>
   <div class='ocr_carea' id='block_1_40' title="bbox 2088 1330 3659 1401">
    <p class='ocr_par' dir='ltr' id='par_1_40' title="bbox 2088 1330 3659 1401">
     <span class='ocr_line' id='line_1_40' title="bbox 2088 1330 3659 1401; baseline 0.003 -16"><span class='ocrx_word' id='word_1_284' title='bbox 2088 1330 2309 1386; x_wconf 69' lang='lat' dir='ltr'><strong>Graecos</strong></span> <span class='ocrx_word' id='word_1_285' title='bbox 2341 1333 2728 1398; x_wconf 88' lang='lat' dir='ltr'><strong>condemnare,</strong></span> <span class='ocrx_word' id='word_1_286' title='bbox 2760 1332 2960 1401; x_wconf 89' lang='lat' dir='ltr'><strong>quibus</strong></span> <span class='ocrx_word' id='word_1_287' title='bbox 2998 1334 3052 1387; x_wconf 90' lang='lat' dir='ltr'><strong>in</strong></span> <span class='ocrx_word' id='word_1_288' title='bbox 3084 1348 3273 1389; x_wconf 91' lang='lat' dir='ltr'><strong>eorum</strong></span> <span class='ocrx_word' id='word_1_289' title='bbox 3302 1336 3537 1391; x_wconf 88' lang='lat' dir='ltr'><strong>decretis</strong></span> <span class='ocrx_word' id='word_1_290' title='bbox 3582 1338 3659 1391; x_wconf 91' lang='lat' dir='ltr'><strong>nil</strong></span> 
     </span>
    </p>
   </div>
   <div class='ocr_carea' id='block_1_41' title="bbox 2088 1423 3665 1495">
    <p class='ocr_par' dir='ltr' id='par_1_41' title="bbox 2088 1423 3665 1495">
     <span class='ocr_line' id='line_1_41' title="bbox 2088 1423 3665 1495; baseline 0.001 -18"><span class='ocrx_word' id='word_1_291' title='bbox 2088 1423 2228 1477; x_wconf 87' lang='lat' dir='ltr'><strong>ultra</strong></span> <span class='ocrx_word' id='word_1_292' title='bbox 2263 1423 2435 1478; x_wconf 89' lang='lat' dir='ltr'><strong>nudas</strong></span> <span class='ocrx_word' id='word_1_293' title='bbox 2463 1438 2625 1479; x_wconf 86' lang='lat' dir='ltr'><strong>voces</strong></span> <span class='ocrx_word' id='word_1_294' title='bbox 2653 1431 2970 1494; x_wconf 91' lang='lat' dir='ltr'><strong>perceptum</strong></span> <span class='ocrx_word' id='word_1_295' title='bbox 3007 1432 3112 1489; x_wconf 89' lang='lat' dir='ltr'><strong>est,</strong></span> <span class='ocrx_word' id='word_1_296' title='bbox 3144 1426 3463 1495; x_wconf 84' lang='lat' dir='ltr'><strong>priusquam</strong></span> <span class='ocrx_word' id='word_1_297' title='bbox 3493 1441 3555 1482; x_wconf 89' lang='lat' dir='ltr'><strong>ea</strong></span> <span class='ocrx_word' id='word_1_298' title='bbox 3589 1428 3665 1481; x_wconf 86' lang='lat' dir='ltr'><strong>si-</strong></span> 
     </span>
    </p>
   </div>
   <div class='ocr_carea' id='block_1_42' title="bbox 2086 1513 3658 1585">
    <p class='ocr_par' dir='ltr' id='par_1_42' title="bbox 2086 1513 3658 1585">
     <span class='ocr_line' id='line_1_42' title="bbox 2086 1513 3658 1585; baseline 0.004 -18"><span class='ocrx_word' id='word_1_299' title='bbox 2086 1513 2313 1583; x_wconf 90' lang='lat' dir='ltr'><strong>gillatim</strong></span> <span class='ocrx_word' id='word_1_300' title='bbox 2360 1522 2521 1584; x_wconf 88' lang='lat' dir='ltr'><strong>atque</strong></span> <span class='ocrx_word' id='word_1_301' title='bbox 2566 1515 2759 1568; x_wconf 85' lang='lat' dir='ltr'><strong>intime</strong></span> <span class='ocrx_word' id='word_1_302' title='bbox 2792 1515 3076 1584; x_wconf 82' lang='lat' dir='ltr'><strong>explorata</strong></span> <span class='ocrx_word' id='word_1_303' title='bbox 3113 1523 3278 1585; x_wconf 89' lang='lat' dir='ltr'><strong>atque</strong></span> <span class='ocrx_word' id='word_1_304' title='bbox 3310 1518 3521 1585; x_wconf 85' lang='lat' dir='ltr'><strong>cognita</strong></span> <span class='ocrx_word' id='word_1_305' title='bbox 3557 1520 3658 1573; x_wconf 75' lang='lat' dir='ltr'><strong>lia-</strong></span> 
     </span>
    </p>
   </div>
   <div class='ocr_carea' id='block_1_43' title="bbox 2083 1604 3659 1678">
    <p class='ocr_par' dir='ltr' id='par_1_43' title="bbox 2083 1604 3659 1678">
     <span class='ocr_line' id='line_1_43' title="bbox 2083 1604 3659 1678; baseline 0.003 -17"><span class='ocrx_word' id='word_1_306' title='bbox 2083 1606 2323 1661; x_wconf 86' lang='lat' dir='ltr'><strong>buerint.</strong></span> <span class='ocrx_word' id='word_1_307' title='bbox 2354 1604 2449 1661; x_wconf 85' lang='lat' dir='ltr'><strong>Est</strong></span> <span class='ocrx_word' id='word_1_308' title='bbox 2474 1606 2619 1660; x_wconf 89' lang='lat' dir='ltr'><strong>enim</strong></span> <span class='ocrx_word' id='word_1_309' title='bbox 2652 1621 2714 1659; x_wconf 89' lang='lat' dir='ltr'><strong>ea</strong></span> <span class='ocrx_word' id='word_1_310' title='bbox 2742 1605 2999 1661; x_wconf 86' lang='lat' dir='ltr'><strong>refutatio</strong></span> <span class='ocrx_word' id='word_1_311' title='bbox 3032 1607 3139 1663; x_wconf 75' lang='lat' dir='ltr'><strong>(ide</strong></span> <span class='ocrx_word' id='word_1_312' title='bbox 3160 1608 3507 1678; x_wconf 87' lang='lat' dir='ltr'><strong>dignissima,</strong></span> <span class='ocrx_word' id='word_1_313' title='bbox 3533 1626 3659 1678; x_wconf 73' lang='lat' dir='ltr'><strong>quae</strong></span> 
     </span>
    </p>
   </div>
   <div class='ocr_carea' id='block_1_44' title="bbox 2084 1695 3662 1770">
    <p class='ocr_par' dir='ltr' id='par_1_44' title="bbox 2084 1695 3662 1770">
     <span class='ocr_line' id='line_1_44' title="bbox 2084 1695 3662 1770; baseline 0.003 -19"><span class='ocrx_word' id='word_1_314' title='bbox 2084 1698 2334 1766; x_wconf 86' lang='lat' dir='ltr'><strong>sequitur</strong></span> <span class='ocrx_word' id='word_1_315' title='bbox 2379 1695 2771 1765; x_wconf 80' lang='lat' dir='ltr'><strong>experientiam</strong></span> <span class='ocrx_word' id='word_1_316' title='bbox 2815 1711 2827 1744; x_wconf 90' lang='lat'><strong><em>:</em></strong></span> <span class='ocrx_word' id='word_1_317' title='bbox 2878 1697 3077 1765; x_wconf 86' lang='lat' dir='ltr'><strong>quippe</strong></span> <span class='ocrx_word' id='word_1_318' title='bbox 3124 1714 3247 1751; x_wconf 91' lang='lat' dir='ltr'><strong>cum</strong></span> <span class='ocrx_word' id='word_1_319' title='bbox 3282 1714 3503 1765; x_wconf 89' lang='lat' dir='ltr'><strong>eorum,</strong></span> <span class='ocrx_word' id='word_1_320' title='bbox 3539 1717 3662 1770; x_wconf 67' lang='lat' dir='ltr'><strong>quae</strong></span> 
     </span>
    </p>
   </div>
   <div class='ocr_carea' id='block_1_45' title="bbox 2083 1786 3660 1855">
    <p class='ocr_par' dir='ltr' id='par_1_45' title="bbox 2083 1786 3660 1855">
     <span class='ocr_line' id='line_1_45' title="bbox 2083 1786 3660 1855; baseline 0.003 -15"><span class='ocrx_word' id='word_1_321' title='bbox 2083 1786 2537 1842; x_wconf 87' lang='lat' dir='ltr'><strong>condemnavcris</strong></span> <span class='ocrx_word' id='word_1_322' title='bbox 2590 1793 2755 1855; x_wconf 19' lang='lat' dir='ltr'><strong>certa,</strong></span> <span class='ocrx_word' id='word_1_323' title='bbox 2798 1786 3041 1855; x_wconf 79' lang='lat' dir='ltr'><strong>cognitio</strong></span> <span class='ocrx_word' id='word_1_324' title='bbox 3092 1786 3501 1855; x_wconf 83' lang='lat' dir='ltr'><strong>perfectissimae</strong></span> <span class='ocrx_word' id='word_1_325' title='bbox 3558 1792 3660 1846; x_wconf 90' lang='lat' dir='ltr'><strong>de-</strong></span> 
     </span>
    </p>
   </div>
   <div class='ocr_carea' id='block_1_46' title="bbox 2083 1873 3659 1949">
    <p class='ocr_par' dir='ltr' id='par_1_46' title="bbox 2083 1873 3659 1949">
     <span class='ocr_line' id='line_1_46' title="bbox 2083 1873 3659 1949; baseline 0.006 -21"><span class='ocrx_word' id='word_1_326' title='bbox 2083 1876 2505 1932; x_wconf 88' lang='lat' dir='ltr'><strong>monstrationis</strong></span> <span class='ocrx_word' id='word_1_327' title='bbox 2556 1875 2679 1929; x_wconf 89' lang='lat' dir='ltr'><strong>loco</strong></span> <span class='ocrx_word' id='word_1_328' title='bbox 2720 1875 2844 1929; x_wconf 92' lang='lat' dir='ltr'><strong>erit.</strong></span> <span class='ocrx_word' id='word_1_329' title='bbox 2890 1873 3159 1930; x_wconf 73' lang='lat' dir='ltr'><strong>Praeterea</strong></span> <span class='ocrx_word' id='word_1_330' title='bbox 3206 1878 3399 1943; x_wconf 84' lang='lat' dir='ltr'><strong>multa,</strong></span> <span class='ocrx_word' id='word_1_331' title='bbox 3441 1896 3562 1949; x_wconf 73' lang='lat' dir='ltr'><strong>qua:</strong></span> <span class='ocrx_word' id='word_1_332' title='bbox 3591 1883 3659 1937; x_wconf 87' lang='lat' dir='ltr'><strong>ad</strong></span> 
     </span>
    </p>
   </div>
   <div class='ocr_carea' id='block_1_47' title="bbox 2082 1965 3658 2032">
    <p class='ocr_par' dir='ltr' id='par_1_47' title="bbox 2082 1965 3658 2032">
     <span class='ocr_line' id='line_1_47' title="bbox 2082 1965 3658 2032; baseline 0.005 -13"><span class='ocrx_word' id='word_1_333' title='bbox 2082 1965 2244 2020; x_wconf 82' lang='lat' dir='ltr'><strong>tinem</strong></span> <span class='ocrx_word' id='word_1_334' title='bbox 2300 1982 2411 2021; x_wconf 90' lang='lat' dir='ltr'><strong>non</strong></span> <span class='ocrx_word' id='word_1_335' title='bbox 2442 1965 2750 2032; x_wconf 81' lang='lat' dir='ltr'><strong>conferant,</strong></span> <span class='ocrx_word' id='word_1_336' title='bbox 2802 1975 2983 2021; x_wconf 91' lang='lat' dir='ltr'><strong>tamen</strong></span> <span class='ocrx_word' id='word_1_337' title='bbox 3020 1967 3218 2022; x_wconf 83' lang='lat' dir='ltr'><strong>artiﬁci</strong></span> <span class='ocrx_word' id='word_1_338' title='bbox 3272 1981 3658 2027; x_wconf 88' lang='lat' dir='ltr'><strong>ornamentum</strong></span> 
     </span>
    </p>
   </div>
   <div class='ocr_carea' id='block_1_48' title="bbox 2083 2053 3654 2129">
    <p class='ocr_par' dir='ltr' id='par_1_48' title="bbox 2083 2053 3654 2129">
     <span class='ocr_line' id='line_1_48' title="bbox 2083 2053 3654 2129; baseline 0.006 -23"><span class='ocrx_word' id='word_1_339' title='bbox 2083 2053 2334 2107; x_wconf 72' lang='lat' dir='ltr'><strong>afferunt.</strong></span> <span class='ocrx_word' id='word_1_340' title='bbox 2387 2054 2456 2110; x_wconf 86' lang='lat' dir='ltr'><strong>Et</strong></span> <span class='ocrx_word' id='word_1_341' title='bbox 2503 2056 2705 2125; x_wconf 86' lang='lat' dir='ltr'><strong>alioqui</strong></span> <span class='ocrx_word' id='word_1_342' title='bbox 2756 2054 2905 2109; x_wconf 80' lang='lat' dir='ltr'><strong>varia</strong></span> <span class='ocrx_word' id='word_1_343' title='bbox 2947 2072 3010 2111; x_wconf 91' lang='lat' dir='ltr'><strong>ac</strong></span> <span class='ocrx_word' id='word_1_344' title='bbox 3056 2058 3340 2127; x_wconf 77' lang='lat' dir='ltr'><strong>multiplex</strong></span> <span class='ocrx_word' id='word_1_345' title='bbox 3383 2061 3654 2129; x_wconf 89' lang='lat' dir='ltr'><strong>doctrina,</strong></span> 
     </span>
    </p>
   </div>
   <div class='ocr_carea' id='block_1_49' title="bbox 2080 2140 3651 2221">
    <p class='ocr_par' dir='ltr' id='par_1_49' title="bbox 2080 2140 3651 2221">
     <span class='ocr_line' id='line_1_49' title="bbox 2080 2140 3651 2221; baseline 0.008 -26"><span class='ocrx_word' id='word_1_346' title='bbox 2080 2156 2206 2196; x_wconf 88' lang='lat' dir='ltr'><strong>eum</strong></span> <span class='ocrx_word' id='word_1_347' title='bbox 2233 2184 2249 2208; x_wconf 96' lang='lat'><strong>,</strong></span> <span class='ocrx_word' id='word_1_348' title='bbox 2286 2143 2379 2212; x_wconf 89' lang='lat' dir='ltr'><strong>qui</strong></span> <span class='ocrx_word' id='word_1_349' title='bbox 2438 2144 2673 2198; x_wconf 79' lang='lat' dir='ltr'><strong>maxime</strong></span> <span class='ocrx_word' id='word_1_350' title='bbox 2725 2144 3044 2213; x_wconf 87' lang='lat' dir='ltr'><strong>principalia</strong></span> <span class='ocrx_word' id='word_1_351' title='bbox 3092 2140 3345 2218; x_wconf 81' lang='lat' dir='ltr'><strong>dogmata</strong></span> <span class='ocrx_word' id='word_1_352' title='bbox 3376 2155 3651 2221; x_wconf 87' lang='lat' dir='ltr'><strong>proponit,</strong></span> 
     </span>
    </p>
   </div>
   <div class='ocr_carea' id='block_1_50' title="bbox 2081 2234 3657 2307">
    <p class='ocr_par' dir='ltr' id='par_1_50' title="bbox 2081 2234 3657 2307">
     <span class='ocr_line' id='line_1_50' title="bbox 2081 2234 3657 2307; baseline 0.006 -18"><span class='ocrx_word' id='word_1_353' title='bbox 2081 2234 2204 2289; x_wconf 84' lang='lat' dir='ltr'><strong>ﬁdei</strong></span> <span class='ocrx_word' id='word_1_354' title='bbox 2235 2235 2546 2289; x_wconf 89' lang='lat' dir='ltr'><strong>auditorum</strong></span> <span class='ocrx_word' id='word_1_355' title='bbox 2601 2237 2970 2299; x_wconf 89' lang='lat' dir='ltr'><strong>commendat,</strong></span> <span class='ocrx_word' id='word_1_356' title='bbox 3005 2238 3287 2307; x_wconf 89' lang='lat' dir='ltr'><strong>discipulis</strong></span> <span class='ocrx_word' id='word_1_357' title='bbox 3337 2244 3657 2299; x_wconf 81' lang='lat' dir='ltr'><strong>admiratio-</strong></span> 
     </span>
    </p>
   </div>
   <div class='ocr_carea' id='block_1_51' title="bbox 2076 2326 3656 2396">
    <p class='ocr_par' dir='ltr' id='par_1_51' title="bbox 2076 2326 3656 2396">
     <span class='ocr_line' id='line_1_51' title="bbox 2076 2326 3656 2396; baseline 0.007 -17"><span class='ocrx_word' id='word_1_358' title='bbox 2076 2340 2201 2380; x_wconf 90' lang='lat' dir='ltr'><strong>nem</strong></span> <span class='ocrx_word' id='word_1_359' title='bbox 2246 2326 2421 2395; x_wconf 88' lang='lat' dir='ltr'><strong>ipsius</strong></span> <span class='ocrx_word' id='word_1_360' title='bbox 2454 2326 2809 2396; x_wconf 89' lang='lat' dir='ltr'><strong>ingenerans,</strong></span> <span class='ocrx_word' id='word_1_361' title='bbox 2840 2335 2895 2381; x_wconf 92' lang='lat' dir='ltr'><strong>et</strong></span> <span class='ocrx_word' id='word_1_362' title='bbox 2936 2328 3003 2383; x_wconf 90' lang='lat' dir='ltr'><strong>ad</strong></span> <span class='ocrx_word' id='word_1_363' title='bbox 3032 2330 3315 2385; x_wconf 84' lang='lat' dir='ltr'><strong>veritatem</strong></span> <span class='ocrx_word' id='word_1_364' title='bbox 3350 2347 3446 2387; x_wconf 90' lang='lat' dir='ltr'><strong>eos</strong></span> <span class='ocrx_word' id='word_1_365' title='bbox 3483 2335 3656 2389; x_wconf 87' lang='lat' dir='ltr'><strong>addu-</strong></span> 
     </span>
    </p>
   </div>
   <div class='ocr_carea' id='block_1_52' title="bbox 2076 2413 3654 2492">
    <p class='ocr_par' dir='ltr' id='par_1_52' title="bbox 2076 2413 3654 2492">
     <span class='ocr_line' id='line_1_52' title="bbox 2076 2413 3654 2492; baseline 0.005 -23"><span class='ocrx_word' id='word_1_366' title='bbox 2076 2416 2167 2469; x_wconf 89' lang='lat' dir='ltr'><strong>cit.</strong></span> <span class='ocrx_word' id='word_1_367' title='bbox 2206 2414 2393 2470; x_wconf 87' lang='lat' dir='ltr'><strong>Fidem</strong></span> <span class='ocrx_word' id='word_1_368' title='bbox 2440 2425 2621 2471; x_wconf 90' lang='lat' dir='ltr'><strong>autem</strong></span> <span class='ocrx_word' id='word_1_369' title='bbox 2673 2413 2835 2468; x_wconf 82' lang='lat' dir='ltr'><strong>faciet</strong></span> <span class='ocrx_word' id='word_1_370' title='bbox 2881 2416 3152 2484; x_wconf 88' lang='lat' dir='ltr'><strong>ejusmodi</strong></span> <span class='ocrx_word' id='word_1_371' title='bbox 3202 2419 3514 2487; x_wconf 90' lang='lat' dir='ltr'><strong>oblectatio,</strong></span> <span class='ocrx_word' id='word_1_372' title='bbox 3557 2438 3654 2492; x_wconf 87' lang='lat' dir='ltr'><strong>per</strong></span> 
     </span>
    </p>
   </div>
   <div class='ocr_carea' id='block_1_53' title="bbox 2076 2507 3655 2581">
    <p class='ocr_par' dir='ltr' id='par_1_53' title="bbox 2076 2507 3655 2581">
     <span class='ocr_line' id='line_1_53' title="bbox 2076 2507 3655 2581; baseline 0.006 -22"><span class='ocrx_word' id='word_1_373' title='bbox 2076 2521 2239 2575; x_wconf 91' lang='lat' dir='ltr'><strong>quam</strong></span> <span class='ocrx_word' id='word_1_374' title='bbox 2274 2521 2303 2559; x_wconf 91' lang='lat' dir='ltr'><strong>a</strong></span> <span class='ocrx_word' id='word_1_375' title='bbox 2332 2507 2493 2578; x_wconf 87' lang='lat' dir='ltr'><strong>vulgo</strong></span> <span class='ocrx_word' id='word_1_376' title='bbox 2522 2508 2883 2577; x_wconf 86' lang='lat' dir='ltr'><strong>vituperatam</strong></span> <span class='ocrx_word' id='word_1_377' title='bbox 2916 2511 3148 2565; x_wconf 89' lang='lat' dir='ltr'><strong>studiosi</strong></span> <span class='ocrx_word' id='word_1_378' title='bbox 3203 2512 3479 2581; x_wconf 87' lang='lat' dir='ltr'><strong>recipiunt</strong></span> <span class='ocrx_word' id='word_1_379' title='bbox 3509 2514 3655 2567; x_wconf 84' lang='lat' dir='ltr'><strong>veri-</strong></span> 
     </span>
    </p>
   </div>
   <div class='ocr_carea' id='block_1_54' title="bbox 2078 2599 3650 2673">
    <p class='ocr_par' dir='ltr' id='par_1_54' title="bbox 2078 2599 3650 2673">
     <span class='ocr_line' id='line_1_54' title="bbox 2078 2599 3650 2673; baseline 0.005 -21"><span class='ocrx_word' id='word_1_380' title='bbox 2078 2606 2263 2666; x_wconf 88' lang='lat' dir='ltr'><strong>tatem,</strong></span> <span class='ocrx_word' id='word_1_381' title='bbox 2297 2599 2441 2669; x_wconf 91' lang='lat' dir='ltr'><strong>quod</strong></span> <span class='ocrx_word' id='word_1_382' title='bbox 2469 2615 2646 2670; x_wconf 91' lang='lat' dir='ltr'><strong>neque</strong></span> <span class='ocrx_word' id='word_1_383' title='bbox 2680 2602 2795 2671; x_wconf 89' lang='lat' dir='ltr'><strong>ipsa</strong></span> <span class='ocrx_word' id='word_1_384' title='bbox 2829 2602 3172 2672; x_wconf 86' lang='lat' dir='ltr'><strong>philosophia</strong></span> <span class='ocrx_word' id='word_1_385' title='bbox 3202 2603 3327 2657; x_wconf 78' lang='lat' dir='ltr'><strong>vitae</strong></span> <span class='ocrx_word' id='word_1_386' title='bbox 3354 2606 3650 2673; x_wconf 88' lang='lat' dir='ltr'><strong>perniciem</strong></span> 
     </span>
    </p>
   </div>
   <div class='ocr_carea' id='block_1_55' title="bbox 2075 2689 3650 2760">
    <p class='ocr_par' dir='ltr' id='par_1_55' title="bbox 2075 2689 3650 2760">
     <span class='ocr_line' id='line_1_55' title="bbox 2075 2689 3650 2760; baseline 0.006 -17"><span class='ocrx_word' id='word_1_387' title='bbox 2075 2689 2285 2756; x_wconf 78' lang='lat' dir='ltr'><strong>afferat,</strong></span> <span class='ocrx_word' id='word_1_388' title='bbox 2312 2706 2476 2760; x_wconf 91' lang='lat' dir='ltr'><strong>quam</strong></span> <span class='ocrx_word' id='word_1_389' title='bbox 2509 2707 2574 2745; x_wconf 90' lang='lat' dir='ltr'><strong>ac</strong></span> <span class='ocrx_word' id='word_1_390' title='bbox 2600 2694 2645 2746; x_wconf 91' lang='lat' dir='ltr'><strong>si</strong></span> <span class='ocrx_word' id='word_1_391' title='bbox 2679 2702 2824 2748; x_wconf 91' lang='lat' dir='ltr'><strong>esset</strong></span> <span class='ocrx_word' id='word_1_392' title='bbox 2856 2710 3039 2749; x_wconf 88' lang='lat' dir='ltr'><strong>rerum</strong></span> <span class='ocrx_word' id='word_1_393' title='bbox 3091 2694 3355 2749; x_wconf 87' lang='lat' dir='ltr'><strong>falsarum</strong></span> <span class='ocrx_word' id='word_1_394' title='bbox 3394 2706 3449 2750; x_wconf 91' lang='lat' dir='ltr'><strong>et</strong></span> <span class='ocrx_word' id='word_1_395' title='bbox 3476 2699 3650 2752; x_wconf 90' lang='lat' dir='ltr'><strong>malo-</strong></span> 
     </span>
    </p>
   </div>
   <div class='ocr_carea' id='block_1_56' title="bbox 2076 2782 3647 2857">
    <p class='ocr_par' dir='ltr' id='par_1_56' title="bbox 2076 2782 3647 2857">
     <span class='ocr_line' id='line_1_56' title="bbox 2076 2782 3647 2857; baseline 0.007 -23"><span class='ocrx_word' id='word_1_396' title='bbox 2076 2796 2197 2835; x_wconf 89' lang='lat' dir='ltr'><strong>rum</strong></span> <span class='ocrx_word' id='word_1_397' title='bbox 2229 2796 2462 2850; x_wconf 89' lang='lat' dir='ltr'><strong>operum</strong></span> <span class='ocrx_word' id='word_1_398' title='bbox 2491 2782 2709 2848; x_wconf 79' lang='lat' dir='ltr'><strong>artifex,</strong></span> <span class='ocrx_word' id='word_1_399' title='bbox 2734 2784 2955 2853; x_wconf 91' lang='lat' dir='ltr'><strong>quidam</strong></span> <span class='ocrx_word' id='word_1_400' title='bbox 2982 2783 3122 2839; x_wconf 90' lang='lat' dir='ltr'><strong>falso</strong></span> <span class='ocrx_word' id='word_1_401' title='bbox 3151 2786 3464 2841; x_wconf 89' lang='lat' dir='ltr'><strong>calumniati</strong></span> <span class='ocrx_word' id='word_1_402' title='bbox 3497 2799 3647 2857; x_wconf 91' lang='lat' dir='ltr'><strong>sunt,</strong></span> 
     </span>
    </p>
   </div>
   <div class='ocr_carea' id='block_1_57' title="bbox 2070 2874 3649 2945">
    <p class='ocr_par' dir='ltr' id='par_1_57' title="bbox 2070 2874 3649 2945">
     <span class='ocr_line' id='line_1_57' title="bbox 2070 2874 3649 2945; baseline 0.006 -18"><span class='ocrx_word' id='word_1_403' title='bbox 2070 2887 2196 2927; x_wconf 91' lang='lat' dir='ltr'><strong>cum</strong></span> <span class='ocrx_word' id='word_1_404' title='bbox 2236 2874 2309 2927; x_wconf 89' lang='lat' dir='ltr'><strong>sit</strong></span> <span class='ocrx_word' id='word_1_405' title='bbox 2339 2874 2565 2929; x_wconf 84' lang='lat' dir='ltr'><strong>evidens</strong></span> <span class='ocrx_word' id='word_1_406' title='bbox 2589 2874 2831 2929; x_wconf 75' lang='lat' dir='ltr'><strong>veritatis</strong></span> <span class='ocrx_word' id='word_1_407' title='bbox 2862 2874 3062 2945; x_wconf 82' lang='lat' dir='ltr'><strong>imago,</strong></span> <span class='ocrx_word' id='word_1_408' title='bbox 3089 2876 3293 2930; x_wconf 91' lang='lat' dir='ltr'><strong>donum</strong></span> <span class='ocrx_word' id='word_1_409' title='bbox 3319 2876 3522 2935; x_wconf 57' lang='lat' dir='ltr'><strong>Graecis</strong></span> <span class='ocrx_word' id='word_1_410' title='bbox 3550 2880 3649 2936; x_wconf 84' lang='lat' dir='ltr'><strong>da-</strong></span> 
     </span>
    </p>
   </div>
   <div class='ocr_carea' id='block_1_58' title="bbox 2072 2965 3646 3040">
    <p class='ocr_par' dir='ltr' id='par_1_58' title="bbox 2072 2965 3646 3040">
     <span class='ocr_line' id='line_1_58' title="bbox 2072 2965 3646 3040; baseline 0.006 -23"><span class='ocrx_word' id='word_1_411' title='bbox 2072 2972 2185 3017; x_wconf 88' lang='lat' dir='ltr'><strong>tum</strong></span> <span class='ocrx_word' id='word_1_412' title='bbox 2237 2965 2532 3030; x_wconf 89' lang='lat' dir='ltr'><strong>divinitus;</strong></span> <span class='ocrx_word' id='word_1_413' title='bbox 2590 2981 2768 3036; x_wconf 90' lang='lat' dir='ltr'><strong>neque</strong></span> <span class='ocrx_word' id='word_1_414' title='bbox 2819 2980 2920 3021; x_wconf 92' lang='lat' dir='ltr'><strong>nos</strong></span> <span class='ocrx_word' id='word_1_415' title='bbox 2969 2981 3066 3036; x_wconf 87' lang='lat' dir='ltr'><strong>per</strong></span> <span class='ocrx_word' id='word_1_416' title='bbox 3101 2967 3275 3036; x_wconf 88' lang='lat' dir='ltr'><strong>ipsam</strong></span> <span class='ocrx_word' id='word_1_417' title='bbox 3320 2978 3579 3040; x_wconf 89' lang='lat' dir='ltr'><strong>tanquam</strong></span> <span class='ocrx_word' id='word_1_418' title='bbox 3615 2988 3646 3026; x_wconf 85' lang='lat' dir='ltr'><strong>a</strong></span> 
     </span>
    </p>
   </div>
   <div class='ocr_carea' id='block_1_59' title="bbox 2071 3055 3641 3127">
    <p class='ocr_par' dir='ltr' id='par_1_59' title="bbox 2071 3055 3641 3127">
     <span class='ocr_line' id='line_1_59' title="bbox 2071 3055 3641 3127; baseline 0.005 -18"><span class='ocrx_word' id='word_1_419' title='bbox 2071 3055 2397 3125; x_wconf 89' lang='lat' dir='ltr'><strong>quibusdam</strong></span> <span class='ocrx_word' id='word_1_420' title='bbox 2445 3057 2655 3126; x_wconf 90' lang='lat' dir='ltr'><strong>decepti</strong></span> <span class='ocrx_word' id='word_1_421' title='bbox 2698 3058 2991 3127; x_wconf 69' lang='lat' dir='ltr'><strong>pmstigiis</strong></span> <span class='ocrx_word' id='word_1_422' title='bbox 3044 3074 3075 3112; x_wconf 86' lang='lat' dir='ltr'><strong>a</strong></span> <span class='ocrx_word' id='word_1_423' title='bbox 3111 3058 3219 3114; x_wconf 84' lang='lat' dir='ltr'><strong>ﬁde</strong></span> <span class='ocrx_word' id='word_1_424' title='bbox 3267 3060 3641 3117; x_wconf 71' lang='lat' dir='ltr'><strong>abducantur:</strong></span> 
     </span>
    </p>
   </div>
   <div class='ocr_carea' id='block_1_60' title="bbox 2071 3146 3645 3223">
    <p class='ocr_par' dir='ltr' id='par_1_60' title="bbox 2071 3146 3645 3223">
     <span class='ocr_line' id='line_1_60' title="bbox 2071 3146 3645 3223; baseline 0.004 -23"><span class='ocrx_word' id='word_1_425' title='bbox 2071 3146 2167 3201; x_wconf 85' lang='lat' dir='ltr'><strong>sed</strong></span> <span class='ocrx_word' id='word_1_426' title='bbox 2194 3148 2374 3217; x_wconf 88' lang='lat' dir='ltr'><strong>potius</strong></span> <span class='ocrx_word' id='word_1_427' title='bbox 2406 3147 2603 3216; x_wconf 81' lang='lat' dir='ltr'><strong>majori</strong></span> <span class='ocrx_word' id='word_1_428' title='bbox 2635 3148 2974 3203; x_wconf 91' lang='lat' dir='ltr'><strong>munimento</strong></span> <span class='ocrx_word' id='word_1_429' title='bbox 3008 3148 3158 3215; x_wconf 87' lang='lat' dir='ltr'><strong>tecti,</strong></span> <span class='ocrx_word' id='word_1_430' title='bbox 3185 3156 3239 3203; x_wconf 92' lang='lat' dir='ltr'><strong>et</strong></span> <span class='ocrx_word' id='word_1_431' title='bbox 3261 3151 3472 3205; x_wconf 89' lang='lat' dir='ltr'><strong>socium</strong></span> <span class='ocrx_word' id='word_1_432' title='bbox 3503 3168 3645 3223; x_wconf 87' lang='lat' dir='ltr'><strong>quo-</strong></span> 
     </span>
    </p>
   </div>
   <div class='ocr_carea' id='block_1_61' title="bbox 2068 3237 3647 3310">
    <p class='ocr_par' dir='ltr' id='par_1_61' title="bbox 2068 3237 3647 3310">
     <span class='ocr_line' id='line_1_61' title="bbox 2068 3237 3647 3310; baseline 0.005 -18"><span class='ocrx_word' id='word_1_433' title='bbox 2068 3237 2365 3293; x_wconf 90' lang='lat' dir='ltr'><strong>dammodo</strong></span> <span class='ocrx_word' id='word_1_434' title='bbox 2410 3238 2883 3305; x_wconf 81' lang='lat' dir='ltr'><strong>exercitationem,</strong></span> <span class='ocrx_word' id='word_1_435' title='bbox 2911 3255 3021 3309; x_wconf 91' lang='lat' dir='ltr'><strong>qua</strong></span> <span class='ocrx_word' id='word_1_436' title='bbox 3053 3239 3187 3295; x_wconf 77' lang='lat' dir='ltr'><strong>fides</strong></span> <span class='ocrx_word' id='word_1_437' title='bbox 3221 3241 3520 3310; x_wconf 89' lang='lat' dir='ltr'><strong>pleniorem</strong></span> <span class='ocrx_word' id='word_1_438' title='bbox 3550 3248 3647 3300; x_wconf 81' lang='lat' dir='ltr'><strong>de-</strong></span> 
     </span>
    </p>
   </div>
   <div class='ocr_carea' id='block_1_62' title="bbox 2069 3330 3642 3400">
    <p class='ocr_par' dir='ltr' id='par_1_62' title="bbox 2069 3330 3642 3400">
     <span class='ocr_line' id='line_1_62' title="bbox 2069 3330 3642 3400; baseline 0.006 -18"><span class='ocrx_word' id='word_1_439' title='bbox 2069 3330 2517 3385; x_wconf 89' lang='lat' dir='ltr'><strong>monstrationem</strong></span> <span class='ocrx_word' id='word_1_440' title='bbox 2550 3330 2813 3400; x_wconf 85' lang='lat' dir='ltr'><strong>accipiet,</strong></span> <span class='ocrx_word' id='word_1_441' title='bbox 2847 3331 3043 3385; x_wconf 89' lang='lat' dir='ltr'><strong>lucrati</strong></span> <span class='ocrx_word' id='word_1_442' title='bbox 3077 3347 3290 3387; x_wconf 91' lang='lat' dir='ltr'><strong>sumus.</strong></span> <span class='ocrx_word' id='word_1_443' title='bbox 3330 3332 3642 3398; x_wconf 88' lang='lat' dir='ltr'><strong>Quinetiam</strong></span> 
     </span>
    </p>
   </div>
   <div class='ocr_carea' id='block_1_63' title="bbox 396 3420 2178 3501">
    <p class='ocr_par' dir='ltr' id='par_1_63' title="bbox 396 3420 2178 3501">
     <span class='ocr_line' id='line_1_63' title="bbox 396 3420 2178 3501; baseline 0.001 -25"><span class='ocrx_word' id='word_1_444' title='bbox 396 3440 555 3493; x_wconf 89' lang='grc' dir='ltr'>μενον</span> <span class='ocrx_word' id='word_1_445' title='bbox 586 3423 739 3491; x_wconf 89' lang='grc' dir='ltr'>λόγον</span> <span class='ocrx_word' id='word_1_446' title='bbox 770 3422 868 3493; x_wconf 77' lang='grc' dir='ltr'>τῆς</span> <span class='ocrx_word' id='word_1_447' title='bbox 915 3422 1229 3492; x_wconf 87' lang='grc' dir='ltr'>φιλοσοφίας</span> <span class='ocrx_word' id='word_1_448' title='bbox 1269 3420 1746 3493; x_wconf 85' lang='grc' dir='ltr'>παρεισελθούσης,</span> <span class='ocrx_word' id='word_1_449' title='bbox 1784 3421 1872 3475; x_wconf 83' lang='grc' dir='ltr'><strong>διὰ</strong></span> <span class='ocrx_word' id='word_1_450' title='bbox 1909 3422 1968 3474; x_wconf 85' lang='grc' dir='ltr'><strong>δέ</strong></span> <span class='ocrx_word' id='word_1_451' title='bbox 1994 3443 2037 3501; x_wconf 76' lang='lat' dir='ltr'><strong><em>C</em></strong></span> <span class='ocrx_word' id='word_1_452' title='bbox 2068 3422 2178 3477; x_wconf 76' lang='lat' dir='ltr'><strong>dun</strong></span> 
     </span>
    </p>
   </div>
   <div class='ocr_carea' id='block_1_64' title="bbox 1858 3420 3640 3501">
    <p class='ocr_par' dir='ltr' id='par_1_64' title="bbox 1858 3420 3640 3501">
     <span class='ocr_line' id='line_1_64' title="bbox 1858 3420 3640 3501; baseline 0.004 -26"><span class='ocrx_word' id='word_1_453' title='bbox 1858 3440 1872 3475; x_wconf 91' lang='grc' dir='ltr'><strong>ι</strong></span> <span class='ocrx_word' id='word_1_454' title='bbox 1909 3422 1968 3474; x_wconf 83' lang='grc' dir='ltr'><strong>δέ</strong></span> <span class='ocrx_word' id='word_1_455' title='bbox 1994 3443 2037 3501; x_wconf 76' lang='lat' dir='ltr'><strong><em>C</em></strong></span> <span class='ocrx_word' id='word_1_456' title='bbox 2068 3422 2198 3477; x_wconf 79' lang='lat' dir='ltr'><strong>dum</strong></span> <span class='ocrx_word' id='word_1_457' title='bbox 2233 3420 2507 3477; x_wconf 87' lang='lat' dir='ltr'><strong>contraria</strong></span> <span class='ocrx_word' id='word_1_458' title='bbox 2531 3421 2786 3492; x_wconf 83' lang='lat' dir='ltr'><strong>dogmata</strong></span> <span class='ocrx_word' id='word_1_459' title='bbox 2816 3422 2961 3475; x_wconf 90' lang='lat' dir='ltr'><strong>inter</strong></span> <span class='ocrx_word' id='word_1_460' title='bbox 2993 3438 3053 3477; x_wconf 90' lang='lat' dir='ltr'><strong>se</strong></span> <span class='ocrx_word' id='word_1_461' title='bbox 3084 3423 3467 3494; x_wconf 89' lang='lat' dir='ltr'><strong>conferuntur,</strong></span> <span class='ocrx_word' id='word_1_462' title='bbox 3493 3431 3640 3485; x_wconf 82' lang='lat' dir='ltr'><strong>veri-</strong></span> 
     </span>
    </p>
   </div>
   <div class='ocr_carea' id='block_1_65' title="bbox 390 3513 1963 3586">
    <p class='ocr_par' dir='ltr' id='par_1_65' title="bbox 390 3513 1963 3586">
     <span class='ocr_line' id='line_1_65' title="bbox 390 3513 1963 3586; baseline 0.001 -18"><span class='ocrx_word' id='word_1_463' title='bbox 390 3515 483 3569; x_wconf 82' lang='grc' dir='ltr'>τὸν</span> <span class='ocrx_word' id='word_1_464' title='bbox 524 3515 635 3585; x_wconf 87' lang='grc'><strong>(66)</strong></span> <span class='ocrx_word' id='word_1_465' title='bbox 672 3516 781 3570; x_wconf 78' lang='grc' dir='ltr'><strong>ἀπὸ</strong></span> <span class='ocrx_word' id='word_1_466' title='bbox 830 3516 931 3586; x_wconf 84' lang='grc' dir='ltr'><strong>τῆς</strong></span> <span class='ocrx_word' id='word_1_467' title='bbox 973 3513 1227 3584; x_wconf 87' lang='grc' dir='ltr'>γνώσεως</span> <span class='ocrx_word' id='word_1_468' title='bbox 1268 3515 1478 3585; x_wconf 85' lang='grc' dir='ltr'>καρπὸν</span> <span class='ocrx_word' id='word_1_469' title='bbox 1524 3514 1703 3586; x_wconf 88' lang='grc' dir='ltr'>ήμῶν,</span> <span class='ocrx_word' id='word_1_470' title='bbox 1748 3513 1963 3583; x_wconf 87' lang='grc' dir='ltr'>βέϐαιον</span> 
     </span>
    </p>
   </div>
   <div class='ocr_carea' id='block_1_66' title="bbox 391 3606 1964 3678">
    <p class='ocr_par' dir='ltr' id='par_1_66' title="bbox 391 3606 1964 3678">
     <span class='ocr_line' id='line_1_66' title="bbox 391 3606 1964 3678; baseline 0.001 -19"><span class='ocrx_word' id='word_1_471' title='bbox 391 3607 768 3676; x_wconf 87' lang='grc' dir='ltr'>λαμϐανόντων</span> <span class='ocrx_word' id='word_1_472' title='bbox 808 3611 1014 3678; x_wconf 88' lang='grc' dir='ltr'>πεῖσμα</span> <span class='ocrx_word' id='word_1_473' title='bbox 1056 3609 1154 3677; x_wconf 81' lang='grc' dir='ltr'>τῆς</span> <span class='ocrx_word' id='word_1_474' title='bbox 1185 3606 1415 3678; x_wconf 80' lang='grc' dir='ltr'>ἀληθοῦς</span> <span class='ocrx_word' id='word_1_475' title='bbox 1454 3606 1826 3677; x_wconf 80' lang='grc' dir='ltr'>καταλήψεως,</span> <span class='ocrx_word' id='word_1_476' title='bbox 1876 3606 1964 3660; x_wconf 82' lang='grc' dir='ltr'><strong>διὰ</strong></span> 
     </span>
    </p>
   </div>
   <div class='ocr_carea' id='block_1_67' title="bbox 390 3698 1962 3771">
    <p class='ocr_par' dir='ltr' id='par_1_67' title="bbox 390 3698 1962 3771">
     <span class='ocr_line' id='line_1_67' title="bbox 390 3698 1962 3771; baseline 0 -20"><span class='ocrx_word' id='word_1_477' title='bbox 390 3700 488 3770; x_wconf 76' lang='grc' dir='ltr'><strong>τῆς</strong></span> <span class='ocrx_word' id='word_1_478' title='bbox 518 3698 625 3751; x_wconf 83' lang='grc' dir='ltr'><strong>τῶν</strong></span> <span class='ocrx_word' id='word_1_479' title='bbox 653 3700 1059 3769; x_wconf 81' lang='grc' dir='ltr'>ὑπονοουμένων</span> <span class='ocrx_word' id='word_1_480' title='bbox 1087 3700 1394 3770; x_wconf 79' lang='grc' dir='ltr'>ἐπιστήμης</span> <span class='ocrx_word' id='word_1_481' title='bbox 1440 3698 1578 3767; x_wconf 89' lang='grc'><strong>(67).</strong></span> <span class='ocrx_word' id='word_1_482' title='bbox 1628 3698 1824 3751; x_wconf 85' lang='grc' dir='ltr'>Σιωπῶ</span> <span class='ocrx_word' id='word_1_483' title='bbox 1853 3699 1962 3771; x_wconf 85' lang='grc' dir='ltr'>γὰρ</span> 
     </span>
    </p>
   </div>
   <div class='ocr_carea' id='block_1_68' title="bbox 390 3788 1957 3861">
    <p class='ocr_par' dir='ltr' id='par_1_68' title="bbox 390 3788 1957 3861">
     <span class='ocr_line' id='line_1_68' title="bbox 390 3788 1957 3861; baseline 0 -18"><span class='ocrx_word' id='word_1_484' title='bbox 390 3792 471 3843; x_wconf 84' lang='grc' dir='ltr'>ὅτι</span> <span class='ocrx_word' id='word_1_485' title='bbox 509 3791 559 3843; x_wconf 87' lang='grc' dir='ltr'>οἱ</span> <span class='ocrx_word' id='word_1_486' title='bbox 590 3791 941 3861; x_wconf 87' lang='grc' dir='ltr'>Στρωματεῖς</span> <span class='ocrx_word' id='word_1_487' title='bbox 968 3792 1033 3860; x_wconf 83' lang='grc' dir='ltr'>τῇ</span> <span class='ocrx_word' id='word_1_488' title='bbox 1067 3788 1372 3859; x_wconf 76' lang='grc' dir='ltr'>πολυμαθία</span> <span class='ocrx_word' id='word_1_489' title='bbox 1405 3788 1957 3859; x_wconf 82' lang='grc' dir='ltr'>σωματοποιούμενοι,</span> 
     </span>
    </p>
   </div>
   <div class='ocr_carea' id='block_1_69' title="bbox 388 3878 1958 3952">
    <p class='ocr_par' dir='ltr' id='par_1_69' title="bbox 388 3878 1958 3952">
     <span class='ocr_line' id='line_1_69' title="bbox 388 3878 1958 3952; baseline -0.001 -18"><span class='ocrx_word' id='word_1_490' title='bbox 388 3880 651 3952; x_wconf 83' lang='grc' dir='ltr'>κρύπτειν</span> <span class='ocrx_word' id='word_1_491' title='bbox 676 3880 936 3949; x_wconf 89' lang='grc' dir='ltr'>ἐντέχνως</span> <span class='ocrx_word' id='word_1_492' title='bbox 963 3879 1031 3932; x_wconf 82' lang='grc' dir='ltr'>τὰ</span> <span class='ocrx_word' id='word_1_493' title='bbox 1060 3879 1160 3948; x_wconf 82' lang='grc' dir='ltr'>τῆς</span> <span class='ocrx_word' id='word_1_494' title='bbox 1198 3878 1452 3947; x_wconf 88' lang='grc' dir='ltr'>γνώσεως</span> <span class='ocrx_word' id='word_1_495' title='bbox 1485 3878 1761 3949; x_wconf 89' lang='grc' dir='ltr'>βούλονται</span> <span class='ocrx_word' id='word_1_496' title='bbox 1791 3880 1958 3952; x_wconf 79' lang='grc' dir='ltr'><strong>σπέρ⁶</strong></span> 
     </span>
    </p>
   </div>
   <div class='ocr_carea' id='block_1_70' title="bbox 392 3965 1955 4042">
    <p class='ocr_par' dir='ltr' id='par_1_70' title="bbox 392 3965 1955 4042">
     <span class='ocr_line' id='line_1_70' title="bbox 392 3965 1955 4042; baseline 0 -19"><span class='ocrx_word' id='word_1_497' title='bbox 392 3988 555 4042; x_wconf 92' lang='grc' dir='ltr'>ματα.</span> <span class='ocrx_word' id='word_1_498' title='bbox 578 3969 841 4041; x_wconf 82' lang='grc' dir='ltr'>Καθάπερ</span> <span class='ocrx_word' id='word_1_499' title='bbox 870 3965 964 4023; x_wconf 78' lang='grc' dir='ltr'><strong>οὖν</strong></span> <span class='ocrx_word' id='word_1_500' title='bbox 992 3970 1021 4021; x_wconf 91' lang='grc' dir='ltr'>ὁ</span> <span class='ocrx_word' id='word_1_501' title='bbox 1046 3969 1143 4039; x_wconf 80' lang='grc' dir='ltr'>τῆς</span> <span class='ocrx_word' id='word_1_502' title='bbox 1167 3968 1341 4040; x_wconf 83' lang='grc' dir='ltr'>ἀγρας</span> <span class='ocrx_word' id='word_1_503' title='bbox 1373 3970 1633 4041; x_wconf 81' lang='grc' dir='ltr'>ἐρωτικὸς</span> <span class='ocrx_word' id='word_1_504' title='bbox 1652 4010 1667 4035; x_wconf 95' lang='grc'>,</span> <span class='ocrx_word' id='word_1_505' title='bbox 1697 3969 1955 4042; x_wconf 81' lang='grc' dir='ltr'>ζητήσας,</span> 
     </span>
    </p>
   </div>
   <div class='ocr_carea' id='block_1_71' title="bbox 389 4061 1958 4134">
    <p class='ocr_par' dir='ltr' id='par_1_71' title="bbox 389 4061 1958 4134">
     <span class='ocr_line' id='line_1_71' title="bbox 389 4061 1958 4134; baseline 0 -17"><span class='ocrx_word' id='word_1_506' title='bbox 389 4062 741 4134; x_wconf 81' lang='grc' dir='ltr'>ἀνιχνεύσας,</span> <span class='ocrx_word' id='word_1_507' title='bbox 774 4062 1089 4133; x_wconf 89' lang='grc' dir='ltr'>ἐρευνήσας,</span> <span class='ocrx_word' id='word_1_508' title='bbox 1118 4061 1525 4133; x_wconf 87' lang='grc' dir='ltr'>κυνοδρομήσας</span> <span class='ocrx_word' id='word_1_509' title='bbox 1543 4102 1558 4127; x_wconf 94' lang='grc'><strong>,</strong></span> <span class='ocrx_word' id='word_1_510' title='bbox 1604 4064 1748 4133; x_wconf 82' lang='grc' dir='ltr'>αἱρεῖ</span> <span class='ocrx_word' id='word_1_511' title='bbox 1772 4063 1833 4116; x_wconf 84' lang='grc' dir='ltr'><strong>τὸ</strong></span> <span class='ocrx_word' id='word_1_512' title='bbox 1863 4063 1958 4134; x_wconf 88' lang='grc' dir='ltr'>θη-</span> 
     </span>
    </p>
   </div>
   <div class='ocr_carea' id='block_1_72' title="bbox 390 4152 1958 4227">
    <p class='ocr_par' dir='ltr' id='par_1_72' title="bbox 390 4152 1958 4227">
     <span class='ocr_line' id='line_1_72' title="bbox 390 4152 1958 4227; baseline -0.001 -19"><span class='ocrx_word' id='word_1_513' title='bbox 390 4155 505 4227; x_wconf 91' lang='grc' dir='ltr'>ρίον</span> <span class='ocrx_word' id='word_1_514' title='bbox 523 4173 536 4185; x_wconf 89' lang='grc'><strong>·</strong></span> <span class='ocrx_word' id='word_1_515' title='bbox 572 4154 715 4207; x_wconf 77' lang='grc' dir='ltr'>οὔτω</span> <span class='ocrx_word' id='word_1_516' title='bbox 740 4154 834 4207; x_wconf 77' lang='grc' dir='ltr'>καὶ</span> <span class='ocrx_word' id='word_1_517' title='bbox 856 4153 1084 4222; x_wconf 84' lang='grc' dir='ltr'>τάληθὲς</span> <span class='ocrx_word' id='word_1_518' title='bbox 1118 4152 1415 4223; x_wconf 80' lang='grc' dir='ltr'>γλυκύτητι</span> <span class='ocrx_word' id='word_1_519' title='bbox 1447 4152 1558 4224; x_wconf 90' lang='grc'><strong>(68)</strong></span> <span class='ocrx_word' id='word_1_520' title='bbox 1586 4154 1834 4223; x_wconf 87' lang='grc' dir='ltr'>φαίνεται</span> <span class='ocrx_word' id='word_1_521' title='bbox 1863 4154 1958 4227; x_wconf 78' lang='grc' dir='ltr'><strong>ζη-</strong></span> 
     </span>
    </p>
   </div>
   <div class='ocr_carea' id='block_1_73' title="bbox 387 4241 1958 4318">
    <p class='ocr_par' dir='ltr' id='par_1_73' title="bbox 387 4241 1958 4318">
     <span class='ocr_line' id='line_1_73' title="bbox 387 4241 1958 4318; baseline 0.001 -20"><span class='ocrx_word' id='word_1_522' title='bbox 387 4247 568 4318; x_wconf 81' lang='grc' dir='ltr'>τηθὲν,</span> <span class='ocrx_word' id='word_1_523' title='bbox 601 4248 694 4301; x_wconf 70' lang='grc' dir='ltr'>καὶ</span> <span class='ocrx_word' id='word_1_524' title='bbox 724 4247 868 4317; x_wconf 80' lang='grc' dir='ltr'>πόνῳ</span> <span class='ocrx_word' id='word_1_525' title='bbox 891 4246 1165 4317; x_wconf 86' lang='grc' dir='ltr'>πορισθέν.</span> <span class='ocrx_word' id='word_1_526' title='bbox 1200 4247 1264 4299; x_wconf 92' lang='grc' dir='ltr'>Τί</span> <span class='ocrx_word' id='word_1_527' title='bbox 1287 4246 1349 4316; x_wconf 92' lang='grc' dir='ltr'><strong>δή</strong></span> <span class='ocrx_word' id='word_1_528' title='bbox 1384 4246 1502 4298; x_wconf 87' lang='grc' dir='ltr'>ποτ’</span> <span class='ocrx_word' id='word_1_529' title='bbox 1524 4242 1618 4300; x_wconf 81' lang='grc' dir='ltr'><strong>οὖν</strong></span> <span class='ocrx_word' id='word_1_530' title='bbox 1651 4241 1753 4299; x_wconf 84' lang='grc' dir='ltr'>ὦδε</span> <span class='ocrx_word' id='word_1_531' title='bbox 1782 4248 1958 4301; x_wconf 86' lang='grc' dir='ltr'>διατε-</span> 
     </span>
    </p>
   </div>
   <div class='ocr_carea' id='block_1_74' title="bbox 388 4333 1955 4408">
    <p class='ocr_par' dir='ltr' id='par_1_74' title="bbox 388 4333 1955 4408">
     <span class='ocr_line' id='line_1_74' title="bbox 388 4333 1955 4408; baseline 0.001 -19"><span class='ocrx_word' id='word_1_532' title='bbox 388 4338 580 4407; x_wconf 82' lang='grc' dir='ltr'>τάχθαι</span> <span class='ocrx_word' id='word_1_533' title='bbox 624 4338 770 4407; x_wconf 86' lang='grc' dir='ltr'>φίλον</span> <span class='ocrx_word' id='word_1_534' title='bbox 813 4337 989 4404; x_wconf 80' lang='grc' dir='ltr'>ἔδοξεν</span> <span class='ocrx_word' id='word_1_535' title='bbox 1034 4333 1312 4399; x_wconf 81' lang='grc' dir='ltr'>εἶναιτοῖς</span> <span class='ocrx_word' id='word_1_536' title='bbox 1362 4338 1781 4408; x_wconf 86' lang='grc' dir='ltr'>ύπομνήμασιν;</span> <span class='ocrx_word' id='word_1_537' title='bbox 1836 4339 1955 4391; x_wconf 90' lang='grc' dir='ltr'>Ὅτι</span> 
     </span>
    </p>
   </div>
   <div class='ocr_carea' id='block_1_75' title="bbox 392 4428 1954 4500">
    <p class='ocr_par' dir='ltr' id='par_1_75' title="bbox 392 4428 1954 4500">
     <span class='ocr_line' id='line_1_75' title="bbox 392 4428 1954 4500; baseline 0.001 -20"><span class='ocrx_word' id='word_1_538' title='bbox 392 4429 563 4497; x_wconf 86' lang='grc' dir='ltr'>μέγας</span> <span class='ocrx_word' id='word_1_539' title='bbox 600 4432 628 4481; x_wconf 78' lang='grc' dir='ltr'>ὁ</span> <span class='ocrx_word' id='word_1_540' title='bbox 666 4430 925 4494; x_wconf 87' lang='grc' dir='ltr'>κίνδυνος,</span> <span class='ocrx_word' id='word_1_541' title='bbox 975 4428 1066 4482; x_wconf 82' lang='grc' dir='ltr'><strong>τὸν</strong></span> <span class='ocrx_word' id='word_1_542' title='bbox 1112 4428 1419 4500; x_wconf 73' lang='grc' dir='ltr'>ἀπόρρητον</span> <span class='ocrx_word' id='word_1_543' title='bbox 1468 4428 1544 4491; x_wconf 82' lang='grc' dir='ltr'>ὠς</span> <span class='ocrx_word' id='word_1_544' title='bbox 1590 4428 1804 4499; x_wconf 83' lang='grc' dir='ltr'>ἀληθῶς</span> <span class='ocrx_word' id='word_1_545' title='bbox 1855 4429 1954 4499; x_wconf 82' lang='grc' dir='ltr'><strong>τῆς</strong></span> 
     </span>
    </p>
   </div>
   <div class='ocr_carea' id='block_1_76' title="bbox 386 4518 1955 4592">
    <p class='ocr_par' dir='ltr' id='par_1_76' title="bbox 386 4518 1955 4592">
     <span class='ocr_line' id='line_1_76' title="bbox 386 4518 1955 4592; baseline 0.001 -20"><span class='ocrx_word' id='word_1_546' title='bbox 386 4521 550 4584; x_wconf 70' lang='grc' dir='ltr'>ὅντως</span> <span class='ocrx_word' id='word_1_547' title='bbox 579 4521 893 4592; x_wconf 89' lang='grc' dir='ltr'>φιλοσοφίας</span> <span class='ocrx_word' id='word_1_548' title='bbox 924 4522 1077 4590; x_wconf 88' lang='grc' dir='ltr'>λόγον</span> <span class='ocrx_word' id='word_1_549' title='bbox 1107 4518 1499 4591; x_wconf 82' lang='grc' dir='ltr'>ἐξορχήσασθαι</span> <span class='ocrx_word' id='word_1_550' title='bbox 1524 4518 1635 4589; x_wconf 90' lang='grc'><strong>(69)</strong></span> <span class='ocrx_word' id='word_1_551' title='bbox 1665 4524 1777 4583; x_wconf 84' lang='grc' dir='ltr'>τοῖς</span> <span class='ocrx_word' id='word_1_552' title='bbox 1800 4522 1955 4589; x_wconf 86' lang='grc' dir='ltr'>ἀφει-</span> 
     </span>
    </p>
   </div>
   <div class='ocr_carea' id='block_1_77' title="bbox 384 4609 1949 4684">
    <p class='ocr_par' dir='ltr' id='par_1_77' title="bbox 384 4609 1949 4684">
     <span class='ocr_line' id='line_1_77' title="bbox 384 4609 1949 4684; baseline 0 -21"><span class='ocrx_word' id='word_1_553' title='bbox 384 4611 490 4675; x_wconf 83' lang='grc' dir='ltr'>δῶς</span> <span class='ocrx_word' id='word_1_554' title='bbox 537 4612 714 4666; x_wconf 87' lang='grc' dir='ltr'>πάντα</span> <span class='ocrx_word' id='word_1_555' title='bbox 764 4616 862 4684; x_wconf 86' lang='grc' dir='ltr'><strong>μὲν</strong></span> <span class='ocrx_word' id='word_1_556' title='bbox 914 4611 1207 4680; x_wconf 88' lang='grc' dir='ltr'>ἀντιλέγειν</span> <span class='ocrx_word' id='word_1_557' title='bbox 1254 4609 1527 4663; x_wconf 88' lang='grc' dir='ltr'>ἐθέλουσιν</span> <span class='ocrx_word' id='word_1_558' title='bbox 1567 4610 1667 4663; x_wconf 82' lang='grc' dir='ltr'><strong>οὐκ</strong></span> <span class='ocrx_word' id='word_1_559' title='bbox 1703 4612 1761 4662; x_wconf 89' lang='grc' dir='ltr'><strong>ἐν</strong></span> <span class='ocrx_word' id='word_1_560' title='bbox 1802 4610 1949 4684; x_wconf 84' lang='grc' dir='ltr'>δίκῃ,</span> 
     </span>
    </p>
   </div>
   <div class='ocr_carea' id='block_1_78' title="bbox 462 4743 1772 4811">
    <p class='ocr_par' dir='ltr' id='par_1_78' title="bbox 462 4743 1772 4811">
     <span class='ocr_line' id='line_1_78' title="bbox 462 4743 1772 4811; baseline -0.002 -11"><span class='ocrx_word' id='word_1_561' title='bbox 462 4754 519 4811; x_wconf 65' lang='lat'><strong>&gt;14</strong></span> <span class='ocrx_word' id='word_1_562' title='bbox 556 4747 617 4802; x_wconf 90' lang='lat' dir='ltr'><strong>P.</strong></span> <span class='ocrx_word' id='word_1_563' title='bbox 656 4748 761 4801; x_wconf 77' lang='lat'><strong>327</strong></span> <span class='ocrx_word' id='word_1_564' title='bbox 784 4746 898 4802; x_wconf 81' lang='grc' dir='ltr'><strong>ΕΙ).</strong></span> <span class='ocrx_word' id='word_1_565' title='bbox 938 4744 1247 4811; x_wconf 80' lang='lat' dir='ltr'><strong>PUTTER,</strong></span> <span class='ocrx_word' id='word_1_566' title='bbox 1271 4745 1376 4800; x_wconf 72' lang='lat'><strong>279</strong></span> <span class='ocrx_word' id='word_1_567' title='bbox 1411 4744 1520 4799; x_wconf 84' lang='grc' dir='ltr'><strong>ΕΙ).</strong></span> <span class='ocrx_word' id='word_1_568' title='bbox 1552 4743 1772 4798; x_wconf 81' lang='lat' dir='ltr'><strong>PARIS.</strong></span> 
     </span>
    </p>
   </div>
   <div class='ocr_carea' id='block_1_79' title="bbox 456 4879 1948 4957">
    <p class='ocr_par' dir='ltr' id='par_1_79' title="bbox 456 4879 1948 4957">
     <span class='ocr_line' id='line_1_79' title="bbox 456 4879 1948 4957; baseline -0.003 -16"><span class='ocrx_word' id='word_1_569' title='bbox 456 4886 566 4957; x_wconf 80' lang='lat'><strong>(65)</strong></span> <span class='ocrx_word' id='word_1_570' title='bbox 597 4882 671 4957; x_wconf 58' lang='lat' dir='ltr'><strong>Td</strong></span> <span class='ocrx_word' id='word_1_571' title='bbox 701 4884 1030 4957; x_wconf 57' lang='grc' dir='ltr'>κυριώτατα</span> <span class='ocrx_word' id='word_1_572' title='bbox 1065 4881 1183 4957; x_wconf 71' lang='grc' dir='ltr'><strong>τῶν</strong></span> <span class='ocrx_word' id='word_1_573' title='bbox 1213 4880 1569 4957; x_wconf 52' lang='grc' dir='ltr'>δογμάτων.-</span> <span class='ocrx_word' id='word_1_574' title='bbox 1585 4879 1677 4957; x_wconf 70' lang='lat' dir='ltr'><strong>Sic</strong></span> <span class='ocrx_word' id='word_1_575' title='bbox 1721 4879 1849 4957; x_wconf 75' lang='lat' dir='ltr'><strong>alibi</strong></span> <span class='ocrx_word' id='word_1_576' title='bbox 1878 4882 1948 4937; x_wconf 84' lang='grc' dir='ltr'>τὰ</span> 
     </span>
    </p>
   </div>
   <div class='ocr_carea' id='block_1_80' title="bbox 385 4950 1943 5078">
    <p class='ocr_par' dir='ltr' id='par_1_80' title="bbox 385 4950 1943 5078">
     <span class='ocr_line' id='line_1_80' title="bbox 385 4950 1943 5078; baseline -0.002 0"><span class='ocrx_word' id='word_1_577' title='bbox 385 4950 1611 5078; x_wconf 53' lang='grc' dir='ltr'><strong>ἔῗέιαρξῗνῧέμάδὲἓνΐπέγὲνέἕίῗῗὲαέἓέ</strong></span> <span class='ocrx_word' id='word_1_578' title='bbox 1639 4950 1943 5075; x_wconf 51' lang='grc' dir='ltr'><em>ἓθῖἔάὲῗᾶ</em></span> 
     </span>
    </p>
   </div>
   <div class='ocr_carea' id='block_1_81' title="bbox 386 5024 1946 5169">
    <p class='ocr_par' dir='ltr' id='par_1_81' title="bbox 386 5024 1946 5169">
     <span class='ocr_line' id='line_1_81' title="bbox 386 5024 1942 5096; baseline -0.006 -12"><span class='ocrx_word' id='word_1_579' title='bbox 386 5024 515 5091; x_wconf 77' lang='grc' dir='ltr'>ειό..</span> <span class='ocrx_word' id='word_1_580' title='bbox 581 5040 665 5096; x_wconf 88' lang='lat' dir='ltr'><strong>ag.</strong></span> <span class='ocrx_word' id='word_1_581' title='bbox 696 5024 823 5086; x_wconf 75' lang='lat'><strong>303,</strong></span> <span class='ocrx_word' id='word_1_582' title='bbox 851 5024 976 5088; x_wconf 82' lang='lat'><strong>558,</strong></span> <span class='ocrx_word' id='word_1_583' title='bbox 1016 5024 1149 5086; x_wconf 73' lang='grc'><strong>475,</strong></span> <span class='ocrx_word' id='word_1_584' title='bbox 1175 5024 1301 5085; x_wconf 86' lang='grc'><strong>550,</strong></span> <span class='ocrx_word' id='word_1_585' title='bbox 1338 5024 1462 5084; x_wconf 78' lang='grc'><strong>618,</strong></span> <span class='ocrx_word' id='word_1_586' title='bbox 1493 5024 1617 5087; x_wconf 74' lang='grc'><strong>629,</strong></span> <span class='ocrx_word' id='word_1_587' title='bbox 1646 5024 1768 5083; x_wconf 78' lang='grc'><strong>675,</strong></span> <span class='ocrx_word' id='word_1_588' title='bbox 1818 5024 1942 5075; x_wconf 84' lang='lat'><strong>770.</strong></span> 
     </span>
     <span class='ocr_line' id='line_1_82' title="bbox 388 5042 1946 5169; baseline -0.005 -15"><span class='ocrx_word' id='word_1_589' title='bbox 388 5168 393 5169; x_wconf 15' lang='grc' dir='ltr'><strong>γ</strong></span> <span class='ocrx_word' id='word_1_590' title='bbox 458 5042 579 5169; x_wconf 51' lang='lat'><strong>(64;)</strong></span> <span class='ocrx_word' id='word_1_591' title='bbox 599 5091 856 5169; x_wconf 55' lang='grc' dir='ltr'>Ψευδῶν.</span> <span class='ocrx_word' id='word_1_592' title='bbox 884 5091 1263 5169; x_wconf 75' lang='lat' dir='ltr'><strong>llallucinatur</strong></span> <span class='ocrx_word' id='word_1_593' title='bbox 1288 5091 1514 5169; x_wconf 71' lang='lat' dir='ltr'><strong>omnino</strong></span> <span class='ocrx_word' id='word_1_594' title='bbox 1542 5091 1827 5169; x_wconf 75' lang='lat' dir='ltr'><strong>Hervetus,</strong></span> <span class='ocrx_word' id='word_1_595' title='bbox 1850 5092 1946 5169; x_wconf 81' lang='lat' dir='ltr'><strong>qui</strong></span> 
     </span>
    </p>
   </div>
   <div class='ocr_carea' id='block_1_82' title="bbox 384 5160 1942 5241">
    <p class='ocr_par' dir='ltr' id='par_1_82' title="bbox 384 5160 1942 5241">
     <span class='ocr_line' id='line_1_83' title="bbox 384 5160 1942 5241; baseline -0.005 -18"><span class='ocrx_word' id='word_1_596' title='bbox 384 5160 503 5223; x_wconf 68' lang='lat' dir='ltr'><strong>haec</strong></span> <span class='ocrx_word' id='word_1_597' title='bbox 543 5160 597 5222; x_wconf 82' lang='lat' dir='ltr'><strong>in</strong></span> <span class='ocrx_word' id='word_1_598' title='bbox 640 5162 993 5237; x_wconf 75' lang='lat' dir='ltr'><strong>phil050phia:</strong></span> <span class='ocrx_word' id='word_1_599' title='bbox 1022 5163 1347 5232; x_wconf 85' lang='lat' dir='ltr'><strong>vituperium</strong></span> <span class='ocrx_word' id='word_1_600' title='bbox 1390 5160 1539 5215; x_wconf 91' lang='lat' dir='ltr'><strong>dicta</strong></span> <span class='ocrx_word' id='word_1_601' title='bbox 1582 5162 1942 5241; x_wconf 76' lang='lat' dir='ltr'><strong>existimavit;</strong></span> 
     </span>
    </p>
   </div>
   <div class='ocr_carea' id='block_1_83' title="bbox 384 5241 1945 5300">
    <p class='ocr_par' dir='ltr' id='par_1_83' title="bbox 384 5241 1945 5300">
     <span class='ocr_line' id='line_1_84' title="bbox 384 5241 1945 5300; baseline -0.005 -7"><span class='ocrx_word' id='word_1_602' title='bbox 384 5254 510 5293; x_wconf 90' lang='lat' dir='ltr'><strong>cum</strong></span> <span class='ocrx_word' id='word_1_603' title='bbox 550 5242 767 5292; x_wconf 86' lang='lat' dir='ltr'><strong>moneat</strong></span> <span class='ocrx_word' id='word_1_604' title='bbox 805 5241 1017 5288; x_wconf 87' lang='lat' dir='ltr'><strong>tantum</strong></span> <span class='ocrx_word' id='word_1_605' title='bbox 1060 5242 1270 5299; x_wconf 89' lang='lat' dir='ltr'><strong>auctor,</strong></span> <span class='ocrx_word' id='word_1_606' title='bbox 1302 5245 1370 5285; x_wconf 89' lang='lat' dir='ltr'><strong>ne</strong></span> <span class='ocrx_word' id='word_1_607' title='bbox 1413 5246 1473 5286; x_wconf 90' lang='lat' dir='ltr'><strong>re</strong></span> <span class='ocrx_word' id='word_1_608' title='bbox 1500 5241 1945 5300; x_wconf 58' lang='lat' dir='ltr'><strong>pratstantlssma</strong></span> 
     </span>
    </p>
   </div>
   <div class='ocr_carea' id='block_1_84' title="bbox 383 5299 1943 5371">
    <p class='ocr_par' dir='ltr' id='par_1_84' title="bbox 383 5299 1943 5371">
     <span class='ocr_line' id='line_1_85' title="bbox 383 5299 1943 5371; baseline -0.006 -9"><span class='ocrx_word' id='word_1_609' title='bbox 383 5302 693 5370; x_wconf 86' lang='lat' dir='ltr'><strong>abutamur,</strong></span> <span class='ocrx_word' id='word_1_610' title='bbox 742 5302 885 5371; x_wconf 92' lang='lat' dir='ltr'><strong>quod</strong></span> <span class='ocrx_word' id='word_1_611' title='bbox 916 5301 1092 5371; x_wconf 77' lang='lat' dir='ltr'><strong>fecere</strong></span> <span class='ocrx_word' id='word_1_612' title='bbox 1130 5301 1387 5358; x_wconf 67' lang='lat' dir='ltr'><strong>haeretici.</strong></span> <span class='ocrx_word' id='word_1_613' title='bbox 1418 5299 1619 5357; x_wconf 85' lang='lat' dir='ltr'><strong>Confer</strong></span> <span class='ocrx_word' id='word_1_614' title='bbox 1665 5317 1787 5371; x_wconf 85' lang='lat' dir='ltr'><strong>pag.</strong></span> <span class='ocrx_word' id='word_1_615' title='bbox 1804 5299 1943 5371; x_wconf 72' lang='lat'><strong>283,</strong></span> 
     </span>
    </p>
   </div>
   <div class='ocr_carea' id='block_1_85' title="bbox 382 5369 1941 5445">
    <p class='ocr_par' dir='ltr' id='par_1_85' title="bbox 382 5369 1941 5445">
     <span class='ocr_line' id='line_1_86' title="bbox 382 5369 1941 5445; baseline -0.005 -12"><span class='ocrx_word' id='word_1_616' title='bbox 382 5372 510 5445; x_wconf 74' lang='lat'><strong>283,</strong></span> <span class='ocrx_word' id='word_1_617' title='bbox 533 5377 660 5445; x_wconf 72' lang='lat'><strong>287,</strong></span> <span class='ocrx_word' id='word_1_618' title='bbox 680 5369 805 5441; x_wconf 77' lang='grc'>318,</span> <span class='ocrx_word' id='word_1_619' title='bbox 828 5372 951 5439; x_wconf 78' lang='lat'><strong>6&#39;55,</strong></span> <span class='ocrx_word' id='word_1_620' title='bbox 981 5369 1105 5439; x_wconf 75' lang='lat'><strong>636,</strong></span> <span class='ocrx_word' id='word_1_621' title='bbox 1128 5381 1327 5441; x_wconf 59' lang='lat' dir='ltr'><strong>prater</strong></span> <span class='ocrx_word' id='word_1_622' title='bbox 1351 5371 1639 5427; x_wconf 86' lang='lat' dir='ltr'><strong>innumera</strong></span> <span class='ocrx_word' id='word_1_623' title='bbox 1666 5369 1770 5427; x_wconf 83' lang='lat' dir='ltr'><strong>alia</strong></span> <span class='ocrx_word' id='word_1_624' title='bbox 1802 5370 1941 5426; x_wconf 88' lang='lat' dir='ltr'><strong>loca.</strong></span> 
     </span>
    </p>
   </div>
   <div class='ocr_carea' id='block_1_86' title="bbox 381 5444 1946 5587">
    <p class='ocr_par' dir='ltr' id='par_1_86' title="bbox 381 5444 1946 5587">
     <span class='ocr_line' id='line_1_87' title="bbox 381 5444 1946 5587; baseline -0.016 1"><span class='ocrx_word' id='word_1_625' title='bbox 381 5444 697 5587; x_wconf 42' lang='grc' dir='ltr'><strong>ῳὲἲλιά</strong></span> <span class='ocrx_word' id='word_1_626' title='bbox 722 5514 832 5586; x_wconf 81' lang='grc' dir='ltr'><strong>τῆς</strong></span> <span class='ocrx_word' id='word_1_627' title='bbox 858 5509 1390 5587; x_wconf 59' lang='grc' dir='ltr'><strong>ἀντιπαραθέσεως·</strong></span> <span class='ocrx_word' id='word_1_628' title='bbox 1420 5504 1560 5576; x_wconf 75' lang='lat' dir='ltr'><strong>Quia</strong></span> <span class='ocrx_word' id='word_1_629' title='bbox 1593 5526 1675 5587; x_wconf 63' lang='lat' dir='ltr'><strong>sc.</strong></span> <span class='ocrx_word' id='word_1_630' title='bbox 1704 5509 1781 5587; x_wconf 78' lang='grc' dir='ltr'>τῷ</span> <span class='ocrx_word' id='word_1_631' title='bbox 1801 5512 1946 5587; x_wconf 70' lang='grc' dir='ltr'>ἐνανο</span> 
     </span>
    </p>
   </div>
   <div class='ocr_carea' id='block_1_87' title="bbox 379 5581 1945 5655">
    <p class='ocr_par' dir='ltr' id='par_1_87' title="bbox 379 5581 1945 5655">
     <span class='ocr_line' id='line_1_88' title="bbox 379 5581 1945 5655; baseline 0 -20"><span class='ocrx_word' id='word_1_632' title='bbox 379 5581 479 5655; x_wconf 72' lang='grc' dir='ltr'>τίῴ</span> <span class='ocrx_word' id='word_1_633' title='bbox 524 5581 596 5655; x_wconf 58' lang='grc' dir='ltr'><strong>τὰ</strong></span> <span class='ocrx_word' id='word_1_634' title='bbox 639 5581 855 5641; x_wconf 78' lang='grc' dir='ltr'>ἐναντία</span> <span class='ocrx_word' id='word_1_635' title='bbox 901 5586 1108 5655; x_wconf 64' lang='grc' dir='ltr'>πέφυκε</span> <span class='ocrx_word' id='word_1_636' title='bbox 1152 5582 1386 5651; x_wconf 86' lang='grc' dir='ltr'>μάλιστα</span> <span class='ocrx_word' id='word_1_637' title='bbox 1442 5581 1945 5653; x_wconf 74' lang='grc' dir='ltr'>γνωρίζεσθαι,ᾕιιο</span> 
     </span>
    </p>
   </div>
   <div class='ocr_carea' id='block_1_88' title="bbox 380 5652 1330 5723">
    <p class='ocr_par' dir='ltr' id='par_1_88' title="bbox 380 5652 1330 5723">
     <span class='ocr_line' id='line_1_89' title="bbox 380 5652 1330 5723; baseline -0.002 -17"><span class='ocrx_word' id='word_1_638' title='bbox 380 5652 499 5723; x_wconf 82' lang='lat' dir='ltr'><strong>quit</strong></span> <span class='ocrx_word' id='word_1_639' title='bbox 522 5653 699 5721; x_wconf 91' lang='lat' dir='ltr'><strong>Philo,</strong></span> <span class='ocrx_word' id='word_1_640' title='bbox 729 5672 783 5723; x_wconf 92' lang='lat' dir='ltr'><strong>p.</strong></span> <span class='ocrx_word' id='word_1_641' title='bbox 815 5656 935 5713; x_wconf 76' lang='grc'><strong>191.</strong></span> <span class='ocrx_word' id='word_1_642' title='bbox 970 5652 1035 5709; x_wconf 74' lang='grc' dir='ltr'>Η.</span> <span class='ocrx_word' id='word_1_643' title='bbox 1067 5652 1330 5706; x_wconf 71' lang='lat' dir='ltr'><strong>Summo.</strong></span> 
     </span>
    </p>
   </div>
   <div class='ocr_carea' id='block_1_89' title="bbox 436 5721 1942 5792">
    <p class='ocr_par' dir='ltr' id='par_1_89' title="bbox 436 5721 1942 5792">
     <span class='ocr_line' id='line_1_90' title="bbox 436 5721 1942 5792; baseline -0.001 -15"><span class='ocrx_word' id='word_1_644' title='bbox 436 5723 564 5792; x_wconf 62' lang='lat'><strong>(66)</strong></span> <span class='ocrx_word' id='word_1_645' title='bbox 591 5726 696 5779; x_wconf 88' lang='grc' dir='ltr'><strong>Διὰ</strong></span> <span class='ocrx_word' id='word_1_646' title='bbox 721 5721 789 5779; x_wconf 78' lang='grc' dir='ltr'>δὲ</span> <span class='ocrx_word' id='word_1_647' title='bbox 817 5744 871 5782; x_wconf 84' lang='grc' dir='ltr'><strong>τ.</strong></span> <span class='ocrx_word' id='word_1_648' title='bbox 902 5725 1028 5782; x_wconf 56' lang='lat' dir='ltr'><strong>Haec</strong></span> <span class='ocrx_word' id='word_1_649' title='bbox 1067 5724 1144 5779; x_wconf 88' lang='lat' dir='ltr'><strong>sic</strong></span> <span class='ocrx_word' id='word_1_650' title='bbox 1187 5722 1476 5792; x_wconf 82' lang='lat' dir='ltr'><strong>distingue,</strong></span> <span class='ocrx_word' id='word_1_651' title='bbox 1509 5721 1598 5775; x_wconf 86' lang='grc' dir='ltr'>διὰ</span> <span class='ocrx_word' id='word_1_652' title='bbox 1629 5722 1686 5775; x_wconf 82' lang='grc' dir='ltr'>δὲ</span> <span class='ocrx_word' id='word_1_653' title='bbox 1716 5723 1807 5775; x_wconf 87' lang='grc' dir='ltr'><strong>τὸν</strong></span> <span class='ocrx_word' id='word_1_654' title='bbox 1833 5721 1942 5792; x_wconf 67' lang='grc' dir='ltr'><strong>ἀπὸ</strong></span> 
     </span>
    </p>
   </div>
   <div class='ocr_carea' id='block_1_90' title="bbox 379 5790 1938 5878">
    <p class='ocr_par' dir='ltr' id='par_1_90' title="bbox 379 5790 1938 5878">
     <span class='ocr_line' id='line_1_91' title="bbox 379 5790 1938 5878; baseline 0 -32"><span class='ocrx_word' id='word_1_655' title='bbox 379 5793 476 5878; x_wconf 69' lang='grc' dir='ltr'>τῆς</span> <span class='ocrx_word' id='word_1_656' title='bbox 505 5790 756 5875; x_wconf 78' lang='grc' dir='ltr'>γνώσεως</span> <span class='ocrx_word' id='word_1_657' title='bbox 788 5792 1216 5878; x_wconf 40' lang='grc' dir='ltr'>καρπόν-,ήμῶν</span> <span class='ocrx_word' id='word_1_658' title='bbox 1250 5790 1463 5861; x_wconf 79' lang='grc' dir='ltr'>βέϐἁιον</span> <span class='ocrx_word' id='word_1_659' title='bbox 1493 5792 1541 5845; x_wconf 95' lang='grc' dir='ltr'><strong>λ.</strong></span> <span class='ocrx_word' id='word_1_660' title='bbox 1567 5793 1715 5862; x_wconf 80' lang='lat' dir='ltr'><strong>quod</strong></span> <span class='ocrx_word' id='word_1_661' title='bbox 1744 5794 1801 5848; x_wconf 90' lang='lat' dir='ltr'><strong>in</strong></span> <span class='ocrx_word' id='word_1_662' title='bbox 1831 5790 1938 5847; x_wconf 83' lang='lat' dir='ltr'><strong>La—</strong></span> 
     </span>
    </p>
   </div>
   <div class='ocr_carea' id='block_1_91' title="bbox 383 5875 1933 6003">
    <p class='ocr_par' dir='ltr' id='par_1_91' title="bbox 383 5875 1933 6003">
     <span class='ocr_line' id='line_1_92' title="bbox 383 5875 1197 5935; baseline 0 -18"><span class='ocrx_word' id='word_1_663' title='bbox 383 5875 419 5918; x_wconf 85' lang='grc' dir='ltr'><strong>ιι</strong></span> <span class='ocrx_word' id='word_1_664' title='bbox 434 5879 492 5916; x_wconf 74' lang='lat' dir='ltr'><strong>~ia</strong></span> <span class='ocrx_word' id='word_1_665' title='bbox 528 5878 777 5918; x_wconf 86' lang='lat' dir='ltr'><strong>verSIone</strong></span> <span class='ocrx_word' id='word_1_666' title='bbox 806 5875 1197 5935; x_wconf 72' lang='lat' dir='ltr'><strong>expressimus.</strong></span> 
     </span>
     <span class='ocr_line' id='line_1_93' title="bbox 452 5932 1933 6003; baseline -0.001 -16"><span class='ocrx_word' id='word_1_667' title='bbox 452 5932 561 6003; x_wconf 71' lang='grc'><strong>(67)</strong></span> <span class='ocrx_word' id='word_1_668' title='bbox 611 5933 712 5986; x_wconf 80' lang='grc' dir='ltr'><strong>Διὰ</strong></span> <span class='ocrx_word' id='word_1_669' title='bbox 761 5934 870 6003; x_wconf 82' lang='grc' dir='ltr'>τῆς</span> <span class='ocrx_word' id='word_1_670' title='bbox 920 5936 1035 5989; x_wconf 78' lang='grc' dir='ltr'><strong>τῶν</strong></span> <span class='ocrx_word' id='word_1_671' title='bbox 1083 5932 1533 6003; x_wconf 72' lang='grc' dir='ltr'>ι’»πωὉω-ιμὲνων</span> <span class='ocrx_word' id='word_1_672' title='bbox 1582 5932 1933 6002; x_wconf 72' lang='grc' dir='ltr'>ἐπιστήμης.</span> 
     </span>
    </p>
   </div>
   <div class='ocr_carea' id='block_1_92' title="bbox 1980 4776 2027 4831">
    <p class='ocr_par' dir='ltr' id='par_1_92' title="bbox 1980 4776 2027 4831">
     <span class='ocr_line' id='line_1_94' title="bbox 1980 4776 2027 4831; baseline 0 0"><span class='ocrx_word' id='word_1_673' title='bbox 1980 4776 2027 4831; x_wconf 89' lang='lat' dir='ltr'><strong>D</strong></span> 
     </span>
    </p>
   </div>
   <div class='ocr_carea' id='block_1_93' title="bbox 2065 3510 3639 3585">
    <p class='ocr_par' dir='ltr' id='par_1_93' title="bbox 2065 3510 3639 3585">
     <span class='ocr_line' id='line_1_95' title="bbox 2065 3510 3639 3585; baseline 0.004 -15"><span class='ocrx_word' id='word_1_674' title='bbox 2065 3522 2149 3571; x_wconf 86' lang='lat' dir='ltr'><strong>tas</strong></span> <span class='ocrx_word' id='word_1_675' title='bbox 2182 3514 2355 3583; x_wconf 88' lang='lat' dir='ltr'><strong>magis</strong></span> <span class='ocrx_word' id='word_1_676' title='bbox 2386 3512 2664 3569; x_wconf 89' lang='lat' dir='ltr'><strong>eluccscit.</strong></span> <span class='ocrx_word' id='word_1_677' title='bbox 2708 3510 2848 3568; x_wconf 83' lang='lat' dir='ltr'><strong>Hinc</strong></span> <span class='ocrx_word' id='word_1_678' title='bbox 2870 3515 3230 3585; x_wconf 86' lang='lat' dir='ltr'><strong>consequitur</strong></span> <span class='ocrx_word' id='word_1_679' title='bbox 3260 3518 3512 3576; x_wconf 88' lang='lat' dir='ltr'><strong>scientia.</strong></span> <span class='ocrx_word' id='word_1_680' title='bbox 3542 3523 3639 3577; x_wconf 80' lang='lat' dir='ltr'><strong>At-</strong></span> 
     </span>
    </p>
   </div>
   <div class='ocr_carea' id='block_1_94' title="bbox 2065 3605 3636 3679">
    <p class='ocr_par' dir='ltr' id='par_1_94' title="bbox 2065 3605 3636 3679">
     <span class='ocr_line' id='line_1_96' title="bbox 2065 3605 3636 3679; baseline 0.004 -18"><span class='ocrx_word' id='word_1_681' title='bbox 2065 3622 2172 3678; x_wconf 91' lang='lat' dir='ltr'><strong>que</strong></span> <span class='ocrx_word' id='word_1_682' title='bbox 2208 3606 2346 3660; x_wconf 89' lang='lat' dir='ltr'><strong>adeo</strong></span> <span class='ocrx_word' id='word_1_683' title='bbox 2374 3605 2801 3675; x_wconf 79' lang='lat' dir='ltr'><strong>haudquaquam</strong></span> <span class='ocrx_word' id='word_1_684' title='bbox 2835 3621 2930 3676; x_wconf 89' lang='lat' dir='ltr'><strong>per</strong></span> <span class='ocrx_word' id='word_1_685' title='bbox 2976 3622 3036 3663; x_wconf 88' lang='lat' dir='ltr'><strong>se</strong></span> <span class='ocrx_word' id='word_1_686' title='bbox 3070 3608 3348 3664; x_wconf 89' lang='lat' dir='ltr'><strong>inducitur</strong></span> <span class='ocrx_word' id='word_1_687' title='bbox 3391 3611 3636 3679; x_wconf 85' lang='lat' dir='ltr'><strong>philoso-</strong></span> 
     </span>
    </p>
   </div>
   <div class='ocr_carea' id='block_1_95' title="bbox 2062 3695 3634 3769">
    <p class='ocr_par' dir='ltr' id='par_1_95' title="bbox 2062 3695 3634 3769">
     <span class='ocr_line' id='line_1_97' title="bbox 2062 3695 3634 3769; baseline 0.003 -17"><span class='ocrx_word' id='word_1_688' title='bbox 2062 3699 2212 3769; x_wconf 88' lang='lat' dir='ltr'><strong>phia,</strong></span> <span class='ocrx_word' id='word_1_689' title='bbox 2246 3696 2339 3753; x_wconf 90' lang='lat' dir='ltr'><strong>sed</strong></span> <span class='ocrx_word' id='word_1_690' title='bbox 2374 3704 2593 3766; x_wconf 88' lang='lat' dir='ltr'><strong>propter</strong></span> <span class='ocrx_word' id='word_1_691' title='bbox 2622 3695 2833 3751; x_wconf 90' lang='lat' dir='ltr'><strong>fructus</strong></span> <span class='ocrx_word' id='word_1_692' title='bbox 2860 3712 2925 3751; x_wconf 83' lang='lat' dir='ltr'><strong>ex</strong></span> <span class='ocrx_word' id='word_1_693' title='bbox 2953 3698 3182 3753; x_wconf 86' lang='lat' dir='ltr'><strong>scientia</strong></span> <span class='ocrx_word' id='word_1_694' title='bbox 3211 3701 3590 3769; x_wconf 86' lang='lat' dir='ltr'><strong>provenientes</strong></span> <span class='ocrx_word' id='word_1_695' title='bbox 3616 3721 3634 3768; x_wconf 85' lang='lat'><strong>;</strong></span> 
     </span>
    </p>
   </div>
   <div class='ocr_carea' id='block_1_96' title="bbox 2061 3787 3638 3862">
    <p class='ocr_par' dir='ltr' id='par_1_96' title="bbox 2061 3787 3638 3862">
     <span class='ocr_line' id='line_1_98' title="bbox 2061 3787 3638 3862; baseline 0.004 -19"><span class='ocrx_word' id='word_1_696' title='bbox 2061 3791 2191 3860; x_wconf 90' lang='lat' dir='ltr'><strong>quia</strong></span> <span class='ocrx_word' id='word_1_697' title='bbox 2225 3789 2381 3843; x_wconf 90' lang='lat' dir='ltr'><strong>nobis</strong></span> <span class='ocrx_word' id='word_1_698' title='bbox 2410 3802 2504 3858; x_wconf 90' lang='lat' dir='ltr'><strong>per</strong></span> <span class='ocrx_word' id='word_1_699' title='bbox 2532 3787 2814 3843; x_wconf 89' lang='lat' dir='ltr'><strong>scientiam</strong></span> <span class='ocrx_word' id='word_1_700' title='bbox 2846 3802 3029 3842; x_wconf 90' lang='lat' dir='ltr'><strong>rerum</strong></span> <span class='ocrx_word' id='word_1_701' title='bbox 3061 3789 3247 3843; x_wconf 90' lang='lat' dir='ltr'><strong>animo</strong></span> <span class='ocrx_word' id='word_1_702' title='bbox 3274 3792 3638 3862; x_wconf 82' lang='lat' dir='ltr'><strong>comprehen-</strong></span> 
     </span>
    </p>
   </div>
   <div class='ocr_carea' id='block_1_97' title="bbox 2059 3878 3637 3949">
    <p class='ocr_par' dir='ltr' id='par_1_97' title="bbox 2059 3878 3637 3949">
     <span class='ocr_line' id='line_1_99' title="bbox 2059 3878 3637 3949; baseline 0.003 -14"><span class='ocrx_word' id='word_1_703' title='bbox 2059 3895 2245 3935; x_wconf 86' lang='lat' dir='ltr'><strong>sarum</strong></span> <span class='ocrx_word' id='word_1_704' title='bbox 2281 3879 2529 3933; x_wconf 80' lang='lat' dir='ltr'><strong>firmatur</strong></span> <span class='ocrx_word' id='word_1_705' title='bbox 2559 3894 2701 3933; x_wconf 68' lang='lat' dir='ltr'><strong>vera:</strong></span> <span class='ocrx_word' id='word_1_706' title='bbox 2727 3878 3098 3949; x_wconf 89' lang='lat' dir='ltr'><strong>perceptionis</strong></span> <span class='ocrx_word' id='word_1_707' title='bbox 3122 3882 3429 3949; x_wconf 85' lang='lat' dir='ltr'><strong>persuasio.</strong></span> <span class='ocrx_word' id='word_1_708' title='bbox 3461 3881 3637 3940; x_wconf 85' lang='lat' dir='ltr'><strong>Taceo</strong></span> 
     </span>
    </p>
   </div>
   <div class='ocr_carea' id='block_1_98' title="bbox 2058 3971 3633 4043">
    <p class='ocr_par' dir='ltr' id='par_1_98' title="bbox 2058 3971 3633 4043">
     <span class='ocr_line' id='line_1_100' title="bbox 2058 3971 3633 4043; baseline 0.001 -16"><span class='ocrx_word' id='word_1_709' title='bbox 2058 3973 2201 4043; x_wconf 90' lang='lat' dir='ltr'><strong>quod</strong></span> <span class='ocrx_word' id='word_1_710' title='bbox 2248 3972 2371 4025; x_wconf 90' lang='lat' dir='ltr'><strong>libri</strong></span> <span class='ocrx_word' id='word_1_711' title='bbox 2404 3972 2460 4024; x_wconf 88' lang='lat' dir='ltr'><strong>hi</strong></span> <span class='ocrx_word' id='word_1_712' title='bbox 2500 3971 2787 4040; x_wconf 87' lang='lat' dir='ltr'><strong>multiplici</strong></span> <span class='ocrx_word' id='word_1_713' title='bbox 2826 3986 2891 4025; x_wconf 91' lang='lat' dir='ltr'><strong>ac</strong></span> <span class='ocrx_word' id='word_1_714' title='bbox 2920 3971 3071 4024; x_wconf 90' lang='lat' dir='ltr'><strong>varia</strong></span> <span class='ocrx_word' id='word_1_715' title='bbox 3098 3973 3349 4027; x_wconf 87' lang='lat' dir='ltr'><strong>doctrina</strong></span> <span class='ocrx_word' id='word_1_716' title='bbox 3382 3973 3437 4027; x_wconf 89' lang='lat' dir='ltr'><strong>in</strong></span> <span class='ocrx_word' id='word_1_717' title='bbox 3462 3990 3633 4030; x_wconf 85' lang='lat' dir='ltr'><strong>unum</strong></span> 
     </span>
    </p>
   </div>
   <div class='ocr_carea' id='block_1_99' title="bbox 2057 4060 3633 4133">
    <p class='ocr_par' dir='ltr' id='par_1_99' title="bbox 2057 4060 3633 4133">
     <span class='ocr_line' id='line_1_101' title="bbox 2057 4060 3633 4133; baseline 0.001 -14"><span class='ocrx_word' id='word_1_718' title='bbox 2057 4079 2254 4133; x_wconf 91' lang='lat' dir='ltr'><strong>corpus</strong></span> <span class='ocrx_word' id='word_1_719' title='bbox 2282 4061 2662 4133; x_wconf 88' lang='lat' dir='ltr'><strong>coagmentati,</strong></span> <span class='ocrx_word' id='word_1_720' title='bbox 2687 4060 2877 4115; x_wconf 90' lang='lat' dir='ltr'><strong>volunt</strong></span> <span class='ocrx_word' id='word_1_721' title='bbox 2904 4062 3199 4117; x_wconf 75' lang='lat' dir='ltr'><strong>artificiose</strong></span> <span class='ocrx_word' id='word_1_722' title='bbox 3221 4063 3399 4119; x_wconf 88' lang='lat' dir='ltr'><strong>celare</strong></span> <span class='ocrx_word' id='word_1_723' title='bbox 3421 4066 3633 4120; x_wconf 82' lang='lat' dir='ltr'><strong>semina</strong></span> 
     </span>
    </p>
   </div>
   <div class='ocr_carea' id='block_1_100' title="bbox 2058 4151 3632 4227">
    <p class='ocr_par' dir='ltr' id='par_1_100' title="bbox 2058 4151 3632 4227">
     <span class='ocr_line' id='line_1_102' title="bbox 2058 4151 3632 4227; baseline 0 -16"><span class='ocrx_word' id='word_1_724' title='bbox 2058 4154 2402 4227; x_wconf 83' lang='lat' dir='ltr'><strong>cognitionis.</strong></span> <span class='ocrx_word' id='word_1_725' title='bbox 2436 4151 2906 4220; x_wconf 86' lang='lat' dir='ltr'><strong>Quemadmodum</strong></span> <span class='ocrx_word' id='word_1_726' title='bbox 2935 4168 3065 4223; x_wconf 90' lang='lat' dir='ltr'><strong>ergo</strong></span> <span class='ocrx_word' id='word_1_727' title='bbox 3091 4153 3183 4224; x_wconf 90' lang='lat' dir='ltr'><strong>qui</strong></span> <span class='ocrx_word' id='word_1_728' title='bbox 3211 4155 3392 4209; x_wconf 91' lang='lat' dir='ltr'><strong>studio</strong></span> <span class='ocrx_word' id='word_1_729' title='bbox 3417 4163 3632 4211; x_wconf 91' lang='lat' dir='ltr'><strong>tenetur</strong></span> 
     </span>
    </p>
   </div>
   <div class='ocr_carea' id='block_1_101' title="bbox 2057 4244 3632 4318">
    <p class='ocr_par' dir='ltr' id='par_1_101' title="bbox 2057 4244 3632 4318">
     <span class='ocr_line' id='line_1_103' title="bbox 2057 4244 3632 4318; baseline 0.003 -20"><span class='ocrx_word' id='word_1_730' title='bbox 2057 4245 2382 4310; x_wconf 84' lang='lat' dir='ltr'><strong>venationis,</strong></span> <span class='ocrx_word' id='word_1_731' title='bbox 2414 4252 2702 4315; x_wconf 85' lang='lat' dir='ltr'><strong>postquam</strong></span> <span class='ocrx_word' id='word_1_732' title='bbox 2735 4244 2967 4314; x_wconf 72' lang='lat' dir='ltr'><strong>quaesiit,</strong></span> <span class='ocrx_word' id='word_1_733' title='bbox 3006 4244 3371 4315; x_wconf 89' lang='lat' dir='ltr'><strong>investigavit,</strong></span> <span class='ocrx_word' id='word_1_734' title='bbox 3408 4246 3632 4318; x_wconf 84' lang='lat' dir='ltr'><strong>indaga-</strong></span> 
     </span>
    </p>
   </div>
   <div class='ocr_carea' id='block_1_102' title="bbox 2056 4333 3629 4402">
    <p class='ocr_par' dir='ltr' id='par_1_102' title="bbox 2056 4333 3629 4402">
     <span class='ocr_line' id='line_1_104' title="bbox 2056 4333 3629 4402; baseline 0.001 -14"><span class='ocrx_word' id='word_1_735' title='bbox 2056 4336 2152 4399; x_wconf 88' lang='lat' dir='ltr'><strong>vit,</strong></span> <span class='ocrx_word' id='word_1_736' title='bbox 2184 4350 2369 4397; x_wconf 89' lang='lat' dir='ltr'><strong>canes,</strong></span> <span class='ocrx_word' id='word_1_737' title='bbox 2402 4334 2493 4402; x_wconf 90' lang='lat' dir='ltr'><strong>qui</strong></span> <span class='ocrx_word' id='word_1_738' title='bbox 2525 4348 2687 4387; x_wconf 90' lang='lat' dir='ltr'><strong>cursu</strong></span> <span class='ocrx_word' id='word_1_739' title='bbox 2723 4341 3195 4400; x_wconf 88' lang='lat' dir='ltr'><strong>persequerentur,</strong></span> <span class='ocrx_word' id='word_1_740' title='bbox 3218 4333 3425 4397; x_wconf 89' lang='lat' dir='ltr'><strong>emisit,</strong></span> <span class='ocrx_word' id='word_1_741' title='bbox 3453 4334 3629 4390; x_wconf 88' lang='lat' dir='ltr'><strong>feram</strong></span> 
     </span>
    </p>
   </div>
   <div class='ocr_carea' id='block_1_103' title="bbox 2054 4422 3623 4497">
    <p class='ocr_par' dir='ltr' id='par_1_103' title="bbox 2054 4422 3623 4497">
     <span class='ocr_line' id='line_1_105' title="bbox 2054 4422 3623 4497; baseline -0.001 -15"><span class='ocrx_word' id='word_1_742' title='bbox 2054 4428 2238 4497; x_wconf 86' lang='lat' dir='ltr'><strong>capit;</strong></span> <span class='ocrx_word' id='word_1_743' title='bbox 2292 4426 2367 4479; x_wconf 89' lang='lat' dir='ltr'><strong>ita</strong></span> <span class='ocrx_word' id='word_1_744' title='bbox 2409 4424 2571 4478; x_wconf 89' lang='lat' dir='ltr'><strong>etiam</strong></span> <span class='ocrx_word' id='word_1_745' title='bbox 2611 4430 2836 4491; x_wconf 90' lang='lat' dir='ltr'><strong>apparet</strong></span> <span class='ocrx_word' id='word_1_746' title='bbox 2866 4437 3056 4476; x_wconf 88' lang='lat' dir='ltr'><strong>verum</strong></span> <span class='ocrx_word' id='word_1_747' title='bbox 3087 4422 3375 4479; x_wconf 86' lang='lat' dir='ltr'><strong>dulcedine</strong></span> <span class='ocrx_word' id='word_1_748' title='bbox 3417 4426 3623 4495; x_wconf 70' lang='lat' dir='ltr'><strong>quaesi-</strong></span> 
     </span>
    </p>
   </div>
   <div class='ocr_carea' id='block_1_104' title="bbox 2055 4513 3628 4587">
    <p class='ocr_par' dir='ltr' id='par_1_104' title="bbox 2055 4513 3628 4587">
     <span class='ocr_line' id='line_1_106' title="bbox 2055 4513 3628 4587; baseline 0.003 -15"><span class='ocrx_word' id='word_1_749' title='bbox 2055 4528 2193 4583; x_wconf 90' lang='lat' dir='ltr'><strong>tum,</strong></span> <span class='ocrx_word' id='word_1_750' title='bbox 2214 4526 2267 4573; x_wconf 93' lang='lat' dir='ltr'><strong>et</strong></span> <span class='ocrx_word' id='word_1_751' title='bbox 2287 4518 2467 4571; x_wconf 86' lang='lat' dir='ltr'><strong>labore</strong></span> <span class='ocrx_word' id='word_1_752' title='bbox 2496 4524 2773 4585; x_wconf 83' lang='lat' dir='ltr'><strong>paratum.</strong></span> <span class='ocrx_word' id='word_1_753' title='bbox 2808 4513 3058 4582; x_wconf 86' lang='lat' dir='ltr'><strong>Quanam</strong></span> <span class='ocrx_word' id='word_1_754' title='bbox 3089 4531 3219 4587; x_wconf 85' lang='lat' dir='ltr'><strong>ergo</strong></span> <span class='ocrx_word' id='word_1_755' title='bbox 3248 4517 3315 4572; x_wconf 88' lang='lat' dir='ltr'><strong>de</strong></span> <span class='ocrx_word' id='word_1_756' title='bbox 3348 4533 3514 4573; x_wconf 87' lang='lat' dir='ltr'><strong>causa</strong></span> <span class='ocrx_word' id='word_1_757' title='bbox 3546 4520 3628 4576; x_wconf 92' lang='lat' dir='ltr'><strong>sic</strong></span> 
     </span>
    </p>
   </div>
   <div class='ocr_carea' id='block_1_105' title="bbox 2053 4606 3625 4677">
    <p class='ocr_par' dir='ltr' id='par_1_105' title="bbox 2053 4606 3625 4677">
     <span class='ocr_line' id='line_1_107' title="bbox 2053 4606 3625 4677; baseline 0 -11"><span class='ocrx_word' id='word_1_758' title='bbox 2053 4621 2177 4666; x_wconf 91' lang='lat' dir='ltr'><strong>tuos</strong></span> <span class='ocrx_word' id='word_1_759' title='bbox 2210 4607 2627 4663; x_wconf 82' lang='lat' dir='ltr'><strong>commentarios</strong></span> <span class='ocrx_word' id='word_1_760' title='bbox 2668 4606 2774 4661; x_wconf 91' lang='lat' dir='ltr'><strong>tibi</strong></span> <span class='ocrx_word' id='word_1_761' title='bbox 2820 4608 3077 4663; x_wconf 88' lang='lat' dir='ltr'><strong>ordinare</strong></span> <span class='ocrx_word' id='word_1_762' title='bbox 3109 4608 3285 4663; x_wconf 89' lang='lat' dir='ltr'><strong>visum</strong></span> <span class='ocrx_word' id='word_1_763' title='bbox 3322 4611 3443 4665; x_wconf 87' lang='lat' dir='ltr'><strong>est?</strong></span> <span class='ocrx_word' id='word_1_764' title='bbox 3472 4609 3625 4677; x_wconf 84' lang='lat' dir='ltr'><strong>Quo-</strong></span> 
     </span>
    </p>
   </div>
   <div class='ocr_carea' id='block_1_106' title="bbox 2058 4872 3620 4947">
    <p class='ocr_par' dir='ltr' id='par_1_106' title="bbox 2058 4872 3620 4947">
     <span class='ocr_line' id='line_1_108' title="bbox 2058 4872 3620 4947; baseline -0.001 -15"><span class='ocrx_word' id='word_1_765' title='bbox 2058 4900 2077 4932; x_wconf 84' lang='grc'><em>‹</em></span> <span class='ocrx_word' id='word_1_766' title='bbox 2105 4878 2206 4934; x_wconf 84' lang='lat' dir='ltr'><strong>Per</strong></span> <span class='ocrx_word' id='word_1_767' title='bbox 2229 4876 2591 4947; x_wconf 83' lang='lat' dir='ltr'><strong>cognitionem</strong></span> <span class='ocrx_word' id='word_1_768' title='bbox 2637 4888 2825 4947; x_wconf 69' lang='lat' dir='ltr'><strong>eorum</strong></span> <span class='ocrx_word' id='word_1_769' title='bbox 2848 4872 3226 4947; x_wconf 55' lang='lat' dir='ltr'><strong>quaqﬁgurate</strong></span> <span class='ocrx_word' id='word_1_770' title='bbox 3254 4882 3432 4947; x_wconf 91' lang='lat' dir='ltr'><strong>et_per</strong></span> <span class='ocrx_word' id='word_1_771' title='bbox 3463 4876 3620 4931; x_wconf 80' lang='lat' dir='ltr'><strong>invo-</strong></span> 
     </span>
    </p>
   </div>
   <div class='ocr_carea' id='block_1_107' title="bbox 2049 4943 3616 5016">
    <p class='ocr_par' dir='ltr' id='par_1_107' title="bbox 2049 4943 3616 5016">
     <span class='ocr_line' id='line_1_109' title="bbox 2049 4943 3616 5016; baseline -0.003 -11"><span class='ocrx_word' id='word_1_772' title='bbox 2049 4951 2257 5005; x_wconf 88' lang='lat' dir='ltr'><strong>lucrum</strong></span> <span class='ocrx_word' id='word_1_773' title='bbox 2290 4943 2661 5016; x_wconf 74' lang='lat' dir='ltr'><strong>proferuntur.</strong></span> <span class='ocrx_word' id='word_1_774' title='bbox 2670 4964 2693 5016; x_wconf 60' lang='grc' dir='ltr'><em>ε</em></span> <span class='ocrx_word' id='word_1_775' title='bbox 2730 4943 2848 5016; x_wconf 53' lang='grc' dir='ltr'>για.</span> <span class='ocrx_word' id='word_1_776' title='bbox 2876 4943 3081 5016; x_wconf 61' lang='lat' dir='ltr'><strong>p.657,</strong></span> <span class='ocrx_word' id='word_1_777' title='bbox 3116 4944 3290 5016; x_wconf 83' lang='lat' dir='ltr'><strong>inquit</strong></span> <span class='ocrx_word' id='word_1_778' title='bbox 3315 4943 3616 5016; x_wconf 81' lang='lat' dir='ltr'><strong>Lowthius.</strong></span> 
     </span>
    </p>
   </div>
   <div class='ocr_carea' id='block_1_108' title="bbox 2120 5012 3622 5091">
    <p class='ocr_par' dir='ltr' id='par_1_108' title="bbox 2120 5012 3622 5091">
     <span class='ocr_line' id='line_1_110' title="bbox 2120 5012 3622 5091; baseline -0.003 -18"><span class='ocrx_word' id='word_1_779' title='bbox 2120 5018 2229 5091; x_wconf 75' lang='grc'><strong>(68)</strong></span> <span class='ocrx_word' id='word_1_780' title='bbox 2260 5012 2623 5091; x_wconf 47' lang='lat' dir='ltr'><strong>Plvestitum.</strong></span> <span class='ocrx_word' id='word_1_781' title='bbox 2656 5012 3068 5091; x_wconf 61' lang='lat' dir='ltr'><strong>_Scri1_)e,7).t3xu</strong></span> <span class='ocrx_word' id='word_1_782' title='bbox 3091 5012 3425 5091; x_wconf 57' lang='lat' dir='ltr'><strong>et_cpatvsrat</strong></span> <span class='ocrx_word' id='word_1_783' title='bbox 3456 5014 3622 5089; x_wconf 77' lang='grc' dir='ltr'>ζητη-</span> 
     </span>
    </p>
   </div>
   <div class='ocr_carea' id='block_1_109' title="bbox 2051 5086 3610 5155">
    <p class='ocr_par' dir='ltr' id='par_1_109' title="bbox 2051 5086 3610 5155">
     <span class='ocr_line' id='line_1_111' title="bbox 2051 5086 3610 5155; baseline -0.001 -12"><span class='ocrx_word' id='word_1_784' title='bbox 2051 5086 2161 5145; x_wconf 79' lang='grc' dir='ltr'>θέν.</span> <span class='ocrx_word' id='word_1_785' title='bbox 2180 5086 2293 5143; x_wconf 86' lang='lat' dir='ltr'><strong>Hoc</strong></span> <span class='ocrx_word' id='word_1_786' title='bbox 2307 5096 2442 5153; x_wconf 70' lang='lat' dir='ltr'><strong>est,«</strong></span> <span class='ocrx_word' id='word_1_787' title='bbox 2462 5088 2536 5142; x_wconf 89' lang='lat' dir='ltr'><strong>ita</strong></span> <span class='ocrx_word' id='word_1_788' title='bbox 2559 5086 2758 5140; x_wconf 84' lang='lat' dir='ltr'><strong>veritas</strong></span> <span class='ocrx_word' id='word_1_789' title='bbox 2778 5086 2999 5139; x_wconf 88' lang='lat' dir='ltr'><strong>demum</strong></span> <span class='ocrx_word' id='word_1_790' title='bbox 3024 5086 3209 5155; x_wconf 78' lang='lat' dir='ltr'><strong>suavis</strong></span> <span class='ocrx_word' id='word_1_791' title='bbox 3229 5086 3442 5140; x_wconf 90' lang='lat' dir='ltr'><strong>videtur</strong></span> <span class='ocrx_word' id='word_1_792' title='bbox 3467 5086 3610 5155; x_wconf 80' lang='lat' dir='ltr'><strong>esse,</strong></span> 
     </span>
    </p>
   </div>
   <div class='ocr_carea' id='block_1_110' title="bbox 2050 5153 3618 5228">
    <p class='ocr_par' dir='ltr' id='par_1_110' title="bbox 2050 5153 3618 5228">
     <span class='ocr_line' id='line_1_112' title="bbox 2050 5153 3618 5228; baseline -0.005 -12"><span class='ocrx_word' id='word_1_793' title='bbox 2050 5162 2098 5217; x_wconf 88' lang='lat' dir='ltr'><strong>si</strong></span> <span class='ocrx_word' id='word_1_794' title='bbox 2125 5158 2475 5228; x_wconf 84' lang='lat' dir='ltr'><strong>investigetur</strong></span> <span class='ocrx_word' id='word_1_795' title='bbox 2502 5170 2555 5213; x_wconf 84' lang='lat' dir='ltr'><strong>et</strong></span> <span class='ocrx_word' id='word_1_796' title='bbox 2574 5156 2756 5228; x_wconf 81' lang='lat' dir='ltr'><strong>labore</strong></span> <span class='ocrx_word' id='word_1_797' title='bbox 2781 5164 3080 5228; x_wconf 41' lang='lat' dir='ltr'><strong>pareturg</strong></span> <span class='ocrx_word' id='word_1_798' title='bbox 3109 5153 3243 5210; x_wconf 83' lang='lat' dir='ltr'><strong>Nam</strong></span> <span class='ocrx_word' id='word_1_799' title='bbox 3265 5153 3618 5228; x_wconf 82' lang='lat' dir='ltr'><strong>quemadmo-</strong></span> 
     </span>
    </p>
   </div>
   <div class='ocr_carea' id='block_1_111' title="bbox 2052 5224 3617 5297">
    <p class='ocr_par' dir='ltr' id='par_1_111' title="bbox 2052 5224 3617 5297">
     <span class='ocr_line' id='line_1_113' title="bbox 2052 5224 3617 5297; baseline -0.003 -12"><span class='ocrx_word' id='word_1_800' title='bbox 2052 5231 2185 5286; x_wconf 87' lang='lat' dir='ltr'><strong>dum</strong></span> <span class='ocrx_word' id='word_1_801' title='bbox 2237 5230 2293 5283; x_wconf 91' lang='lat' dir='ltr'><strong>in</strong></span> <span class='ocrx_word' id='word_1_802' title='bbox 2324 5224 2451 5283; x_wconf 60' lang='lat' dir='ltr'><strong>&#39;tine</strong></span> <span class='ocrx_word' id='word_1_803' title='bbox 2480 5227 2717 5297; x_wconf 88' lang='lat' dir='ltr'><strong>septimi,</strong></span> <span class='ocrx_word' id='word_1_804' title='bbox 2745 5224 2820 5281; x_wconf 78' lang='lat' dir='ltr'><strong>ita</strong></span> <span class='ocrx_word' id='word_1_805' title='bbox 2865 5226 2955 5297; x_wconf 80' lang='lat' dir='ltr'><strong>hic</strong></span> <span class='ocrx_word' id='word_1_806' title='bbox 3000 5224 3253 5281; x_wconf 89' lang='lat' dir='ltr'><strong>Clemens</strong></span> <span class='ocrx_word' id='word_1_807' title='bbox 3296 5227 3617 5282; x_wconf 89' lang='lat' dir='ltr'><strong>methodum</strong></span> 
     </span>
    </p>
   </div>
   <div class='ocr_carea' id='block_1_112' title="bbox 2052 5294 3621 5367">
    <p class='ocr_par' dir='ltr' id='par_1_112' title="bbox 2052 5294 3621 5367">
     <span class='ocr_line' id='line_1_114' title="bbox 2052 5294 3621 5367; baseline -0.004 -10"><span class='ocrx_word' id='word_1_808' title='bbox 2052 5300 2322 5357; x_wconf 89' lang='lat' dir='ltr'><strong>occultam</strong></span> <span class='ocrx_word' id='word_1_809' title='bbox 2356 5298 2409 5352; x_wconf 90' lang='lat' dir='ltr'><strong>in</strong></span> <span class='ocrx_word' id='word_1_810' title='bbox 2443 5294 2708 5353; x_wconf 55' lang='lat' dir='ltr'><strong>his&#39;libris</strong></span> <span class='ocrx_word' id='word_1_811' title='bbox 2738 5305 2793 5352; x_wconf 89' lang='lat' dir='ltr'><strong>et</strong></span> <span class='ocrx_word' id='word_1_812' title='bbox 2816 5294 3105 5351; x_wconf 86' lang='lat' dir='ltr'><strong>confusam</strong></span> <span class='ocrx_word' id='word_1_813' title='bbox 3122 5305 3381 5367; x_wconf 69' lang='lat' dir='ltr'><strong>excusat:</strong></span> <span class='ocrx_word' id='word_1_814' title='bbox 3416 5297 3471 5351; x_wconf 92' lang='lat' dir='ltr'><strong>in</strong></span> <span class='ocrx_word' id='word_1_815' title='bbox 3494 5300 3621 5367; x_wconf 89' lang='lat' dir='ltr'><strong>qui-</strong></span> 
     </span>
    </p>
   </div>
   <div class='ocr_carea' id='block_1_113' title="bbox 2043 5364 3616 5439">
    <p class='ocr_par' dir='ltr' id='par_1_113' title="bbox 2043 5364 3616 5439">
     <span class='ocr_line' id='line_1_115' title="bbox 2043 5364 3616 5439; baseline -0.002 -14"><span class='ocrx_word' id='word_1_816' title='bbox 2043 5372 2167 5438; x_wconf 91' lang='lat' dir='ltr'><strong>bus,</strong></span> <span class='ocrx_word' id='word_1_817' title='bbox 2207 5372 2349 5427; x_wconf 90' lang='lat' dir='ltr'><strong>sicut</strong></span> <span class='ocrx_word' id='word_1_818' title='bbox 2382 5376 2537 5439; x_wconf 80' lang='lat' dir='ltr'><strong>notat</strong></span> <span class='ocrx_word' id='word_1_819' title='bbox 2576 5376 2870 5439; x_wconf 83' lang='lat' dir='ltr'><strong>accuratus</strong></span> <span class='ocrx_word' id='word_1_820' title='bbox 2906 5382 3102 5439; x_wconf 79' lang='lat' dir='ltr'><strong>censor</strong></span> <span class='ocrx_word' id='word_1_821' title='bbox 3122 5364 3380 5439; x_wconf 74' lang='lat' dir='ltr'><strong>Photius,</strong></span> <span class='ocrx_word' id='word_1_822' title='bbox 3406 5364 3616 5439; x_wconf 80' lang='grc' dir='ltr'>σπορά-</span> 
     </span>
    </p>
   </div>
   <div class='ocr_carea' id='block_1_114' title="bbox 2040 5432 3616 5514">
    <p class='ocr_par' dir='ltr' id='par_1_114' title="bbox 2040 5432 3616 5514">
     <span class='ocr_line' id='line_1_116' title="bbox 2040 5432 3616 5514; baseline 0 -21"><span class='ocrx_word' id='word_1_823' title='bbox 2040 5432 2229 5514; x_wconf 65' lang='grc' dir='ltr'>δηντε</span> <span class='ocrx_word' id='word_1_824' title='bbox 2267 5439 2359 5493; x_wconf 75' lang='grc' dir='ltr'><strong>καὶ</strong></span> <span class='ocrx_word' id='word_1_825' title='bbox 2410 5437 2599 5514; x_wconf 74' lang='grc' dir='ltr'>ὥσπερ</span> <span class='ocrx_word' id='word_1_826' title='bbox 2630 5437 2731 5514; x_wconf 65' lang='grc' dir='ltr'>οιξοκ</span> <span class='ocrx_word' id='word_1_827' title='bbox 2761 5439 2818 5490; x_wconf 75' lang='grc' dir='ltr'><strong>ἐν</strong></span> <span class='ocrx_word' id='word_1_828' title='bbox 2857 5436 3008 5501; x_wconf 83' lang='grc' dir='ltr'>τάξει</span> <span class='ocrx_word' id='word_1_829' title='bbox 3038 5435 3134 5506; x_wconf 84' lang='grc' dir='ltr'>τὴν</span> <span class='ocrx_word' id='word_1_830' title='bbox 3164 5432 3272 5488; x_wconf 82' lang='grc' dir='ltr'>τῶν</span> <span class='ocrx_word' id='word_1_831' title='bbox 3305 5432 3616 5507; x_wconf 76' lang='grc' dir='ltr'>κεφαλαίων</span> 
     </span>
    </p>
   </div>
   <div class='ocr_carea' id='block_1_115' title="bbox 2041 5506 2934 5585">
    <p class='ocr_par' dir='ltr' id='par_1_115' title="bbox 2041 5506 2934 5585">
     <span class='ocr_line' id='line_1_117' title="bbox 2041 5506 2934 5585; baseline -0.007 -20"><span class='ocrx_word' id='word_1_832' title='bbox 2041 5506 2345 5585; x_wconf 41' lang='lat' dir='ltr'><strong>napaeas)!</strong></span> <span class='ocrx_word' id='word_1_833' title='bbox 2373 5510 2629 5585; x_wconf 76' lang='grc' dir='ltr'>ποιεῖται.</span> <span class='ocrx_word' id='word_1_834' title='bbox 2644 5506 2934 5585; x_wconf 72' lang='lat' dir='ltr'><strong>_Hsuv_s_ws.</strong></span> 
     </span>
    </p>
   </div>
   <div class='ocr_carea' id='block_1_116' title="bbox 2114 5574 3610 5707">
    <p class='ocr_par' dir='ltr' id='par_1_116' title="bbox 2114 5574 3610 5707">
     <span class='ocr_line' id='line_1_118' title="bbox 2114 5574 3610 5707; baseline -0.005 -69"><span class='ocrx_word' id='word_1_835' title='bbox 2114 5574 2233 5707; x_wconf 40' lang='grc'><strong>(69))</strong></span> <span class='ocrx_word' id='word_1_836' title='bbox 2252 5577 2748 5662; x_wconf 68' lang='grc' dir='ltr'>Ἐξορχήσασθαι.</span> <span class='ocrx_word' id='word_1_837' title='bbox 2780 5576 2873 5632; x_wconf 90' lang='lat' dir='ltr'><strong>Sic</strong></span> <span class='ocrx_word' id='word_1_838' title='bbox 2894 5574 3391 5664; x_wconf 41' lang='lat' dir='ltr'><strong>superius‘Pafdag.</strong></span> <span class='ocrx_word' id='word_1_839' title='bbox 3409 5576 3504 5632; x_wconf 92' lang='lat' dir='ltr'><strong>lib.</strong></span> <span class='ocrx_word' id='word_1_840' title='bbox 3521 5591 3610 5656; x_wconf 57' lang='grc' dir='ltr'>ιιι,</span> 
     </span>
     <span class='ocr_line' id='line_1_119' title="bbox 2114 5648 3610 5707; baseline -0.005 0"><span class='ocrx_word' id='word_1_841' title='bbox 2114 5671 2163 5707; x_wconf 89' lang='lat' dir='ltr'><strong>n.</strong></span> <span class='ocrx_word' id='word_1_842' title='bbox 2263 5671 2276 5707; x_wconf 93' lang='lat'><strong>:</strong></span> <span class='ocrx_word' id='word_1_843' title='bbox 2304 5650 2382 5704; x_wconf 85' lang='grc' dir='ltr'><strong>Τὰ</strong></span> <span class='ocrx_word' id='word_1_844' title='bbox 2406 5649 2695 5707; x_wconf 75' lang='grc' dir='ltr'>απόρόητα</span> <span class='ocrx_word' id='word_1_845' title='bbox 2728 5651 2807 5707; x_wconf 84' lang='grc' dir='ltr'><strong>εἰς</strong></span> <span class='ocrx_word' id='word_1_846' title='bbox 2836 5648 2895 5700; x_wconf 87' lang='grc' dir='ltr'><strong>τὸ</strong></span> <span class='ocrx_word' id='word_1_847' title='bbox 2927 5663 3207 5707; x_wconf 83' lang='grc' dir='ltr'>συμφανες</span> <span class='ocrx_word' id='word_1_848' title='bbox 3239 5664 3610 5707; x_wconf 84' lang='grc' dir='ltr'>απογυμνουν-</span> 
     </span>
    </p>
   </div>
   <div class='ocr_carea' id='block_1_117' title="bbox 2042 5646 3613 5723">
    <p class='ocr_par' dir='ltr' id='par_1_117' title="bbox 2042 5646 3613 5723">
     <span class='ocr_line' id='line_1_120' title="bbox 2042 5646 3613 5723; baseline -0.005 -16"><span class='ocrx_word' id='word_1_849' title='bbox 2042 5646 2163 5723; x_wconf 80' lang='lat' dir='ltr'><strong>cap.</strong></span> <span class='ocrx_word' id='word_1_850' title='bbox 2199 5646 2233 5707; x_wconf 76' lang='lat'><strong>3</strong></span> <span class='ocrx_word' id='word_1_851' title='bbox 2263 5671 2276 5707; x_wconf 93' lang='lat'><strong>:</strong></span> <span class='ocrx_word' id='word_1_852' title='bbox 2304 5650 2382 5704; x_wconf 85' lang='grc' dir='ltr'><strong>Τὰ</strong></span> <span class='ocrx_word' id='word_1_853' title='bbox 2406 5649 2807 5723; x_wconf 52' lang='grc' dir='ltr'>ἀπόρρητα-είς</span> <span class='ocrx_word' id='word_1_854' title='bbox 2836 5648 2895 5700; x_wconf 87' lang='grc' dir='ltr'><strong>τὸ</strong></span> <span class='ocrx_word' id='word_1_855' title='bbox 2927 5646 3207 5723; x_wconf 66' lang='grc' dir='ltr'>συμφανὲς</span> <span class='ocrx_word' id='word_1_856' title='bbox 3239 5646 3613 5723; x_wconf 66' lang='grc' dir='ltr'>ἀπογυμνοῦν·-</span> 
     </span>
    </p>
   </div>
   <div class='ocr_carea' id='block_1_118' title="bbox 2040 5716 3610 5792">
    <p class='ocr_par' dir='ltr' id='par_1_118' title="bbox 2040 5716 3610 5792">
     <span class='ocr_line' id='line_1_121' title="bbox 2040 5716 3610 5792; baseline -0.001 -16"><span class='ocrx_word' id='word_1_857' title='bbox 2040 5716 2139 5787; x_wconf 78' lang='grc' dir='ltr'><strong>τας</strong></span> <span class='ocrx_word' id='word_1_858' title='bbox 2161 5716 2675 5792; x_wconf 70' lang='grc' dir='ltr'>ἐξορχουμένους,ἐι</span> <span class='ocrx_word' id='word_1_859' title='bbox 2699 5718 2985 5792; x_wconf 74' lang='lat' dir='ltr'><strong>Protrept.,</strong></span> <span class='ocrx_word' id='word_1_860' title='bbox 3010 5733 3134 5792; x_wconf 70' lang='lat' dir='ltr'><strong>pag.</strong></span> <span class='ocrx_word' id='word_1_861' title='bbox 3166 5718 3223 5784; x_wconf 88' lang='lat'><strong>9,</strong></span> <span class='ocrx_word' id='word_1_862' title='bbox 3246 5719 3372 5792; x_wconf 80' lang='lat' dir='ltr'><strong>edit.</strong></span> <span class='ocrx_word' id='word_1_863' title='bbox 3401 5716 3610 5792; x_wconf 55' lang='lat' dir='ltr'><strong>Paris:</strong></span> 
     </span>
    </p>
   </div>
   <div class='ocr_carea' id='block_1_119' title="bbox 2048 5786 3615 5863">
    <p class='ocr_par' dir='ltr' id='par_1_119' title="bbox 2048 5786 3615 5863">
     <span class='ocr_line' id='line_1_122' title="bbox 2048 5786 3615 5863; baseline 0 -18"><span class='ocrx_word' id='word_1_864' title='bbox 2048 5786 2162 5847; x_wconf 88' lang='grc' dir='ltr'>Ούκ</span> <span class='ocrx_word' id='word_1_865' title='bbox 2205 5786 2566 5863; x_wconf 76' lang='grc' dir='ltr'>ἐξόρχήσομαι</span> <span class='ocrx_word' id='word_1_866' title='bbox 2590 5786 2669 5845; x_wconf 46' lang='grc' dir='ltr'>⁷τά</span> <span class='ocrx_word' id='word_1_867' title='bbox 2713 5790 3004 5859; x_wconf 83' lang='grc' dir='ltr'>μυστήρια.</span> <span class='ocrx_word' id='word_1_868' title='bbox 3039 5786 3213 5855; x_wconf 82' lang='lat' dir='ltr'><strong>Quem</strong></span> <span class='ocrx_word' id='word_1_869' title='bbox 3248 5790 3429 5846; x_wconf 89' lang='lat' dir='ltr'><strong>locum</strong></span> <span class='ocrx_word' id='word_1_870' title='bbox 3460 5787 3615 5845; x_wconf 85' lang='lat' dir='ltr'><strong>vide-</strong></span> 
     </span>
    </p>
   </div>
   <div class='ocr_carea' id='block_1_120' title="bbox 2048 5880 2143 5919">
    <p class='ocr_par' dir='ltr' id='par_1_120' title="bbox 2048 5880 2143 5919">
     <span class='ocr_line' id='line_1_123' title="bbox 2048 5880 2143 5919; baseline 0.011 -1"><span class='ocrx_word' id='word_1_871' title='bbox 2048 5880 2143 5919; x_wconf 80' lang='lat' dir='ltr'><strong>SIS.</strong></span> 
     </span>
    </p>
   </div>
  </div>
