4512 6580
388 495 490 548 ῗιῖ

388 619 498 681 τὸν,
545 621 882 691 ἐπιτηδείους
938 621 1074 684 σφᾶς
1132 618 1322 681 αὖτοὺς
1377 619 1867 688 παραστήσαντες·

394 711 490 781 μὲν
521 711 629 782 γὰρ
668 710 766 770 τὰς
812 705 1112 776 βαναύσους
1154 709 1427 777 μετιόντες
1484 707 1675 774 τέχνας
1711 706 1804 758 τοῦ
1844 707 1970 775 περὶ

389 803 489 867 τὰς
544 802 825 871 αἰσθήσεις
889 799 1219 854 ἀπολαύουσι
1285 797 1536 871 περιττοῦ
1579 815 1590 826 ’
1655 800 1820 868 ἀκοῆς
1874 797 1970 866 μὲν

391 897 420 948 ό
483 894 674 956 κοινῶς
727 893 1016 962 λεγόμενος
1071 895 1346 965 μουσικὸς,
1392 892 1533 960 ἁφῆς
1573 892 1627 944 δὲ
1672 893 1698 944 ό
1746 890 1967 942 πλαστιέ

393 986 486 1049 κὸς
516 985 663 1053 (95),
731 985 825 1035 καὶ
886 983 1068 1054 φωνῆς
1138 988 1166 1038 ό
1220 982 1454 1054 ᾠδικὸς,
1507 981 1823 1052 ὀσφρήσεως
1857 1018 1870 1038 ,
1944 981 1971 1030 ὁ

397 1074 710 1146 μυρεψικὸς,
765 1073 939 1144 ὄφεως
981 1077 1008 1128 ὁ
1049 1077 1154 1130 τῶν
1208 1078 1265 1128 ὲν
1305 1076 1424 1136 ταῖς
1477 1076 1767 1144 σφραγῖσιν
1817 1072 1968 1122 ἐντυ-

397 1166 666 1235 πωμὰτων
731 1167 1042 1236 τορευτικὸς
1069 1209 1082 1230 ,
1147 1168 1194 1219 oi
1265 1164 1321 1215 δὲ
1384 1165 1524 1233 ἀμφὶ
1572 1165 1670 1233 τὴν
1726 1159 1969 1212 παιδείαν

392 1256 754 1326 διατρίϐοντες
803 1261 901 1330 τὴν
950 1258 1304 1327 συναίσθησιν
1357 1257 1708 1327 χορηγοῦνται
1759 1271 1771 1283 ·
1847 1244 1967 1305 καθ’

393 1348 458 1416 ἢν
525 1346 628 1399 τῶν
697 1349 910 1420 μέτρων
976 1353 1025 1403 οἱ
1095 1347 1316 1416 ποιηταὶ
1385 1348 1495 1417 (94)
1565 1348 1658 1399 καὶ¹
1718 1345 1818 1414 τῆς
1885 1343 1970 1395 λέ-

396 1437 527 1501 ξεως
554 1441 601 1490 oi
641 1443 926 1510 σοφισταὶ,
957 1443 1051 1494 καὶ
1090 1439 1198 1490 τῶν
1229 1437 1599 1508 συλλογισμῶν
1625 1439 1673 1488 οὶ
1705 1433 1971 1486 διαλεκτι-

394 1530 498 1591 κοὶ,
542 1534 634 1584 καὶ
664 1536 712 1585 οἱ
743 1534 1018 1602 φιλόσοφοι
1048 1531 1146 1600 τῆς
1175 1532 1290 1583 κατ’
1330 1531 1526 1592 αὐτοὺς
1563 1527 1794 1598 θεωρίας
1821 1527 1966 1579 ἀντι-

395 1618 772 1691 λαμϐάνονται.
801 1624 1092 1694 Ευρετικὸν
1113 1623 1220 1693 γὰρ
1243 1624 1335 1675 καὶ
1357 1620 1699 1691 ὲπινοητικὺν
1731 1621 1763 1688 ἡ
1789 1620 1966 1672 συναί-

397 1709 604 1780 σθησις,
640 1712 948 1764 ἐπιϐάλλειν
985 1709 1224 1776 πιθανῶς
1267 1711 1632 1766 ἀναπείθουσα
1655 1725 1668 1738 '
1721 1709 1965 1776 συναύξει

393 1800 450 1852 δὲ
482 1801 580 1872 τὴν
611 1801 866 1870 επιϐολὴν
897 1803 930 1870 ἡ
973 1800 1051 1862 εἰς
1082 1801 1391 1870 ἐπιστήμην
1431 1798 1777 1868 συνάσκησις.
1809 1800 1963 1852 Εἰκό-

394 1909 500 1954 τως
545 1894 722 1945 τοίνυν
775 1895 803 1944 ὁ
858 1891 1175 1954 ’Δπόστολος
1225 1913 1241 1942 ι
1302 1889 1680 1944 πολυποίκιλον
1720 1910 1736 1938 ι
1777 1890 1963 1960 εἴρηκε.

1633 494 2059 552 5ΤΒΟΜΑἸὌΜ
2098 493 2224 548 LIB.
2251 495 2290 549 l.

1921 619 1972 670 οἱ
2001 627 2046 680 Α
2077 632 2135 670 se
2170 618 2315 685 ipsos
2365 617 2590 670 idoneos
2635 618 3014 672 CXleUCI'UIIL
3073 615 3176 681 Qui
3230 625 3632 684 persequuntur

3529 498 3632 550 718

2071 705 2214 758 enim
2244 719 2388 759 artes
2417 705 2667 760 sordidas
2689 747 2704 769 ,
2735 707 2988 763 sensibus
3014 705 3485 761 excellentissimis
3514 704 3630 757 fru-

2071 807 2236 852 untur
2262 815 2275 850 :
2307 797 2490 852 auditu
2518 799 2755 868 quidem,
2788 799 2881 870 qui
2911 799 3108 852 dicitur
3137 799 3499 853 communiter
3524 813 3636 850 mu-

2069 890 2234 954 sicus,
2266 899 2409 943 tactu
2441 905 2589 954 vero,
2625 892 2852 960 ﬁgulus;
2881 901 2935 944 et
2961 906 3111 954 voce,
3139 899 3360 956 cantor;
3407 889 3634 952 olfactu,

2071 981 2500 1051 unguentarius;
2543 982 2698 1047 visu,
2737 983 2828 1052 qui
2859 997 2944 1048 ea,
2983 997 3102 1051 quae
3142 982 3196 1036 in
3227 981 3420 1050 sigillis
3447 981 3630 1050 expri-

2069 1081 2312 1135 muntur,
2343 1081 2425 1126 cst
2457 1071 2682 1126 cmlandi
2719 1071 2974 1126 facultate
3000 1071 3278 1141 prmditus.
3321 1069 3425 1137 Qui
3453 1081 3631 1124 autem

2070 1161 2125 1214 in
2153 1161 2398 1214 doctrina
2443 1170 2753 1224 versantur,
2805 1160 3206 1230 suppeditatum
3253 1161 3456 1215 habent
3499 1175 3632 1214 con-

2070 1251 2417 1320 sensionem,
2475 1269 2570 1323 per
2617 1269 2778 1321 quam
2835 1264 3004 1322 poetae
3058 1253 3290 1316 modos,
3339 1253 3632 1307 dictionem

2070 1344 2337 1410 rhetores,
2385 1355 2437 1398 et
2491 1343 2834 1415 syllogismos
2888 1345 3180 1410 dialectici,
3225 1352 3281 1398 et
3325 1341 3633 1413 philosophi

2069 1435 2479 1503 apprelicndunt
2518 1452 2659 1501 eam,
2705 1451 2825 1506 qua!
2877 1437 2944 1491 ad
2985 1454 3043 1492 se
3088 1439 3341 1507 pertinet,
3391 1448 3637 1493 contem-

2069 1527 2382 1598 plationem.
2415 1529 2492 1584 Ad
2524 1530 2908 1586 inveniendum
2950 1530 3096 1584 enim
3133 1539 3186 1584 et
3212 1531 3634 1600 excogitandum

2067 1633 2154 1672 res
2186 1627 2270 1672 est
2297 1629 2418 1688 apta
2441 1625 2754 1674 consensio:
2784 1627 2842 1684 ai
2870 1621 2982 1674 hanc
3004 1620 3149 1676 enim
3173 1620 3366 1676 studiis
3391 1622 3634 1675 animum

2067 1710 2341 1780 applicare
2364 1710 2676 1780 persuadet:
2699 1727 2862 1779 quam
2883 1713 3296 1781 applicationem
3321 1715 3636 1768 exercitatio

2068 1802 2121 1854 in
2157 1802 2442 1857 scnentiam
2483 1810 2670 1871 postea
2704 1814 2867 1873 auget
2909 1814 2965 1857 et
2994 1804 3243 1859 intendit.
3291 1802 3482 1858 Merito
3507 1820 3637 1876 ergo

2067 1893 2358 1961 Apostolus
2393 1913 2411 1944 ι
2435 1892 2818 1947 multiformem
2847 1913 2864 1944 ι
2894 1893 3030 1948 dixit
3057 1893 3180 1949 «Dei
3209 1895 3530 1965 sapientiam
3551 1907 3632 1961 ³,»

400 2005 420 2036 ι
457 1986 553 2056 τὴν
582 1986 771 2052 σοφίαν
788 1984 880 2036 τοῦ
897 1984 1051 2046 Θεοῦ,
1086 1985 1406 2057 πολυμερῶς
1427 1985 1517 2037 καὶ
1550 1985 1915 2056 πολυτρόπως,
1943 2005 1960 2036 ι
1999 1995 2040 2048 Β
2069 1993 2130 2036 ut
2166 2000 2182 2038 (

1855 2003 1915 2049 ις,
1943 2005 1960 2036 ι
1999 1995 2040 2048 Β
2069 1993 2130 2036 ut
2166 2000 2288 2052 quae
2340 2003 2358 2034 ι
2397 1984 2751 2040 multifariam
2810 1988 3104 2056 multisque
3152 1988 3330 2043 modis
3367 1989 3418 2054 ιι,
3469 2007 3488 2040 ι
3544 2005 3637 2058 per

393 2078 481 2131 διὰ
516 2079 740 2147 τέχνης,
770 2077 857 2129 διὰ
888 2079 1216 2148 ἐπιστήμης,
1247 2078 1334 2130 διὰ
1371 2077 1623 2142 πίστεως,
1653 2079 1741 2132 διὰ
1767 2097 1967 2150 προφη-

392 2168 560 2229 τείας,
604 2165 701 2234 τὴν
756 2166 954 2235 ἑαυτῆς
1012 2167 1426 2236 ἐνδεικνυμένην
1483 2167 1704 2239 δύναμιν
1747 2169 1824 2230 εἰς
1872 2168 1967 2238 τὴν

394 2258 666 2328 ἡμετέραν
697 2257 1047 2327 εὐεργεσίαν·
1091 2279 1108 2308 ι
1154 2260 1271 2310 Ὅτι
1309 2259 1418 2329 (95)
1453 2262 1596 2312 πᾶσα
1632 2260 1790 2326 σοφία
1819 2256 1969 2328 παρὰ

395 2353 617 2421 Κυρίου,
653 2351 745 2402 καὶ
781 2351 896 2420 μετ’
920 2350 1084 2402 αὑτοῦ
1108 2352 1253 2402 ἐστιν
1286 2353 1365 2414 είς
1395 2351 1485 2403 τὸν
1507 2350 1697 2403 αἰῶνα·
1725 2343 1968 2417 »ἦφησιν

396 2443 427 2509 ἡ
455 2441 544 2493 τοῦ
587 2440 759 2510 Ἰησοῦ
799 2443 978 2510 σοφία.
1021 2462 1038 2492 ι
1084 2442 1207 2494 Ἐὰν
1241 2443 1347 2512 γὰρ
1370 2443 1466 2513 τὴν
1497 2442 1750 2512 φρόνησιν
1785 2446 1882 2509 τήν
1909 2455 1968 2490 τε

393 2533 644 2604 αἴσθησιν
689 2535 986 2605 ὲπικαλέσῃ
1021 2535 1230 2607 μεγάλῃ
1258 2537 1322 2604 τῇ
1362 2537 1544 2604 φωνῇ,
1597 2532 1690 2584 καὶ
1731 2531 1971 2602 ζητήσῃς

394 2627 561 2695 αὐτὴν
602 2625 788 2697 ὥσπερ
821 2626 1084 2696 ἀργυρίου
1137 2625 1475 2696 θησαυροὺς,
1533 2625 1628 2676 καὶ
1676 2621 1970 2692 προθύμως

395 2717 720 2790 ἐξιχνιάσῃς.
764 2719 974 2788 νοήσεις
1015 2716 1344 2780 θεοσέϐειαν,
1391 2717 1484 2768 καὶ
1528 2713 1779 2785 αἴσθησιν
1820 2712 1968 2765 θείαν

396 2811 664 2879 εὑρήσεις.
706 2828 724 2859 ι
763 2809 907 2878 Πρὸς
929 2807 1328 2876 ἁντιδιαστολὴν
1358 2807 1456 2876 τῆς
1485 2806 1625 2858 κατὰ
1658 2803 1970 2874 φιλοσοφίαν

396 2903 694 2972 αἰσθήσεως
723 2902 944 2972 εἴρηκεν
975 2901 1002 2952 ὁ
1047 2901 1352 2969 προφήτης,
1401 2897 1466 2968 ἣν
1501 2897 1852 2967 μεγαλοφυῶς
1880 2899 1970 2950 καὶ

402 2991 830 3062 μεγαλοπρεπῶς
872 2991 1157 3062 ὲξερευνᾷν
1186 2990 1457 3051 διδάσκει,
1492 2991 1572 3052 εἰς
1614 2990 1712 3060 τὴν
1749 2989 1840 3040 ἐπὶ
1873 2990 1970 3058 τὴν

398 3081 700 3134 Θεοσέὸειαν
737 3082 1037 3151 προκοπήν.
1092 3079 1410 3150 Ἀντέθηκεν
1452 3075 1542 3131 οὖν
1587 3079 1723 3148 αὐτῇ
1769 3077 1867 3148 τὴν
1912 3079 1970 3131 ἐν

399 3173 672 3243 θεοσεϐείᾳ
711 3173 996 3243 αἴσθησιν,
1041 3173 1137 3243 τὴν
1192 3172 1390 3240 γνῶσιν
1439 3172 1828 3240 αἰνισσόμενος,
1877 3172 1971 3224 καὶ

397 3266 521 3319 τάδε
564 3266 771 3333 λέγων·
829 3288 846 3315 ι
897 3267 954 3315 ’()
1001 3264 1108 3336 γὰρ
1159 3264 1290 3326 Θεὸς
1334 3263 1513 3316 δίδωσι
1549 3262 1736 3331 σοφίαν
1765 3264 1828 3315 ἐκ
1874 3261 1968 3315 τοῦ

400 3356 590 3408 ἑαυτοῦ
626 3356 908 3425 στόματος,
942 3355 1188 3424 αἴσθησίν
1217 3373 1276 3406 τε
1313 3355 1426 3424 ἅμα
1456 3356 1546 3406 καὶ
1571 3355 1848 3425 φρόνησιν,
1875 3357 1970 3408 καὶ
1997 3331 2039 3388 C

401 3447 712 3517 θησαυρίζει
757 3447 983 3509 δικαίοις
1028 3447 1274 3516 βοήθειαν
1299 3464 1309 3474 ·
1349 3465 1368 3497 ι
1406 3449 1517 3508 τοῖς
1551 3445 1656 3516 γὰρ
1685 3446 1788 3500 ὑπὸ
1823 3446 1969 3515 φιλο-

404 3541 585 3608 σοφίας
634 3540 1068 3609 δεδικαιωμένοις
1119 3538 1338 3608 βοήθεια
1385 3537 1766 3609 θησαυρίζεται
1795 3541 1887 3591 καὶ
1931 3543 1962 3593 ἡ

401 3635 479 3696 εἰς
507 3631 806 3686 θεοσέϐειαν
841 3631 1205 3700 συναίσθησις.

2070 2084 2265 2137 artem,
2310 2091 2405 2144 per
2444 2077 2757 2143 scientiam,
2803 2093 2899 2146 per
2926 2080 3108 2146 ﬁdem,
3149 2094 3245 2148 per
3271 2081 3634 2150 praphetiam,

2073 2181 2231 2220 suam
2273 2175 2510 2220 ostentat
2554 2169 2848 2236 potentiam
2895 2169 2963 2222 ad
3003 2182 3250 2225 nostrum
3290 2171 3634 2226 beneﬁcium.

2077 2277 2095 2308 ι
2126 2255 2391 2323 Quoniam
2422 2260 2600 2313 omnis
2629 2260 2892 2329 sapientia
2932 2275 2963 2314 a
2995 2259 3245 2326 Domino,
3279 2271 3334 2316 et
3361 2279 3482 2315 cum
3521 2264 3640 2331 ipso

2070 2358 2151 2403 est
2180 2350 2232 2402 in
2262 2351 2480 2413 saecula,
2507 2369 2526 2402 ι
2563 2361 2620 2406 ιιι
2645 2351 2776 2406 dicit
2801 2350 2929 2407 Jesu
2968 2351 3268 2423 Sapientia.
3302 2364 3324 2390 ε
3356 2373 3374 2404 ι
3407 2353 3463 2407 Si
3492 2355 3636 2409 enim

2070 2442 2411 2511 prudentiam
2462 2452 2517 2498 et
2562 2459 2783 2498 sensum
2831 2460 3027 2514 magna
3073 2460 3208 2500 voce
3258 2445 3635 2511 invocaveris,

2070 2541 2124 2587 ct
2173 2548 2292 2586 eam
2357 2533 2684 2602 quaesieris,
2739 2534 2882 2588 sicut
2942 2535 3146 2604 argenti
3202 2537 3531 2601 thesauros,
3586 2546 3640 2590 et

2071 2633 2323 2694 prompto
2370 2632 2425 2678 et
2473 2623 2642 2678 alacri
2696 2624 2882 2678 animo
2934 2624 3319 2695 investigaris,
3372 2625 3640 2697 intelliges

2071 2713 2164 2768 Dei
2194 2714 2421 2778 cultum,
2454 2724 2508 2769 et
2535 2729 2758 2768 sensum
2794 2714 3036 2769 divinum
3077 2715 3320 2771 invenies
3345 2714 3396 2770 ἀ.
3428 2737 3447 2768 ι
3482 2716 3639 2784 Quod

2070 2802 2204 2856 dixit
2231 2804 2512 2872 propheta,
2541 2812 2600 2856 ut
2631 2803 2776 2858 hunc
2801 2798 3158 2873 distingueret
3185 2821 3213 2858 a
3244 2821 3429 2872 sensu,
3456 2809 3548 2877 qui
3585 2810 3636 2862 in

2071 2893 2412 2963 philosophia
2438 2879 2704 2958 versatur,
2737 2909 2898 2962 quem
2924 2895 3182 2963 prazelarc
3207 2911 3270 2951 ac
3295 2901 3640 2968 magnanime

2072 2985 2399 3054 investigare
2439 2984 2628 3056 jubet,
2695 2994 2882 3054 utpote
2919 2986 2987 3039 ad
3029 2987 3304 3056 profectus
3347 2990 3401 3042 in
3444 2991 3641 3059 pietate

2072 3076 2355 3132 faciendos
2399 3077 2606 3131 utilem.
2660 3074 2798 3130 Huic
2833 3076 3016 3146 itaque
3045 3092 3192 3143 eum,
3218 3079 3311 3147 qui
3355 3083 3409 3133 in
3445 3081 3641 3148 pietate

2072 3178 2342 3235 versatur,
2367 3185 2590 3225 sensum
2619 3172 2893 3240 opposuit,
2918 3187 3026 3240 quo
3059 3171 3334 3242 religionis
3356 3175 3638 3230 scientiam

2072 3261 2280 3322 innuit,
2311 3261 2398 3316 his
2425 3261 2604 3314 verbis
2632 3279 2644 3313 :
2712 3279 2730 3310 ι
2760 3260 2902 3317 Deus
2931 3263 3074 3317 enim
3099 3263 3190 3317 dat
3215 3266 3534 3333 sapientiam
3573 3283 3639 3322 ex

2074 3367 2167 3405 ore
2196 3368 2317 3416 suo,
2348 3361 2401 3405 ct
2429 3367 2651 3408 sensum
2696 3353 2858 3406 simul
2907 3362 2961 3407 et
3001 3355 3367 3422 prudentiam,
3409 3359 3642 3429 ctjustis

2076 3444 2247 3498 instar
2290 3444 2530 3498 thesauri
2572 3444 2815 3498 recondit
2841 3444 3125 3500 auxilium.
3163 3465 3183 3498 ι
3243 3447 3315 3503 lis
3352 3449 3522 3516 enim,
3547 3453 3642 3520 qui

2075 3549 2106 3588 a
2136 3530 2476 3603 philosophia
2507 3533 2655 3588 fuere
2683 3536 2984 3603 justiﬁcati,
3032 3538 3297 3592 auxilium
3329 3541 3642 3597 reconditur

2075 3642 2139 3680 ea
2180 3640 2396 3694 quoque
2451 3627 2772 3692 consensio,
2818 3643 2940 3697 qua:
2986 3628 3138 3682 ducit
3185 3631 3249 3684 ad
3289 3631 3540 3700 pietatem
3586 3636 3640 3689 ia

2080 3717 2267 3770 Deum.

1819 3814 2045 3870 CAPUT
2093 3813 2153 3866 Υ.

511 3931 902 4003 PhilosOpln'am
949 3935 1222 4003 theologia
1259 3933 1538 3993 ancillari;
1571 3935 1706 4004 quod
1749 3935 1983 3988 illustrat
2003 3933 2289 4004 allegorica
2325 3935 2755 4002 interpretatione
2795 3936 3031 3989 historia:
3065 3935 3215 3992 Sara:
3253 3950 3300 3992 et
3325 3941 3536 4011 Agaris.

477 4050 578 4106 Ἦν
621 4056 714 4124 μὲν
743 4050 833 4107 οὖν
869 4053 978 4124 (96)
1025 4055 1130 4126 πρὸ
1158 4056 1256 4124 τῆς
1294 4054 1386 4106 τοῦ
1423 4057 1625 4126 Κυρίου
1673 4057 1972 4128 παρουσίας

405 4153 481 4208 εις
515 4147 854 4214 δικαιοσύνην
897 4145 1150 4216 Ἕλλησιν
1183 4145 1452 4212 ἀναγκαία
1495 4147 1777 4216 φιλοσοφία
1809 4166 1822 4177 ·
1859 4151 1974 4200 νυνὶ

403 4238 457 4289 δὲ
491 4239 732 4309 χρησίμη
771 4239 907 4310 πρὸς
941 4238 1250 4290 θεοσέϐειαν
1277 4241 1504 4307 γίνεται,
1547 4240 1870 4310 προπαιδεία
1891 4258 1974 4303 τις

405 4325 537 4381 οὖσα
564 4332 676 4391 τοῖς
709 4329 807 4400 τὴν
839 4329 1020 4380 πίστιν
1059 4328 1124 4380 δι’
1158 4327 1483 4391 ἀποδείξεως
1529 4327 1930 4399 καρπουμένοις
1957 4345 1968 4356 ·

405 4422 486 4472 ὅτι
523 4439 540 4470 ι
581 4423 609 4472 ὁ
660 4421 790 4484 ποῦς
837 4439 952 4483 σου,
1014 4440 1031 4471 ι
1074 4421 1267 4490 φησὶν,
1329 4439 1347 4471 t
1402 4421 1461 4472 οὐ
1497 4421 1569 4490 μὴ
1605 4421 1906 4491 προσκόψῃς
1948 4439 1966 4470 ⁹

2149 4057 2326 4124 Atque
2360 4063 2478 4109 erat
2506 4055 2723 4124 quidem
2757 4066 2882 4109 ante
2909 4054 3120 4110 Domini
3149 4058 3438 4112 adventum
3469 4063 3644 4130 philo-

2081 4147 2271 4216 SOphia
2307 4146 2510 4200 Graecis
2563 4146 2868 4200 necessaria
2915 4145 2983 4199 ad
3015 4147 3277 4216 justitiam
3310 4165 3324 4200 :
3358 4165 3503 4204 nunc
3541 4167 3642 4204 au-

2077 4246 2182 4291 tem
2215 4248 2299 4292 est
2334 4238 2483 4292 utilis
2516 4237 2584 4291 ad
2615 4238 2896 4308 pietatem,
2942 4240 3028 4293 cui
3059 4244 3370 4296 necessario
3404 4247 3644 4314 prmmit-

2074 4329 2239 4383 tcnda
2271 4339 2356 4384 est
2385 4329 2453 4382 ab
2487 4329 2574 4394 iis,
2607 4329 2700 4398 qui
2738 4329 2898 4384 ﬁdem
2931 4345 2996 4384 ex
3024 4332 3488 4389 demonstratione
3523 4352 3642 4405 per-

2076 4421 2306 4489 cipiunt.
2357 4419 2626 4486 Quoniam
2666 4439 2684 4471 t
2709 4437 2826 4490 pes,
2847 4441 2864 4472 ι
2915 4423 3108 4490 inquit,
3144 4442 3160 4473 ι
3183 4433 3308 4479 tuus
3339 4441 3444 4478 non
3476 4428 3646 4482 oﬂen-

406 4510 498 4562 ἐπὶ
526 4511 622 4580 τὴν
651 4513 904 4581 πρόνοιαν
941 4512 1007 4564 τὰ
1035 4513 1170 4564 καλὰ
1202 4512 1557 4581 ἀναφέροντος
1583 4552 1596 4573 ,
1633 4513 1727 4564 ἐάν
1758 4530 1816 4564 τε
1859 4513 1973 4565 Ἐλ-
2005 4526 2048 4579 ι)
2073 4512 2188 4565 deri

1860 4513 1973 4565 Ἐλ-
2005 4526 2048 4579 ι)
2073 4512 2213 4565 derit
2243 4524 2289 4578 ε,
2325 4530 2342 4562 ι
2401 4513 2447 4566 si
2501 4527 2622 4581 quae
2655 4513 2790 4566 bona
2823 4527 2980 4576 sunt,
3023 4515 3088 4567 ad
3124 4513 3216 4569 Dei
3250 4518 3642 4585 providentiam

408 4602 599 4672 ληνικὰ
643 4599 697 4673 ᾖ,
736 4604 826 4655 ὲὰν
874 4621 931 4655 τε
970 4605 1227 4675 ἡμέτερα.
1267 4603 1484 4656 Πάντων
1522 4601 1618 4671 μὲν
1665 4602 1772 4673 γὰρ
1804 4606 1971 4666 αἴτιος

407 4695 514 4748 τῶν
557 4693 732 4746 καλῶν
765 4697 792 4746 ὁ
833 4695 1001 4757 Θεός·
1051 4694 1184 4747 ἀλλὰ
1213 4693 1318 4747 τῶν
1353 4694 1476 4762 μὲν,
1517 4695 1656 4745 κατὰ
1704 4695 1971 4766 προηγού-

413 4804 587 4857 μενον,
633 4787 706 4847 ὠς
747 4786 844 4854 τῆς
885 4802 942 4836 τε
974 4786 1248 4856 Διαθήκης
1281 4787 1382 4854 τῆς
1427 4783 1686 4845 Παλαιᾶς,
1738 4787 1829 4838 καὶ
1875 4787 1972 4855 τῆς

411 4881 570 4944 Νέας,
619 4877 726 4930 τῶν
767 4879 822 4929 δὲ
869 4877 987 4930 κατ’
1039 4877 1474 4948 ἐπακολούθημα,
1531 4876 1605 4938 ὡς
1643 4878 1740 4947 τῆς
1774 4876 1976 4946 φιλοσο-

413 4975 556 5043 φίας.
591 4973 740 5042 Τὰχα
761 4970 931 5022 δὲκαὶ
963 4969 1382 5038 προηγουμένως
1412 4970 1520 5028 τοῖς
1548 4967 1799 5038 Ἕλλησιν
1820 4965 1972 5037 ἐδόθη

410 5067 551 5129 τότε,
589 5065 714 5135 πρὶν
747 5064 778 5131 ἦ
812 5062 902 5114 τὸν
933 5062 1135 5131 Κύριον
1161 5063 1387 5117 καλέσαι
1409 5062 1499 5114 καὶ
1528 5061 1651 5121 τοὺς
1676 5061 1937 5128 Ἕλληνας
1957 5077 1969 5088 ο

419 5177 438 5209 t
475 5155 836 5225 ἐπαιδαγώγει
875 5175 891 5204 ι
925 5153 1033 5224 γὰρ
1066 5155 1158 5205 καὶ
1187 5155 1324 5226 αὑτὴ
1352 5155 1412 5205 τὸ
1449 5151 1772 5218 Ἑλληνικὸν,
1802 5152 1911 5214 ὼςι
1949 5152 1976 5200 ὁ

413 5251 572 5320 νόμος
614 5271 630 5301 ι
668 5251 792 5312 τους
833 5245 1133 5318 Ἐϐραίους,
1175 5265 1191 5296 ε
1233 5249 1312 5310 εἰς
1342 5243 1587 5316 Χριστόν.
1631 5262 1648 5294 ι
1684 5245 1974 5315 Προπαρα-

490 5378 547 5434 »Β
584 5371 643 5424 Ρ.
675 5370 766 5422 551
823 5368 928 5421 El).
959 5364 1253 5429 POTTER,
1295 5365 1402 5420 282
1440 5361 1546 5416 ΕΙ).
1592 5359 1814 5415 PARIS.

419 5453 478 5506 ll,
499 5443 621 5496 5-5.
729 5449 754 5477 ⁸
781 5438 937 5493 Prov.
963 5436 1041 5501 ιιι,
1075 5437 1163 5490 25.

489 5557 598 5625 (95)
640 5556 693 5606 '0
723 5555 1075 5625 πλαστικός.
1107 5549 1263 5604 Conf.
1320 5550 1580 5625 Tatia_n_us
1623 5547 1753 5625 edit:
1795 5547 1969 5601 Oxon.

415 5619 539 5697 pagi.
573 5627 693 5686 1'20,
733 5637 848 5678 not.
879 5626 942 5686 ‘2;
979 5624 1350 5697 Athenagoras
1368 5638 1434 5697 Β.
1467 5621 1556 5683 59,
1584 5627 1694 5697 not.
1729 5619 1776 5673 l.

489 5687 600 5762 (94)
645 5696 983 5762 (Ηποιηταί.
1018 5687 1240 5760 Ποιηταί
1280 5691 1332 5743 in
1363 5687 1512 5762 Flor.
1561 5687 1691 5742 edit.
1747 5690 1975 5742 articulo

418 5761 583 5820 caret.
619 5765 720 5818 Sed
755 5761 1060 5819 addendum
1087 5777 1204 5816 esse
1252 5763 1386 5817 satis
1402 5761 1678 5816 declarant
1707 5769 1974 5812 commata

421 5839 718 5901 st‘qtlt‘ttlia.
754 5835 1018 5888 Svmenc.

491 5898 601 5975 (ενι)
635 5907 767 5956 "tm.
820 5905 939 5959 llaze
983 5921 1012 5959 e
1057 5902 1310 5959 Provcrl).
1365 5918 1399 5955 ll
1451 5898 1759 5971 imperfecte
1800 5909 1848 5953 et
1887 5898 1973 5951 διὰ

1892 5374 1914 5400 δ
1941 5360 2138 5430 Ephcs.
2174 5378 2254 5425 ιιι,
2283 5360 2367 5415 10.

2078 4602 2309 4667 referas,
2366 4604 2479 4657 sive
2529 4604 2714 4656 Graeca
2780 4605 2907 4666 sint,
2964 4606 3079 4660 sive
3133 4619 3342 4664 nostra.
3388 4608 3644 4665 Omnium

2075 4697 2222 4750 enim
2258 4697 2521 4750 bonorum
2556 4693 2697 4748 Deus
2736 4705 2820 4750 est
2854 4711 3021 4751 causa
3068 4717 3080 4752 :
3133 4700 3227 4754 sed
3262 4702 3488 4756 aliorum
3525 4705 3649 4772 qni-

2077 4786 2199 4840 dcm
2255 4786 2642 4857 principaliter,
2700 4795 2760 4839 ut
2795 4785 3130 4842 Testamenti
3165 4791 3322 4860 122
3355 4792 3561 4847 Veteris
3594 4805 3646 4846 ει

2078 4878 2265 4933 Novi:
2321 4879 2550 4933 aliorum
2607 4889 2789 4933 autem
2840 4896 2933 4948 per
2986 4887 3454 4950 consequentiam,
3506 4887 3649 4940 sicut

2079 4971 2452 5042 philosOphim.
2507 4971 2682 5037 Quam
2734 4982 2908 5026 tamen
2958 4975 3251 5029 verisimile
3300 4987 3417 5039 est,
3468 4980 3646 5047 ipsum

2081 5062 2282 5117 Graecis
2317 5077 2409 5128 per
2438 5078 2496 5115 se
2529 5063 2763 5124 dedisse,
2794 5064 3108 5132 priusquam
3137 5065 3400 5122 Dominus
3428 5069 3646 5123 ὦτοι-υς

2083 5168 2299 5221 quoque
2341 5163 2608 5206 vocasset.
2643 5152 2774 5205 Nam
2813 5155 2926 5222 ipSa
2962 5171 3179 5226 quoque
3209 5158 3427 5214 Graecos
3481 5182 3499 5214 ι
3530 5161 3642 5215 Pa:-

2083 5243 2275 5313 dagogi
2309 5258 2460 5298 more
2483 5245 2728 5305 docebat,
2765 5263 2784 5294 ι
2831 5246 2974 5300 sicut
3023 5267 3040 5296 ι
3073 5249 3151 5301 lex
3185 5268 3203 5299 ι
3245 5248 3495 5306 Hebraeos
3536 5273 3554 5304 ι
3581 5257 3647 5308 ad

2483 5362 2508 5399 b
2542 5360 2700 5423 llehr,
2734 5377 2772 5426 ι,
2801 5363 2850 5415 1.
2946 5373 2965 5398 π
2996 5361 3160 5418 Eccli.
3202 5383 3238 5430 ι,
3284 5367 3330 5418 1.
3430 5365 3457 5404 ἀ
3483 5365 3644 5423 Prov.

2085 5548 2187 5615 μνή
2200 5561 2314 5615 μης-
2337 5543 2581 5615 recitavit
2611 5551 2823 5615 auctor.

2155 5607 2271 5678 (lilii
2291 5611 2400 5685 τΗν
2425 5613 2541 5685 μὲι·
2573 5607 2704 5685 οὖν.
2743 5612 2834 5666 Sic
2867 5611 3003 5685 infra
3041 5611 3235 5665 Slrom.
3273 5630 3313 5685 ι,
3346 5632 3468 5685 pag.
3499 5614 3603 5669 519
3630 5635 3644 5670 ι

2079 5686 2219 5738 Καθ’
2244 5683 2442 5752 ἑαυτὴν
2484 5681 2715 5734 ἐδικαίου
2764 5683 2891 5734 ποτὲ
2923 5684 3014 5734 καὶ
3047 5681 3493 5752 φιλοσοφία’τοῦς
3527 5687 3646 5738 Ἐλ-

2079 5754 2266 5824 ληνας.
2321 5776 2336 5803 ι
2369 5753 2469 5805 l’er
2520 5769 2574 5824 se
2631 5768 2848 5821 quoque
2891 5753 3017 5804 olim
3071 5756 3286 5810 Cra-crs
3333 5757 3650 5824 justiﬁcavit

2077 5822 2442 5894 philosophia.
2479 5842 2494 5872 ι
2530 5822 2646 5886 Qua
2705 5825 2770 5876 de
2812 5840 2867 5876 re
2913 5823 3056 5894 crint.
3107 5822 3345 5879 Vossius
3393 5825 3646 5881 llisloriw

2080 5890 2496 5965 Pelagia—nivi“).
2530 5908 2612 5957 ιιι,
2647 5903 2784 5962 part.
2829 5890 3048 5960 It|,tlics
3100 5899 3151 5950 ll
