4512 6580
4024 456 4129 508 77?.

890 448 985 505 73!
2052 453 2438 509 CLEMENTIS
2477 455 2939 513 ALEXANDRl-Nl

884 563 1197 633 opiniones.
1242 566 1406 622 Recte
1461 566 1707 636 profecto
1757 584 1821 624 ac
1872 569 2052 623 divine
2090 569 2448 625 Anaxarchus
2479 578 2520 631 Α
2550 588 2666 624 ναι·

2346 569 2448 625 hus
2479 578 2520 631 Α
2550 588 2669 624 ναι·
2718 572 2910 643 σοφίης
2937 569 3045 640 γὰρ
3070 561 3222 631 οὗτος
3248 568 3390 638 ὄρος·
3411 570 3524 622 ὅσοι
3553 567 3609 622 δὲ
3643 565 3737 622 καὶ
3764 562 3992 637 θύρῃσιν
4016 565 4125 629 (3t)

882 654 1079 713 scribit
1125 657 1179 711 in
1227 657 1367 711 libro
1421 656 1493 712 De
1542 675 1696 730 regno
1727 678 1748 716 :
1781 678 1799 711 ι
1839 659 2003 714 Multa
2040 674 2105 714 ac
2150 662 2299 715 varia
2353 660 2450 715 do-
2556 663 2664 716 ἁείὸ

2353 660 2450 715 do—
2556 663 2842 727 ἁείδουσιν,
2879 663 2912 734 ἢ
2936 663 2998 733 ἦν
3026 677 3100 730 πη
3136 658 3453 728 πεπνυμένα
3476 659 3747 724 ἀείδωσιν,
3768 656 3829 711 οὐ
3854 653 4125 725 τιθέμενοι

884 744 1032 800 trina
1066 747 1291 801 multum
1335 749 1554 819 quidem
1605 751 1779 820 juvat,
1804 752 2033 805 multum
2070 762 2253 806 autem
2303 752 2449 806 lzedit
2557 754 2614 804 ὲν
2647 771 2666 807 c

2340 752 2449 806 edit
2557 754 2614 804 ὲν
2647 754 2827 827 σοφίῃ,
2858 751 3083 822 γνώμην
3121 749 3163 803 δ’
3203 748 3382 819 ἔχουσι
3427 750 3692 821 μωρίης.»
3716 749 3823 803 Καὶ
3850 744 4122 806 Ἡσίοδος·

886 850 1031 901 eum,
1078 838 1172 907 qui
1218 854 1340 895 eam
1390 842 1646 912 possidet.
1696 841 1858 898 Juvat
1904 843 2122 912 quidem
2163 859 2309 906 eum,
2350 845 2440 915 qui
2489 844 2683 915 dignus
2741 857 2824 901 est
2860 866 2872 899 :
2907 846 3051 900 laedit
3079 857 3255 899 autem
3291 856 3439 905 eum,
3496 843 3589 909 qui
3627 844 3841 913 quidvis
3897 839 4045 902 dicit,
4075 848 4130 890 et

887 943 1073 984 coram
1131 934 1388 989 universo
1428 934 1644 1003 populo.
1698 934 1919 1003 Oportet
1970 944 2152 990 autem
2191 935 2330 991 scire
2373 952 2682 991 mensuram
2711 938 2988 1006 temporis.
3024 934 3124 991 llic
3168 945 3249 989 est
3275 941 3453 986 autem
3488 931 3613 986 linis
3671 934 3970 1004 sapientia}.
3998 928 4132 997 Qui-

886 1038 1102 1092 cunque
1137 1027 1539 1080 antemcauunt
1594 1041 1704 1094 pra:
1760 1025 1991 1090 foribus,
2052 1027 2260 1081 etiamsi
2297 1027 2427 1095 quid
2489 1028 2758 1097 sapienter
2812 1043 2876 1081 ac
2922 1030 3089 1096 perite
3141 1023 3460 1085 cecineriut,
3505 1038 3611 1076 non
3671 1033 3990 1093 reputantur
4036 1035 4129 1076 εδ·

884 1115 1116 1186 pientes,
1167 1118 1256 1171 sed
1289 1116 1598 1184 opinionem
1628 1116 1863 1171 subeunt
1890 1114 2154 1172 Stultitia‘.
2180 1137 2197 1167 ι
2242 1115 2307 1168 Et
2344 1114 2615 1171 Hesiodus
2646 1135 2657 1169 :

1032 1228 1188 1301 125.
1244 1228 1540 1297 Musarum,
1577 1230 1799 1285 reddunt
1845 1233 2101 1287 hominem
2126 1247 2247 1303 qum
2281 1231 2452 1284 multa

2120 1302 2132 1373 |
2146 1302 2149 1303 ⁷
2162 1302 2453 1370 loquentem

1032 1369 1299 1435 Divinum,
1329 1369 1575 1424 vocalem.

894 1489 953 1543 ln
988 1489 1166 1543 verbis
1194 1491 1341 1544 enim
1368 1492 1653 1561 copiosum
1674 1493 1807 1548 dicit
1838 1513 1856 1545 ι
1882 1495 2047 1547 ιιιιιιισ
2072 1494 2400 1562 loquentem;
2428 1509 2449 1541 ι

887 1596 1066 1635 acrem
1093 1592 1275 1637 autem
1304 1599 1371 1638 ac
1395 1584 1787 1650 vehementem,
1828 1606 1845 1637 ‹
1886 1585 2155 1647 vocalem;
2189 1603 2208 1635 ι
2235 1592 2290 1639 et
2319 1603 2338 1635 ι
2371 1583 2453 1637 di—

884 1672 1097 1737 vinum,
1129 1692 1149 1725 ο
1187 1690 1334 1739 eum,
1370 1678 1462 1745 qui
1492 1686 1575 1731 est
1613 1678 1836 1746 peritus,
1876 1685 1929 1729 et
1972 1676 2352 1745 philosophus,
2400 1682 2454 1727 et

886 1764 1069 1820 sciens
1098 1766 1363 1821 veritatis.

2629 1229 2948 1294 Μουσάων,
2972 1232 3033 1283 αἵ
3072 1233 3120 1282 τ’
3145 1230 3330 1297 ἄνδρα
3364 1225 3854 1296 πολυφραδέοντα
3875 1227 4125 1283 τιθεῖσαι

2631 1368 2908 1429 Θέσπιον,
2942 1363 3242 1429 αὐδήεντα
3263 1381 3274 1393 ·

2560 1490 2786 1561 εὔπορον
2832 1488 2929 1560 μὲν
2974 1487 3083 1557 γὰρ
3128 1485 3185 1537 ἐν
3223 1483 3399 1551 λόγοις
3416 1523 3441 1543 ,,
3478 1501 3495 1532 ι
3531 1484 3620 1535 τὸν
3664 1480 4121 1551 πολυφράδμοναι

2560 1584 2723 1651 λέγει·
2751 1580 2916 1635 δεινὸν
2938 1580 3015 1642 δὲ,
3039 1597 3058 1629 ι
3079 1578 3170 1632 τὴν
3199 1577 3460 1646 αὐδήεντα
3477 1574 3640 1644 (55)’›
3676 1574 3769 1625 καὶ
3796 1591 3814 1623 ι
3838 1572 4075 1630 θέσπιον,
4101 1594 4120 1624 ι

2559 1675 2651 1727 τὸν
2679 1673 2962 1743 ἔμπειρον,
2995 1670 3087 1723 καὶ
3117 1669 3423 1739 φιλόσοφον,
3458 1667 3553 1720 καὶ
3585 1666 3681 1736 τῆς
3707 1663 3959 1733 ἀληθείας
4004 1668 4127 1718 ἐπι-

2490 1739 2533 1794 B
2570 1739 2831 1833 στήμονα.

2321 1904 2546 1960 CAPUT
2586 1903 2696 1957 νη.

940 2021 1336 2092 Philosophiam
1366 2024 1436 2077 ad
1466 2025 1698 2079 divinant
1724 2026 1969 2081 virtutem
1997 2028 2135 2081 vium
2168 2028 2390 2096 aperire,
2423 2044 2637 2098 eamque
2664 2043 2763 2079 non
2793 2024 3135 2094 particulam
3158 2023 3388 2092 alicujus
3414 2033 3600 2088 secta,
3633 2023 3723 2078 sed
3757 2022 4069 2077 eclecticam.

950 2138 1188 2207 Apparet
1209 2139 1414 2209 itaque,
1442 2143 1828 2210 praecedaneas
1865 2143 1985 2196 illas
2022 2143 2275 2199 liberales
2302 2142 2452 2198 Grae-

880 2242 1073 2283 corum
1095 2229 1437 2301 disciplinas,
1467 2247 1573 2286 una
1597 2248 1720 2286 cum
1749 2234 1864 2301 ipsa
1880 2233 2249 2302 philosOphia,
2273 2233 2457 2287 venire

883 2322 1143 2378 divinitus
1202 2324 1269 2377 ad
1357 2323 1641 2388 homines,
1708 2339 1814 2377 non
1886 2323 2279 2393 principaliter,
2363 2326 2453 2378 sed

882 2412 1340 2480 quemadmodum
1370 2412 1571 2466 imbres
1593 2422 1888 2483 erumpunt
1915 2413 1968 2465 in
1995 2422 2196 2468 terram
2229 2415 2451 2471 bonam.

879 2511 933 2556 et
988 2502 1045 2557 in
1095 2502 1303 2567 limum,
1348 2512 1404 2558 et
1461 2519 1628 2573 super
1679 2505 1895 2561 domos.
1960 2505 2225 2560 Similiter
2270 2516 2450 2560 autem

882 2595 1154 2665 germinat
1178 2607 1232 2650 ct
1256 2594 1423 2649 herba
1457 2605 1511 2650 et
1539 2595 1897 2662 frumentum,
1934 2607 1987 2652 et
2017 2601 2263 2652 nascitur
2285 2598 2449 2653 etiam

884 2686 1020 2740 licus
1051 2685 1106 2739 in
1132 2685 1506 2752 monimentis,
1537 2696 1592 2740 et
1625 2688 1671 2741 si
1710 2703 1816 2757 qua
1849 2698 1932 2742 est
1967 2689 2129 2742 arbor
2157 2687 2450 2757 impuden-

882 2777 1008 2832 tior.
1050 2777 1114 2832 Et
1144 2794 1269 2848 qua:
1303 2788 1505 2834 temere
1539 2790 1862 2845 nascuntur,
1903 2781 1957 2834 in
2001 2781 2183 2849 specie
2232 2780 2449 2849 quidem

883 2884 1046 2938 supra
1099 2884 1184 2935 ea,
1239 2885 1361 2939 qua:
1412 2885 1542 2924 vera
1606 2878 1759 2933 sunt,
1820 2880 2126 2942 emergunt,
2190 2874 2451 2942 quoniam

881 2958 1127 3013 eamdem
1150 2960 1347 3030 pluviaé
1371 2960 1480 3014 vim
1513 2972 1912 3029 assequuntur;
1944 2965 2037 3017 sed
2066 2978 2173 3017 non
2207 2964 2450 3017 eamdem

882 3049 1089 3105 habent
1144 3052 1396 3121 gratiam,
1445 3068 1610 3121 quam
1668 3070 1753 3115 ea,
1803 3070 1924 3123 qua:
1973 3055 2026 3107 in
2081 3055 2201 3109 solo
2266 3056 2450 3126 pingui

882 3148 1009 3194 nata
1044 3150 1191 3208 sunt,
1220 3150 1279 3196 ut
1307 3158 1429 3211 qua:
1459 3144 1642 3197 statim
1673 3145 1938 3198 exsiccari
1968 3145 2050 3199 vel
2073 3146 2197 3200 velli
2218 3148 2448 3201 soleant.

881 3231 1055 3286 Porro
1089 3241 1270 3287 autem
1321 3232 1449 3287 huic
1490 3248 1708 3302 quoque
1740 3233 1863 3288 loco
1895 3244 1978 3289 est
2007 3236 2160 3290 utilis
2187 3236 2448 3305 parabola

889 3343 908 3375 ι
939 3324 1201 3379 sementis
1225 3336 1275 3388 ι,
1319 3342 1338 3376 ι
1377 3339 1543 3393 quam
1598 3322 1861 3379 Dominus
1907 3335 1992 3381 est
2043 3327 2446 3397 interpretatus.

2626 2140 3025 2210 Καταφαίνεται
3093 2139 3274 2191 τοίνυν
3331 2137 3657 2209 προπαιδεία
3714 2138 3748 2208 ἡ
3808 2132 4125 2205 Ἑλληνικὴ,

2559 2236 2654 2288 σὺν
2703 2234 2796 2286 καὶ
2838 2233 2975 2302 αὐτῇ
3039 2231 3329 2301 φιλοσοφίᾳ
3363 2229 3551 2283 θεόθεν
3611 2231 3764 2298 ἥκειν
3801 2230 3880 2292 είς
3921 2225 4129 2297 ἀνθρὼ-

2556 2343 2688 2388 πους
2711 2366 2725 2389 ,
2776 2325 2836 2377 οὐ
2887 2322 3028 2376 κατὰ
3085 2320 3524 2393 προηγούμενον,
3569 2320 3683 2372 ἀλλ’
3728 2319 3787 2373 ὃν
3838 2319 4034 2389 τρόπον
4078 2318 4127 2368 οἱ

2556 2418 2700 2469 ὑετοὶ
2724 2433 2860 2469 κατα
2871 2417 3161 2486 ρήγνυνται
3192 2416 3274 2477 εἰς
3294 2413 3392 2483 τὴν
3411 2413 3520 2482 γῆν
3549 2411 3645 2481 τὴν
3668 2410 3898 2481 ἀγαθὴν,
3928 2411 4019 2462 καὶ
4050 2411 4130 2471 εἰς

2550 2511 2649 2580 τὴν
2674 2511 2929 2581 κοπρίαν,
2954 2509 3049 2561 καὶ
3070 2508 3161 2560 ἐπὶ
3189 2506 3257 2558 τὰ
3278 2505 3519 2576 δώματα.
3546 2502 3841 2555 Βλαστάνει
3865 2501 3909 2553 δ’
3932 2503 4130 2571 ὁμοίως

2552 2603 2644 2655 καὶ
2685 2602 2788 2653 πόα
2822 2602 2916 2654 καὶ
2951 2599 3154 2669 πυρός·
3199 2598 3391 2667 φύεταί
3432 2613 3492 2648 τε
3525 2596 3619 2648 καὶ
3653 2594 3746 2646 ἐπὶ
3774 2593 3884 2645 τῶν
3916 2593 4130 2663 μνημά-

2549 2711 2655 2746 των
2690 2692 2850 2761 συκῆ,
2880 2693 2973 2745 καὶ
3004 2691 3058 2743 εἴ
3084 2707 3136 2743 τι
3168 2690 3277 2743 τῶν
3308 2688 3700 2759 ἁναιδεστέρων
3735 2684 3997 2755 δένδρων⁹
4035 2683 4128 2734 καὶ

2549 2784 2616 2836 τὰ
2640 2783 2880 2853 φυόμενα
2909 2784 2965 2835 ὲν
2990 2780 3146 2850 τύπῳ
3175 2780 3475 2852 προκύπτει
3509 2779 3617 2833 τῶν
3645 2777 3857 2847 ἀληθῶν
3876 2794 3889 2805 ·
3917 2777 3998 2828 ὅτι
4029 2774 4128 2842 τῆς

2551 2874 2726 2944 αὐτῆς
2755 2874 2850 2927 τοῦ
2894 2873 3049 2927 ὑετοῦ
3088 2873 3363 2925 ἀπέλαυσε
3411 2872 3723 2941 δυνάμεως·
3780 2869 3891 2920 ἀλλ’
3925 2870 3984 2919 οὺ
4030 2869 4129 2935 τὴν

2552 2963 2718 3034 αὐτὴν
2750 2963 2948 3033 ἔσχηκε
2987 2962 3145 3031 χάριν
3192 2964 3305 3024 τοῖς
3345 2964 3403 3012 ὲν
3455 2960 3534 3029 τῷ
3569 2962 3710 3013 πίονι
3739 2961 3946 3029 ςυεῖσιν
3967 2998 3980 3017 ,
4012 2958 4128 3026 ἦτοι

2555 3054 2907 3126 ξηρανθέντα,
2932 3054 2965 3123 ἢ
2995 3052 3372 3105 ἁποτιλθένττ..
3393 3053 3503 3105 Καὶ
3526 3052 3589 3121 δὴ
3630 3050 3904 3105 κάνταῦθα
3940 3065 4130 3118 χρησι-

2557 3149 2707 3217 μεύει
2769 3151 2802 3217 ἡ
2860 3167 2878 3199 ι
2911 3148 3006 3201 τοῦ
3055 3148 3257 3218 σπόρου
3297 3165 3316 3196 ι
3366 3143 3685 3216 παραϐολὴ,
3735 3143 3801 3213 ἣν
3856 3144 3886 3194 ὁ
3929 3140 4127 3210 Κύριος

2554 3242 2914 3311 ἡρμήνευσεν.
2948 3234 3046 3302 Εἷς
3071 3239 3179 3310 γὰρ
3201 3242 3229 3292 ὁ
3264 3239 3362 3306 τῆς
3395 3239 3452 3289 ὲν
3489 3234 3793 3305 ἀνθρώποις
3826 3234 3929 3302 γῆς
3956 3248 4128 3302 γεωρ-

2552 3329 2682 3395 γὸς,
2732 3331 2761 3380 ὁ
2803 3328 3007 3380 ἄνωθεν
3064 3326 3301 3396 σπείρων
3355 3327 3420 3377 ἐκ
3463 3323 3766 3392 καταϐολῆς
3818 3322 4022 3390 κόσμου
4060 3322 4128 3371 τὰ

886 3413 1039 3469 Unus
1070 3415 1213 3469 enim
1244 3424 1328 3471 est
1360 3417 1594 3485 agricola
1641 3424 1816 3479 terrae,
1849 3433 1971 3486 quae
2009 3428 2093 3473 est
2125 3420 2180 3473 in
2213 3421 2450 3475 bomini-
2478 3433 2520 3488 ς
2555 3418 2668 3489 Ops:

2343 3422 2520 3488 ἰαί-ς
2555 3418 2819 3489 θρεπτικὰ
2877 3418 3197 3488 σπέρματα,
3245 3419 3273 3469 ὁ
3325 3415 3415 3467 τὸν
3468 3414 3667 3483 Κύριον
3720 3412 3842 3465 καθ’
3900 3412 4125 3463 ἕκαστον

883 3504 1006 3568 bus,
1030 3506 1124 3573 qui
1159 3520 1190 3559 a
1219 3505 1493 3575 principio
1526 3507 1758 3561 seminat
1787 3522 1816 3560 a
1841 3508 2232 3565 constitutione
2264 3511 2453 3564 mundi

882 3597 1104 3652 nutritia
1144 3598 1373 3661 semina,
1408 3599 1502 3667 qui
1538 3598 1643 3652 illis
1672 3613 2006 3668 unoquoque
2047 3610 2291 3669 tempore
2344 3600 2452 3655 Do—

882 3685 1090 3740 minum
1120 3684 1305 3755 Logon
1335 3688 1572 3756 impluit;
1605 3697 1847 3757 tempora
1881 3698 2063 3743 autem
2088 3699 2142 3744 et
2167 3692 2306 3755 loca,
2334 3707 2455 3761 quae

881 3787 1260 3845 susceperunt,
1289 3792 1525 3847 genuere
1556 3777 1936 3834 diﬂ'erentiam.
1969 3779 2034 3834 Et
2062 3782 2269 3851 alioqui
2304 3785 2451 3853 agri-

879 3867 999 3924 cola
1069 3883 1176 3922 non
1226 3870 1402 3923 solum
1458 3869 1789 3925 frumentum
1830 3873 1966 3938 (etsi
2028 3873 2191 3941 hujus
2236 3890 2453 3943 quoque

881 3959 1068 4028 plures
1119 3960 1229 4013 sint
1284 3960 1657 4028 dill‘erentize),
1712 3961 1807 4016 sed
1859 3963 2022 4016 etiam
2078 3963 2186 4018 alia
2242 3965 2451 4018 semina

882 4055 1134 4119 seminat,
1164 4059 1221 4116 >14
1251 4054 1540 4120 hordeum,
1578 4053 1751 4119 fabas,
1788 4055 1927 4123 pisa,
1968 4056 2132 4120 cicer,
2165 4064 2220 4112 et
2241 4060 2451 4112 semina

881 4161 1002 4213 qua:
1034 4146 1181 4200 olera
1210 4147 1263 4199 in
1309 4145 1484 4201 hortis
1513 4148 1843 4216 producunt,
1877 4157 1932 4201 et
1978 4148 2159 4203 liores.
2198 4148 2450 4218 Ejusdem

881 4245 966 4289 est
1010 4244 1191 4289 autem
1248 4237 1610 4303 agricultura},
1663 4246 1719 4293 et
1769 4238 2048 4308 plantandi
2100 4238 2358 4305 oﬂicium,
2400 4249 2454 4294 et

882 4326 1143 4394 Operandi
1191 4342 1533 4398 quzecunque
1574 4330 1844 4398 pertinent
1887 4331 1952 4385 ad
1992 4331 2107 4400 ipsa
2159 4331 2450 4399 plantaria,

882 4428 1091 4480 hortos,
1120 4428 1175 4473 et
1201 4421 1468 4489 pomaria,
1500 4429 1555 4474 et
1579 4422 1632 4474 in
1664 4438 1900 4487 summa,
1932 4423 1998 4476 ad
2031 4422 2214 4479 omnis
2239 4424 2454 4494 generis

882 4510 1104 4565 arbores
1149 4513 1530 4580 producendas
1570 4522 1622 4566 et
1673 4513 1914 4567 alendas.
1964 4514 2227 4569 Similiter
2271 4526 2450 4569 autem

882 4615 992 4653 non
1038 4602 1153 4656 sola
1203 4618 1293 4657 ars
1340 4604 1737 4672 pascendarum
1786 4605 2007 4667 ovium,
2042 4607 2134 4660 sed
2183 4617 2238 4659 et
2289 4607 2451 4660 boum

882 4708 1264 4762 equorumque
1296 4703 1350 4748 et
1388 4711 1584 4749 cauum
1621 4696 1943 4749 alendorum
1990 4704 2044 4749 et
2084 4696 2449 4751 curandarnm

2557 3512 2743 3582 καιρὸν
2779 3510 3118 3581 ἐπομϐρὶσας
3150 3511 3351 3577 Λόγον·
3384 3508 3434 3559 οἱ
3462 3507 3644 3577 καιροὶ
3676 3506 3731 3557 δὲ
3775 3507 3866 3557 καὶ
3894 3507 3942 3556 οἱ
3970 3504 4125 3556 τόποι

2553 3606 2601 3656 οἱ
2635 3603 2871 3655 δεκτικοὶ
2927 3602 3026 3664 τὰς
3071 3599 3337 3671 διαφορὰς
3384 3597 3698 3667 ἐγέννησαν.
3749 3596 3956 3659 Ἀλλως
3997 3613 4056 3647 τε
4096 3596 4127 3645 ὁ

2554 3695 2793 3764 γεωργὸς
2823 3693 2883 3746 οὐ
2907 3693 3113 3761 πυροὺς
3141 3692 3317 3761 μόνον,
3343 3690 3541 3755 (καίτοι
3566 3690 3656 3741 καὶ
3679 3687 3882 3740 τούτων
3913 3687 4125 3749 πλείους

2553 3787 2658 3838 εἰσὶ
2711 3785 2995 3854 διαφοραίο
3022 3794 3035 3849 )
3067 3784 3276 3854 σπείρει
3298 3783 3353 3834 δὲ
3406 3782 3498 3834 καὶ
3527 3779 3596 3832 τὰ
3637 3779 3771 3832 ἄλλα
3812 3778 4121 3847 σπέρματα,

2554 3877 2744 3948 κριθάς
2781 3894 2840 3927 τε
2899 3877 2990 3927 καὶ
3019 3876 3287 3943 κυάμους,
3325 3875 3415 3926 καὶ
3447 3874 3624 3928 πίσον.
3664 3871 3757 3923 καὶ
3791 3871 3998 3941 ἄρακα,
4032 3869 4127 3922 καὶ

2551 3968 2620 4019 τὰ
2648 3966 2999 4037 κηπευόμενα
3024 4003 3038 4025 ,
3098 3965 3191 4016 καὶ
3239 3964 3308 4014 τὰ
3351 3960 3639 4014 ἀνθευτικὰ
3683 3959 3989 4027 σπέρματα.
4016 3955 4124 4025 Τῆς

2552 4059 2721 4127 αὐτῆς
2776 4057 2831 4109 δὲ
2891 4055 3163 4126 γεωργίας
3221 4055 3316 4106 καὶ
3370 4052 3403 4117 ἡ
3458 4051 3779 4121 φυτουργία,
3828 4051 3923 4101 καὶ
3962 4046 4126 4115 ἐργά-

2554 4151 2743 4214 ζεσθαι
2776 4152 2875 4202 ὅσα
2919 4149 2999 4210 εἰς
3026 4146 3164 4200 αὐτά
3195 4162 3254 4196 τε
3295 4145 3363 4196 τὰ
3392 4143 3669 4214 φυτώρια,
3702 4142 3794 4193 καὶ
3836 4142 3916 4202 εἰς
3950 4156 4124 4209 παρα-

2552 4245 2779 4305 δείσους,
2824 4243 2915 4294 καὶ
2945 4240 3013 4292 τὰ
3063 4238 3260 4309 ὡραῖα,
3310 4237 3402 4289 καὶ
3430 4237 3566 4297 ὅλως
3596 4234 3862 4286 παντοίων
3894 4231 4124 4302 δένδρων

2555 4335 2715 4403 φύσιν
2768 4334 2860 4385 καὶ
2907 4332 3134 4402 τροφήν.
3175 4326 3448 4390 Ὡσαύτως
3476 4328 3532 4379 δὲ
3573 4327 3670 4395 οὐχ
3741 4327 3773 4393 ἠ
3834 4321 4121 4393 ποιμενικὴ

2559 4429 2713 4499 μόνη.
2744 4425 2883 4477 ἁλλὰ
2924 4426 3020 4477 καὶ
3067 4426 3100 4493 ἡ
3141 4421 3459 4492 βουκολικὴ,
3517 4417 3881 4488 ῑπποτροφική
3929 4431 3987 4467 τε
4032 4415 4122 4467 καὶ

2555 4519 2952 4590 κυνοτροιρικὴ,
3017 4518 3112 4570 καὶ
3172 4511 3629 4585 μελισσονργικὴ,
3683 4511 3866 4580 τέχναι
3916 4509 4118 4561 ’τεν-’λίσαι⁸

2557 4612 2823 4667 συνελόντι
2848 4610 3109 4670 δἐἰπεῖν,
3147 4607 3515 4676 ἀγελοκομική
3550 4620 3611 4656 τε
3662 4604 3753 4656 καὶ
3781 4601 4120 4671 ζωοτροφικὴ

2555 4702 2795 4772 ἀλλήλων
2829 4703 2923 4772 μὲν
2952 4700 3030 4771 τῷ
3062 4699 3259 4770 μᾶλλον
3286 4698 3380 4750 καὶ
3415 4693 3580 4767 ἦττον
3605 4694 3940 4764 διαφέρουσι,
3984 4693 4120 4762 πλὴν

881 4800 1044 4852 apum
1070 4794 1215 4841 artes
1249 4801 1461 4849 omnes,
1485 4796 1556 4848 et.
1587 4797 1641 4842 ut
1676 4787 1993 4843 summatim
2018 4787 2218 4853 dicam,
2251 4805 2374 4858 qua:
2397 4789 2450 4842 in
2485 4777 2529 4831 Ῑ)
2557 4795 2611 4845 αἱ
2644 4811 2663 4844 τ

2336 4805 2374 4843 te
2397 4789 2450 4842 in
2485 4777 2529 4831 Ῑ)
2557 4795 2611 4845 αἱ
2644 4795 2810 4847 πᾶσαι
2857 4791 3155 4862 βιωφελεῖς.
3190 4789 3506 4855 Φιλοσοφίαν
3545 4786 3623 4847 δὲ,
3655 4786 3716 4837 οὐ
3751 4785 3847 4852 τὴν
3879 4786 4118 4852 Στωῖκὴν

881 4874 1138 4927 curandis
1160 4874 1413 4944 gregibus
1437 4875 1869 4946 animalilmsqne
1894 4877 2197 4931 nutriendis
2226 4894 2449 4933 versan-

881 4971 994 5025 tur,
1035 4965 1174 5018 inter
1209 4980 1268 5020 se
1309 4966 1530 5037 quidem
1586 4969 1880 5021 secundum
1940 4967 2112 5037 magis
2164 4978 2218 5021 et
2267 4970 2447 5023 minus

879 5052 1162 5119 dim-runt,
1185 5056 1275 5109 sed
1300 5067 1426 5110 sunt
1459 5072 1651 5111 omnes
1686 5057 1806 5110 vitm
1830 5058 2009 5111 utiles.
2040 5056 2446 5125 Philosophiam

878 5155 1085 5210 autem,
1110 5161 1218 5200 non
1248 5146 1371 5201 dico
1394 5147 1656 5213 Stoicam,
1692 5166 1789 5204 nec
1818 5149 2174 5212 Platonicam,
2204 5159 2297 5202 aut
2323 5149 2447 5219 Epi-

880 5254 1127 5303 cuream,
1169 5245 1225 5291 et
1272 5238 1696 5304 Aristotelicam,
1737 5242 1827 5293 sed
1873 5256 2213 5311 quaecunque
2254 5241 2321 5294 ab
2366 5243 2450 5295 his

881 5331 1044 5385 sectis
1078 5341 1219 5385 recte
1245 5331 1391 5386 dicta
1430 5340 1575 5396 sunt,
1618 5348 1741 5403 qua:
1779 5332 1971 5386 docent
2014 5332 2286 5401 justitiam
2323 5348 2446 5388 cum

880 5423 966 5491 pia
1029 5421 1278 5489 scicntia,
1335 5424 1440 5478 hoc
1489 5433 1657 5478 totum
1713 5425 1995 5488 sclectnm,
2036 5426 2159 5479 dico
2212 5424 2448 5494 philoso-

2550 4884 2712 4951 λέγω,
2750 4883 2869 4936 οὐδὲ
2910 4882 3006 4952 τὴν
3048 4879 3418 4949 Πλατωνικὴν,
3442 4878 3474 4949 ἢ
3498 4879 3598 4948 τὴν
3635 4874 4001 4945 Ἐπικούρειον
4036 4893 4116 4937 τε,

2552 4975 2646 5027 καὶ
2690 4973 3150 5045 Ἀριστοτελικήν’
3183 4970 3296 5023 ἀλλ’
3338 4971 3437 5022 ὅσα
3484 4969 3699 5040 εἴρηται
3747 4966 3874 5033 παρ’
3917 4965 4119 5037 ἑκάστῃ

2551 5065 2657 5119 τῶν
2705 5064 2970 5136 αἱρέσεων
3025 5062 3230 5115 τούτων
3304 5060 3524 5125 καλῶς,
3586 5054 3928 5125 δικαιοσύνην
3983 5054 4119 5125 μετὰ

2552 5153 2805 5214 εὐσεϐοῦς
2838 5154 3147 5222 ἐπιστήμης
3187 5150 3587 5211 ὲκδιδάσκοντα,
3630 5146 3787 5200 τοῦτο
3816 5146 4033 5216 σύμπαν
4058 5146 4120 5198 τὸ

2555 5244 2866 5297 ἐκλεκτικὸν
2911 5244 3020 5314 (56)
3060 5242 3376 5310 φιλοσοφίαν
3407 5240 3565 5311 φημί.
3625 5239 3763 5290 Ὅσα
3810 5237 3865 5290 δὲ
3912 5238 4115 5307 ἀνθρω-

2559 5338 2721 5391 πίνων
2751 5337 3025 5406 λογισμῶν
3066 5335 3459 5405 ἀποτεμόμενοι
3505 5328 3908 5401 παρεχὰραξαν,
3950 5329 4116 5381 ταῦτα

2555 5425 2649 5479 οὖν
2685 5425 2749 5478 ἄν
2794 5441 2921 5476 ποτε
2954 5422 3070 5475 θεῖα
3115 5422 3316 5493 εἴποιμ’
3351 5422 3434 5476 ἄν.
3469 5419 3606 5490 Ἤδη
3635 5418 3691 5472 δὲ
3737 5421 3952 5473 κάκεῖνο
3996 5434 4120 5471 exeo

956 5565 1014 5621 ἧι
1049 5556 1110 5614 P.
1148 5556 1253 5613 538
1288 5557 1394 5612 ED.
1436 5555 1729 5626 roman,
1762 5559 1869 5614 233
1902 5558 2007 5612 ED.
2040 5558 2264 5614 auus.
2337 5565 2362 5592 ο
2394 5524 2582 5615 Matth.
2613 5576 2742 5621 xm,
2776 5559 2938 5613 Marc.
2978 5575 3049 5611 ιν.

950 5674 1062 5743 (54)
1097 5676 1264 5729 Ὅσοι
1311 5674 1377 5746 δὲ
1428 5676 1529 5730 καὶ
1570 5679 1623 5731 θ.
1680 5677 1917 5746 Ερὶιοηιε
1953 5694 2073 5742 ms.,
2102 5679 2217 5731 ὅσοι
2263 5676 2317 5729 δὲ
2353 5678 2443 5730 καὶ

1042 5746 1199 5815 ῥῆσιν
1225 5745 1505 5800 ἀείδουσιν.
1537 5750 1637 5801 ’Λν
1666 5766 1738 5820 πη
1776 5749 2094 5817 πεπνυμένα
2128 5748 2437 5805 ἀείδωσινε..

935 5856 943 5863 .
978 5831 1235 5866 summa.

935 5856 943 5863 -
978 5831 1235 5871 θὶΙιΒΗιϐ.

951 5907 1062 5973 εὖ)
1100 5911 1208 5961 AP!)
1243 5910 1298 5962 ἰ·
1333 5911 1391 5959 fi
1427 5911 1715 5973 nuru-FQ:
1740 5932 1837 5959 tn'u
1884 5911 2202 5982 Πινὲινιπμςιῤ
2235 5911 2439 5963 ιιιέιιιιες

2554 5675 2768 5731 llnmeri
2795 5677 2860 5729 de
2894 5676 3046 5727 (Iircc
3074 5674 3299 5737 dictum,
3329 5673 3516 5742 Odyss.
3547 5676 3591 5728 K
3615 5716 3627 5737 ,
3654 5688 3796 5727 vers.
3826 5672 3926 5724 1⁸56
3959 5690 3972 5726 :

2656 5770 2839 5835 Κίρκη
2874 5767 3270 5836 ἐϋπλόκαμος,
3299 5765 3462 5832 δεινὴ
3502 5767 3635 5829 θεὸς
3659 5763 3990 5829 αὐδήεσσα.

2655 5840 2804 5892 (.‘trrc
2830 5837 3185 5905 patr/trimum
3210 5839 3348 5889 acris
3369 5838 3463 5889 dea
3498 5837 3711 5889 voratis.

2700 5955 2729 5974 ιη
2772 5930 2826 5983 [ι’
2870 5953 2915 5975 τι
2964 5934 2989 5975 ³.
3015 5964 3027 5977 ρ
3062 5934 3235 5981 'ur‘r
3274 5928 3463 5983 l'znlzat
3512 5929 3593 5980 hit
3641 5927 3891 5984 Clemens
3922 5944 4111 5982 eorum
