4512 6580
405 470 500 525 741

1696 464 2060 524 STROMATIJ
2073 468 2120 523 Μ
2158 469 2285 525 LIB.
2323 469 2364 525 1.

3518 473 3624 529 ῚιίΞ

404 586 537 645 εἶδεν
558 591 758 645 ἄστεαο
788 591 881 644 καὶ
912 586 1091 660 ἰατρὸν
1131 588 1221 641 τόν
1265 590 1323 642 ἐν
1368 587 1533 658 πείρα
1568 588 1775 641 πολλῶν
1801 604 1959 655 γεγε-
1987 590 2032 646 Α
2059 605 2186 643 num

1840 604 1959 655 εγε-
1987 590 2032 646 Δ
2059 605 2225 655 num;
2258 598 2311 643 et
2356 591 2649 654 medicum,
2680 593 2774 660 qui
2822 591 2992 645 multa
3037 602 3119 646 est
3165 601 3421 661 expertus
3470 632 3484 656 ,
3514 608 3622 662 qua

401 686 631 755 νημὲνον
648 700 662 715 ο
756 696 900 743 τινες
927 680 1126 734 καὶτὸν
1157 681 1475 753 ὲμπειρικὸν
1505 681 1958 734 ἀναπλάττουσιν.

415 777 470 831 ’0
495 776 552 830 δὲ
576 775 711 846 πρὸς
744 773 836 825 τὸν
864 772 975 842 βίον
1019 773 1301 844 ἀναφέρων
1326 772 1529 825 ἕκαστα
1570 774 1659 827 τὸν
1685 771 1864 844 όρθὸν,
1901 773 1963 826 ἔκ

400 885 457 921 τε
479 867 588 920 τῶν
620 864 943 933 Ἑλληνικῶν
968 866 1060 920 καὶ
1083 865 1189 918 τῶν
1221 864 1567 936 βαρϐαρικῶν
1594 864 1964 933 ὑποδείγματα

402 958 660 1030 κομίζων,
689 955 1009 1029 πολύπειρος
1051 953 1204 1022 οὗτος
1250 958 1349 1026 τῆς
1394 956 1643 1029 ἀληθείας
1697 956 1959 1027 ίχνευτὴς,

402 1052 494 1105 καὶ
512 1048 588 1118 τῷ
619 1049 729 1101 δντι
753 1049 1051 1121 πολύμητις
1068 1050 1200 1117 (62),
1224 1048 1378 1119 δίκην
1403 1048 1503 1119 τῆς
1529 1049 1757 1119 βασάνου
1780 1047 1924 1101 λίθου
1945 1065 1958 1081 ·

402 1143 521 1212 (ἥδ’
564 1141 672 1211 (65)
718 1143 831 1196 ἐστὶ
879 1143 1065 1214 Λυδὴ),
1112 1141 1406 1213 διακρίνειν
1454 1140 1855 1211 πεπιστευμένη
1902 1142 1962 1195 τὸ

401 1233 551 1287 νόθον
604 1234 711 1288 ἀπὸ
763 1235 855 1288 τοῦ
914 1233 1192 1302 ἰθαγενοῦς
1270 1234 1521 1304 χρυσίων
1610 1232 1705 1286 καὶ
1779 1233 1960 1296 ἱκανὸς

401 1324 475 1376 ῶν
512 1324 760 1395 χωρίζειν
797 1328 825 1379 ό
865 1324 1137 1395 πολύϊδρις
1175 1322 1329 1395 ἡμῶν
1372 1326 1463 1378 κα)¹
1513 1323 1809 1392 γνωστικδς
1876 1340 1959 1375 σο-

402 1417 649 1489 φιστικὴν
674 1419 768 1489 μὲν
794 1417 1102 1487 φιλοσόφου,
1123 1417 1471 1488 κομμωτικὴν
1488 1418 1545 1470 δὲ
1566 1415 1957 1486 γυμναστικῆς,

401 1511 493 1562 καὶ
523 1510 838 1580 όφοποιικὴν
867 1509 1128 1580 ἰατρικῆς,
1162 1510 1253 1562 καὶ
1283 1511 1573 1582 ῥητορικὴν
1595 1507 1957 1577 διαλεκτικῆς,

402 1603 493 1655 καὶ
537 1603 673 1674 μετά
703 1604 802 1665 τὰς
846 1603 953 1671 (64)
1007 1602 1169 1667 ἄλλας
1217 1603 1316 1672 τῆς
1364 1604 1502 1657 κατᾶ
1544 1604 1642 1673 τὴν
1689 1601 1961 1672 βάρὸαρον

400 1693 709 1763 φιλοσοφίαν
738 1693 995 1764 αἱρέσεις,
1016 1693 1182 1763 αὐτῆς
1209 1694 1304 1765 τῆς
1328 1694 1599 1766 ἀληθείας.
1627 1693 1750 1756 Πῶς
1779 1692 1836 1745 δὲ
1861 1692 1961 1744 οὐκ

399 1785 687 1853 ἀναγκαῖον
704 1803 771 1836 πε
781 1786 832 1855 ρ“ι
847 1784 1046 1854 νοητῶν
1064 1785 1447 1854 φιλοσοφοῦντα
1462 1784 1731 1838 διαλαϐεῖν
1745 1783 1834 1836 τὸν
1851 1785 1961 1835 ἐπι-

398 1875 659 1929 ποθοῦντα
681 1876 780 1943 τῆς
810 1874 902 1927 τοῦ
926 1874 1059 1928 Ε)εοῦ
1095 1876 1369 1945 δυνάμεως
1403 1875 1646 1929 ὲπίὸολον
1673 1873 1954 1944 γενέσθαι;

2061 679 2271 733 ratione
2333 680 2591 751 cllingunl
2639 681 2860 751 quidam
2915 680 3075 734 etiam
3126 680 3469 751 empiricum.
3517 683 3622 747 Qui

2062 780 2242 825 autem
2296 772 2508 843 singula
2565 771 2729 826 refert
2777 774 2841 827 ad
2897 782 3097 827 rectam
3149 775 3331 841 vitam,
3378 775 3624 843 exempla

2061 862 2292 918 affet-ens
2319 880 2385 918 ex
2415 863 2619 919 Grzecis
2654 873 2708 918 et
2748 881 2814 919 cx
2856 864 3122 931 barbaris,
3159 865 3204 920 is
3232 866 3385 921 valde
3416 867 3625 937 peritus

2063 955 2306 1010 veritatis
2356 957 2729 1026 investigator,
2783 968 2838 1012 ct
2899 958 3051 1010 multi
3111 973 3298 1012 revera
3362 959 3621 1027 consilii,

2061 1045 2238 1098 instar
2265 1046 2459 1114 lapidis
2498 1046 2696 1101 indicis
2739 1048 2805 1114 (is
2836 1054 2919 1101 est
2964 1060 3140 1102 autem
3186 1047 3418 1119 Lydius)
3448 1051 3623 1105 credi-

2060 1145 2149 1190 tur
2175 1151 2334 1206 posse
2372 1137 2685 1192 discernere
2714 1155 2905 1193 aurum
2959 1139 3323 1195 adulterinum
3363 1156 3391 1193 a
3430 1143 3619 1209 probo,

2059 1235 2113 1281 et
2138 1237 2297 1297 aptus
2320 1244 2440 1283 esse
2462 1231 2527 1283 ad
2555 1231 2919 1299 separandum
2958 1230 3027 1294 is,
3065 1232 3156 1298 qni
3179 1247 3242 1285 ex
3273 1234 3430 1288 nobis
3460 1233 3625 1289 habet

2060 1319 2287 1373 multam
2345 1335 2523 1373 rerum
2566 1320 2955 1389 experientiam
3001 1332 3054 1375 et
3080 1321 3359 1392 gnosticus
3391 1332 3493 1390 est,
3529 1340 3623 1379 so-

2058 1411 2343 1479 phisticant
2379 1410 2593 1480 quidem
2625 1426 2656 1465 a
2688 1411 3047 1483 philosophia,
3084 1412 3411 1466 ornatrieem
3443 1425 3622 1469 autem

2061 1516 2092 1553 a
2124 1502 2482 1571 gymnastica,
2522 1511 2574 1555 et
2618 1487 3004 1557 culinariam'a
3055 1504 3348 1567 medicina,
3379 1513 3433 1559 et
3467 1506 3626 1576 126

2059 1592 2269 1647 dicendi
2298 1601 2468 1646 artem
2494 1609 2522 1646 a
2545 1594 2846 1659 dialectica,
2876 1596 3173 1664 quinetiam
3201 1596 3335 1652 alias
3359 1597 3619 1663 haereses,

2059 1699 2179 1752 quae
2204 1694 2330 1738 sunt
2370 1684 2425 1737 in
2463 1685 2685 1740 barbara
2733 1687 3099 1757 pliilosotiltia,
3140 1686 3207 1741 ab
3234 1687 3348 1756 ipsa
3374 1689 3619 1744 veritate.

2059 1774 2344 1841 Quomodo
2393 1787 2573 1830 autem
2610 1793 2715 1831 non
2766 1794 2989 1833 necesse
3031 1787 3135 1840 est,
3171 1789 3232 1832 ut
3273 1780 3339 1834 de
3374 1781 3461 1845 iis,
3503 1798 3623 1851 quae

2063 1865 2415 1935 intelligentia
2473 1866 2862 1936 percipiuntur,
2916 1876 3111 1921 tractet
3152 1868 3622 1938 pltilosOphando,

397 1966 518 2031 Πῶς
552 1965 608 2019 δὲ
629 1941 748 2035 οὐχι
775 1966 867 2018 καὶ
896 1941 1521 2037 διαιρεῖσθαι-χρήσιμον
1551 1966 1646 2029 τάς
1686 1941 1746 2018 τε
1781 1966 1953 2035 ἀμφι·
1991 1941 2032 1995 Β
2060 1959 2149 2026 qui
2174 1956 2179 2008 Ἰ

1838 1982 1953 2032 up;-
1991 1941 2032 1995 Β
2060 1959 2149 2026 qui
2174 1956 2266 2011 Dei
2296 1959 2424 2012 velit
2457 1959 2752 2028 potentiam
2783 1958 3084 2029 attingere?
3125 1958 3409 2026 Quomodo
3443 1971 3620 2016 autem

398 2055 580 2120 ϐόλους
607 2056 788 2124 φωνὰς
808 2096 823 2119 ,
853 2058 951 2119 τάς
976 2074 1034 2109 τε
1063 2055 1368 2127 ὁμωνύμως
1410 2055 1781 2126 ἐκφερομένας
1814 2054 1954 2108 κατά

394 2146 491 2210 τὰς
518 2147 822 2217 Διαθῆκαςς
868 2148 1004 2218 Παρ’
1034 2146 1359 2219 ἀμφιϐολίαν
1387 2144 1498 2217 (65)
1541 2145 1650 2216 γὰρ
1684 2146 1713 2197 ό
1753 2144 1953 2215 Κύριος

393 2237 484 2289 τὸν
511 2237 751 2291 διάὅολον
780 2236 918 2290 κατᾶ
940 2238 1028 2291 τὸν
1060 2236 1153 2290 τοῦ
1190 2236 1495 2309 πειρασμοῦ
1530 2237 1803 2306 σοφίζεται
1831 2236 1956 2308 χρό-

397 2346 512 2383 νον·
552 2328 644 2381 καὶ¹
675 2328 775 2382 οὐκ
806 2328 885 2381 ἔτι
920 2329 1093 2398 ἔγωγε
1118 2328 1350 2382 ἐνταῦθα
1389 2327 1615 2399 συνορῶ,
1642 2328 1788 2389 ὃπως
1824 2326 1955 2379 ποτὲ

399 2418 539 2488 ὁτῆς
579 2417 889 2487 φιλοσοφίας
925 2419 1032 2489 (66)
1064 2419 1157 2471 καὶ
1190 2420 1286 2488 τῆς
1319 2417 1658 2489 διαλεκτικῆς
1707 2416 1952 2487 εὑρετὴς,

395 2507 468 2574 ῶς
506 2526 649 2573 τινες
686 2510 1141 2580 ὑπολαμϐάνουσι,
1182 2511 1504 2582 παράγεται,
1535 2508 1612 2578 τῷ
1640 2508 1758 2562 κατ’
1790 2509 1955 2578 ἀμφι-

394 2599 575 2653 ϐολίαν
606 2598 959 2670 ἀπατώμενος
1001 2604 1204 2670 τρόπῳ.
1230 2600 1292 2652 Εἰ
1318 2599 1373 2652 δὲ
1400 2601 1448 2651 οἱ
1475 2598 1745 2670 προφῆται
1785 2599 1877 2650 καὶ
1904 2599 1951 2651 οἱ

393 2692 676 2745 ἀπόστολοι
699 2692 757 2744 οὐ
797 2692 896 2756 τὰς
918 2691 1110 2762 τέχνας
1150 2689 1479 2759 ἐγνώκεσαν,
1505 2685 1570 2743 δι’
1605 2684 1680 2744 ὧν
1710 2689 1777 2742 τὰ
1815 2689 1953 2742 κατὰ

394 2783 707 2851 φιλοσοφίαν
739 2784 1056 2853 ἐμφαίνεται
1083 2783 1474 2853 γυμνάσματα·
1521 2781 1635 2835 ἀλλ’
1672 2784 1700 2835 ό
1740 2780 1859 2844 νοῦς
1888 2798 1951 2849 γε

391 2873 485 2925 τοῦ
532 2873 865 2944 προφητικοῦ
923 2876 1012 2927 καὶ
1068 2873 1161 2925 τοῦ
1207 2874 1582 2927 διδασκαλικοῦ
1646 2874 1952 2944 πνεύματος

392 2963 877 3033 ὲπικεκρυμμένως
900 2962 1059 3016 λαλού
1068 2980 1245 3033 μενος.
1270 2962 1357 3016 διὰ
1384 2964 1444 3015 τὸ
1474 2964 1546 3034 μὴ
1567 2963 1784 3016 πάντων
1817 2960 1952 3016 εἶναι

390 3054 488 3125 τὴν
526 3058 769 3107 συνεῖσαν
799 3056 985 3126 ἀκοὴν,
1014 3055 1112 3118 τὰς
1139 3054 1414 3125 ὲντέχνους
1446 3057 1666 3108 ἀπαιτεῖ
1692 3056 1824 3126 πρὸς
1855 3072 1951 3107 σα-

393 3149 617 3218 φήνειαν
646 3147 1007 3211 διδασκαλίας.
1053 3147 1331 3217 ’Δσφαλῶς
1372 3146 1481 3218 γὰρ
1520 3146 1827 3214 ἐγνώκεσαν
1859 3146 1949 3198 τὸν

391 3238 515 3292 νοῦν
542 3238 764 3291 ἐκείνων
800 3240 849 3290 οἱ
881 3238 1148 3309 προφῆται
1186 3239 1276 3291 κα).
1305 3240 1352 3290 οἱ
1385 3237 1478 3290 τοῦ
1512 3237 1814 3308 πνεύματος
1844 3255 1949 3307 μα-

392 3328 546 3398 θηταί
566 3345 578 3357 ³
607 3330 670 3380 ὲκ
700 3328 807 3398 γάρ
832 3318 1084 3391 πίστεωξ,
1120 3329 1213 3381 καὶ
1256 3327 1331 3391 ὼς
1356 3328 1452 3398 οὐχ
1490 3322 1597 3381 οἶόν
1631 3345 1689 3380 τε
1730 3327 1945 3399 ῥαδίως,

390 3419 464 3482 ὡς
488 3419 549 3471 τὸ
592 3419 812 3490 Πνεῦμα
838 3419 948 3488 (67)
975 3420 1194 3490 εἴρηκεν
1210 3437 1224 3450 ·
1256 3419 1373 3473 ἀλλ’
1397 3422 1495 3491 οὐχ
1520 3419 1690 3483 οὕτως
1732 3419 1948 3487 ἐκδέξα-

393 3510 514 3564 σθαι
537 3510 645 3580 (68)
686 3511 758 3581 μὴ
793 3510 1192 3582 μεμαθηκότας.
1244 3530 1262 3563 ι
1286 3511 1395 3576 Τάς
1433 3512 1490 3565 δὲ
1530 3512 1745 3576 ἐντολὰς
1785 3512 1894 3583 (69)
1924 3533 1942 3566 ι

392 3602 573 3671 φησιν,
598 3618 617 3650 ι
644 3601 953 3671 ἀπογράψαι
980 3600 1194 3664 δισσῶς,
1226 3600 1496 3672 βουλήσει,
1524 3603 1618 3656 καὶ
1637 3600 1832 3670 γνώσει
1855 3601 1947 3655 τοῦ

389 3691 775 3762 ἀποκρίνασθαι
820 3691 1007 3759 λόγους
1064 3691 1316 3761 ἀληθείας
1339 3695 1450 3756 τοῖς
1494 3693 1949 3762 προϐαλλομένοις

392 3800 526 3835 σοι.»
556 3784 652 3846 Τίς
676 3778 769 3836 οὖν
805 3786 838 3854 ἠ
871 3782 1065 3851 γνῶσις
1091 3782 1182 3835 τοῦ
1208 3782 1619 3853 ἀποκρίνασθαι,
1651 3784 1683 3853 ἦ
1727 3785 1810 3848 τίς
1854 3785 1948 3838 καὶ

388 3872 480 3925 τοῦ
508 3875 747 3943 ἐρωτᾷνς
773 3873 871 3944 Εἴη
904 3873 948 3926 δ’
979 3873 1042 3924 ἂν
1069 3871 1205 3944 αὕτη
1241 3873 1570 3944 διαλεκτική.
1601 3873 1665 3925 Τί
1706 3873 1784 3938 δ“;
1826 3875 1945 3945 οὐχ).

390 3966 481 4017 καὶ
503 3964 563 4016 τὸ
594 3963 771 4030 λέγειν
799 3962 955 4033 ἔργον
979 3965 1111 4025 ἐστὶ,
1138 3966 1231 4016 καὶ
1254 3964 1314 4018 τὸ
1358 3966 1529 4018 ποιεῖν
1554 3967 1617 4017 ὲκ
1647 3964 1740 4017 τοῦ
1771 3963 1942 4033 Λόγου

388 4056 629 4124 γίνεται;
659 4055 720 4107 Εἰ
754 4054 861 4126 γὰρ
904 4057 977 4125 μὴ
1020 4057 1173 4124 Λόγῳ
1195 4057 1306 4123 (70)
1336 4055 1664 4127 πράττοιμεν
1684 4097 1699 4118 ,
1741 4056 1943 4124 ἀλόγως

390 4152 633 4219 ποιοῖμεν
671 4147 754 4201 ἄν.
786 4148 860 4200 Τὸ
899 4147 1110 4216 λογικὸν
1152 4148 1209 4200 δὲ
1259 4148 1418 4219 ἔργον
1461 4149 1600 4202 κατά
1631 4149 1761 4201 Θεὸν
1796 4150 1946 4201 ἐκτε-

386 4241 586 4294 λεῐται·
634 4260 651 4292 ‹
692 4241 799 4294 Καὶ
832 4240 983 4293 οὐδὲν
1031 4240 1196 4310 χωρὶς
1243 4238 1406 4291 αὐτοῦ
1460 4240 1693 4307 ἐγένετο,
1721 4260 1738 4291 ι
1789 4242 1942 4312 φησὶ,

387 4334 477 4386 τοῦ
555 4334 724 4401 Λόγου
794 4332 887 4385 τοῦ
950 4331 1103 4385 Θεοῦ.
1191 4331 1259 4383 Ἤ
1326 4332 1445 4401 οὐχ).
1501 4335 1592 4386 καὶ
1660 4336 1686 4386 ὁ
1742 4333 1943 4405 Κύριος

380 4426 533 4496 Λὸγιιι
580 4429 690 4499 (71)
732 4427 906 4479 πάντα
952 4425 1252 4492 ἒπρασσενς
1299 4422 1585 4495 ἐργάζεται
1649 4427 1829 4480 δὲκαὶ
1874 4426 1941 4478 τὰ

387 4517 577 4585 κτήνη,
610 4515 935 4586 ἐλαυνόμενα
970 4515 1328 4586 ἀναγκάζοντι
1361 4515 1436 4585 τῷ
1468 4514 1645 4586 φόϐην
1678 4515 1797 4586 οὐχ).
1826 4516 1936 4585 (7‘2)

458 4633 516 4691 ὦ
548 4626 608 4681 P.
642 4629 747 4682 545
792 4628 898 4683 ED.
944 4627 1238 4693 POTTER,
1274 4628 1516 4684 292-293
1562 4627 1667 4681 ED.
1705 4627 1929 4682 PARlS.

475 4737 563 4801 62)
592 4740 945 4809 Πολύμητις.
977 4739 1282 4809 Πολύμητις
1328 4739 1611 4802 Ὀδυσσεύς
1649 4738 1847 4809 ubique
1882 4739 1935 4793 in

389 4807 621 4879 Odyssea
650 4807 909 4879 occurrit.

455 4876 567 4950 (65)
598 4876 738 4933 Ἠδκ
778 4879 958 4935 Divise
991 4894 1208 4950 quoque
1245 4878 1408 4933 scribi
1437 4887 1612 4947 potest
1639 4882 1671 4949 ἡ
1706 4879 1773 4933 δ’.
1803 4878 1937 4935 8η-

383 4964 542 5005 Βυιιο.

453 5019 564 5090 (64)
591 5016 699 5090 Καὶ
722 5018 948 5090 μετὰντ.
980 5021 1090 5074 Καὶ
1124 5018 1259 5090 ματὸ
1282 5035 1333 5090 τ.
1361 5018 1616 5090 mendose
1640 5018 1939 5090 ed_it._Flor.

384 5087 656 5145 Fortem).
681 5087 784 5159 μὴν
811 5089 904 5141 καὶ
935 5089 1032 5155 τὰς
1066 5087 1229 5153 ἄλλας
1260 5089 1358 5153 τάς
1385 5088 1523 5141 κατά
1549 5088 1649 5159 τὴν
1689 5088 1738 5157 β.
1774 5087 1848 5143 lo.

477 5161 567 5227 65)
604 5160 1188 5230 Ἀμξςιὸολίανε-(Ιοιιΐ.
1212 5160 1399 5214 Matth.
1426 5174 1499 5223 tv,
1530 5159 1585 5213 4.

477 5162 567 5227 65)
604 5162 1003 5230 Ἀμφιὸολίαν.
1029 5162 1188 5215 Conf.
1212 5162 1399 5214 Matth.
1426 5174 1499 5223 tv,
1530 5162 1585 5213 4.

453 5162 566 5312 (66)
673 5228 787 5312 τῆς
811 5233 954 5312 φιλ.
986 5227 1098 5284 Hoc
1146 5232 1417 5312 adversus.
1452 5244 1544 5284 eos
1568 5227 1776 5312 dictum
1795 5268 1809 5288 .
1832 5231 1932 5312 qui

385 5298 736 5369 philosophiae
777 5298 1113 5369 aliarumque
1160 5303 1358 5355 artium
1405 5300 1765 5354 inventionem
1813 5298 1933 5354 dia-

381 5368 874 5450 bolttll‘lhueru-lll;
960 5437 991 5450 η
1028 5368 1035 5369 ί
1506 5448 1512 5450 Α
1562 5447 1568 5450 λ
1695 5439 1705 5450 .
1744 5439 1756 5450 .

453 5441 564 5507 (67)
607 5443 699 5508 Ὠς
724 5443 789 5495 τὸ
821 5445 924 5497 llr.
959 5437 1160 5493 Sensus
1206 5456 1312 5494 non
1364 5447 1609 5508 constat,
1655 5439 1757 5493 nisi
1809 5451 1933 5493 ante

382 5505 495 5562 hate
543 5516 703 5567 verba
750 5512 1210 5579 subintelligamus
1270 5526 1459 5566 vocem
1509 5508 1816 5580 ἐγνώκεσαν
1866 5525 1932 5562 ex

380 5582 642 5650 sententia
672 5584 968 5650 superiore.
1002 5581 1222 5636 Lowrn.

597 5647 753 5723 21.1.?
778 5656 889 5721 οὐχ
913 5654 1096 5723 οὕτως
1123 5650 1209 5723 ἐκ.
1242 5647 1927 5723 δυιὴηιεΙΙίεεηάιιιη-ξστί.

451 5718 560 5785 (69)
596 5721 712 5788 Τὰς
730 5723 797 5776 δὲ
817 5718 940 5777 ek.
971 5722 1092 5776 ":l'c
1140 5721 1397 5774 hactenus
1427 5718 1619 5789 parum
1659 5719 1925 5774 intellecta

378 5786 544 5842 fuisse
580 5786 828 5847 videntur
860 5813 871 5848 :
905 5795 995 5849 sed
1035 5792 1209 5847 facilia
1230 5799 1389 5845 ertml
1415 5786 1709 5846 advertenti
1741 5798 1927 5843 aucto-

380 5871 488 5909 rem
517 5862 781 5927 respicere
813 5864 1066 5917 Proverh.
1090 5879 1222 5925 uti,
1252 5860 1341 5918 20.
1362 5859 1423 5912 ‘21
1461 5880 1472 5913 :
1501 5864 1609 5914 Καὶ
1632 5864 1693 5915 σὺ
1714 5860 1769 5914 δὲ
1788 5861 1922 5913 ἀπό-

376 5927 575 5998 γραψαι
608 5931 744 5983 αὐτὰ
781 5933 987 6004 σεαυτῷ
1010 5933 1272 6003 τρισσῶς,
1309 5934 1385 5994 εἰς
1421 5930 1613 6001 βουλὴν
1657 5932 1749 5984 καὶ
1784 5930 1924 5999 γνῶ-

2055 2063 2162 2102 non
2193 2059 2274 2103 est
2298 2050 2459 2104 etiam
2492 2052 2647 2117 utile,
2685 2051 2922 2105 dividere
2952 2067 3132 2118 voces,
3164 2070 3285 2123 qua“:
3309 2061 3434 2108 sunt
3469 2054 3623 2110 anci-

2056 2141 2215 2208 pites,
2252 2153 2305 2195 et
2330 2159 2449 2211 quae
2483 2145 2534 2197 in
2568 2143 2935 2199 Testamentis
2969 2143 3267 2204 efferuntur
3305 2146 3623 2216 aequitoce?

2057 2230 2134 2285 Ex
2171 2234 2500 2302 amphibolia
2529 2239 2673 2289 enim
2700 2234 2964 2291 Dominus
2996 2235 3271 2305 sapienter
3307 2238 3478 2293 eludit
3503 2238 3622 2293 dia-

2054 2323 2235 2381 bolum
2271 2327 2326 2380 in
2370 2337 2609 2396 tempore
2645 2329 2977 2383 tentationis.
3028 2327 3140 2383 Nec
3181 2344 3282 2400 ego
3316 2330 3405 2386 hic
3433 2332 3620 2401 utique

2055 2415 2231 2483 video,
2262 2433 2498 2488 quonam
2533 2422 2695 2474 modo
2736 2421 3094 2491 philosophiae
3118 2410 3172 2475 et
3199 2421 3496 2478 dialectica:
3531 2424 3618 2478 in-

2054 2515 2264 2571 ventor,
2297 2516 2357 2562 ut
2391 2508 2614 2577 quidam
2652 2510 2986 2571 existimant.
3038 2508 3315 2564 inducitur
3362 2511 3619 2580 deceptus

2056 2601 2211 2662 tropo
2242 2595 2607 2663 amphiboliae.
2635 2597 2785 2663 Quod
2811 2597 2854 2652 si
2877 2597 3152 2667 prephetze
3178 2609 3227 2653 et
3253 2601 3483 2668 apostoli
3510 2618 3617 2655 non

2054 2682 2256 2739 fuerint
2278 2685 2550 2755 ejusmodi
2585 2688 2795 2744 artibus
2826 2689 3099 2755 instructi,
3141 2691 3342 2760 quibus
3371 2692 3619 2762 philoso-

2017 2772 2194 2840 ~phiae
2228 2776 2644 2832 exercitationes
2680 2779 3044 2833 ostenduntur
3073 2794 3086 2834 :
3122 2790 3177 2834 at
3209 2797 3364 2836 utens
3388 2784 3619 2853 prophe-

2054 2863 2146 2918 tici
2169 2872 2222 2917 et
2258 2868 2605 2937 prteceptoris
2630 2866 2866 2938 Spirittrs
2910 2872 3122 2926 occulte
3147 2875 3444 2940 enuntiata,
3491 2891 3619 2945 pro-

2055 2962 2239 3023 plerea
2278 2958 2425 3025 quod
2457 2975 2562 3013 non
2593 2960 2701 3014 sint
2751 2977 2911 3017 aures
2942 2962 3186 3017 omnium
3234 2964 3615 3035 intelligentes,

2053 3047 2171 3101 sine
2190 3049 2502 3119 cognitione
2532 3052 2732 3106 artium
2779 3053 2921 3107 haud
2945 3054 3103 3109 facile
3129 3056 3387 3125 explicari
3420 3067 3615 3125 potest.

2055 3134 2255 3193 Secure
2275 3140 2417 3193 enim
2445 3152 2711 3196 noverunt
2750 3142 2967 3198 illorum
3006 3161 3229 3200 sensum
3264 3147 3536 3216 propheta:
3565 3159 3619 3201 et

2055 3225 2290 3298 Spiritus
2327 3233 2602 3301 discipuli.
2643 3233 2720 3289 Ex
2753 3235 2855 3290 ftdc
2891 3235 3036 3291 enim
3074 3252 3197 3291 eum
3232 3250 3615 3308 perceperunt,

2052 3333 2127 3386 et,
2172 3323 2263 3392 qui
2313 3325 2506 3379 modus
2547 3326 2757 3381 cancris
2800 3327 2943 3382 haud
2994 3327 3169 3383 facilis
3224 3327 3406 3396 fuerit,
3456 3342 3617 3400 prout

2050 3413 2230 3468 innuit
2268 3414 2538 3484 Spiritus;
2572 3417 2664 3471 sed
2699 3433 2804 3471 non
2844 3426 2953 3471 tam
3000 3417 3160 3475 facile
3183 3422 3464 3491 percipere
3494 3438 3619 3491 pos-

2049 3517 2178 3559 sunt
2222 3506 2279 3572 ii,
2314 3507 2408 3576 qui
2445 3522 2551 3560 non
2595 3507 2924 3562 didicerunt.
2991 3529 3010 3560 ι
3040 3508 3314 3580 Praecepta
3350 3521 3552 3580 autem,
3591 3533 3611 3566 ι

2050 3598 2246 3666 inquit,
2282 3616 2301 3649 ι
2337 3599 2515 3653 scribe
2539 3598 2826 3669 dupliciter
2850 3620 2863 3653 :
2894 3616 3090 3671 nempe
3118 3601 3419 3669 voluntate,
3443 3613 3498 3659 et
3517 3621 3613 3660 co-

2050 3690 2289 3761 gnitione
2322 3692 2684 3760 respondendi
2736 3697 2795 3756 >3
2846 3693 3009 3748 verba
3039 3694 3281 3750 veritatis
3302 3696 3369 3751 iis
3397 3697 3488 3766 qui
3516 3696 3614 3752 tibi

2056 3792 2369 3851 praponunt
2394 3794 2476 3836 α.»
2505 3781 2763 3848 Quaenam
2805 3793 2889 3839 est
2919 3794 3099 3838 autem
3124 3786 3509 3854 respondendi,
3530 3788 3616 3842 vel

2046 3888 2168 3941 qua:
2209 3873 2372 3927 etiam
2431 3875 2796 3944 interrogandi
2849 3876 3117 3929 scientia?
3169 3874 3352 3930 Fuerit
3393 3877 3612 3946 quidem

2046 3965 2160 4019 haec
2180 3965 2479 4019 dialectica.
2515 3963 2653 4030 Quid
2686 3966 2861 4019 vero?
2889 3983 2957 4019 an
2986 3982 3094 4019 non
3124 3967 3176 4020 in
3200 3968 3426 4022 dicendo
3447 3969 3610 4023 etiam

2043 4056 2401 4110 laboramlum
2446 4058 2572 4111 est?
2620 4066 2674 4111 et
2721 4058 2898 4111 facere
2935 4067 3018 4113 est
3067 4073 3131 4110 ex
3164 4057 3351 4128 Logo?
3398 4059 3454 4112 St
3500 4075 3611 4115 non

2045 4149 2188 4201 enim
2227 4147 2397 4220 Lego,
2451 4165 2547 4203 seu
2596 4151 2824 4212 ratione,
2868 4165 3117 4220 agamus,
3154 4152 3289 4204 citra
3341 4151 3611 4205 rationem

2045 4238 2355 4296 fecerimus.
2388 4238 2537 4309 Opus
2567 4252 2746 4296 autem
2793 4242 3058 4295 rationale
3107 4258 3172 4295 ex
3218 4239 3327 4294 Deo
3358 4241 3606 4297 efficitur.

2050 4351 2067 4382 ι
2098 4330 2161 4384 Ει
2190 4332 2322 4385 nihil
2362 4332 2481 4387 sine
2508 4333 2627 4402 ipso
2671 4333 2875 4389 factum
2924 4343 3005 4388 est
3035 4334 3082 4399 ι),
3125 4352 3143 4383 ι
3184 4334 3358 4402 inquit
3391 4353 3404 4387 :
3439 4332 3604 4404 Logo,

2042 4420 2285 4488 inquam,
2321 4418 2454 4474 Deo.
2489 4422 2571 4474 An
2609 4438 2720 4477 non
2758 4424 2919 4477 etiam
2962 4423 3227 4476 Dominus
3255 4425 3439 4478 omnia
3480 4424 3607 4480 fecit

2041 4505 2227 4578 Lego?
2248 4507 2551 4577 Operantur
2575 4522 2756 4566 autem
2783 4512 2944 4565 etiam
2971 4511 3218 4581 jumenta
3238 4521 3356 4567 acta
3383 4527 3608 4584 cogente

2043 4631 2067 4659 ι
2094 4618 2350 4676 Proverb.
2382 4638 2513 4687 χχιι,
2540 4622 2630 4688 20,
2666 4622 2755 4677 2!.

2046 4740 2283 4821 etvugn‘.‘
2307 4740 2366 4821 τὸ
2398 4739 2595 4821 πλάτος
2618 4739 2966 4821 τῆςηκαρδίας
2990 4757 3106 4821 ppu.
3143 4740 3387 4821 ᾼιδάσκω
3414 4738 3509 4796 οὖν
3543 4759 3602 4821 σε

2830 4622 2857 4662 δ
2891 4620 3050 4676 Joan.
3079 4638 3118 4687 ι,
3154 4623 3206 4676 5.

1971 4805 2014 4860 D
2043 4808 2219 4882 ἀληθῆ
2267 4810 2431 4882 λόγον
2487 4812 2592 4882 και
2632 4805 3084 4882 postea”,qu
3147 4811 3471 4882 ὑπακούειν,
3506 4812 3600 4866 τοῦ

2047 4879 2433 4953 ἀποκρίνασθαί
2470 4896 2527 4933 σε
2582 4881 2771 4950 λόγους
2807 4879 3059 4952 ἀληθείας
3091 4880 3604 4953 τοῖςπροὸαλλομέ-

2046 4966 2155 5012 νοις
2189 4949 2287 5003 σοι.
2312 4950 2492 5018 Quare
2527 4949 2964 5007 substituendutn
2999 4949 3312 5019 ἀπόγραψαι
3349 4949 3599 5019 imperat.

2045 5035 2142 5089 pro
2175 5021 2490 5093 ἀπογράψαι
2541 5022 2756 5093 inlinit,
2790 5023 2941 5093 Διιιοιι.
2993 5029 3043 5093 ει
3079 5021 3179 5093 hoc
3208 5019 3381 5093 modo
3411 5019 3603 5077 distin-

2080 5089 2348 5162 ttcndttm':
2377 5089 2486 5157 Τὰς
2530 5092 2585 5146 δὲ
2630 5090 2862 5153 ὲντολάς,
2889 5090 3071 5161 φησιν,
3115 5089 3429 5162 ἀπόγραψαι
3452 5132 3467 5155 ,
3494 5105 3595 5147 etc.

2080 5106 2311 5159 nendum
2336 5112 2348 5145 :
2377 5106 2486 5157 1m;
2530 5106 2585 5146 σε
2630 5106 2892 5153 εντολας,‹

2044 5106 2412 5232 διιοιιιιιιιίιιε
2443 5176 2757 5232 expressum
2790 5169 2892 5213 est.

2115 5230 2224 5302 (70)
2256 5235 2442 5302 Λόγῳ,
2469 5230 2528 5286 In
2562 5232 2664 5294 his,
2698 5246 2818 5302 qua:
2846 5238 3150 5302 sequuntur
3169 5272 3185 5296 ,
3214 5230 3349 5284 ludit
3374 5230 3427 5284 itt
3469 5246 3603 5285 voce

2040 5300 2231 5371 Λόγου.
2263 5300 2384 5371 quae
2420 5323 2439 5354 ι
2472 5303 2673 5372 Logon,
2710 5319 2727 5351 ι
2775 5300 2864 5354 Dei
2900 5300 3091 5367 lilium,
3123 5320 3140 5351 ι
3175 5302 3463 5364 rationem,
3497 5319 3514 5351 ι
3549 5314 3604 5355 et

2045 5395 2062 5429 ι
2101 5387 2403 5433 sermonem
2440 5394 2458 5425 ι
2492 5371 2776 5443 significat.

2113 5443 2237 5516 (7|)
2258 5445 2441 5510 Λόγῳ.
2480 5437 2569 5516 Ρεῖ
2596 5457 2747 5495 xxxu
2778 5483 2791 5507 ,
2820 5440 2853 5493 6
2883 5460 2897 5495 :
2922 5439 3012 5512 Τῷ
3035 5440 3177 5511 λόγῳ
3197 5437 3292 5492 τοῦ
3321 5439 3531 5511 Κυρίου
3552 5441 3600 5492 οἱ

2037 5513 2253 5590 οὐρανοὶ
2285 5513 2705 5590 ἐστερεώθησαν.

2110 5580 2222 5659 (7‘2)
2259 5580 2425 5652 Οἰνχίξ
2462 5580 2597 5659 “me
2616 5583 2778 5659 etiam
2807 5583 2925 5638 sine
2961 5580 3392 5659 interrogatione
3420 5580 3598 5649 expli-

2034 5653 2148 5710 cari
2185 5653 2410 5725 possunt
2452 5673 2465 5707 :
2504 5675 2522 5706 ι
2562 5653 2624 5706 Ει
2652 5654 2897 5720 iumenta
2929 5654 3150 5725 quidem
3184 5660 3328 5725 metu
3350 5659 3597 5725 coacta,

2035 5721 2309 5788 laborant;
2345 5739 2687 5795 nequaquam
2720 5739 2850 5795 vero
2892 5723 2981 5791 qui
3012 5722 3304 5795 orthodosi
3332 5721 3435 5775 dici
3486 5735 3601 5795 me:

2034 5805 2292 5859 ruerunt,
2340 5796 2392 5849 in
2434 5790 2576 5850 bona
2610 5810 2770 5865 opera
2805 5790 3084 5855 feruntur,
3128 5792 3434 5848 nescientes
3467 5790 3599 5860 quid

2028 5865 2248 5923 faciant.
2285 5888 2302 5917 ι
