4512 6580
893 420 998 480 ’151

2022 428 2418 486 CLEMENTIS
2457 430 2929 488 ALEXANDBINI

4054 441 4163 497 75!

899 521 1106 587 eti-inte,
1138 527 1197 574 ut
1229 518 1580 589 principium,
1623 519 1879 589 praimitti
1925 520 2147 577 debere.
2197 522 2471 578 Elementa
2505 542 2550 598 Α
2578 525 2675 597 λης

2384 531 2471 576 nta
2505 542 2550 598 Α
2578 525 2675 597 λης
2706 528 2763 581 δὲ
2797 528 2855 581 τὸ
2882 526 3043 597 ὕδωρ·
3076 527 3337 590 Ἵππασος
3358 528 3412 581 δὲ
3448 530 3507 583 τδ
3534 532 3663 603 πύρ’
3701 535 3792 588 καὶ
3825 535 3873 587 οἱ
3906 532 4005 598 τὰς
4036 536 4162 587 ἀτό-

898 622 1081 670 autciu
1103 614 1310 678 colunt,
1339 611 1605 683 Diogenes
1626 613 1845 682 quidem
1879 630 2055 670 aerem
2078 634 2092 682 ;
2120 615 2327 673 Thales
2350 634 2477 672 vero

898 697 1134 775 aqu‘am;
1190 701 1460 774 Hippasus
1512 717 1638 758 vero
1689 703 1903 774 ignem;
1955 719 2008 762 et
2055 708 2150 776 qui
2208 709 2477 779 principia

898 796 1109 852 faciunt
1155 803 1370 851 atomos
1397 836 1412 859 ,
1456 793 1818 865 philosophiae
1866 813 2064 852 nomen
2113 810 2474 871 arrogantes,

898 888 1050 959 impii
1074 886 1300 958 quidam
1337 886 1652 941 homunculi
1684 896 1738 942 et
1783 889 2044 959 voluptati
2073 889 2260 945 dediti.
2293 910 2311 943 ι
2339 890 2465 946 ΡιὉο

899 989 1085 1050 pterea
1117 995 1239 1044 oro,
1265 979 1536 1048 inquit,ut
1572 978 1792 1034 dilectio
1821 990 2000 1036 vestra
2023 983 2201 1037 adhuc
2223 984 2397 1053 magis
2425 991 2480 1037 et

898 1072 1074 1144 magis
1095 1070 1331 1126 abundet
1356 1070 1410 1123 in
1436 1069 1714 1140 agnitione
1736 1078 1790 1124 et
1812 1072 1963 1126 omni
1992 1088 2178 1138 sensu,
2197 1073 2264 1127 ad
2285 1074 2390 1129 hoc
2419 1082 2480 1128 ut

893 1178 998 1218 vos
1048 1161 1286 1233 probetis
1323 1177 1449 1233 qua:
1487 1173 1614 1219 sunt
1653 1163 1862 1232 potiora
1903 1175 1952 1218 ι.
1988 1182 2007 1215 i
2038 1162 2171 1219 Nam
2214 1186 2231 1215 ι
2260 1165 2479 1235 quando

892 1267 1137 1317 eramus,
1184 1252 1364 1322 inquit
1414 1251 1733 1321 Apostolus,
1784 1253 2018 1322 parvuli,
2056 1254 2158 1308 sub
2195 1254 2478 1311 elementis

898 1344 1062 1414 hujus
1095 1342 1281 1397 mundi
1317 1358 1536 1397 eramus
1569 1343 1890 1398 servientes.
1942 1344 2212 1400 Parvulus
2255 1355 2437 1401 autem
2458 1386 2473 1412 ,

882 1437 1109 1491 etiamsi
1139 1436 1208 1491 sit
1232 1435 1428 1501 meres,
1474 1436 1611 1490 nihil
1649 1436 1828 1492 diﬂ'ert
1869 1453 1899 1491 a
1940 1452 2098 1492 servo
2134 1454 2309 1508 usque
2339 1455 2476 1510 pra:-

894 1527 1108 1582 tiniti.m
1134 1535 1351 1597 tempus
1382 1527 1617 1598 patrisb.
1647 1548 1665 1579 i
1693 1525 1909 1582 Parvuli
1960 1543 2090 1598 ergo
2135 1538 2264 1584 sunt
2311 1531 2474 1585 etiam

888 1619 1227 1690 philosophi,
1249 1621 1355 1675 nisi
1388 1635 1419 1674 a
1446 1618 1669 1674 Christo
1691 1621 1790 1674 viri
1825 1621 1978 1675 flant.
2007 1620 2068 1676 Si
2098 1622 2246 1677 enim
2281 1640 2297 1673 ι
2332 1622 2475 1676 titius

889 1711 1104 1766 ancilla:
1133 1727 1241 1766 non
1273 1710 1489 1765 futurus
1523 1711 1594 1766 sit
1629 1713 1806 1767 haeres
1851 1729 1978 1767 cum
2021 1714 2135 1769 lilio
2166 1715 2351 1769 liberae
2375 1723 2422 1779 ο,
2448 1732 2466 1765 i

878 1812 952 1858 rat
985 1811 1070 1858 est
1106 1804 1325 1872 quidem
1365 1811 1512 1858 certe
1555 1818 1739 1859 semen
1787 1803 2041 1871 Abrahae,
2085 1805 2232 1876 quod
2263 1820 2371 1860 non
2402 1818 2469 1858 ex

2584 637 2719 689 μους
2765 620 2937 693 ἀρχὰς
2987 619 3394 709 ὑποτιθέμενοι,
3446 623 3759 696 φιλοσοφίας
3805 627 3972 699 ὗνομα
4025 627 4161 682 ὑπο-

2577 709 2846 782 δυόμενοι,
2912 710 3060 766 ἄθεοί
3109 731 3252 778 τινες
3290 713 3663 784 ἀνθρωπίσκοι
3722 721 3816 773 καὶ
3864 719 4157 791 φιλήδονοι.

2585 819 2603 850 ι
2633 803 2731 856 Διὰ
2761 804 2917 856 τοῦτο
2960 804 3352 877 προσεύχομαι,
3382 806 3568 875 φησιν,
3595 807 3680 861 ἵνα
3713 811 3746 882 ή
3778 811 3968 883 ἀγάπη
4003 809 4160 882 ὑμῶν

2579 892 2659 946 ἔτι
2702 896 2901 965 μᾶλλον
2939 894 3034 948 καὶ
3082 894 3281 965 μᾶλλον
3317 896 3614 970 περισσεύῃ
3648 900 3705 952 ὲν
3738 901 4032 971 ἐπιγνώσει
4062 902 4159 957 καὶ

2578 986 2729 1057 πάσῃ
2779 986 3059 1058 αἰσθήσει,
3090 989 3170 1051 εἱς
3212 989 3275 1042 τὸ
3312 989 3623 1060 δοκιμάζειν
3675 991 3818 1062 ὑμᾶς
3864 994 3934 1048 τὰ
3976 995 4160 1066 διαφέ-

2582 1095 2762 1151 ροντα.
2804 1098 2822 1130 i
2883 1078 3035 1132 Ἐπεὶ
3085 1098 3102 1129 ι
3133 1080 3221 1133 ὅτε
3265 1078 3407 1154 ἦμεν
3442 1084 3657 1154 νήπιοι,
3710 1088 3875 1155 φησὶν
3920 1089 3948 1141 ὁ
3996 1090 4159 1153 αὐτὸς

2590 1170 2937 1236 Ἀπόστολος,
2973 1169 3076 1223 ὑπὸ
3117 1171 3186 1225 τὰ
3232 1177 3470 1245 στοιχεῖα
3512 1172 3606 1226 τοῦ
3648 1174 3853 1245 κόσμου
3895 1173 4039 1249 ἦμεν
4069 1181 4158 1233 δε-

2576 1263 2930 1336 δουλωμένοι.
2970 1266 3028 1319 Ὀ
3070 1265 3125 1318 δὲ
3160 1265 3373 1336 νήπιος,
3406 1268 3508 1321 κᾶν
3542 1267 3875 1337 κληρονόμος
3908 1265 3963 1340 ᾖ,
4006 1273 4157 1324 οὐδὲν

2574 1355 2762 1409 δούλου
2792 1356 3065 1428 διαφέρει,
3100 1356 3228 1428 ἄχρι
3261 1357 3359 1428 τῆς
3394 1357 3731 1431 προθεσμίας
3755 1358 3848 1411 τοῦ
3882 1362 4108 1431 πατρός.
4134 1383 4150 1412 ›

2575 1445 2777 1516 Νήπιοι
2809 1443 2901 1499 οὖν
2935 1446 3029 1500 καὶ
3060 1447 3108 1498 οἱ
3141 1445 3446 1515 φιλόσοφοι,
3484 1447 3580 1501 ἐὰν
3628 1446 3704 1518 μὴ
3746 1448 3850 1500 ὑπὸ
3890 1447 3982 1500 τοῦ
4019 1450 4156 1519 Χρι-

2577 1536 2703 1590 στοῦ
2754 1537 3192 1610 ἀπανδρωθῶσιν.
3246 1537 3309 1590 EE
3350 1539 3459 1610 γὰρ
3513 1560 3530 1590 ι
3569 1540 3629 1592 οὐ
3692 1539 4090 1609 κληρονομήσει
4128 1543 4156 1593 ὁ

2574 1626 2688 1690 υἰδς
2724 1628 2822 1699 τῆς
2856 1628 3142 1698 παιδίσκης
3178 1629 3315 1698 μετὰ
3344 1629 3439 1682 τοῦ
3473 1630 3589 1684 υἱοῦ
3633 1630 3732 1702 τῆς
3781 1626 4093 1701 ἐλευθέρας,
4131 1651 4150 1682 ι

2575 1716 2712 1770 ἀλλὰ
2757 1714 2921 1786 γὀὗν
2974 1718 3194 1789 σπέρμα
3230 1718 3306 1787 (7)
3353 1721 3500 1773 ἐστὶν
3557 1721 3828 1792 Ἀϐραὰμ,
3863 1721 3924 1773 τὸ
3972 1721 4047 1793 μή
4097 1721 4156 1787 ἐξ

2575 1810 2907 1878 ἐπαγγελίας
2960 1812 3018 1864 τὸ
3067 1810 3195 1864 ἴδιον
3244 1810 3466 1881 εἰληφὸς
3517 1812 3746 1883 δωρεάν.
3786 1813 4061 1867 ιΤελείων
4097 1815 4151 1867 δέ

895 1896 1255 1967 promissione
1284 1896 1490 1951 donum
1526 1897 1771 1967 suscepit
1791 1898 2092 1967 proprium.
2121 1896 2281 1967 128
2302 1916 2321 1947 ‹
2342 1895 2473 1951 Per-
2501 1889 2545 1946 Β
2573 1899 2677 1951 ἐστι

2372 1899 2473 1951 'er-
2501 1889 2545 1946 Β
2573 1899 2721 1951 ἐστιν
2752 1901 2785 1970 ή
2827 1900 3022 1972 στερεὰ
3051 1898 3244 1971 τροφὴ,
3268 1899 3377 1952 τῶν
3398 1899 3485 1952 διὰ
3517 1900 3615 1972 τὴν
3652 1901 3762 1965 ἕξιν
3795 1903 3862 1956 τὰ
3896 1903 4154 1974 αἰσθητή-

895 1987 1158 2044 fectorum
1195 1998 1380 2042 autem
1416 1996 1500 2043 est
1531 1987 1741 2042 solidus
1783 1988 1971 2055 eihus,
2003 1988 2096 2057 qui
2127 1995 2348 2057 propter
2374 1989 2469 2041 lia-

892 2080 1066 2135 liituiii
1109 2081 1310 2134 habent
1354 2094 1550 2133 sensus
1600 2079 1932 2134 exercitatos
1979 2080 2048 2134 ad
2080 2079 2468 2134 discretionem

894 2172 1023 2226 boni
1053 2181 1107 2226 et
1135 2171 1283 2226 mali.
1338 2170 1599 2239 Quisquis
1647 2171 1793 2226 enim
1840 2180 1924 2226 est
1969 2171 2127 2227 lactis
2175 2172 2468 2241 particeps,

892 2280 1002 2320 non
1068 2273 1151 2319 est
1201 2263 1410 2333 peritus
1455 2261 1725 2317 sermonis
1775 2261 2023 2333 iustitiae,
2071 2276 2195 2316 cum
2231 2260 2303 2315 sit
2346 2274 2471 2329 par-

893 2357 1051 2412 vulus
1076 2354 1129 2420 (ι,
1152 2375 1170 2407 ι
1198 2364 1255 2410 et
1284 2355 1526 2409 nondum
1561 2354 1699 2410 sciat
1726 2354 1972 2420 verbum,
1998 2369 2094 2424 per
2115 2352 2260 2423 quod
2291 2351 2469 2406 credi-

891 2447 972 2502 dit
1004 2457 1058 2503 et
1085 2455 1360 2517 operatur,
1391 2461 1490 2501 nec
1513 2446 1688 2516 possit
1708 2447 1763 2500 in
1788 2445 1907 2516 ipso
1929 2444 2152 2499 reddere
2177 2443 2467 2498 rationein.

883 2561 918 2592 -ι
940 2539 1133 2594 Omnia
1148 2547 1327 2593 autem
1352 2537 1597 2608 probate.
1614 2536 1792 2605 inquit
1810 2534 2121 2606 Apostolus,
2139 2541 2193 2588 et
2207 2533 2351 2603 quod
2370 2533 2471 2588 bo-

892 2648 1022 2688 num
1043 2639 1129 2687 est
1150 2638 1329 2686 tenete
1359 2647 1383 2675 ε
1424 2648 1444 2682 i
1472 2627 1821 2700 Spiritalibus
1850 2627 1903 2683 id
1926 2626 2135 2692 dicens,
2164 2625 2258 2696 qui
2285 2624 2472 2680 omnia

891 2741 1014 2795 qua:
1027 2724 1285 2781 dicuntur
1298 2736 1367 2778 ex
1383 2722 1627 2786 veritate,
1644 2720 1966 2792 diiudicant,
1979 2727 2163 2775 utrum
2188 2718 2474 2775 videantur

890 2833 962 2872 an
997 2817 1108 2872 sint
1137 2830 1282 2870 vera.
1320 2832 1339 2866 ι
1368 2812 1783 2870 lnconfutabilis
1815 2819 1999 2867 autem
2027 2819 2259 2882 vagatur
2298 2811 2469 2867 disci-

892 2909 1061 2979 plina,
1085 2916 1140 2963 et
1185 2907 1354 2978 plaga:
1380 2914 1435 2961 et
1463 2904 1914 2977 reprehensiones
1949 2902 2081 2958 dant
2130 2901 2472 2973 disciplinam

893 3001 1190 3073 sapientiae,
1217 3019 1237 3052 ι
1269 2999 1717 3069 reprehensiones
1754 2996 1984 3061 scilicet,
2010 3008 2132 3062 quae
2174 3003 2304 3050 sunt
2347 3009 2470 3049 cuin

894 3091 1204 3147 dilectione.
1241 3108 1259 3141 ι
1280 3088 1390 3144 Cor
1408 3087 1553 3144 enim
1582 3095 1790 3142 rectum
1821 3085 2060 3156 exquirit
2085 3084 2469 3156 cognitionem.

889 3181 1160 3249 Quoniam
1183 3181 1278 3251 qui
1300 3179 1494 3250 quaerit
1512 3176 1703 3244 Deum,
1720 3176 2087 3248 cognitionem
2111 3175 2321 3231 invenit
2343 3189 2467 3230 cum

888 3274 1121 3343 iustitia.
1160 3273 1263 3340 Qui
1294 3273 1466 3342 ipsam
1504 3279 1683 3327 autem
1722 3279 1872 3326 recte
1898 3269 2251 3341 quaesierunt,
2279 3284 2468 3339 pacem

892 3367 1212 3421 invenerunt
1232 3362 1412 3418 f.i-i
1436 3360 1505 3417 Et
1528 3376 1857 3433 cognoscam
1889 3376 1999 3416 non
2026 3375 2339 3416 sermonem
2375 3375 2471 3416 eo—

891 3473 1012 3514 rum
1059 3457 1150 3528 qui
1186 3456 1355 3511 inﬂati
1388 3464 1536 3521 sunt,
1565 3454 1660 3510 sed
1697 3455 1953 3509 virtutem
1984 3474 1996 3509 :
2029 3471 2047 3505 ι
2079 3468 2195 3519 eos,
2224 3453 2319 3522 qui
2342 3461 2473 3507 sunt

889 3549 1146 3620 opinione
1183 3549 1482 3619 sapientes,
1503 3556 1559 3602 et
1600 3561 1661 3602 se
1694 3546 1912 3617 quidem
1946 3560 2071 3600 esse
2114 3550 2330 3615 putant,
2359 3558 2469 3596 non

889 3651 1073 3696 autem
1087 3650 1213 3696 sunt
1225 3639 1517 3709 sapientes,
1529 3638 1951 3708 reprehendens,
1962 3637 2077 3692 haec
2087 3637 2280 3692 scribit
2296 3654 2309 3691 :
2323 3653 2342 3687 ι
2354 3633 2471 3688 Non

887 3730 1035 3785 enim
1052 3739 1137 3785 est
1157 3731 1211 3783 in
1235 3742 1487 3785 sermone
1510 3743 1734 3798 regnum
1760 3726 1856 3782 Dei
1872 3730 1917 3781 ε.
1939 3745 1958 3780 i
1980 3724 2121 3791 Non,
2150 3727 2394 3795 inquam,
2416 3722 2471 3777 in

888 3823 1083 3893 eo,qui
1107 3836 1215 3877 non
1235 3828 1319 3876 est
1333 3834 1515 3887 verus,
1534 3819 1629 3874 sed
1651 3818 1908 3889 Opinione
1934 3822 1993 3880 iii
2027 3823 2237 3871 tantum
2271 3814 2467 3885 proba-

889 3914 1037 3969 bilis.
1075 3931 1095 3964 ι
1125 3911 1181 3966 In
1215 3912 1419 3967 virtute
1443 3929 1462 3962 ι
1498 3918 1684 3965 autem
1715 3909 1874 3976 dixit,
1903 3923 1997 3964 seu
2031 3907 2305 3978 potentia;
2348 3906 2465 3961 sola

887 4005 1033 4060 enim
1063 4013 1147 4059 est
1185 4011 1374 4074 potens
1407 4002 1628 4057 veritas.
1661 3999 1729 4054 Et
1748 4015 1941 4055 rursus
1967 4017 1981 4053 :
2011 4018 2028 4049 ι
2063 3996 2121 4053 Si
2147 3998 2273 4068 quis
2311 4004 2466 4066 putat

889 4111 951 4151 se
980 4108 1143 4149 nosse
1180 4091 1414 4162 aliquid,
1442 4091 1687 4146 nondum
1724 4090 1878 4145 novit
1916 4091 2061 4144 sicut
2105 4101 2268 4141 nosse
2305 4101 2467 4155 opor-

889 4194 987 4241 tet.
1008 4204 1028 4239 i
1058 4182 1350 4255 Nunquam
1393 4191 1480 4238 est
1521 4182 1666 4236 enim
1703 4181 1907 4235 veritas
1950 4179 2158 4249 opinio.
2190 4174 2297 4231 Sed
2323 4193 2343 4228 ι
2370 4191 2465 4230 co-

889 4278 1149 4349 gnitionis
1215 4275 1437 4347 quidem
1487 4274 1675 4345 opinio
1726 4272 1923 4327 inﬂati
1975 4279 2032 4325 et
2084 4269 2229 4325 fastu
2272 4268 2466 4339 replet,

895 4391 914 4424 ι
943 4370 1182 4427 cliaritas
1225 4380 1408 4423 autem
1459 4365 1714 4431 aediﬁcat,
1742 4383 1762 4415 ι
1792 4379 1916 4434 quae
1947 4377 2055 4418 non
2103 4361 2157 4416 in
2210 4360 2467 4431 opinione

892 4468 1159 4525 versatur,
1186 4457 1280 4514 sed
1311 4457 1554 4512 veritate.
1587 4453 1763 4523 Unde,
1789 4473 1807 4506 ι
1829 4455 1874 4511 si
1906 4455 2030 4525 quis
2061 4453 2258 4524 diligit,
2288 4451 2336 4507 is
2366 4465 2465 4507 co-

892 4550 1077 4621 gnitus
1105 4558 1190 4605 est
1211 4550 1263 4614 ὶι,
1286 4568 1304 4600 i
1339 4548 1535 4617 inquit.

970 4648 1029 4707 ᾖ
1068 4642 1128 4698 Ρ.
1164 4640 1270 4696 548
1304 4638 1413 4694 ED.
1443 4638 1740 4708 POTTER,
1776 4641 1880 4695 Q97
1916 4639 2026 4696 ΕΙ).
2062 4637 2286 4708 ΡΑιιιδ.

2362 4648 2387 4676 ⁸
2419 4636 2560 4691 Phil.
2597 4653 2637 4701 ι,
2662 4637 2717 4699 9,
2753 4637 2840 4690 10.
2918 4636 2947 4676 ι’
2970 4635 3089 4691 Gal.
3124 4652 3197 4700 iv,
3224 4635 3277 4698 3,
3305 4637 3357 4701 1,
3397 4636 3450 4690 2.

2576 2003 2665 2057 ρια
2696 1989 3122 2060 γεγυμνασμένα.
3155 1989 3389 2060 ἐχόντων
3417 1992 3552 2062 πρὸς
3583 1991 3853 2064 διάκρισιν
3891 1993 4059 2047 καλοῦ
4095 2012 4152 2048 τε

2572 2080 2667 2132 καὶ
2722 2079 2915 2133 κακοῦ.
2956 2081 3071 2145 Πᾶς
3110 2080 3217 2151 γὰρ
3256 2083 3285 2134 ὁ
3319 2081 3562 2152 μετέχων
3610 2083 3880 2151 γάλακτος
3928 2083 4152 2156 ἄπειρος

2570 2171 2730 2242 λόγου
2764 2173 3126 2247 δικαιοσύνης,
3156 2179 3345 2246 νήπιος
3367 2174 3463 2240 ὣν,
3493 2196 3510 2227 i
3553 2178 3647 2231 καὶ
3683 2178 3907 2249 μηδέπω
3941 2181 4154 2233 ἐπιστά-

2575 2280 2734 2334 μενος
2769 2264 2859 2318 τὸν
2887 2265 3063 2335 λόγον,
3093 2266 3212 2321 καθ’
3233 2267 3291 2319 ὃν
3324 2269 3656 2322 πεπίστευκε
3686 2270 3763 2341 (8)
3798 2272 3891 2325 καὶ
3919 2274 4148 2344 ἐνεργεῖ,

2575 2358 2712 2429 μήτε
2774 2360 3065 2414 ἀποδοῦναι
3122 2359 3416 2432 δυνάμενος
3465 2361 3563 2433 τὴν
3618 2363 3797 2416 αἰτίαν
3864 2366 3920 2417 ἐν
3982 2365 4146 2436 αὐτῷ.

2578 2470 2597 2501 ι
2630 2451 2814 2505 Πάντα
2856 2450 2911 2504 δὲ
2954 2451 3272 2523 δοκιμάζετε
3293 2493 3307 2517 ,
3341 2455 3369 2505 ὁ
3421 2452 3742 2517 ’Λπόστολός
3776 2471 3928 2524 φησι,
3961 2456 4055 2508 καὶ
4091 2456 4150 2508 τὸ

2574 2542 2738 2596 καλὸν
2790 2540 3069 2611 κατέχετε·
3104 2562 3122 2592 ι
3182 2544 3295 2605 τοῖς
3352 2544 3743 2612 πνευματικοῖς
3796 2541 4003 2612 λέγων,
4040 2547 4150 2607 τοῖς

2574 2632 2922 2703 ἀνακρίνουσι
2956 2633 3131 2686 πάντα
3160 2632 3300 2685 κατὰ
3333 2632 3589 2704 ἀλήθειαν
3614 2633 3901 2704 λεγόμενα,
3926 2635 4150 2706 πότερον

2573 2726 2737 2788 δοκεῖ,
2761 2724 2793 2797 ἢ
2827 2724 2995 2788 οὕτως
3018 2725 3093 2794 (9)
3115 2724 3296 2794 ἔχεται
3324 2723 3422 2794 τῆς
3449 2723 3756 2795 ἁληθείας.‹
3788 2726 4011 2779 Παιδεία
4039 2728 4147 2798 (Ml)

2574 2817 2630 2872 δὲ
2673 2816 3056 2883 ἀνεξέλεγκτος
3113 2815 3415 2870 πλανᾶται·
3464 2816 3559 2868 καὶ
3605 2816 3661 2868 αί
3712 2816 3919 2890 πληγαὶ
3968 2821 4063 2872 καὶ
4101 2823 4148 2873 οί

2575 2911 2782 2983 ἔλεγχοι
2831 2912 3032 2966 διδόασι
3085 2911 3330 2966 παιδείαν
3385 2910 3591 2981 σοφίας·
3622 2931 3638 2963 i
3677 2913 3725 2964 οἱ
3770 2915 3889 2983 μετ’
3928 2916 4147 2987 ἀγάπης

2573 3005 2810 3076 δηλονότι
2872 3004 3100 3075 ἔλεγχοι.
3174 3004 3428 3076 (Καρδία
3492 3005 3599 3075 (ll)
3662 3002 3772 3075 γὰρ
3820 3006 4002 3062 εὐθεῖα
4060 3013 4150 3063 ὲκ-

2574 3096 2728 3171 ζητεῖ
2756 3096 2981 3167 γνῶσιν·
3015 3098 3095 3150 ὅτι
3126 3099 3154 3151 ὁ
3183 3095 3358 3167 ζητῶν
3399 3095 3492 3149 τὸν
3528 3096 3660 3151 θεὸν
3694 3100 3916 3171 εὑρήσει
3949 3099 4148 3169 γνῶσιν

2575 3190 2715 3262 μετὰ
2759 3190 3134 3262 δικαιοσύνης’
3171 3191 3219 3244 οἱ
3264 3189 3321 3242 δὲ
3359 3189 3533 3262 ὀρθῶς
3582 3189 3915 3265 ζητήσαντες
3957 3194 4144 3264 αὐτὴν,

2572 3282 2796 3353 εἰρήνην
2835 3274 3013 3353 εὖρον.
3050 3280 3163 3333 Καὶ
3201 3279 3514 3351 γνώσομαι,
3554 3284 3746 3352 φησὶν,
3776 3285 3836 3337 οὐ
3870 3284 3961 3338 τὸν
3993 3286 4147 3355 λόγον

2570 3371 2680 3426 τῶν
2709 3371 3154 3443 πεφυσιωμένων,
3183 3370 3318 3424 ἀλλὰ
3363 3370 3462 3442 τὴν
3502 3372 3748 3443 δύναμιν·
3778 3395 3797 3426 i
3835 3377 3959 3439 τοὺς
3989 3376 4147 3448 δοκή-

2575 3476 2657 3513 σει
2692 3460 2906 3529 σοςροὺς,
2930 3460 3025 3512 καὶ
3046 3459 3323 3529 οἰομένους
3349 3454 3509 3522 εἶναι,
3532 3461 3631 3513 οὐκ
3663 3460 3823 3525 ὄντας
3839 3462 3895 3515 δὲ
3929 3464 4145 3532 σοφοὺς,

2574 3549 2948 3621 ὲπιρῤαπίζων
2997 3547 3221 3620 γράφειο
3265 3568 3285 3600 Ι
3323 3550 3398 3603 Οὐ
3431 3549 3539 3621 γὰρ
3571 3551 3629 3603 ὲν
3662 3551 3805 3620 λόγῳ
3837 3552 3870 3622 ή
3905 3552 4147 3622 βασιλεία

2572 3636 2667 3690 τοῦ
2711 3636 2865 3690 Θεοῦ·
2895 3655 2915 3688 i
2954 3638 3013 3690 ού
3065 3637 3144 3709 τῷ
3183 3637 3259 3710 μὴ
3311 3638 3520 3710 ἀληθεῖ,
3559 3640 3693 3694 ἀλλὰ
3740 3644 3860 3696 καθ’
3882 3643 4148 3714 ὑπόληψιν

2577 3725 2805 3798 πιθανιῖν
2849 3743 2866 3779 ι
2891 3727 2949 3779 ὲν
2972 3725 3199 3795 δυνάμει
3224 3747 3241 3777 i
3271 3728 3347 3792 δὲ,
3372 3723 3512 3780 eius“
3551 3729 3687 3800 μόνη
3721 3730 3829 3802 γὰρ
3860 3733 3893 3800 ή
3921 3729 4147 3802 ἀλήθεια

2567 3816 2788 3889 δυνατή.
2823 3817 2932 3872 Καὶ
2954 3816 3134 3871 πάλινο
3178 3838 3194 3868 ι
3226 3818 3296 3871 Εἴ
3313 3835 3397 3882 τις
3432 3820 3542 3892 (12)
3576 3821 3725 3874 δοκεῖ
3755 3821 4049 3890 ἐγνωκέναι
4070 3839 4144 3887 τι,

2568 3908 2722 3963 οὔπω
2767 3909 2908 3978 ἔγνω
2950 3908 3088 3963 καθὸ
3126 3910 3207 3964 δεῖ
3237 3910 3459 3979 γνῶναι*
3498 3931 3517 3965 i
3549 3914 3607 3966 οὑ
3642 3914 3749 3985 γάρ
3784 3930 3912 3967 ποτε
3945 3915 3978 3985 ὴ
4012 3914 4145 3987 ἀλή-

2570 3998 2690 4053 θεια
2732 3999 2927 4070 οἴησιςο
2954 3999 3068 4052 ἀλλ’
3093 4002 3127 4072 ή
3148 4001 3248 4072 μὲν
3279 4017 3298 4050 ε
3334 4002 3600 4073 ὑπόληψις
3631 4005 3730 4073 τῆς
3761 4002 4012 4073 γνώσεως
4044 4022 4146 4073 φυ-

2572 4093 2679 4144 σιοῖ
2718 4110 2737 4143 i
2795 4091 2890 4144 καὶ
2928 4090 3101 4159 τύφου
3163 4092 3564 4164 ὲμπίμπλησιν·
3609 4114 3627 4145 ι
3668 4095 3938 4165 οἰκοδομεῖ
3995 4096 4052 4149 δὲ
4110 4099 4144 4167 ή

2567 4180 2889 4253 ἀγάπη,›μή
2915 4182 3041 4252 περὶ
3061 4181 3162 4251 τὴν
3194 4182 3388 4254 οἴησιν,
3413 4182 3546 4237 ἀλλὰ
3581 4184 3709 4255 περὶ
3752 4186 3847 4255 τὴν
3888 4185 4144 4256 ἀλήθειαν

2568 4272 3032 4344 ἀναστρεφομένη.
3100 4271 3295 4337 Ὅθεν,
3361 4293 3377 4324 ι
3431 4273 3498 4326 Ei
3554 4291 3637 4338 τις
3708 4277 3925 4346 ἀγαπᾷ,
3988 4269 4142 4341 οὗτος

2568 4367 2855 4436 ἔγνωσται,
2899 4384 2917 4418 i
2956 4365 3125 4434 λέγει.

3530 4648 3552 4677 ο
3587 4637 3721 4694 Gen.
3746 4654 3858 4700 xxi,
3890 4638 3991 4698 i0;
4024 4637 4142 4692 Gal.

894 4705 1093 4776 ιν,’30.
1166 4710 1194 4751 ἀ
1229 4710 1393 4766 Hebr.
1418 4725 1473 4776 v,
1501 4711 1590 4777 14,
1615 4711 1703 4765 13.
1731 4705 1736 4708 ’
1783 4721 1808 4751 ε
1829 4709 1851 4764 l
1873 4709 2063 4766 Thess.
2093 4725 2147 4774 ν,
2172 4707 2262 4760 21.
2345 4706 2363 4745 ί
2394 4705 2553 4762 Prov.
2588 4723 2676 4773 xv,

2360 4708 2363 4716 '
2394 4705 2553 4762 Prov.
2588 4723 2676 4773 xv,
2703 4706 2791 4761 14.
2879 4708 2905 4746 δ
2934 4707 2949 4760 1
2981 4708 3106 4760 Cor.
3136 4721 3210 4771 iv,
3245 4706 3332 4770 19,
3361 4707 3450 4762 20.
3527 4705 3552 4744 δ
3584 4708 3599 4761 Ι
3626 4709 3749 4764 Cor.
3786 4724 3903 4772 viii,
3930 4709 3980 4771 ι,
4006 4709 4062 4772 2,
4090 4708 4142 4761 5.

964 4809 1042 4880 (7)
1087 4809 1260 4865 Ἀλλά
1281 4811 1334 4881 γ’
1356 4804 1471 4881 οὖν
1507 4824 1623 4881 an:
1664 4807 1789 4881 Haec
1816 4809 1897 4865 sic
1925 4810 2184 4881 distingui
2209 4820 2264 4881 et
2292 4811 2465 4881 expli-

893 4876 1005 4952 cari
1026 4876 1230 4952 debent
1258 4876 1657 4952 εξᾎλλάίγξοῦν
1689 4880 1910 4952 σπέρμα
1930 4876 2384 4952 Δἔιστί.ν“ἈὸρσιὲιμῙ.
2406 4880 2465 4933 τὸ

892 4953 971 5022 μὴ
992 4949 1052 5024 ἐξ
1075 4949 1421 5020 ἐπαγγελίας,
1436 4949 1508 5003 τδ
1522 4949 1650 5024 ἴδιον
1677 4949 1898 5022 είληὶρδς
1923 4949 2151 5024 δωρεάν.
2176 4949 2288 5024 iAt
2314 4949 2462 5013 vero,

888 5020 1038 5089 quod
1064 5034 1192 5091 non
1231 5030 1348 5091 erat
1377 5037 1445 5075 ex
1477 5020 1886 5091 proniisso,est
1911 5020 2095 5077 semen
2127 5020 2378 5083 Abraliai,
2405 5029 2460 5074 et

887 5090 1172 5161 proprium
1225 5089 1428 5162 donum
1478 5089 1762 5162 accepitn
1816 5089 2038 5147 Scilicet
2084 5091 2457 5162 Christianam

888 5162 1197 5233 doctrinam
1237 5161 1423 5233 Isaaco
1456 5162 1570 5233 dat,
1603 5161 1845 5233 legitimo
1893 5161 2189 5217 Abrahami
2237 5161 2369 5233 ﬁlio,
2405 5170 2459 5233 et

887 5246 957 5301 cx
985 5229 1167 5301 divina
1211 5230 1574 5301 promissione
1616 5229 1774 5297 nato;
1805 5240 2028 5287 caeteras
2059 5240 2241 5287 autem
2289 5230 2457 5301 disci-

887 5300 1065 5369 plinas
1095 5300 1308 5356 lsmaeli
1350 5301 1543 5371 Agaris
1583 5303 1792 5357 ancilla:
1838 5302 1974 5366 tilio,
1999 5312 2095 5356 aut
2136 5302 2264 5357 ﬁliis
2311 5300 2457 5356 Che-

888 5372 1165 5441 turae,qui
1207 5372 1331 5427 licet
1361 5386 1461 5425 nec
1487 5386 1518 5425 e
1548 5371 1802 5441 legitimis
1834 5373 2071 5441 nuptiis,
2098 5386 2198 5427 nec
2224 5387 2291 5426 ex
2342 5371 2458 5425 sin-

2641 4812 2720 4881 (9)
2763 4810 2981 4874 Οὕτως.
3016 4807 3241 4884 Rectius
3282 4824 3406 4865 eum
3439 4808 3584 4865 Guil.
3614 4810 3850 4868 Cantero
3899 4812 4140 4884 legemus

2569 4878 2758 4947 ὅντως,
2798 4893 3091 4947 «revera.g
3126 4878 3390 4935 δηιιυιιο.

2642 4945 2754 5021 (10)
2781 4948 3045 5005 Παιδεία.
3072 4945 3530 5022 [ἱερᾷ-υεπαιδείᾳ
3555 4950 3723 5006 dativ.
3748 4966 3861 5022 cas.
3881 4950 4024 5020 quod
4052 4949 4140 5022 hic

2562 5033 2616 5080 et
2637 5017 2887 5101 superius
2916 5033 3037 5087 pag.
3070 5017 3174 5100 28?
3199 5019 3483 5104 Sylburgio
3504 5017 3726 5104 placuit.
3762 5017 3967 5074 Sensus
3987 5020 4134 5072 enim

2563 5104 2683 5150 est:
2711 5111 2729 5143 ι
2752 5089 2859 5158 Qui
2884 5103 2990 5141 non
3022 5101 3312 5158 corripitur
3338 5093 3645 5158 disciplina,
3669 5100 3915 5158 vagatur.
3942 5107 3961 5139 ι
3984 5086 4138 5142 Tunc

2563 5104 2683 5150 est:
2711 5111 2729 5143 ι
2752 5104 2859 5158 qui
2884 5104 2990 5141 non
3022 5104 3312 5158 corripitur
3338 5104 3645 5161 disciplina,
3669 5104 3915 5159 vagatur.
3942 5107 3961 5139 ι
3994 5104 4134 5142 tunc

2564 5173 2709 5246 recte
2736 5159 3022 5246 sequitur:
3052 5176 3070 5209 ι
3106 5156 3577 5230 Βερνειιοηεὶοιιρε
3619 5162 3753 5214 dant
3790 5159 4134 5228 disciplinain

2565 5241 3017 5371 εᾶίῖῧηὲἓὲδία.
3058 5298 3269 5369 Καρδία
3300 5298 3434 5371 ὀρθὴ
3466 5300 3621 5370 ζητεῖ
3647 5296 3929 5366 αἴσθησιν,
3958 5296 4136 5366 inquit

2554 5367 2836 5432 Salomon,
2884 5367 3045 5421 Prov.
3080 5367 3171 5435 xv,
3209 5371 3295 5425 14.
3335 5367 3579 5431 Eorum,
3612 5382 3737 5435 quae
3785 5377 4128 5435 sequuntur,

886 5440 1063 5512 gulari
1088 5436 1280 5512 aliqua
1314 5436 1801 5512 pi-omisso'geiiiti
1848 5436 2089 5512 lucrant,
2116 5452 2297 5496 tamen
2343 5441 2455 5495 veri
2552 5459 2749 5498 sensus
2792 5440 3036 5512 nequi-rit
3064 5437 3229 5512 Prov.
3265 5457 3327 5503 ii,
3356 5440 3588 5507 aliisque
3613 5437 3750 5491 locis
3775 5436 3928 5507 :ipsa
3970 5440 4131 5493 verba

883 5507 1118 5566 Abrahae
1170 5507 1266 5567 lilii
1312 5507 1561 5575 fuerunt,
1590 5507 1661 5567 et'
1684 5510 1885 5582 singuli
1933 5507 2081 5567 dona
2108 5530 2137 5566 a
2170 5521 2324 5582 patre
2354 5526 2456 5566 suo
2552 5513 2761 5569 frustra
2793 5510 2858 5582 iii
2880 5507 2937 5562 S.
2971 5509 3127 5582 lib_ris
3157 5518 3490 5582 quaerentur:

887 5589 1236 5653 acceperunt,
1268 5589 1327 5635 ut
1352 5583 1611 5653 scriptum
1638 5591 1722 5637 est
1756 5583 1892 5653 Gen.
1922 5598 2055 5653 xxv,
2084 5583 2140 5638 6.

957 5650 1481 5723 (ὃληεᾳτίστευκεξ
1516 5652 1807 5723 ltespieere
1843 5652 2059 5723 videtur
2090 5653 2106 5706 Ι
2140 5650 2368 5723 ΤΙιεεεη
2389 5665 2451 5723 ii,

889 5719 996 5775 io:
1019 5719 1332 5794 Ἑδὲξασθε
1364 5721 1425 5794 οὐ
1471 5719 1642 5794 λόγυνῖ
1682 5721 2007 5794 ᾁνῡρῴπων,
2052 5722 2189 5776 ἀλλὰ
2233 5719 2453 5794 (καθώς

885 5793 1031 5875 ἐστιν
1059 5791 1290 5875 among)
1321 5792 1478 5862 λόγον
1509 5792 1663 5856 Θεοῦ,
1696 5793 1752 5857 ὃς
1789 5791 1879 5847 καὶ
1913 5795 2206 5864 ἐνεργεῖται
2237 5793 2294 5845 ὲν
2327 5791 2452 5857 ὑμῖν

884 5877 997 5925 τοις
1026 5876 1364 5918 πιστεύουσιν

2621 5584 2736 5653 (12)
2783 5578 2858 5633 El
2880 5580 3098 5653 τις-,εἴ
3119 5574 3207 5653 τις
3235 5579 3382 5653 δοκεῖ
3400 5576 3607 5653 εἰδέναι
3630 5594 3723 5653 τι,
3743 5574 3955 5653 οὐδέπω
3980 5576 4130 5653 οὐδὲν

2561 5646 2769 5733 ἔγνωκε
2800 5649 2982 5731 καθὼς
3000 5651 3081 5733 δ-εῖ
3104 5648 3327 5733 γνῶναι,
3355 5646 3519 5733 lgor.
3548 5663 3667 5713 \‘tll,
3694 5648 3763 5733 2_.
3792 5647 4128 5733 9f§attevﬁzi

2562 5718 2761 5784 παντες
2786 5719 2985 5789 γνῶσιν
3017 5721 3230 5790 ἔχομεν·
3259 5721 3292 5789 ή
3332 5718 3532 5782 γνῶσις
3562 5720 3761 5786 φυσιοῖ,
3793 5720 3827 5788 ή
3859 5718 4128 5790 δὲάγάπη

2560 5793 2851 5848 οἰκοδομεῖ.
2883 5790 3015 5847 Ibid.
3048 5807 3083 5843 l.
