4496 6588
830 448 934 501 τεεῡ

1972 444 2362 500 (ἶιιζῗλιᾴλτιδ
2402 445 2861 499 .11.1;Ϊκ..¹ιζσίῐῐὶεῖι1

3971 450 4075 504 Sco

829 571 1043 630 elatus,
1080 565 1235 621 nullo
1280 565 1443 620 modo
1500 578 1624 620 esse
1674 579 1934 629 causam;
1988 564 2043 616 in
2088 563 2144 617 id
2204 571 2386 617 autem
2424 562 2604 624 Αλῦω

2294 577 2386 615 .em
2424 569 2471 624 Α
2496 562 2639 622 λῦον,
2658 561 2796 614 ἀλλά
2808 561 3259 634 προτρέπον(16),
3275 565 3325 614 εἰ
3350 564 3443 615 καὶ
3458 564 3530 635 μὴ
3552 561 3904 633 προέτρεπεν.
3931 563 4069 615 Οὔτε

827 654 976 724 quod
1009 656 1293 725 prohibet,
1340 669 1565 712 causam
1622 656 1944 725 culpamque
1996 651 2255 708 conferri.
2290 651 2396 717 Qui

828 746 978 802 enim
1007 748 1194 817 clypeo
1218 747 1476 817 protegit,
1506 747 1577 812 ei,
1609 747 1701 816 qui
1731 743 2052 815 protegitur,
2086 759 2252 799 causa
2290 751 2394 807 est,

829 851 901 892 ne
928 837 1230 903 saucietur,
1264 838 1556 907 prohibens
1583 836 1758 904 ipsum
1794 834 2053 890 sauciari.
2083 834 2151 890 Et
2185 833 2395 889 Socrati

830 923 1159 981 daemonium
1194 942 1362 983 causa
1394 933 1531 991 erat,
1575 939 1683 978 non
1716 924 2012 993 prohibens
2034 965 2050 991 ,
2073 925 2168 980 sed
2198 924 2399 978 adhor-

830 1024 976 1081 tans,
1007 1018 1113 1075 etsi
1168 1033 1277 1073 non
1325 1017 1725 1072 adhortaretur.
1768 1014 1874 1071 Sed
1910 1031 2010 1072 nec
2040 1017 2252 1083 laudes,
2298 1029 2398 1068 nec

827 1105 1279 1177 vituperationes,
1324 1122 1426 1162 nec
1476 1106 1737 1171 honores,
1794 1121 1897 1162 nec
1939 1108 2203 1177 supplicia
2248 1106 2394 1176 justa

826 1210 978 1268 sunt,
1035 1200 1080 1256 si
1109 1200 1289 1254 anima
1343 1214 1453 1254 non
1481 1198 1680 1254 habeat
1712 1199 1943 1255 liberam
1976 1208 2296 1271 potestatem
2341 1205 2398 1253 et

828 1288 1112 1359 appetendi
1135 1298 1189 1345 et
1216 1288 1548 1355 abstinendi,
1582 1288 1678 1344 sed
1723 1290 1797 1345 sit
1844 1289 2040 1345 vitium
2088 1289 2396 1342 involunta-

827 1382 997 1436 rium.
1031 1379 1182 1436 Unde
1226 1379 1319 1449 qui
1347 1380 1632 1449 prohibuit
1668 1380 1888 1451 quidem
1913 1419 1929 1444 ,
1962 1392 2126 1433 causa
2151 1385 2266 1445 est;
2301 1377 2396 1447 qui

829 1484 1011 1529 autem
1039 1488 1150 1528 non
1190 1472 1479 1543 prohibuit
1519 1482 1684 1543 atque
1726 1472 1990 1541 impediit,
2025 1470 2254 1525 liberam
2279 1471 2398 1526 ani-

829 1580 933 1620 ma
960 1563 1287 1619 electionem
1338 1564 1487 1634 juste
1535 1563 1743 1632 judicat
1772 1580 1786 1616 :
1818 1571 1878 1615 ut
1901 1561 1985 1615 vel
2018 1560 2256 1616 maxime
2276 1562 2399 1631 qui-

823 1655 972 1719 dem,
998 1651 1145 1711 Deus
1173 1654 1331 1710 nobis
1363 1668 1473 1707 non
1505 1653 1577 1707 sit
1601 1668 1769 1707 causa
1808 1652 1946 1705 vitii.
1995 1651 2269 1719 Quoniam
2304 1668 2398 1706 au-

822 1755 935 1800 tem
966 1745 1137 1801 libera
1187 1744 1382 1799 electio
1408 1752 1463 1799 et
1501 1744 1762 1814 appetitio
1798 1752 2024 1814 peccata
2054 1745 2290 1814 primum
2316 1744 2398 1797 in-

823 1837 1010 1903 choat,
1046 1835 1180 1891 falsa
1215 1845 1398 1889 autem
1431 1849 1824 1905 nonnunquam
1849 1835 2164 1890 dominatur
2185 1834 2393 1903 opinio,

2500 657 2554 709 δὲ
2573 656 2619 706 οἱ
2636 653 2868 716 ἔπαινοι,
2890 654 3013 707 οὔτε
3033 655 3079 705 οἱ
3090 651 3268 722 ψόγοι,
3283 652 3464 706 οὖθάί
3489 656 3670 727 τιμαὶ,
3697 652 3809 706 οὔθ’
3831 654 3885 705 αί
3910 652 4071 706 κολάο

2502 764 2610 812 σεις
2631 747 2857 812 δίκαιαι,
2893 748 2967 820 μὴ
2996 748 3094 818 τῆς
3115 746 3292 816 ψυχῆς
3321 746 3552 819 ἐχούσης
3586 749 3687 821 τὴν
3708 746 3952 813 ἐξουσίαν
3971 747 4071 816 τῆς

2500 841 2674 911 ὁρμῆς
2696 842 2791 893 καὶ
2810 842 3087 911 ἀφορμῆς,
3112 838 3224 894 ἀλλ’
3245 838 3500 891 ἀκουσίου
3526 840 3625 909 τῆς
3654 840 3851 903 κακίας
3880 834 4064 907 οὔσης.

2502 932 2707 985 Ὅθενὸ
2738 930 2836 1000 μὲν
2894 932 3140 995 κωλύσας
3167 928 3363 992 αἴτιος·
3396 931 3425 981 6
3465 928 3524 982 δὲ
3563 930 3638 1000 μὴ
3670 931 3921 996 κωλύσας
3966 928 4066 999 τὴν

2498 1026 2705 1097 αἵρεσιν
2731 1025 2829 1095 τῆς
2858 1024 3040 1093 ψυχῆς
3072 1025 3243 1097 κρίνει
3263 1020 3488 1085 δικαίως
3512 1037 3524 1047 ’
3550 1020 3619 1074 ἵν’
3653 1021 3737 1074 ὃτι
3780 1023 4012 1093 μάλιστα
4037 1021 4068 1073 6

2497 1117 2628 1181 8:0;
2657 1118 2753 1189 μὲν
2787 1118 2920 1187 ἡμῖν
2956 1117 3158 1180 κακίας
3192 1115 3451 1177 ἀναίτιος.
3497 1113 3652 1167 Ἐπεὶ
3672 1112 3730 1164 δὲ
3751 1113 3861 1168 τῶν
3890 1117 4070 1187 ἀμαρ-

2495 1221 2562 1276 τη
2571 1208 2754 1276 μάτων
2769 1205 3083 1276 προαίρεσις
3094 1208 3187 1258 καὶ
3200 1206 3343 1277 ὁρμὴ
3358 1204 3639 1276 κατάρχει,
3651 1203 3925 1278 διημαρτη
3934 1206 4065 1278 μένη

2496 1299 2552 1351 δὲ
2569 1300 2831 1371 ὑπόληψις
2846 1297 2955 1351 ἔσθ’
2970 1299 3057 1350 ὅτε
3082 1304 3291 1367 κρατεῖ,
3310 1294 3377 1371 ἧς
3390 1297 3609 1367 ἀγνοίας
3622 1298 3715 1351 καὶ¹
3731 1297 3972 1368 ἀμαθίας
3985 1301 4073 1354 οὖι

2501 1407 2599 1461 σης
2610 1390 2977 1461 ὀλιγωροῦμεν
3002 1390 3325 1459 ἀποστῆναι,
3348 1391 3571 1453 εἰκότως
3593 1392 3649 1441 αί
3667 1388 3935 1454 κολάσεις.
3958 1393 4069 1447 Καὶ

2497 1478 2606 1551 γὰρ
2637 1480 2696 1532 τὸ
2719 1479 3000 1551 πυρέττειν
3032 1479 3315 1544 ἀκούσιον,
3343 1481 3456 1535 ἀλλ’
3485 1481 3611 1534 ὅταν
3633 1480 3701 1532 δι’
3752 1481 3942 1534 ἑαυτόν
3984 1502 4068 1546 τις

2497 1570 2593 1621 καὶ
2614 1568 2679 1621 δι’
2712 1568 2978 1638 ἀκρασίαν
3009 1568 3276 1641 πυρέττῃ,
3314 1571 3614 1643 αἰτιώμεθα
3642 1568 3849 1624 τοῦτον.
3895 1571 3984 1635 Ὠς
4009 1572 4065 1625 δὲ

2499 1660 2591 1711 καὶ
2619 1660 2717 1729 τῆς
2743 1659 2939 1722 κακίας
2974 1658 3229 1712 ἀκουσίου
3253 1659 3446 1732 οὔσης·
3479 1664 3539 1716 οὐ
3585 1661 3695 1733 γάρ
3719 1660 3954 1731 αίρεϊταί
3982 1679 4066 1725 τις

2498 1749 2684 1813 κακὸν,
2806 1749 2975 1802 κακόν
2999 1767 3012 1778 ·
3036 1752 3103 1820 τῇ
3132 1749 3188 1803 δὲ
3214 1752 3342 1820 περὶ
3381 1752 3530 1823 αὐτῷ
3565 1752 3672 1824 (17)
3705 1751 3863 1823 ἡδονῇ
3909 1768 4068 1805 συνα-

2498 1840 2824 1910 παγόμενος,
2870 1839 3073 1907 ἀγαθὸν
3122 1839 3406 1895 ὑπολαϐὼν
3426 1882 3440 1906 ,
3469 1842 3671 1914 ληπτὸν
3703 1845 3932 1913 ἡγεῖται.
3963 1836 4066 1895 Ὧν

825 1945 857 1982 a
880 1944 1009 1999 qua,
1034 1943 1157 1983 cum
1194 1928 1501 1998 ignorantia
1535 1935 1590 1982 et
1613 1926 1887 1996 imperitia
1916 1927 2008 1991 sit,
2032 1925 2278 1979 recedere
2297 1939 2396 1978 ne-
2424 1924 2467 1979 Β
2493 1930 2600 1984 οὔτε

2297 1939 2396 1978 ne-
2424 1924 2467 1979 Β
2493 1930 2661 1995 οὕτως
2685 1931 2935 2002 ἐχόντων,
2959 1930 3021 1985 τὸ
3045 1931 3480 1985 ἀπαλλάττεσθαι
3498 1936 3593 2005 τῆς
3620 1952 3678 1987 τε
3704 1935 3943 2004 ἀγνοίας,
3967 1933 4064 2001 τῆς

827 2023 1080 2093 gligimus
1104 2064 1121 2089 ,
1161 2022 1287 2092 jure
1327 2021 1652 2091 inﬂiguntur
1674 2022 1963 2091 supplicia.
1997 2020 2218 2075 Febrire
2245 2019 2394 2073 enim

822 2123 910 2168 est
937 2114 1386 2177 inroluntarium,
1423 2114 1519 2169 sed
1549 2129 1676 2168 cum
1704 2114 1828 2182 quis
1860 2127 1954 2181 per
1998 2125 2058 2165 se
2096 2120 2151 2166 et
2175 2118 2396 2181 propter

822 2220 980 2261 suam
1037 2206 1518 2275 intemperantiam
1568 2203 1829 2269 febrierit,
1864 2216 1991 2257 eum
2037 2202 2392 2270 reprehendi-

819 2312 965 2352 :nus.
996 2294 1197 2365 Utpote
1236 2312 1362 2352 cum
1412 2293 1837 2351 involuntarium
1888 2293 2004 2363 jam
2044 2294 2116 2348 sit
2140 2293 2389 2347 malum:

820 2401 983 2441 nemo
1014 2387 1159 2441 enim
1207 2388 1408 2441 malum
1457 2387 1641 2456 eligit,
1682 2397 1955 2458 quatenus
2007 2384 2250 2448 malum,
2296 2384 2392 2438 sed

820 2474 1089 2530 abductus
1136 2476 1205 2530 ab
1231 2492 1318 2540 ea,
1355 2491 1477 2545 quae
1526 2477 1673 2531 inest
1716 2478 1771 2532 in
1804 2478 1958 2548 ipso,
2002 2476 2301 2545 voluptate,
2338 2473 2392 2526 id

821 2567 1030 2621 bonum
1075 2573 1229 2620 ratus
1253 2609 1269 2634 ,
1305 2567 1715 2637 suscipiendum
1764 2569 2059 2623 existimat.
2094 2566 2229 2632 Qua:
2266 2581 2391 2620 cum

820 2656 895 2710 ita
922 2672 981 2711 se
1006 2656 1264 2723 habeant,
1287 2668 1342 2712 et
1374 2658 1596 2712 liberari
1617 2659 1687 2712 ab
1712 2657 2075 2726 ignoratione,
2103 2667 2157 2711 et
2185 2672 2216 2711 a
2247 2656 2391 2710 mala

817 2756 874 2800 et
899 2746 1205 2802 delectabili
1248 2747 1542 2812 electione,
1576 2757 1784 2813 etante
1820 2749 2007 2803 omnia
2056 2763 2166 2802 non
2196 2762 2390 2801 assen-

819 2836 911 2890 tiri
952 2835 1239 2893 fallacibus
1269 2838 1372 2892 illis
1397 2838 1703 2908 phantasiis
1727 2848 1783 2894 et
1813 2839 1947 2894 visis
1974 2878 1990 2903 ,
2024 2838 2192 2893 situm
2221 2845 2305 2892 est
2334 2837 2389 2890 in

821 2937 1007 2982 nostra
1060 2935 1347 2998 potestate.
1389 2947 1409 2981 ι
1444 2928 1612 2984 Latro
1649 2949 1670 2983 ι
1706 2939 1890 2985 autem
1925 2939 1980 2986 et
2018 2948 2049 2982 ι
2075 2929 2165 2985 fur
2200 2949 2220 2982 ›
2255 2929 2391 2983 diei-

820 3028 911 3070 tur
930 3016 1203 3081 diabolus,
1232 3018 1329 3086 qui
1369 3017 1651 3086 prophetis
1679 3017 2181 3088 pseudoprophetas
2213 3018 2390 3071 admi-

818 3107 983 3173 scuit,
1015 3116 1274 3176 tanquam
1310 3106 1584 3162 frumento
1626 3108 1858 3162 zizania.
1893 3125 1913 3159 ι
1948 3107 2150 3162 Omnes
2175 3127 2195 3159 ι
2224 3123 2388 3177 ergo,

824 3219 846 3251 ι
874 3200 968 3269 qui
1021 3197 1240 3253 fuerunt
1265 3208 1391 3254 ante
1421 3198 1739 3264 Dominum,
1773 3198 1924 3255 fures
1947 3207 2003 3255 et
2024 3199 2265 3253 latrones
2289 3210 2313 3237 ιι
2338 3216 2380 3252 ;1

821 3308 930 3346 non
957 3291 1208 3346 absolute
1252 3300 1437 3345 autem
1487 3305 1681 3346 omnes
1728 3292 2005 3359 homines,
2051 3292 2147 3347 sed
2199 3306 2389 3345 omnes

818 3382 1328 3453 pseudoprophetis,
1386 3389 1440 3435 et
1472 3396 1685 3444 omnes,
1734 3382 1830 3450 qui
1881 3396 1990 3436 non
2047 3382 2267 3450 proprie
2321 3382 2390 3434 ab

818 3475 939 3541 ipso
962 3472 1122 3527 missi
1154 3479 1301 3525 sunt.
1337 3469 1661 3526 Habuerunt
1686 3481 1867 3525 autem
1901 3470 2389 3540 pseudopropln-ue

816 3579 1038 3634 quoque
1067 3564 1272 3619 furtum
1297 3604 1313 3631 ,
1340 3564 1487 3634 quod
1546 3563 1825 3633 prophetae
1871 3562 2185 3617 dicerentur
2215 3581 2229 3615 :
2262 3577 2387 3615 eum

818 3660 1094 3730 prophetae
1122 3659 1341 3729 quidem
1371 3667 1574 3723 essent,
1601 3656 1697 3712 sed
1727 3657 1867 3726 ejus,
1892 3657 1986 3726 qui
2016 3665 2100 3712 est
2127 3657 2382 3710 mendax.

818 3751 960 3805 Dicit
980 3751 1122 3805 enim
1150 3749 1420 3804 Dominus
1452 3768 1462 3802 :
1508 3768 1527 3801 ι
1560 3747 1670 3806 Vos
1695 3764 1759 3804 ex
1782 3757 1935 3818 patre
1963 3759 2143 3805 vestro
2169 3751 2387 3805 diabolo

817 3845 1040 3906 estis.>I<
1077 3851 1131 3898 et
1155 3842 1422 3898 desideria
1452 3842 1623 3913 patris
1651 3844 1817 3897 vestri
1851 3843 2015 3897 vultis
2064 3842 2262 3897 facere.
2298 3841 2388 3895 Ille

819 3934 1091 3989 homicida
1122 3942 1240 3989 erat
1288 3934 1357 3988 ab
1390 3933 1569 3998 initio,
1604 3942 1658 3988 et
1716 3934 1772 3987 in
1805 3935 2030 3988 veritate
2070 3950 2177 3987 non
2222 3932 2387 3995 stetit,

817 4029 1077 4097 quoniam
1113 4042 1223 4081 non
1254 4034 1339 4081 est
1368 4027 1423 4080 in
1458 4027 1577 4097 ipso
1614 4027 1834 4081 veritas.
1867 4025 2003 4079 Cum
2033 4025 2246 4081 locutus
2272 4024 2386 4078 fue-

816 4120 889 4172 rit
916 4116 1135 4183 I'alsum,
1169 4132 1237 4172 ex
1269 4117 1505 4187 propriis
1565 4116 1828 4185 loquitur,
1863 4116 2120 4185 quoniam
2158 4114 2388 4169 mendax

815 4220 921 4275 est,
962 4218 1016 4264 et
1046 4218 1196 4279 pater
1234 4208 1353 4277 ejus
1381 4209 1433 4261 ιι.
1473 4228 1492 4260 ι
1532 4207 1590 4261 ln
1615 4207 1768 4262 falsis
1798 4218 1977 4261 autem
2009 4222 2136 4261 vera
2170 4222 2388 4277 quoque

818 4302 999 4372 aliqua
1038 4300 1292 4355 dicebant
1316 4298 1818 4369 pseudoprOphetae.
1855 4298 1921 4352 Et
1966 4298 2003 4351 ii
2047 4314 2233 4352 revera
2264 4311 2389 4367 pro-

2496 2041 2557 2077 τε
2587 2024 2848 2094 αἱρέσεως
2887 2024 2987 2094 τῆς
3033 2022 3242 2095 φαύλης
3280 2024 3373 2077 καὶ
3433 2026 3763 2097 ἐπιτερποῦς
3789 2066 3804 2089 ,
3835 2025 3926 2079 καὶ
3960 2025 4066 2095 πρὸ

2496 2117 2699 2171 τούτων
2726 2117 2784 2170 τὸ
2820 2118 2895 2189 μὴ
2947 2118 3430 2186 συγκατατίθεσθαι
3457 2122 3577 2182 ταῖς
3608 2120 3912 2193 ἀπατηλαῖς
3931 2120 4066 2173 ὲκεί-

2494 2226 2614 2272 ναις
2640 2209 2980 2277 φαντασίαις,
3006 2210 3291 2263 ἀπόκειται
3316 2212 3399 2279 ἐφ’
3426 2214 3575 2281 ἡμῖν.
3608 2230 3627 2261 ι
3652 2213 3868 2285 Λῃστὴς
3894 2213 3951 2266 δὲ
3974 2213 4065 2265 καὶ

2493 2298 2729 2369 κλέπτης
2754 2318 2773 2348 ι
2806 2301 2835 2351 6
2858 2299 3102 2363 διάϐολος
3149 2300 3384 2369 λέγεται,
3424 2302 3871 2375 ψευδοπροφήτας
3903 2306 4065 2373 ἐγκα-

2495 2389 2720 2460 ταμίξας
2757 2392 2868 2453 τοῖς
2899 2392 3227 2459 προφήταις,
3255 2391 3507 2463 καθάπερ
3528 2391 3602 2461 τῷ
3628 2392 3785 2463 πυρῷ
3815 2395 3885 2448 τὰ
3916 2392 4065 2459 ζιζά-

2494 2498 2616 2534 νια·
2654 2500 2672 2531 ι
2711 2479 2918 2543 Πάντες
2963 2478 3057 2534 οὖν
3098 2483 3145 2533 οί
3192 2482 3297 2552 πρὸ
3340 2484 3543 2553 Κυρίου
3577 2483 3802 2537 κλέπται
3848 2486 3942 2539 καὶ
3973 2486 4066 2556 λῃ-

2496 2570 2648 2623 σταίο
2686 2590 2704 2621 ι
2749 2570 2846 2639 οὐχ
2894 2569 3082 2634 ἁπλῶς
3128 2571 3331 2634 πάντες
3363 2571 3671 2644 ἄνθρωποι,
3706 2574 3903 2637 πάντες
3924 2574 3979 2627 δὲ
4015 2576 4063 2625 οί

2491 2658 2949 2728 ψευδοπροφῆται,
3006 2660 3099 2711 καὶ
3149 2659 3350 2724 πάντες
3396 2662 3445 2713 οἱ
3487 2659 3561 2731 μὴ
3596 2660 3795 2733 κυρίως
3828 2663 3919 2715 ὑπ’
3963 2663 4062 2715 αὑ-

2491 2748 2585 2802 τοῦ
2645 2748 3056 2812 ἀποσταλέντες.
3108 2746 3266 2820 Εἶχον
3330 2751 3387 2803 δὲ
3442 2753 3536 2805 καὶ
3579 2752 3630 2805 οί
3686 2752 4063 2825 ψευδοπροφῆο

2490 2854 2579 2889 ται
2632 2838 2692 2889 τὸ
2742 2839 2966 2910 κλέμμα
3021 2840 3083 2892 τὸ
3138 2839 3307 2910 ὄνομα
3372 2841 3433 2894 τὸ
3497 2842 3830 2913 προφητικὸν
3854 2884 3869 2908 ,
3932 2859 4066 2915 προ-

2491 2927 2659 2997 φῆται
2725 2928 2918 2993 ὄντες,
2979 2928 3115 2983 ἀλλά
3184 2930 3279 2983 τοῦ
3330 2930 3587 2999 ψεύστου.
3642 2933 3807 3001 Λέγει
3869 2933 3976 3004 γάρ
4033 2935 4064 2985 6

2491 3018 2743 3089 Κύριος·«
2766 3020 2955 3090 Ὑμεῖς
2972 3021 3036 3072 ἐκ
3066 3020 3159 3073 τοῦ
3179 3022 3381 3091 πατρὸς
3404 3022 3588 3092 ὑμῶν(
3600 3024 3683 3091 18)
3703 3024 3794 3077 τοῦ
3818 3024 4062 3078 διαϐόλου

2490 3115 2633 3178 ἐστὲ,
2666 3113 2762 3167 καὶ¹
2810 3113 2908 3177 τὰς
2962 3114 3259 3186 ἐπιθυμίας
3290 3115 3382 3167 τοῦ
3433 3117 3635 3186 πατρὸς
3684 3114 3837 3187 ὑμῶν
3870 3118 4065 3170 θέλετε

2493 3208 2682 3257 ποιεῖν.
2725 3205 2960 3268 Ἐκεῖνος
2994 3205 3435 3277 ἀνθρωποκτόνος
3465 3203 3531 3277 ἦν
3556 3208 3650 3261 ἀπ’
3672 3209 3865 3278 ἀρχῆς,
3890 3210 3982 3261 καὶ
4008 3211 4065 3262 ἐν

2495 3299 2558 3365 τῇ
2595 3296 2819 3365 ἀληθείᾳ
2865 3297 2962 3366 οὐχ
3014 3297 3265 3366 ἕστηκεν,
3301 3297 3381 3349 δτι
3432 3298 3529 3349 οὐκ
3565 3297 3707 3350 ἔστιν
3751 3299 3978 3369 ἀλήθεια
4008 3302 4066 3354 ἐν

2495 3385 2661 3456 αὐτῷ.
2701 3386 2812 3438 ”οτ’
2836 3385 2900 3438 ἂν
2947 3385 3079 3456 λαλῇ
3115 3387 3173 3439 τὸ
3204 3386 3415 3455 ψεῦδος,
3457 3389 3520 3439 ὲκ
3566 3387 3672 3439 τῶν
3708 3388 3852 3441 ἰδίων
3893 3389 4061 3442 λαλεῖ·

2494 3478 2573 3529 ὅτι
2604 3475 2840 3544 ψεύστης
2878 3476 3025 3537 ἐστὶ,
3076 3476 3171 3528 καὶ
3199 3478 3227 3527 6
3254 3478 3433 3547 πατὴρ
3472 3476 3653 3529 αὐτοῦ.
3682 3496 3699 3527 ι
3750 3478 3836 3529 Ἐν
3869 3478 3923 3530 δὲ
3955 3481 4066 3541 τοῖς

2492 3566 2706 3633 ᾲεύδεσι
2740 3565 2833 3619 καὶ
2854 3565 3025 3635 ἀληθῆ
3053 3566 3161 3637 (19)
3182 3584 3301 3620 τινα
3333 3566 3513 3634 ἔλεγον
3537 3568 3583 3619 ei
3608 3568 4061 3640 ψευδοπροφῆται.

2492 3657 2601 3710 Καὶ
2633 3654 2708 3725 τῷ
2753 3656 2865 3709 ὄντι
2916 3651 3057 3709 οὗτοι
3095 3659 3152 3735 ἐν
3193 3658 3491 3710 «ἐκστάσει
3526 3679 3542 3708 ι
3580 3661 3964 3728 προεφήτευον,
3991 3661 4065 3723 ὡς

2494 3749 2557 3802 ἂν
2600 3769 2617 3799 ι
2648 3750 2949 3802 ἀποστάσιον
2980 3772 2996 3799 ι
3028 3750 3280 3803 διάκονοι.
3308 3751 3472 3819 Λέγει
3504 3752 3561 3804 δὲ
3610 3751 3704 3805 καὶ
3734 3754 3761 3804 6
3783 3752 4011 3822 Ποιμὴν,
4038 3756 4067 3806 6

2493 3840 2720 3909 ἄγγελος
2764 3842 2863 3909 τῆς
2908 3842 3195 3910 μετανοίας
3240 3842 3385 3910 (‘20),
3439 3841 3515 3912 τῷ
3577 3843 3753 3915 Ἑρμᾷ
3803 3845 3929 3914 περὶ
3970 3843 4064 3896 τοῦ

2492 3927 2954 3999 ψευδοπροφήτου·
3021 3949 3037 3977 ι
3091 3930 3223 3983 Τινά
3287 3931 3396 4000 ('21)
3458 3930 3566 4002 γὰρ
3631 3932 3854 4001 ῥήματα
3890 3931 4063 4000 ἀληθῆ

2493 4020 2659 4074 λαλεῖ·
2692 4022 2720 4072 6
2752 4019 2859 4088 γὰρ
2891 4019 3130 4083 διάϐολος
3160 4022 3320 4074 αὐτὸν
3359 4023 3555 4092 πληροῖ
3585 4022 3660 4092 τῷ
3682 4022 3872 4076 ἑαυτοῦ
3905 4022 4066 4075 πνεύ-

2498 4130 2647 4183 ματι,
2680 4111 2733 4163 εἴ
2759 4129 2879 4164 τινα
2908 4111 3193 4183 δυνήσεται
3228 4113 3388 4183 ῥῆξαι
3420 4113 3795 4167 τῶνιδικαίων.
3826 4135 3844 4165 ›
3882 4116 4066 4169 Πάντα

2498 4202 2598 4269 μὲν
2636 4198 2728 4253 οὖν
2758 4203 3119 4271 οἰκονομεῖται
3152 4202 3355 4256 ἀνωθεν
3381 4203 3459 4265 είς
3491 4203 3672 4268 καλὸν,
3712 4224 3729 4254 t
3758 4205 3845 4256 ἵνα
3870 4221 4066 4274 γνωρι-

2498 4293 2595 4365 σθῇ
2647 4293 2732 4346 διὰ
2777 4294 2872 4364 τῆς
2916 4295 3239 4368 Ἐκκλησίας
3278 4296 3310 4365 ή
3354 4296 3732 4359 πολυποίκιλος
3772 4298 3933 4367 σοφία
3969 4286 4075 4351 τοῦ⁹

888 4440 947 4497 ›ι‹
976 4431 1038 4487 Ρ.
1062 4399 1168 4486 369
1199 4430 1309 4485 ευ.
1338 4429 1761 4497 POTTER,512
1789 4429 1898 4484 ED.
1924 4428 2146 4483 PAltlS.
2192 4438 2205 4492 ;
2279 4442 2303 4468 ιι
2330 4428 2485 4482 Joan.
2521 4444 2575 4491 χ.
2605 4429 2657 4482 8.

1441 4429 1632 4497 I‘TER,
1656 4430 1761 4484 512
1789 4429 1898 4484 ED.
1924 4428 2146 4483 PAlllS.
2192 4438 2205 4492 ξ
2279 4442 2303 4468 α
2330 4428 2485 4482 Joan.
2521 4444 2575 4491 χ.
2605 4429 2657 4482 8.
2736 4427 2766 4465 ι)
2797 4427 2953 4482 Joan.
2985 4445 3105 4495 νιιι,
3129 4431 3216 4484 μ.

886 4571 996 4641 (16)
1020 4572 1167 4641 Οὐχὶ
1180 4572 1265 4640 μὴ
1289 4572 1541 4636 κωλῦον,
1556 4571 1719 4641 ἀλλὰ
1738 4570 2090 4639 προτρέπον.
2110 4567 2385 4641 Lotvthins
2418 4572 2460 4626 D

819 4637 1499 4713 scribendumadmonuit,
1525 4643 1642 4713 οὐχὶ
1666 4640 1741 4712 μὴ
1765 4637 2093 4713 προτρέπον,
2128 4638 2260 4713 ἀλλὰ
2292 4654 2390 4689 κω-

818 4712 962 4764 λῦον·
993 4722 1051 4782 et
1080 4711 1305 4765 delenda
1344 4709 1642 4777 sequentia,
1669 4709 1864 4782 etab).
1906 4709 1984 4782 ’μὴ
2030 4709 2383 4782 προέτρεπεν.

817 4781 1005 4847 Quoad
1039 4796 1168 4835 vero
1199 4783 1299 4834 hoc
1327 4790 1688 4849 postremum,
1712 4780 1760 4833 ei
1792 4780 2044 4834 assentiri
2076 4780 2219 4833 haud
2257 4792 2387 4846 pos-

817 4868 960 4905 sum.
988 4852 1192 4905 Sensus
1215 4851 1360 4905 enim
1379 4857 1483 4913 est,
1516 4868 1534 4900 ‹
1569 4851 1900 4903 υωιιιοιιίιηῐι
1930 4850 2139 4903 Socrati
2162 4861 2388 4901 causam

818 4920 1009 4989 agendi
1041 4920 1232 4984 fuisse,
1266 4935 1375 4975 non
1407 4935 1532 4973 eum
1578 4919 1995 4989 hortando,7_sed
2029 4916 2388 4987 prohibendo,

818 4987 1273 5055 etiamtum,cum
1315 5006 1423 5043 non
1462 4991 1798 5045 hortaretur.
1834 5007 1853 5038 ›
1876 4987 2002 5040 \iult
2027 4989 2168 5041 enim
2198 4997 2391 5041 auctor

817 5059 1107 5113 ostendere
1132 5075 1241 5112 non
1266 5063 1440 5113 solum
1470 5076 1617 5123 eum,
1653 5059 1748 5129 qui
1771 5059 2053 5129 hortatur;
2092 5058 2185 5112 sed
2223 5056 2389 5111 etiam

816 5143 967 5193 eum,
1024 5130 1116 5199 qui
1166 5129 1441 5199 prohibet,
1498 5128 1710 5185 etiamsi
1768 5144 1877 5199 non
1903 5128 2209 5199 ‘hortetur,
2262 5140 2391 5199 vere

818 5194 1056 5254 causam'
1075 5194 1215 5254 esse.
1243 5198 1417 5252 Porro
1447 5198 1697 5254 Socrates
1729 5198 1869 5268 apud
1899 5195 2175 5250 Platonem
2201 5194 2388 5268 refert,

819 5270 1172 5335 daemonium,
1192 5270 1336 5337 quod
1361 5270 1465 5339 sibi
1489 5267 1796 5331 assistebat,
1825 5267 2387 5339 prohiberesolitnm,

822 5333 931 5410 non
953 5355 1081 5395 vero
1104 5333 1333 5402 hortari,
1368 5338 1411 5392 Τ
1412 5339 1562 5410 heag.
1594 5356 1716 5410 pag.
1748 5333 1853 5410 95";
1890 5337 2181 5410 Ἔστιγάρ
2200 5333 2393 5410 τιθείᾳ

822 5406 989 5480 μοίρᾳ
1019 5404 1571 5480 παρεπόμενονγὲμοὶ,
1594 5404 1690 5462 ’ἐκ
1713 5407 1896 5480 παιδὸς
1940 5404 2391 5480 ἀρξάμενον-δαι-

824 5460 1022 5550 ξιὸέιάψ
1058 5460 1213 5550 Ἔστι
1237 5460 1290 5532 δὲ
1321 5460 1480 5550 τοῦτο
1502 5460 1671 5550 φωνὴ,
1699 5460 2153 5550 ἢδτανίγένῆτάι,
2181 5476 2265 5528 ἀεί
2302 5490 2391 5550 μοι

823 5545 1074 5619 σημαίνει
1102 5549 1131 5603 ὃ
1173 5548 1238 5602 ἂν
1284 5549 1460 5619 μέλλω
1498 5545 1776 5619 πράττειν,
1822 5548 2009 5599 τούτου
2050 5545 2387 5619 ἀποτροπήν

823 5615 1114 5690 προτρέπει
1142 5619 1201 5671 δὲ
1234 5615 1563 5690 οὖδέποτεᾲηὶ
1594 5619 1755 5672 Adest
1794 5618 1923 5690 mihi
1952 5618 2133 5672 divina
2155 5615 2388 5685 quadam

823 5688 974 5758 sorte
998 5689 1324 5746 daemonium
1349 5688 1643 5758 quoddam.
1668 5708 1695 5741 a
1729 5688 1955 5757 puerilia
1983 5703 2069 5741 nte
2098 5695 2346 5741 secutum
2375 5701 2387 5733 :

830 5754 934 5831 hoc
958 5769 1137 5832 autem
1164 5775 1268 5814 vox
1287 5754 1381 5832 est
1420 5759 1691 5828 quaedam,
1730 5754 1863 5832 quae
1904 5772 2026 5832 eum
2065 5758 2141 5821 Ilt,
2176 5768 2388 5832 semprr

824 5826 940 5899 {‘ltls
965 5828 1062 5892 rei,
1090 5845 1256 5899 quam
1280 5826 1524 5883 facturus
1555 5841 1697 5899 sum.
1728 5826 2383 5899 dissuasionenninnuit.

825 5891 1071 5953 hortator
1095 5891 1218 5952 {cro
1241 5914 1534 5967 nunquam.
1565 5916 1580 5943 ι
1604 5898 1732 5962 Quu‘
1752 5896 1888 5950 infra
1908 5898 2091 5949 recitat
2113 5896 2382 5946 (llvmz'ns.

2491 4583 2543 4635 p.
2578 4565 2711 4638 ⁸551.
2735 4566 2941 4621 Similia
2986 4569 3125 4638 apud
3161 4568 3441 4624 Platonem
3468 4579 3759 4624 occurrunt
3792 4568 3846 4623 in
3875 4568 4062 4624 Socra-

2491 4638 2558 4690 tis
2590 4637 2795 4701 apolog.
2834 4652 2886 4704 p.
2920 4639 3006 4689 511.

2563 4706 2673 4776 (17)
2705 4706 2844 4780 napi
2878 4707 3052 4780 ᾳὺεῷ.
3092 4707 3270 4762 Etiam
3309 4708 3621 4762 accusativo
3661 4723 3791 4763 casu
3822 4709 3923 4780 legi
3965 4726 4061 4780 po-

2492 4785 2596 4829 test
2619 4775 2746 4844 περὶ
2781 4775 2927 4844 αὑτό.
2967 4776 3232 4832 SvLBunG.

2566 4842 2702 4914 (18)-
2727 4842 2927 4910 Ἱζιιῶν.
2966 4848 3129 4901 Abest
3152 4864 3182 4901 a
3210 4846 3370 4901 Joan.

2563 4915 2675 4983 (l9)
2722 4914 2954 4979 Ἀληθῆ.
2988 4915 3141 4980 Quod
3187 4917 3309 4971 falsi
3342 4916 3619 4985 prophetae
3646 4930 3771 4969 vera
3800 4917 4052 4982 quaedam

2494 4986 2643 5038 falsis
2671 4985 3015 5045 miscuerint,
3049 4996 3305 5039 notarunt
3333 4987 3498 5040 etiam
3524 4986 3760 5052 scriptor
3784 4985 4057 5053 Remgnit.

2496 5056 2587 5108 lib.
2617 5070 2689 5111 iv.
2723 5070 2773 5123 «ξ.
2802 5054 2893 5123 ει,
2924 5053 3015 5115 τε,
3044 5065 3097 5107 et
3126 5057 3221 5111 lib.
3252 5072 3369 5118 vm,
3396 5073 3448 5110 c.
3475 5054 3564 5117 60,
3594 5056 4058 5123 pseudo-Ambro-

2494 5127 2607 5177 sius
2642 5125 2707 5177 ad
2736 5121 2755 5174 l
2785 5122 2980 5194 Thess.
3004 5140 3057 5186 ν,
3085 5125 3177 5187 21,
3209 5134 3261 5179 et
3297 5121 3962 5194 pseudo-Clirysostomus
3991 5124 4060 5194 ad

2495 5194 2680 5246 Matth.
2713 5210 2828 5253 vu,
2859 5192 2949 5246 2i.
2983 5194 3141 5248 Conf.
3176 5192 3538 5250 Maiinonides
3580 5192 3664 5247 De
3692 5192 4060 5263 fundamentis

2493 5264 2640 5332 legis,
2673 5279 2793 5331 cap.
2823 5263 2911 5322 l0.
2944 5279 2999 5315 η.
3031 5264 3080 5319 5.

2563 5334 2675 5401 «20)
2719 5335 2995 5406 Ἄγγελςς
3021 5333 3131 5406 τῆς
3154 5353 3285 5406 μετ.
3315 5334 3389 5388 De
3414 5334 3519 5406 hoc
3548 5336 3738 5406 angelo
3763 5332 3908 5390 conf.
3939 5346 4061 5406 qua:

2496 5403 2773 5456 adnotavit
2800 5403 3100 5460 Cotelcrius
3133 5402 3200 5460 ad
3230 5404 3444 5458 Hermae
3473 5402 3828 5469 Pastflibul,
3856 5418 3908 5459 c.
3932 5402 3983 5469 1,
4003 5416 4057 5471 p.

2494 5473 2561 5525 85
2589 5474 2716 5526 edit.
2752 5472 3049 5526 Amstelod.

2566 5543 2676 5611 (21)
2729 5541 2891 5596 de.
2936 5542 3062 5599 llaec
3091 5543 3285 5596 Latine
3332 5552 3548 5599 exstant
3592 5542 3735 5612 apud
3777 5540 4053 5603 llcrmam,

2498 5611 2707 5665 Pastor.
2744 5612 2837 5664 lib.
2874 5629 2929 5676 tt,
2972 5615 3157 5668 mam].
3205 5613 3293 5674 10,
3326 5628 3376 5680 p.
3411 5616 3511 5669 97:
3539 5635 3558 5667 ι
3583 5611 3843 5679 Quaedam
3873 5620 4052 5665 autem

2492 5683 2654 5735 verba
2705 5697 2827 5753 vera
2875 5684 3136 5752 loquitur.
3188 5682 3445 5739 Diabolus
3478 5686 3666 5753 implet
3696 5697 3820 5753 eum
3866 5682 4055 5753 spiritu

2494 5769 2614 5823 suo,
2646 5764 2699 5805 ut
2727 5748 3199 5822 deﬁciat-aliquem
3228 5770 3291 5806 ex
3317 5754 3502 5823 justis.
3529 5748 3678 5823 {Ubi
3713 5748 4056 5823 ζῆξαιξίιυικι

2496 5822 2726 5875 lleneto
2756 5831 2839 5874 est
2886 5843 2904 5873 ι
2937 5824 3208 5890 frangi-re,
3235 5844 3252 5873 ι
3305 5822 3500 5878 melius
3542 5822 3843 5889 explicatur
3882 5822 4057 5889 «deji-

2493 5909 2632 5946 cere.
2665 5913 2677 5935 ι
2736 5890 2820 5947 l'lst
2878 5894 3024 5946 enim
3076 5895 3296 5948 verbum
3344 5893 3561 5947 athletis
3603 5909 3662 5944 at:
3709 5892 4057 5947 bellatOribus
