4496 6588
425 467 520 521 2‘"!
1706 469 2136 526 STROMATl’lI
2180 475 2197 528 l

1916 472 2136 526 ιΙΛΤΓὶΙ
2180 475 2308 528 Mli.
2361 483 2391 528 Ι.
3588 489 3691 544 802

423 591 578 650 θεοῦ,
616 590 756 643 κατὰ
809 588 1108 659 πρόγνωσιν
1144 589 1254 659 (2:2)
1290 587 1396 640 τῶν
1434 592 1673 652 αἱιιινιοιν,
1709 594 1774 663 ἢν
1812 594 2000 664 ἐποίη-
2028 600 2075 657 Α
2104 598 2198 666 plu

1919 594 2000 664 ίη-
2028 600 2075 657 Α
2104 597 2401 666 ιιίιοιιιὶιιιιιι
2437 600 2487 651 in
2524 619 2540 648 ι
2584 611 2809 664 exstas»,
2847 621 2862 652 ι
2905 613 2964 654 ιιι
2995 620 3013 652 ι
3060 613 3341 672 ιιιιειςιῑιιίξι,
3384 624 3401 654 υ
3437 603 3577 674 ejus,
3607 608 3691 658 in-

425 698 512 733 σεν
548 684 604 734 ὲν
635 679 870 750 Χριστῷ
902 700 918 729 ι
957 680 1034 751 τῷ
1066 680 1182 751 Θεῷ
1224 681 1278 732 δὲ
1325 680 1474 734 οὐδὲν
1508 683 1837 747 ἀντίκειται,
1881 684 1999 737 οὐδὲ

421 770 753 824 ἐναντιοῦταί
784 787 835 822 τι
868 772 1035 843 αὐτῷ,
1070 771 1261 843 Κυρίῳ
1293 774 1384 826 καὶ
1432 777 1830 845 παντοκράτορι
1864 777 1995 829 ὄντι.

435 864 592 916 ’Λλλά
619 864 712 915 καὶ
735 864 789 916 αί
822 863 928 918 τῶν
955 866 1444 934 ἀποστατησάντων
1469 865 1582 934 (25)
1617 866 1800 936 βουλαί
1823 886 1879 922 τε
1907 871 1999 924 καὶ

419 954 706 1023 ἐνέργειαι,
755 958 978 1027 μερικαι¹
1028 950 1213 1020 οὖσαι,
1249 957 1487 1025 γίνονται
1539 957 1636 1028 μὲν
1683 960 1748 1011 ὲκ
1791 959 1999 1030 φαύλης

418 1044 728 1110 διαθέσεως,
766 1048 1015 1118 καθάπερ
1048 1049 1139 1101 καὶ
1171 1050 1228 1104 αἱ
1257 1050 1401 1102 νόσοι
1439 1051 1492 1101 αἱ
1533 1052 1862 1121 σωματικαί·
1901 1069 1996 1104 κυ-

421 1138 714 1208 βὲερνῶνται
759 1143 816 1195 δὲ
867 1139 971 1192 ὑπό
1013 1141 1109 1211 τῆς
1155 1141 1378 1194 καθόλου
1427 1143 1680 1211 προνοίας
1713 1144 1805 1195 ἐπὶ
1850 1143 1997 1207 τέλος

420 1231 665 1297 ὑγιεινὸν,
703 1232 805 1284 κᾶν
851 1232 1125 1293 νοσοποιὸς
1263 1231 1295 1300 ἡ
1343 1229 1509 1284 αἰτία.
1557 1234 1830 1300 Μέγιστον
1869 1232 1996 1299 γοῦν

417 1321 518 1391 τῆς
550 1323 696 1387 Θείας
727 1321 1003 1393 προνοίας,
1034 1323 1092 1375 τὸ
1130 1323 1204 1393 μὴ
1238 1324 1395 1376 ἐᾶσαι
1430 1323 1522 1394 τὴν
1556 1325 1614 1388 ἐξ
1647 1325 1998 1388 ἀποστάσεως

419 1414 662 1468 ἑκουσίου
699 1407 925 1482 (ρυεῖσαν
960 1415 1156 1467 κακίαν
1190 1414 1459 1486 ἄχρηστον
1495 1417 1590 1469 καὶ
1617 1415 1868 1485 ἀνωφελῆ
1901 1417 1995 1486 μέ-

418 1522 546 1568 νειν,
576 1505 708 1576 μηδὲ
737 1505 842 1573 μὴν
870 1503 1007 1557 κατά
1035 1505 1208 1557 πάντα
1240 1505 1505 1577 βλαϐεράν
1530 1507 1697 1576 αὐτὴν
1722 1507 1992 1574 γενέσθαι·

413 1598 511 1667 τῆς
567 1597 676 1667 γὰρ
723 1595 873 1660 Οείας
903 1597 1126 1665 σοφίας,
1175 1598 1268 1650 καὶ
1313 1599 1533 1669 ἀρετῆς,
1578 1600 1672 1652 καὶ
1719 1598 1998 1668 δυνάμεως

416 1687 572 1756 ἔργον
611 1685 758 1737 ἐστὶν
789 1686 848 1737 οὐ
891 1686 1052 1754 μόνον
1082 1687 1142 1738 τὸ
1173 1685 1519 1753 ἁγαθοποιεῖν
1556 1687 1742 1756 (φύσις
1774 1688 1900 1759 γάρ,
1924 1689 1998 1753 ὡς

414 1779 606 1841 εἰπεῖν,
638 1775 777 1846 αῦτη
812 1777 903 1829 τοῦ
935 1778 1091 1839 θεοῦ,
1126 1777 1200 1840 ὡς
1233 1778 1325 1830 τοῦ
1363 1782 1533 1850 πυρὸς
1565 1781 1624 1832 τὸ
1663 1779 1994 1851 θερμαίνειν,

413 1870 505 1922 καί
533 1868 622 1921 τοῦ
658 1869 833 1938 φωτὸς
867 1869 928 1920 τὸ
969 1868 1269 1938 φωτίζειν)·
1307 1870 1440 1923 ἀλλὰ
1485 1873 1704 1924 κάκεῖνο
1739 1871 1994 1941 μάλιστα,

411 1961 470 2012 τὸ
500 1960 588 2014 διὰ
619 1960 805 2013 κακῶν
838 1959 945 2014 τῶν
984 1961 1375 2030 ἐπινοηθέντων
1408 1963 1539 2032 πρός
1573 1980 1751 2027 τινων,
1791 1965 1990 2033 ἀγαθόν
2027 1943 2069 1998 Β

409 2067 462 2104 τι
496 2053 589 2104 καὶ
615 2052 848 2123 χρηστὸν
887 2052 1040 2114 τέλος
1068 2051 1385 2113 ἀποτελεῖν,
1425 2052 1518 2104 καὶ
1553 2052 1838 2124 ὠφελίμως
1882 2058 1992 2118 τοῖς

409 2143 622 2195 δοκοῦσι
669 2143 894 2210 φαύλοις
943 2143 1198 2215 χρῆσθαι,
1237 2143 1487 2214 καθάπερ
1536 2147 1627 2197 καὶ
1674 2145 1748 2215 τῷ
1781 2149 1843 2198 ἐκ
1878 2163 1994 2198 πει-

413 2231 620 2301 ρασμοῦ
653 2232 950 2303 μαρτυρίῳ.
986 2235 1169 2286 Ἔστιν
1195 2229 1287 2286 οῦν
1319 2234 1420 2286 κάν
1456 2234 1739 2306 φιλοσοφίᾳ
1775 2239 1837 2306 τῇ
1865 2237 1995 2289 κλα-

411 2323 594 2396 πείσῃ,
622 2323 870 2396 καθάπερ
905 2325 1006 2376 ὑπὸ
1034 2325 1391 2397 Προμηθέως,
1422 2327 1533 2396 πῦρ
1559 2326 1735 2396 ὀλίγον
1769 2329 1849 2390 είς
1880 2326 1995 2396 φῶς

408 2416 709 2486 ἐπιτήδειον
741 2419 1028 2487 χρησίμως
1062 2417 1501 2488 ζωπυρούμενον,
1535 2418 1678 2488 ἴχνος
1714 2437 1766 2471 τι
1803 2421 1995 2488 σοφίας

408 2508 501 2559 καὶ
536 2507 748 2577 κίνησις
785 2509 932 2578 παρά
964 2509 1121 2560 Θεοῦ.
1158 2508 1342 2561 Ταῦτα
1374 2509 1481 2579 (2.4)
1513 2509 1555 2561 δ’
1574 2509 1638 2562 ἂν
1673 2506 1784 2563 εἷεν
1824 2530 1840 2560 ι
1873 2511 1994 2564 κλέ-

409 2617 536 2652 πται
565 2601 659 2652 καὶ
681 2601 872 2674 λῃσταὶ
897 2619 915 2650 ι
945 2603 993 2653 οί
1027 2604 1156 2672 παρ’
1185 2602 1407 2673 Ἕλλησι
1445 2602 1744 2671 φιλόσοφοι,
1770 2605 1861 2656 καὶ
1889 2605 1992 2676 πρὸ

403 2691 504 2761 τῆς
529 2691 617 2744 τοῦ
647 2693 849 2762 Κυρίου
881 2695 1180 2762 παρουσίας
1206 2694 1352 2763 παρά
1385 2694 1491 2746 τῶν
1529 2693 1833 2765 Ἑϐραϊκῶν
1858 2714 1989 2768 προ-

406 2783 588 2851 φητῶν
616 2785 754 2856 μέρη
783 2785 881 2855 τῆς
903 2784 1153 2855 ἀληθείας
1176 2785 1234 2836 οὐ
1262 2786 1380 2837 κατ’
1398 2786 1693 2853 ἐπίγνωσιν
1717 2787 1988 2852 λαϐόντες,

405 2874 614 2937 ἀλλ’ὡς
666 2874 773 2927 ἴδια
820 2875 1272 2946 σφετερισάμενοι
1313 2874 1589 2943 δόγματαο
1643 2876 1734 2927 καὶ
1780 2873 1849 2927 τά
1893 2876 1990 2945 μὲν

406 2967 907 3037 παραχαράξαντες,
937 2966 1002 3019 τὰ
1043 2966 1097 3018 δὲ
1140 2965 1243 3018 ὑπὸ
1284 2965 1603 3036 περιεργίας
1633 2964 1860 3036 ἀμαθῶς
1899 2982 1989 3016 σο-

408 3059 712 3127 φισάμενοι,
751 3058 818 3111 τά
878 3058 934 3110 δὲ
1004 3060 1098 3110 καὶ
1154 3055 1490 3127 ἐξευρόντες⁸
1551 3057 1680 3118 ἴσως
1723 3056 1834 3127 γάρ
1896 3055 1990 3108 καὶ

409 3147 666 3217 «πνεῦμα
712 3147 1013 3218 αἰσθήσεως
1059 3147 1168 3217 (23)
1201 3167 1216 3195 ι
1269 3148 1588 3218 ἐσχήκασιν.
1658 3147 1988 3217 Ὠμολόγησε

399 3239 455 3290 6‘:
510 3240 600 3291 καὶ
645 3239 1014 3309 Ἀριστοτέλης
1058 3242 1122 3308 τῇ

399 3329 498 3398 τὴν
539 3331 854 3402 σοφιστικὴν
908 3331 1108 3393 εἰπὼν,
1161 3331 1236 3394 ὡς
1283 3331 1762 3402 προεμηνύσαμεν.
1832 3332 1891 3384 '0
1935 3331 1991 3383 δὲ

413 3422 750 3487 ’Λπὸστολος”
782 3444 798 3473 ι
831 3426 897 3475 Ἃ
939 3426 1031 3477 καὶ
1075 3423 1363 3492 λαλοῦμεν,
1399 3423 1569 3491 λέγει,
1602 3423 1700 3475 οὐκ
1742 3425 1798 3475 έν
1839 3423 1984 3476 διδα-

398 3518 546 3577 κτοῖς
592 3516 941 3587 ἀνθρωπίνης
986 3515 1176 3583 σοφίας
1215 3515 1428 3582 λόγοις,
1483 3514 1596 3566 ἀλλ’
1621 3517 1677 3566 έν
1715 3514 1985 3575 διδακτοῖς

399 3606 723 3677 πλεύματος.
755 3628 774 3658 ι
816 3609 939 3660 Ἐπὶ
973 3609 1069 3678 μέν
1097 3607 1204 3678 γάρ
1231 3607 1338 3659 τῶν
1363 3606 1673 3678 προφητῶψ
1709 3625 1727 3656 ι
1755 3607 1982 3669 Πάντες,

400 3701 582 3769 φησιν,
615 3701 678 3753 ὲκ
709 3699 800 3752 τοῦ
836 3700 1200 3772 πληρτ,ἶ)ματος
1239 3699 1406 3752 αὑτοῦ
1430 3699 1718 3769 ἐλάϐομεν
1747 3718 1764 3748 ι
1796 3698 1984 3768 δηλον-

399 3792 480 3845 ότι
528 3792 622 3845 τοῦ
673 3793 926 3864 Χριστοῦ.
979 3793 1136 3844 Ὥστε
1183 3792 1242 3844 οὐ
1297 3791 1526 3844 κλέπται
1578 3794 1625 3844 οἱ
1687 3792 1981 3861 προφῆται.

405 3906 422 3936 ι
450 3887 555 3938 Kal.
579 3888 612 3956 ὴ
647 3885 895 3960 διδαχὴή
928 3885 1034 3956 ἐμὴ
1065 3884 1196 3951 (26),
1232 3885 1330 3936 οὐκ
1365 3883 1511 3936 ἔστιν
1543 3882 1671 3954 ἐμὴ,
1707 3886 1736 3935 ὁ
1775 3885 1978 3953 Κύριος

399 3978 576 4042 λέγει,
607 3975 737 4029 ἁλλά
768 3976 861 4029 τοῦ
897 3974 1211 4045 πέμψαντός
1243 3990 1309 4044 με
1345 3970 1577 4042 Πατρός’
1603 3991 1619 4022 ι
1659 3973 1750 4024 ἐπὶ
1781 3971 1836 4024 δὲ
1870 3972 1975 4024 τῶν

403 4068 754 4127 κλεπτόντων,
795 4087 812 4118 ‹
849 4068 906 4120 ’0
931 4067 985 4118 δὲ
1018 4067 1110 4134 ἀφ’
1134 4064 1346 4128 ἑαυτοῦ,
1374 4065 1525 4136 φησὶ,
1563 4062 1740 4117 λαλῶν
1770 4063 1867 4133 τὴν
1895 4064 1976 4116 δό-

403 4158 492 4222 ξαν
557 4160 654 4230 τὴν
701 4159 836 4211 ἰδίαν
907 4155 1122 4226 ζητεῖ.»
1185 4154 1428 4207 Τοιοῦτοι
1482 4154 1539 4207 δὲ
1591 4155 1639 4205 οἱ
1693 4154 1973 4224 Ἕλληνες,

403 4250 781 4316 ιφίλαυτοικαὶ
804 4247 1077 4313 ἀλαζόνες.
1107 4267 1123 4298 ι
1165 4247 1372 4316 Σοφους
1405 4246 1461 4299 δὲ
1504 4246 1699 4308 αὐτοὺς
1742 4245 1976 4313 λέγουσα

393 4345 427 4410 ἠ
451 4342 660 4414 Γραφὴ,
693 4344 752 4396 οὔ
786 4343 910 4405 τοὺς
933 4341 1101 4404 ὅντως
1126 4341 1322 4410 σοφοὺς
1347 4337 1639 4402 διαϐάλλει,
1676 4337 1811 4391 ἁλλά
1849 4338 1976 4401 τοὺς

392 4433 608 4505 δοκήσει
636 4435 850 4504 σοφούς.

393 4546 753 4601 ostendimus.
808 4546 1102 4616 Apostolus
1175 4551 1355 4596 autem
1410 4560 1424 4595 :

395 4636 592 4704 verbis,
626 4637 718 4691 sed
749 4637 803 4689 in
831 4637 1078 4691 doctrina
1135 4635 1360 4704 spiritus
1392 4643 1438 4686 ο.
1479 4650 1498 4682 ι
1562 4630 1638 4685 De
1696 4631 1972 4700 prophetis
2029 4631 2172 4685 enim
2212 4650 2225 4684 :

2101 705 2292 758 quam,
2329 690 2421 760 qui
2452 692 2744 759 defecerat,
2788 694 3047 749 ministri.
3088 696 3230 751 Dicit
3259 705 3444 752 autem
3497 695 3691 752 Pastor

2100 798 2340 850 quoque,
2370 784 2596 853 angelus
2652 784 3017 854 pmnitentim,
3071 787 3140 842 ad
3213 787 3565 854 llermctem,
3625 789 3693 842 de

2100 873 2576 945 pseudopropheta
2619 893 2636 932 :
2677 897 2694 929 ι
2735 877 2992 944 Quaedam
3023 879 3169 933 enim
3214 880 3376 934 verba
3413 896 3542 934 vera
3606 879 3693 932 di-

2099 965 2175 1019 cit
2228 982 2240 1017 :
2298 965 2550 1019 diabolus
2599 967 2741 1021 enim
2796 983 2923 1023 eum
2967 968 3154 1037 implet
3209 983 3312 1022 suo
3383 968 3604 1036 spiritu,
3644 965 3692 1020 si

2099 1073 2262 1126 quem
2322 1059 2496 1127 possit
2527 1073 2592 1112 ex
2620 1058 2783 1127 justis
2819 1060 3092 1127 frangere.
3133 1081 3151 1114 ›
3185 1059 3380 1115 Omnia
3414 1074 3543 1128 ergo
3576 1073 3690 1112 C(13-

2098 1149 2230 1202 litus
2265 1149 2316 1202 in
2352 1151 2558 1204 bonum
2624 1150 3035 1220 dispensantur,
3080 1171 3097 1204 ι
3142 1165 3197 1205 ιιι
3244 1169 3338 1221 per
3389 1150 3689 1204 Ecclesiam

2101 1239 2407 1296 innotescat
2442 1241 2722 1310 multiplex
2761 1258 2823 1296 ac
2857 1242 3008 1297 varia
3049 1241 3143 1296 Dei
3171 1243 3457 1311 sapientia,
3495 1256 3688 1295 secun-

2099 1336 2228 1389 dum
2260 1337 2585 1389 saeculorum
2615 1335 3034 1402 prazscientiam,
3067 1351 3232 1403 quam
3279 1334 3407 1388 fecit
3441 1335 3495 1388 in
3531 1335 3689 1389 Chri-

2100 1435 2186 1480 sto
2239 1437 2285 1476 α.
2335 1445 2353 1476 ι
2424 1425 2534 1480 Deo
2601 1435 2784 1478 autem
2845 1426 2982 1478 nihil
3043 1427 3386 1490 adversatur,
3449 1441 3550 1481 nec
3608 1437 3690 1480 est

2098 1517 2396 1588 quidquam
2454 1517 2502 1571 ei
2560 1516 2920 1580 contrarium,
2959 1525 3020 1569 ut
3065 1517 3158 1586 qui
3201 1517 3270 1570 sit
3333 1517 3604 1571 Dominus
3636 1525 3688 1570 et

2099 1609 2465 1678 omnipotens.
2539 1609 2851 1675 Quinetiam
2923 1625 3140 1674 eorum,
3197 1610 3288 1675 qui
3350 1610 3688 1670 defecerunt,

2099 1701 2327 1759 consilia
2362 1710 2415 1755 et
2448 1703 2812 1770 operationcs,
2838 1718 2963 1754 cum
2987 1711 3194 1772 partem
3224 1701 3400 1755 solum
3430 1701 3686 1762 alliciant.

2099 1797 2238 1851 fiunt
2271 1793 2492 1863 quidem
2525 1809 2588 1846 ex
2624 1794 2765 1846 mala
2796 1793 3102 1858 affectione,
3146 1794 3292 1847 sicut
3347 1792 3523 1846 morbi
3562 1806 3689 1846 cor-

2099 1887 2284 1957 poris;
2326 1885 2395 1940 ab
2431 1884 2724 1939 universali
2759 1894 2937 1938 autem
2992 1885 3338 1954 providentia
3377 1884 3691 1953 diriguntur

2099 1976 2165 2029 ad
2218 1976 2382 2028 tinem
2425 1973 2722 2036 salubrem,
2779 1974 2995 2028 etiamsi
3035 1990 3197 2028 causa
3237 1974 3308 2029 sit
3363 1973 3539 2028 morbi
3576 1972 3691 2027 efﬁ-

2096 2070 2266 2124 ciens.
2304 2066 2400 2121 Est
2452 2066 2637 2134 itaque.
2706 2065 3006 2117 maximum
3065 2066 3262 2118 divime
3335 2063 3690 2134 providentia:

2098 2176 2255 2230 opus,
2297 2158 2444 2228 quod
2492 2171 2602 2210 non
2641 2156 2807 2223 sinat,
2867 2165 2926 2210 ut
2959 2155 3177 2220 vitium,
3207 2156 3352 2226 quod
3398 2172 3465 2210 ex
3499 2155 3691 2209 volun-

2097 2253 2234 2307 taria
2275 2250 2579 2306 defectione
2625 2259 2805 2302 ortum
2853 2257 2959 2314 est,
3015 2248 3421 2304 inconducibile
3470 2255 3691 2302 maneat

2097 2357 2150 2399 et
2174 2344 2382 2409 inutile,
2415 2343 2507 2398 sed
2534 2357 2634 2396 nec
2657 2341 2729 2395 sit
2761 2341 2963 2410 ubique
2986 2350 3040 2394 et
3067 2341 3120 2394 in
3151 2341 3408 2395 omnibus
3433 2342 3685 2394 noxium.

2099 2436 2304 2489 Divinae
2337 2435 2481 2488 enim
2519 2432 2820 2502 sapientia,
2851 2442 2903 2486 et
2934 2431 3174 2498 virtutis,
3226 2441 3280 2488 et
3317 2434 3574 2502 potentiae
3605 2443 3692 2488 est

2097 2529 2357 2589 oﬂicium,
2394 2540 2503 2578 non
2534 2523 2710 2578 solum
2749 2521 3072 2577 benefacere
3110 2524 3247 2593 (haec
3281 2533 3366 2579 est
3414 2527 3583 2589 enim,
3627 2535 3690 2580 ut

2097 2625 2172 2676 ita
2203 2623 2404 2684 dicam,
2437 2616 2530 2671 Dei
2569 2625 2788 2680 natura,
2827 2624 2887 2669 ut
2918 2616 3058 2686 ignis
3105 2614 3429 2681 calefacere,
3464 2627 3518 2672 et
3549 2619 3688 2673 lucis

2095 2710 2449 2775 illuminare),
2481 2707 2575 2760 sed
2605 2705 2739 2758 illud
2772 2720 2994 2773 quoque
3044 2709 3306 2771 maxime,
3337 2714 3397 2758 ιιι
3430 2707 3505 2772 id,
3539 2709 3686 2776 quod

2094 2820 2190 2873 per
2222 2797 2406 2855 malos
2425 2799 2637 2868 aliquos
2665 2797 3032 2868 excogitatum
3065 2806 3170 2860 est,
3217 2798 3283 2852 ad
3332 2799 3537 2853 bonum
3585 2801 3688 2855 ali-

2093 2909 2255 2964 quem
2289 2895 2450 2945 linem
2505 2899 2560 2942 et
2610 2888 2798 2942 utilem
2849 2888 3102 2954 deducat,
3157 2901 3211 2944 et
3264 2890 3552 2945 commode
3596 2892 3683 2957 iis,

2094 3001 2214 3056 qua:
2243 2985 2493 3038 videntur
2523 2980 2688 3044 mala,
2717 2985 2922 3044 utatur,
2972 2979 3114 3034 sicut
3151 2995 3238 3042 eo,
3273 2981 3422 3048 quod
3471 2997 3537 3035 ex
3569 2990 3685 3036 ten-

2093 3078 2295 3133 talione
2348 3075 2634 3146 processit,
2693 3073 3029 3127 testimonio.
3084 3071 3182 3126 Est
3241 3089 3373 3142 ergo
3428 3073 3590 3127 etiam
3629 3073 3684 3127 in

2092 3161 2457 3234 philosophia.
2502 3177 2625 3230 qua:
2665 3159 2812 3213 furto
2850 3167 3124 3228 surrepta,
3162 3161 3327 3214 veluti
3368 3177 3399 3216 a
3453 3161 3683 3216 Prome--

1177 3240 1364 3308 Γραίὲἧ
1389 3279 1402 3302 ν
1451 3239 1746 3309 κλεπτεκῆν
1797 3239 1988 3306 σοφίας
2019 3281 2060 3338 C
2094 3256 2240 3317 thco,
2273 3261 2533 3322 tanquam
2567 3251 2952 3321 aliquantulun

1906 3239 1988 3301 ίας
2019 3281 2060 3338 C
2094 3256 2240 3317 thco,
2273 3261 2533 3322 tanquam
2567 3251 2967 3321 aliquantulum
3015 3251 3176 3321 ignis,
3230 3254 3542 3320 generando
3591 3254 3681 3308 lu--

2095 3347 2252 3408 mini,
2287 3345 2333 3400 si
2370 3343 2654 3398 commode
2689 3342 2975 3403 excitetur,
3029 3350 3242 3410 aptum,
3295 3351 3352 3396 et
3390 3344 3679 3414 vestigium

2082 3439 2304 3508 aliquod
2361 3435 2660 3504 sapientiae,
2719 3444 2771 3487 et
2821 3434 2990 3486 motio
3031 3447 3062 3485 a
3119 3431 3230 3487 Deo
3269 3443 3410 3487 orta.
3467 3432 3522 3486 In
3575 3435 3682 3489 hoc

2079 3541 2259 3584 autem
2315 3548 2333 3578 ι
2389 3529 2630 3582 latrones
2687 3538 2742 3579 et
2801 3523 2954 3579 fures
3015 3543 3034 3575 ›
3090 3523 3296 3579 fuerint
3361 3524 3676 3581 Grateorum

2080 3623 2413 3694 philosophi,
2465 3622 2611 3691 quod
2663 3637 2791 3676 cum
2846 3629 2974 3675 ante
3031 3620 3246 3676 Domini
3298 3623 3592 3678 adventum
3645 3644 3677 3678 ιι

2083 3715 2362 3785 prophetis
2393 3712 2551 3783 135
2598 3711 2841 3765 Hebraeis
2889 3711 3154 3781 quasdam
3206 3722 3391 3782 partes
3424 3716 3673 3770 veritatis

2085 3806 2443 3875 sumpserint,
2482 3804 2533 3857 id
2590 3803 2818 3856 minime
2843 3812 3223 3871 agnoscentes,
3273 3804 3376 3858 sibi
3414 3815 3672 3875 tanquam

2085 3899 2304 3969 propria
2336 3898 2589 3965 dogmata
2625 3897 3012 3958 attribuerunt,
3043 3903 3098 3948 et
3127 3894 3232 3948 alia
3265 3895 3486 3964 quidem
3513 3898 3638 3950 adul
3659 3928 3675 3940 -

2084 3998 2350 4055 terarunt,
2379 3987 2484 4040 alia
2513 3997 2716 4051 autem,
2748 4000 3154 4054 supervacanea
3177 3988 3414 4055 quadam
3444 3989 3674 4057 diligen-

2081 4084 2154 4136 tia
2189 4081 2458 4150 imperitc,
2492 4078 2977 4147 ac/SOphistarum
3035 4093 3190 4131 more
3245 4079 3668 4149 interpotat'unt,

2083 4173 2186 4227 alia
2217 4181 2396 4226 autem
2437 4174 2598 4225 etiam
2647 4171 3009 4234 invenerunt;
3049 4186 3151 4226 nec
3201 4171 3344 4225 enim
3398 4188 3526 4228 vero
3568 4174 3669 4227 ab-

2083 4265 2259 4320 simile
2307 4274 2409 4330 est,
2439 4280 2534 4319 eos
2562 4280 2790 4318 «sensus
2825 4262 3075 4332 spiritum
3109 4263 3168 4313 δι
3211 4263 3669 4326 Ιιιιιιιιίεεει.›Ῑ‹Αε-

2081 4357 2313 4411 sentitur
2359 4365 2542 4410 autem
2598 4355 2892 4424 Scriptura:
2923 4369 3140 4422 quoque
3183 4354 3528 4420 Aristoteles,
3573 4360 3665 4425 qui

2081 4448 2238 4514 dixit,
2279 4448 2630 4513 sophisticam
2661 4461 2782 4499 esse
2815 4443 2987 4498 furem
3021 4444 3326 4514 sapienti-.e,
3362 4446 3507 4501 sicut
3540 4459 3668 4503 ante

1487 4561 1505 4592 ι
1575 4539 1706 4606 Qua:
1740 4540 1902 4593 etiam
1960 4539 2262 4608 loquimur,
2330 4537 2504 4606 inquit
2541 4577 2556 4601 ,
2600 4552 2707 4589 non
2754 4535 2808 4588 in
2854 4535 3031 4590 doctis
3083 4536 3341 4590 humana:
3387 4539 3666 4608 sapientiae

2267 4649 2287 4681 ι
2330 4629 2553 4694 Omnes,
2586 4627 2782 4696 inquit,
2831 4626 2899 4681 de
2949 4627 3285 4697 plenitudine
3347 4630 3464 4700 ejus
3503 4647 3664 4686 accir-

394 4732 573 4800 pimus
609 4729 656 4794 d,
697 4749 714 4782 ι
755 4729 954 4784 Christi
1016 4729 1242 4782 scilicet.
1304 4724 1486 4791 Quare
1526 4740 1632 4779 non
1666 4733 1793 4779 sunt
1823 4723 1970 4778 fures
2007 4724 2299 4793 prophetze.
2373 4743 2391 4776 ι
2431 4722 2498 4777 Ει
2527 4722 2776 4776 doctrina
2819 4737 2963 4788 mea,
3016 4737 3125 4776 non
3162 4735 3244 4776 est
3283 4738 3426 4786 mea,
3483 4725 3666 4793 inqui.

399 4826 676 4891 Dominus,
705 4824 800 4878 sed
830 4823 968 4893 ejus,
1020 4823 1113 4891 qui
1146 4823 1295 4876 misit
1327 4840 1434 4886 me,
1482 4823 1678 4879 Patris.
1723 4843 1739 4874 ι
1799 4823 1864 4878 Ει
1906 4824 1972 4878 de
2038 4823 2289 4878 furibus:
2328 4841 2348 4874 ι
2393 4822 2498 4889 Qui
2521 4832 2705 4877 autem
2748 4836 2817 4876 ex
2873 4821 3076 4891 seipso,
3145 4821 3343 4889 inquit,
3393 4820 3658 4890 loquitur,

395 4921 616 4983 gloriam
665 4917 937 4987 propriam
987 4918 1184 4987 qurerit
1230 4928 1274 4968 θ.
1320 4935 1338 4966 ι
1393 4917 1554 4972 Tales
1618 4928 1796 4972 autem
1854 4925 1985 4972 sunt
2022 4917 2215 4982 Graeci,
2258 4937 2276 4969 ε
2320 4917 2530 4986 seipsos
2584 4926 2850 4979 amantes,
2897 4915 3024 4970 elati
3066 4914 3108 4966 ί.
3166 4933 3184 4964 ι
3243 4914 3528 4982 Sapientes
3562 4929 3665 4966 au-

395 5020 499 5066 tem
535 5026 628 5066 eos
658 5007 846 5064 dicens
906 5008 1212 5079 Scriptura,
1263 5024 1370 5064 non
1433 5009 1777 5079 reprehendit
1805 5024 1901 5066 eos
1939 5013 2035 5081 qui
2083 5021 2212 5069 sunt
2246 5027 2369 5066 vere
2422 5011 2726 5082 sapientes;
2755 5010 2850 5067 sed
2888 5024 2981 5064 eos
3009 5007 3104 5077 qui
3129 5007 3236 5062 sibi
3269 5007 3542 5061 videntur.

456 5259 600 5323 >141).
653 5259 754 5313 370
777 5257 882 5312 El).
941 5257 1235 5320 POTTbR.
1282 5261 1387 5313 5l3
1439 5259 1546 5314 Εἰ).
1600 5258 1825 5315 ιΑιιιε.

394 5333 577 5390 11.15.
663 5329 875 5385 d.loan.
932 5346 967 5394 ι,
1016 5331 1103 5382 16.
1213 5339 1237 5368 ο
1282 5330 1446 5386 Joan.
1499 5347 1600 5396 vn,
1637 5331 1727 5396 16,
1781 5330 1869 5386 18.

391 5445 770 5506 notissimum,
814 5443 962 5514 apud;
1003 5458 1140 5511 quos
1193 5445 1350 5513 ῥῆξαι
1396 5452 1480 5499 est
1523 5445 1862 5507 καταϐαλεῖν,
1902 5457 1962 5500 ιιι

388 5529 509 5582 exp.
562 5512 882 5586 Hesychius.
945 5512 1072 5568 Inde
1129 5512 1365 5582 epitheta
1432 5515 1747 5586 ῥηξίφρων,
1793 5515 1959 5588 ρηξη-

389 5598 521 5646 νωρ,
551 5595 655 5640 etc.

459 5602 966 5779 ξὶῖὶῗιῗίρόγγωσιν.
1009 5653 1290 5726 Πρόθεσιν,
1311 5652 1513 5722 Ephes.

481 5722 572 5779 25)
622 5727 1200 5779 Ἁποστατησάιοτων.
1239 5723 1304 5779 ΙΙ.
1346 5741 1471 5779 ιιιε..
1507 5750 1513 5776 ι

481 5722 572 5790 25)
610 5722 1200 5799 ,Ἀποστίῑτησάιέτωη
1239 5723 1304 5799 ll_.
1346 5741 1471 5799 ms.,
1507 5727 1952 5799 ἀποστησάντωνο

389 5791 481 5844 sed
513 5794 690 5867 verior
717 5801 859 5867 vnlg.
892 5791 1080 5865 lectio;
1111 5797 1190 5850 Vel
1217 5797 1376 5849 etiam
1416 5796 1654 5860 brevius,
1689 5791 1954 5852 ἀποστάν-

387 5878 512 5913 των.
542 5861 803 5920 Summo.

460 5932 570 5994 (ει)
624 5932 833 5988 Ταῦτα.
873 5938 926 5988 Si
965 5956 1086 5993 vera
1120 5949 1201 5994 esst
1243 5938 1539 6008 scriptura.
1579 5940 1951 5996 subauiicnda

1936 5275 1961 5302 ⁸
2018 5263 2218 5332 Epiros.
2273 5258 2521 5332 ιιιηιο.
2573 5259 2658 5312 Η.

1956 5333 1976 5372 ί
2013 5331 2232 5387 ΙΙΤὶιιι.
2283 5348 2364 5394 ιιι,
2400 5331 2454 5383 ‘2.

2739 5257 2767 5294 ιο
2809 5252 2981 5307 Exod.
3037 5269 3231 5315 χιιι-ιιι,
3271 5253 3324 5305 5.
3404 5262 3429 5290 ε
3466 5251 3482 5303 l
3524 5251 3651 5308 Cor.

2077 5445 2393 5520 pratpositio
2413 5444 2554 5520 κατά
2572 5437 2913 5520 autnsimilis;
2935 5438 3029 5520 χει
3057 5434 3338 5520 legendum
3358 5436 3547 5520 ταύτῃ.
3573 5438 3647 5520 In.

2147 5506 2262 5586 (ΞΒ)
2290 5516 2531 5580 Πνεῦμα
2551 5507 2912 5586 αίσρήσεωςί
2935 5507 3221 5586 Respicere
3239 5506 3464 5586 videtur.
3475 5506 3620 5586 1‘.“on
3635 5549 3646 5560 .

2067 5575 2265 5650 xxi'm',
2295 5589 2327 5639 5
2371 5629 2380 5639 .
2419 5575 2556 5636 ῐῘΞσι
2597 5582 2709 5639 τοῖς
2758 5582 2940 5648 σοφοῖς
2981 5577 3209 5650 διανοία,
3243 5575 3338 5650 οὓς
3382 5576 3653 5650 ένέπλησα

2070 5647 2287 5727 πνεῦμα
2316 5655 2638 5714 αἰσθΰσεως.
2671 5647 2978 5718 (ἐοιιιζιιιιειι
3000 5647 3257 5714 superius
3283 5647 3419 5700 dixit
3449 5660 3651 5701 auctor

2070 5745 2118 5775 n-
2155 5728 2254 5775 ‘18!
2287 5727 2417 5775 edit.
2455 5699 2632 5775 i’aris.

2063 5744 2118 5797 ι).
2155 5728 2256 5781 ‘28!
2287 5727 2417 5797 edit.
2455 5727 2632 5797 Paris.

2138 5799 2249 5864 (26)
2295 5797 2358 5848 Ἡ
2385 5794 2502 5848 διδ.
2526 5795 2564 5860 ἡ
2589 5792 2727 5864 ἐμή.
2757 5790 2917 5864 Vulg.
2951 5787 3074 5844 Bib.
3111 5787 3266 5864 Joan.
3295 5801 3369 5838 vn
3398 5784 3652 5864 brevius,

2063 5871 2096 5938 ἡ
2127 5857 2469 5942 ἕμῇδιδςιχή.
2506 5857 2588 5917 Ab
2616 5857 2822 5918 iisdem
2866 5857 3028 5916 abest
3074 5861 3234 5914 etiam
3276 5857 3647 5926 appositivnut

2067 5937 2284 6009 saepe;
2327 5937 2588 5990 SYLBUIU.
