4496 6588
848 448 952 502 8θῦ

1982 446 2375 502 CLEMENTIS
2410 447 2877 505 ALEXANDRINI

4008 460 4113 517 θοι

2195 564 2422 621 CAPUT
2457 566 2645 622 XVIII.

1439 682 1683 738 Illustrat
1720 681 1856 734 illud
1893 682 2092 735 dictum
2132 682 2375 743 Apostoli
2402 698 2420 735 .‘
2464 702 2483 734 ί
2521 684 2749 737 Perdunt
2791 686 3106 752 sapientiam
3138 686 3457 753 sapientum.
3500 708 3517 739 ι

922 794 996 850 De
1018 794 1104 849 his
1133 803 1317 851 autem
1349 794 1481 851 dicit
1510 814 1523 849 :
1553 814 1571 846 ι
1603 794 1833 849 Pet-dam
1862 793 2183 866 sapientiam
2213 797 2428 865 sapien-
2457 803 2502 857 Α

852 897 965 941 tum
992 927 1008 952 ,
1048 895 1105 941 et
1154 888 1497 959 prudentiam
1528 886 1862 956 prudentum
1920 885 2171 941 abolebo.
2211 907 2229 938 ι
2269 885 2433 940 Infert

852 978 1035 1048 itaque
1061 979 1352 1051 Apostolus
1385 997 1399 1032 :
1437 998 1456 1031 ι
1494 976 1596 1033 Ubi
1634 979 1887 1048 sapiens?
1936 978 2025 1031 ubi
2074 980 2293 1033 scriba?
2339 980 2430 1034 ubi

849 1068 1147 1138 inquisitor
1199 1070 1368 1139 hujus
1438 1069 1678 1125 smculi?
1733 1089 1752 1122 ι
1825 1070 2079 1124 nimirum
2134 1086 2166 1123 a
2213 1072 2431 1137 scribis,

849 1157 1018 1230 hujus
1056 1159 1238 1216 sazculi
1266 1160 1644 1231 inquisitores,
1675 1162 2031 1232 philosophos
2061 1177 2127 1215 ex
2154 1164 2429 1233 gentibus,

848 1249 1207 1320 distinguens.
1270 1247 1290 1302 ἱ
1356 1249 1552 1307 Nonne
1598 1254 1819 1308 stultam
1878 1252 2006 1308 fecit
2047 1253 2189 1308 Deus
2238 1255 2427 1308 mundi

851 1342 1174 1411 sapientiam
1202 1343 1270 1396 αἳ
1306 1361 1325 1395 ι
1359 1344 1507 1414 quod
1538 1345 1765 1417 perinde
1795 1356 1899 1412 est,
1939 1362 2003 1401 ac
2057 1346 2277 1400 smitam
2331 1361 2423 1401 os-

849 1431 1041 1499 tendit,
1084 1442 1279 1489 etnon
1323 1451 1536 1502 veram,
1569 1445 1629 1492 ut
1675 1437 1752 1491 illi
1787 1452 1906 1492 eam
1962 1453 2084 1492 esse
2143 1439 2421 1508 putabant.

848 1523 916 1578 Et
940 1525 987 1579 si
1021 1541 1182 1597 roges
1212 1543 1437 1584 causam
1465 1535 1588 1598 λωι-
1627 1529 1728 1584 sibi
1761 1529 2076 1583 viderentur
2120 1531 2421 1599 sapientes:

852 1634 873 1665 σ
916 1625 1139 1687 propter
1167 1620 1462 1674 caecitatem
1515 1620 1695 1675 cordis
1740 1620 1985 1690 ipsorum
2011 1623 2064 1689 δ,
2102 1641 2121 1675 ι
2172 1624 2426 1693 inquiet:

852 1727 872 1759 ι
902 1708 1175 1775 Quoniam
1220 1712 1276 1765 in
1311 1709 1574 1780 sapientia
1602 1709 1719 1777 Dei,
1759 1729 1780 1763 ι
1832 1726 1898 1766 ea
1942 1727 2157 1782 nempe,
2191 1729 2313 1783 quae
2334 1728 2428 1782 per

2602 799 2711 851 Rati.
2743 797 2872 868 περὶ
2905 799 3109 852 τούτων
3142 797 3254 870 (27)
3288 799 3474 869 φησὶν,
3513 819 3533 852 ι
3558 803 3766 857 Ἀπολῶ
3792 804 3894 875 τὴν
3921 801 4112 872 σοφίαν

2533 888 2638 939 τῶν
2669 887 2865 957 σοφῶν,
2899 887 2995 939 καὶ
3023 889 3120 960 τὴν
3145 888 3355 941 σύνεσιν
3387 889 3493 944 τῶν
3523 893 3762 947 συνετῶν
3790 894 4058 965 ἀθετήσω.
4086 912 4106 944 ι

2546 975 2825 1046 Ἑπιφέρει
2867 973 2997 1042 γοῦν
3055 979 3085 1028 ὁ
3144 978 3479 1042 Ἀπόστολοςε
3541 998 3560 1030 ι
3596 981 3709 1032 Ποῦ
3763 985 3955 1054 σοφόςς
4007 983 4109 1038 ποῦ

2532 1066 2922 1134 γραμματεύς
2979 1066 3081 1119 ποῦ
3131 1070 3435 1143 συζητητὴς
3475 1070 3569 1124 τοῦ
3613 1071 3807 1136 αἰῶνος
3838 1076 4060 1141 eodem);
4088 1097 4106 1127 ι

2535 1155 2671 1226 πρὸς
2701 1156 3099 1228 ἁντιδιαστολὴν
3136 1159 3245 1213 τῶν
3278 1162 3668 1235 γραμματέων,
3701 1164 3828 1226 τοὺς
3853 1166 3945 1220 τοῦ
3982 1168 4116 1221 αἰῶ-

2536 1263 2625 1309 νος
2662 1246 2848 1299 τούτου
2882 1246 3147 1317 ζητητὰς,
3176 1251 3304 1313 τοὺς
3334 1251 3391 1316 ἐξ
3424 1251 3591 1306 ἐθνῶν
3640 1250 3980 1321 φιλοσόφους,
4015 1256 4114 1310 τά-

2536 1337 2653 1405 ξας.
2688 1359 2707 1391 ι
2733 1340 2868 1410 Οὐχὶ
2918 1339 3199 1412 ἐμώρανεν
3246 1344 3275 1394 ὁ
3312 1343 3446 1406 Θεὸς
3476 1346 3573 1416 τὴν
3616 1345 3807 1413 σοφίαν
3848 1345 3943 1397 τοῦ
3985 1349 4116 1403 κόσ-

2538 1449 2638 1501 μου
2672 1432 2782 1502 (28)
2804 1449 2818 1497 ;
2844 1454 2863 1482 ι
2891 1434 3089 1502 ἐπίσης
3118 1430 3215 1504 τῷ,
3239 1433 3428 1505 μωρὰν
3453 1435 3640 1500 ἔδειξε,
3668 1438 3762 1489 καὶ
3787 1437 3886 1491 οὐκ
3909 1436 4110 1508 ἀληθῆ,

2532 1523 2606 1585 ὡς
2631 1522 2815 1592 ᾤοντο.
2861 1524 2980 1578 Κᾶν
3015 1526 3158 1596 πύθῃ
3187 1526 3286 1598 τὴν
3331 1528 3508 1581 αἰτίαν
3536 1529 3636 1598 τῆς
3666 1529 3982 1598 δοξοσοφίας
4010 1531 4112 1583 αὑ-

2532 1614 2657 1677 τῶν,
2697 1633 2715 1664 ο
2748 1613 2837 1667 διὰ
2866 1614 2964 1685 τὴν
2997 1615 3250 1688 πώρωσιν
3281 1618 3380 1689 τῆς
3426 1620 3651 1691 καρδίας
3690 1620 3891 1683 αὒτῶνν
3918 1640 3936 1671 ’
3971 1622 4107 1692 ἔθετ’

2537 1725 2555 1755 ι
2586 1705 2802 1759 ἐπειδὰν
2830 1709 2887 1759 ἐν
2918 1710 2983 1777 τῇ
3030 1710 3194 1780 σοφία
3237 1711 3331 1764 τοῦ
3373 1712 3530 1775 Θεοῦ,
3557 1733 3576 1763 ι
3611 1713 3856 1766 τουτέστι
3882 1712 3973 1766 διὰ
3998 1714 4115 1768 τῶν

846 1801 1143 1869 prophetas
1190 1808 1277 1855 est
1319 1799 1663 1864 annuntiata,
1699 1817 1718 1852 ι
1752 1815 1863 1854 non
1905 1802 2159 1871 cognorit
2194 1801 2431 1855 mundus
2461 1808 2504 1861 B
2532 1811 2621 1865 πρ(

2336 1801 2431 1855 dus
2461 1808 2504 1861 Β
2532 1794 2824 1865 προφητῶν
2837 1797 3273 1871 κατηγγελμένῃ,
3294 1819 3311 1851 ι
3333 1802 3433 1855 οὐκ
3459 1803 3598 1871 ἔγνω
3623 1805 3652 1855 ὁ
3678 1805 3876 1875 κόσμος
3892 1802 3982 1857 διὰ
4011 1806 4111 1875 τῆς

847 1906 947 1960 per
980 1891 1329 1961 sapientiam,
1364 1909 1384 1941 ι
1435 1906 1560 1961 qua:
1607 1893 1820 1948 scilicet
1860 1893 2098 1961 loquitur
2155 1906 2252 1960 per
2308 1906 2437 1961 pro-

847 1981 1059 2050 phetas,
1106 2000 1124 2032 ι
1161 1982 1363 2051 ipsum,
1404 2001 1423 2034 ι
1456 1983 1667 2038 scilicet
1707 1983 1896 2048 Deum,
1930 2001 1949 2033 ί
1980 1980 2085 2051 ipsi
2114 1979 2226 2036 Deo
2253 1982 2435 2037 risum

846 2078 930 2123 est
958 2085 1055 2139 per
1084 2071 1530 2139 prasdicationem
1552 2072 1811 2139 stultitiae,
1848 2091 1865 2122 ι
1897 2087 2019 2141 qua:
2072 2070 2278 2128 Graecis
2327 2075 2436 2128 sci-

845 2161 974 2216 licet
1002 2162 1218 2217 videtur
1246 2179 1369 2219 esse
1399 2163 1646 2229 stultitia,
1703 2181 1723 2214 ι
1762 2162 1945 2218 salvos
1996 2162 2175 2218 facere
2207 2164 2436 2218 creden-

845 2266 930 2309 tes
963 2271 979 2311 :
1011 2253 1284 2320 Quoniam
1312 2253 1503 2322 Judaei,
1534 2254 1735 2324 inquit,
1778 2252 1933 2325 signa
1981 2264 2172 2325 petunt
2204 2274 2223 2305 ι
2259 2255 2326 2308 ad
2374 2254 2436 2307 Ii-

848 2346 997 2413 dem,
1020 2366 1038 2398 I
1077 2346 1250 2402 Graeci
1295 2358 1475 2401 autem
1507 2355 1762 2418 quaerunt
1790 2347 2116 2417 sapientiam
2143 2364 2158 2400 :
2197 2365 2215 2398 ι
2244 2363 2437 2417 nempe

849 2440 1146 2502 orationes,
1176 2454 1298 2510 quae
1313 2447 1582 2494 vocantur
1612 2438 2035 2508 ἁναγκαστικαί,
2066 2439 2173 2493 hoc
2205 2447 2309 2504 est,
2345 2453 2439 2493 ne-

849 2530 1091 2586 cessario
1124 2532 1575 2598 'concludentes,
1635 2541 1689 2586 et
1744 2531 1881 2585 alios
1940 2530 2151 2585 scilicet
2215 2531 2439 2601 syllogi-

849 2639 1021 2679 smos.
1059 2643 1079 2676 ι
1119 2622 1231 2679 Nos
1272 2635 1453 2679 autem
1504 2623 1868 2693 praedicamus
1923 2620 2109 2676 Iesum
2154 2619 2436 2676 Christum

847 2712 1196 2780 cruciﬁxum,
1226 2711 1428 2768 Iudaeis
1454 2712 1675 2782 quidem
1703 2711 2057 2776 scandalum;
2088 2729 2108 2763 ι
2136 2711 2282 2781 quod
2310 2726 2433 2765 cum

851 2807 1029 2861 sciant
1053 2806 1421 2877 pr0pbetiam,
1465 2821 1575 2859 non
1606 2802 1838 2859 credant
1868 2802 2088 2858 eventui
2129 2822 2143 2856 :
2180 2823 2198 2853 ι
2231 2801 2435 2857 Graecis

852 2907 1035 2953 autem
1088 2898 1379 2955 stultitiam
1408 2917 1465 2964 ›;
1502 2894 1743 2952 fabulam
1771 2895 1917 2951 enim
1951 2910 2072 2951 esse
2094 2894 2430 2961 existimant,

852 2991 948 3060 qui
1001 2991 1106 3046 sibi
1151 2992 1403 3046 videntur
1455 2990 1748 3060 sapientes,
1794 2987 1943 3059 quod
2006 3003 2103 3056 per
2155 2978 2435 3042 hominem

852 3079 1151 3136 FiliusDei
1189 3082 1466 3151 loquatur,
1493 3089 1546 3136 et
1574 3079 1719 3134 Deus
1765 3078 1964 3133 habeat
2017 3077 2213 3143 tilium,
2246 3086 2301 3132 et
2348 3077 2437 3131 ille

851 3174 928 3230 sit
955 3189 1152 3244 passus
1201 3192 1217 3229 :

852 3267 1241 3337 praeoccupati,
1273 3265 1493 3321 credere
1544 3265 1739 3319 nolint.
1789 3262 2094 3319 Servatoris
2140 3264 2287 3318 enim
2341 3263 2432 3317 ad-

853 3364 1072 3423 ventus,
1108 3371 1215 3411 non
1263 3355 1460 3411 stultos
1509 3354 1655 3422 fecit,
1701 3362 1754 3409 et
1786 3354 1955 3409 duros
2002 3354 2184 3420 corde,
2230 3364 2284 3410 et
2313 3354 2433 3408 inii—

853 3440 1023 3509 deles;
1057 3441 1151 3497 sed
1206 3441 1525 3512 prudentes,
1561 3450 1615 3497 et
1665 3450 1824 3512 aptos
1850 3442 2050 3512 quibus
2100 3444 2433 3513 persuadea—

856 3542 969 3598 tur,
1005 3541 1059 3589 et
1087 3542 1346 3604 praeterea
1396 3533 1602 3589 ﬁdeles.
1636 3533 1860 3600 Verum,
1895 3534 1991 3604 qui
2021 3548 2213 3604 parere
2245 3536 2435 3590 nolue-

856 3633 1006 3691 runt,
1038 3624 1108 3680 ab
1144 3641 1357 3691 eorum,
1389 3625 1484 3696 qui
1528 3625 1870 3691 obedierunt,
1900 3626 2208 3681 voluntaria
2256 3627 2438 3682 adita:-

856 3718 1010 3773 sione
1033 3717 1382 3783 discedendo,
1412 3717 1616 3773 ostensi
1668 3727 1792 3772 sunt
1825 3718 2217 3788 imprudentes,
2248 3729 2303 3773 et
2350 3720 2438 3772 in-

854 3809 1065 3875 ﬁdeles,
1119 3817 1174 3863 et
1207 3808 1378 3864 stulti.
1415 3827 1434 3859 ι
1477 3809 1614 3878 Ipsis
1661 3817 1842 3863 autem
1879 3810 2110 3877 vocatis,
2135 3808 2336 3865 Iudaeis
2386 3818 2441 3862 et

856 3905 1083 3972 Graecis,
1098 3905 1350 3961 Christus
1371 3902 1621 3967 est>I<Dei
1654 3903 1850 3966 virtus,
1868 3912 1917 3957 ct
1944 3901 2038 3956 Dei
2065 3901 2328 3971 sapientia
2355 3912 2398 3953 ο.
2416 3920 2433 3952 ι

854 3994 999 4051 Num
1032 4012 1160 4067 ergo
1209 3997 1379 4066 (quod
1418 4004 1501 4051 est
1541 3996 1704 4050 etiam
1748 3994 1966 4062 melius)
2015 3993 2439 4048 existimandum

856 4094 942 4141 est
999 4102 1121 4142 esse
1160 4087 1472 4155 negativum
1529 4086 1681 4152 illud,
1732 4104 1752 4136 ι
1796 4084 1932 4156 Οὐχὶ
1965 4084 2250 4156 ἐμώρανεν
2302 4084 2444 4137 Deus

857 4178 1183 4248 sapientiam
1229 4176 1444 4238 mundi.
1502 4196 1522 4230 ι
1553 4177 1805 4249 ,ρει-ἰιιᾱε
1863 4192 1929 4231 ac
1985 4177 2087 4230 οὐκ
2135 4174 2442 4247 ἐμώρανεν,

865 4289 885 4320 ι
917 4285 1023 4324 non
1057 4270 1278 4325 stultam
1330 4266 1480 4333 fecit,
1529 4288 1549 4321 ι
1603 4284 1673 4323 ne
1704 4283 1870 4323 causa
1921 4268 2139 4322 duritiei
2185 4268 2367 4323 cordis
2417 4284 2446 4321 a

861 4359 973 4415 Deo
1001 4362 1083 4416 eis
1118 4360 1265 4415 facta
1291 4362 1540 4415 videatur
1595 4379 1614 4412 ι
1652 4360 1748 4431 qui
1797 4359 2020 4414 stultam
2062 4358 2192 4414 fecit
2229 4360 2446 4429 sapien-

2541 1884 2750 1953 σοφίας,
2764 1904 2783 1934 ι
2799 1885 2898 1956 τῆς
2910 1884 2999 1938 διὰ
3008 1885 3116 1939 τῶν
3129 1891 3422 1959 προφητῶν
3439 1890 3722 1963 λαλούσης,
3733 1913 3751 1944 ι
3764 1895 3920 1947 αὺτδν
3942 1893 4073 1965 (‘29),
4087 1915 4107 1945 ι

2538 1977 2776 2049 δηλονότι
2819 1979 2909 2033 τὸν
2936 1979 3088 2033 Θεόν·
3124 1998 3142 2031 ι
3169 1980 3459 2052 εὐδόκησεν
3489 1979 3642 2048 οὗτος
3672 1985 3782 2056 (50)
3814 1988 3844 2039 ὁ
3871 1986 4001 2050 Θεὸς
4024 1986 4115 2040 διὰ

2538 2070 2630 2123 τοῦ
2657 2071 3009 2142 κηρύγματος
3034 2071 3132 2142 τῆς
3166 2072 3543 2144 μωρίας,›τῆς
3563 2074 3824 2147 δοκούσης
3860 2077 4113 2147 ’Ἕλλησιν

2538 2158 2673 2215 εἶναι
2706 2164 2937 2234 μωρίας,
2972 2183 2989 2214 ι
3017 2164 3189 2216 σῶσαι
3221 2165 3348 2228 τοὺς
3379 2167 3749 2232 πιστεύοντας·
3774 2171 3960 2241 ἐπειδὴ
3982 2172 4118 2224 Ἰου-

2535 2251 2692 2316 δαῖοι,
2709 2255 2862 2321 φησὶ,
2891 2256 3088 2323 σημεῖα
3103 2253 3312 2306 αἰτοῦσι
3333 2274 3351 2305 ι
3371 2257 3506 2325 πρὸς
3538 2258 3735 2311 πίστιν’
3760 2282 3778 2311 ι
3793 2261 4115 2331 Ἕλληνεςδὲ

2539 2342 2725 2411 σοφίαν
2768 2343 3020 2414 ζητοῦσι,
3051 2364 3067 2394 υ
3120 2346 3245 2407 τοὺς
3292 2346 3720 2415 ἁναγκαστικοίις
3754 2351 4118 2422 καλουμένους

2536 2433 2727 2502 λόγους
2745 2475 2760 2498 ,
2817 2435 2912 2488 καὶ
2962 2435 3089 2499 τοὺς
3140 2435 3332 2500 ἄλλους
3398 2438 3786 2511 συλλογισμοὺς
3849 2444 4111 2514 δηλονότι.

2545 2542 2564 2574 ι
2609 2525 2799 2595 Ἡμεῖς
2821 2524 2877 2577 δὲ
2910 2525 3260 2598 κηρύσσομεν
3291 2528 3497 2599 Ἰησοῦν
3528 2532 3636 2601 (5|)
3662 2533 3894 2602 Χριστὸν
3919 2536 4116 2589 ἐσταυ-

2542 2616 2803 2685 ρωμένονο
2853 2616 3126 2679 Ἰουδαίοις
3156 2618 3253 2688 μὲν
3285 2619 3597 2684 σκάνδαλον,
3636 2641 3655 2674 ι
3682 2623 3770 2675 διὰ
3793 2624 3883 2690 τὸ,
3911 2625 4115 2687 είδότας

2537 2708 2634 2779 τὴν
2661 2709 3012 2779 προφητείαν,
3050 2710 3125 2780 μὴ
3158 2712 3435 2765 πιστεύειν
3472 2717 3538 2785 τῇ
3574 2717 3814 2781 ἐκϐάσει,
3847 2736 3866 2768 ι
3894 2720 4115 2792 Ἕλλησι

2536 2800 2592 2852 δὲ
2628 2801 2854 2872 μωρίαν·
2888 2820 2906 2851 ι
2940 2801 3183 2872 μυθῶδες
3227 2805 3336 2875 γὰρ
3378 2806 3635 2876 ἡγοῦνται
3666 2810 3716 2860 οἱ
3746 2808 4114 2881 δοκησίσοφοι,

2536 2890 2626 2944 διά
2655 2908 2713 2944 τε
2740 2890 3028 2963 ἀνθρώπου
3063 2891 3190 2944 Υίδν
3222 2892 3357 2945 Θεοῦ
3392 2893 3592 2958 λαλεῖν,
3623 2898 3736 2949 υἱόν
3760 2916 3818 2951 τε
3851 2901 3993 2969 ἒχειν
4023 2902 4119 2955 τὸν

2539 2981 2673 3035 Θεὸν
2693 3022 2707 3046 ,
2744 2984 2836 3035 καὶ
2866 2981 2930 3053 δὴ
2962 2984 3057 3035 καὶ
3089 2983 3411 3037 πεπονθέναι
3452 2986 3674 3041 τοῦτον
3708 2989 3830 3042 ὅθεν
3862 2993 4113 3063 αὐτοὺςή

2541 3070 2809 3142 πρόληψις
2853 3072 2952 3141 τῆς
2993 3073 3220 3143 οἰήσεως
3258 3073 3540 3127 ἀναπείθει
3587 3077 3857 3131 ἀπιστεῖν.
3904 3080 3968 3132 Ἡ
4012 3081 4119 3150 γὰρ

1266 3189 1377 3244 quo
1427 3173 1507 3239 ﬁt,
1561 3184 1623 3229 ut
1674 3172 1843 3228 nimia
1887 3172 1974 3227 sui
2028 3170 2431 3227 existimatione
2461 3140 2502 3196 ϐ
2536 3162 2808 3232 παρουσία
2841 3162 2936 3216 τοῦ
2970 3164 3041 3216 Συ

2347 3186 2431 3227 me
2461 3140 2502 3196 (ἶ
2536 3162 2808 3232 παρουσία
2841 3162 2936 3216 τοῦ
2970 3164 3219 3235 M99;
3246 3167 3307 3218 οὐ
3344 3166 3561 3237 μωροὺς
3586 3169 3808 3239 ἐποίησε
3842 3173 3934 3224 καὶ
3962 3173 4122 3242 σκλη-

2535 3254 2872 3325 ροκαρδίους,
2905 3257 2997 3309 καὶ
3037 3258 3321 3321 ἀπίστους,
3354 3257 3490 3311 ἀλλὰ
3522 3260 3774 3324 συνετοὺς
3807 3265 3899 3315 καὶ
3931 3265 4117 3317 εὐπει-

2533 3344 2667 3409 θεῖς,
2703 3346 2925 3417 προσέτι
2966 3347 3207 3411 πιστούς.
3276 3347 3624 3419 Ἐδείχθησαν
3656 3349 3735 3413 δὲ,
3763 3353 3828 3404 ἐκ
3874 3354 3971 3423 τῆς
4008 3353 4121 3406 τῶν

2534 3438 2955 3492 ὑπακουσάντων
3011 3441 3261 3493 ἑκουσίου
3324 3441 3697 3510 προσκλίσεως
3738 3444 4118 3515 χωρισθέντες,

2534 3532 2582 3582 οἱ
2616 3531 2689 3602 μὴ
2736 3526 3092 3603 ἐθελήσαντες
3125 3533 3408 3587 πείθεσθαι
3441 3534 3688 3588 ἀσύνετοί
3728 3553 3807 3600 τε,
3857 3538 3947 3589 καὶ
3991 3538 4123 3591 ἄπι-

2537 3637 2684 3685 στοι,
2739 3622 2835 3675 καὶ
2888 3624 3080 3695 μωροί.
3123 3643 3141 3676 ιι
3174 3626 3368 3689 Αὐτοῖς
3412 3625 3469 3678 δὲ
3517 3630 3631 3690 τοῖς
3689 3626 3924 3698 κλητοῖς,
3990 3629 4124 3681 Ἰουο

2537 3711 2708 3776 δαίοις
2751 3731 2810 3766 τε
2860 3716 2955 3768 καὶ
2987 3715 3234 3787 Ἕλλησι,
3277 3717 3510 3788 Χριστὸς
3550 3716 3686 3771 Θεοῦ
3718 3718 3946 3789 δύναμίς
3976 3721 4118 3783 ἐστι,

2540 3804 2635 3857 καὶ
2686 3804 2823 3857 Θεοῦ
2874 3807 3053 3874 σοφίαο
3081 3826 3100 3858 ι
3131 3809 3221 3879 Μή
3259 3825 3312 3860 τι
3361 3805 3452 3862 οὖν
3501 3809 3659 3879 (ὅπερ
3702 3810 3795 3862 καὶ
3843 3810 4121 3880 ἄμεινον),

2542 3897 2876 3966 ἀποφατικὸν
2927 3898 3159 3968 ἡγητέον
3217 3900 3303 3964 τὸ,
3352 3919 3371 3953 ι
3403 3901 3536 3971 Οὐχὶ
3573 3900 3852 3973 ἐμώρανεν
3905 3905 3934 3955 ὁ
3990 3904 4122 3965 Θεὸς

2542 3990 2640 4058 τὴν
2700 3989 2891 4058 σοφίαν
2951 3989 3045 4043 τοῦ
3094 3991 3321 4062 κόσμου,
3358 4012 3377 4044 ι
3427 3992 3644 4065 ἐπίσης,
3690 4012 3708 4043 ι
3741 3993 3856 4046 Οὐκ
3904 3993 4124 4064 ἐμώρα-

2544 4097 2654 4145 νεν,
2681 4101 2699 4132 ι
2723 4081 2809 4135 ἵνα
2837 4081 2911 4153 μὴ
2938 4083 2971 4152 ἡ
2995 4082 3144 4137 αἰτία
3167 4084 3268 4154 τῆς
3295 4084 3722 4156 σκληροκαρδίας
3748 4086 3929 4149 αὐτοῖς
3973 4085 4125 4154 παρὰ

2544 4172 2638 4225 τοῦ
2683 4171 2819 4224 Θεοῦ
2855 4174 3112 4245 φαίνηται
3147 4175 3437 4246 γενομένη,
3471 4194 3490 4226 ι
3513 4176 3607 4229 τοῦ
3653 4178 3995 4248 μωράνοντος
4025 4178 4124 4249 τὴν

2549 4264 2775 4333 σοφίαν;
2802 4284 2820 4315 ι
2872 4266 2960 4319 Ἐν
2999 4269 3132 4321 πᾶσι
3157 4267 3289 4340 γὰρ,
3318 4267 3497 4321 καίτοι
3532 4271 3683 4338 σοφοὶ
3707 4270 3877 4333 ὄντες,
3905 4272 3965 4322 ἐν
4000 4272 4123 4341 μεί-

2552 4355 2667 4420 ζονι
2695 4357 2844 4428 αἰτίᾳ
2865 4356 3140 4425 γεγόνασι,
3171 4359 3245 4429 μὴ
3278 4358 3668 4422 πιστεύσαντες
3690 4360 3765 4431 τῷ
3787 4379 3855 4432 κη
3866 4361 4120 4433 ρύγματι”

859 4450 1033 4506 tiam?
1076 4469 1097 4502 ι
1139 4448 1379 4505 Omnino
1412 4451 1558 4504 enim
1593 4466 1718 4505 eum
1769 4449 2042 4520 sapientes
2093 4458 2296 4515 essent,
2328 4466 2444 4503 ma-
2477 4479 2518 4532 υ
2552 4450 2634 4501 ἐκ(

2343 4466 2444 4503 na-
2477 4479 2518 4532 υ
2552 4448 2799 4511 ἑκούσιος
2825 4448 2933 4519 γὰρ
2954 4449 2988 4519 ἢ
3013 4466 3071 4501 τε
3099 4450 3330 4520 αἵρεσις,
3353 4451 3388 4520 ἦ
3415 4466 3475 4502 τε
3497 4449 3597 4518 τῆς
3619 4450 3873 4522 ἀληθείας
3906 4453 4118 4526 ἐκλογή.

854 4542 962 4613 jori
999 4543 1171 4613 culpae
1198 4540 1354 4597 luere
1382 4541 1625 4606 obnoxii,
1658 4542 1752 4612 qui
1785 4541 2158 4613 praedicationi
2190 4556 2300 4595 non
2328 4558 2442 4594 crc-

859 4633 1116 4688 diderunt
1144 4653 1158 4689 :
1190 4633 1502 4688 voluntaria
1555 4633 1701 4688 enim
1742 4642 1826 4688 est
1875 4634 2069 4689 electio
2102 4645 2159 4688 et
2204 4632 2444 4687 delectus

862 4726 1125 4781 veritatis.
1215 4723 1525 4792 Quinetiam
1603 4723 1739 4778 illud
1790 4744 1802 4779 :
1866 4742 1885 4774 ι
1931 4724 2159 4779 Derdam
2230 4723 2448 4792 sapien-

862 4814 995 4869 tiam
1035 4817 1365 4884 sapientum,
1407 4834 1425 4866 ι
1464 4813 1605 4885 ejus,
1660 4829 1784 4885 quae
1837 4814 2201 4887 contemnitur
2229 4829 2293 4868 ac
2348 4812 2445 4866 de-

861 4905 1113 4975 spicitur,
1170 4905 1425 4960 barbarae
1476 4904 1844 4977 philosophiae
1905 4903 2247 4973 oppositione
2313 4902 2447 4957 dicit

862 4997 1207 5062 illustrasse;
1259 4997 1404 5052 sicut
1447 4996 1614 5050 etiam
1644 4998 1895 5064 lucerna,
1926 5011 2049 5067 qua:
2077 5010 2106 5049 a
2159 4996 2272 5050 sole
2321 4996 2446 5049 illu-

862 5097 1086 5155 stratur,
1124 5088 1327 5143 dicitur
1369 5087 1616 5158 periisse,
1653 5102 1720 5143 eo
1762 5089 1908 5158 quod
1943 5103 2052 5143 non
2085 5087 2157 5142 sit
2196 5087 2345 5156 paris
2368 5084 2449 5140 ef-

938 5251 996 5308 »3
1028 5244 1214 5321 p.371
1242 5242 1355 5299 ED.
1384 5242 1679 5314 POTTEB,
1718 5245 1823 5300 5M
1862 5245 1973 5303 ED.
2012 5242 2244 5303 PAms.

932 5388 1046 5461 (27)
1080 5390 1187 5443 Καὶ
1216 5388 1352 5457 περὶ
1378 5390 1621 5443 τούτων.
1654 5387 1815 5461 Forte
1830 5390 1938 5461 Δκαὶ
1966 5390 2060 5443 ἐπὶ
2080 5389 2303 5461 τούτων,
2336 5406 2362 5461 ι-
2388 5396 2441 5461 et

862 5457 1072 5525 deliis,
1116 5480 1134 5512 ι
1175 5470 1232 5513 ut
1262 5461 1617 5529 paulosupra
1648 5458 1893 5529 ἐπὶτῶν
1924 5457 2236 5529 προφητῶν,
2268 5470 2319 5512 et
2348 5457 2442 5507 ἐπὶ

859 5530 965 5583 τῶν
997 5530 1356 5597 κλεπτόντων.
1398 5528 1522 5582 Ἐπί
1551 5542 1729 5583 autem
1759 5528 1815 5597 in
1841 5530 1941 5584 hoc
1969 5528 2222 5597 loquendi
2249 5541 2443 5597 genere

865 5597 1039 5659 magis
1074 5594 1363 5665 convenire
1397 5608 1563 5665 quam
1606 5597 1753 5665 περί,
1783 5596 1952 5662 liquet
1994 5594 2162 5651 etiam
2196 5594 2274 5650 ex'
2311 5596 2436 5651 aliis

866 5663 1243 5730 scriptoribus,
1278 5664 1575 5730 przesertim
1607 5663 1918 5720 Aristotele.
1952 5664 2221 5722 SYLBURG.

937 5732 1049 5801 (28)
1094 5731 1504 5805 ΔΊόιῖν-κόςγμου.
1564 5730 1718 5805 Vulg.
1770 5733 1889 5788 Bib.
1925 5733 1944 5786 I
1979 5737 2107 5793 Cur.
2145 5754 2198 5803 ι,
2241 5735 2434 5805 majori

866 5802 1130 5873 emphasi,
1156 5802 1249 5856 τοῦ
1279 5803 1479 5873 κόσμου
1512 5803 1719 5859 τούτου.
1750 5805 2008 5861 Ξγιιςιτιιο.

938 5871 1050 5943 μεθ)
1080 5874 1292 5926 Αὐτόν.
1325 5871 1475 5943 Θεόν,
1512 5875 1525 5926 I
1553 5875 1684 5929 Cur.

2325 5256 2355 5288 ι
2387 5243 2555 5299 ICor.
2597 5262 2634 5313 ι,
2683 5247 2773 5309 I9,
2815 5244 2907 5297 20.

2560 4537 2718 4593 Ἀλλὰ
2774 4539 2870 4593 καὶ
2918 4541 2998 4604 τὸ,
3038 4562 3056 4592 ι
3098 4543 3303 4596 Ἀπολῶ
3349 4544 3450 4613 τὴν
3494 4543 3685 4612 σοφίαν
3729 4543 3836 4596 τῶν
3872 4546 4068 4614 σοφῶν,
4105 4569 4119 4593 ο

2548 4634 2614 4702 τῇ
2657 4632 2755 4703 τῆς
2800 4634 3313 4704 καταφρονουμένης
3349 4633 3775 4705 ὑπερορωμένης
3826 4634 3933 4706 (52)
4004 4637 4129 4706 βαρ·

2553 4720 2719 4793 ϐάρου
2755 4720 3072 4789 φιλοσοφίας
3109 4722 3527 4793 ἁντιπαραθέσει
3562 4723 3909 4793 καταλάμψαι
3940 4726 4123 4796 φησίν·

2551 4811 2626 4876 ὡς
2675 4813 2769 4865 καὶ
2802 4813 2830 4864 ὁ
2862 4810 3087 4882 λύχνος,
3122 4812 3225 4866 ὑπὸ
3272 4813 3363 4866 τοῦ
3414 4813 3564 4885 ἡλίου
3619 4812 4124 4885 καταλαμπόμενος,

2553 4903 2890 4957 ἀπολωλέναι
2922 4904 3157 4973 λέγεται,
3191 4903 3270 4974 τῷ
3308 4904 3382 4975 μὴ
3414 4906 3514 4976 τὴν
3544 4902 3667 4973 ἴσην
3708 4906 3946 4958 ἐκτελεῖν
3980 4905 4125 4973 ἐνέρ-

2552 5014 2724 5064 γειαν.
2769 4997 2994 5050 Πάντων
3048 4999 3224 5052 τοίνυν
3280 4996 3581 5069 ἀνθρώπων
3637 4997 4022 5069 κεκλημένων,
4078 4998 4126 5047 οἱ

2556 5090 2861 5144 ὑπακοῦσαι
2886 5088 3253 5161 βουληθέντες,
3283 5112 3299 5142 ι
3322 5090 3510 5161 κλητοὶ
3533 5088 3644 5163 (55)
3664 5106 3681 5137 ι
3709 5089 4123 5161 ὠνομάσθησαν.

2990 5246 3019 5285 ιι
3051 5247 3247 5318 Ephes.
3280 5263 3355 5311 Iv,
3386 5244 3473 5298 18.
3562 5254 3585 5282 ε
3615 5243 3634 5297 I
3672 5245 3801 5300 Cor.
3851 5259 3891 5309 ι,
3936 5239 4121 5294 21-24.

2620 5384 2734 5453 (50)
2776 5383 2985 5449 Οὗτος.
3032 5387 3200 5441 Abest
3224 5384 3299 5440 aI
3327 5384 3458 5438 Cor.
3502 5382 3622 5439 Mox
3660 5385 3761 5453 τῆς
3793 5379 4006 5452 μωρίας
4031 5379 4126 5432 τοῦ

2547 5474 2616 5526 κη
2625 5454 2924 5526 ρύγματος.
2951 5456 3092 5526 Ibid.

2615 5523 2696 5595 (5|
2715 5523 2745 5591 )⁷
2774 5525 3033 5590 Ἰησοῦν.
3061 5526 3233 5595 Abest
3256 5539 3287 5576 a
3317 5525 3461 5592 vulg.
3496 5523 3614 5579 Bib.

2616 5586 2731 5664 (ὅθ)
2758 5586 3334 5663 Κάταφρονουμένης
3352 5586 3827 5664 ὺεὲερορωμένῗηςξ
3854 5586 3954 5642 Hic
3975 5604 4128 5660 asyn-

2540 5659 2848 5728 detoucst;
2878 5659 3039 5734 quale
3069 5659 3235 5733 supra
3268 5659 3591 5733 notatum
3616 5659 3753 5734 136.
3788 5659 4049 5734 Sustine.

2616 5736 2727 5803 (55)
2761 5729 2996 5804 κλητοί.
3029 5737 3045 5788 ι
3073 5729 3203 5789 Cor.
3234 5750 3273 5799 1,
3304 5736 3376 5789 21
3404 5753 3418 5792 :
3442 5729 3634 5804 Αὐτοῖς
3660 5732 3731 5804 δὲ*
3749 5732 3861 5804 τοῖς
3888 5729 4128 5800 κλητοὴ,

2553 5799 2827 5868 Ἰουδαίοις
2857 5799 2915 5858 τε
2946 5811 3040 5861 καὶ
3070 5805 3316 5875 Ἕλλησι,
3340 5804 3574 5875 Χριστὺν
3601 5799 3735 5854 Θεοῦ
3764 5799 4130 5872 (Sumptuum

2543 5876 2677 5929 Θεοῦ
2713 5878 2927 5947 σοφίαν.
