4496 6588
424 479 530 536 8ὓὸ

1699 483 1736 532 S
1753 481 1925 536 Ilio)!
1945 483 2071 539 ιιι
2085 484 2132 538 SI
2171 482 2300 538 LIB.
2347 485 2384 538 1.

3575 491 3677 546 806

421 601 495 653 οὐ
543 605 651 671 γάρ
684 602 830 656 ἐστιν
863 601 1046 657 ἀδικία
1076 602 1185 676 (54)
1219 609 1370 678 παρά
1402 608 1478 675 τιξι
1521 607 1656 677 θεῷ.
1695 606 1899 660 Λύτίκα
1933 607 1991 672 ἐξ
2018 610 2190 669 Alica

1933 607 1991 672 ἐξ
2018 607 2311 669 Alicaciaa.
2359 607 2497 661 Cum
2548 620 2682 678 ergo
2720 622 2910 666 omnes
2968 611 3216 667 homines
3269 621 3551 679 vocentur,
3582 614 3677 683 qui

419 694 679 764 ἑκατέρου
703 695 896 760 γένους
925 697 973 748 οἱ
1007 700 1392 760 πιστεύσαντες
1410 737 1424 760 ,
1458 693 1601 752 οὗτοι
1630 719 1646 750 ι
1680 698 1807 762 λαὸς
1834 716 1988 770 περι-

418 786 598 848 sisto;
645 784 775 853 (55).
804 806 821 836 ι
865 788 982 842 Κάν
1015 792 1130 852 ταῖς
1209 789 1454 859 Πράξεσι
1509 792 1615 844 τῶν
1681 792 1989 844 ἀποστόλων

419 877 600 948 εὖροις
636 875 700 928 ἂν
727 877 863 931 κατά
887 880 1047 946 λέξιν,
1080 901 1096 932 ι
1122 883 1184 935 Ol
1221 884 1318 954 μὲν
1352 877 1443 934 οῦν
1469 883 1855 953 ἀποδεξάμενοι
1880 885 1988 954 (56)

416 969 507 1020 τὸν
542 966 694 1034 λόγον
716 971 878 1024 αὑτοῦ
902 973 1324 1044 ἐϐαπτίσθησαν·
1356 994 1373 1025 ι
1410 977 1456 1028 οἱ
1480 976 1535 1029 δὲ
1563 976 1636 1046 μὴ
1672 975 1989 1046 θελήσαντες

420 1057 697 1110 πείθεσθαι
744 1063 966 1126 ἑαυτοὺς
998 1065 1313 1135 ἀπέστησαν
1345 1066 1562 1140 δηλαδή.
1599 1067 1742 1138 Πρὸς
1772 1067 1990 1132 τούτους

417 1153 450 1220 ἠ
485 1153 784 1222 προφητεία
836 1156 1001 1225 λέγει·
1043 1179 1058 1207 ι
1092 1159 1208 1212 Κᾶν
1247 1158 1457 1229 θέλητε,
1505 1162 1597 1213 καὶ
1638 1161 1988 1232 εἰσακούσητέ

421 1262 544 1314 μου,
579 1245 644 1298 τά
684 1249 859 1316 ἀγαθά
890 1253 987 1322 τῆς
1021 1251 1124 1320 γῆς
1150 1252 1405 1320 φάγεσθε·
1431 1274 1448 1304 ι
1598 1257 1729 1325 ἡμῖν
1763 1255 1992 1326 κείμενα

416 1335 760 1405 διελέγχουσα
822 1343 915 1394 καὶ
968 1341 1064 1412 τὴν
1111 1344 1353 1415 αἵρεσιν,
1403 1348 1496 1400 καὶ
1550 1348 1644 1418 τὴν
1697 1349 1986 1419 ἐκτροπὴν.

423 1449 440 1480 ι
469 1429 601 1483 Θεοῦ
629 1452 644 1480 ι
682 1432 735 1484 δέ
768 1433 984 1505 εἴρηκεν
1017 1437 1044 1486 ὁ
1084 1435 1398 1501 Ἀπόστολος
1435 1439 1529 1510 τὴν
1565 1438 1704 1492 κατὰ
1752 1439 1840 1492 τὸν
1880 1439 1990 1493 Κύ-

421 1540 530 1594 ριον
561 1523 903 1580 διδασκαλίαν
943 1547 960 1576 ‹
989 1527 1195 1596 σοιρίαν·
1225 1549 1242 1580 ι
1273 1531 1360 1584 ἴνα
1385 1531 1533 1605 δείξῃ
1566 1533 1662 1603 τὴν
1697 1531 1871 1602 ἀληθῆ
1906 1549 1990 1599 φι-

416 1615 667 1684 λοσοφίαν
716 1615 930 1671 δι’Υίοῦ
961 1619 1415 1692 παραδιδομένην.
1468 1623 1627 1677 Ἀλλά
1669 1624 1778 1694 γάρ
1831 1626 1924 1677 καὶ
1962 1626 1990 1675 ὁ

414 1706 768 1776 δοκησίσοφος
814 1711 1166 1779 παραινέσεις
1216 1711 1330 1781 ἔχει
1374 1713 1668 1778 τινὰς,τάς
1721 1715 1870 1785 παρὰ
1915 1715 1990 1786 τῷ

428 1800 731 1869 Ἀποστόλῳ
775 1803 1096 1866 κελευούσας
1135 1823 1153 1854 ι
1186 1804 1502 1859 ἐνδύσασθαι
1547 1810 1638 1861 τὸν
1676 1809 1862 1861 καινὸν
1902 1809 1992 1862 ἆν-

416 1889 631 1961 Ορωπον
671 1893 758 1944 τὸν
793 1897 931 1948 κατὰ
973 1896 1103 1948 Θεὸν
1143 1895 1431 1950 κτισθέντα
1463 1901 1520 1950 ἐν
1549 1900 1864 1970 δικαιοσύνῃ
1898 1900 1992 1952 καὶ

413 1983 650 2051 ὁσιότητι
696 1983 794 2054 τῆς
849 1986 1123 2057 ἀληθείας.
1181 1987 1271 2041 Διὸ
1303 1988 1625 2058 ἀποθέμενοι
1671 1989 1730 2042 τὸ
1773 1989 1987 2058 ψεῦδος,

414 2071 626 2126 λαλεῖτε
672 2073 945 2145 ἀληθειαν.
993 2081 1084 2149 Μὴ
1125 2080 1294 2133 δίδοτε
1334 2081 1495 2133 τόπον
1526 2079 1604 2150 τῷ
1642 2080 1888 2151 διαϐόλῳ.
1932 2079 1989 2135 Ὁ

415 2165 662 2217 κλέπτων
699 2167 893 2236 μηκέτι
939 2171 1233 2224 κλεπτέτω·
1283 2171 1481 2242 μᾶλλον
1519 2171 1575 2223 δέ
1604 2172 1864 2235 κοπιάτω,
1894 2174 1988 2243 ἐρ-

413 2256 714 2327 γαζόμενος
741 2258 800 2310 τὸ
827 2259 1025 2327 ἀγαθὸν
1054 2281 1070 2312 ι
1115 2261 1464 2332 (ἐργάζεσθαι
1498 2264 1552 2316 δέ
1588 2266 1700 2316 ἐστι
1727 2265 1785 2317 τὸ
1820 2281 1990 2334 προσ-

414 2354 661 2402 εκπονεῖν
699 2348 960 2422 ζητοῦντα
991 2353 1087 2423 τὴν
1121 2355 1395 2425 ἀλήθειαν·
1437 2358 1531 2408 σὺν
1560 2355 1666 2428 γάρ
1704 2361 1768 2427 τῇ
1799 2357 1987 2426 λογικῇ

415 2441 665 2512 εὐποιία)
729 2441 857 2494 «ἵνα
921 2442 1079 2512 ἔχητε
1133 2445 1242 2515 (57)
1312 2445 1628 2516 μεταδοῦναι
1680 2446 1755 2516 τῷ
1804 2447 1990 2517 χρείαν

417 2531 608 2601 ἔχοντι,
637 2553 652 2581 ι
681 2534 774 2587 καὶ
805 2533 904 2604 τῆς
927 2537 1194 2606 κοσμικῆς
1227 2537 1564 2606 περιουσίας,
1601 2538 1694 2590 καὶ
1717 2538 1814 2607 τῆς
1843 2538 1991 2600 θείας

419 2623 628 2691 σοφίας.
665 2623 919 2678 Βούλεται
965 2627 1072 2698 γάρ
1110 2626 1526 2683 ἐκδιδάσκεσθαι
1567 2629 1656 2680 τὸν
1687 2628 1863 2697 λόγον,
1898 2630 1992 2682 καὶ

419 2717 500 2777 εἰς
531 2715 629 2776 τὰς
658 2717 926 2784 τραπέζας
968 2718 1078 2786 (58)
1120 2717 1182 2769 τὸ
1221 2716 1480 2788 ἀργύριον
1513 2717 1816 2786 βάλλεσθαι,
1849 2717 1991 2771 δεδο-

427 2805 768 2873 κιμασμένον
812 2807 1086 2876 ἀκριϐῶς,
1133 2809 1213 2870 είς
1260 2807 1318 2859 τὸ
1363 2805 1781 2870 ἐκδανείζεσθαι.
1833 2805 1992 2859 Ὅθεν

417 2898 686 2967 ἐπιφέρει·
728 2917 745 2948 ι
773 2900 939 2966 Λόγος
973 2901 1178 2970 σαπρὸς
1207 2901 1267 2951 ἐκ
1299 2899 1389 2951 τοῦ
1423 2899 1689 2969 στόματος
1731 2901 1879 2968 ὑμῶν
1920 2900 1992 2972 μὴ

417 2987 819 3057 ἐκπορευέσθω.
854 3009 871 3040 ι
901 2990 1113 3059 Σαπρὸς
1155 2990 1311 3056 λόγος
1349 2984 1524 3052 οὗτος,
1570 2993 1598 3044 ὁ
1643 2989 1701 3054 ἐξ
1733 2991 1985 3060 οἰήσεωςο

421 3100 438 3129 ε
477 3079 591 3132 ἀλλ’
622 3079 675 3132 εί
708 3098 790 3143 τις
825 3081 1021 3147 ἀγαθὸς
1067 3081 1201 3152 πρὸς
1229 3081 1512 3152 οἰκοδομὴν
1537 3083 1634 3152 τῆς
1659 3083 1866 3152 χρείας,
1903 3082 1988 3135 ἵνα

415 3159 491 3230 δῷ
523 3164 680 3232 χάριν
700 3169 810 3229 τοῖς
844 3169 1148 3222 ἀκούουσιν.
1177 3190 1194 3220 ι
1215 3171 1443 3239 Ἀγαθοῦ
1467 3172 1511 3224 δ’
1528 3171 1592 3225 ἂν
1617 3174 1828 3244 ἀνάγκη
1853 3174 1986 3227 Θεοῦ

417 3251 616 3319 ἀγαθὸν
641 3255 730 3307 τὸν
763 3257 935 3326 λόγον.
978 3259 1100 3324 Πῶς
1134 3260 1189 3313 δὲ
1217 3261 1316 3314 οὐκ
1347 3261 1550 3330 ἀγαθὸς
1573 3263 1600 3314 ὁ
1629 3263 1845 3328 σώζων;

2098 698 2387 752 voluerunt
2419 698 2661 763 obedire,
2715 702 2978 756 nominati
3037 717 3163 757 sunt
3206 725 3223 754 ι
3263 705 3461 758 vocali.
3494 723 3512 754 ι
3561 705 3676 759 Non

2097 799 2181 844 est
2213 792 2355 844 enim
2390 790 2530 860 apud
2565 790 2734 846 Deum
2788 793 3078 862 injustitia.
3125 794 3242 849 Jam
3296 812 3427 850 vero
3475 797 3570 868 qui
3613 812 3678 851 ex

2097 891 2330 950 utroque
2370 881 2571 951 populo
2616 883 2983 951 crediderunt,
3016 887 3049 939 ii
3095 897 3222 940 sunt
3263 907 3282 936 σ
3319 889 3552 957 populus
3585 903 3679 958 pc-

2097 972 2341 1027 culiaris.
2377 991 2395 1024 ι
2436 971 2501 1026 Et
2525 971 2579 1026 in
2625 976 2776 1028 Actis
2804 979 3174 1044 apostolorum
3222 977 3326 1032 hoc
3385 980 3468 1034 his
3498 980 3682 1033 verbis

2099 1063 2372 1117 inveneris
2421 1081 2432 1116 :
2478 1081 2496 1113 ι
2535 1062 2638 1128 Qui
2673 1065 2858 1134 itaque
2888 1067 3110 1120 verbum
3151 1066 3270 1135 ejus
3303 1078 3677 1137 susceperunt,

2098 1154 2352 1224 baptizati
2404 1163 2534 1209 sunt
2581 1166 2629 1208 δ.
2667 1175 2684 1206 ι
2744 1156 2850 1222 Qui
2877 1165 3057 1210 autem
3108 1160 3405 1212 noluerunt
3468 1175 3678 1228 parere,

2098 1249 2310 1315 scipsos
2342 1249 2552 1303 scilicet
2595 1248 3059 1304 abalienavernnt.
3113 1251 3192 1304 Ad
3227 1267 3323 1305 eos
3375 1250 3510 1306 dicit
3556 1266 3680 1319 pro-

2097 1339 2280 1408 phetia
2315 1360 2326 1394 :
2362 1360 2379 1392 ι
2411 1340 2478 1396 Et
2509 1343 2554 1396 si
2583 1343 2776 1406 velitis,
2806 1353 2860 1396 et
2892 1360 2978 1397 me
3006 1343 3312 1408 audieritis,
3346 1344 3485 1396 bona
3521 1352 3682 1396 terra:

2097 1433 2448 1488 comedetish
2488 1449 2503 1487 :
2543 1451 2563 1485 ι
2603 1435 2656 1487 in
2698 1436 2856 1489 nobis
2905 1436 3072 1490 situm
3131 1449 3252 1489 esse
3311 1449 3570 1504 arguens,
3620 1443 3683 1488 ut

2097 1523 2380 1592 eligamus,
2421 1532 2474 1579 et
2521 1524 2876 1579 declinemus.
2916 1544 2933 1576 ι
2975 1525 3070 1580 Dei
3107 1545 3127 1576 ι
3184 1536 3363 1579 autem
3415 1543 3434 1575 ι
3472 1524 3685 1594 sapien-

2097 1616 2228 1671 tiam
2265 1634 2283 1666 ι
2323 1617 2460 1670 dixit
2501 1616 2794 1686 Apostolus
2826 1617 3134 1671 doctrinam
3164 1632 3285 1686 quae
3322 1625 3406 1669 est
3456 1632 3519 1669 ex
3573 1615 3683 1670 00—-

2098 1708 2271 1772 mino,
2305 1718 2362 1762 ut
2398 1725 2581 1762 veram
2616 1708 3018 1778 philosophiam
3075 1709 3384 1762 ostenderet
3413 1707 3552 1761 tradi
3584 1722 3680 1775 per

2096 1800 2319 1856 Filium.
2357 1799 2666 1865 Quinetiam
2697 1799 2792 1868 qui
2842 1798 2945 1852 sibi
2987 1798 3198 1851 videtur
3247 1799 3487 1866 sapiens,
3521 1797 3684 1850 habet

2096 1893 2364 1964 quasdam
2410 1891 2824 1956 admonitiones,
2859 1907 2984 1960 quae
3018 1890 3214 1960 jubent
3265 1889 3407 1958 apud
3448 1889 3684 1958 Aposto-

2021 1973 2204 2040 I‘lum
2258 2005 2276 2036 ι
2336 1984 2560 2037 induere
2607 1998 2808 2036 novum
2865 1984 3164 2047 hominem,
3235 1981 3329 2051 qui
3377 1980 3682 2036 secundum

2097 2074 2265 2128 Deum
2301 2083 2521 2128 creatus
2547 2081 2631 2126 est
2673 2070 2728 2124 in
2773 2071 2985 2140 justitia
3017 2081 3073 2126 et
3102 2073 3391 2126 sanctitate
3413 2069 3681 2123 veritatis.

2095 2165 2463 2232 Quamobrem
2503 2165 2841 2233 deponentes
2870 2161 3236 2226 mendacium,
3275 2162 3562 2232 loquimini
3590 2176 3684 2214 ve-

2095 2255 2446 2312 ritatem.1\'e
2487 2257 2629 2312 detis
2685 2258 2866 2310 locum
2926 2255 3167 2308 diabolo.
3220 2252 3324 2318 Qui
3371 2251 3679 2314 iurabatur,

2097 2364 2204 2401 non
2247 2346 2480 2414 amplius
2510 2345 2741 2411 furetur,
2771 2343 2865 2400 sed
2921 2343 3108 2412 potius
3166 2341 3398 2406 laboret,
3447 2352 3683 2406 operaus

2099 2441 2300 2494 bonum
2347 2460 2365 2491 ι
2403 2441 2636 2510 (operari
2688 2448 2866 2492 autem
2926 2445 3011 2492 est
3047 2434 3355 2489 allaborare
3389 2429 3682 2500 qua-rendo

2093 2533 2377 2586 veritatem
2413 2551 2424 2584 :
2460 2549 2584 2585 nam
2618 2532 2970 2599 conjunctqu
3019 2540 3104 2584 est
3133 2529 3232 2593 illi,
3262 2542 3385 2595 qua:
3426 2538 3683 2578 sermone

2091 2627 2171 2690 lit,
2225 2624 2650 2693 benelicientize)
2698 2643 2715 2675 ι
2758 2633 2816 2677 ιιι
2869 2623 3132 2692 impertiri
3183 2619 3409 2690 possitis
3457 2616 3508 2670 ei
3587 2613 3682 2684 qui

2093 2731 2232 2782 Opus
2267 2716 2445 2780 habet,
2488 2736 2506 2766 ι
2551 2725 2605 2770 et
2647 2718 2939 2770 saaculares
2978 2715 3187 2782 copias,
3231 2720 3285 2766 et
3325 2709 3562 2763 divinam
3593 2721 3683 2759 sa-

2094 2808 2376 2876 pientiam.
2431 2805 2558 2860 Vult
2585 2807 2731 2862 enim
2767 2809 2990 2862 verbum
3050 2807 3254 2870 doceri,
3307 2811 3360 2858 et
3391 2808 3679 2870 argentum

2097 2899 2302 2953 mensis
2324 2900 2440 2954 dari
2466 2900 2701 2964 perfecte
2749 2905 3146 2965 examinatum,
3180 2907 3239 2952 ut
3266 2897 3422 2950 detur
3456 2890 3676 2946 femori.

2099 2988 2253 3045 Unde
2283 2991 2446 3046 infert
2480 3012 2493 3048 :
2543 3014 2562 3046 ι
2600 2997 2779 3066 Turpe
2821 2996 3047 3050 verbum
3090 3008 3160 3046 ex
3205 3005 3302 3045 ore
3329 2997 3512 3040 vestro
3566 2997 3674 3036 non

2097 3093 2274 3136 exeat.
2312 3103 2330 3134 ›
2373 3083 2426 3138 Id
2459 3096 2639 3140 autem
2677 3097 2834 3157 turpe
2857 3096 2964 3149 est,
2990 3086 3137 3154 quod
3179 3078 3423 3150 procedit
3463 3091 3530 3128 ex
3561 3073 3680 3142 opi-

2095 3176 2281 3240 nione,
2310 3192 2475 3246 quam
2506 3179 2572 3232 de
2599 3195 2657 3233 se
2686 3181 2810 3249 quis
2832 3179 3069 3247 concipit
3097 3194 3110 3231 ;
3154 3194 3172 3226 ι
3206 3172 3300 3230 sed
3332 3171 3376 3226 si
3406 3168 3549 3239 quod
3593 3175 3679 3220 est

2016 3258 2063 3320 C
2096 3266 2298 3322 bonum
2330 3270 2396 3324 ad
2431 3269 2844 3325 azdilieationem
2891 3269 3162 3334 utilitatis,
3219 3275 3277 3320 ut
3315 3267 3407 3319 det
3441 3260 3676 3331 gratiam

417 3347 759 3404 audientibus
792 3361 839 3403 ε.
883 3371 902 3402 ι
943 3351 1077 3406 Boni
1107 3364 1287 3409 autem
1341 3355 1458 3424 Dei,
1493 3357 1695 3412 bonum
1742 3359 1813 3413 sit
1865 3359 2088 3415 verbum
2137 3379 2365 3420 necesse
2421 3377 2523 3421 est.
2575 3367 2861 3434 Quomodo
2919 3376 3098 3421 autem
3153 3367 3382 3418 nonest
3447 3357 3676 3420 bonum,

415 3439 561 3508 quod
608 3442 815 3496 salvum
871 3441 1001 3497 facit
1024 3444 1046 3496 ?

1840 3569 2070 3627 CAPUT
2107 3572 2247 3630 XIX.

1133 3678 1482 3749 Philosophe:
1537 3681 1772 3752 aliquam
1838 3687 2077 3740 veritatis
2153 3700 2358 3758 partem
2426 3689 2716 3758 percepisse
2780 3685 2990 3757 probat.

495 3795 646 3848 Ἐπεὶ
692 3791 784 3848 οῦν
826 3793 1222 3866 μαρτυροῦνται
1269 3795 1443 3866 ἀληθῆ
1489 3814 1607 3850 τινα
1643 3796 1986 3868 δογματίζειν

411 3889 508 3942 καὶ
534 3887 812 3957 Ἕλληνες,
847 3888 1021 3954 ἔξεστι
1064 3888 1356 3943 κάντεῦθεν
1391 3893 1628 3943 σκοπεῖν.
1677 3892 1738 3943 '0
1772 3893 1982 3958 Παῦλος

411 3982 470 4032 ὲν
491 3982 608 4042 ταῖς
640 3979 876 4050 Πράξεσι
903 3979 1011 4031 τῶν
1051 3981 1362 4034 ἀποστόλων
1411 3983 1779 4053 ἀναγράφεται
1813 3982 1984 4052 λέγων

413 4071 548 4143 πρὸς
577 4071 701 4133 τοὺς
740 4070 1146 4140 Ἀρεοπαγίτας
1173 4092 1189 4120 ι
1213 4073 1810 4144 Δεισιδαιμονεστέρους
1844 4075 1985 4145 ὑμᾶς

411 4162 626 4234 θεωρῶο
676 4163 1017 4234 διερχόμενος
1072 4167 1178 4234 γάρ
1235 4165 1326 4216 καὶ
1375 4164 1601 4236 ἱστορῶν
1634 4167 1743 4236 (59)
1776 4165 1845 4219 τὰ
1896 4184 1985 4219 σε-

410 4254 667 4324 ϐάσματα
711 4254 886 4323 ὑμῶν,
942 4248 1098 4323 εὗρον
1146 4254 1347 4324 βωμὸν,
1383 4258 1440 4308 ἐν
1585 4258 1984 4329 άνεγέγραπτο,

422 4351 720 4418 Ἁγνῶστιιι
756 4347 894 4414 Θεῷ.
933 4350 1028 4401 Ὃν
1055 4346 1146 4401 οὖν
1179 4347 1495 4416 ἀγνοοῦντες
1542 4349 1837 4414 εὐσεϐεῖτε,
1865 4353 1987 4404 τοῦ-

407 4455 496 4492 τον
536 4440 646 4507 ἐγὼ
701 4441 1052 4510 καταγγέλλω
1098 4443 1244 4510 ὑμῖν.
1300 4442 1358 4493 Ὀ
1390 4441 1520 4505 Θεὸς
1551 4444 1580 4495 ὁ
1616 4444 1845 4514 ποιήσας
1893 4445 1981 4496 τὸν

408 4531 609 4600 κόσμον
651 4534 746 4584 καὶ
787 4534 959 4586 πάντα
1005 4532 1072 4585 τά
1114 4535 1171 4584 ἐν
1217 4533 1380 4603 αὐτῷ·
1417 4529 1598 4597 οὗτος,
1627 4534 1854 4605 ούρανοῦ
1888 4536 1981 4588 καὶ

406 4624 510 4694 γῆς
555 4624 813 4693 ὑπάρχων
862 4627 1084 4698 Κύριος,
1124 4625 1221 4677 οὐκ
1271 4629 1328 4678 ἐν
1381 4629 1773 4698 χειροποιήτοις
1829 4630 1976 4690 ναοῖς

406 4717 665 4769 κατοικεῖ*
715 4716 833 4768 ούδέ
885 4718 988 4769 ὑπὸ
1041 4716 1236 4787 χειρῶν
1295 4717 1648 4788 ἀνθρωπίνων
1709 4717 1973 4788 θεραπεύ-

407 4827 544 4875 εται,
574 4809 969 4880 προσδεόμενός
1003 4832 1164 4878 τινος,
1196 4813 1353 4874 αὐτὸς
1381 4812 1502 4874 δοὺς
1533 4813 1642 4882 (40)
1675 4815 1806 4866 πᾶσι
1833 4811 1979 4883 ζωὴν

407 4905 497 4955 καὶ
541 4901 722 4971 πνοὴν,
759 4905 854 4956 καὶ
896 4905 963 4957 τὰ
1012 4910 1205 4962 πάντα·
1243 4905 1463 4977 ἐποίησέ
1496 4922 1555 4957 τε
1603 4905 1662 4970 ἐξ
1709 4908 1824 4968 ἐνὸς
1869 4909 1978 4960 πᾶν

405 4994 560 5060 γένος
607 4993 923 5064 ἀνθρώπων,
976 5002 1247 5052 κατοικεῖν
1298 4999 1390 5051 ἐπὶ
1435 4997 1632 5060 παντὸς
1680 4995 1975 5067 προσώπου

481 5159 539 5216 ›Ι‹
573 5151 633 5207 Ρ.
667 5151 770 5206 5ῖὲ
802 5150 907 5205 ED.
935 5149 1231 5222 POTTER,
1263 5155 1366 5210 3I5
1395 5153 1502 5207 ΕΙ).
1541 5151 1760 5208 PARIS.

480 5313 593 5381 (54)
623 5313 868 5385 Ἀδικία.
903 5309 1142 5385 Respicit
1169 5309 1330 5385 Boni.
1360 5329 1439 5369 Ix.
1476 5313 1541 5366 I4
1565 5331 1575 5364 :
1603 5311 1667 5363 Ti
1693 5306 1785 5364 οὖν
1816 5313 1976 5385 ἐροῦ-

407 5399 540 5454 μεν;
682 5384 864 5437 ἀδικία
891 5385 1040 5454 παρὰ
1065 5379 1142 5449 τῷ
1172 5380 1319 5454 Θεέη
1345 5385 1436 5452 Μὴ
1466 5387 1688 5451 γένοιτο.

477 5433 802 5527 magna);
831 5433 1189 5527 έεριδύσιδς.
1231 5433 1459 5520 τιίξὶϊ,
1477 5433 1488 5451 ·
1509 5433 1606 5508 ii:
1625 5433 1977 5527 nam.“

402 5515 580 5594 ὲαῦτῷ
609 5523 737 5578 λαὸν
767 5515 1090 5594 περιούσιον.
1148 5515 1200 5594 θη
1445 5515 1455 5520 ⁷
1847 5515 1858 5524 ’
1947 5515 1959 5528 ⁸

477 5592 586 5692 (56)
645 5592 1110 5692 Ἁῖςοδξξείμενοι.
1160 5593 1317 5692 ang.
1355 5594 1474 5648 Bib.
1525 5596 1644 5652 Act.
1681 5605 1855 5668 apost.
1886 5611 1924 5648 ιι
1957 5614 1970 5650 :

413 5660 687 5735 ’Δσμένως
718 5660 1128 5735 ἀπώεξᾶμενοι.
1163 5660 1425 5720 Svtutrno.

469 5731 582 5815 (QZ)
612 5733 850 5815 ’ἔχητε
881 5731 1038 5808 "Em
1074 5737 1268 5815 βινητι-

470 5801 581 5867 (58)
618 5805 720 5867 Εἰς
752 5801 1048 5871 τὰςτρὶίἓὶ.
1079 5801 1354 5860 Lowthius
1383 5807 1459 5860 ait
1488 5825 1502 5860 :
1536 5826 1554 5857 ι
1579 5806 1806 5862 Videtur
1836 5807 1969 5860 nilu-

400 5873 529 5924 derc
557 5873 622 5925 ad
659 5873 864 5926 die'um
903 5878 1044 5930 istud
1073 5879 1380 5931 Servaturis
1409 5895 1437 5930 ιι
1472 5895 1513 5926 ιν
1538 5880 1745 5932 toribus
1785 5880 1969 5931 laudn-

405 5952 514 5997 tum
547 5941 801 5998 ;Γίνεσθε
849 5943 1057 6014 δόκιμοι
1109 5948 1494 6020 τραπεζῖται.»
1548 5947 1620 6004 De.
1670 5968 1777 6020 quo
1824 5950 1970 6005 coni.

1835 5167 1862 5196 ι
1889 5157 2011 5213 Act.
2045 5173 2104 5220 ιι,
2137 5157 2226 5213 41.

2162 3804 2318 3870 Quod
2365 3804 2550 3872 itaque
2610 3803 2916 3857 testimonio
2987 3796 3396 3868 comprobetur,
3455 3793 3675 3848 Grazcos

2089 3913 2214 3950 vera
2259 3899 2503 3966 quaedam
2535 3897 2733 3950 habere
2775 3895 3053 3963 dogmata,
3107 3890 3236 3944 hinc
3282 3903 3501 3958 quoque
3551 3887 3676 3940 licet

2089 3990 2455 4044 considerare.
2488 3988 2758 4042 Scribitur
2803 3987 2857 4039 in
2884 3985 3036 4039 Actis
3071 3981 3407 4053 apostolicis,
3439 3979 3669 4032 Paulum

2092 4081 2206 4136 hate
2242 4089 2299 4143 >14
2357 4083 2540 4134 dicere
2576 4080 2642 4133 ad
2667 4077 3024 4148 AreOpagitas
3061 4093 3072 4127 :
3114 4093 3132 4124 ι
3164 4070 3670 4141 Superstitiosiorcs

2095 4192 2188 4229 vos
2222 4175 2398 4229 video.
2458 4173 2781 4227 Praeterieris
2826 4171 3002 4234 enim,
3053 4177 3106 4222 et
3148 4167 3335 4220 videns
3377 4161 3668 4218 simulacra

2093 4265 2250 4336 136
2283 4276 2479 4329 vestra,
2541 4264 2721 4318 inveni
2786 4270 2840 4316 et
2903 4275 3090 4320 aram,
3137 4257 3192 4310 in
3239 4270 3346 4324 qua
3407 4253 3667 4320 Scriptum

2085 4372 2221 4421 erat,
2277 4356 2465 4425 Ignoto
2516 4355 2643 4408 Deo.
2701 4354 2872 4418 Quem
2926 4365 3056 4419 ergo
3101 4353 3416 4416 ignorantes
3466 4344 3668 4410 colitis,

2082 4467 2204 4504 eum
2230 4449 2382 4503 vobis
2406 4457 2691 4502 annuntio.
2720 4446 2862 4499 Deus
2885 4443 3054 4502 enim,
3090 4440 3182 4510 qui
3214 4438 3342 4492 fecit
3373 4438 3666 4503 mundum,

2080 4555 2133 4597 et
2161 4543 2342 4594 on.nia
2396 4555 2516 4610 quae
2549 4542 2599 4594 in
2631 4540 2748 4608 ipso
2775 4547 2943 4606 sunt,
3001 4534 3090 4588 hic
3122 4532 3244 4588 eceli
3275 4541 3328 4586 et
3349 4541 3508 4585 terra:
3537 4545 3664 4584 cum

2080 4633 2151 4686 sit
2201 4630 2485 4695 Dominus,
2517 4645 2626 4683 non
2675 4630 2728 4682 in
2778 4627 3108 4683 manufaetis
3162 4624 3378 4693 templis
3435 4621 3662 4683 habitat,

2082 4737 2237 4780 neea
2271 4721 2522 4774 manibus
2574 4721 2831 4776 humanis
2886 4721 3104 4784 colitur,
3156 4718 3400 4784 indigens
3453 4713 3660 4780 aliquo,

2082 4829 2206 4869 eum
2238 4814 2352 4883 ipse
2383 4813 2474 4868 det
2528 4813 2784 4868 omnibus
2833 4814 2996 4866 vitam
3045 4821 3100 4865 et
3150 4809 3552 4877 inspirationem
3607 4815 3664 4858 et

2083 4906 2288 4971 omnia,
2337 4906 2571 4975 fecitque
2629 4922 2696 4960 ex
2755 4921 2864 4959 uno
2934 4919 3096 4958 omne
3147 4916 3316 4970 genus
3373 4899 3658 4952 hominum

2084 4997 2390 5053 inhabitare
2419 5012 2583 5067 super
2613 4998 2918 5051 universam
2955 4995 3148 5048 faciem
3180 5002 3357 5056 terrm,
3391 4989 3662 5045 definiens

2306 5156 2332 5195 b
2359 5159 2464 5212 Isa.
2498 5173 2536 5221 ι,
2569 5155 2654 5209 I9.
2734 5165 2755 5192 ο
2789 5153 3080 5225 Ephes.tv,
3109 5151 3204 5218 "ZI,
3227 5149 3532 5217 25,27,28,
3565 5147 3652 5202 29.

2087 5330 2206 5384 qua:
2233 5322 2418 5382 postea
2459 5311 2712 5384 dicentur
2743 5318 2990 5384 extremo
3017 5307 3212 5384 Strom.
3247 5324 3282 5384 ι,
3315 5319 3366 5374 p.
3392 5303 3516 5384 ξδι.
3550 5301 3657 5359 Re-

2089 5375 2248 5453 spicit
2291 5397 2420 5453 vero
2459 5381 2561 5435 hoc
2604 5382 2722 5435 loco
2772 5381 3028 5453 CJEIINEIIS
3079 5378 3277 5453 Christi
3316 5375 3656 5453 verba,_qu:e

2082 5444 2247 5508 refert
2289 5451 2580 5508 Matthaaus
2627 5468 2765 5516 xxv,
2799 5451 2867 5504 27
2895 5469 2910 5506 :
2942 5450 3089 5504 Ἔδει
3135 5444 3224 5500 οὖν
3269 5462 3328 5498 σε
3375 5444 3552 5516 βαλεῖν
3593 5445 3658 5500 τὸ

2081 5523 2339 5595 ἀργύριόν
2375 5540 2474 5594 μου
2507 5527 2616 5595 τοῖς
2644 5515 3015 5595 τραπεζίταις·
3050 5520 3140 5572 καὶ
3183 5516 3352 5569 ἐλθὼν
3385 5515 3493 5583 ἐγὼ
3533 5515 3661 5570 ἐκο-

2086 5593 2422 5674 μισάμην-ἀν
2440 5595 2499 5647 τὸ
2512 5596 2554 5672 ’ἐ
2563 5593 2658 5674 μὸν
2673 5593 2797 5674 έσῦνλ
2813 5593 2975 5674 “comp.

2157 5657 2599 5734 (ὅς’)’Ίστορῶιλ
2643 5657 3010 5735 ’Λναθεωρῶν,
3041 5659 3161 5714 Act.
3191 5657 3310 5712 Mox
3345 5658 3658 5732 ἐπεγέγρα-

2085 5754 2185 5790 πτο
2214 5751 2307 5804 pro
2334 5735 2729 5806 ἀνεγέγραπτο.
2766 5734 2897 5789 Ibid.

2155 5799 2264 5876 (Ιιθ)
2293 5799 2462 5871 Δοὺςζ
2499 5799 2705 5869 Διδούς,
2737 5808 2855 5876 i'tct_.
2903 5802 3030 5876 Mox_
3069 5799 3398 5876 ἐποίησέ-τε
3447 5801 3504 5876 ἐξ
3539 5800 3658 5865 ὲνὲις

2080 5872 2305 5958 agunto;
2338 5877 2474 6003 siin
2497 5877 2648 5941 ἔθνος
2693 5879 2775 5930 ἀν.
2830 5873 2988 5941 Dein,
3017 5873 3108 5924 ἐπὶ
3139 5872 3244 5924 πᾶν
3274 5873 3334 5926 τὸ
3368 5872 3658 5946 πρόσωπον

2082 5965 2175 6003 της
2207 5963 2330 6003 γης.
2426 5964 2440 5999 ι
2487 5991 2497 6002 .

2082 5950 2175 6019 τῆς
2207 5947 2330 6018 γῆς.
2364 5947 2497 6003 rma.
