4496 6588
389 541 494 597 809

385 741 506 816 ζῇν,
539 744 656 797 οὐδὲ
703 740 1135 810 πολυμαθοῦντα,
1170 744 1308 797 ἀλλὰ
1343 743 1470 796 ἄλλο
1501 758 1552 794 τι
1573 758 1585 770 ·
1630 743 1749 796 ἐπεὶ
1783 744 1957 810 ἔγωγε

384 833 542 907 ᾤμην
600 833 692 886 καὶ
749 832 948 896 ὄνειδος
999 830 1155 888 εἶναι.
1197 855 1215 887 ι
1257 835 1407 907 ’ᾘδει
1442 832 1571 903 γὰρ,
1606 830 1780 906 οἶμαι,
1822 854 1839 884 ι
1883 833 1958 896 ὡς

385 929 495 998 ἄρα
526 923 637 995 (50)
671 923 772 992 ἤδη
800 923 1087 997 πολυμαθῆ
1124 928 1240 980 νόον
1285 927 1396 995 ἔχει
1417 940 1428 954 ·
1465 924 1493 977 ὃ
1517 925 1754 980 διδάσκει
1786 946 1805 977 ι
1835 925 1956 978 καθ’

398 1015 761 1087 Ἡράκλειτον.
805 1017 900 1069 Ἐν
958 1035 1016 1071 τε
1076 1017 1151 1088 τῷ
1189 1024 1228 1069 ε’
1262 1017 1358 1085 τῆς
1390 1019 1698 1084 Πολιτείας
1722 1035 1735 1047 ·
1771 1036 1788 1067 ε
1827 1017 1960 1070 Τού-

385 1124 506 1170 τους
563 1105 671 1176 (Si)
723 1103 816 1160 οὖν
861 1110 1088 1174 πάντας,
1126 1108 1279 1177 φησὶ,
1336 1107 1428 1160 καὶ
1460 1109 1650 1173 ἄλλους
1706 1107 1958 1162 τοιούτων

385 1196 546 1248 τινῶν
605 1197 1013 1270 μαθηματικοὺς
1042 1241 1056 1263 ,
1115 1199 1208 1252 καὶ
1263 1197 1368 1250 τῶν
1424 1201 1750 1271 τεχνυδρίων
1799 1196 1907 1268 (3‘2)
1940 1239 1954 1260 ,

386 1288 706 1358 φιλοσόφους
768 1291 1039 1363 θήσομεν;
1132 1289 1413 1359 Οὐδαμῶς,
1480 1288 1632 1344 εἶπεν
1675 1290 1806 1359 (55),
1842 1290 1954 1342 ἀλλ’

383 1381 601 1450 ὁμοίους
636 1383 733 1453 μὲν
760 1383 1088 1453 φιλοσόφοις.
1139 1381 1276 1444 Τοὺς
1309 1381 1352 1434 δ’
1384 1381 1688 1453 ἀληθινοὺς,
1724 1381 1847 1450 ἔφη,
1880 1383 1957 1434 τί-

385 1488 481 1536 νας
513 1473 718 1542 λέγεις;
754 1475 892 1536 Τοὺς
925 1475 1021 1542 τῆς
1053 1470 1326 1541 ἀληθείας,
1361 1469 1426 1544 ἦν
1467 1475 1512 1527 δ’
1544 1471 1675 1540 ἐγὼ,
1713 1472 1956 1540 φιλοθεά-

388 1581 574 1634 μονας.
619 1585 637 1616 ι
676 1567 749 1619 Οὐ
797 1567 905 1635 γὰρ
953 1566 1008 1615 ἐν
1040 1565 1346 1636 γεωμετρίᾳ
1381 1567 1508 1634 (54),
1543 1566 1819 1634 αἰτήματα
1866 1568 1956 1620 καὶ

385 1657 667 1721 ὑποθέσεις
718 1657 936 1727 ἐχούσῃ,
973 1655 1285 1724 φιλοσοφία·
1331 1658 1436 1710 οὐδ’
1472 1661 1527 1709 ἐν
1564 1660 1813 1726 μουσικῇ,
1842 1675 1956 1711 στο-

385 1751 615 1818 χαστικῇ
667 1764 729 1815 γε
783 1745 948 1817 οὔσῃ·
1001 1746 1112 1797 οὐδ’
1187 1749 1243 1800 ἐν
1290 1747 1640 1818 ἀστρονομίᾳ,
1690 1748 1952 1814 φυσικῶν,

384 1839 479 1893 καὶ
512 1839 760 1912 ῥεόντων,
802 1834 894 1889 καὶ
925 1835 1145 1888 εἰκότων
1185 1837 1491 1908 βεϐυσμένῃ
1511 1835 1683 1901 λόγων
1702 1852 1715 1865 ·
1751 1837 1863 1891 ἀλλ’
1887 1834 1952 1892 αὖ

383 1931 474 1985 τοῦ
503 1931 704 1998 ἀγαθοῦ
738 1929 805 1981 δι’
827 1931 1132 1999 ἐπιστήμης
1154 1929 1261 1998 (55)
1288 1930 1379 1982 καὶ
1405 1930 1502 1998 τῆς
1534 1927 1809 1996 ἀληθείας,
1840 1931 1955 1982 ἐτέ-

1659 531 2093 588 STROMATUM
2131 529 2259 586 LIB.
2304 530 2342 585 1.

385 657 447 710 τὸ
481 658 786 726 φιλοσοφεῖν
821 654 1000 722 λέγειν
1033 654 1162 728 περὶ
1225 657 1321 720 τὰς
1377 653 1572 724 τέχνας
1620 654 1964 718 κυπτάζοντα
1993 661 2039 716 Α
2069 652 2310 709 Platonis
2367 671 2379 704 :

3527 531 3634 585 8i!)

2435 670 2453 702 ‹
2516 649 2626 704 Nec
2679 650 2959 704 existimes
3011 666 3097 704 me
3146 650 3325 705 dicere
3386 653 3630 722 philoso-

2068 745 2245 816 phari,
2280 744 2332 797 in
2383 753 2526 800 artes
2596 743 3000 796 incumbentem
3055 743 3254 804 vivere,
3305 758 3402 797 nec
3464 745 3633 797 multa

2067 838 2279 890 discere
2309 844 2684 904 appetentem;
2723 833 2868 888 absit
2901 850 2917 888 :
2966 849 3089 886 nam
3130 849 3232 904 ego
3272 834 3492 904 quidem
3529 836 3633 889 hoc

2067 929 2327 998 probrum
2351 943 2470 981 esse
2497 924 2815 978 ducebam.’
2841 923 3061 977 Sciebat
3076 926 3244 990 enim,
3275 935 3333 978 ut
3355 925 3632 987 existimo.

2070 1037 2088 1067 ι
2124 1032 2249 1070 eum
2285 1017 2574 1070 multarum
2606 1028 2786 1066 rerum
2820 1013 3080 1068 scientem
3118 1012 3230 1080 jam
3258 1015 3458 1068 habere
3483 1029 3635 1067 men-

2067 1123 2197 1177 tem,
2228 1111 2373 1178 quod
2406 1113 2582 1174 docet,
2624 1127 2641 1158 ι
2677 1117 2736 1160 ut
2769 1117 2851 1162 est
2880 1107 3132 1162 Heracliti
3166 1109 3450 1162 sententia.
3479 1108 3544 1163 Et
3579 1111 3634 1163 in

2066 1203 2259 1272 quinto
2286 1200 2361 1253 De
2378 1200 2641 1270 republica
2664 1213 2683 1250 :
2702 1217 2720 1248 ι
2749 1197 3000 1268 Nunquid
3021 1200 3186 1268 igitur
3207 1199 3364 1263 istos,
3388 1217 3407 1249 ι
3436 1200 3634 1269 inquit,

2074 1313 2092 1345 ι
2126 1308 2339 1359 omnes,
2370 1303 2424 1347 et
2451 1294 2589 1346 alios
2623 1289 2888 1356 ejusmodi
2919 1306 3007 1344 res
3035 1291 3364 1361 percipiendi
3386 1292 3633 1360 cupidos,

2063 1387 2274 1442 artibus
2330 1385 2614 1440 vilissimis
2663 1384 3060 1448 incumbentes,
3091 1383 3446 1452 philosophos
3488 1385 3635 1438 dice-

2065 1476 2609 1546 mus?Nequaquam,
2635 1493 2654 1526 ι
2677 1475 2872 1543 inquit,
2895 1492 2914 1525 ι
2940 1478 3030 1528 sed
3049 1476 3257 1530 similes
3274 1477 3632 1546 philosophis.

2064 1569 2234 1624 Veros
2260 1579 2460 1634 autem,
2482 1589 2500 1619 ι
2526 1567 2721 1637 inquit,
2749 1585 2766 1617 ι
2790 1567 3146 1636 philosophos
3173 1582 3442 1635 quosnam
3462 1569 3636 1622 dicis?

2062 1658 2189 1721 Eos,
2230 1659 2448 1727 inquam
2474 1673 2594 1728 ego,
2629 1656 2986 1725 quiveritatis
3021 1655 3356 1710 delectantur
3379 1669 3635 1713 contem-

2061 1751 2317 1821 platione.
2355 1769 2372 1799 ι
2413 1747 2528 1802 Non
2571 1749 2714 1801 enim
2777 1748 2830 1800 in
2884 1749 3196 1816 geometriae
3247 1751 3536 1817 postulatis
3580 1760 3637 1806 et

2061 1841 2457 1912 hypothcsibus
2485 1848 2568 1894 est
2594 1839 2932 1907 philoSOphia
2952 1857 2966 1904 ;
2990 1855 3164 1908 neque
3181 1841 3234 1893 in
3258 1840 3487 1901 musica,
3506 1857 3629 1909 quae

2061 1935 2278 2002 quidem
2329 1941 2415 1985 est
2466 1929 2881 1998 conjecturalis;
2941 1945 3116 1997 neque
3168 1930 3221 1981 in
3273 1932 3636 1994 astronomia,

388 2039 494 2090 ρων
531 2023 624 2090 μὲν
656 2020 824 2072 ὄντων
853 2020 1088 2087 τάγαθοῦ
1116 2020 1246 2073 ὁδῶν
1269 2020 1399 2090 (36)·
1419 2019 1609 2088 ὥσπερ
1649 2019 1702 2072 δὲ
1737 2022 1827 2072 ἐπὶ
1873 2023 1966 2073 τά-
1997 2026 2037 2079 Β
2066 2039 2163 2091 qua

1873 2023 1966 2073 τά-
1997 2026 2037 2079 Β
2066 2038 2189 2091 qua:
2221 2020 2583 2085 naturalibus,
2612 2020 2904 2087 ﬁnitisque,
2936 2025 2990 2071 et
3018 2018 3405 2075 verisimilibus
3433 2032 3517 2075 est
3551 2038 3637 2075 re-

383 2112 565 2179 γαθόν.
606 2113 754 2162 Ὠστ’
809 2111 916 2162 οὐδ’
961 2113 1122 2174 αὐτὸς
1166 2111 1261 2182 τὴν
1325 2129 1342 2161 ι
1413 2108 1695 2177 ἐγκύκλιον
1753 2131 1770 2162 ι
1835 2130 1962 2164 παι-

384 2203 532 2255 δείαν
557 2202 665 2270 (3³7)
702 2201 969 2254 συντελεῖν
1003 2203 1138 2274 πρὸς
1157 2201 1392 2269 τάγαθὸν
1423 2201 1654 2266 δίδωσιν,
1681 2207 1961 2272 συνεργεῖν

381 2295 438 2347 δὲ
488 2294 621 2362 πρὸς
672 2293 732 2346 τὸ
768 2295 1051 2365 διεγείρειν
1104 2298 1196 2349 καὶ
1256 2296 1654 2366 συγγυμνάζειν
1701 2298 1836 2368 πρὸς
1892 2297 1960 2350 τὰ

382 2384 546 2452 νοητά
601 2385 698 2455 τὴν
747 2385 940 2456 ψυχήν.
979 2388 1092 2440 Εἶτ’
1131 2384 1223 2441 οὖν
1255 2388 1396 2441 κατὰ
1430 2387 1766 2458 περίπτωσίν
1795 2405 1957 2456 φασιν

380 2473 824 2542 ἀποφθέγξασθαι
873 2494 993 2530 τινα
1043 2477 1142 2546 τῆς
1196 2476 1428 2547 ἀληθοῦς
1475 2476 1790 2546 φιλοσοφίας
1833 2479 1958 2540 τοὺς

382 2565 667 2635 Ἕλληνας,
726 2566 873 2630 θείας
936 2568 1246 2637 οἰκονομίας
1321 2569 1352 2638 ή
1435 2569 1808 2640 περίπτωσις·
1895 2569 1956 2621 ού

379 2655 487 2723 γὰρ
523 2654 856 2724 ταύτόματον
907 2656 1177 2708 ἐκθειάσει
1209 2673 1293 2718 τις
1343 2656 1429 2710 διὰ
1479 2657 1575 2726 τὴν
1639 2657 1776 2726 πρὸς
1807 2657 1957 2726 ἡμᾶς

381 2743 718 2814 φιλοτιμίαν·
773 2747 883 2800 εἴτε
943 2747 1083 2801 κατὰ
1151 2750 1456 2818 συντυχίαν,
1511 2750 1612 2802 οὐκ
1690 2749 1959 2818 ἀπρονόη-

378 2837 524 2904 τοςή
555 2839 840 2906 συντυχία·
875 2838 972 2890 εἶτ’
1010 2837 1074 2892 αὖ
1133 2839 1360 2910 φυσικὴν
1415 2840 1620 2893 ἔννοιαν
1669 2839 1958 2908 ἐσχηκέναι

377 2925 502 2987 τοὺς
536 2925 797 2994 ’Έλληνας
818 2927 988 2996 λέγοι,
1025 2928 1112 2981 τὸν
1136 2929 1236 2998 τῆς
1265 2928 1478 2997 φύσεως
1508 2928 1836 3000 δημιουργὸν
1867 2929 1960 2982 ἕνα

378 3015 716 3087 γινώσκομεν
736 3036 748 3047 ·
775 3019 909 3071 καθὸ
931 3020 1023 3071 καὶ
1052 3022 1148 3090 τὴν
1179 3021 1522 3091 δικαιοσύνην
1548 3020 1782 3090 φυσικὴν
1811 3022 1962 3091 εἰρή-

377 3121 554 3175 καμεν
575 3123 588 3137 ·
618 3108 726 3160 εἴτε
761 3109 864 3180 μὴν
898 3113 1072 3163 κοινὸν
1105 3111 1395 3182 ἐσχηκέναι
1427 3111 1572 3174 νοῦν,
1599 3111 1680 3174 τίς
1713 3114 1741 3164 ό
1769 3111 1957 3164 τούτου

378 3200 580 3269 πατὴρ,
615 3200 709 3252 καὶ
735 3202 817 3263 τίς
849 3203 987 3255 κατά
1031 3205 1128 3275 τὴν
1179 3205 1271 3256 τοῦ
1325 3203 1414 3257 νοῦ
1459 3203 1715 3274 διανομὴν
1758 3203 1961 3256 δικαιοο

381 3290 534 3358 σύνη,
565 3294 944 3364 σκοπήσωμεν.
988 3297 1083 3348 “Av
1121 3296 1228 3367 γὰρ
1267 3315 1285 3345 ι
1337 3294 1790 3366 προαναφώνησίν
1823 3314 1842 3345 ι
1873 3312 1957 3359 τις

2068 2115 2204 2168 ferta
2241 2114 2573 2177 rationibus;
2606 2115 2696 2167 sed
2752 2129 2888 2182 opus
2924 2123 3005 2166 est
3038 2112 3212 2181 ipsius
3251 2112 3379 2164 boni
3410 2113 3639 2169 scientia

2071 2215 2126 2258 et
2177 2205 2434 2267 veritate;
2458 2220 2582 2257 cum
2615 2204 2733 2257 alia:
2751 2204 2968 2274 quidem
2999 2205 3110 2258 sint
3140 2203 3267 2256 boni
3292 2205 3410 2268 viaa,
3441 2219 3638 2273 quem-

2063 2297 2355 2352 admodum
2407 2297 2474 2350 ad
2526 2296 2748 2350 bonum.
2813 2295 2992 2362 Quare
3043 2313 3145 2350 nec
3193 2298 3315 2366 ipse
3373 2298 3638 2354 doctrinae

2066 2390 2278 2451 orbem,
2307 2403 2470 2456 quem
2505 2398 2704 2441 vocant
2727 2407 2744 2438 ι
2771 2387 3247 2458 encyclopzediam,
3287 2406 3304 2438 ι
3335 2389 3400 2441 ad
3430 2389 3636 2442 bonum

2068 2479 2182 2532 vult
2213 2478 2478 2538 sullicerc,
2501 2477 2595 2531 sed
2631 2479 2899 2531 duntaxat
2931 2494 3088 2547 Opem
3122 2478 3266 2531 ferre
3297 2479 3364 2531 ad
3396 2481 3638 2532 excitan-

2063 2569 2188 2622 dam
2217 2577 2270 2621 et
2298 2569 2652 2621 exercendam
2685 2569 2923 2621 animam
2955 2569 3018 2621 ad
3051 2583 3112 2621 ea
3149 2584 3272 2637 qua:
3319 2569 3637 2639 percipiun-

2066 2666 2156 2710 tur
2200 2657 2578 2726 intelligentia.
2633 2656 2758 2712 Sive
2807 2674 2938 2727 ergo
2983 2659 3172 2712 dicunt
3199 2658 3418 2714 Cl'tBCOS
3441 2661 3637 2714 divinae

2064 2749 2420 2818 pllilOSOpltia:
2458 2763 2580 2803 esse
2623 2764 2754 2803 casu
2788 2749 2991 2818 aliquid
3035 2750 3316 2816 elocutos;
3347 2766 3510 2805 casus
3553 2761 3640 2806 est.

2064 2838 2130 2890 ad
2160 2823 2402 2891 divinam
2451 2838 2919 2907 dispensationem
2955 2839 3270 2895 referendus
3303 2859 3316 2894 :
3346 2857 3452 2894 non
3485 2843 3633 2895 enim

2065 2939 2283 2998 propter
2314 2945 2458 2996 eam,
2495 2946 2617 3000 qua:
2664 2931 2948 2984 nobiscum
2991 2931 3300 2999 intercedit,
3331 2934 3636 2987 contentio-

2065 3037 2213 3086 nem,
2246 3037 2434 3076 casum
2470 3023 2594 3091 quis
2628 3023 2680 3075 in
2710 3023 2840 3078 deos
2876 3023 3096 3078 referet.
3129 3024 3255 3078 Sive
3291 3040 3356 3078 ex
3393 3025 3632 3087 fortuna.

2063 3127 2128 3166 ea
2155 3111 2372 3165 fortuna
2407 3128 2513 3166 non
2550 3121 2634 3166 est
2661 3129 2856 3182 expers
2877 3115 3250 3183 providentia.
3283 3113 3408 3168 Sive
3442 3131 3638 3170 rursus

2063 3203 2210 3257 dicat
2236 3201 2438 3260 Graecis
2477 3205 2746 3275 ingenitas
2777 3223 2897 3261 esse
2925 3208 3207 3262 naturales
3237 3207 3503 3276 quasdam
3532 3225 3632 3262 no-

2061 3296 2262 3359 tiones,
2287 3312 2457 3349 unum
2508 3306 2716 3351 natura:
2744 3299 3129 3366 cognoscimus
3172 3299 3419 3367 opillcem
3467 3317 3481 3353 :
3525 3315 3633 3368 qua

377 3381 525 3449 εἴπῃ,
561 3383 655 3434 καὶ
694 3404 710 3433 ι
755 3385 1158 3456 συνεκφὼνησιν
1197 3406 1217 3437 ι
1257 3387 1591 3456 αἰτιάσηται,
1618 3388 1953 3456 προφητείας
1985 3367 2030 3428 c
2063 3397 2144 3440 Tal

1852 3388 1953 3449 ιίας
1985 3367 2030 3428 c
2063 3388 2280 3441 ratione
2317 3405 2438 3442 esse
2471 3404 2692 3458 quoque
2736 3391 3036 3444 naturalem
3077 3367 3627 3462 diximusjustitiam.

377 3473 491 3542 εἴδη
545 3475 712 3542 λέγει.
750 3476 853 3529 Ναὶ
903 3479 1007 3548 μὴν
1051 3479 1170 3530 κατ’
1229 3478 1466 3548 ἔμφασιν
1509 3479 1766 3549 ἀληθείας
1803 3479 1952 3531 ἄλλοι

378 3565 621 3620 θέλουσιν
659 3568 907 3637 εἰρῆσθαί
954 3585 1077 3622 τινα
1106 3573 1219 3632 τοῖς
1263 3569 1590 3638 φιλοσόφοις.
1636 3571 1693 3623 '0
1726 3570 1823 3639 μὲν
1859 3567 1950 3622 οὖν

376 3657 660 3720 Θεσπέσιος
704 3659 1019 3722 Ἀπόστολος
1041 3662 1126 3730 ἐφ’
1149 3661 1306 3731 ἡμῶν
1337 3663 1566 3732 γράφει·
1607 3681 1625 3711 ι
1668 3661 1948 3731 Βλέπομεν

374 3749 484 3819 γὰρ
525 3750 617 3801 νῦν
653 3750 728 3813 ὡς
758 3752 825 3804 δι’
877 3753 1142 3824 ἐσόπτρου
1176 3753 1308 3823 (58).
1345 3772 1363 3804 ι
1398 3755 1516 3806 κατ’
1546 3753 1841 3807 ἀνάκλασιν
1862 3755 1947 3806 ἐπ’

375 3843 538 3894 αὑτοῦ
587 3845 808 3906 ἑαυτοὺς
862 3845 1236 3912 γινώσκοντες,
1272 3847 1380 3898 κάκ
1415 3846 1506 3898 τοῦ
1538 3849 1594 3898 ἐν
1639 3849 1770 3917 ἡμῖν
1805 3845 1948 3899 θείου

374 3933 434 3985 τό
484 3935 760 4002 ποιητικὸν
820 3937 1010 3998 αἴτιον,
1069 3937 1143 3999 ὼς
1205 3933 1312 3989 οἷόν
1366 3954 1444 4000 τε,

473 4045 624 4108 )BP.

1500 3937 1945 4009 συνθεωροῦντες.

695 4049 799 4101 574
857 4048 962 4100 ΕΙ).
1020 4047 1319 4113 I‘OTTER,
1379 4051 1483 4103 516
1545 4051 1650 4104 ED.
1716 4051 1940 4110 PAPJS.

446 4141 558 4206 (50)
585 4142 698 4212 *Ὡς
733 4140 856 4208 ἦρα.
903 4141 965 4193 ll.
1021 4157 1148 4200 ms.,
1193 4141 1267 4205 ὡς
1320 4142 1426 4212 ἄρα
1460 4143 1798 4210 πολυμάθεια
1825 4146 1945 4197 νόον

373 4209 504 4278 [χει.
574 4210 919 4265 8γι.ιιυιιι;.-
946 4212 1253 4264 Secundum
1310 4209 1639 4278 Menagium,
1673 4215 1791 4266 loco
1827 4215 1942 4280 jam

374 4282 540 4353 dii-to,
569 4282 913 4353 seriln-iuluzn
952 4299 963 4333 :
999 4281 1072 4342 ὼς
1109 4282 1214 4353 ἄρα
1315 4281 1648 4351 πολυμάθεια
1681 4283 1797 4335 νόον
1823 4285 1944 4353 οὐχὶ

372 4350 613 4402 διδάσκει
662 4371 680 4400 ι
725 4351 867 4416 quod
911 4350 1201 4404 multarum
1239 4368 1416 4404 rerum
1451 4350 1674 4404 Scientia
1705 4350 1940 4406 mentem

375 4436 480 4491 non
514 4422 686 4491 docet.
716 4419 934 4491 iMalitn
969 4437 1115 4491 vero,
1142 4421 1216 4483 ὡς
1248 4422 1354 4490 ἄρα
1386 4421 1488 4491 ἤδη
1523 4421 1806 4491 πολυμαθῆ
1825 4423 1943 4474 νόον

373 4487 536 4558 ἔχειν,
571 4490 632 4540 ού
665 4490 904 4542 διδασκει
927 4507 940 4520 ·
974 4490 1158 4555 «Quod
1191 4487 1487 4543 multarum
1509 4487 1687 4544 rerum
1713 4487 1939 4558 peritum

376 4557 570 4610 habere
601 4571 857 4629 mentem,
891 4576 996 4612 non
1032 4564 1209 4614 docet.
1247 4580 1265 4611 ι
1305 4560 1438 4614 Nam
1477 4561 1577 4614 hoc
1611 4557 1828 4629 propius
1872 4563 1938 4613 ad

375 4630 532 4678 verba
587 4628 879 4683 Clementis
933 4632 1139 4682 accedit
1183 4650 1194 4682 :
1245 4641 1298 4682 ct
1347 4647 1412 4682 eo
1467 4628 1627 4684 nimio
1685 4628 1938 4684 Heracliti

372 4695 575 4748 dictum
608 4700 824 4762 protulit
857 4700 1149 4752 Athenaeus
1183 4702 1284 4752 sub
1322 4699 1481 4752 linem
1511 4700 1626 4752 lib-i
1667 4712 1757 4750 xm
1786 4715 1797 4749 :

371 4768 1024 4836 Πουλιιμαοημοσύνης,
1074 4768 1183 4833 τῆς
1221 4772 1292 4821 οὐ
1341 4771 1693 4836 κενεώτερον
1737 4769 1936 4830 οὐδὲν,

374 4835 582 4885 Ἵππων
617 4835 716 4906 ἔφη
837 4837 1017 4898 ἄθεος·
1056 4839 1189 4890 ἀλλά
1219 4840 1309 4890 καὶ
1352 4835 1697 4906 Ἡράκλειτος
1727 4841 1754 4890 ὁ
1798 4839 1939 4901 θεῖός

372 4921 535 4975 φησι,
552 4904 846 4975 πολυμαθῆ
877 4907 994 4958 νόον
1027 4907 1188 4975 ἔχειν,
1226 4909 1285 4959 ού
1331 4904 1618 4960 διδάσκειν.
1657 4909 1764 4961 Καὶ
1791 4912 1817 4960 ό
1848 4910 1939 4959 Τί-

377 4991 490 5042 μων
520 4973 574 5024 δὲ
609 4973 711 5042 ἔφη
735 4989 746 4999 ·

844 5065 945 5116 Ἐν
976 5064 1043 5116 δὲ
1076 5065 1431 5132 πλατυσμὸς

374 5135 1020 5202 ΙΙοιιῖιιιιαθημοίγύν-ης,
1049 5133 1158 5200 τῆς
1189 5137 1258 5186 οὺ
1295 5136 1649 5205 κενεώτερον
1688 5137 1861 5190 ἄλλο.

359 5248 377 5279 ι
417 5228 590 5282 Multa
620 5229 867 5297 variaque
895 5231 1158 5292 doctrina,
1188 5249 1289 5300 qua
1319 5234 1392 5284 ιιίί
1427 5245 1502 5285 est
1534 5234 1736 5296 vanius,

353 5322 490 5372 dixit
525 5320 766 5382 llippon,
812 5320 1050 5373 athens:
1095 5321 1312 5375 divinus
1363 5333 1544 5377 autem
1583 5322 1920 5380 Heraclitus.

356 5392 488 5443 nihil
543 5392 760 5452 «loci-re,
806 5390 916 5450 ait,
975 5391 1251 5456 multiplici
1300 5393 1549 5447 doctrina
1603 5395 1920 5445 instructam

354 5471 608 5515 mentem.
640 5459 780 5524 Quin
815 5469 866 5512 et
905 5458 1100 5512 Timon
1130 5461 1266 5513 dixit
1300 5478 1311 5511 :

786 5548 930 5602 Inest
963 5562 1138 5604 autem
1171 5554 1518 5620 ampliﬁcatio

567 5622 753 5676 Multa:
776 5620 1050 5684 doctrinm,
1079 5639 1181 5682 qua
1213 5624 1290 5675 ml
1315 5626 1501 5678 vanius
1530 5633 1623 5678 csl.
1663 5643 1682 5674 ι

366 5704 740 5784 Eleriquclioc
773 5710 937 5784 modo
983 5709 1236 5784 {lerat-liti
1272 5717 1595 5784 sententiam
1627 5712 1929 5784 proferunt,

367 5776 683 5854 ἰλολυμαθίη
727 5782 845 5854 νόον
889 5781 948 5854 ού
986 5781 1254 5854 διδάσκει·
1292 5793 1349 5835 ut
1385 5776 1641 5839 Laertius
1667 5785 1931 5854 principio

370 5840 908 5920 llei'q‘clitiﬂnlianus
932 5853 1059 5920 imp.
1088 5853 1509 5916 orat.6;Gellius
1533 5840 1806 5919 lib.ult.,c.
1831 5840 1929 5906 tilt.

434 5917 546 5982 (51)
588 5923 857 5987 Τούτους.
884 5917 1178 5990 ΙΙιιεοίιριιιΙ
1203 5921 1482 5976 Platonem
1516 5917 1854 5979 exsant’lib.
1916 5949 1925 5961 -

369 5981 441 6036 Dc
471 5990 648 6055 rcpub.
690 6008 743 6059 ιι.
803 5981 928 6055 (367,
972 5981 1380 6062 itenigyueapud
1411 5993 1814 6050 Thcodoretum
1854 5992 1928 6045 De

638 6087 909 6148 Pan-.01..
941 6093 984 6150 (ᾖ
999 6111 1055 6150 ιι.
1098 6091 1138 6144 Υ
1155 6089 1232 6150 ιιι
1249 6125 1263 6154 δ

2061 3479 2187 3534 Sive
2211 3490 2446 3534 mentem
2481 3481 2586 3534 illis
2615 3482 3211 3544 inesserﬁcommuncm
3238 3500 3250 3535 :
3273 3483 3525 3551 quisnam
3559 3485 3632 3536 sit

2056 3574 2175 3639 ejus
2220 3583 2392 3640 pater,
2422 3583 2475 3625 et
2515 3589 2638 3642 quae
2688 3575 2760 3626 sit
2795 3575 2846 3626 in
2877 3574 2995 3642 ejus
3019 3575 3219 3627 mentis
3244 3575 3630 3629 distributione

2057 3663 2265 3732 justitia
2297 3663 2734 3717 consideremus.
2768 3663 2824 3717 Si
2852 3667 2976 3732 quis
2992 3665 3135 3718 cnim
3166 3663 3363 3718 dixerit
3391 3682 3628 3735 προανα-

2059 3752 2318 3820 φώνησιν,
2365 3753 2465 3804 hoc
2505 3762 2590 3806 est
2651 3771 2667 3801 ι
2707 3753 3134 3821 praedictionem,
3202 3771 3220 3803 ι
3261 3763 3312 3806 et
3356 3751 3630 3821 συνεκφώ-

2058 3860 2233 3911 νησιν,
2277 3845 2327 3896 id
2371 3852 2456 3897 est
2517 3862 2536 3893 ι
2593 3844 2936 3912 conjunctam
2989 3845 3353 3906 vocationem,
3415 3863 3432 3894 ι
3485 3847 3630 3898 velut.

2057 3951 2278 3988 causam
2305 3935 2564 4006 assignct,
2597 3935 2729 3989 dicit
2757 3936 2966 4004 species
2993 3935 3313 4004 prophetize.
3355 3935 3534 4003 Atque
3561 3952 3628 3990 ex

2053 4146 2272 4208 curauit.
2303 4140 2452 4192 Grrcc
2499 4141 2701 4208 affect,
2733 4155 2897 4192 serm.
2920 4151 2965 4203 'l.
2985 4155 3032 4206 ρ.
3053 4138 3178 4191 470.
3205 4138 3375 4208 Porro
3406 4140 3626 4204 τούτους

2051 4207 2142 4262 οὖν
2177 4211 2422 4272 ἅπαντας
2453 4207 2702 4273 καὶτοὺς
2735 4209 2927 4272 ἄλλους
2956 4226 3006 4260 τ.
3040 4211 3200 4262 habet
3228 4207 3269 4262 Τ
3277 4210 3549 4264 heodoret.

2121 4300 2234 4370 (5:2)
2280 4300 2389 4353 Kal
2439 4300 2556 4353 τῶν
2604 4319 2730 4368 τεχ.
2781 4301 3138 4354 Scrihcndnm
3199 4316 3262 4354 ex
3320 4300 3539 4354 Platone
3571 4313 3626 4359 et

2051 4368 2419 4442 Theodoreto,
2448 4371 2541 4442 καὶ
2569 4373 2692 4433 τοὺς
2727 4371 2832 4422 τῶν
2870 4371 3209 4442 τεχνυδρίων.
3241 4370 3412 4442 Quam
3438 4372 3643 4425 lectio-.

2052 4455 2172 4492 nem
2219 4439 2511 4512 habereH.
2547 4457 2650 4494 ms.
2683 4449 2911 4512 testatur
2939 4439 3190 4510 Sj‘lburg.
3225 4471 3284 4480 —
3335 4440 3478 4505 Mox,
3517 4443 3621 4512 φή-

2051 4525 2227 4592 σομεν
2249 4525 2348 4592 pro
2383 4509 2785 4592 Oﬁcopev-apuil
2818 4509 2954 4561 Plat.

2122 4575 2469 4646 (δῶ-Εἶπεν.
2505 4575 2860 4632 Scribendum
2922 4594 2987 4632 ex
3031 4577 3259 4632 Platone
3307 4587 3360 4631 et
3408 4575 3616 4646 Tlicod.

2047 4643 2223 4723 εξπον,
2274 4650 2432 4717 prim.
2490 4664 2633 4716 pers.
2684 4665 2791 4717 qua
2855 4659 3038 4719 postea
3076 4652 3270 4702 iterum
3308 4645 3618 4723 ullum-71v

1975 4723 2015 4775 ι)
2045 4717 2090 4770 δ’
2125 4717 2252 4784 ἐγώ.

2096 4788 2207 4854 (54)
2238 4789 2318 4838 Οὺ
2337 4785 2444 4855 γὰρ
2463 4787 2532 4839 ἐν
2556 4787 3007 4858 γειομιιιιοιοηιιε
3029 4787 3199 4842 Plato.
3233 4787 3361 4854 Qua:
3385 4803 3620 4858 sequun-

2045 4867 2130 4910 tur
2163 4873 2333 4924 usque.
2384 4860 2448 4909 ad
2500 4857 2699 4928 ἐτέρων
2735 4858 2856 4926 μέν,
2890 4860 3182 4928 illementis
3240 4860 3406 4910 nostri
3449 4857 3612 4915 verba

2043 4935 2169 4977 sunt
2205 4943 2217 4977 :
2255 4943 2315 4978 ea
2353 4936 2555 4991 tamen,
2587 4926 2842 4994 tanquam
2891 4926 3153 4988 Platonis,
3193 4929 3461 4994 recitavit,
3493 4931 3615 4983 loco

2040 4997 2147 5059 jam
2186 4995 2355 5057 dicto,
2389 4996 2766 5050 'l‘heoziorctus
2801 5015 2814 5049 :
2846 5016 2910 5051 ea
2964 5014 3153 5065 nempe
3199 5015 3228 5051 e
3308 4997 3611 5064 Clemente,

2040 5080 2138 5132 pro
2171 5081 2320 5117 llNH't}
2354 5082 2476 5126 SUO,
2508 5078 2806 5120 mutuatus.

2109 5134 2222 5206 (55)
2270 5136 2421 5189 Ἀλλ’
2452 5131 2531 5206 (ιῦγ
2584 5136 2823 5206 τοῦίάγ.
2857 5137 2929 5188 δι’
2970 5141 3064 5189 ἐπ.
3114 5137 3470 5190 Scrihendum
3509 5154 3611 5206 ope

2039 5201 2536 5280 Tliiaiidiii‘itti.ﬁ)l§’
2567 5205 2730 5280 αὑτοῦ
2778 5201 2875 5257 ’τοῦ
2931 5206 3132 5273 ἀγαθοῦ
3183 5207 3262 5259 δεῖ
3302 5201 3610 5280 ἐπιστήμης

2038 5273 2260 5344 καὶ-λτῆς
2293 5274 2447 5344 ἀληθ.
2487 5274 2640 5338 Quod
2683 5275 2871 5328 Latine
2897 5281 3284 5343 expressimus.

2108 5342 2218 5411 (56)
2260 5342 2486 5396 ’Ὄντων
2509 5345 2768 5411 τάγαθοῦ
2807 5342 2981 5397 ὁδῶν.
3013 5348 3216 5398 Ὄντων
3251 5358 3302 5399 et
3331 5347 3468 5400 ὁδῶν
3507 5347 3595 5403 lia-

2036 5410 2167 5464 bcnt
2200 5410 2527 5466 anotnaliam
2584 5410 2816 5479 generis.
2852 5415 3110 5469 Svuwnc.
3151 5445 3210 5452 —
3245 5414 3423 5470 St‘t'ilzi
3470 5417 3607 5472 forte

2037 5483 2233 5554 melius
2279 5483 2449 5554 possit
2494 5505 2516 5554 ιν
2551 5484 2783 5554 Ἑτέρων
2831 5486 2929 5553 μὲν
2973 5487 3138 5537 ὄντων
3173 5487 3446 5554 τάγαθῶν,
3491 5488 3608 5539 ἐτέ-

2039 5567 2146 5619 ρων
2177 5553 2232 5604 δέ
2263 5553 2392 5605 ὁδῶν
2440 5553 2533 5605 ἐπὶ
2577 5553 2840 5620 τάγαθόν·
2885 5575 2902 5605 ι
2944 5573 3064 5608 cum
3116 5553 3262 5609 aliud
3327 5560 3435 5610 sint
3488 5559 3605 5624 ipsa

2036 5625 2203 5685 bona,
2236 5624 2377 5674 aliud
2407 5639 2509 5677 vnn
2541 5641 2604 5676 ac
2650 5624 2824 5675 media
2871 5628 2934 5678 ad
2967 5628 3187 5678 bonum.
3224 5645 3244 5677 ι
3281 5629 3606 5690 Cuiusmodi

2036 5694 2292 5757 quiddam
2339 5709 2463 5765 cum
2511 5710 2596 5750 ea.
2640 5709 2759 5765 quae
2815 5698 3144 5761 pra-Cedunt,
3177 5706 3288 5749 tum
3344 5714 3464 5765 qua:
3519 5714 3607 5750 se-

2036 5772 2281 5832 quuntur
2307 5763 2496 5828 etiam,
2526 5764 2801 5832 postulare
2843 5767 3114 5817 videntur.

2108 5831 2220 5905 (5‘57)
2289 5831 2641 5905 Ἑγξςύκλιον
2688 5847 2751 5884 π.
2808 5834 2966 5888 Conl‘.
3020 5851 3142 5905 quae
3181 5837 3322 5889 dicta
3363 5844 3492 5890 sunt
3538 5838 3608 5892 ad

2035 5915 2088 5968 p.
2119 5902 2215 5953 “28‘.
2268 5903 2352 5957 ed.
2387 5901 2563 5957 Paris.

2106 5970 2216 6042 (58)
2243 5971 2372 6024 Νῦν
2407 5973 2487 6039 ὠς
2519 5973 2592 6027 δι’
2632 5974 2725 6027 ἑσ.
2768 5977 2922 6044 Ἀρτι
2951 5974 3018 6027 δι’
3045 5977 3123 6028 ἐσ.
3157 5974 3173 6027 Ι
3209 5974 3336 6030 Cor.
3369 5992 3487 6039 nil,
3521 5978 3604 6032 1‘3.

3209 6093 3288 6150 ~26
