4496 6588
379 538 481 593 815

1651 540 2023 599 STROMATL'
2037 543 2081 595 λι
2120 543 2248 597 LIB.
2292 542 2331 594 l.

3537 538 3647 595 8U

377 664 471 731 φία
499 664 628 732 (69),
662 666 772 724 τοῖς
801 663 941 732 ἀμφὶ
974 664 1069 727 τὰς
1104 667 1342 736 αἱρέσεις
1368 663 1641 734 δηλονὸτι’
1677 683 1693 714 ι
1736 664 1949 733 ’Λρτων
1977 678 2023 729 Α
2055 680 2152 720 διξοι

1865 680 1949 716 των
1977 678 2023 729 Α
2055 672 2299 733 sectatur
2344 663 2600 719 haereses.
2634 664 2798 717 lnl'ert
2850 663 3034 731 itaque
3073 682 3084 716 :
3141 682 3159 712 ι
3214 658 3449 728 Reliquit
3493 660 3640 713 enim

376 757 621 827 κρυφίων
655 755 826 823 ἡδέως
868 754 1073 822 inpactis
1096 797 1108 819 ,
1146 760 1239 810 καὶ
1288 757 1477 818 ὕδατος
1522 755 1727 825 κλοπῆς
1761 754 1954 821 γλυκε-

376 845 469 916 ροῦ
501 844 611 913 (ἳο)
634 860 647 871 ο
694 863 711 892 ι
754 863 771 893 ι
795 842 959 914 ἄρτον
990 866 1007 896 ι
1050 848 1141 899 καὶ
1174 870 1189 897 ι
1215 846 1358 915 ὕδωρ
1382 844 1495 912 (71)
1525 864 1543 893 ι
1565 845 1953 899 οὑκὲπ”ᾶλλων

372 934 552 994 τινῶν,
599 932 712 984 ἀλλ’
757 933 788 1002 ἢ
838 935 929 986 ἐπὶ
976 935 1081 988 τῶν
1138 937 1289 1007 ἄρτῳ
1341 933 1435 985 καὶ
1485 932 1637 986 ὕδατι
1685 934 1823 987 κατὰ
1855 936 1953 1002 τὴν

372 1024 708 1095 προσφορὰν,
760 1024 833 1095 μὴ
880 1029 1020 1082 κατὰ
1072 1029 1161 1081 τὸν
1210 1027 1413 1081 κανόνα
1445 1026 1542 1095 τῆς
1601 1027 1948 1097 Ἐκκλησίας,

371 1112 666 1185 χρωμένων
698 1115 957 1185 αἱρέσεων
978 1157 992 1179 ,
1045 1115 1303 1186 ἐμφανῶς
1329 1114 1627 1185 ταττούσης
1672 1116 1769 1185 τῆς
1806 1117 1948 1187 Γρα-

370 1204 497 1274 φῆς.
532 1204 651 1257 Εἰσὶ
675 1209 785 1279 γὰρ
818 1212 867 1262 οἳ
890 1213 985 1262 καὶ
1020 1209 1164 1278 ῦδωρ
1194 1206 1346 1275 ψιλὸν
1374 1206 1785 1277 εὐχαριστοῦσιν
1814 1209 1945 1278 (72).

373 1316 392 1347 ι
472 1297 630 1350 Ἀλλὰ
684 1301 1075 1372 ἁποπήδησον,
1138 1298 1211 1369 μὴ
1260 1300 1513 1371 χρονίσῃς
1565 1302 1621 1351 ὲν
1681 1299 1758 1369 τῷ
1802 1301 1949 1372 τόπῳ

366 1386 575 1455 αὐτῆς·
626 1390 788 1443 τόπον
831 1410 848 1439 ι
900 1390 996 1459 τὴν
1042 1388 1391 1458 Συναγωγὴν,
1434 1390 1553 1457 οὐχὶ
1609 1389 1664 1442 δὲ
1723 1390 1948 1461 Ἐκκλη-

368 1479 518 1543 σίαν,
545 1482 850 1553 ὁμωνύμως
886 1484 1201 1552 προσεῖπεν.
1244 1477 1378 1533 Εἶτα
1406 1482 1686 1549 ὲπιφωνεί·
1728 1502 1744 1533 ι
1794 1483 1947 1537 Οῦτω

365 1573 472 1644 γὰρ
516 1574 747 1648 διαϐήσῃ
781 1576 923 1645 ὓδωρ
977 1572 1254 1643 ἀλλότριον
1291 1591 1303 1605 ν
1369 1594 1386 1624 ι
1441 1573 1501 1625 τὸ
1556 1574 1837 1645 βάπτισμα
1884 1576 1947 1629 τὸ

365 1665 659 1734 αἱρετικὸν,
686 1668 787 1719 οὐκ
820 1667 1019 1719 οἰκεῖον
1050 1664 1143 1717 καὶ
1177 1666 1397 1735 γνήσιον
1432 1664 1574 1735 ὕδωρ
1600 1664 1941 1737 λογιζομένη.

368 1774 385 1805 ι
413 1757 519 1809 Καὶ
536 1757 823 1828 ὑπερϐήσῃ
839 1755 1082 1825 ποταμὸν
1096 1755 1393 1826 ἀλλότριον,
1409 1776 1425 1806 ι
1451 1757 1541 1809 τὸν
1558 1761 1943 1831 παραφέροντα

363 1849 457 1901 καὶ
489 1848 865 1918 κατασύροντα
920 1848 999 1909 εἰς
1036 1846 1345 1911 Θάλασσαν,
1395 1850 1474 1912 εἰς
1515 1849 1581 1921 ἥν
1614 1851 1881 1906 ἐκδίδοται
1914 1853 1943 1904 ό

360 1941 766 2011 παρεκτραπεὶς
825 1941 888 1990 ὲκ
948 1939 1043 2009 τῆς
1098 1941 1215 1991 κατ’
1265 1939 1517 2011 ἀλήθειαν
1569 1943 1937 2014 ἐδραιότητος,

2066 759 2184 808 vias
2223 770 2336 809 suae
2365 757 2553 819 vinem,
2599 756 2651 808 in
2693 757 2902 809 semitis
2933 765 3112 809 autem
3143 754 3380 824 propria:
3402 752 3642 822 agricul-

2059 857 2195 900 tura:
2241 847 2530 902 aberravit.
2569 867 2588 899 ο
2625 846 2714 902 Ea:
2754 860 2934 903 autem
2972 854 3121 911 sunt,
3163 864 3283 916 quae
3327 845 3639 915 prinnevam

2058 941 2360 995 Ecclesiam
2404 943 2739 1010 relinquunt.
2771 940 2890 996 Jam
2938 957 3069 995 vero
3092 942 3184 1009 qui
3221 940 3413 995 cecidit
3442 939 3494 992 in
3531 938 3635 991 bae-

2055 1035 2220 1088 resim
2244 1076 2259 1098 ,
2294 1053 2312 1084 (
2358 1036 2553 1091 transit
2586 1050 2680 1103 per
2715 1035 3063 1087 solitudinem
3113 1033 3233 1087 sine
3264 1049 3403 1101 aqua
3428 1074 3445 1098 ,
3484 1051 3503 1083 ι
3537 1046 3640 1095 eo.

2055 1128 2148 1196 qui
2176 1143 2299 1180 vere
2329 1126 2466 1182 Deus
2509 1136 2613 1191 est,
2659 1125 2868 1187 relicto,
2917 1142 2946 1178 a
2992 1125 3101 1179 Deo
3136 1125 3408 1190 desertus,
3439 1138 3639 1193 aquam

2054 1232 2305 1285 quaerens
2334 1218 2451 1271 sine
2482 1232 2659 1285 aqua,
2708 1234 2726 1266 ι
2763 1230 2870 1267 non
2910 1215 3262 1269 habitabilem
3309 1223 3363 1267 et
3403 1213 3639 1267 sitilmn-

2052 1309 2177 1361 dam
2212 1317 2409 1363 terram
2440 1309 2764 1379 pervadens,
2800 1306 3061 1374 colligens
3092 1308 3347 1363 manibus
3384 1305 3640 1360 sterilitao

2054 1411 2163 1455 tem
2189 1400 2488 1454 fructuum.
2525 1398 2590 1452 Et
2612 1400 2699 1463 iis,
2727 1399 2820 1467 qui
2850 1406 3039 1452 carent
3067 1396 3369 1466 prudentia,
3400 1396 3588 1464 jubco,
3615 1412 3634 1444 ι

2050 1492 2230 1561 inquit
2265 1490 2567 1559 Sapientia,
2604 1491 2840 1556 scilicet,
2882 1490 2975 1559 qui
3007 1495 3298 1543 versantur
3328 1488 3383 1540 in
3418 1486 3639 1540 luet-esi-

2052 1584 2175 1647 bus,
2211 1601 2229 1633 ι
2264 1598 2431 1650 panes
2464 1583 2765 1635 absconsos
2796 1581 3040 1635 lubenter
3076 1580 3299 1649 tangite,
3339 1588 3392 1632 et
3433 1593 3633 1647 aquam

2049 1669 2181 1723 furti
2210 1668 2489 1722 dulcemzi
2524 1667 2616 1720 ubi
2651 1683 2745 1735 per
2792 1685 2809 1715 ι
2833 1681 3026 1735 panem
3055 1684 3072 1715 ι
3111 1676 3165 1718 et
3199 1686 3217 1715 ι
3244 1679 3499 1733 aquam,»
3541 1678 3637 1716 eas

2049 1761 2287 1814 haereses
2330 1758 2476 1812 clare
2522 1767 2678 1811 notat
2724 1755 3049 1825 Scriptura,
3085 1771 3207 1824 qua:
3257 1755 3311 1807 in
3359 1754 3637 1807 oblatione

2048 1866 2187 1920 pane
2215 1858 2270 1903 ct
2310 1864 2452 1918 aqua
2491 1848 2648 1901 aliter
2683 1856 2933 1912 utuntur,
2967 1861 3131 1916 quam
3179 1843 3436 1899 Ecclesiae
3464 1859 3634 1897 cano-

2056 1943 2215 1996 nibus
2257 1942 2590 2011 praecipitur.
2644 1938 2785 1993 Sunt
2829 1939 2997 2003 enim,
3025 1938 3120 2007 qui
3161 1938 3276 1992 sola
3304 1952 3445 2005 aqua
3474 1946 3636 1994 utun-

362 2030 674 2100 συνεκρυεὶς
700 2024 856 2090 αὖθις
895 2029 974 2092 εἰς
1008 2028 1075 2081 τὰ
1110 2028 1296 2083 ἐθνικά
1333 2031 1424 2083 καὶ⁹
1457 2032 1667 2087 ἄτακτα
1692 2032 1787 2087 τοῦ
1823 2033 1941 2101 βίου
1979 2049 2019 2102 Β
2055 2044 2137 2087 tur

1861 2034 1941 2087 ίου
1979 2049 2019 2102 Β
2055 2044 2143 2087 tur
2192 2035 2246 2087 in
2290 2034 2643 2088 eucharistia.
2683 2051 2701 2081 ί
2738 2030 2840 2085 Sed
2874 2029 3124 2091 resilias,
3165 2045 3231 2083 ne
3271 2028 3365 2081 diu
3406 2028 3634 2080 moreris

360 2120 599 2191 κύματα·
2050 2126 2102 2178 in
2133 2127 2254 2180 loco
2292 2127 2445 2194 ejus:
2483 2126 2662 2180 locum
2700 2144 2718 2175 ›
2756 2122 3122 2193 Synagogam,
3155 2137 3261 2175 non
3306 2129 3486 2173 autem
3528 2116 3635 2172 Ec-

358 2214 618 2278 clesiam,
674 2214 951 2283 :equivoce
1002 2214 1310 2283 appellavit.
1376 2213 1577 2269 Deinde
1625 2216 1892 2271 acclamat
1948 2236 1960 2270 :
2008 2233 2027 2266 ι
2082 2214 2157 2269 lta
2214 2219 2359 2270 enim
2432 2217 2672 2285 trajicies
2720 2231 2917 2285 aquam
2967 2215 3233 2268 alienam:
3290 2230 3309 2262 ι
3363 2210 3630 2280 baptisma

361 2306 694 2370 luereticum,
728 2322 835 2359 non
869 2307 1279 2361 convenientem
1305 2318 1358 2361 et
1388 2324 1701 2377 germanam
1737 2324 1935 2378 aquam
1969 2316 2251 2376 reputans.
2288 2327 2305 2359 ι
2351 2308 2415 2362 Ει
2444 2308 2805 2363 transmeabis
2847 2306 3070 2359 ﬂuvium
3108 2306 3349 2359 alienum
3386 2314 3409 2342 ³
3430 2342 3444 2366 ,
3483 2320 3501 2352 ι
3535 2301 3630 2371 qui

355 2403 412 2453 in
464 2412 611 2449 mare
644 2396 819 2450 defert
849 2406 903 2451 et
932 2398 1187 2462 detrahit,
1224 2398 1275 2451 in
1317 2400 1463 2467 quod
1512 2398 1789 2464 illabitur,
1843 2398 1937 2468 qui
1994 2398 2214 2452 divertit
2266 2414 2293 2451 a
2339 2398 2631 2452 stabilitate
2691 2398 2955 2455 veritatis.
3001 2412 3197 2451 rursus
3250 2394 3530 2447 continens
3560 2395 3628 2447 ad

358 2489 583 2554 gentiles
616 2500 667 2543 et
709 2491 1051 2544 inordinatos
1083 2491 1203 2543 vita:
1239 2488 1455 2544 ﬂuctus.

1780 2584 2011 2641 CAPUT
2055 2585 2171 2640 XX.

870 2706 1115 2772 Quanam
1150 2708 1358 2758 ratione
1387 2705 1720 2774 philosophia
1747 2707 1987 2774 conferat
2017 2708 2085 2759 ad
2116 2708 2309 2760 dirimi:
2344 2707 2579 2760 veritatis
2608 2704 3136 2775 comprehensionem.

2108 2822 2581 2886 Quemadmodum
2634 2831 2815 2873 autem
2852 2818 3004 2872 multi
3056 2819 3341 2881 homines,
3382 2820 3477 2889 qui
3524 2835 3632 2873 na-

2039 2928 2160 2967 vem
2196 2915 2423 2966 trahunt
2446 2955 2461 2978 ,
2513 2929 2619 2966 non
2649 2911 2754 2981 dici
2786 2920 3013 2982 possunt
3055 2912 3235 2965 multa:
3264 2928 3441 2966 causae
3462 2955 3477 2977 ,
3526 2914 3621 2967 sed

2041 3020 2145 3058 una
2175 3020 2336 3058 causa
2365 3021 2427 3057 ex
2462 3005 2647 3057 multis
2677 3013 2973 3058 constans:
3016 3018 3123 3056 non
3160 3013 3241 3057 est
3270 3003 3416 3057 enim
3453 3019 3624 3058 unus-

437 2820 523 2881 Ὠς
567 2819 623 2872 δὲ
665 2822 712 2873 οἱ
764 2818 948 2873 πολλοὶ
995 2819 1293 2891 ἄνθρωποι,
1335 2820 1384 2871 οἱ
1431 2819 1786 2881 καθέλκοντες
1838 2820 1936 2891 τὴν

354 2912 507 2975 ναῦν,
529 2914 587 2965 οὺ
626 2914 794 2967 πολλὰ
821 2913 968 2966 αἴτια
1001 2913 1227 2979 λέγοιντ’
1262 2911 1348 2975 ἂν,
1376 2910 1488 2965 ἀλλ’
1514 2914 1577 2963 ἐκ
1613 2911 1821 2964 πολλῶν
1854 2914 1938 2965 αἴ-

353 3022 467 3059 τιον
515 3005 572 3057 ἓν
594 3021 608 3034 ο
644 3006 742 3056 οὐκ
774 3004 889 3056 ἐστι
933 3003 1041 3075 γὰρ
1088 3003 1256 3066 αἴτιος
1291 3004 1517 3067 ἕκαστος
1552 3002 1643 3055 τοῦ
1678 3002 1941 3056 καθέλκε-

354 3096 479 3149 σθαι
512 3096 607 3166 τὴν
673 3094 825 3157 ναῦν,
861 3094 997 3148 ἀλλὰ
1055 3096 1150 3147 σῦν
1212 3099 1323 3157 τοῖς
1379 3095 1589 3158 ἄλλοις·
1654 3094 1796 3147 οῦτω
1847 3096 1939 3148 καὶ

353 3190 386 3258 ἡ
421 3188 740 3257 φιλοσοφία,
794 3189 930 3259 πρὸς
966 3188 1267 3257 κατάληψιν
1302 3188 1402 3257 τῆς
1436 3187 1694 3257 ἀληθείας
1718 3229 1732 3252 ,
1770 3186 1937 3259 ζήτη-

2041 3098 2275 3165 quisque
2322 3113 2520 3162 causa,
2571 3106 2630 3151 ut
2661 3097 2815 3150 navis
2860 3101 3131 3163 trahatur,
3175 3097 3267 3150 sed
3308 3108 3435 3149 cum
3465 3096 3620 3159 aliis;

2041 3190 2112 3245 ita
2143 3191 2306 3243 etiam
2339 3191 2675 3260 philosOphia
2709 3189 2919 3244 confert
2949 3189 3015 3243 ad
3050 3190 3623 3258 comprehendendam

356 3296 436 3343 σις
468 3276 603 3333 οὖσα
640 3280 928 3349 ἀληθείας,
981 3280 1415 3349 συλλαμϐάνεται
1436 3297 1450 3309 ·
1486 3281 1586 3333 οὐκ
1618 3280 1765 3333 αἰτία
1799 3276 1931 3334 οὖσα
1960 3294 2006 3353 c
2037 3302 2129 3337 ver

1844 3276 1931 3334 ica
1960 3294 2006 3353 (ζ
2037 3286 2317 3339 veritatem
2339 3327 2354 3349 ,
2406 3301 2528 3339 cum
2570 3284 2640 3337 sit
2684 3282 2967 3350 inquisitio
3002 3282 3247 3335 veritatis
3272 3322 3286 3342 ,
3332 3297 3440 3335 non
3474 3283 3619 3351 quod

352 3373 725 3443 καταλήψεως,
764 3374 859 3425 σὺν
893 3373 947 3424 δὲ
980 3376 1091 3434 τοῖς
1126 3373 1303 3435 ἄλλοις
1330 3373 1496 3437 αἰτία,
1516 3376 1609 3427 καὶ
1634 3375 1891 3445 συνεργός
1910 3391 1925 3405 ⁸

348 3465 488 3533 τάχα
534 3465 589 3517 δὲ
639 3465 729 3516 καὶ
761 3466 822 3517 τὸ
857 3464 1127 3517 συναίτιον
1160 3465 1348 3518 αἴτιον.
1406 3466 1491 3527 Ὠς
1524 3465 1579 3517 δὲ
1612 3466 1731 3529 ἐνὸς
1777 3467 1929 3528 ὄντος

348 3554 439 3607 τοῦ
474 3554 831 3625 εὐδαιμονεῖν,
866 3555 1035 3607 αἰτίαι
1068 3556 1424 3624 τυγχάνουσιν
1459 3558 1513 3608 αἱ
1549 3557 1743 3627 ἀρεταὶ
1778 3558 1926 3610 πλεί-

348 3662 465 3708 ονες
488 3646 852 3717 ὑπάρχουσαν
891 3648 983 3699 καὶ
999 3647 1073 3710 ὡς
1098 3646 1189 3699 τοῦ
1213 3647 1600 3718 θερμαίνεσθαι
1623 3649 1651 3700 ὃ
1677 3666 1734 3701 τε
1759 3649 1926 3718 ἣλιος,

347 3739 407 3790 τό
438 3756 496 3791 τε
532 3738 642 3809 πῦρ
664 3778 678 3800 ,
714 3739 994 3808 βαλανεῐόν
1031 3758 1085 3790 τε
1107 3782 1119 3802 ,
1157 3741 1252 3792 καὶ
1286 3741 1449 3811 ἐσθής
1470 3759 1481 3770 ·
1511 3741 1653 3793 οὕτω
1691 3745 1818 3812 μιᾶς
1842 3743 1931 3795 οῦ-

349 3846 448 3899 σης
479 3832 577 3900 τῆς
616 3830 907 3899 ἀληθείας,
958 3831 1126 3885 πολλὰ
1168 3832 1236 3883 τὰ
1270 3832 1749 3903 συλλαμϐανόμενα
1796 3835 1932 3907 πρὸς

348 3920 570 3991 ζήτησιν
619 3923 728 3990 (75)
764 3924 935 3993 αὐτῆς
960 3942 971 3952 ’
1024 3926 1055 3992 ἡ
1092 3922 1145 3975 δὲ
1181 3924 1417 3994 εὕρεσις,
1454 3927 1486 3994 ἡ
1541 3925 1607 3977 δι’
1665 3925 1813 3980 Υἱοῦ.
1868 3928 1930 3980 Εἰ

344 4011 471 4079 γοῦν
508 4017 836 4083 σκοποῖμεν,
884 4015 981 4084 μία
1031 4016 1171 4067 κατὰ
1210 4015 1437 4085 δύναμίν
1475 4018 1620 4069 ἐστιν
1661 4020 1691 4088 ἡ
1726 4020 1925 4089 ἀρετή·

343 4104 548 4174 ταύτην
582 4106 636 4158 δὲ
672 4106 1005 4177 συμϐέϐηκε,
1062 4107 1270 4169 τούτοις
1321 4108 1419 4177 μὲν
1455 4113 1567 4171 τοῖς
1609 4112 1928 4181 πράγμασιν

418 4225 475 4280 >14
542 4218 601 4271 P.
654 4219 756 4272 576
806 4218 911 4272 ED.
972 4217 1246 4273 POTTER
1282 4263 1297 4286 ,
1347 4222 1451 4274 518
1516 4220 1620 4273 ED.
1696 4221 1921 4277 PARIS.

414 4334 529 4403 (69)
557 4332 847 4402 Eopt'aﬁe
868 4334 1162 4404 Sapientia:
1185 4335 1403 4404 nomine
1430 4334 1741 4390 Salomonis
1770 4338 1923 4392 libris

342 4401 515 4457 indito
533 4401 677 4460 conl'.
721 4422 842 4473 qum
881 4401 1161 4459 adnotavit
1189 4403 1491 4458 Cotelcrius
1521 4407 1584 4457 ad
1612 4408 1774 4460 ﬁnem
1802 4409 1922 4462 Cle-

342 4476 542 4528 mentis
575 4475 805 4529 Romani
844 4474 1013 4544 Epist.
1060 4476 1075 4527 |
1106 4476 1175 4527 ad
1208 4474 1529 4528 Corinthios.

411 4543 895 4617 (70)VI‘.1v_xepoD.'
944 4544 1213 4617 Γλυκεροῦ
1262 4548 1432 4607 πίετε,
1480 4544 1919 4617 Ριηνεήληυὺί

343 4616 581 4687 φοξεὲν
627 4614 703 4687 τῷ
747 4618 927 4687 τόπερ,
979 4614 1185 4670 ornisSO
1226 4617 1414 4686 αὐτῆς.
1473 4614 1625 4675 Dein,
1687 4616 1920 4687 διαϐήσῃ

340 4680 606 4754 ὠςᾷῦδωρ,
650 4678 826 4750 inquit
863 4686 1113 4754 Sylburg.
1353 4678 1363 4686 ’
1834 4678 1845 4687 ’
1892 4678 1904 4689 ⁸

412 4752 522 4819 (71)
560 4754 775 4819 ’Ἄρτον
814 4752 917 4807 καὶὴ
948 4752 1119 4820 ὕδωρ.
1155 4754 1416 4809 llervetus
1444 4771 1727 4824 perperam
1756 4759 1917 4811 vertit

345 4838 365 4871 ι
403 4837 594 4889 panem
626 4833 679 4875 et
713 4824 921 4877 vinum.
972 4844 990 4875 ι
1046 4827 1235 4879 Scribe
1282 4842 1311 4878 e
1367 4826 1555 4879 Grazco
1595 4826 1911 4893 Clementis,

345 4909 363 4941 ι
410 4902 689 4965 ραιιοῐηηρι
720 4908 955 4961 aquam;
1000 4914 1018 4944 ›
1058 4906 1140 4948 est
1186 4896 1331 4949 enim
1377 4912 1531 4948 error
1568 4899 1912 4965 typograplii,

338 4966 429 5030 qui
461 4979 525 5015 ex
565 4963 668 5015 alia
700 4965 937 5015 editione
974 4966 1223 5017 adhmsit.
1276 4966 1416 5018 Sunt
1449 4968 1559 5018 haec
1590 4963 1651 5017 ex
1694 4963 1744 5018 rx
1778 4965 1913 5019 Pro-

339 5035 489 5087 verb.
538 5042 590 5085 et
626 5032 889 5086 familiare
928 5042 1009 5085 cst
1049 5036 1252 5089 sanctis
1294 5035 1547 5090 Patribus
1579 5036 1681 5104 τῆς
1712 5038 1915 5104 Σοφίας

337 5106 560 5157 nomine
590 5114 839 5173 auctores
872 5105 1115 5163 innuere.
1159 5106 1249 5173 qui
1290 5105 1697 5165 Ecclesiastam,
1726 5106 1912 5160 Eccle-

336 5174 616 5228 siasticum
656 5184 708 5227 et
749 5172 1035 5247 Proverbia
1081 5172 1459 5242 scripserunt,
1517 5188 1573 5229 ut
1622 5178 1912 5247 ποιητικῆς

335 5247 586 5314 nomine,
625 5254 829 5313 poetas.
866 5242 1018 5307 Quod
1056 5260 1183 5295 vero
1223 5248 1467 5314 sequitur
1500 5266 1512 5299 :
1558 5266 1575 5297 ‹
1629 5242 1746 5299 Sed
1771 5242 1910 5301 resi-

336 5313 435 5367 lias
462 5355 476 5375 ,
510 5331 575 5367 ne
602 5317 693 5367 diu
726 5315 953 5367 moreris
982 5314 1032 5366 in
1071 5315 1192 5365 loco
1217 5313 1357 5383 ejus,
1396 5336 1413 5366 ι
1454 5319 1795 5382 (lt-sumptum
1827 5328 1910 5371 est

335 5402 399 5437 cx
445 5386 742 5453 appendice
775 5385 1016 5454 ejusdem
1050 5385 1243 5454 capitis
1297 5387 1349 5438 in
1391 5388 1627 5440 editione
1661 5385 1906 5440 Romana

336 5452 719 5523 nuperaucti;
754 5452 816 5508 ut
842 5465 894 5508 et
927 5456 1014 5507 illa
1044 5474 1056 5507 :
1088 5472 1106 5503 ι
1141 5452 1213 5506 Ita
1242 5456 1387 5509 enim
1422 5458 1681 5510 transibis
1706 5472 1904 5524 aquam

334 5525 588 5587 alienam,
627 5538 677 5578 et
719 5526 1078 5579 transmeabis
1127 5525 1350 5577 ﬂuvium
1406 5528 1663 5589 alienum,
1732 5547 1749 5575 ι
1811 5530 1905 5579 καὶ

335 5596 616 5667 ὑπερϐήσῃ
672 5596 814 5668 ὕδωρ
844 5597 1118 5668 ἀλλότριον
1138 5635 1151 5658 ,
1188 5611 1253 5647 ex
1303 5612 1411 5649 uno
1442 5599 1579 5650 libro
1610 5596 1903 5662 adduntur,

331 5669 492 5732 cujus
522 5669 821 5721 auctoritas
852 5670 1159 5721 coulirmari
1201 5669 1303 5719 hoc
1334 5668 1631 5721 (ilementis
1656 5668 1773 5720 loco
1803 5684 1904 5735 po-

332 5743 457 5807 test,
500 5748 555 5790 et
603 5740 1002 5793 commentario
1049 5737 1255 5807 Didymi
1308 5740 1548 5790 nondum
1592 5739 1754 5796 edito,
1808 5739 1901 5805 qui

331 5803 552 5879 ﬂuvium
581 5810 964 5878 interpretatur
985 5803 1646 5879 8:6acrialiavdnatqkijv
1675 5803 1903 5879 καὶπα-

335 5875 671 5946 ρασύρουσαν
696 5875 819 5940 [οὐ
864 5880 999 5951 πρὸς
1034 5877 1419 5951 *καρποφορίαν
1461 5875 1721 5951 ᾲγουσαν.
1774 5878 1901 5932 Vide

328 5951 732 6019 qua_:_adnotata
762 5948 980 6003 suntin
1022 5949 1399 6019 Pwdaqogum.
1451 5948 1721 6004 Couec'r.

398 6016 509 6087 (72]
552 6018 743 6086 ’Υδωρ
772 6020 959 6087 ψιλὸν
989 6022 1120 6089 εὺχ.
1170 6016 1393 6089 Aquarii
1421 6034 1647 6090 nempe;
1686 6022 1751 6075 de
1776 6020 1897 6089 qui-

2038 3379 2107 3431 sit
2135 3394 2301 3433 causa
2334 3376 2863 3446 comprehensionis,
2913 3374 3005 3429 sed
3037 3390 3199 3429 causa
3232 3390 3356 3427 cum
3390 3374 3533 3437 aliis,
3564 3382 3622 3427 et

2036 3470 2423 3538 cooperatrix,
2473 3477 2527 3522 et
2582 3467 2723 3521 forte
2782 3467 2945 3519 etiam
3013 3482 3180 3519 causa
3250 3480 3615 3520 concausans.

2037 3559 2505 3624 Quemadmodum
2545 3571 2724 3613 autem
2783 3574 2907 3612 cum
2960 3558 3238 3611 beatitudo
3287 3573 3453 3610 unum
3505 3557 3616 3618 sit,

2036 3652 2156 3719 ejus
2187 3667 2368 3705 causa:
2397 3661 2523 3705 sunt
2552 3651 2736 3719 plures
2765 3651 3030 3714 virtutes;
3064 3658 3119 3702 et
3155 3648 3616 3718 quemadmodum

2034 3757 2093 3799 ut
2122 3746 2248 3812 quis
2271 3744 2500 3806 caleliat,
2533 3744 2771 3803 cltieiuut
2802 3754 2856 3795 et
2880 3742 2963 3794 sol
2987 3750 3041 3793 et
3064 3740 3223 3809 ignis,
3255 3749 3309 3793 et
3332 3740 3613 3806 balneum,

2033 3850 2084 3894 et
2119 3839 2316 3902 vestis;
2356 3839 2427 3890 ita
2457 3852 2581 3889 cum
2620 3840 2687 3890 sit
2717 3852 2822 3889 una
2853 3836 3075 3899 veritas,
3113 3834 3282 3887 multa
3309 3842 3456 3895 sunt,
3492 3849 3616 3903 qua

2033 3934 2321 3987 conferunt
2351 3933 2417 3986 ad
2472 3932 2591 4000 ejus
2633 3930 3085 3998 inquisitionem,
3145 3927 3371 3981 inveniri
3427 3938 3610 3981 autem

2033 4026 2151 4078 sine
2185 4029 2243 4086 ὦ
2274 4022 2394 4076 Filii
2426 4022 2633 4075 auxilio
2666 4036 2770 4073 non
2804 4029 2999 4087 potest.
3026 4018 3092 4072 Et
3124 4021 3167 4073 si
3202 4019 3419 4086 quidem
3466 4028 3613 4073 recte

2031 4116 2480 4176 consideremus,
2533 4123 2799 4182 potestate
2844 4127 2947 4165 una
2999 4121 3084 4165 est
3136 4112 3349 4174 virtus,
3411 4111 3611 4165 accidit

2030 4235 2052 4260 ι
2089 4221 2248 4275 Prov.
2287 4237 2362 4285 Ix,
2398 4219 2487 4285 16,
2526 4220 2613 4284 17,
2648 4219 2736 4275 18.

2027 4337 2131 4391 bus
2177 4336 2515 4405 Augustinus
2546 4336 2640 4390 lib.
2692 4335 2766 4388 De
2816 4337 3001 4388 hazrcs.
3048 4349 3165 4401 rap.
3216 4332 3507 4405 64.7Svui.
3537 4364 3608 4373 -—-

2028 4404 2286 4460 Ebionaei
2318 4408 2490 4461 solam
2536 4422 2735 4475 aquam
2783 4407 2834 4458 in
2881 4405 3208 4457 euchariszia
3242 4404 3599 4475 adhibebant.

2026 4476 2147 4542 Quo
2190 4478 2378 4531 allusit
2420 4473 2653 4531 lremeus
2692 4477 2785 4529 lib.
2841 4492 2890 4536 ν,
2931 4490 3053 4541 cap.
3104 4475 3154 4535 1,
3216 4488 3265 4540 p.
3318 4473 3424 4527 594
3466 4476 3600 4530 edit.

2026 4546 2203 4601 Oxon.
2244 4566 2256 4600 :
2297 4548 2635 4615 «lteprnbant
2661 4548 2838 4614 itaqm
2868 4545 2917 4596 hi
2968 4547 3406 4597 commisLonem
3483 4546 3598 4598 vini

2025 4619 2285 4682 coalesus,
2328 4627 2377 4669 et
2425 4617 2536 4671 sola
2569 4632 2706 4684 aqua
2757 4615 3034 4668 stecularis
3075 4615 3262 4668 volunt
3305 4630 3448 4677 esse,
3492 4630 3600 4673 non

2029 4690 2349 4757 recipientes
2385 4685 2559 4757 Deum
2599 4686 2664 4757 ad
2703 4686 3141 4757 comnnstioncm
3174 4700 3350 4757 suam.
3392 4705 3409 4734 ι
3437 4684 3597 4738 Conf.

2024 4755 2358 4826 Epiphanius
2384 4756 2574 4826 haeres.
2602 4755 2695 4819 50,
2718 4766 2853 4809 sect.
2877 4756 2963 4809 16.
2995 4756 3051 4826 l_n
3080 4755 3331 4809 eumdem
3354 4770 3597 4809 errorem

2025 4824 2212 4882 incidit
2238 4829 2403 4879 etiam
2446 4825 2710 4880 Tatianus
2737 4867 2752 4887 ,
2799 4837 2958 4879 Secta:
2992 4824 3391 4878 Encratitarutn
3419 4833 3591 4891 pater,

2020 4900 2264 4951 tradente
2291 4895 2594 4963 Epiphanio
2624 4897 2818 4950 haeres.
2848 4897 2915 4948 46
2943 4916 2954 4949 :
2978 4894 3310 4964 Μυστηρίοις
3335 4893 3390 4964 δὲ
3422 4894 3597 4947 ὡσαύ-

2016 4985 2121 5030 τως
2155 4967 2415 5036 κέχρηται
2460 4966 2603 5019 κατὰ
2648 4966 2876 5036 μίμησιν
2909 4966 3006 5034 τῆς
3040 4963 3198 5031 ἁγίας
3248 4963 3594 5036 Ἐκκλησίας,

2017 5038 2165 5091 ῦδατι
2205 5038 2259 5087 δὲ
2310 5036 2456 5107 μόνῳ
2488 5035 2853 5107 χρώμενοςὲν
2881 5039 2990 5097 τοῖς
3033 5035 3591 5107 αὑτοῐςμυστηρίοις

2021 5128 2038 5159 t
2099 5107 2367 5177 Mysten-its
2418 5106 2581 5160 etiam
2631 5108 2852 5175 perinde
2887 5122 3019 5157 usus
3053 5114 3135 5177 est
3171 5106 3235 5157 ad
3280 5106 3589 5177 exemplum

2016 5174 2215 5232 sancta:
2292 5176 2589 5241 Ecclesiae,
2632 5174 2736 5230 sed
2789 5176 2841 5227 in
2907 5178 2972 5230 iis
3030 5174 3368 5228 celebrandis
3414 5174 3587 5228 solam

2014 5263 2207 5316 aquam
2244 5248 2481 5301 adhibet.
2531 5268 2546 5297 ι
2590 5246 2737 5299 Unde
2780 5246 2899 5313 ejus
2939 5246 3189 5316 discipuli
3238 5244 3589 5316 appellaban-

2016 5314 2102 5371 tur
2156 5317 2681 5387 Ὑδροπαραστάται,
2730 5334 2746 5365 ι
2808 5317 3054 5384 Aquarii,
3109 5335 3125 5364 ι
3158 5315 3233 5376 ὡς
3278 5314 3420 5387 ῦδωρ
3468 5316 3590 5387 ἀντὶ

2011 5391 2152 5441 οἴνου
2191 5377 2605 5473 προσφέροντες,
2648 5405 2664 5435 ‹
2713 5377 3402 5473 (“10:1-allllam’le'U'xlllu'
3422 5386 3587 5438 oller-

2012 5468 2185 5515 rcnt.»
2225 5454 2774 5512 utait'l‘betnlorctus
2816 5454 3063 5511 Hmretic.
3095 5455 3203 5520 fab.
3243 5454 3337 5508 lib.
3386 5472 3422 5516 ι,
3460 5472 3579 5523 cap.

2007 5531 2095 5581 20.
2129 5529 2434 5597 Cyprianus
2476 5547 2529 5598 p.
2570 5528 2672 5598 276
2716 5528 2847 5581 edit.
2886 5526 3225 5598 Ams_lelod.:
3282 5546 3299 5576 ι
3350 5525 3579 5590 Quidam

2010 5595 2219 5651 novella
2270 5595 2613 5653 institutione
2659 5597 2710 5648 in
2775 5599 2944 5652 calice
3006 5595 3293 5650 Dominicn
3348 5598 3581 5648 sanctifi-

2008 5670 2181 5722 cando
2224 5680 2277 5721 et
2310 5670 2448 5736 plebi
2492 5670 2850 5723 ministrando
2888 5685 2991 5721 non
3034 5668 3136 5720 hoc
3174 5667 3399 5727 faciunt,
3430 5669 3577 5733 quod

2005 5742 2275 5803 Christus,
2320 5742 2483 5808 hujus
2520 5738 2771 5793 sacriﬁcii
2804 5749 2993 5791 auctor
3030 5748 3083 5789 et
3114 5740 3332 5801 dot-tor,
3370 5736 3498 5790 fecit
3526 5748 3578 5791 et

2004 5813 2220 5873 docuit;
2282 5829 2300 5859 ι
2339 5821 2452 5881 tum
2505 5810 2674 5881 pergit
2718 5811 2891 5863 solum
2942 5825 3141 5878 aquam
3190 5817 3579 5861 consecrantes

2003 5884 2221 5949 copiose
2270 5880 2534 5935 refellere.

2072 5946 2182 6018 175)
2208 5950 2361 6021 Πρὸς
2386 5952 2504 6018 (ﬁt.
2550 5951 2726 6007 Malim
2764 5967 2884 6007 cum
2914 5949 3162 6015 articulo,
3191 5948 3327 6019 πρὸς
3358 5946 3457 6020 τὴν
3485 5946 3577 6021 C5,-

2000 6039 2175 6093 τηοιν.
2214 6020 2479 6077 διἰειιιιο.
