4496 6588
430 537 531 591 8-19

428 640 554 696 Τότε
592 644 685 697 καὶ
723 642 974 708 Χελκίας,
1010 644 1040 698 6
1076 644 1267 718 ἱερεὺς,
1304 652 1333 702 6
1369 649 1461 703 τοῦ
1499 650 1773 720 προφήτου

426 734 547 802 μίου
595 734 807 804 πατὴρ,
859 738 1160 809 περιτυχὼν
1201 742 1279 810 τῷ
1324 738 1417 795 τοῦ
1452 741 1635 809 Νόμου
1678 740 1865 813 βιϐλίῳ
1915 745 1973 797 ὲν

420 839 500 909 τῷ
542 834 672 907 ἱερῷ
716 831 1083 902 ἀποκειμένῳ,
1119 830 1385 899 ἀναγνοὺς
1431 822 1800 894 ἐτελεύτησεν.
1867 820 1986 873 Ἐπὶ

422 926 611 981 τούτου
646 920 975 994 προφητεύει
1015 922 1188 983 Ὀλδᾶ,
1236 919 1328 975 καὶ
1360 912 1658 983 Σοφωνίας,
1693 910 1787 966 καὶ
1830 910 1987 982 Ἰερε-

430 1017 575 1089 μίας.
647 1013 771 1066 Ἐπὶ
831 1012 888 1066 δὲ
956 1014 1213 1086 Ἰερεμίου
1272 1002 1721 1079 ψευδοπροφήτης
1779 1003 1984 1072 γίνεται

438 1106 684 1169 Ἀνανίας
719 1106 748 1158 6
787 1106 988 1159 Ἰωσίου
1029 1104 1161 1175 (26).
1196 1094 1366 1161 οὗτος
1388 1136 1403 1161 ,
1437 1095 1788 1167 παρακούσας
1825 1096 1984 1167 Ἰερε-

423 1199 546 1269 μίου
570 1198 664 1253 τοῦ
697 1200 996 1271 προφήτου,
1022 1198 1127 1251 ὑπὸ
1156 1191 1372 1263 Νεχαὼ,
1404 1190 1665 1262 βασιλέως
1688 1190 1983 1260 Αἰγύπτου,

420 1290 687 1361 ἀνῃρέθη,
740 1291 879 1346 κατὰ
924 1287 1163 1359 ποταμὸν
1206 1283 1516 1354 Εὐφράτην,
1558 1283 1794 1355 ὁρμῶντι
1840 1280 1986 1351 αύτῷ

420 1381 555 1452 πρὸς
599 1384 910 1456 Ἀσσυρίους
941 1382 1051 1453 (27)
1084 1378 1419 1447 ἀπαντήσας.
1458 1375 1662 1429 Ἰωσίαν
1684 1373 1984 1444 διαδέχεται

431 1474 728 1546 Ἰεχωνίας,
780 1476 873 1529 καὶ
917 1474 1142 1543 Ἰωάχας
1165 1511 1180 1534 ,
1226 1469 1255 1522 6
1286 1469 1398 1532 υίὸς
1430 1468 1541 1540 (28)
1573 1466 1738 1521 αὑτοῦ
1758 1508 1772 1531 ,
1811 1467 1985 1537 μῆνας

419 1571 564 1639 τρεῖς
589 1569 682 1623 καὶ
714 1569 927 1640 ἡμέρας
953 1567 1102 1618 δέκα.
1136 1562 1336 1615 Τοῦτον
1368 1561 1584 1632 Νεχαὼ,
1622 1559 1871 1631 βασιλεὺς
1890 1559 1985 1611 Δί-

418 1658 645 1727 γύπτου,
676 1661 861 1731 δήσας,
898 1656 1184 1725 ἀπήγαγεν
1209 1655 1288 1718 είς
1314 1654 1605 1721 Αιγυπτον,
1640 1651 1985 1721 καταστήσας

416 1750 531 1805 ἀντ’
557 1751 721 1805 αὐτοῦ
756 1747 979 1819 βασιλέα
1019 1745 1112 1800 τὸν
1137 1745 1359 1814 ἀδελφὸν
1384 1745 1548 1799 αὐτοῦ
1587 1742 1864 1813 Ἰωακεὶμ,
1892 1743 1984 1795 ἐπὶ

419 1842 567 1913 φόρῳ
582 1842 679 1912 τῆς
692 1840 914 1912 γῆς,ἐτη
930 1837 1139 1890 ἕνδεκα.
1161 1836 1313 1892 Μετὰ
1327 1836 1514 1891 τοῦτον
1538 1837 1567 1888 6
1584 1833 1765 1906 ὁμὼνυ
1775 1835 1983 1903 μοςάὐ-

415 1934 509 1986 τοῦ
542 1934 791 2001 Ίωακεὶμ
817 1930 928 2000 (29)
948 1930 1205 2001 τρίμηνον
1230 1929 1515 1999 βασιλεύει.
1560 1922 1693 1980 Εἶτα
1714 1924 1981 1988 Σεδεκίας,

416 2026 508 2097 ετη
528 2024 830 2093 ἓνδεκαβο)
845 2039 859 2054 ⁸
884 2023 978 2075 καὶ
996 2021 1353 2092 μέχριτούτου
1366 2017 1721 2090 προφητεύων
1734 2014 1983 2069 διατείνει

426 2114 719 2187 Ἱερεμίας·
752 2112 1150 2184 προφητεύουσι
1188 2112 1245 2165 δὲ
1276 2112 1371 2164 καὶ
1393 2107 1557 2171 Βουζὶ
1588 2107 1722 2175 (51),
1755 2106 1849 2159 καὶ
1878 2105 1983 2158 Οὑ-

418 2206 537 2275 ρίας
572 2202 682 2274 (52)
713 2203 742 2254 ὁ
775 2202 887 2267 υίὸς
917 2203 1179 2272 Σαμαίου,
1214 2202 1308 2255 καὶ
1340 2197 1658 2269 Ἀμὸακοὺμ
1682 2196 1779 2249 σὺν
1803 2195 1980 2267 αύτῷ·

415 2296 506 2347 καὶ
526 2294 674 2357 τέλος
707 2293 818 2364 ἔχει
848 2293 915 2347 τὰ
938 2292 1045 2347 τῶν
1094 2289 1390 2363 Ἑὸραῖκῶν
1424 2287 1704 2359 βασιλέων.
1740 2287 1983 2340 Γίνονται

414 2382 505 2439 οὖν
529 2386 637 2439 ἀπὸ
662 2387 760 2457 μὲν
776 2386 877 2457 τῆς
892 2386 1169 2449 Μωῦσέως
1189 2384 1456 2453 γενέσεως
1482 2381 1588 2445 ἕως
1617 2381 1719 2451 τῆς
1743 2398 1986 2451 μετοικε-

417 2478 535 2542 σίας
566 2478 769 2549 ταύτης
802 2478 920 2550 ἔτη,
957 2478 1033 2542 ὡς
1068 2479 1166 2548 μέν
1200 2493 1361 2539 τινες,
1406 2473 1719 2528 ὲννεακόσια
1753 2472 1983 2543 ἐϐδομή-

416 2586 575 2622 κοντα
633 2570 756 2623 δύο·
822 2570 962 2623 κατὰ
1002 2570 1057 2621 δὲ
1113 2570 1212 2639 τὴν
1272 2566 1473 2638 ἀκριϐῆ
1547 2563 1944 2637 χρονογραφίαν
1968 2603 1982 2626 ,

415 2661 556 2731 χίλια
596 2661 1102 2730 ὀγδοηκονταπέντε,
1141 2659 1309 2730 μῆνες
1346 2657 1425 2723 ἒξ,
1457 2659 1660 2729 ἡμέραι
1682 2658 1841 2711 δέκα⁸
1877 2655 1985 2709 ἀπὸ

414 2752 470 2804 δὲ
502 2752 601 2822 τῆς
644 2752 809 2804 Δαὸὶδ
853 2751 1129 2821 βασιλείας
1172 2748 1280 2812 ’ἑως
1315 2749 1415 2818 τῆς
1446 2748 1841 2819 αἰχμαλωσίας,
1884 2746 1984 2815 τῆς

415 2842 521 2898 ὑπὸ
550 2842 831 2896 Χαλδαίων
860 2842 1176 2912 γενομένης,
1212 2841 1306 2911 ἔτη
1338 2841 1660 2911 τετρακόσια
1687 2855 1982 2908 πεντηκον-

414 2936 609 3001 ταδύο,
662 2936 828 3006 μῆνες
872 2934 963 2999 ἓξο
1012 2935 1086 2998 ὡς
1127 2935 1246 3005 δὲή
1294 2934 1414 2987 καθ’
1467 2936 1613 3005 ἡμᾶς
1641 2933 1748 2987 τῶν
1780 2934 1983 3004 χρόνων

415 3028 665 3097 ἀκρίϐεια
727 3028 968 3095 συνάγει,
1022 3027 1114 3099 ἔτη
1172 3026 1494 3098 τετρακόσια
1542 3025 1981 3096 ὀγδοηκονταδύο,

420 3119 585 3190 μῆνες
618 3119 696 3185 ἐξ,
731 3120 931 3190 ἡμέραι
952 3119 1100 3172 δέκα.
1147 3118 1231 3170 Ἐν
1254 3118 1309 3171 δὲ
1332 3117 1409 3188 τῷ
1438 3118 1723 3188 δωδεκάτῳ
1748 3117 1856 3170 ἔτει
1884 3118 1983 3187 τῆς

492 3236 549 3294 »Β
580 3229 642 3284 Ρ.
676 3229 773 3283 591
804 3228 910 3281 ED.
936 3226 1230 3294 POTTER,
1254 3228 1357 3283 329
1380 3226 1488 3283 ED.
1514 3225 1736 3281 PARIS.

1684 511 2107 571 STROMATUM
2146 508 2273 565 ιλιι.
2316 507 2356 560 1.

1812 651 1973 721 οιερε,
2022 630 2157 690 Ain
2200 640 2299 686 eo.
2336 623 2480 694 quod
2540 622 2943 683 intercesserat,
2996 625 3240 687 tempore
3290 610 3465 666 fuerat
3515 611 3647 665 cele-

3546 489 3649 544 850

2094 720 2329 775 bratum.
2377 715 2530 771 Tunc
2562 714 2726 770 etiam
2764 710 3016 766 Chelcias
3053 709 3330 771 sacerdos,
3372 714 3523 774 pater
3556 702 3649 757 .Ie-

2093 812 2276 869 remia:
2309 809 2607 880 prephetze,
2646 820 2769 859 cum
2817 804 2873 857 in
2916 802 3117 857 librum
3163 798 3321 869 Legis
3373 794 3652 851 incidisset

2090 905 2147 959 in
2180 903 2381 971 templo
2407 897 2771 959 reconditum,
2800 912 2865 950 eo
2886 902 2943 961 υἷι
2965 894 3105 948 lecto
3134 890 3299 942 vitam
3331 886 3491 941 ﬁniit.
3518 881 3651 953 Ejus

2092 1006 2335 1063 tempore
2370 989 2714 1064 prophetarit
2741 986 2901 1052 Olda,
2949 996 3003 1042 et
3032 982 3369 1055 Sophonias,
3408 990 3462 1035 et
3490 977 3645 1035 lere-

2091 1088 2251 1144 mias.
2312 1086 2576 1157 Tempore
2636 1092 2819 1137 autem
2875 1079 3119 1135 Jereniize
3164 1075 3268 1132 fuit
3314 1074 3650 1145 pseudopro-

2089 1182 2254 1251 pheta
2285 1179 2557 1244 Ananias,
2589 1176 2735 1231 ﬁlius
2762 1171 2945 1228 Josiae.
2981 1169 3062 1232 ls,
3092 1186 3217 1225 cum
3249 1182 3357 1223 non
3390 1164 3653 1219 audiisset

2088 1272 2377 1330 Jeremiam
2420 1270 2743 1341 prephetam
2771 1308 2786 1332 ,
2832 1266 3187 1331 interemptus
3226 1269 3309 1316 est
3348 1274 3377 1314 a
3409 1256 3652 1318 Nechao,

2090 1378 2218 1435 rege
2265 1361 2505 1433 IEgypti,
2555 1361 2712 1429 juxta
2770 1355 2997 1411 ﬂuvium
3033 1352 3387 1422 Euphratem,
3426 1363 3550 1403 cum
3601 1345 3651 1400 ei

2088 1456 2422 1512 occurrisset
2464 1450 2825 1521 proﬁciscenti
2871 1448 3137 1503 adversus
3180 1444 3453 1513 Assyrios.
3489 1439 3655 1495 Josize

2089 1545 2335 1604 succedit
2373 1544 2694 1609 Jechonias,
2734 1552 2788 1597 et
2826 1540 3060 1596 Joacbas
3090 1536 3211 1607 ejus
3247 1534 3412 1599 ﬁlius,
3443 1532 3651 1589 mensi-

2087 1639 2193 1693 bus
2222 1636 2399 1691 tribus
2420 1643 2474 1689 et
2502 1632 2688 1688 decem
2710 1630 2922 1687 diebus.
2946 1628 3081 1684 Eum
3099 1626 3341 1691 Neehao,
3368 1640 3459 1679 rex
3485 1623 3652 1695 Egy-

2088 1732 2190 1802 pti,
2245 1729 2485 1783 vinctum
2530 1724 2758 1781 abduxit
2806 1724 2858 1776 in
2893 1720 3209 1792 Egyptum,
3257 1735 3383 1776 cum
3435 1733 3535 1789 pro
3586 1734 3652 1773 eo

2088 1822 2464 1880 constituisset
2512 1834 2694 1890 regem
2747 1815 2971 1871 fratrem
3001 1813 3121 1884 ejus
3162 1810 3409 1867 Joacbim
3432 1853 3447 1877 ,
3482 1810 3657 1867 tribu-

2088 1916 2287 1970 tarium
2318 1912 2578 1984 regionis,
2600 1911 2761 1966 annis
2790 1906 3063 1964 undecim.
3093 1904 3223 1960 Post
3248 1918 3373 1958 eum
3403 1901 3655 1957 Joachim

2087 2009 2331 2076 ejusdem
2376 2021 2500 2061 cum
2534 2018 2601 2059 eo
2640 2003 2879 2057 nominis
2906 2044 2921 2067 ,
2957 2001 3205 2071 regnavit
3245 1998 3420 2054 tribus
3455 1995 3657 2050 mensi-

2089 2099 2212 2153 bus.
2251 2096 2453 2151 Deinde
2493 2093 2749 2150 Sedecias
2786 2094 2944 2148 annis
2987 2091 3238 2147 undecim
3274 2108 3287 2144 :
3322 2100 3375 2145 et
3412 2089 3479 2144 ad
3528 2102 3655 2143 eum

2094 2203 2266 2260 usque
2291 2186 2552 2258 perdurat
2585 2185 2914 2255 prophetans
2941 2182 3226 2239 Jeremias.
3252 2181 3659 2252 PrOphctarunt

2090 2291 2272 2335 autem
2310 2290 2366 2335 et
2402 2278 2536 2333 Buzi
2562 2318 2578 2341 .
2612 2287 2668 2334 et
2714 2276 2876 2333 Urias
2924 2276 3066 2329 ﬁlius
3096 2273 3317 2339 Samaei,
3358 2283 3413 2327 et
3437 2288 3560 2327 cum
3589 2286 3657 2326 eo

2089 2376 2355 2430 Abacum.
2392 2371 2489 2428 Hic
2524 2371 2800 2441 accipiunt
2832 2370 2993 2425 ﬁnem
3021 2368 3234 2423 Hebraei
3268 2380 3444 2436 reges.
3495 2362 3660 2418 Fiunt

2089 2486 2220 2540 ergo
2248 2485 2280 2523 a
2304 2467 2506 2539 Moysis
2533 2466 2750 2536 quidem
2785 2474 2907 2519 ortu
2939 2476 3113 2532 usque
3139 2461 3206 2514 ad
3235 2460 3377 2513 hanc
3398 2456 3659 2511 transmi-

2091 2562 2425 2631 gratiouem,
2467 2567 2527 2612 ut
2562 2557 2808 2612 nonnulli
2839 2555 3059 2625 quidem
3094 2553 3307 2617 dicunt,
3342 2551 3470 2605 anni
3516 2564 3657 2603 nou-

2092 2655 2237 2725 genti
2272 2658 2612 2724 septuaginta
2637 2653 2778 2715 duo;
2816 2666 2880 2705 ex
2912 2656 3168 2705 accurata
3192 2656 3378 2701 autem
3419 2645 3657 2699 chrono-

2091 2747 2340 2817 graphia,
2376 2747 2522 2801 mille
2554 2746 2827 2815 octoginta
2859 2746 3120 2814 quinque,
3159 2758 3255 2798 sex
3280 2754 3516 2803 menses,
3541 2738 3660 2793 dies

2090 2845 2300 2899 decem.
2332 2842 2377 2895 A
2408 2856 2577 2911 regno
2609 2848 2791 2894 autem
2824 2837 3045 2891 Davidis
3072 2850 3245 2905 usque
3270 2835 3337 2889 ad
3372 2830 3661 2901 captivita-

2092 2945 2223 3001 tem,
2258 2951 2379 3005 quze
2414 2932 2554 2988 facta
2590 2940 2677 2988 est
2718 2947 2750 2986 a
2784 2930 3073 2995 Chaldaeis,
3122 2928 3249 2983 anni
3276 2923 3661 2997 quadringenti

2089 3028 2483 3099 quinquaginta
2530 3026 2665 3091 duo,
2715 3039 2933 3078 menses
2968 3038 3098 3087 sex;
3149 3030 3209 3074 ut
3238 3033 3417 3074 autem
3453 3015 3660 3085 collith

2092 3132 2275 3177 nostra
2326 3128 2580 3176 accurata
2625 3128 2931 3187 temporum
2967 3113 3319 3185 supputatio,
3356 3111 3485 3165 anni
3514 3124 3654 3179 qua-

414 3325 596 3393 ὅμοιον
610 3323 757 3393 αύτῷ
774 3325 833 3375 ἐν
858 3322 1107 3394 Ἰσραήλ,
1122 3320 1250 3394 ’ᾼπὺ
1303 3336 1367 3389 με
1373 3319 1482 3394 ρῷν
1496 3319 1849 3394 Σαμουὴλ-τοῦ
1863 3338 1985 3394 προ·
2013 3331 2055 3388 c
2090 3324 2189 3394 μῆν

1878 3338 1985 3394 τρο·
2013 3331 2055 3388 c
2090 3324 2263 3394 μῆνας
2291 3331 2360 3393 γ’.
2390 3344 2407 3375 ι
2434 3321 2748 3394 Jeehonias,
2782 3322 2876 3394 qui
2909 3321 3071 3394 etiam
3100 3317 3303 3394 Joacim
3339 3315 3518 3394 dictus
3542 3324 3653 3394 est,

416 3390 586 3464 φ’ήτου
615 3395 709 3445 καὶ
730 3390 944 3454 ’παντὸς
960 3390 1231 3464 βασιλέως
1263 3392 1478 3464 Ἰσραὴλ
1497 3390 1606 3464 cui:
1632 3390 1982 3464 érrot'qaavfgb

416 3459 611 3533 ᾡασὲκ,
631 3464 658 3515 ὃ
675 3464 927 3533 εποίησεν
956 3463 1181 3523 Ἰωσίας,
1206 3459 1555 3533 θιαίίοιιῖλν
1574 3459 1705 3533 Reg.
1722 3475 1874 3533 xxiii,
1890 3460 1978 3533 22.

487 3533 598 3598 (26)
646 3530 921 3597 Ἀνανίας
949 3532 1277 3603 ό,’Ῑωσίου·
1323 3532 1595 3603 Ἀνανὲαςν
1630 3531 1743 3603 ιδίδς
1785 3530 1978 3603 Ἀζὼρ’

416 3600 1181 3675 ὁψευδοπροφήτηςηξιτειιι.
1236 3616 1421 3675 xxviii.
1470 3600 1581 3675 Cur
1638 3600 1979 3675 itaqueheuin

416 3670 884 3727 Clemens'Josiai
939 3672 1109 3725 ﬁlium
1159 3672 1409 3739 vocavit?
1461 3670 1542 3723 An
1602 3686 1723 3723 cum
1784 3671 1982 3739 aliquis

412 3745 567 3811 juxta
610 3744 913 3811 proximam
949 3757 1134 3795 vocem
1181 3736 1332 3804 οὗτος
1369 3742 1419 3794 in
1453 3741 1695 3810 margine
1729 3736 1985 3795 adnotas-

416 3824 499 3868 set
541 3815 570 3865 6
627 3814 855 3878 Ἰωσίας,
909 3813 961 3867 id
1015 3823 1199 3880 postea
1236 3814 1288 3864 iu
1338 3813 1365 3863 6
1422 3812 1622 3864 Ἰωσίου
1672 3813 1985 3865 mutatum?

418 3884 657 3951 Scaliger
688 3884 739 3936 in
774 3884 917 3938 Hist.
954 3882 1149 3951 Synag.
1180 3891 1469 3947 utrumque
1497 3884 1697 3951 posuit,
1740 3881 1985 3944 Ἀνανίας

416 3957 446 4007 6
476 3946 698 4014 Ἰωσίου,
728 3955 935 4017 Ἰωσίας
964 3946 1167 4023 iapix.
1195 3951 1327 4003 Nam
1360 3946 1485 4004 illud
1500 3946 1667 4013 hirto;
1686 3950 1983 4023 obscurum

415 4035 552 4085 erat,
593 4038 772 4078 utrum
816 4027 883 4079 ad
911 4022 1201 4081 Ananiam,
1242 4024 1398 4089 cujus
1432 4023 1678 4090 proxime
1708 4023 1846 4077 facta
1882 4022 1986 4077 fuit

418 4095 641 4155 mentio,
680 4110 746 4146 an
780 4095 847 4148 ad
882 4104 1151 4148 remotum
1182 4090 1386 4144 Josiam
1425 4092 1736 4146 referretur.

487 4166 597 4231 (27)
625 4163 777 4232 Πρὸς
821 4164 1200 4231 Ἀσσυρίους.
1240 4159 1500 4215 llervetus
1526 4164 1705 4226 vertit,
1735 4180 1754 4213 ι
1792 4161 1985 4217 adver—

418 4252 512 4289 sus
551 4235 833 4305 jEeyptios
901 4254 918 4287 ι
965 4234 1174 4305 Scribe.
1232 4264 1249 4287 ι
1299 4232 1575 4305 adversus
1624 4234 1981 4305 Assyrios}

420 4302 748 4360 Adhmsit'ex
776 4306 899 4359 aliis
928 4304 1258 4361 editionihus
1296 4302 1383 4355 hic
1418 4317 1593 4356 error.
1624 4302 1889 4357 Narratur
1920 4303 1984 4356 IV

420 4372 546 4444 Reg.
581 4393 699 4443 cap.
735 4392 888 4436 χχιιι,
916 4386 969 4430 et
1000 4374 1039 4429 ll
1082 4373 1315 4440 Paralip.
1350 4388 1511 4444 xxxv,
1548 4382 1605 4427 ut
1642 4374 1693 4426 in
1730 4372 1987 4429 Maceddo

418 4442 581 4498 fuerit
617 4442 833 4500 occisus
871 4445 1047 4501 Josias
1092 4447 1159 4500 ab
1198 4442 1465 4513 Egyptig
1494 4444 1823 4497 ascendente
1853 4459 1985 4497 cou-

416 4525 497 4570 tra
521 4517 882 4586 Assyriorum
899 4516 1206 4579 Nechaone,
1243 4511 1402 4586 quem
1421 4511 1756 4586 _Herodotu_s,
1781 4522 1839 4586 ut
1860 4516 1987 4586 qui-

416 4588 539 4639 dam
588 4582 795 4656 volunt,
842 4585 1047 4640 Necum
1101 4582 1354 4656 appellat,
1416 4582 1816 4656 Psammetichi
1852 4585 1984 4649 ﬁlio,

2090 3386 2199 3449 ires
2246 3386 2484 3447 menses.
2545 3411 2562 3444 ι
2606 3386 2771 3445 Porro
2802 3386 3124 3447 'Jechoniam
3169 3389 3372 3443 dictum
3407 3386 3653 3440 Joachim

2087 3465 2474 3518 existimabant
2500 3474 2720 3530 propter
2755 3464 2884 3516 illud
2907 3460 3094 3514 Matth.
3135 3476 3174 3519 ι,
3225 3456 3305 3530 11
3352 3473 3366 3510 :
3399 3524 3410 3530 _
3445 3458 3654 3530 Ἰωσίας

2087 3535 2141 3587 δὲ
2171 3534 2425 3604 ἐγέννησε
2458 3524 2548 3585 τδν
2604 3524 2864 3604 Ἰεχονίαν
2899 3532 2996 3604 καὶ
3038 3532 3163 3593 τοὺς
3200 3524 3460 3596 ἀδελφοὺς
3489 3524 3650 3580 αύτοῦ

2090 3605 2180 3656 ἐπὶ
2209 3604 2307 3673 τῆς
2344 3602 2681 3674 μετοικεσίας
2708 3602 3040 3674 Βαϐυλῷνος.

2161 3664 2376 3739 (29Γὸ
2406 3664 2712 3743 ὁμώνυμος
2750 3672 2934 3726 αὑτοῦ
2979 3667 3652 3743 ἸωακεΙμ.-5ςιιι11ςοι·ηιις1

2091 3737 2307 3798 Eusebii
2354 3737 2651 3799 Chi-opticen
2690 3737 2803 3797 inec
2842 3742 3119 3795 adnotavit
3152 3760 3163 3793 :
3202 3737 3219 3789 ι
3274 3738 3499 3791 Eliakim
3550 3737 3652 3790 He-

2091 3815 2275 3901 braicg
2309 3824 2522 3901 vocatur
2568 3822 2781 3901 Dmva
2838 3811 3088 3901 J'oukim,
3155 3810 3325 3891 Graeci
3387 3809 3653 3901 intecrpre-

2090 3894 2193 3956 tes,
2241 3886 2484 3956 Ἰωακίμ,
2534 3886 2615 3939 vel
2638 3878 2932 3954 ⁸Ἰωακείμ.
2970 3884 3039 3935 At
3076 3883 3142 3944 is,
3183 3880 3275 3956 qui
3312 3888 3437 3932 ante
3470 3878 3653 3956 Sede-

2091 3955 2234 4008 kiam
2286 3964 2393 4009 tres
2426 3948 2659 4009 'menses
2710 3948 2919 4009 tantum
2978 3948 3269 4019 regnavit,
3323 3948 3655 4018 penultimus

2094 4042 2185 4079 rex
2224 4024 2556 4089 Iudaeorum,
2610 4041 2732 4080 cum
2787 4040 2896 4093 quo
2956 4023 3207 4093 captit’us
3254 4019 3521 4093 abductus
3568 4028 3657 4093 est

2093 4095 2337 4177 E_aeclriel
2379 4087 2658 4177 propheta2
2697 4087 2920 4177 vocatur
2949 4087 3156 4177 ἶπξῇπτςιν,
3200 4089 3447 4177 Ἰωῐαχίν,
3485 4090 3547 4177 in‘
3568 4087 3657 4141 Bi-

2094 4167 2215 4221 bliis
2236 4158 2437 4221 Grmeis
2478 4158 2724 4237 Ἰωαχίμ.
2753 4166 2939 4237 Itaque
2958 4158 3393 4237 {distinguuntur
3430 4176 3459 4213 a
3509 4158 3658 4213 Grae-

2092 4238 2183 4297 cis
2209 4235 2778 4305 interpretihuSISolis
2823 4235 3015 4289 litteris
3049 4251 3083 4285 κ
3116 4243 3168 4285 et
3211 4250 3281 4300 χε
3317 4238 3655 4305 cun]_tamen

2095 4299 2367 4361 linalibus'
2386 4308 2575 4361 litteris
2596 4306 2960 4373 distinguendi
2988 4311 3172 4357 essent
3197 4299 3242 4371 μ
3262 4311 3314 4354 et
3343 4318 3390 4354 ν.
3420 4299 3531 4352 Hoc
3563 4316 3658 4353 nc-

2092 4378 2333 4431 cessario
2368 4378 2695 4431 monendum
2744 4376 2863 4435 fuit,
2910 4375 3037 4442 quia
3085 4373 3277 4425 horum
3309 4386 3519 4442 regum
3552 4386 3655 4423 no-

2095 4448 2241 4500 mina
2285 4448 2337 4500 in
2398 4446 2606 4500 Latinis
2658 4441 3056 4513 exemplaribus
3113 4443 3268 4509 culpa
3306 4441 3657 4513 librariorum

2095 4533 2235 4586 srepe
2258 4516 2692 4577 confunduntur;
2730 4524 2781 4567 et
2817 4512 3102 4586 utriusque
3123 4514 3375 4586 regis,_u_t
3409 4512 3655 4573 nomina,

2095 4582 2186 4641 sic"
2206 4596 2372 4655 gesta.
2411 4588 2586 4655 Atque
2626 4586 2760 4639 adeo
2798 4582 3049 4655 Clemens
3078 4582 3478 4655 Alexandrinus
3506 4586 3655 4655 eum,

415 4656 619 4745 quiunc
664 4654 936 4745 Necepsos
988 4652 1235 4745 dicitur.‘
1266 4654 1484 4745 Eusebii
1524 4652 1984 4745 Chronici‘locuni
2020 4690 2064 4745 Β
2096 4657 2183 4745 ςιιὶ
2209 4652 2827 4745 'Scdeltias;successit,
2853 4654 3166 4745 1ὁμώνυμον
3218 4654 3347 4745 dicit
3396 4652 3472 4721 τῷ
3520 4652 3667 4721 μετὰ»

418 4726 521 4779 hac
565 4727 632 4778 de
678 4743 733 4779 re
782 4727 862 4779 sic
918 4727 1036 4793 lego
1089 4728 1142 4779 in
1204 4728 1417 4783 duobus
1463 4723 1870 4790 manuscriptis,
1916 4727 1983 4778 ad

416 4794 789 4866 Olympiadem
827 4812 941 4866 χιε-τ
979 4815 996 4844 ι
1037 4794 1237 4859 Josias,
1266 4814 1359 4852 rex
1389 4795 1699 4849 ἆυιιᾶιοτιιιιι
1727 4809 1861 4866 cum
1888 4793 1986 4849 Ne-

417 4864 647 4930 chaone,
684 4882 808 4935 rege
858 4864 1264 4935 IEgyptiorum,
1303 4880 1651 4937 congressus,
1690 4864 1977 4918 occiditur.

415 4938 484 4991 At
519 4940 651 4990 mihi
686 4938 952 4990 miraculo
979 4945 1095 4995 est,
1148 4936 1429 5004 quomodo
1458 4936 1521 4989 ad
1566 4950 1730 4987 unum
1768 4943 1983 5000 tempus

417 5022 644 5077 uterque
667 5007 977 5061 convenerit
990 5021 1151 5078 _:_cum
1173 5008 1449 5078 Scriptura
1474 5004 1654 5078 divina
1680 5005 1824 5078 hunc
1840 5020 1985 5059 eum-

414 5084 535 5134 dem
555 5074 913 5131 'Phnraonem
936 5116 950 5137 ,
988 5074 1332 5132 Nechaonem
1366 5077 1629 5147 appellet.
1653 5092 1669 5124 ι
1705 5075 1980 5147 Cottam.

487 5150 601 5216 (‘28)
664 5149 996 5215 Ἰεχωνίας,
1044 5147 1141 5198 καὶ
1191 5145 1683 5218 Ἰωάχαζιρμυῄίός.
1737 5145 1980 5216 Ἰωάχας,

417 5215 499 5275 vel
546 5220 773 5283 Ἰωάκαζ
795 5260 809 5281 ,
867 5228 923 5270 ιιι
961 5233 1083 5269 eum
1122 5215 1355 5273 verant"
1379 5215 1519 5272 LXX
1568 5215 1890 5283 interpretes
1930 5226 1984 5272 et

416 5291 705 5353 Eusebius,
743 5290 827 5343 vel
869 5287 1051 5358 Ὠχάζ,
1083 5297 1137 5339 ιιι
1172 5286 1526 5358 TiieOphilus,
1556 5284 1721 5339 Josia:
1755 5285 1900 5341 ﬁlius
1930 5298 1984 5342 et

415 5376 702 5416 successor
745 5369 883 5413 erat.
922 5357 1236 5411 Jcehoniam
1290 5357 1456 5415 Jusiae
1502 5366 1747 5425 nepotem
1790 5357 1981 5422 fuisse,

416 5449 481 5485 ex
537 5432 760 5485 historia
810 5445 997 5498 regum
1051 5427 1361 5483 Judaaorum
1407 5428 1688 5498 discimus.
1750 5426 1983 5482 Proinde

418 5502 670 5555 Lowthio
698 5497 910 5555 videtur
942 5503 1037 5554 has
1072 5515 1229 5552 \oces
1262 5500 1532 5569 Ἰεχωνίας
1560 5497 1671 5565 καί,
1707 5506 1766 5551 ιιι
1794 5513 1983 5569 super-

417 5574 556 5626 tluas
580 5614 595 5635 ,
622 5588 744 5627 esse
775 5573 1052 5625 delendas.
1094 5570 1448 5625 Scribendum
1478 5586 1606 5624 vero
1629 5613 1643 5634 ,
1691 5568 1981 5635 Ἰεχωνίας,

418 5646 445 5695 ὁ
475 5645 568 5695 καὶ
612 5644 855 5713 Ἰωάχας,
886 5653 990 5697 etc.
1024 5661 1043 5692 ι
1080 5640 1522 5713 Jeclionias,_qui
1552 5644 1715 5695 etiam
1742 5640 1982 5713 iioachas

418 5714 599 5767 dictus
620 5724 720 5767 est.
749 5710 766 5764 ἰ
788 5712 877 5767 Sic
899 5715 1041 5767 enim
1066 5714 1117 5766 in
1139 5712 1393 5766 Chronico
1406 5711 1693 5773 Eusebius,
1719 5710 1982 5780 Ἐϐραίων

433 5784 602 5835 Ἰούδα
652 5783 961 5837 ἐϐασίλευσε
1006 5791 1089 5837 κα¹
1131 5783 1380 5852 Ἰωαχεὶμ
1410 5820 1424 5842 ,
1469 5786 1497 5834 ὁ
1554 5784 1648 5836 καὶ
1693 5782 1979 5851 Ἰεχωνίας,

422 5852 601 5981 μῆνας
631 5860 698 5921 γ’.
740 5875 757 5905 ι
803 5854 1040 5910 Hebraeis
1071 5854 1267 5908 ludam:
1297 5853 1588 5907 vicesimus
1631 5855 1838 5923 primus
1887 5869 1980 5904 rex

447 5923 911 5981 uitJa.aehim.uui
930 5927 1090 5980 etiam
1119 5924 1502 5979 .lechoniasest
1528 5924 1725 5981 dictus.
1762 5939 1854 5981 ncr
1873 5932 1980 5976 tres

447 5923 911 5995 uitJa.aehim,qui
930 5927 1090 5980 etiam
1119 5924 1502 5995 .Iechoniasest
1528 5924 1725 5989 dictus,
1762 5939 1854 5992 per
1873 5932 1982 5976 tres

419 6010 655 6052 menses.
698 6014 716 6047 ι
749 5994 891 6051 Idem
916 5997 1025 6051 alio
1048 5997 1168 6053 loco
1200 6016 1212 6052 :
1258 5994 1527 6067 Ἰεχονίας,
1555 5996 1691 6047 ὁκαὶ
1728 5996 1981 6063 Ἰωακεὶμ

2105 4726 2309 4779 Ἰωσίαν
2368 4726 2762 4794 βασιλεύσαντι.
2853 4722 3208 4779 υόοιίεείιιιιιε
3274 4722 3653 4792 Hieronymus,

2092 4797 2246 4849 initio
2276 4795 2651 4850 Commentarii
2680 4799 2732 4849 in
2768 4795 3067 4854 Danielem,
3098 4804 3241 4848 recte
3271 4794 3482 4847 monuit
3515 4794 3657 4846 alte--

2092 4867 2203 4920 rius
2230 4882 2423 4918 nomen
2462 4870 2710 4921 desinere
2743 4868 2791 4919 in
2818 4865 2934 4920 CI“
2964 4908 2979 4928 ,
3010 4866 3231 4918 alterius
3256 4865 3306 4916 in
3333 4861 3515 4916 CHIN.
3564 4884 3580 4913 ι

2162 4935 2271 5000 (50)
2318 4936 2617 5004 Σεδεκίας,
2646 4938 2750 5003 ἐτη
2784 4937 3017 4989 ἕνδεκα.
3067 4935 3154 4988 Sic
3194 4935 3437 5004 plerique
3474 4935 3564 4987 alii
3594 4951 3658 4989 ac

2091 5007 2370 5075 speciatim
2404 5009 2455 5061 in
2493 5003 2745 5062 Chronico
2776 5006 3058 5061 Eusebius.
3098 5006 3236 5058 Idem
3264 5020 3393 5057 vero
3424 5003 3475 5057 in
3507 5004 3658 5058 Prw»

2089 5086 2261 5144 parat.
2291 5079 2522 5147 evangel.
2554 5078 2793 5148 Sedccia:
2815 5077 2907 5148 ἔτη
2946 5078 3027 5139 ιδ’,
3056 5094 3073 5125 ι
3102 5090 3274 5148 annos
3292 5075 3598 5148 duodecim,
3632 5095 3651 5126 υ

2092 5148 2298 5200 tribuit.
2343 5145 2497 5212 Quod
2543 5147 2742 5201 factum
2784 5145 3029 5210 videtur,
3064 5146 3149 5199 vel
3180 5146 3246 5198 ad
3297 5145 3653 5213 supplendum

2092 5228 2303 5286 tempus
2325 5261 2339 5283 ,
2372 5235 2482 5288 quo
2511 5218 2751 5287 regnavit
2777 5216 3023 5280 Joachin,
3055 5217 3213 5285 cujus
3244 5216 3317 5269 ihi
3344 5215 3488 5268 nulla
3512 5213 3655 5288 facta

2091 5289 2294 5343 mentio
2321 5286 2403 5343 est
2430 5309 2444 5345 :
2481 5286 2745 5355 veliquod
2774 5288 3023 5343 Sedecias
3052 5288 3256 5356 aliquot
3280 5300 3491 5338 menses
3513 5286 3652 5356 ultra

2091 5359 2339 5413 undecim
2364 5374 2532 5413 annos
2558 5354 2906 5427 compleverit
2932 5377 2943 5411 :
2968 5357 3110 5411 unde
3128 5354 3378 5411 Clemens
3402 5356 3531 5409 dicit
3548 5354 3653 5407 Nu-

2090 5429 2614 5492 huchodonosorem,
2630 5431 2873 5485 tradente
2890 5430 3109 5493 Beroso,
3126 5428 3361 5482 Sedecim
3371 5427 3654 5497 δωδεκάτῳ

2089 5499 2219 5559 ἔτει,
2260 5520 2279 5551 ι
2311 5499 2630 5555 duodecimo
2660 5516 2825 5565 anno,
2874 5520 2891 5551 ι
2922 5498 3121 5553 Judzeis
3152 5499 3351 5552 bellum
3386 5497 3651 5552 intulisse.

2159 5572 2271 5639 (51)
2318 5568 2507 5630 Βουζί.
2557 5568 2838 5639 Lowthius
2870 5571 2986 5625 ait:
3020 5586 3041 5620 ι
3100 5567 3323 5623 Videtur
3365 5568 3651 5637 legendum

2102 5636 2570 5713 ἸεζεκιὴλίΒουζί.
2595 5636 2845 5713 Ezechiel
2864 5640 3077 5713 quidem
3125 5636 3455 5693 memoratur
3489 5640 3652 5713 paulo

2092 5723 2213 5779 post
2251 5732 2263 5767 :
2295 5710 2386 5767 sed
2421 5712 2558 5765 solet
2585 5710 2837 5769 Clemens
2867 5712 3250 5780 prophetarum
3289 5720 3531 5777 tempora
3568 5710 3620 5762 di
3641 5739 3653 5749 -

2091 5784 2266 5837 versis
2290 5781 2511 5852 epochis
2539 5784 2835 5852 assignare,
2866 5791 2920 5835 ut
2947 5780 3130 5835 videre
3151 5792 3233 5835 est
3258 5794 3423 5852 supra
3450 5782 3503 5834 in
3531 5780 3649 5834 Elia

2089 5863 2144 5923 et
2180 5850 2393 5908 Elisaeo.
2437 5850 2551 5907 Nisi
2598 5850 2722 5923 quis
2749 5852 2900 5906 malit
2940 5853 3117 5923 legere
3157 5851 3429 5919 Σοφωνίας
3461 5852 3647 5916 Χουζί.

2092 5922 2225 5976 Vide
2259 5939 2310 5992 ρ.
2336 5924 2458 5976 535.
2484 5942 2501 5974 »

2163 5996 2274 6066 (5:!)
2313 5996 2546 6063 Οὐρίας.
2574 5993 2673 6050 llic
2701 6003 3030 6049 memoratur
3060 5992 3258 6049 Jerem.
3297 6009 3447 6058 xxvi,
3483 5993 3571 6061 20,
3601 6001 3654 6046 ιι
