  <div class='ocr_page' id='page_1' title='image "/cluster/home/n/w/nwhite01/storage/ocr_20150623/8/nnc1.0065752333/446.png"; bbox 0 0 4496 6588; ppageno 0'>
   <div class='ocr_carea' id='block_1_1' title="bbox 462 535 565 595">
    <p class='ocr_par' dir='ltr' id='par_1_1' title="bbox 462 535 565 595">
     <span class='ocr_line' id='line_1_1' title="bbox 462 535 565 595; baseline 0 -2"><span class='ocrx_word' id='word_1_1' title='bbox 462 535 565 595; x_wconf 73' lang='lat'><strong>853</strong></span> 
     </span>
    </p>
   </div>
   <div class='ocr_carea' id='block_1_2' title="bbox 1713 532 2376 592">
    <p class='ocr_par' dir='ltr' id='par_1_2' title="bbox 1713 532 2376 592">
     <span class='ocr_line' id='line_1_2' title="bbox 1713 532 2376 592; baseline -0.008 0"><span class='ocrx_word' id='word_1_2' title='bbox 1713 532 2139 592; x_wconf 78' lang='lat' dir='ltr'><strong>STROMATUM</strong></span> <span class='ocrx_word' id='word_1_3' title='bbox 2179 533 2306 589; x_wconf 77' lang='lat' dir='ltr'><strong>LIB‘.</strong></span> <span class='ocrx_word' id='word_1_4' title='bbox 2336 534 2376 587; x_wconf 95' lang='grc'>1.</span> 
     </span>
    </p>
   </div>
   <div class='ocr_carea' id='block_1_3' title="bbox 3575 533 3679 590">
    <p class='ocr_par' dir='ltr' id='par_1_3' title="bbox 3575 533 3679 590">
     <span class='ocr_line' id='line_1_3' title="bbox 3575 533 3679 590; baseline 0 0"><span class='ocrx_word' id='word_1_5' title='bbox 3575 533 3679 590; x_wconf 77' lang='grc'><strong>854</strong></span> 
     </span>
    </p>
   </div>
   <div class='ocr_carea' id='block_1_4' title="bbox 466 630 2241 731">
    <p class='ocr_par' dir='ltr' id='par_1_4' title="bbox 466 630 2241 731">
     <span class='ocr_line' id='line_1_4' title="bbox 466 630 2241 731; baseline -0.001 -17"><span class='ocrx_word' id='word_1_6' title='bbox 466 662 685 731; x_wconf 73' lang='grc' dir='ltr'>σημεῖον</span> <span class='ocrx_word' id='word_1_7' title='bbox 727 660 943 730; x_wconf 74' lang='grc' dir='ltr'>ἐγένετο</span> <span class='ocrx_word' id='word_1_8' title='bbox 998 661 1150 717; x_wconf 86' lang='grc' dir='ltr'><strong>Ἰωνά</strong></span> <span class='ocrx_word' id='word_1_9' title='bbox 1178 702 1192 726; x_wconf 94' lang='grc'><strong>,</strong></span> <span class='ocrx_word' id='word_1_10' title='bbox 1247 664 1340 718; x_wconf 77' lang='grc' dir='ltr'>καὶ</span> <span class='ocrx_word' id='word_1_11' title='bbox 1385 630 1598 723; x_wconf 77' lang='grc' dir='ltr'>Τωϐίας</span> <span class='ocrx_word' id='word_1_12' title='bbox 1640 660 1728 715; x_wconf 79' lang='grc' dir='ltr'>διὰ</span> <span class='ocrx_word' id='word_1_13' title='bbox 1786 658 2025 730; x_wconf 81' lang='grc' dir='ltr'>Ῥαφαὴλ</span> <span class='ocrx_word' id='word_1_14' title='bbox 2052 670 2099 725; x_wconf 78' lang='grc' dir='ltr'><strong>Α</strong></span> <span class='ocrx_word' id='word_1_15' title='bbox 2125 674 2241 714; x_wconf 87' lang='lat' dir='ltr'><strong>cum</strong></span> 
     </span>
    </p>
   </div>
   <div class='ocr_carea' id='block_1_5' title="bbox 1876 630 3651 731">
    <p class='ocr_par' dir='ltr' id='par_1_5' title="bbox 1876 656 3651 730">
     <span class='ocr_line' id='line_1_5' title="bbox 1876 656 3651 730; baseline 0.001 -21"><span class='ocrx_word' id='word_1_16' title='bbox 1876 658 2025 730; x_wconf 65' lang='grc' dir='ltr'>μφαὴλ</span> <span class='ocrx_word' id='word_1_17' title='bbox 2052 670 2099 725; x_wconf 77' lang='grc' dir='ltr'><strong>Α</strong></span> <span class='ocrx_word' id='word_1_18' title='bbox 2125 674 2249 714; x_wconf 86' lang='lat' dir='ltr'><strong>cum</strong></span> <span class='ocrx_word' id='word_1_19' title='bbox 2281 658 2462 712; x_wconf 83' lang='lat' dir='ltr'><strong>divina</strong></span> <span class='ocrx_word' id='word_1_20' title='bbox 2495 656 2842 714; x_wconf 76' lang='lat' dir='ltr'><strong>Providentia</strong></span> <span class='ocrx_word' id='word_1_21' title='bbox 2878 661 3134 725; x_wconf 89' lang='lat' dir='ltr'><strong>nutritus,</strong></span> <span class='ocrx_word' id='word_1_22' title='bbox 3183 659 3415 728; x_wconf 81' lang='lat' dir='ltr'><strong>septimo</strong></span> <span class='ocrx_word' id='word_1_23' title='bbox 3443 658 3530 714; x_wconf 91' lang='lat' dir='ltr'><strong>die</strong></span> <span class='ocrx_word' id='word_1_24' title='bbox 3562 674 3651 713; x_wconf 90' lang='lat' dir='ltr'><strong>scr</strong></span> 
     </span>
    </p>
   </div>
   <div class='ocr_carea' id='block_1_6' title="bbox 459 752 2020 824">
    <p class='ocr_par' dir='ltr' id='par_1_6' title="bbox 459 752 2020 824">
     <span class='ocr_line' id='line_1_6' title="bbox 459 752 2020 824; baseline -0.001 -19"><span class='ocrx_word' id='word_1_25' title='bbox 459 752 551 806; x_wconf 84' lang='grc' dir='ltr'>τοῦ</span> <span class='ocrx_word' id='word_1_26' title='bbox 594 753 822 822; x_wconf 80' lang='grc' dir='ltr'><strong>ἀγγέλου</strong></span> <span class='ocrx_word' id='word_1_27' title='bbox 855 754 1069 824; x_wconf 76' lang='grc' dir='ltr'>Σάρραν</span> <span class='ocrx_word' id='word_1_28' title='bbox 1111 756 1296 824; x_wconf 77' lang='grc' dir='ltr'>ἄγεται</span> <span class='ocrx_word' id='word_1_29' title='bbox 1345 754 1575 824; x_wconf 83' lang='grc' dir='ltr'>γυναῖκα</span> <span class='ocrx_word' id='word_1_30' title='bbox 1593 793 1608 816; x_wconf 84' lang='grc'><strong>,</strong></span> <span class='ocrx_word' id='word_1_31' title='bbox 1641 753 1733 808; x_wconf 82' lang='grc' dir='ltr'>τοῦ</span> <span class='ocrx_word' id='word_1_32' title='bbox 1773 752 2020 821; x_wconf 85' lang='grc' dir='ltr'>δαίμονος</span> 
     </span>
    </p>
   </div>
   <div class='ocr_carea' id='block_1_7' title="bbox 460 845 2020 918">
    <p class='ocr_par' dir='ltr' id='par_1_7' title="bbox 460 845 2020 918">
     <span class='ocr_line' id='line_1_7' title="bbox 460 845 2020 918; baseline -0.002 -20"><span class='ocrx_word' id='word_1_33' title='bbox 460 845 625 916; x_wconf 77' lang='grc' dir='ltr'>αὐτῆς</span> <span class='ocrx_word' id='word_1_34' title='bbox 656 845 794 898; x_wconf 82' lang='grc' dir='ltr'>ἐπτά</span> <span class='ocrx_word' id='word_1_35' title='bbox 824 845 948 909; x_wconf 78' lang='grc' dir='ltr'>τοὺς</span> <span class='ocrx_word' id='word_1_36' title='bbox 977 846 1220 917; x_wconf 83' lang='grc' dir='ltr'>πρώτους</span> <span class='ocrx_word' id='word_1_37' title='bbox 1253 845 1568 918; x_wconf 80' lang='grc' dir='ltr'><strong>μνηστῆρας</strong></span> <span class='ocrx_word' id='word_1_38' title='bbox 1589 846 1865 906; x_wconf 79' lang='grc' dir='ltr'><strong>ἀνελόντος</strong></span> <span class='ocrx_word' id='word_1_39' title='bbox 1887 860 1900 872; x_wconf 94' lang='grc'><strong>·</strong></span> <span class='ocrx_word' id='word_1_40' title='bbox 1929 845 2020 895; x_wconf 76' lang='grc' dir='ltr'>καὶ</span> 
     </span>
    </p>
   </div>
   <div class='ocr_carea' id='block_1_8' title="bbox 465 933 2021 1008">
    <p class='ocr_par' dir='ltr' id='par_1_8' title="bbox 465 933 2021 1008">
     <span class='ocr_line' id='line_1_8' title="bbox 465 933 2021 1008; baseline -0.005 -16"><span class='ocrx_word' id='word_1_41' title='bbox 465 937 601 1008; x_wconf 87' lang='grc' dir='ltr'><strong>μετά</strong></span> <span class='ocrx_word' id='word_1_42' title='bbox 614 936 702 988; x_wconf 84' lang='grc' dir='ltr'>τὸν</span> <span class='ocrx_word' id='word_1_43' title='bbox 717 936 893 1004; x_wconf 88' lang='grc' dir='ltr'>γάμον</span> <span class='ocrx_word' id='word_1_44' title='bbox 908 936 1113 991; x_wconf 80' lang='grc' dir='ltr'>Τωϐίου</span> <span class='ocrx_word' id='word_1_45' title='bbox 1133 940 1162 991; x_wconf 87' lang='grc' dir='ltr'>ὁ</span> <span class='ocrx_word' id='word_1_46' title='bbox 1178 939 1357 1008; x_wconf 84' lang='grc' dir='ltr'>πατὴρ</span> <span class='ocrx_word' id='word_1_47' title='bbox 1382 935 1544 989; x_wconf 79' lang='grc' dir='ltr'>αὐτοῦ</span> <span class='ocrx_word' id='word_1_48' title='bbox 1571 936 1760 1007; x_wconf 81' lang='grc' dir='ltr'><strong>Τωόὴτ</strong></span> <span class='ocrx_word' id='word_1_49' title='bbox 1795 933 2021 988; x_wconf 84' lang='grc' dir='ltr'>ἀναϐλέ-</span> 
     </span>
    </p>
   </div>
   <div class='ocr_carea' id='block_1_9' title="bbox 462 1023 2020 1097">
    <p class='ocr_par' dir='ltr' id='par_1_9' title="bbox 462 1023 2020 1097">
     <span class='ocr_line' id='line_1_9' title="bbox 462 1023 2020 1097; baseline -0.001 -20"><span class='ocrx_word' id='word_1_50' title='bbox 462 1042 573 1077; x_wconf 89' lang='grc' dir='ltr'>πει.</span> <span class='ocrx_word' id='word_1_51' title='bbox 620 1023 881 1079; x_wconf 80' lang='grc' dir='ltr'><strong>Ἐνταῦθα</strong></span> <span class='ocrx_word' id='word_1_52' title='bbox 912 1027 1231 1097; x_wconf 79' lang='grc' dir='ltr'>Ζοροὸάὸελ,</span> <span class='ocrx_word' id='word_1_53' title='bbox 1260 1026 1422 1095; x_wconf 80' lang='grc' dir='ltr'><strong>σοφίᾳ</strong></span> <span class='ocrx_word' id='word_1_54' title='bbox 1452 1027 1679 1097; x_wconf 81' lang='grc' dir='ltr'><strong>νικήσας</strong></span> <span class='ocrx_word' id='word_1_55' title='bbox 1702 1024 1832 1085; x_wconf 77' lang='grc' dir='ltr'>τοὺς</span> <span class='ocrx_word' id='word_1_56' title='bbox 1858 1023 2020 1076; x_wconf 84' lang='grc' dir='ltr'>ἀντα-</span> 
     </span>
    </p>
   </div>
   <div class='ocr_carea' id='block_1_10' title="bbox 460 1106 2021 1189">
    <p class='ocr_par' dir='ltr' id='par_1_10' title="bbox 460 1106 2021 1189">
     <span class='ocr_line' id='line_1_10' title="bbox 460 1106 2021 1189; baseline 0.001 -24"><span class='ocrx_word' id='word_1_57' title='bbox 460 1112 724 1181; x_wconf 80' lang='grc' dir='ltr'>γωνιστὰς</span> <span class='ocrx_word' id='word_1_58' title='bbox 744 1153 759 1178; x_wconf 93' lang='grc'><strong>,</strong></span> <span class='ocrx_word' id='word_1_59' title='bbox 794 1116 1046 1186; x_wconf 80' lang='grc' dir='ltr'><strong>τυγχάνει</strong></span> <span class='ocrx_word' id='word_1_60' title='bbox 1079 1116 1229 1189; x_wconf 88' lang='grc' dir='ltr'><strong>παρά</strong></span> <span class='ocrx_word' id='word_1_61' title='bbox 1262 1116 1487 1185; x_wconf 79' lang='grc' dir='ltr'>Δαρείου</span> <span class='ocrx_word' id='word_1_62' title='bbox 1517 1106 1864 1186; x_wconf 82' lang='grc' dir='ltr'>ὠνησάμενος</span> <span class='ocrx_word' id='word_1_63' title='bbox 1894 1115 2021 1166; x_wconf 83' lang='grc' dir='ltr'>ἀνα-</span> 
     </span>
    </p>
   </div>
   <div class='ocr_carea' id='block_1_11' title="bbox 460 1204 2020 1281">
    <p class='ocr_par' dir='ltr' id='par_1_11' title="bbox 460 1204 2020 1281">
     <span class='ocr_line' id='line_1_11' title="bbox 460 1204 2020 1281; baseline 0.001 -23"><span class='ocrx_word' id='word_1_64' title='bbox 460 1205 650 1259; x_wconf 88' lang='grc' dir='ltr'>νέωσιν</span> <span class='ocrx_word' id='word_1_65' title='bbox 675 1206 977 1280; x_wconf 83' lang='grc' dir='ltr'>Ἱερουσαλὴ</span> <span class='ocrx_word' id='word_1_66' title='bbox 985 1228 1043 1281; x_wconf 89' lang='grc' dir='ltr'><strong>μ,</strong></span> <span class='ocrx_word' id='word_1_67' title='bbox 1072 1211 1164 1263; x_wconf 79' lang='grc' dir='ltr'>καὶ</span> <span class='ocrx_word' id='word_1_68' title='bbox 1182 1208 1317 1280; x_wconf 87' lang='grc' dir='ltr'><strong>μετά</strong></span> <span class='ocrx_word' id='word_1_69' title='bbox 1337 1208 1537 1280; x_wconf 87' lang='grc' dir='ltr'>Ἔσδρα</span> <span class='ocrx_word' id='word_1_70' title='bbox 1552 1210 1629 1271; x_wconf 84' lang='grc' dir='ltr'><strong>εἰς</strong></span> <span class='ocrx_word' id='word_1_71' title='bbox 1646 1208 1749 1276; x_wconf 83' lang='grc' dir='ltr'>τὴν</span> <span class='ocrx_word' id='word_1_72' title='bbox 1765 1204 2020 1276; x_wconf 85' lang='grc' dir='ltr'>πατρῴαν</span> 
     </span>
    </p>
   </div>
   <div class='ocr_carea' id='block_1_12' title="bbox 459 1297 2018 1375">
    <p class='ocr_par' dir='ltr' id='par_1_12' title="bbox 459 1297 2018 1375">
     <span class='ocr_line' id='line_1_12' title="bbox 459 1297 2018 1375; baseline -0.001 -24"><span class='ocrx_word' id='word_1_73' title='bbox 459 1297 565 1367; x_wconf 77' lang='grc' dir='ltr'>γῆν</span> <span class='ocrx_word' id='word_1_74' title='bbox 596 1299 972 1369; x_wconf 82' lang='grc' dir='ltr'><strong>ἀναζεύγνυσι,</strong></span> <span class='ocrx_word' id='word_1_75' title='bbox 1010 1301 1077 1354; x_wconf 83' lang='grc' dir='ltr'><strong>δι’</strong></span> <span class='ocrx_word' id='word_1_76' title='bbox 1122 1301 1181 1353; x_wconf 81' lang='grc' dir='ltr'>ὃν</span> <span class='ocrx_word' id='word_1_77' title='bbox 1210 1300 1416 1375; x_wconf 68' lang='grc' dir='ltr'>γίνεται</span> <span class='ocrx_word' id='word_1_78' title='bbox 1450 1303 1482 1372; x_wconf 87' lang='grc' dir='ltr'><strong>ἡ</strong></span> <span class='ocrx_word' id='word_1_79' title='bbox 1516 1299 1889 1370; x_wconf 81' lang='grc' dir='ltr'>ἀπολύτρωσις</span> <span class='ocrx_word' id='word_1_80' title='bbox 1926 1297 2018 1351; x_wconf 75' lang='grc' dir='ltr'><strong>τοῦ</strong></span> 
     </span>
    </p>
   </div>
   <div class='ocr_carea' id='block_1_13' title="bbox 456 1385 2021 1465">
    <p class='ocr_par' dir='ltr' id='par_1_13' title="bbox 456 1385 2021 1465">
     <span class='ocr_line' id='line_1_13' title="bbox 456 1385 2021 1465; baseline 0 -24"><span class='ocrx_word' id='word_1_81' title='bbox 456 1385 705 1453; x_wconf 79' lang='grc' dir='ltr'>λαοῦ,καὶ</span> <span class='ocrx_word' id='word_1_82' title='bbox 722 1393 751 1444; x_wconf 85' lang='grc' dir='ltr'>ὁ</span> <span class='ocrx_word' id='word_1_83' title='bbox 766 1392 870 1445; x_wconf 85' lang='grc' dir='ltr'>τῶν</span> <span class='ocrx_word' id='word_1_84' title='bbox 885 1391 1251 1445; x_wconf 88' lang='grc' dir='ltr'>θεοπνεύστων</span> <span class='ocrx_word' id='word_1_85' title='bbox 1263 1391 1793 1465; x_wconf 78' lang='grc' dir='ltr'>ἀναγνωρισμὸς,καὶ</span> <span class='ocrx_word' id='word_1_86' title='bbox 1808 1390 2021 1443; x_wconf 76' lang='grc' dir='ltr'>ἀνακαιι</span> 
     </span>
    </p>
   </div>
   <div class='ocr_carea' id='block_1_14' title="bbox 458 1481 2015 1555">
    <p class='ocr_par' dir='ltr' id='par_1_14' title="bbox 458 1481 2015 1555">
     <span class='ocr_line' id='line_1_14' title="bbox 458 1481 2015 1555; baseline 0.002 -24"><span class='ocrx_word' id='word_1_87' title='bbox 458 1481 645 1552; x_wconf 79' lang='grc' dir='ltr'>νισμὸς</span> <span class='ocrx_word' id='word_1_88' title='bbox 682 1484 793 1553; x_wconf 73' lang='grc'><strong>(42)</strong></span> <span class='ocrx_word' id='word_1_89' title='bbox 820 1484 1035 1552; x_wconf 84' lang='grc' dir='ltr'>λογίων,</span> <span class='ocrx_word' id='word_1_90' title='bbox 1075 1484 1169 1536; x_wconf 78' lang='grc' dir='ltr'>καὶ</span> <span class='ocrx_word' id='word_1_91' title='bbox 1200 1482 1260 1535; x_wconf 83' lang='grc' dir='ltr'>τὸ</span> <span class='ocrx_word' id='word_1_92' title='bbox 1288 1486 1548 1555; x_wconf 84' lang='grc' dir='ltr'>σωτήριον</span> <span class='ocrx_word' id='word_1_93' title='bbox 1584 1484 1775 1552; x_wconf 79' lang='grc' dir='ltr'><strong>ἄγεται</strong></span> <span class='ocrx_word' id='word_1_94' title='bbox 1807 1484 2015 1552; x_wconf 85' lang='grc' dir='ltr'>Πάσχα,</span> 
     </span>
    </p>
   </div>
   <div class='ocr_carea' id='block_1_15' title="bbox 456 1573 2019 1648">
    <p class='ocr_par' dir='ltr' id='par_1_15' title="bbox 456 1573 2019 1648">
     <span class='ocr_line' id='line_1_15' title="bbox 456 1573 2019 1648; baseline 0 -21"><span class='ocrx_word' id='word_1_95' title='bbox 456 1576 550 1628; x_wconf 80' lang='grc' dir='ltr'>καὶ</span> <span class='ocrx_word' id='word_1_96' title='bbox 564 1575 716 1639; x_wconf 83' lang='grc' dir='ltr'>λύσις</span> <span class='ocrx_word' id='word_1_97' title='bbox 737 1576 952 1637; x_wconf 84' lang='grc' dir='ltr'>ὀθνείας</span> <span class='ocrx_word' id='word_1_98' title='bbox 974 1573 1355 1644; x_wconf 75' lang='grc' dir='ltr'>ἐπιγαμὸρίας.</span> <span class='ocrx_word' id='word_1_99' title='bbox 1382 1577 1659 1648; x_wconf 87' lang='grc' dir='ltr'>Προεκεκη</span> <span class='ocrx_word' id='word_1_100' title='bbox 1669 1575 1817 1647; x_wconf 87' lang='grc' dir='ltr'>ρύχει</span> <span class='ocrx_word' id='word_1_101' title='bbox 1838 1574 1948 1643; x_wconf 79' lang='grc'><strong>(45)</strong></span> <span class='ocrx_word' id='word_1_102' title='bbox 1963 1574 2019 1627; x_wconf 84' lang='grc' dir='ltr'>δὲ</span> 
     </span>
    </p>
   </div>
   <div class='ocr_carea' id='block_1_16' title="bbox 457 1665 2019 1738">
    <p class='ocr_par' dir='ltr' id='par_1_16' title="bbox 457 1665 2019 1738">
     <span class='ocr_line' id='line_1_16' title="bbox 457 1665 2019 1738; baseline -0.001 -20"><span class='ocrx_word' id='word_1_103' title='bbox 457 1667 551 1720; x_wconf 80' lang='grc' dir='ltr'>καὶ</span> <span class='ocrx_word' id='word_1_104' title='bbox 580 1668 758 1738; x_wconf 80' lang='grc' dir='ltr'>Κῦρος</span> <span class='ocrx_word' id='word_1_105' title='bbox 804 1668 903 1738; x_wconf 82' lang='grc' dir='ltr'>τὴν</span> <span class='ocrx_word' id='word_1_106' title='bbox 948 1665 1209 1733; x_wconf 79' lang='grc' dir='ltr'>Ἐϐραίων</span> <span class='ocrx_word' id='word_1_107' title='bbox 1247 1667 1699 1721; x_wconf 85' lang='grc' dir='ltr'>ἀποκατάστασιν.</span> <span class='ocrx_word' id='word_1_108' title='bbox 1746 1665 2019 1718; x_wconf 84' lang='grc' dir='ltr'>Τελεσθεί-</span> 
     </span>
    </p>
   </div>
   <div class='ocr_carea' id='block_1_17' title="bbox 458 1756 2019 1829">
    <p class='ocr_par' dir='ltr' id='par_1_17' title="bbox 458 1756 2019 1829">
     <span class='ocr_line' id='line_1_17' title="bbox 458 1756 2019 1829; baseline -0.001 -20"><span class='ocrx_word' id='word_1_109' title='bbox 458 1774 557 1827; x_wconf 88' lang='grc' dir='ltr'><strong>σης</strong></span> <span class='ocrx_word' id='word_1_110' title='bbox 576 1758 683 1829; x_wconf 87' lang='grc'><strong>(44)</strong></span> <span class='ocrx_word' id='word_1_111' title='bbox 699 1758 754 1811; x_wconf 88' lang='grc' dir='ltr'>δὲ</span> <span class='ocrx_word' id='word_1_112' title='bbox 775 1758 865 1810; x_wconf 75' lang='grc' dir='ltr'><strong>ἐπὶ</strong></span> <span class='ocrx_word' id='word_1_113' title='bbox 891 1756 1113 1827; x_wconf 84' lang='grc' dir='ltr'>Δαρείου</span> <span class='ocrx_word' id='word_1_114' title='bbox 1139 1757 1234 1826; x_wconf 86' lang='grc' dir='ltr'><strong>τῆς</strong></span> <span class='ocrx_word' id='word_1_115' title='bbox 1257 1758 1657 1827; x_wconf 80' lang='grc' dir='ltr'>ὐποσχέσεως,ἡ</span> <span class='ocrx_word' id='word_1_116' title='bbox 1671 1756 1777 1809; x_wconf 85' lang='grc' dir='ltr'><strong>τῶν</strong></span> <span class='ocrx_word' id='word_1_117' title='bbox 1803 1757 2019 1822; x_wconf 85' lang='grc' dir='ltr'>Ἐγκαι-</span> 
     </span>
    </p>
   </div>
   <div class='ocr_carea' id='block_1_18' title="bbox 454 1844 2014 1919">
    <p class='ocr_par' dir='ltr' id='par_1_18' title="bbox 454 1844 2014 1919">
     <span class='ocr_line' id='line_1_18' title="bbox 454 1844 2014 1919; baseline -0.005 -16"><span class='ocrx_word' id='word_1_118' title='bbox 454 1850 786 1919; x_wconf 79' lang='grc' dir='ltr'>νίωνάγεται</span> <span class='ocrx_word' id='word_1_119' title='bbox 817 1846 996 1918; x_wconf 81' lang='grc' dir='ltr'>ἑορτὴ,</span> <span class='ocrx_word' id='word_1_120' title='bbox 1028 1846 1208 1910; x_wconf 73' lang='grc' dir='ltr'>καθὼς</span> <span class='ocrx_word' id='word_1_121' title='bbox 1249 1848 1342 1902; x_wconf 75' lang='grc' dir='ltr'>καὶ</span> <span class='ocrx_word' id='word_1_122' title='bbox 1389 1848 1481 1899; x_wconf 78' lang='grc' dir='ltr'><strong>ἐπὶ</strong></span> <span class='ocrx_word' id='word_1_123' title='bbox 1521 1848 1610 1915; x_wconf 77' lang='grc' dir='ltr'>τῆς</span> <span class='ocrx_word' id='word_1_124' title='bbox 1645 1846 1853 1915; x_wconf 85' lang='grc' dir='ltr'>Σκηνῆς</span> <span class='ocrx_word' id='word_1_125' title='bbox 1871 1844 2014 1913; x_wconf 81' lang='grc'><strong>(45)·</strong></span> 
     </span>
    </p>
   </div>
   <div class='ocr_carea' id='block_1_19' title="bbox 457 1936 2021 2009">
    <p class='ocr_par' dir='ltr' id='par_1_19' title="bbox 457 1936 2021 2009">
     <span class='ocr_line' id='line_1_19' title="bbox 457 1936 2021 2009; baseline -0.004 -14"><span class='ocrx_word' id='word_1_126' title='bbox 457 1944 552 1995; x_wconf 74' lang='grc' dir='ltr'>καὶ</span> <span class='ocrx_word' id='word_1_127' title='bbox 583 1942 786 2008; x_wconf 82' lang='grc' dir='ltr'>γίνεται</span> <span class='ocrx_word' id='word_1_128' title='bbox 836 1939 905 1992; x_wconf 88' lang='grc' dir='ltr'><strong>τά</strong></span> <span class='ocrx_word' id='word_1_129' title='bbox 940 1939 1114 1992; x_wconf 85' lang='grc' dir='ltr'>πάντα</span> <span class='ocrx_word' id='word_1_130' title='bbox 1144 1939 1236 2009; x_wconf 78' lang='grc' dir='ltr'>ἐτη</span> <span class='ocrx_word' id='word_1_131' title='bbox 1271 1940 1366 1992; x_wconf 82' lang='grc' dir='ltr'>σὺν</span> <span class='ocrx_word' id='word_1_132' title='bbox 1399 1941 1509 2000; x_wconf 80' lang='grc' dir='ltr'>τοῖς</span> <span class='ocrx_word' id='word_1_133' title='bbox 1530 1936 1629 2005; x_wconf 84' lang='grc' dir='ltr'>τῆς</span> <span class='ocrx_word' id='word_1_134' title='bbox 1650 1936 2021 2007; x_wconf 77' lang='grc' dir='ltr'>αἰχμαλωσίας</span> 
     </span>
    </p>
   </div>
   <div class='ocr_carea' id='block_1_20' title="bbox 2124 748 3681 819">
    <p class='ocr_par' dir='ltr' id='par_1_20' title="bbox 2124 748 3681 819">
     <span class='ocr_line' id='line_1_20' title="bbox 2124 748 3681 819; baseline -0.001 -14"><span class='ocrx_word' id='word_1_135' title='bbox 2124 759 2302 805; x_wconf 84' lang='lat' dir='ltr'><strong>vatur.</strong></span> <span class='ocrx_word' id='word_1_136' title='bbox 2330 748 2428 805; x_wconf 86' lang='lat' dir='ltr'><strong>Hic</strong></span> <span class='ocrx_word' id='word_1_137' title='bbox 2448 751 2610 805; x_wconf 89' lang='lat' dir='ltr'><strong>etiam</strong></span> <span class='ocrx_word' id='word_1_138' title='bbox 2644 748 2843 804; x_wconf 79' lang='lat' dir='ltr'><strong>factum</strong></span> <span class='ocrx_word' id='word_1_139' title='bbox 2865 759 2949 806; x_wconf 91' lang='lat' dir='ltr'><strong>est</strong></span> <span class='ocrx_word' id='word_1_140' title='bbox 2981 751 3192 819; x_wconf 85' lang='lat' dir='ltr'><strong>signum</strong></span> <span class='ocrx_word' id='word_1_141' title='bbox 3219 750 3390 814; x_wconf 62' lang='lat' dir='ltr'><strong>Jonas,</strong></span> <span class='ocrx_word' id='word_1_142' title='bbox 3412 760 3465 803; x_wconf 94' lang='lat' dir='ltr'><strong>et</strong></span> <span class='ocrx_word' id='word_1_143' title='bbox 3484 749 3681 804; x_wconf 81' lang='lat' dir='ltr'><strong>Tobias</strong></span> 
     </span>
    </p>
   </div>
   <div class='ocr_carea' id='block_1_21' title="bbox 2127 840 3683 914">
    <p class='ocr_par' dir='ltr' id='par_1_21' title="bbox 2127 840 3683 914">
     <span class='ocr_line' id='line_1_21' title="bbox 2127 840 3683 914; baseline -0.004 -16"><span class='ocrx_word' id='word_1_144' title='bbox 2127 858 2227 914; x_wconf 89' lang='lat' dir='ltr'><strong>ope</strong></span> <span class='ocrx_word' id='word_1_145' title='bbox 2263 842 2550 912; x_wconf 82' lang='lat' dir='ltr'><strong>Raphaelis</strong></span> <span class='ocrx_word' id='word_1_146' title='bbox 2573 843 2747 911; x_wconf 78' lang='lat' dir='ltr'><strong>angeli</strong></span> <span class='ocrx_word' id='word_1_147' title='bbox 2765 844 2952 898; x_wconf 88' lang='lat' dir='ltr'><strong>Saram</strong></span> <span class='ocrx_word' id='word_1_148' title='bbox 2978 842 3128 898; x_wconf 88' lang='lat' dir='ltr'><strong>ducit</strong></span> <span class='ocrx_word' id='word_1_149' title='bbox 3150 858 3396 904; x_wconf 79' lang='lat' dir='ltr'><strong>uxorem,</strong></span> <span class='ocrx_word' id='word_1_150' title='bbox 3423 856 3551 896; x_wconf 91' lang='lat' dir='ltr'><strong>cum</strong></span> <span class='ocrx_word' id='word_1_151' title='bbox 3573 840 3683 893; x_wconf 68' lang='lat' dir='ltr'><strong>daa-</strong></span> 
     </span>
    </p>
   </div>
   <div class='ocr_carea' id='block_1_22' title="bbox 2126 934 3689 1005">
    <p class='ocr_par' dir='ltr' id='par_1_22' title="bbox 2126 934 3689 1005">
     <span class='ocr_line' id='line_1_22' title="bbox 2126 934 3689 1005; baseline -0.004 -14"><span class='ocrx_word' id='word_1_152' title='bbox 2126 952 2253 991; x_wconf 88' lang='lat' dir='ltr'><strong>xnon</strong></span> <span class='ocrx_word' id='word_1_153' title='bbox 2282 944 2481 1004; x_wconf 91' lang='lat' dir='ltr'><strong>septem</strong></span> <span class='ocrx_word' id='word_1_154' title='bbox 2508 934 2717 1005; x_wconf 87' lang='lat' dir='ltr'><strong>primos</strong></span> <span class='ocrx_word' id='word_1_155' title='bbox 2743 939 2860 1003; x_wconf 83' lang='lat' dir='ltr'><strong>ejus</strong></span> <span class='ocrx_word' id='word_1_156' title='bbox 2882 950 3075 1003; x_wconf 89' lang='lat' dir='ltr'><strong>procos</strong></span> <span class='ocrx_word' id='word_1_157' title='bbox 3101 934 3446 996; x_wconf 81' lang='lat' dir='ltr'><strong>sustulisset;</strong></span> <span class='ocrx_word' id='word_1_158' title='bbox 3482 941 3537 986; x_wconf 90' lang='lat' dir='ltr'><strong>et</strong></span> <span class='ocrx_word' id='word_1_159' title='bbox 3564 940 3689 1001; x_wconf 88' lang='lat' dir='ltr'><strong>post</strong></span> 
     </span>
    </p>
   </div>
   <div class='ocr_carea' id='block_1_23' title="bbox 2126 1021 3686 1097">
    <p class='ocr_par' dir='ltr' id='par_1_23' title="bbox 2126 1021 3686 1097">
     <span class='ocr_line' id='line_1_23' title="bbox 2126 1021 3686 1097; baseline -0.004 -16"><span class='ocrx_word' id='word_1_160' title='bbox 2126 1027 2343 1097; x_wconf 83' lang='lat' dir='ltr'><strong>nuptias</strong></span> <span class='ocrx_word' id='word_1_161' title='bbox 2378 1027 2579 1092; x_wconf 74' lang='lat' dir='ltr'><strong>Tobize,</strong></span> <span class='ocrx_word' id='word_1_162' title='bbox 2617 1034 2769 1096; x_wconf 85' lang='lat' dir='ltr'><strong>pater</strong></span> <span class='ocrx_word' id='word_1_163' title='bbox 2788 1025 2905 1094; x_wconf 86' lang='lat' dir='ltr'><strong>ejus</strong></span> <span class='ocrx_word' id='word_1_164' title='bbox 2942 1025 3112 1081; x_wconf 87' lang='lat' dir='ltr'><strong>Tobet</strong></span> <span class='ocrx_word' id='word_1_165' title='bbox 3144 1026 3322 1080; x_wconf 90' lang='lat' dir='ltr'><strong>visum</strong></span> <span class='ocrx_word' id='word_1_166' title='bbox 3350 1025 3559 1092; x_wconf 84' lang='lat' dir='ltr'><strong>recipit.</strong></span> <span class='ocrx_word' id='word_1_167' title='bbox 3586 1021 3686 1076; x_wconf 84' lang='lat' dir='ltr'><strong>Hic</strong></span> 
     </span>
    </p>
   </div>
   <div class='ocr_carea' id='block_1_24' title="bbox 2126 1114 3681 1185">
    <p class='ocr_par' dir='ltr' id='par_1_24' title="bbox 2126 1114 3681 1185">
     <span class='ocr_line' id='line_1_24' title="bbox 2126 1114 3681 1185; baseline -0.004 -13"><span class='ocrx_word' id='word_1_168' title='bbox 2126 1117 2469 1185; x_wconf 86' lang='lat' dir='ltr'><strong>Zorobabel,</strong></span> <span class='ocrx_word' id='word_1_169' title='bbox 2536 1134 2660 1174; x_wconf 88' lang='lat' dir='ltr'><strong>cum</strong></span> <span class='ocrx_word' id='word_1_170' title='bbox 2721 1117 3065 1172; x_wconf 84' lang='lat' dir='ltr'><strong>adversarios</strong></span> <span class='ocrx_word' id='word_1_171' title='bbox 3117 1118 3339 1173; x_wconf 83' lang='lat' dir='ltr'><strong>vicisset</strong></span> <span class='ocrx_word' id='word_1_172' title='bbox 3396 1114 3681 1183; x_wconf 82' lang='lat' dir='ltr'><strong>sapientia,</strong></span> 
     </span>
    </p>
   </div>
   <div class='ocr_carea' id='block_1_25' title="bbox 2124 1200 3683 1271">
    <p class='ocr_par' dir='ltr' id='par_1_25' title="bbox 2124 1200 3683 1271">
     <span class='ocr_line' id='line_1_25' title="bbox 2124 1200 3683 1271; baseline -0.007 -7"><span class='ocrx_word' id='word_1_173' title='bbox 2124 1208 2257 1264; x_wconf 88' lang='lat' dir='ltr'><strong>emit</strong></span> <span class='ocrx_word' id='word_1_174' title='bbox 2280 1224 2310 1262; x_wconf 91' lang='lat' dir='ltr'><strong>a</strong></span> <span class='ocrx_word' id='word_1_175' title='bbox 2335 1207 2493 1264; x_wconf 88' lang='lat' dir='ltr'><strong>Dario</strong></span> <span class='ocrx_word' id='word_1_176' title='bbox 2515 1208 2917 1263; x_wconf 89' lang='lat' dir='ltr'><strong>renovationem</strong></span> <span class='ocrx_word' id='word_1_177' title='bbox 2942 1203 3261 1271; x_wconf 83' lang='lat' dir='ltr'><strong>Jerusalem,</strong></span> <span class='ocrx_word' id='word_1_178' title='bbox 3291 1214 3488 1258; x_wconf 86' lang='lat' dir='ltr'><strong>etcum</strong></span> <span class='ocrx_word' id='word_1_179' title='bbox 3514 1200 3683 1255; x_wconf 81' lang='lat' dir='ltr'><strong>Esdra</strong></span> 
     </span>
    </p>
   </div>
   <div class='ocr_carea' id='block_1_26' title="bbox 2127 1294 3683 1368">
    <p class='ocr_par' dir='ltr' id='par_1_26' title="bbox 2127 1294 3683 1368">
     <span class='ocr_line' id='line_1_26' title="bbox 2127 1294 3683 1368; baseline -0.006 -15"><span class='ocrx_word' id='word_1_180' title='bbox 2127 1298 2288 1353; x_wconf 87' lang='lat' dir='ltr'><strong>rediit</strong></span> <span class='ocrx_word' id='word_1_181' title='bbox 2310 1300 2364 1352; x_wconf 89' lang='lat' dir='ltr'><strong>in</strong></span> <span class='ocrx_word' id='word_1_182' title='bbox 2396 1301 2644 1367; x_wconf 61' lang='lat' dir='ltr'><strong>patriam,</strong></span> <span class='ocrx_word' id='word_1_183' title='bbox 2676 1315 2770 1368; x_wconf 90' lang='lat' dir='ltr'><strong>per</strong></span> <span class='ocrx_word' id='word_1_184' title='bbox 2796 1311 2956 1368; x_wconf 88' lang='lat' dir='ltr'><strong>quem</strong></span> <span class='ocrx_word' id='word_1_185' title='bbox 2990 1294 3131 1349; x_wconf 86' lang='lat' dir='ltr'><strong>facta</strong></span> <span class='ocrx_word' id='word_1_186' title='bbox 3160 1295 3342 1364; x_wconf 77' lang='lat' dir='ltr'><strong>pepuli</strong></span> <span class='ocrx_word' id='word_1_187' title='bbox 3363 1294 3683 1360; x_wconf 86' lang='lat' dir='ltr'><strong>redemptio,</strong></span> 
     </span>
    </p>
   </div>
   <div class='ocr_carea' id='block_1_27' title="bbox 2124 1383 3685 1459">
    <p class='ocr_par' dir='ltr' id='par_1_27' title="bbox 2124 1383 3685 1459">
     <span class='ocr_line' id='line_1_27' title="bbox 2124 1383 3685 1459; baseline -0.006 -14"><span class='ocrx_word' id='word_1_188' title='bbox 2124 1402 2178 1445; x_wconf 93' lang='lat' dir='ltr'><strong>et</strong></span> <span class='ocrx_word' id='word_1_189' title='bbox 2245 1390 2506 1446; x_wconf 86' lang='lat' dir='ltr'><strong>divinitus</strong></span> <span class='ocrx_word' id='word_1_190' title='bbox 2572 1391 2962 1459; x_wconf 90' lang='lat' dir='ltr'><strong>inspiratorum</strong></span> <span class='ocrx_word' id='word_1_191' title='bbox 3032 1386 3370 1455; x_wconf 88' lang='lat' dir='ltr'><strong>eloquiorum</strong></span> <span class='ocrx_word' id='word_1_192' title='bbox 3436 1383 3685 1439; x_wconf 86' lang='lat' dir='ltr'><strong>recensio</strong></span> 
     </span>
    </p>
   </div>
   <div class='ocr_carea' id='block_1_28' title="bbox 2124 1476 3683 1555">
    <p class='ocr_par' dir='ltr' id='par_1_28' title="bbox 2124 1476 3683 1555">
     <span class='ocr_line' id='line_1_28' title="bbox 2124 1476 3683 1555; baseline -0.007 -16"><span class='ocrx_word' id='word_1_193' title='bbox 2124 1493 2179 1539; x_wconf 85' lang='lat' dir='ltr'><strong>et</strong></span> <span class='ocrx_word' id='word_1_194' title='bbox 2246 1482 2523 1535; x_wconf 90' lang='lat' dir='ltr'><strong>renovatio</strong></span> <span class='ocrx_word' id='word_1_195' title='bbox 2560 1521 2576 1544; x_wconf 95' lang='lat'><strong>,</strong></span> <span class='ocrx_word' id='word_1_196' title='bbox 2654 1492 2708 1535; x_wconf 86' lang='lat' dir='ltr'><strong>et</strong></span> <span class='ocrx_word' id='word_1_197' title='bbox 2773 1480 2977 1534; x_wconf 83' lang='lat' dir='ltr'><strong>Pascha</strong></span> <span class='ocrx_word' id='word_1_198' title='bbox 3043 1478 3280 1533; x_wconf 89' lang='lat' dir='ltr'><strong>salutare</strong></span> <span class='ocrx_word' id='word_1_199' title='bbox 3352 1476 3683 1555; x_wconf 90' lang='lat' dir='ltr'><strong>celebratum</strong></span> 
     </span>
    </p>
   </div>
   <div class='ocr_carea' id='block_1_29' title="bbox 2124 1568 3684 1640">
    <p class='ocr_par' dir='ltr' id='par_1_29' title="bbox 2124 1568 3684 1640">
     <span class='ocr_line' id='line_1_29' title="bbox 2124 1568 3684 1640; baseline -0.004 -11"><span class='ocrx_word' id='word_1_200' title='bbox 2124 1582 2227 1639; x_wconf 91' lang='lat' dir='ltr'><strong>est,</strong></span> <span class='ocrx_word' id='word_1_201' title='bbox 2294 1582 2348 1627; x_wconf 90' lang='lat' dir='ltr'><strong>et</strong></span> <span class='ocrx_word' id='word_1_202' title='bbox 2390 1574 2563 1626; x_wconf 80' lang='lat' dir='ltr'><strong>soluta</strong></span> <span class='ocrx_word' id='word_1_203' title='bbox 2622 1580 2707 1626; x_wconf 88' lang='lat' dir='ltr'><strong>est</strong></span> <span class='ocrx_word' id='word_1_204' title='bbox 2757 1572 3007 1636; x_wconf 82' lang='lat' dir='ltr'><strong>aﬂinitas,</strong></span> <span class='ocrx_word' id='word_1_205' title='bbox 3061 1586 3183 1640; x_wconf 75' lang='lat' dir='ltr'><strong>Qua:</strong></span> <span class='ocrx_word' id='word_1_206' title='bbox 3221 1568 3476 1623; x_wconf 60' lang='lat' dir='ltr'><strong>Hebraeis</strong></span> <span class='ocrx_word' id='word_1_207' title='bbox 3511 1572 3684 1624; x_wconf 86' lang='lat' dir='ltr'><strong>inter-</strong></span> 
     </span>
    </p>
   </div>
   <div class='ocr_carea' id='block_1_30' title="bbox 2125 1662 3685 1732">
    <p class='ocr_par' dir='ltr' id='par_1_30' title="bbox 2125 1662 3685 1732">
     <span class='ocr_line' id='line_1_30' title="bbox 2125 1662 3685 1732; baseline -0.001 -11"><span class='ocrx_word' id='word_1_208' title='bbox 2125 1674 2360 1721; x_wconf 87' lang='lat' dir='ltr'><strong>cesserat</strong></span> <span class='ocrx_word' id='word_1_209' title='bbox 2392 1680 2515 1719; x_wconf 91' lang='lat' dir='ltr'><strong>cum</strong></span> <span class='ocrx_word' id='word_1_210' title='bbox 2551 1664 2884 1731; x_wconf 78' lang='lat' dir='ltr'><strong>alienigenis.</strong></span> <span class='ocrx_word' id='word_1_211' title='bbox 2923 1662 3143 1718; x_wconf 85' lang='lat' dir='ltr'><strong>Publice</strong></span> <span class='ocrx_word' id='word_1_212' title='bbox 3195 1673 3375 1718; x_wconf 87' lang='lat' dir='ltr'><strong>autem</strong></span> <span class='ocrx_word' id='word_1_213' title='bbox 3411 1664 3685 1732; x_wconf 70' lang='lat' dir='ltr'><strong>pmonio</strong></span> 
     </span>
    </p>
   </div>
   <div class='ocr_carea' id='block_1_31' title="bbox 2130 1753 3680 1825">
    <p class='ocr_par' dir='ltr' id='par_1_31' title="bbox 2130 1753 3680 1825">
     <span class='ocr_line' id='line_1_31' title="bbox 2130 1753 3680 1825; baseline -0.003 -14"><span class='ocrx_word' id='word_1_214' title='bbox 2130 1765 2187 1821; x_wconf 65' lang='lat'><strong>&gt;14</strong></span> <span class='ocrx_word' id='word_1_215' title='bbox 2225 1767 2381 1811; x_wconf 85' lang='lat' dir='ltr'><strong>antea</strong></span> <span class='ocrx_word' id='word_1_216' title='bbox 2428 1756 2855 1825; x_wconf 86' lang='lat' dir='ltr'><strong>proclamaverat</strong></span> <span class='ocrx_word' id='word_1_217' title='bbox 2902 1754 3076 1825; x_wconf 85' lang='lat' dir='ltr'><strong>Cyrus</strong></span> <span class='ocrx_word' id='word_1_218' title='bbox 3122 1753 3471 1809; x_wconf 70' lang='lat' dir='ltr'><strong>Hebraeorum</strong></span> <span class='ocrx_word' id='word_1_219' title='bbox 3520 1756 3680 1809; x_wconf 86' lang='lat' dir='ltr'><strong>resti-</strong></span> 
     </span>
    </p>
   </div>
   <div class='ocr_carea' id='block_1_32' title="bbox 2124 1829 3677 1912">
    <p class='ocr_par' dir='ltr' id='par_1_32' title="bbox 2124 1829 3677 1912">
     <span class='ocr_line' id='line_1_32' title="bbox 2124 1829 3677 1912; baseline -0.003 -11"><span class='ocrx_word' id='word_1_220' title='bbox 2124 1848 2408 1902; x_wconf 87' lang='lat' dir='ltr'><strong>tutionem.</strong></span> <span class='ocrx_word' id='word_1_221' title='bbox 2434 1845 2569 1901; x_wconf 88' lang='lat' dir='ltr'><strong>Cum</strong></span> <span class='ocrx_word' id='word_1_222' title='bbox 2597 1853 2776 1900; x_wconf 89' lang='lat' dir='ltr'><strong>autem</strong></span> <span class='ocrx_word' id='word_1_223' title='bbox 2802 1844 2951 1898; x_wconf 90' lang='lat' dir='ltr'><strong>Darii</strong></span> <span class='ocrx_word' id='word_1_224' title='bbox 2980 1853 3218 1912; x_wconf 85' lang='lat' dir='ltr'><strong>tempore</strong></span> <span class='ocrx_word' id='word_1_225' title='bbox 3236 1829 3677 1907; x_wconf 44' lang='lat' dir='ltr'><strong>eﬁ‘ectum&#39;esset,</strong></span> 
     </span>
    </p>
   </div>
   <div class='ocr_carea' id='block_1_33' title="bbox 2127 1932 3685 2006">
    <p class='ocr_par' dir='ltr' id='par_1_33' title="bbox 2127 1932 3685 2006">
     <span class='ocr_line' id='line_1_33' title="bbox 2127 1932 3685 2006; baseline -0.004 -13"><span class='ocrx_word' id='word_1_226' title='bbox 2127 1938 2270 2006; x_wconf 90' lang='lat' dir='ltr'><strong>quod</strong></span> <span class='ocrx_word' id='word_1_227' title='bbox 2302 1937 2651 2006; x_wconf 83' lang='lat' dir='ltr'><strong>promiserat,</strong></span> <span class='ocrx_word' id='word_1_228' title='bbox 2684 1936 3014 1990; x_wconf 88' lang='lat' dir='ltr'><strong>celebratum</strong></span> <span class='ocrx_word' id='word_1_229' title='bbox 3045 1932 3241 1988; x_wconf 86' lang='lat' dir='ltr'><strong>festum</strong></span> <span class='ocrx_word' id='word_1_230' title='bbox 3286 1944 3373 1988; x_wconf 81' lang='lat' dir='ltr'><strong>est</strong></span> <span class='ocrx_word' id='word_1_231' title='bbox 3397 1933 3685 1988; x_wconf 51' lang='lat' dir='ltr'><strong>Encaenioa</strong></span> 
     </span>
    </p>
   </div>
   <div class='ocr_carea' id='block_1_34' title="bbox 461 2014 2236 2103">
    <p class='ocr_par' dir='ltr' id='par_1_34' title="bbox 461 2027 2236 2103">
     <span class='ocr_line' id='line_1_34' title="bbox 461 2027 2236 2103; baseline -0.002 -19"><span class='ocrx_word' id='word_1_232' title='bbox 461 2033 619 2103; x_wconf 91' lang='grc' dir='ltr'>μέχρι</span> <span class='ocrx_word' id='word_1_233' title='bbox 664 2032 760 2100; x_wconf 82' lang='grc' dir='ltr'><strong>τῆς</strong></span> <span class='ocrx_word' id='word_1_234' title='bbox 790 2030 1281 2092; x_wconf 81' lang='grc' dir='ltr'>ἀποκαταστάσεως</span> <span class='ocrx_word' id='word_1_235' title='bbox 1322 2029 1414 2081; x_wconf 78' lang='grc' dir='ltr'>τοῦ</span> <span class='ocrx_word' id='word_1_236' title='bbox 1446 2027 1573 2081; x_wconf 76' lang='grc' dir='ltr'>λαοῦ</span> <span class='ocrx_word' id='word_1_237' title='bbox 1593 2068 1607 2091; x_wconf 94' lang='grc'><strong>,</strong></span> <span class='ocrx_word' id='word_1_238' title='bbox 1653 2028 1759 2081; x_wconf 87' lang='grc' dir='ltr'>ἀπὸ</span> <span class='ocrx_word' id='word_1_239' title='bbox 1796 2028 1893 2098; x_wconf 83' lang='grc' dir='ltr'>μὲν</span> <span class='ocrx_word' id='word_1_240' title='bbox 1925 2029 2021 2098; x_wconf 86' lang='grc' dir='ltr'>τῆς</span> <span class='ocrx_word' id='word_1_241' title='bbox 2057 2033 2097 2090; x_wconf 85' lang='grc' dir='ltr'><strong><em>Β</em></strong></span> <span class='ocrx_word' id='word_1_242' title='bbox 2127 2045 2236 2081; x_wconf 86' lang='lat' dir='ltr'><strong>rum</strong></span> 
     </span>
    </p>
   </div>
   <div class='ocr_carea' id='block_1_35' title="bbox 1910 2014 3685 2103">
    <p class='ocr_par' dir='ltr' id='par_1_35' title="bbox 1925 2014 3685 2098">
     <span class='ocr_line' id='line_1_35' title="bbox 1925 2014 3685 2098; baseline -0.001 -17"><span class='ocrx_word' id='word_1_243' title='bbox 1925 2029 2021 2098; x_wconf 87' lang='grc' dir='ltr'>τῆς</span> <span class='ocrx_word' id='word_1_244' title='bbox 2057 2033 2097 2090; x_wconf 84' lang='grc' dir='ltr'><strong><em>Β</em></strong></span> <span class='ocrx_word' id='word_1_245' title='bbox 2127 2045 2269 2091; x_wconf 88' lang='lat' dir='ltr'><strong>rum,</strong></span> <span class='ocrx_word' id='word_1_246' title='bbox 2320 2029 2463 2083; x_wconf 87' lang='lat' dir='ltr'><strong>sicut</strong></span> <span class='ocrx_word' id='word_1_247' title='bbox 2503 2028 2667 2082; x_wconf 89' lang='lat' dir='ltr'><strong>etiam</strong></span> <span class='ocrx_word' id='word_1_248' title='bbox 2714 2026 3235 2082; x_wconf 87' lang='lat' dir='ltr'><strong>Tabernaculorum.</strong></span> <span class='ocrx_word' id='word_1_249' title='bbox 3289 2026 3450 2080; x_wconf 87' lang='lat' dir='ltr'><strong>Fiunt</strong></span> <span class='ocrx_word' id='word_1_250' title='bbox 3499 2014 3685 2080; x_wconf 81' lang='lat' dir='ltr'><strong>autem</strong></span> 
     </span>
    </p>
   </div>
   <div class='ocr_carea' id='block_1_36' title="bbox 456 2119 2006 2191">
    <p class='ocr_par' dir='ltr' id='par_1_36' title="bbox 456 2119 2006 2191">
     <span class='ocr_line' id='line_1_36' title="bbox 456 2119 2006 2191; baseline -0.003 -16"><span class='ocrx_word' id='word_1_251' title='bbox 456 2121 728 2183; x_wconf 83' lang='grc' dir='ltr'>Μωῦσέως</span> <span class='ocrx_word' id='word_1_252' title='bbox 761 2120 1041 2187; x_wconf 79' lang='grc' dir='ltr'>γενέσεως,</span> <span class='ocrx_word' id='word_1_253' title='bbox 1077 2121 1168 2190; x_wconf 78' lang='grc' dir='ltr'>ἐτη</span> <span class='ocrx_word' id='word_1_254' title='bbox 1202 2120 1345 2190; x_wconf 82' lang='grc' dir='ltr'>χίλια</span> <span class='ocrx_word' id='word_1_255' title='bbox 1376 2119 1568 2172; x_wconf 77' lang='grc' dir='ltr'>ἑκατὸν</span> <span class='ocrx_word' id='word_1_256' title='bbox 1600 2126 1695 2187; x_wconf 87' lang='lat' dir='ltr'><strong>vs&#39;,</strong></span> <span class='ocrx_word' id='word_1_257' title='bbox 1737 2120 1901 2191; x_wconf 85' lang='grc' dir='ltr'>μῆνες</span> <span class='ocrx_word' id='word_1_258' title='bbox 1926 2119 2006 2185; x_wconf 80' lang='grc' dir='ltr'><strong>ἒξ,</strong></span> 
     </span>
    </p>
   </div>
   <div class='ocr_carea' id='block_1_37' title="bbox 455 2210 2015 2283">
    <p class='ocr_par' dir='ltr' id='par_1_37' title="bbox 455 2210 2015 2283">
     <span class='ocr_line' id='line_1_37' title="bbox 455 2210 2015 2283; baseline -0.001 -18"><span class='ocrx_word' id='word_1_259' title='bbox 455 2213 657 2283; x_wconf 79' lang='grc' dir='ltr'>ἡμέραι</span> <span class='ocrx_word' id='word_1_260' title='bbox 690 2212 824 2265; x_wconf 83' lang='grc' dir='ltr'>δέκα</span> <span class='ocrx_word' id='word_1_261' title='bbox 846 2251 861 2275; x_wconf 89' lang='grc'><strong>,</strong></span> <span class='ocrx_word' id='word_1_262' title='bbox 895 2212 1004 2266; x_wconf 87' lang='grc' dir='ltr'>ἀπὸ</span> <span class='ocrx_word' id='word_1_263' title='bbox 1034 2211 1090 2264; x_wconf 90' lang='grc' dir='ltr'>δὲ</span> <span class='ocrx_word' id='word_1_264' title='bbox 1116 2210 1216 2280; x_wconf 83' lang='grc' dir='ltr'>τῆς</span> <span class='ocrx_word' id='word_1_265' title='bbox 1244 2210 1408 2263; x_wconf 67' lang='grc' dir='ltr'>Δαὸὶδ</span> <span class='ocrx_word' id='word_1_266' title='bbox 1443 2210 1744 2281; x_wconf 85' lang='grc' dir='ltr'>βασιλείας,</span> <span class='ocrx_word' id='word_1_267' title='bbox 1780 2210 1871 2281; x_wconf 76' lang='grc' dir='ltr'>ἔτη</span> <span class='ocrx_word' id='word_1_268' title='bbox 1893 2249 1907 2273; x_wconf 92' lang='grc'><strong>,</strong></span> <span class='ocrx_word' id='word_1_269' title='bbox 1940 2210 2015 2275; x_wconf 84' lang='grc' dir='ltr'><strong>ὡς</strong></span> 
     </span>
    </p>
   </div>
   <div class='ocr_carea' id='block_1_38' title="bbox 458 2301 2021 2374">
    <p class='ocr_par' dir='ltr' id='par_1_38' title="bbox 458 2301 2021 2374">
     <span class='ocr_line' id='line_1_38' title="bbox 458 2301 2021 2374; baseline 0 -18"><span class='ocrx_word' id='word_1_270' title='bbox 458 2304 555 2374; x_wconf 85' lang='grc' dir='ltr'><strong>μέν</strong></span> <span class='ocrx_word' id='word_1_271' title='bbox 599 2320 768 2366; x_wconf 90' lang='grc' dir='ltr'>τινες,</span> <span class='ocrx_word' id='word_1_272' title='bbox 803 2303 1087 2374; x_wconf 85' lang='grc' dir='ltr'>τριακόσια</span> <span class='ocrx_word' id='word_1_273' title='bbox 1132 2301 1239 2372; x_wconf 86' lang='grc'><strong>(46)</strong></span> <span class='ocrx_word' id='word_1_274' title='bbox 1294 2303 1626 2373; x_wconf 87' lang='grc' dir='ltr'>πεντήκοντα</span> <span class='ocrx_word' id='word_1_275' title='bbox 1670 2302 1794 2357; x_wconf 80' lang='grc' dir='ltr'>δύο⁶</span> <span class='ocrx_word' id='word_1_276' title='bbox 1844 2303 1919 2367; x_wconf 81' lang='grc' dir='ltr'>ὡς</span> <span class='ocrx_word' id='word_1_277' title='bbox 1965 2303 2021 2356; x_wconf 83' lang='grc' dir='ltr'>δὲ</span> 
     </span>
    </p>
   </div>
   <div class='ocr_carea' id='block_1_39' title="bbox 456 2393 2020 2465">
    <p class='ocr_par' dir='ltr' id='par_1_39' title="bbox 456 2393 2020 2465">
     <span class='ocr_line' id='line_1_39' title="bbox 456 2393 2020 2465; baseline 0 -19"><span class='ocrx_word' id='word_1_278' title='bbox 456 2393 876 2465; x_wconf 76' lang='grc' dir='ltr'>ἀκριϐέστερον,</span> <span class='ocrx_word' id='word_1_279' title='bbox 926 2394 1253 2448; x_wconf 86' lang='grc' dir='ltr'>πεντακόσια</span> <span class='ocrx_word' id='word_1_280' title='bbox 1295 2393 1665 2465; x_wconf 76' lang='grc' dir='ltr'>ἑϐδομήκοντα</span> <span class='ocrx_word' id='word_1_281' title='bbox 1709 2393 1822 2459; x_wconf 91' lang='grc' dir='ltr'>δύο,</span> <span class='ocrx_word' id='word_1_282' title='bbox 1853 2394 2020 2465; x_wconf 82' lang='grc' dir='ltr'>μῆνες</span> 
     </span>
    </p>
   </div>
   <div class='ocr_carea' id='block_1_40' title="bbox 453 2485 2018 2557">
    <p class='ocr_par' dir='ltr' id='par_1_40' title="bbox 453 2485 2018 2557">
     <span class='ocr_line' id='line_1_40' title="bbox 453 2485 2018 2557; baseline -0.001 -18"><span class='ocrx_word' id='word_1_283' title='bbox 453 2485 531 2550; x_wconf 73' lang='grc' dir='ltr'><strong>ἐξ,</strong></span> <span class='ocrx_word' id='word_1_284' title='bbox 568 2485 768 2557; x_wconf 81' lang='grc' dir='ltr'>ἡμέραι</span> <span class='ocrx_word' id='word_1_285' title='bbox 790 2486 941 2540; x_wconf 83' lang='grc' dir='ltr'>δέκα.</span> <span class='ocrx_word' id='word_1_286' title='bbox 979 2486 1335 2556; x_wconf 87' lang='grc' dir='ltr'>Πεπλήρωται</span> <span class='ocrx_word' id='word_1_287' title='bbox 1367 2487 1544 2540; x_wconf 88' lang='grc' dir='ltr'>τοίνυν</span> <span class='ocrx_word' id='word_1_288' title='bbox 1582 2488 1648 2539; x_wconf 80' lang='grc' dir='ltr'>ὲκ</span> <span class='ocrx_word' id='word_1_289' title='bbox 1684 2485 1782 2554; x_wconf 83' lang='grc' dir='ltr'>τῆς</span> <span class='ocrx_word' id='word_1_290' title='bbox 1817 2487 2018 2555; x_wconf 80' lang='grc' dir='ltr'>αἰχμα-</span> 
     </span>
    </p>
   </div>
   <div class='ocr_carea' id='block_1_41' title="bbox 452 2576 2021 2649">
    <p class='ocr_par' dir='ltr' id='par_1_41' title="bbox 452 2576 2021 2649">
     <span class='ocr_line' id='line_1_41' title="bbox 452 2576 2021 2649; baseline 0.001 -20"><span class='ocrx_word' id='word_1_291' title='bbox 452 2576 649 2641; x_wconf 87' lang='grc' dir='ltr'>λωσίας</span> <span class='ocrx_word' id='word_1_292' title='bbox 682 2578 780 2647; x_wconf 84' lang='grc' dir='ltr'>τῆς</span> <span class='ocrx_word' id='word_1_293' title='bbox 827 2578 918 2632; x_wconf 75' lang='grc' dir='ltr'><strong>ἐπὶ</strong></span> <span class='ocrx_word' id='word_1_294' title='bbox 964 2577 1220 2649; x_wconf 87' lang='grc' dir='ltr'>Ἱερεμίου</span> <span class='ocrx_word' id='word_1_295' title='bbox 1268 2577 1359 2630; x_wconf 80' lang='grc' dir='ltr'><strong>τοῦ</strong></span> <span class='ocrx_word' id='word_1_296' title='bbox 1394 2578 1673 2648; x_wconf 83' lang='grc' dir='ltr'>προφήτου</span> <span class='ocrx_word' id='word_1_297' title='bbox 1721 2579 1800 2641; x_wconf 80' lang='grc' dir='ltr'>εἰς</span> <span class='ocrx_word' id='word_1_298' title='bbox 1846 2578 2021 2631; x_wconf 78' lang='grc' dir='ltr'>Βαϐυ-</span> 
     </span>
    </p>
   </div>
   <div class='ocr_carea' id='block_1_42' title="bbox 451 2667 2018 2740">
    <p class='ocr_par' dir='ltr' id='par_1_42' title="bbox 451 2667 2018 2740">
     <span class='ocr_line' id='line_1_42' title="bbox 451 2667 2018 2740; baseline 0.001 -20"><span class='ocrx_word' id='word_1_299' title='bbox 451 2667 596 2724; x_wconf 81' lang='grc' dir='ltr'>λῶνα</span> <span class='ocrx_word' id='word_1_300' title='bbox 643 2669 934 2739; x_wconf 83' lang='grc' dir='ltr'>γενομένης</span> <span class='ocrx_word' id='word_1_301' title='bbox 974 2668 1039 2721; x_wconf 74' lang='grc' dir='ltr'><strong>τὰ</strong></span> <span class='ocrx_word' id='word_1_302' title='bbox 1092 2669 1194 2721; x_wconf 87' lang='grc' dir='ltr'><strong>ὑπὸ</strong></span> <span class='ocrx_word' id='word_1_303' title='bbox 1225 2669 1426 2738; x_wconf 86' lang='grc' dir='ltr'>Δανιὴλ</span> <span class='ocrx_word' id='word_1_304' title='bbox 1458 2667 1566 2739; x_wconf 89' lang='grc'><strong>(47)</strong></span> <span class='ocrx_word' id='word_1_305' title='bbox 1606 2668 1697 2721; x_wconf 78' lang='grc' dir='ltr'><strong>τοῦ</strong></span> <span class='ocrx_word' id='word_1_306' title='bbox 1743 2670 2018 2740; x_wconf 86' lang='grc' dir='ltr'>προφήτου</span> 
     </span>
    </p>
   </div>
   <div class='ocr_carea' id='block_1_43' title="bbox 454 2758 2020 2831">
    <p class='ocr_par' dir='ltr' id='par_1_43' title="bbox 454 2758 2020 2831">
     <span class='ocr_line' id='line_1_43' title="bbox 454 2758 2020 2831; baseline 0.001 -20"><span class='ocrx_word' id='word_1_307' title='bbox 454 2760 718 2831; x_wconf 69' lang='grc' dir='ltr'>εἰρημένα</span> <span class='ocrx_word' id='word_1_308' title='bbox 761 2758 933 2823; x_wconf 79' lang='grc' dir='ltr'>οὕτως</span> <span class='ocrx_word' id='word_1_309' title='bbox 990 2759 1208 2828; x_wconf 74' lang='grc' dir='ltr'>ἔχοντα·</span> <span class='ocrx_word' id='word_1_310' title='bbox 1270 2778 1289 2811; x_wconf 74' lang='grc' dir='ltr'><strong>ι</strong></span> <span class='ocrx_word' id='word_1_311' title='bbox 1341 2759 1740 2829; x_wconf 80' lang='grc' dir='ltr'>Ἐὁδομήκοντα</span> <span class='ocrx_word' id='word_1_312' title='bbox 1791 2760 2020 2830; x_wconf 79' lang='grc' dir='ltr'>ὲὸδομά-</span> 
     </span>
    </p>
   </div>
   <div class='ocr_carea' id='block_1_44' title="bbox 452 2850 2021 2921">
    <p class='ocr_par' dir='ltr' id='par_1_44' title="bbox 452 2850 2021 2921">
     <span class='ocr_line' id='line_1_44' title="bbox 452 2850 2021 2921; baseline 0.001 -19"><span class='ocrx_word' id='word_1_313' title='bbox 452 2850 540 2914; x_wconf 83' lang='grc' dir='ltr'><strong>δες</strong></span> <span class='ocrx_word' id='word_1_314' title='bbox 571 2850 685 2921; x_wconf 55' lang='grc'><strong>(48),</strong></span> <span class='ocrx_word' id='word_1_315' title='bbox 714 2850 1122 2921; x_wconf 88' lang='grc' dir='ltr'>συνετμήθησαν</span> <span class='ocrx_word' id='word_1_316' title='bbox 1170 2852 1263 2904; x_wconf 72' lang='grc' dir='ltr'><strong>ἐπὶ</strong></span> <span class='ocrx_word' id='word_1_317' title='bbox 1307 2852 1398 2903; x_wconf 83' lang='grc' dir='ltr'>τὸν</span> <span class='ocrx_word' id='word_1_318' title='bbox 1449 2850 1577 2904; x_wconf 87' lang='grc' dir='ltr'>λαόν</span> <span class='ocrx_word' id='word_1_319' title='bbox 1620 2868 1749 2916; x_wconf 87' lang='grc' dir='ltr'>σου,</span> <span class='ocrx_word' id='word_1_320' title='bbox 1788 2852 1884 2905; x_wconf 72' lang='grc' dir='ltr'>καὶ</span> <span class='ocrx_word' id='word_1_321' title='bbox 1929 2851 2021 2904; x_wconf 76' lang='grc' dir='ltr'><strong>ἐπὶ</strong></span> 
     </span>
    </p>
   </div>
   <div class='ocr_carea' id='block_1_45' title="bbox 454 2937 2021 3011">
    <p class='ocr_par' dir='ltr' id='par_1_45' title="bbox 454 2937 2021 3011">
     <span class='ocr_line' id='line_1_45' title="bbox 454 2937 2021 3011; baseline 0.002 -20"><span class='ocrx_word' id='word_1_322' title='bbox 454 2940 549 3010; x_wconf 78' lang='grc' dir='ltr'>τὴν</span> <span class='ocrx_word' id='word_1_323' title='bbox 580 2939 731 2991; x_wconf 87' lang='grc' dir='ltr'>πόλιν</span> <span class='ocrx_word' id='word_1_324' title='bbox 767 2938 864 3009; x_wconf 66' lang='grc' dir='ltr'>τὴν</span> <span class='ocrx_word' id='word_1_325' title='bbox 898 2938 1064 3005; x_wconf 83' lang='grc' dir='ltr'>ἁγίαν</span> <span class='ocrx_word' id='word_1_326' title='bbox 1096 2939 1224 3008; x_wconf 82' lang='grc'><strong>(49),</strong></span> <span class='ocrx_word' id='word_1_327' title='bbox 1260 2938 1351 2991; x_wconf 81' lang='grc' dir='ltr'><strong>τοῦ</strong></span> <span class='ocrx_word' id='word_1_328' title='bbox 1388 2937 1805 3005; x_wconf 74' lang='grc' dir='ltr'>συντελεσθῆναι</span> <span class='ocrx_word' id='word_1_329' title='bbox 1842 2942 2021 3011; x_wconf 86' lang='grc' dir='ltr'>ἀμαρ-</span> 
     </span>
    </p>
   </div>
   <div class='ocr_carea' id='block_1_46' title="bbox 454 3029 2018 3103">
    <p class='ocr_par' dir='ltr' id='par_1_46' title="bbox 454 3029 2018 3103">
     <span class='ocr_line' id='line_1_46' title="bbox 454 3029 2018 3103; baseline 0.001 -21"><span class='ocrx_word' id='word_1_330' title='bbox 454 3030 591 3095; x_wconf 85' lang='grc' dir='ltr'>τίαν,</span> <span class='ocrx_word' id='word_1_331' title='bbox 627 3030 719 3084; x_wconf 80' lang='grc' dir='ltr'>καὶ</span> <span class='ocrx_word' id='word_1_332' title='bbox 748 3030 839 3083; x_wconf 75' lang='grc' dir='ltr'><strong>τοῦ</strong></span> <span class='ocrx_word' id='word_1_333' title='bbox 880 3030 1176 3100; x_wconf 88' lang='grc' dir='ltr'>σφραγίσαι</span> <span class='ocrx_word' id='word_1_334' title='bbox 1210 3031 1502 3103; x_wconf 83' lang='grc' dir='ltr'>ἁμαρτίας,</span> <span class='ocrx_word' id='word_1_335' title='bbox 1538 3034 1633 3085; x_wconf 76' lang='grc' dir='ltr'>καὶ</span> <span class='ocrx_word' id='word_1_336' title='bbox 1665 3029 1758 3085; x_wconf 82' lang='grc' dir='ltr'>τοῦ</span> <span class='ocrx_word' id='word_1_337' title='bbox 1794 3033 2018 3085; x_wconf 82' lang='grc' dir='ltr'>ἀπαλεῖ-</span> 
     </span>
    </p>
   </div>
   <div class='ocr_carea' id='block_1_47' title="bbox 450 3119 2016 3191">
    <p class='ocr_par' dir='ltr' id='par_1_47' title="bbox 450 3119 2016 3191">
     <span class='ocr_line' id='line_1_47' title="bbox 450 3119 2016 3191; baseline 0.001 -17"><span class='ocrx_word' id='word_1_338' title='bbox 450 3119 546 3188; x_wconf 76' lang='grc' dir='ltr'><strong>ψαι</strong></span> <span class='ocrx_word' id='word_1_339' title='bbox 582 3121 689 3191; x_wconf 84' lang='grc'><strong>(50)</strong></span> <span class='ocrx_word' id='word_1_340' title='bbox 725 3122 820 3183; x_wconf 84' lang='grc' dir='ltr'><strong>τάς</strong></span> <span class='ocrx_word' id='word_1_341' title='bbox 854 3121 1087 3187; x_wconf 88' lang='grc' dir='ltr'>ἀδικίας,</span> <span class='ocrx_word' id='word_1_342' title='bbox 1125 3123 1219 3173; x_wconf 72' lang='grc' dir='ltr'>καὶ</span> <span class='ocrx_word' id='word_1_343' title='bbox 1252 3122 1342 3174; x_wconf 78' lang='grc' dir='ltr'>τοῦ</span> <span class='ocrx_word' id='word_1_344' title='bbox 1378 3121 1752 3188; x_wconf 78' lang='grc' dir='ltr'>ἐξιλάσασθαι,</span> <span class='ocrx_word' id='word_1_345' title='bbox 1786 3124 1879 3175; x_wconf 69' lang='grc' dir='ltr'>καὶ</span> <span class='ocrx_word' id='word_1_346' title='bbox 1926 3122 2016 3176; x_wconf 79' lang='grc' dir='ltr'>τοῦ</span> 
     </span>
    </p>
   </div>
   <div class='ocr_carea' id='block_1_48' title="bbox 451 3211 2016 3285">
    <p class='ocr_par' dir='ltr' id='par_1_48' title="bbox 451 3211 2016 3285">
     <span class='ocr_line' id='line_1_48' title="bbox 451 3211 2016 3285; baseline 0.003 -23"><span class='ocrx_word' id='word_1_347' title='bbox 451 3213 675 3279; x_wconf 82' lang='grc' dir='ltr'>ἀγαγεῖν</span> <span class='ocrx_word' id='word_1_348' title='bbox 726 3211 1064 3283; x_wconf 85' lang='grc' dir='ltr'>δικαιοσύνην</span> <span class='ocrx_word' id='word_1_349' title='bbox 1115 3212 1362 3276; x_wconf 87' lang='grc' dir='ltr'>αἰώνιον,</span> <span class='ocrx_word' id='word_1_350' title='bbox 1420 3214 1512 3266; x_wconf 74' lang='grc' dir='ltr'>καὶ</span> <span class='ocrx_word' id='word_1_351' title='bbox 1563 3213 1655 3267; x_wconf 81' lang='grc' dir='ltr'><strong>τοῦ</strong></span> <span class='ocrx_word' id='word_1_352' title='bbox 1720 3214 2016 3285; x_wconf 86' lang='grc' dir='ltr'>σφραγίσαι</span> 
     </span>
    </p>
   </div>
   <div class='ocr_carea' id='block_1_49' title="bbox 452 3303 2011 3375">
    <p class='ocr_par' dir='ltr' id='par_1_49' title="bbox 452 3303 2011 3375">
     <span class='ocr_line' id='line_1_49' title="bbox 452 3303 2011 3375; baseline 0.003 -21"><span class='ocrx_word' id='word_1_353' title='bbox 452 3303 637 3373; x_wconf 81' lang='grc' dir='ltr'>ὅρασιν</span> <span class='ocrx_word' id='word_1_354' title='bbox 668 3305 763 3355; x_wconf 70' lang='grc' dir='ltr'>καὶ</span> <span class='ocrx_word' id='word_1_355' title='bbox 794 3305 1091 3375; x_wconf 77' lang='grc' dir='ltr'>προφήτην,</span> <span class='ocrx_word' id='word_1_356' title='bbox 1126 3305 1216 3358; x_wconf 75' lang='grc' dir='ltr'>καὶ</span> <span class='ocrx_word' id='word_1_357' title='bbox 1249 3305 1340 3358; x_wconf 78' lang='grc' dir='ltr'><strong>τοῦ</strong></span> <span class='ocrx_word' id='word_1_358' title='bbox 1374 3308 1557 3375; x_wconf 85' lang='grc' dir='ltr'>χρῖσαι</span> <span class='ocrx_word' id='word_1_359' title='bbox 1595 3306 1780 3373; x_wconf 83' lang='grc' dir='ltr'>Ἀγιον</span> <span class='ocrx_word' id='word_1_360' title='bbox 1812 3306 2011 3375; x_wconf 76' lang='grc' dir='ltr'>ἁγίωνο</span> 
     </span>
    </p>
   </div>
   <div class='ocr_carea' id='block_1_50' title="bbox 453 3382 2088 3466">
    <p class='ocr_par' dir='ltr' id='par_1_50' title="bbox 453 3382 2088 3466">
     <span class='ocr_line' id='line_1_50' title="bbox 453 3382 2088 3466; baseline 0.002 -21"><span class='ocrx_word' id='word_1_361' title='bbox 453 3394 545 3445; x_wconf 72' lang='grc' dir='ltr'>καὶ</span> <span class='ocrx_word' id='word_1_362' title='bbox 573 3392 775 3466; x_wconf 78' lang='grc' dir='ltr'>γνώσῃ,</span> <span class='ocrx_word' id='word_1_363' title='bbox 808 3394 899 3446; x_wconf 74' lang='grc' dir='ltr'>καὶ</span> <span class='ocrx_word' id='word_1_364' title='bbox 934 3396 1184 3463; x_wconf 87' lang='grc' dir='ltr'>συνήσεις</span> <span class='ocrx_word' id='word_1_365' title='bbox 1214 3396 1320 3447; x_wconf 86' lang='grc' dir='ltr'>ἀπὸ</span> <span class='ocrx_word' id='word_1_366' title='bbox 1352 3395 1530 3459; x_wconf 80' lang='grc' dir='ltr'>ἐξόδου</span> <span class='ocrx_word' id='word_1_367' title='bbox 1571 3395 1729 3464; x_wconf 78' lang='grc' dir='ltr'>λόγου</span> <span class='ocrx_word' id='word_1_368' title='bbox 1752 3395 1842 3449; x_wconf 76' lang='grc' dir='ltr'>τοῦ</span> <span class='ocrx_word' id='word_1_369' title='bbox 1878 3398 2012 3450; x_wconf 84' lang='grc' dir='ltr'>ἀπο·</span> <span class='ocrx_word' id='word_1_370' title='bbox 2042 3382 2088 3443; x_wconf 78' lang='lat' dir='ltr'><strong>C</strong></span> 
     </span>
    </p>
   </div>
   <div class='ocr_carea' id='block_1_51' title="bbox 449 3483 2009 3556">
    <p class='ocr_par' dir='ltr' id='par_1_51' title="bbox 449 3483 2009 3556">
     <span class='ocr_line' id='line_1_51' title="bbox 449 3483 2009 3556; baseline 0.003 -22"><span class='ocrx_word' id='word_1_371' title='bbox 449 3483 768 3551; x_wconf 79' lang='grc' dir='ltr'>κρίνασθαι,</span> <span class='ocrx_word' id='word_1_372' title='bbox 805 3485 898 3535; x_wconf 70' lang='grc' dir='ltr'>καὶ</span> <span class='ocrx_word' id='word_1_373' title='bbox 950 3483 1043 3535; x_wconf 77' lang='grc' dir='ltr'>τοῦ</span> <span class='ocrx_word' id='word_1_374' title='bbox 1077 3485 1427 3554; x_wconf 83' lang='grc' dir='ltr'>οἰκοδομῆσαι</span> <span class='ocrx_word' id='word_1_375' title='bbox 1473 3485 1860 3556; x_wconf 82' lang='grc' dir='ltr'>Ἰερουσαλὴμ,</span> <span class='ocrx_word' id='word_1_376' title='bbox 1906 3486 2009 3549; x_wconf 72' lang='grc' dir='ltr'>ἕως</span> 
     </span>
    </p>
   </div>
   <div class='ocr_carea' id='block_1_52' title="bbox 449 3574 2010 3649">
    <p class='ocr_par' dir='ltr' id='par_1_52' title="bbox 449 3574 2010 3649">
     <span class='ocr_line' id='line_1_52' title="bbox 449 3574 2010 3649; baseline 0.003 -23"><span class='ocrx_word' id='word_1_377' title='bbox 449 3574 679 3645; x_wconf 78' lang='grc' dir='ltr'>Χριστοῦ</span> <span class='ocrx_word' id='word_1_378' title='bbox 716 3575 1037 3644; x_wconf 84' lang='grc' dir='ltr'>ἡγουμένου,</span> <span class='ocrx_word' id='word_1_379' title='bbox 1082 3574 1373 3646; x_wconf 77' lang='grc' dir='ltr'>ἑϐδομάδες</span> <span class='ocrx_word' id='word_1_380' title='bbox 1404 3577 1560 3641; x_wconf 75' lang='grc' dir='ltr'>ἑπτὰ,</span> <span class='ocrx_word' id='word_1_381' title='bbox 1598 3578 1689 3630; x_wconf 78' lang='grc' dir='ltr'>καὶ</span> <span class='ocrx_word' id='word_1_382' title='bbox 1723 3578 2010 3649; x_wconf 78' lang='grc' dir='ltr'>ἑὸδομάδες</span> 
     </span>
    </p>
   </div>
   <div class='ocr_carea' id='block_1_53' title="bbox 526 3684 1798 3749">
    <p class='ocr_par' dir='ltr' id='par_1_53' title="bbox 526 3684 1798 3749">
     <span class='ocr_line' id='line_1_53' title="bbox 526 3684 1798 3749; baseline 0.004 -11"><span class='ocrx_word' id='word_1_383' title='bbox 526 3693 582 3748; x_wconf 57' lang='lat'><strong>&gt;3</strong></span> <span class='ocrx_word' id='word_1_384' title='bbox 610 3685 673 3739; x_wconf 89' lang='lat' dir='ltr'><strong>P.</strong></span> <span class='ocrx_word' id='word_1_385' title='bbox 710 3687 813 3740; x_wconf 81' lang='grc'><strong>595</strong></span> <span class='ocrx_word' id='word_1_386' title='bbox 843 3685 949 3739; x_wconf 85' lang='lat' dir='ltr'><strong>ED.</strong></span> <span class='ocrx_word' id='word_1_387' title='bbox 976 3684 1275 3749; x_wconf 79' lang='lat' dir='ltr'><strong>POTTER,</strong></span> <span class='ocrx_word' id='word_1_388' title='bbox 1309 3686 1413 3741; x_wconf 78' lang='lat'><strong>3&#39;50</strong></span> <span class='ocrx_word' id='word_1_389' title='bbox 1436 3686 1543 3739; x_wconf 83' lang='grc' dir='ltr'>ΕΙ).</span> <span class='ocrx_word' id='word_1_390' title='bbox 1571 3685 1798 3743; x_wconf 84' lang='lat' dir='ltr'><strong>PARIS.</strong></span> 
     </span>
    </p>
   </div>
   <div class='ocr_carea' id='block_1_54' title="bbox 448 3774 2004 3848">
    <p class='ocr_par' dir='ltr' id='par_1_54' title="bbox 448 3774 2004 3848">
     <span class='ocr_line' id='line_1_54' title="bbox 448 3774 2004 3848; baseline 0.002 -20"><span class='ocrx_word' id='word_1_391' title='bbox 448 3787 657 3848; x_wconf 60' lang='lat' dir='ltr'><strong>vertere</strong></span> <span class='ocrx_word' id='word_1_392' title='bbox 674 3794 730 3848; x_wconf 11' lang='grc' dir='ltr'>ιγ(</span> <span class='ocrx_word' id='word_1_393' title='bbox 758 3774 905 3848; x_wconf 71' lang='lat' dir='ltr'><strong>Tunc</strong></span> <span class='ocrx_word' id='word_1_394' title='bbox 926 3786 1145 3846; x_wconf 89' lang='lat' dir='ltr'><strong>propter</strong></span> <span class='ocrx_word' id='word_1_395' title='bbox 1166 3777 1456 3848; x_wconf 79' lang='lat' dir='ltr'><strong>draconem</strong></span> <span class='ocrx_word' id='word_1_396' title='bbox 1482 3778 1669 3833; x_wconf 84' lang='lat' dir='ltr'><strong>Daniel</strong></span> <span class='ocrx_word' id='word_1_397' title='bbox 1703 3779 1956 3848; x_wconf 86' lang='lat' dir='ltr'><strong>injectus.</strong></span> <span class='ocrx_word' id='word_1_398' title='bbox 1987 3800 2004 3831; x_wconf 72' lang='grc' dir='ltr'><strong>ι</strong></span> 
     </span>
    </p>
   </div>
   <div class='ocr_carea' id='block_1_55' title="bbox 448 3844 2011 3915">
    <p class='ocr_par' dir='ltr' id='par_1_55' title="bbox 448 3844 2011 3915">
     <span class='ocr_line' id='line_1_55' title="bbox 448 3844 2011 3915; baseline 0.003 -15"><span class='ocrx_word' id='word_1_399' title='bbox 448 3844 583 3900; x_wconf 83' lang='lat' dir='ltr'><strong>Nam</strong></span> <span class='ocrx_word' id='word_1_400' title='bbox 616 3847 742 3915; x_wconf 84' lang='lat' dir='ltr'><strong>quia</strong></span> <span class='ocrx_word' id='word_1_401' title='bbox 764 3844 1056 3901; x_wconf 77' lang='lat' dir='ltr'><strong>draconem</strong></span> <span class='ocrx_word' id='word_1_402' title='bbox 1081 3846 1448 3913; x_wconf 84' lang='lat' dir='ltr'><strong>interfecerat,</strong></span> <span class='ocrx_word' id='word_1_403' title='bbox 1478 3849 1600 3903; x_wconf 92' lang='lat' dir='ltr'><strong>ideo</strong></span> <span class='ocrx_word' id='word_1_404' title='bbox 1632 3844 1834 3905; x_wconf 78' lang='lat' dir='ltr'><strong>missus</strong></span> <span class='ocrx_word' id='word_1_405' title='bbox 1868 3860 1950 3904; x_wconf 90' lang='lat' dir='ltr'><strong>est</strong></span> <span class='ocrx_word' id='word_1_406' title='bbox 1981 3867 2011 3904; x_wconf 89' lang='lat' dir='ltr'><strong>a</strong></span> 
     </span>
    </p>
   </div>
   <div class='ocr_carea' id='block_1_56' title="bbox 452 3916 2007 3979">
    <p class='ocr_par' dir='ltr' id='par_1_56' title="bbox 452 3916 2007 3979">
     <span class='ocr_line' id='line_1_56' title="bbox 452 3916 2007 3979; baseline 0.003 -11"><span class='ocrx_word' id='word_1_407' title='bbox 452 3916 596 3969; x_wconf 85' lang='lat' dir='ltr'><strong>Darii</strong></span> <span class='ocrx_word' id='word_1_408' title='bbox 620 3916 810 3971; x_wconf 88' lang='lat' dir='ltr'><strong>aulicis</strong></span> <span class='ocrx_word' id='word_1_409' title='bbox 833 3916 885 3968; x_wconf 92' lang='lat' dir='ltr'><strong>in</strong></span> <span class='ocrx_word' id='word_1_410' title='bbox 900 3917 1074 3970; x_wconf 92' lang='lat' dir='ltr'><strong>lacum</strong></span> <span class='ocrx_word' id='word_1_411' title='bbox 1102 3918 1342 3979; x_wconf 88' lang='lat' dir='ltr'><strong>leonum,</strong></span> <span class='ocrx_word' id='word_1_412' title='bbox 1364 3917 1601 3974; x_wconf 88' lang='lat' dir='ltr'><strong>Danielis</strong></span> <span class='ocrx_word' id='word_1_413' title='bbox 1617 3935 1722 3971; x_wconf 88' lang='lat' dir='ltr'><strong>xxv.</strong></span> <span class='ocrx_word' id='word_1_414' title='bbox 1739 3920 2007 3973; x_wconf 77' lang='lat' dir='ltr'><strong>COLLECT.</strong></span> 
     </span>
    </p>
   </div>
   <div class='ocr_carea' id='block_1_57' title="bbox 521 3986 2013 4057">
    <p class='ocr_par' dir='ltr' id='par_1_57' title="bbox 521 3986 2013 4057">
     <span class='ocr_line' id='line_1_57' title="bbox 521 3986 2013 4057; baseline 0.003 -19"><span class='ocrx_word' id='word_1_415' title='bbox 521 3986 632 4055; x_wconf 75' lang='grc'><strong>(42)</strong></span> <span class='ocrx_word' id='word_1_416' title='bbox 650 3986 1119 4057; x_wconf 48' lang='grc' dir='ltr'>Ἀνακαίνιᾳμός.</span> <span class='ocrx_word' id='word_1_417' title='bbox 1159 3986 1397 4057; x_wconf 73' lang='lat' dir='ltr'><strong>Respicit</strong></span> <span class='ocrx_word' id='word_1_418' title='bbox 1427 3987 1808 4057; x_wconf 86' lang='lat' dir='ltr'><strong>Apocryphum</strong></span> <span class='ocrx_word' id='word_1_419' title='bbox 1830 3988 2013 4043; x_wconf 77' lang='lat' dir='ltr'><strong>Esdrze</strong></span> 
     </span>
    </p>
   </div>
   <div class='ocr_carea' id='block_1_58' title="bbox 448 4055 2012 4127">
    <p class='ocr_par' dir='ltr' id='par_1_58' title="bbox 448 4055 2012 4127">
     <span class='ocr_line' id='line_1_58' title="bbox 448 4055 2012 4127; baseline 0.001 -18"><span class='ocrx_word' id='word_1_420' title='bbox 448 4055 670 4119; x_wconf 87' lang='lat' dir='ltr'><strong>librum,</strong></span> <span class='ocrx_word' id='word_1_421' title='bbox 713 4071 821 4127; x_wconf 85' lang='lat' dir='ltr'><strong>quo</strong></span> <span class='ocrx_word' id='word_1_422' title='bbox 863 4055 1318 4127; x_wconf 24' lang='lat' dir='ltr'><strong>Esdras‘refertur</strong></span> <span class='ocrx_word' id='word_1_423' title='bbox 1364 4055 1557 4126; x_wconf 82' lang='lat' dir='ltr'><strong>legem,</strong></span> <span class='ocrx_word' id='word_1_424' title='bbox 1589 4055 1711 4125; x_wconf 80' lang='lat' dir='ltr'><strong>quae</strong></span> <span class='ocrx_word' id='word_1_425' title='bbox 1750 4058 1873 4127; x_wconf 92' lang='lat' dir='ltr'><strong>igne</strong></span> <span class='ocrx_word' id='word_1_426' title='bbox 1914 4059 2012 4111; x_wconf 91' lang='lat' dir='ltr'><strong>ab-</strong></span> 
     </span>
    </p>
   </div>
   <div class='ocr_carea' id='block_1_59' title="bbox 449 4125 2009 4250">
    <p class='ocr_par' dir='ltr' id='par_1_59' title="bbox 449 4125 2009 4250">
     <span class='ocr_line' id='line_1_59' title="bbox 449 4125 2009 4195; baseline 0.004 -19"><span class='ocrx_word' id='word_1_427' title='bbox 449 4134 666 4192; x_wconf 81' lang='lat' dir='ltr'><strong>sumpta</strong></span> <span class='ocrx_word' id='word_1_428' title='bbox 706 4125 899 4191; x_wconf 84' lang='lat' dir='ltr'><strong>fuerat,</strong></span> <span class='ocrx_word' id='word_1_429' title='bbox 937 4141 1030 4195; x_wconf 88' lang='lat' dir='ltr'><strong>per</strong></span> <span class='ocrx_word' id='word_1_430' title='bbox 1070 4125 1165 4180; x_wconf 86' lang='lat' dir='ltr'><strong>Dei</strong></span> <span class='ocrx_word' id='word_1_431' title='bbox 1198 4125 1441 4181; x_wconf 82' lang='lat' dir='ltr'><strong>afﬂatum</strong></span> <span class='ocrx_word' id='word_1_432' title='bbox 1472 4125 1795 4181; x_wconf 66' lang='lat' dir='ltr'><strong>restituisse.</strong></span> <span class='ocrx_word' id='word_1_433' title='bbox 1850 4127 2009 4183; x_wconf 80' lang='lat' dir='ltr'><strong>Conf.</strong></span> 
     </span>
     <span class='ocr_line' id='line_1_60' title="bbox 450 4194 1249 4250; baseline 0.001 -3"><span class='ocrx_word' id='word_1_434' title='bbox 450 4194 515 4248; x_wconf 83' lang='lat' dir='ltr'><strong>IV</strong></span> <span class='ocrx_word' id='word_1_435' title='bbox 551 4194 734 4249; x_wconf 67' lang='lat' dir='ltr'><strong>Esdraa</strong></span> <span class='ocrx_word' id='word_1_436' title='bbox 778 4213 867 4249; x_wconf 97' lang='lat' dir='ltr'><strong>xxv</strong></span> <span class='ocrx_word' id='word_1_437' title='bbox 896 4238 910 4250; x_wconf 95' lang='lat'><strong>.</strong></span> <span class='ocrx_word' id='word_1_438' title='bbox 948 4197 1016 4250; x_wconf 82' lang='lat'><strong>59</strong></span> <span class='ocrx_word' id='word_1_439' title='bbox 1053 4206 1107 4249; x_wconf 90' lang='lat' dir='ltr'><strong>et</strong></span> <span class='ocrx_word' id='word_1_440' title='bbox 1133 4212 1249 4250; x_wconf 88' lang='lat' dir='ltr'><strong>seq.</strong></span> 
     </span>
    </p>
   </div>
   <div class='ocr_carea' id='block_1_60' title="bbox 597 4211 1249 4259">
    <p class='ocr_par' dir='ltr' id='par_1_60' title="bbox 597 4211 1249 4259">
     <span class='ocr_line' id='line_1_61' title="bbox 597 4211 1249 4259; baseline -0.002 -10"><span class='ocrx_word' id='word_1_441' title='bbox 597 4211 734 4249; x_wconf 67' lang='lat' dir='ltr'><strong>surae</strong></span> <span class='ocrx_word' id='word_1_442' title='bbox 778 4213 867 4249; x_wconf 98' lang='lat' dir='ltr'><strong>xxv</strong></span> <span class='ocrx_word' id='word_1_443' title='bbox 896 4238 910 4259; x_wconf 92' lang='lat'><strong>,</strong></span> <span class='ocrx_word' id='word_1_444' title='bbox 948 4211 1016 4250; x_wconf 70' lang='lat' dir='ltr'><strong>au</strong></span> <span class='ocrx_word' id='word_1_445' title='bbox 1053 4211 1107 4249; x_wconf 84' lang='lat' dir='ltr'><strong>et</strong></span> <span class='ocrx_word' id='word_1_446' title='bbox 1133 4212 1249 4259; x_wconf 89' lang='lat' dir='ltr'><strong>seq.</strong></span> 
     </span>
    </p>
   </div>
   <div class='ocr_carea' id='block_1_61' title="bbox 518 4212 2007 4336">
    <p class='ocr_par' dir='ltr' id='par_1_61' title="bbox 518 4212 2007 4336">
     <span class='ocr_line' id='line_1_62' title="bbox 551 4212 1249 4263; baseline 0 -15"><span class='ocrx_word' id='word_1_447' title='bbox 551 4212 734 4249; x_wconf 62' lang='lat' dir='ltr'><strong>usurae</strong></span> <span class='ocrx_word' id='word_1_448' title='bbox 778 4213 867 4249; x_wconf 97' lang='lat' dir='ltr'><strong>xxv</strong></span> <span class='ocrx_word' id='word_1_449' title='bbox 896 4238 910 4259; x_wconf 93' lang='lat'><strong>,</strong></span> <span class='ocrx_word' id='word_1_450' title='bbox 948 4212 1016 4250; x_wconf 69' lang='lat' dir='ltr'><strong>ou</strong></span> <span class='ocrx_word' id='word_1_451' title='bbox 1053 4212 1107 4249; x_wconf 84' lang='lat' dir='ltr'><strong>et</strong></span> <span class='ocrx_word' id='word_1_452' title='bbox 1133 4212 1249 4263; x_wconf 92' lang='lat' dir='ltr'><strong>seq.</strong></span> 
     </span>
     <span class='ocr_line' id='line_1_63' title="bbox 518 4260 2007 4336; baseline 0.003 -19"><span class='ocrx_word' id='word_1_453' title='bbox 518 4267 631 4336; x_wconf 50' lang='grc'><strong>(45)</strong></span> <span class='ocrx_word' id='word_1_454' title='bbox 670 4267 1154 4334; x_wconf 76' lang='grc' dir='ltr'>Προεκεκηρύχει.</span> <span class='ocrx_word' id='word_1_455' title='bbox 1165 4264 1348 4336; x_wconf 85' lang='lat' dir='ltr'><strong>_Con_i&#39;.l</strong></span> <span class='ocrx_word' id='word_1_456' title='bbox 1362 4260 1633 4336; x_wconf 77' lang='lat' dir='ltr'><strong>Esdraet,i</strong></span> <span class='ocrx_word' id='word_1_457' title='bbox 1655 4265 1798 4336; x_wconf 65' lang='lat' dir='ltr'><strong>-,vt,i</strong></span> <span class='ocrx_word' id='word_1_458' title='bbox 1819 4273 1873 4319; x_wconf 90' lang='lat' dir='ltr'><strong>et</strong></span> <span class='ocrx_word' id='word_1_459' title='bbox 1893 4281 2007 4336; x_wconf 88' lang='lat' dir='ltr'><strong>seq.</strong></span> 
     </span>
    </p>
   </div>
   <div class='ocr_carea' id='block_1_62' title="bbox 518 4334 2007 4403">
    <p class='ocr_par' dir='ltr' id='par_1_62' title="bbox 518 4334 2007 4403">
     <span class='ocr_line' id='line_1_64' title="bbox 518 4334 2007 4403; baseline 0.002 -16"><span class='ocrx_word' id='word_1_460' title='bbox 518 4335 629 4403; x_wconf 82' lang='grc'><strong>(44)</strong></span> <span class='ocrx_word' id='word_1_461' title='bbox 680 4336 1092 4403; x_wconf 63' lang='grc' dir='ltr'>Τελεσθείσης.</span> <span class='ocrx_word' id='word_1_462' title='bbox 1150 4334 1541 4394; x_wconf 75' lang='lat' dir='ltr'><strong>ConHEsdrze</strong></span> <span class='ocrx_word' id='word_1_463' title='bbox 1587 4351 1672 4399; x_wconf 91' lang='lat' dir='ltr'><strong>vx,</strong></span> <span class='ocrx_word' id='word_1_464' title='bbox 1735 4335 1836 4402; x_wconf 70' lang='lat'><strong>16;</strong></span> <span class='ocrx_word' id='word_1_465' title='bbox 1883 4334 2007 4392; x_wconf 83' lang='lat' dir='ltr'><strong>item</strong></span> 
     </span>
    </p>
   </div>
   <div class='ocr_carea' id='block_1_63' title="bbox 447 4401 944 4465">
    <p class='ocr_par' dir='ltr' id='par_1_63' title="bbox 447 4401 944 4465">
     <span class='ocr_line' id='line_1_65' title="bbox 447 4401 944 4465; baseline -0.002 -10"><span class='ocrx_word' id='word_1_466' title='bbox 447 4403 466 4455; x_wconf 92' lang='grc'><strong>1</strong></span> <span class='ocrx_word' id='word_1_467' title='bbox 525 4401 704 4457; x_wconf 72' lang='grc' dir='ltr'><strong>ΕειΙΓιΞΞ</strong></span> <span class='ocrx_word' id='word_1_468' title='bbox 737 4420 833 4465; x_wconf 82' lang='lat' dir='ltr'><strong>vn,</strong></span> <span class='ocrx_word' id='word_1_469' title='bbox 858 4401 944 4455; x_wconf 78' lang='grc'><strong>15.</strong></span> 
     </span>
    </p>
   </div>
   <div class='ocr_carea' id='block_1_64' title="bbox 518 4472 2008 4547">
    <p class='ocr_par' dir='ltr' id='par_1_64' title="bbox 518 4472 2008 4547">
     <span class='ocr_line' id='line_1_66' title="bbox 518 4472 2008 4547; baseline 0.001 -22"><span class='ocrx_word' id='word_1_470' title='bbox 518 4473 628 4547; x_wconf 71' lang='grc'><strong>(45)</strong></span> <span class='ocrx_word' id='word_1_471' title='bbox 660 4474 769 4547; x_wconf 55' lang='grc' dir='ltr'><strong>Καὶ</strong></span> <span class='ocrx_word' id='word_1_472' title='bbox 803 4474 900 4526; x_wconf 81' lang='grc' dir='ltr'><strong>ἐπὶ</strong></span> <span class='ocrx_word' id='word_1_473' title='bbox 930 4472 1041 4547; x_wconf 63' lang='grc' dir='ltr'>τῆς</span> <span class='ocrx_word' id='word_1_474' title='bbox 1073 4476 1176 4547; x_wconf 66' lang='grc' dir='ltr'>Σκ.</span> <span class='ocrx_word' id='word_1_475' title='bbox 1205 4474 1384 4529; x_wconf 88' lang='lat' dir='ltr'><strong>Malim</strong></span> <span class='ocrx_word' id='word_1_476' title='bbox 1422 4489 1545 4547; x_wconf 82' lang='lat' dir='ltr'><strong>cum</strong></span> <span class='ocrx_word' id='word_1_477' title='bbox 1574 4474 1820 4542; x_wconf 87' lang='lat' dir='ltr'><strong>articulo,</strong></span> <span class='ocrx_word' id='word_1_478' title='bbox 1848 4477 1943 4529; x_wconf 74' lang='grc' dir='ltr'>καὶ</span> <span class='ocrx_word' id='word_1_479' title='bbox 1976 4479 2008 4547; x_wconf 84' lang='grc' dir='ltr'><strong>ἡ</strong></span> 
     </span>
    </p>
   </div>
   <div class='ocr_carea' id='block_1_65' title="bbox 446 4542 1520 4610">
    <p class='ocr_par' dir='ltr' id='par_1_65' title="bbox 446 4542 1520 4610">
     <span class='ocr_line' id='line_1_67' title="bbox 446 4542 1520 4610; baseline 0.001 -15"><span class='ocrx_word' id='word_1_480' title='bbox 446 4542 536 4595; x_wconf 71' lang='grc' dir='ltr'><strong>ὲπὶ</strong></span> <span class='ocrx_word' id='word_1_481' title='bbox 568 4542 665 4610; x_wconf 80' lang='grc' dir='ltr'>τῆς</span> <span class='ocrx_word' id='word_1_482' title='bbox 699 4544 793 4594; x_wconf 87' lang='grc' dir='ltr'>Σκ.</span> <span class='ocrx_word' id='word_1_483' title='bbox 822 4542 967 4596; x_wconf 79' lang='lat' dir='ltr'><strong>conf.</strong></span> <span class='ocrx_word' id='word_1_484' title='bbox 993 4543 1217 4599; x_wconf 81' lang='lat' dir='ltr'><strong>Nehem.</strong></span> <span class='ocrx_word' id='word_1_485' title='bbox 1287 4562 1404 4609; x_wconf 84' lang='lat' dir='ltr'><strong>vxxx,</strong></span> <span class='ocrx_word' id='word_1_486' title='bbox 1433 4544 1520 4599; x_wconf 76' lang='grc'><strong>16.</strong></span> 
     </span>
    </p>
   </div>
   <div class='ocr_carea' id='block_1_66' title="bbox 518 4611 2003 4682">
    <p class='ocr_par' dir='ltr' id='par_1_66' title="bbox 518 4611 2003 4682">
     <span class='ocr_line' id='line_1_68' title="bbox 518 4611 2003 4682; baseline 0.004 -19"><span class='ocrx_word' id='word_1_487' title='bbox 518 4611 629 4682; x_wconf 57' lang='lat' dir='ltr'><strong>(dii)</strong></span> <span class='ocrx_word' id='word_1_488' title='bbox 669 4614 1001 4682; x_wconf 81' lang='grc' dir='ltr'>Τριακόσια.</span> <span class='ocrx_word' id='word_1_489' title='bbox 1036 4612 1176 4682; x_wconf 78' lang='lat' dir='ltr'><strong>Lege</strong></span> <span class='ocrx_word' id='word_1_490' title='bbox 1203 4617 1551 4675; x_wconf 84' lang='grc' dir='ltr'>πεντακόσια,</span> <span class='ocrx_word' id='word_1_491' title='bbox 1579 4612 1755 4682; x_wconf 85' lang='lat' dir='ltr'><strong>inquit</strong></span> <span class='ocrx_word' id='word_1_492' title='bbox 1794 4612 2003 4669; x_wconf 86' lang='lat' dir='ltr'><strong>Lowth.</strong></span> 
     </span>
    </p>
   </div>
   <div class='ocr_carea' id='block_1_67' title="bbox 516 4681 2002 4749">
    <p class='ocr_par' dir='ltr' id='par_1_67' title="bbox 516 4681 2002 4749">
     <span class='ocr_line' id='line_1_69' title="bbox 516 4681 2002 4749; baseline 0.003 -15"><span class='ocrx_word' id='word_1_493' title='bbox 516 4681 627 4749; x_wconf 82' lang='grc'><strong>(47)</strong></span> <span class='ocrx_word' id='word_1_494' title='bbox 662 4682 735 4734; x_wconf 83' lang='grc' dir='ltr'><strong>Τὰ</strong></span> <span class='ocrx_word' id='word_1_495' title='bbox 759 4681 875 4734; x_wconf 85' lang='grc' dir='ltr'><strong>ὑπὸ</strong></span> <span class='ocrx_word' id='word_1_496' title='bbox 902 4681 1143 4749; x_wconf 28' lang='grc' dir='ltr'>Δανιήλί.</span> <span class='ocrx_word' id='word_1_497' title='bbox 1168 4682 1328 4736; x_wconf 78' lang='lat' dir='ltr'><strong>Conf.</strong></span> <span class='ocrx_word' id='word_1_498' title='bbox 1353 4681 1716 4738; x_wconf 82' lang='lat' dir='ltr'><strong>Tertullianus</strong></span> <span class='ocrx_word' id='word_1_499' title='bbox 1752 4684 1845 4737; x_wconf 92' lang='lat' dir='ltr'><strong>lib.</strong></span> <span class='ocrx_word' id='word_1_500' title='bbox 1872 4686 2002 4739; x_wconf 84' lang='lat' dir='ltr'><strong>Adv.</strong></span> 
     </span>
    </p>
   </div>
   <div class='ocr_carea' id='block_1_68' title="bbox 443 4749 1930 4823">
    <p class='ocr_par' dir='ltr' id='par_1_68' title="bbox 443 4749 1930 4823">
     <span class='ocr_line' id='line_1_70' title="bbox 443 4749 1930 4823; baseline 0.003 -20"><span class='ocrx_word' id='word_1_501' title='bbox 443 4749 683 4815; x_wconf 74' lang='lat' dir='ltr'><strong>Judwos,</strong></span> <span class='ocrx_word' id='word_1_502' title='bbox 707 4766 831 4823; x_wconf 67' lang='lat' dir='ltr'><strong>cap.</strong></span> <span class='ocrx_word' id='word_1_503' title='bbox 861 4750 915 4823; x_wconf 79' lang='lat'><strong>8,</strong></span> <span class='ocrx_word' id='word_1_504' title='bbox 940 4751 1029 4805; x_wconf 87' lang='lat' dir='ltr'><strong>ubi</strong></span> <span class='ocrx_word' id='word_1_505' title='bbox 1065 4760 1122 4823; x_wconf 75' lang='grc' dir='ltr'><strong>ιιι</strong></span> <span class='ocrx_word' id='word_1_506' title='bbox 1164 4753 1278 4823; x_wconf 64' lang='lat' dir='ltr'><strong>haec</strong></span> <span class='ocrx_word' id='word_1_507' title='bbox 1308 4751 1544 4807; x_wconf 88' lang='lat' dir='ltr'><strong>Danielis</strong></span> <span class='ocrx_word' id='word_1_508' title='bbox 1581 4754 1741 4808; x_wconf 91' lang='lat' dir='ltr'><strong>verba</strong></span> <span class='ocrx_word' id='word_1_509' title='bbox 1773 4769 1869 4823; x_wconf 88' lang='lat' dir='ltr'><strong>per</strong></span> <span class='ocrx_word' id='word_1_510' title='bbox 1900 4771 1930 4809; x_wconf 92' lang='lat' dir='ltr'><strong>a</strong></span> 
     </span>
    </p>
   </div>
   <div class='ocr_carea' id='block_1_69' title="bbox 448 4818 2001 4889">
    <p class='ocr_par' dir='ltr' id='par_1_69' title="bbox 448 4818 2001 4889">
     <span class='ocr_line' id='line_1_71' title="bbox 448 4818 2001 4889; baseline 0.004 -16"><span class='ocrx_word' id='word_1_511' title='bbox 448 4831 664 4874; x_wconf 79' lang='lat' dir='ltr'><strong>ventum</strong></span> <span class='ocrx_word' id='word_1_512' title='bbox 695 4818 897 4875; x_wconf 89' lang='lat' dir='ltr'><strong>Christi</strong></span> <span class='ocrx_word' id='word_1_513' title='bbox 932 4821 1196 4889; x_wconf 88' lang='lat' dir='ltr'><strong>completa</strong></span> <span class='ocrx_word' id='word_1_514' title='bbox 1241 4822 1413 4877; x_wconf 82' lang='lat' dir='ltr'><strong>fuisse</strong></span> <span class='ocrx_word' id='word_1_515' title='bbox 1444 4818 1791 4889; x_wconf 67' lang='lat' dir='ltr'><strong>ostenderet;</strong></span> <span class='ocrx_word' id='word_1_516' title='bbox 1818 4822 2001 4879; x_wconf 48' lang='lat' dir='ltr'><strong>Persia</strong></span> 
     </span>
    </p>
   </div>
   <div class='ocr_carea' id='block_1_70' title="bbox 444 4889 2000 4962">
    <p class='ocr_par' dir='ltr' id='par_1_70' title="bbox 444 4889 2000 4962">
     <span class='ocr_line' id='line_1_72' title="bbox 444 4889 2000 4962; baseline 0.003 -17"><span class='ocrx_word' id='word_1_517' title='bbox 444 4906 631 4962; x_wconf 77' lang='lat' dir='ltr'><strong>corum</strong></span> <span class='ocrx_word' id='word_1_518' title='bbox 649 4900 703 4945; x_wconf 92' lang='lat' dir='ltr'><strong>et</strong></span> <span class='ocrx_word' id='word_1_519' title='bbox 723 4889 1100 4961; x_wconf 63' lang='lat' dir='ltr'><strong>Egyptiorum</strong></span> <span class='ocrx_word' id='word_1_520' title='bbox 1115 4907 1338 4962; x_wconf 81' lang='lat' dir='ltr'><strong>regum,</strong></span> <span class='ocrx_word' id='word_1_521' title='bbox 1366 4908 1428 4947; x_wconf 91' lang='lat' dir='ltr'><strong>ac</strong></span> <span class='ocrx_word' id='word_1_522' title='bbox 1446 4892 1814 4946; x_wconf 82' lang='lat' dir='ltr'><strong>Romanorum</strong></span> <span class='ocrx_word' id='word_1_523' title='bbox 1835 4895 2000 4950; x_wconf 89' lang='lat' dir='ltr'><strong>etiam</strong></span> 
     </span>
    </p>
   </div>
   <div class='ocr_carea' id='block_1_71' title="bbox 444 4961 1999 5033">
    <p class='ocr_par' dir='ltr' id='par_1_71' title="bbox 444 4961 1999 5033">
     <span class='ocr_line' id='line_1_73' title="bbox 444 4961 1999 5033; baseline 0.004 -19"><span class='ocrx_word' id='word_1_524' title='bbox 444 4961 827 5030; x_wconf 88' lang='lat' dir='ltr'><strong>ixnperatorxxm</strong></span> <span class='ocrx_word' id='word_1_525' title='bbox 858 4962 1051 5015; x_wconf 84' lang='lat' dir='ltr'><strong>seriem</strong></span> <span class='ocrx_word' id='word_1_526' title='bbox 1080 4961 1514 5031; x_wconf 76' lang='lat' dir='ltr'><strong>clxrdnologicam</strong></span> <span class='ocrx_word' id='word_1_527' title='bbox 1537 4963 1769 5025; x_wconf 84' lang='lat' dir='ltr'><strong>exhibet,</strong></span> <span class='ocrx_word' id='word_1_528' title='bbox 1811 4964 1863 5016; x_wconf 91' lang='lat' dir='ltr'><strong>in</strong></span> <span class='ocrx_word' id='word_1_529' title='bbox 1893 4980 1999 5033; x_wconf 88' lang='lat' dir='ltr'><strong>qua</strong></span> 
     </span>
    </p>
   </div>
   <div class='ocr_carea' id='block_1_72' title="bbox 443 5032 2001 5091">
    <p class='ocr_par' dir='ltr' id='par_1_72' title="bbox 443 5032 2001 5091">
     <span class='ocr_line' id='line_1_74' title="bbox 443 5032 2001 5091; baseline 0.005 -8"><span class='ocrx_word' id='word_1_530' title='bbox 443 5039 621 5088; x_wconf 85' lang='lat' dir='ltr'><strong>tamen</strong></span> <span class='ocrx_word' id='word_1_531' title='bbox 645 5033 697 5084; x_wconf 92' lang='lat' dir='ltr'><strong>in</strong></span> <span class='ocrx_word' id='word_1_532' title='bbox 724 5032 968 5085; x_wconf 89' lang='lat' dir='ltr'><strong>numeris</strong></span> <span class='ocrx_word' id='word_1_533' title='bbox 999 5046 1265 5086; x_wconf 88' lang='lat' dir='ltr'><strong>annorum</strong></span> <span class='ocrx_word' id='word_1_534' title='bbox 1291 5033 1632 5089; x_wconf 87' lang='lat' dir='ltr'><strong>recensendis</strong></span> <span class='ocrx_word' id='word_1_535' title='bbox 1663 5048 1694 5086; x_wconf 91' lang='lat' dir='ltr'><strong>a</strong></span> <span class='ocrx_word' id='word_1_536' title='bbox 1725 5032 2001 5091; x_wconf 86' lang='lat' dir='ltr'><strong>Clemente</strong></span> 
     </span>
    </p>
   </div>
   <div class='ocr_carea' id='block_1_73' title="bbox 444 5102 743 5155">
    <p class='ocr_par' dir='ltr' id='par_1_73' title="bbox 444 5102 743 5155">
     <span class='ocr_line' id='line_1_75' title="bbox 444 5102 743 5155; baseline -0.003 -1"><span class='ocrx_word' id='word_1_537' title='bbox 444 5116 585 5155; x_wconf 75' lang='lat' dir='ltr'><strong>saepe</strong></span> <span class='ocrx_word' id='word_1_538' title='bbox 613 5102 743 5155; x_wconf 87' lang='lat' dir='ltr'><strong>abit.</strong></span> 
     </span>
    </p>
   </div>
   <div class='ocr_carea' id='block_1_74' title="bbox 514 5116 2000 5241">
    <p class='ocr_par' dir='ltr' id='par_1_74' title="bbox 514 5116 2000 5241">
     <span class='ocr_line' id='line_1_76' title="bbox 514 5116 2000 5241; baseline 0.005 -18"><span class='ocrx_word' id='word_1_539' title='bbox 514 5116 1095 5240; x_wconf 45' lang='grc' dir='ltr'>ειεϐῗιέἓὲδομήκοντα</span> <span class='ocrx_word' id='word_1_540' title='bbox 1122 5170 1395 5241; x_wconf 82' lang='grc' dir='ltr'>ὲϐδομάδ.</span> <span class='ocrx_word' id='word_1_541' title='bbox 1427 5172 1693 5238; x_wconf 86' lang='lat' dir='ltr'><strong>Quoniam</strong></span> <span class='ocrx_word' id='word_1_542' title='bbox 1736 5173 2000 5231; x_wconf 88' lang='lat' dir='ltr'><strong>adversus</strong></span> 
     </span>
    </p>
   </div>
   <div class='ocr_carea' id='block_1_75' title="bbox 443 5238 2001 5311">
    <p class='ocr_par' dir='ltr' id='par_1_75' title="bbox 443 5238 2001 5311">
     <span class='ocr_line' id='line_1_77' title="bbox 443 5238 2001 5311; baseline 0.006 -21"><span class='ocrx_word' id='word_1_543' title='bbox 443 5238 913 5311; x_wconf 73' lang='lat' dir='ltr'><strong>J_uda:ostractari</strong></span> <span class='ocrx_word' id='word_1_544' title='bbox 941 5242 1075 5296; x_wconf 92' lang='lat' dir='ltr'><strong>solet</strong></span> <span class='ocrx_word' id='word_1_545' title='bbox 1111 5241 1197 5295; x_wconf 89' lang='lat' dir='ltr'><strong>hic</strong></span> <span class='ocrx_word' id='word_1_546' title='bbox 1221 5238 1372 5298; x_wconf 70' lang='lat' dir='ltr'><strong>locus</strong></span> <span class='ocrx_word' id='word_1_547' title='bbox 1398 5244 1464 5298; x_wconf 91' lang='lat' dir='ltr'><strong>de</strong></span> <span class='ocrx_word' id='word_1_548' title='bbox 1493 5243 1831 5311; x_wconf 80' lang='lat' dir='ltr'><strong>septuaginta</strong></span> <span class='ocrx_word' id='word_1_549' title='bbox 1867 5245 2001 5299; x_wconf 90' lang='lat' dir='ltr'><strong>heb-</strong></span> 
     </span>
    </p>
   </div>
   <div class='ocr_carea' id='block_1_76' title="bbox 447 5309 1997 5381">
    <p class='ocr_par' dir='ltr' id='par_1_76' title="bbox 447 5309 1997 5381">
     <span class='ocr_line' id='line_1_78' title="bbox 447 5309 1997 5381; baseline 0.006 -21"><span class='ocrx_word' id='word_1_550' title='bbox 447 5309 789 5381; x_wconf 75' lang='lat' dir='ltr'><strong>domadibus,</strong></span> <span class='ocrx_word' id='word_1_551' title='bbox 822 5312 1135 5381; x_wconf 83' lang='lat' dir='ltr'><strong>et.varietas</strong></span> <span class='ocrx_word' id='word_1_552' title='bbox 1166 5314 1411 5375; x_wconf 57' lang='lat' dir='ltr'><strong>quendam</strong></span> <span class='ocrx_word' id='word_1_553' title='bbox 1434 5309 1923 5381; x_wconf 42' lang='lat' dir='ltr'><strong>lectionis—apparet</strong></span> <span class='ocrx_word' id='word_1_554' title='bbox 1943 5316 1997 5370; x_wconf 91' lang='lat' dir='ltr'><strong>in</strong></span> 
     </span>
    </p>
   </div>
   <div class='ocr_carea' id='block_1_77' title="bbox 449 5378 2000 5453">
    <p class='ocr_par' dir='ltr' id='par_1_77' title="bbox 449 5378 2000 5453">
     <span class='ocr_line' id='line_1_79' title="bbox 449 5378 2000 5453; baseline 0.007 -23"><span class='ocrx_word' id='word_1_555' title='bbox 449 5378 515 5432; x_wconf 89' lang='lat' dir='ltr'><strong>iis</strong></span> <span class='ocrx_word' id='word_1_556' title='bbox 569 5394 688 5453; x_wconf 68' lang='lat' dir='ltr'><strong>qua:</strong></span> <span class='ocrx_word' id='word_1_557' title='bbox 731 5382 964 5453; x_wconf 80' lang='lat' dir='ltr'><strong>citantur</strong></span> <span class='ocrx_word' id='word_1_558' title='bbox 1017 5398 1048 5435; x_wconf 90' lang='lat' dir='ltr'><strong>a</strong></span> <span class='ocrx_word' id='word_1_559' title='bbox 1100 5380 1393 5453; x_wconf 87' lang='lat' dir='ltr'><strong>Clemente,</strong></span> <span class='ocrx_word' id='word_1_560' title='bbox 1446 5378 1834 5453; x_wconf 34' lang='lat' dir='ltr'><strong>propterea-ad</strong></span> <span class='ocrx_word' id='word_1_561' title='bbox 1887 5384 2000 5441; x_wconf 74' lang='lat' dir='ltr'><strong>haec</strong></span> 
     </span>
    </p>
   </div>
   <div class='ocr_carea' id='block_1_78' title="bbox 446 5449 1999 5523">
    <p class='ocr_par' dir='ltr' id='par_1_78' title="bbox 446 5449 1999 5523">
     <span class='ocr_line' id='line_1_80' title="bbox 446 5449 1999 5523; baseline 0.005 -24"><span class='ocrx_word' id='word_1_562' title='bbox 446 5449 703 5523; x_wconf 72' lang='lat' dir='ltr'><strong>nonnulla</strong></span> <span class='ocrx_word' id='word_1_563' title='bbox 750 5451 1089 5523; x_wconf 82' lang='lat' dir='ltr'><strong>colligemus.</strong></span> <span class='ocrx_word' id='word_1_564' title='bbox 1138 5452 1214 5505; x_wconf 86' lang='lat' dir='ltr'><strong>Ac</strong></span> <span class='ocrx_word' id='word_1_565' title='bbox 1266 5449 1498 5521; x_wconf 80' lang='lat' dir='ltr'><strong>primum</strong></span> <span class='ocrx_word' id='word_1_566' title='bbox 1549 5449 1692 5523; x_wconf 85' lang='lat' dir='ltr'><strong>quod</strong></span> <span class='ocrx_word' id='word_1_567' title='bbox 1732 5458 1999 5523; x_wconf 83' lang='grc' dir='ltr'>συνετμή-</span> 
     </span>
    </p>
   </div>
   <div class='ocr_carea' id='block_1_79' title="bbox 443 5458 1999 5588">
    <p class='ocr_par' dir='ltr' id='par_1_79' title="bbox 443 5458 1999 5588">
     <span class='ocr_line' id='line_1_81' title="bbox 446 5458 1999 5523; baseline 0.005 -24"><span class='ocrx_word' id='word_1_568' title='bbox 446 5458 703 5502; x_wconf 88' lang='lat' dir='ltr'><strong>nonnulla</strong></span> <span class='ocrx_word' id='word_1_569' title='bbox 750 5458 1089 5521; x_wconf 86' lang='lat' dir='ltr'><strong>colligemus.</strong></span> <span class='ocrx_word' id='word_1_570' title='bbox 1138 5458 1214 5505; x_wconf 86' lang='lat' dir='ltr'><strong>Ac</strong></span> <span class='ocrx_word' id='word_1_571' title='bbox 1266 5458 1498 5521; x_wconf 90' lang='lat' dir='ltr'><strong>primum</strong></span> <span class='ocrx_word' id='word_1_572' title='bbox 1553 5458 1692 5523; x_wconf 91' lang='lat' dir='ltr'><strong>quod</strong></span> <span class='ocrx_word' id='word_1_573' title='bbox 1732 5469 1931 5506; x_wconf 84' lang='grc' dir='ltr'>συνετυ.</span> <span class='ocrx_word' id='word_1_574' title='bbox 1974 5486 1999 5495; x_wconf 92' lang='grc'><strong><em>-</em></strong></span> 
     </span>
     <span class='ocr_line' id='line_1_82' title="bbox 443 5458 1999 5588; baseline 0.006 -19"><span class='ocrx_word' id='word_1_575' title='bbox 443 5517 614 5588; x_wconf 86' lang='grc' dir='ltr'>θησαν</span> <span class='ocrx_word' id='word_1_576' title='bbox 649 5520 803 5573; x_wconf 84' lang='lat' dir='ltr'><strong>vertit</strong></span> <span class='ocrx_word' id='word_1_577' title='bbox 830 5541 848 5571; x_wconf 71' lang='grc' dir='ltr'>ε</span> <span class='ocrx_word' id='word_1_578' title='bbox 880 5523 1201 5577; x_wconf 70' lang='lat' dir='ltr'><strong>abbreviataa</strong></span> <span class='ocrx_word' id='word_1_579' title='bbox 1238 5531 1363 5576; x_wconf 90' lang='lat' dir='ltr'><strong>sunt</strong></span> <span class='ocrx_word' id='word_1_580' title='bbox 1392 5543 1411 5573; x_wconf 77' lang='grc' dir='ltr'><strong>ι</strong></span> <span class='ocrx_word' id='word_1_581' title='bbox 1441 5523 1731 5588; x_wconf 77' lang='lat' dir='ltr'><strong>Her-vetus,</strong></span> <span class='ocrx_word' id='word_1_582' title='bbox 1769 5539 1835 5577; x_wconf 84' lang='lat' dir='ltr'><strong>ex</strong></span> <span class='ocrx_word' id='word_1_583' title='bbox 1868 5458 1999 5578; x_wconf 53' lang='lat' dir='ltr'><strong>Vni-</strong></span> 
     </span>
    </p>
   </div>
   <div class='ocr_carea' id='block_1_80' title="bbox 443 5588 1995 5655">
    <p class='ocr_par' dir='ltr' id='par_1_80' title="bbox 443 5588 1995 5655">
     <span class='ocr_line' id='line_1_83' title="bbox 443 5588 1995 5655; baseline 0.004 -14"><span class='ocrx_word' id='word_1_584' title='bbox 443 5599 563 5655; x_wconf 75' lang='lat' dir='ltr'><strong>gata</strong></span> <span class='ocrx_word' id='word_1_585' title='bbox 604 5588 791 5644; x_wconf 88' lang='lat' dir='ltr'><strong>Latina</strong></span> <span class='ocrx_word' id='word_1_586' title='bbox 827 5602 940 5654; x_wconf 84' lang='lat' dir='ltr'><strong>est;</strong></span> <span class='ocrx_word' id='word_1_587' title='bbox 971 5595 1064 5647; x_wconf 88' lang='lat' dir='ltr'><strong>sed</strong></span> <span class='ocrx_word' id='word_1_588' title='bbox 1104 5604 1157 5647; x_wconf 89' lang='lat' dir='ltr'><strong>et</strong></span> <span class='ocrx_word' id='word_1_589' title='bbox 1192 5592 1556 5648; x_wconf 87' lang='lat' dir='ltr'><strong>Tertullianus</strong></span> <span class='ocrx_word' id='word_1_590' title='bbox 1601 5594 1861 5648; x_wconf 77' lang='lat' dir='ltr'><strong>Adversus</strong></span> <span class='ocrx_word' id='word_1_591' title='bbox 1889 5594 1995 5647; x_wconf 83' lang='lat' dir='ltr'><strong>Ju-</strong></span> 
     </span>
    </p>
   </div>
   <div class='ocr_carea' id='block_1_81' title="bbox 444 5660 1995 5728">
    <p class='ocr_par' dir='ltr' id='par_1_81' title="bbox 444 5660 1995 5728">
     <span class='ocr_line' id='line_1_84' title="bbox 444 5660 1995 5728; baseline 0.005 -18"><span class='ocrx_word' id='word_1_592' title='bbox 444 5660 585 5712; x_wconf 65' lang='lat' dir='ltr'><strong>daeos</strong></span> <span class='ocrx_word' id='word_1_593' title='bbox 619 5660 699 5717; x_wconf 84' lang='lat' dir='ltr'><strong>ita</strong></span> <span class='ocrx_word' id='word_1_594' title='bbox 735 5661 982 5717; x_wconf 85' lang='lat' dir='ltr'><strong>reddidit.</strong></span> <span class='ocrx_word' id='word_1_595' title='bbox 1011 5662 1240 5728; x_wconf 79' lang='lat' dir='ltr'><strong>Quidam</strong></span> <span class='ocrx_word' id='word_1_596' title='bbox 1281 5671 1413 5717; x_wconf 86' lang='lat' dir='ltr'><strong>teste</strong></span> <span class='ocrx_word' id='word_1_597' title='bbox 1447 5661 1803 5728; x_wconf 87' lang='lat' dir='ltr'><strong>Theodoreto,</strong></span> <span class='ocrx_word' id='word_1_598' title='bbox 1836 5682 1855 5715; x_wconf 79' lang='grc' dir='ltr'><strong>ι</strong></span> <span class='ocrx_word' id='word_1_599' title='bbox 1897 5664 1995 5718; x_wconf 91' lang='lat' dir='ltr'><strong>de-</strong></span> 
     </span>
    </p>
   </div>
   <div class='ocr_carea' id='block_1_82' title="bbox 444 5730 1997 5803">
    <p class='ocr_par' dir='ltr' id='par_1_82' title="bbox 444 5730 1997 5803">
     <span class='ocr_line' id='line_1_85' title="bbox 444 5730 1997 5803; baseline 0.003 -20"><span class='ocrx_word' id='word_1_600' title='bbox 444 5741 603 5803; x_wconf 72' lang='lat' dir='ltr'><strong>creta:</strong></span> <span class='ocrx_word' id='word_1_601' title='bbox 631 5739 790 5797; x_wconf 83' lang='lat' dir='ltr'><strong>sunt;</strong></span> <span class='ocrx_word' id='word_1_602' title='bbox 816 5750 834 5782; x_wconf 82' lang='grc' dir='ltr'><strong>ι</strong></span> <span class='ocrx_word' id='word_1_603' title='bbox 870 5730 1171 5801; x_wconf 81' lang='lat' dir='ltr'><strong>Pagninus,</strong></span> <span class='ocrx_word' id='word_1_604' title='bbox 1197 5753 1216 5783; x_wconf 71' lang='grc' dir='ltr'><strong>ι</strong></span> <span class='ocrx_word' id='word_1_605' title='bbox 1247 5733 1472 5799; x_wconf 65' lang='lat' dir='ltr'><strong>decisae;</strong></span> <span class='ocrx_word' id='word_1_606' title='bbox 1508 5736 1790 5803; x_wconf 15' lang='lat' dir='ltr'><strong>xirabbini,</strong></span> <span class='ocrx_word' id='word_1_607' title='bbox 1810 5753 1827 5783; x_wconf 76' lang='grc' dir='ltr'><strong>ι</strong></span> <span class='ocrx_word' id='word_1_608' title='bbox 1861 5749 1997 5803; x_wconf 70' lang='grc' dir='ltr'>ιιι-εε-</span> 
     </span>
    </p>
   </div>
   <div class='ocr_carea' id='block_1_83' title="bbox 442 5800 1996 5873">
    <p class='ocr_par' dir='ltr' id='par_1_83' title="bbox 442 5800 1996 5873">
     <span class='ocr_line' id='line_1_86' title="bbox 442 5800 1996 5873; baseline 0.016 -23"><span class='ocrx_word' id='word_1_609' title='bbox 442 5800 587 5873; x_wconf 59' lang='lat' dir='ltr'><strong>cisas,</strong></span> <span class='ocrx_word' id='word_1_610' title='bbox 618 5800 983 5873; x_wconf 58' lang='lat' dir='ltr'><strong>pragdelinitai,</strong></span> <span class='ocrx_word' id='word_1_611' title='bbox 1012 5804 1433 5870; x_wconf 61' lang='lat' dir='ltr'><strong>praedestinataa;</strong></span> <span class='ocrx_word' id='word_1_612' title='bbox 1459 5821 1476 5852; x_wconf 76' lang='grc' dir='ltr'><strong>ι</strong></span> <span class='ocrx_word' id='word_1_613' title='bbox 1506 5802 1781 5867; x_wconf 74' lang='lat' dir='ltr'><strong>Vatablus,</strong></span> <span class='ocrx_word' id='word_1_614' title='bbox 1811 5821 1831 5854; x_wconf 72' lang='grc' dir='ltr'><strong><em>ο</em></strong></span> <span class='ocrx_word' id='word_1_615' title='bbox 1862 5800 1996 5873; x_wconf 55' lang='grc'><strong>4³⁵⁸³⁷⁵⁸</strong></span> 
     </span>
    </p>
   </div>
   <div class='ocr_carea' id='block_1_84' title="bbox 445 5869 1994 5943">
    <p class='ocr_par' dir='ltr' id='par_1_84' title="bbox 445 5869 1994 5943">
     <span class='ocr_line' id='line_1_87' title="bbox 445 5869 1994 5943; baseline 0.006 -24"><span class='ocrx_word' id='word_1_616' title='bbox 445 5869 621 5924; x_wconf 69' lang='lat' dir='ltr'><strong>linire.</strong></span> <span class='ocrx_word' id='word_1_617' title='bbox 656 5892 673 5943; x_wconf 68' lang='grc' dir='ltr'><strong>ι</strong></span> <span class='ocrx_word' id='word_1_618' title='bbox 708 5872 769 5926; x_wconf 93' lang='lat' dir='ltr'><strong>D.</strong></span> <span class='ocrx_word' id='word_1_619' title='bbox 804 5869 1162 5942; x_wconf 75' lang='lat' dir='ltr'><strong>Hieronymus</strong></span> <span class='ocrx_word' id='word_1_620' title='bbox 1195 5891 1214 5925; x_wconf 74' lang='grc' dir='ltr'><strong>ι</strong></span> <span class='ocrx_word' id='word_1_621' title='bbox 1250 5874 1586 5928; x_wconf 87' lang='lat' dir='ltr'><strong>abbreviatas</strong></span> <span class='ocrx_word' id='word_1_622' title='bbox 1622 5893 1640 5925; x_wconf 77' lang='grc' dir='ltr'><strong>ι</strong></span> <span class='ocrx_word' id='word_1_623' title='bbox 1675 5876 1822 5937; x_wconf 88' lang='lat' dir='ltr'><strong>dicit,</strong></span> <span class='ocrx_word' id='word_1_624' title='bbox 1850 5869 1994 5943; x_wconf 84' lang='lat' dir='ltr'><strong>quod</strong></span> 
     </span>
    </p>
   </div>
   <div class='ocr_carea' id='block_1_85' title="bbox 443 5942 1995 6062">
    <p class='ocr_par' dir='ltr' id='par_1_85' title="bbox 443 5942 1995 6062">
     <span class='ocr_line' id='line_1_88' title="bbox 443 5942 1995 6062; baseline 0.003 -69"><span class='ocrx_word' id='word_1_625' title='bbox 443 5950 559 6062; x_wconf 49' lang='lat' dir='ltr'><strong>ﬁrst</strong></span> <span class='ocrx_word' id='word_1_626' title='bbox 599 5960 617 5991; x_wconf 74' lang='grc' dir='ltr'><strong>ι</strong></span> <span class='ocrx_word' id='word_1_627' title='bbox 656 5942 815 5997; x_wconf 90' lang='lat' dir='ltr'><strong>breve</strong></span> <span class='ocrx_word' id='word_1_628' title='bbox 855 5963 874 5994; x_wconf 73' lang='grc' dir='ltr'><strong>ι</strong></span> <span class='ocrx_word' id='word_1_629' title='bbox 921 5954 1133 6012; x_wconf 89' lang='lat' dir='ltr'><strong>tempus</strong></span> <span class='ocrx_word' id='word_1_630' title='bbox 1177 5954 1436 5999; x_wconf 74' lang='lat' dir='ltr'><strong>venturus</strong></span> <span class='ocrx_word' id='word_1_631' title='bbox 1473 5952 1619 5998; x_wconf 86' lang='lat' dir='ltr'><strong>esset</strong></span> <span class='ocrx_word' id='word_1_632' title='bbox 1659 5942 1902 6007; x_wconf 63' lang='lat' dir='ltr'><strong>llicssias,</strong></span> <span class='ocrx_word' id='word_1_633' title='bbox 1938 5955 1995 5998; x_wconf 93' lang='lat' dir='ltr'><strong>ut</strong></span> 
     </span>
     <span class='ocr_line' id='line_1_89' title="bbox 496 6012 1990 6062; baseline 0 0"><span class='ocrx_word' id='word_1_634' title='bbox 496 6012 630 6062; x_wconf 79' lang='lat' dir='ltr'><strong>atth.</strong></span> <span class='ocrx_word' id='word_1_635' title='bbox 661 6028 786 6062; x_wconf 78' lang='lat' dir='ltr'><strong>xxxv</strong></span> <span class='ocrx_word' id='word_1_636' title='bbox 816 6014 929 6062; x_wconf 75' lang='lat' dir='ltr'><strong>dies</strong></span> <span class='ocrx_word' id='word_1_637' title='bbox 964 6016 1351 6062; x_wconf 73' lang='lat' dir='ltr'><strong>nersecutionis</strong></span> <span class='ocrx_word' id='word_1_638' title='bbox 1381 6016 1631 6062; x_wconf 76' lang='lat' dir='ltr'><strong>dicuntur</strong></span> <span class='ocrx_word' id='word_1_639' title='bbox 1662 6035 1678 6062; x_wconf 78' lang='grc' dir='ltr'><strong>ι</strong></span> <span class='ocrx_word' id='word_1_640' title='bbox 1719 6016 1990 6062; x_wconf 74' lang='lat' dir='ltr'><strong>Ixrnviaxxxli</strong></span> 
     </span>
    </p>
   </div>
   <div class='ocr_carea' id='block_1_86' title="bbox 496 6012 1993 6086">
    <p class='ocr_par' dir='ltr' id='par_1_86' title="bbox 496 6012 1993 6086">
     <span class='ocr_line' id='line_1_90' title="bbox 496 6012 1993 6086; baseline 0.005 -22"><span class='ocrx_word' id='word_1_641' title='bbox 496 6012 630 6067; x_wconf 80' lang='lat' dir='ltr'><strong>atth.</strong></span> <span class='ocrx_word' id='word_1_642' title='bbox 661 6028 786 6067; x_wconf 82' lang='lat' dir='ltr'><strong>xxxv</strong></span> <span class='ocrx_word' id='word_1_643' title='bbox 816 6014 929 6070; x_wconf 85' lang='lat' dir='ltr'><strong>dies</strong></span> <span class='ocrx_word' id='word_1_644' title='bbox 961 6016 1351 6086; x_wconf 80' lang='lat' dir='ltr'><strong>persecutionis</strong></span> <span class='ocrx_word' id='word_1_645' title='bbox 1381 6016 1631 6071; x_wconf 77' lang='lat' dir='ltr'><strong>dicuntur</strong></span> <span class='ocrx_word' id='word_1_646' title='bbox 1662 6035 1678 6068; x_wconf 83' lang='grc' dir='ltr'><strong>ι</strong></span> <span class='ocrx_word' id='word_1_647' title='bbox 1717 6016 1993 6071; x_wconf 80' lang='lat' dir='ltr'><strong>breviandi</strong></span> 
     </span>
    </p>
   </div>
   <div class='ocr_carea' id='block_1_87' title="bbox 1937 4723 2085 4809">
    <p class='ocr_par' dir='ltr' id='par_1_87' title="bbox 1937 4723 2085 4809">
     <span class='ocr_line' id='line_1_91' title="bbox 1937 4723 2085 4809; baseline 0 0"><span class='ocrx_word' id='word_1_648' title='bbox 1937 4723 2002 4809; x_wconf 66' lang='lat' dir='ltr'><strong>at</strong></span> <span class='ocrx_word' id='word_1_649' title='bbox 2042 4723 2085 4779; x_wconf 73' lang='grc' dir='ltr'>ι)</span> 
     </span>
    </p>
   </div>
   <div class='ocr_carea' id='block_1_88' title="bbox 2125 2120 3688 2191">
    <p class='ocr_par' dir='ltr' id='par_1_88' title="bbox 2125 2120 3688 2191">
     <span class='ocr_line' id='line_1_92' title="bbox 2125 2120 3688 2191; baseline 0.002 -19"><span class='ocrx_word' id='word_1_650' title='bbox 2125 2120 2252 2173; x_wconf 88' lang='lat' dir='ltr'><strong>anni</strong></span> <span class='ocrx_word' id='word_1_651' title='bbox 2285 2134 2475 2174; x_wconf 90' lang='lat' dir='ltr'><strong>omnes</strong></span> <span class='ocrx_word' id='word_1_652' title='bbox 2506 2135 2630 2174; x_wconf 86' lang='lat' dir='ltr'><strong>cum</strong></span> <span class='ocrx_word' id='word_1_653' title='bbox 2674 2122 2833 2175; x_wconf 87' lang='lat' dir='ltr'><strong>annis</strong></span> <span class='ocrx_word' id='word_1_654' title='bbox 2864 2123 3215 2191; x_wconf 85' lang='lat' dir='ltr'><strong>captivitatis,</strong></span> <span class='ocrx_word' id='word_1_655' title='bbox 3266 2137 3441 2191; x_wconf 90' lang='lat' dir='ltr'><strong>usque</strong></span> <span class='ocrx_word' id='word_1_656' title='bbox 3479 2123 3546 2175; x_wconf 90' lang='lat' dir='ltr'><strong>ad</strong></span> <span class='ocrx_word' id='word_1_657' title='bbox 3587 2137 3688 2191; x_wconf 88' lang='lat' dir='ltr'><strong>po-</strong></span> 
     </span>
    </p>
   </div>
   <div class='ocr_carea' id='block_1_89' title="bbox 2123 2212 3688 2286">
    <p class='ocr_par' dir='ltr' id='par_1_89' title="bbox 2123 2212 3688 2286">
     <span class='ocr_line' id='line_1_93' title="bbox 2123 2212 3688 2286; baseline 0.004 -21"><span class='ocrx_word' id='word_1_658' title='bbox 2123 2212 2235 2280; x_wconf 92' lang='lat' dir='ltr'><strong>puli</strong></span> <span class='ocrx_word' id='word_1_659' title='bbox 2282 2213 2700 2279; x_wconf 90' lang='lat' dir='ltr'><strong>restitutionem,</strong></span> <span class='ocrx_word' id='word_1_660' title='bbox 2750 2214 2818 2267; x_wconf 93' lang='lat' dir='ltr'><strong>ab</strong></span> <span class='ocrx_word' id='word_1_661' title='bbox 2862 2224 2983 2269; x_wconf 92' lang='lat' dir='ltr'><strong>ortu</strong></span> <span class='ocrx_word' id='word_1_662' title='bbox 3029 2217 3246 2285; x_wconf 88' lang='lat' dir='ltr'><strong>quidem</strong></span> <span class='ocrx_word' id='word_1_663' title='bbox 3302 2215 3526 2286; x_wconf 85' lang='lat' dir='ltr'><strong>Moysis,</strong></span> <span class='ocrx_word' id='word_1_664' title='bbox 3559 2216 3688 2271; x_wconf 84' lang='lat' dir='ltr'><strong>anni</strong></span> 
     </span>
    </p>
   </div>
   <div class='ocr_carea' id='block_1_90' title="bbox 2123 2305 3686 2379">
    <p class='ocr_par' dir='ltr' id='par_1_90' title="bbox 2123 2305 3686 2379">
     <span class='ocr_line' id='line_1_94' title="bbox 2123 2305 3686 2379; baseline 0.003 -22"><span class='ocrx_word' id='word_1_665' title='bbox 2123 2305 2270 2358; x_wconf 91' lang='lat' dir='ltr'><strong>mille</strong></span> <span class='ocrx_word' id='word_1_666' title='bbox 2304 2314 2522 2359; x_wconf 87' lang='lat' dir='ltr'><strong>centum</strong></span> <span class='ocrx_word' id='word_1_667' title='bbox 2565 2306 2959 2377; x_wconf 84' lang='lat' dir='ltr'><strong>quinquaginta</strong></span> <span class='ocrx_word' id='word_1_668' title='bbox 3009 2313 3270 2379; x_wconf 85' lang='lat' dir='ltr'><strong>quinque,</strong></span> <span class='ocrx_word' id='word_1_669' title='bbox 3303 2323 3520 2364; x_wconf 90' lang='lat' dir='ltr'><strong>menses</strong></span> <span class='ocrx_word' id='word_1_670' title='bbox 3566 2323 3686 2373; x_wconf 70' lang='lat' dir='ltr'><strong>sex,</strong></span> 
     </span>
    </p>
   </div>
   <div class='ocr_carea' id='block_1_91' title="bbox 2121 2396 3683 2469">
    <p class='ocr_par' dir='ltr' id='par_1_91' title="bbox 2121 2396 3683 2469">
     <span class='ocr_line' id='line_1_95' title="bbox 2121 2396 3683 2469; baseline 0.003 -19"><span class='ocrx_word' id='word_1_671' title='bbox 2121 2396 2307 2451; x_wconf 81' lang='lat' dir='ltr'><strong>decem</strong></span> <span class='ocrx_word' id='word_1_672' title='bbox 2333 2397 2487 2465; x_wconf 90' lang='lat' dir='ltr'><strong>dies;</strong></span> <span class='ocrx_word' id='word_1_673' title='bbox 2528 2414 2558 2453; x_wconf 91' lang='lat' dir='ltr'><strong>a</strong></span> <span class='ocrx_word' id='word_1_674' title='bbox 2591 2414 2759 2469; x_wconf 87' lang='lat' dir='ltr'><strong>regno</strong></span> <span class='ocrx_word' id='word_1_675' title='bbox 2794 2411 2975 2454; x_wconf 90' lang='lat' dir='ltr'><strong>autem</strong></span> <span class='ocrx_word' id='word_1_676' title='bbox 3028 2398 3215 2464; x_wconf 89' lang='lat' dir='ltr'><strong>David,</strong></span> <span class='ocrx_word' id='word_1_677' title='bbox 3247 2402 3399 2466; x_wconf 91' lang='lat' dir='ltr'><strong>anni,</strong></span> <span class='ocrx_word' id='word_1_678' title='bbox 3434 2410 3494 2456; x_wconf 92' lang='lat' dir='ltr'><strong>ut</strong></span> <span class='ocrx_word' id='word_1_679' title='bbox 3543 2416 3683 2455; x_wconf 80' lang='lat' dir='ltr'><strong>non—</strong></span> 
     </span>
    </p>
   </div>
   <div class='ocr_carea' id='block_1_92' title="bbox 2120 2490 3683 2561">
    <p class='ocr_par' dir='ltr' id='par_1_92' title="bbox 2120 2490 3683 2561">
     <span class='ocr_line' id='line_1_96' title="bbox 2120 2490 3683 2561; baseline 0.002 -19"><span class='ocrx_word' id='word_1_680' title='bbox 2120 2490 2254 2543; x_wconf 91' lang='lat' dir='ltr'><strong>nulli</strong></span> <span class='ocrx_word' id='word_1_681' title='bbox 2283 2490 2524 2559; x_wconf 89' lang='lat' dir='ltr'><strong>quidem,</strong></span> <span class='ocrx_word' id='word_1_682' title='bbox 2548 2491 2773 2545; x_wconf 89' lang='lat' dir='ltr'><strong>trecenti</strong></span> <span class='ocrx_word' id='word_1_683' title='bbox 2808 2491 3203 2561; x_wconf 81' lang='lat' dir='ltr'><strong>quinquaginta</strong></span> <span class='ocrx_word' id='word_1_684' title='bbox 3227 2494 3372 2557; x_wconf 88' lang='lat' dir='ltr'><strong>duo;</strong></span> <span class='ocrx_word' id='word_1_685' title='bbox 3410 2503 3471 2547; x_wconf 89' lang='lat' dir='ltr'><strong>ut</strong></span> <span class='ocrx_word' id='word_1_686' title='bbox 3500 2502 3683 2546; x_wconf 89' lang='lat' dir='ltr'><strong>autem</strong></span> 
     </span>
    </p>
   </div>
   <div class='ocr_carea' id='block_1_93' title="bbox 2120 2579 3683 2652">
    <p class='ocr_par' dir='ltr' id='par_1_93' title="bbox 2120 2579 3683 2652">
     <span class='ocr_line' id='line_1_97' title="bbox 2120 2579 3683 2652; baseline 0.003 -20"><span class='ocrx_word' id='word_1_687' title='bbox 2120 2579 2298 2633; x_wconf 86' lang='lat' dir='ltr'><strong>dicam</strong></span> <span class='ocrx_word' id='word_1_688' title='bbox 2366 2580 2715 2645; x_wconf 81' lang='lat' dir='ltr'><strong>accuratius,</strong></span> <span class='ocrx_word' id='word_1_689' title='bbox 2774 2581 3054 2652; x_wconf 82' lang='lat' dir='ltr'><strong>quingenti</strong></span> <span class='ocrx_word' id='word_1_690' title='bbox 3125 2583 3467 2651; x_wconf 85' lang='lat' dir='ltr'><strong>septuaginta</strong></span> <span class='ocrx_word' id='word_1_691' title='bbox 3535 2583 3683 2648; x_wconf 90' lang='lat' dir='ltr'><strong>duo,</strong></span> 
     </span>
    </p>
   </div>
   <div class='ocr_carea' id='block_1_94' title="bbox 2120 2672 3681 2743">
    <p class='ocr_par' dir='ltr' id='par_1_94' title="bbox 2120 2672 3681 2743">
     <span class='ocr_line' id='line_1_98' title="bbox 2120 2672 3681 2743; baseline 0.003 -20"><span class='ocrx_word' id='word_1_692' title='bbox 2120 2686 2335 2726; x_wconf 89' lang='lat' dir='ltr'><strong>menses</strong></span> <span class='ocrx_word' id='word_1_693' title='bbox 2358 2686 2472 2737; x_wconf 86' lang='lat' dir='ltr'><strong>sex,</strong></span> <span class='ocrx_word' id='word_1_694' title='bbox 2497 2673 2680 2727; x_wconf 90' lang='lat' dir='ltr'><strong>decem</strong></span> <span class='ocrx_word' id='word_1_695' title='bbox 2709 2672 2844 2728; x_wconf 91' lang='lat' dir='ltr'><strong>dies.</strong></span> <span class='ocrx_word' id='word_1_696' title='bbox 2889 2673 3108 2743; x_wconf 85' lang='lat' dir='ltr'><strong>impleta</strong></span> <span class='ocrx_word' id='word_1_697' title='bbox 3136 2685 3265 2727; x_wconf 87' lang='lat' dir='ltr'><strong>sunt</strong></span> <span class='ocrx_word' id='word_1_698' title='bbox 3294 2688 3425 2743; x_wconf 84' lang='lat' dir='ltr'><strong>ergo</strong></span> <span class='ocrx_word' id='word_1_699' title='bbox 3455 2689 3485 2727; x_wconf 90' lang='lat' dir='ltr'><strong>a</strong></span> <span class='ocrx_word' id='word_1_700' title='bbox 3506 2674 3681 2742; x_wconf 88' lang='lat' dir='ltr'><strong>capti-</strong></span> 
     </span>
    </p>
   </div>
   <div class='ocr_carea' id='block_1_95' title="bbox 2120 2761 3686 2834">
    <p class='ocr_par' dir='ltr' id='par_1_95' title="bbox 2120 2761 3686 2834">
     <span class='ocr_line' id='line_1_99' title="bbox 2120 2761 3686 2834; baseline 0.002 -20"><span class='ocrx_word' id='word_1_701' title='bbox 2120 2761 2305 2822; x_wconf 89' lang='lat' dir='ltr'><strong>vitate,</strong></span> <span class='ocrx_word' id='word_1_702' title='bbox 2337 2778 2502 2831; x_wconf 90' lang='lat' dir='ltr'><strong>quam</strong></span> <span class='ocrx_word' id='word_1_703' title='bbox 2536 2771 2780 2832; x_wconf 91' lang='lat' dir='ltr'><strong>tempore</strong></span> <span class='ocrx_word' id='word_1_704' title='bbox 2816 2761 3065 2817; x_wconf 77' lang='lat' dir='ltr'><strong>Jeremiae</strong></span> <span class='ocrx_word' id='word_1_705' title='bbox 3109 2765 3385 2833; x_wconf 73' lang='lat' dir='ltr'><strong>propheta:</strong></span> <span class='ocrx_word' id='word_1_706' title='bbox 3414 2762 3686 2834; x_wconf 84' lang='lat' dir='ltr'><strong>Babylone</strong></span> 
     </span>
    </p>
   </div>
   <div class='ocr_carea' id='block_1_96' title="bbox 2122 2847 3684 2923">
    <p class='ocr_par' dir='ltr' id='par_1_96' title="bbox 2122 2847 3684 2923">
     <span class='ocr_line' id='line_1_100' title="bbox 2122 2847 3684 2923; baseline 0.004 -18"><span class='ocrx_word' id='word_1_707' title='bbox 2122 2852 2269 2921; x_wconf 84' lang='lat' dir='ltr'><strong>passi</strong></span> <span class='ocrx_word' id='word_1_708' title='bbox 2303 2861 2449 2918; x_wconf 92' lang='lat' dir='ltr'><strong>sunt,</strong></span> <span class='ocrx_word' id='word_1_709' title='bbox 2474 2869 2560 2917; x_wconf 89' lang='lat' dir='ltr'><strong>ea,</strong></span> <span class='ocrx_word' id='word_1_710' title='bbox 2603 2869 2725 2923; x_wconf 81' lang='lat' dir='ltr'><strong>quae</strong></span> <span class='ocrx_word' id='word_1_711' title='bbox 2750 2870 2780 2909; x_wconf 95' lang='lat' dir='ltr'><strong>a</strong></span> <span class='ocrx_word' id='word_1_712' title='bbox 2817 2850 3081 2923; x_wconf 86' lang='lat' dir='ltr'><strong>propheta</strong></span> <span class='ocrx_word' id='word_1_713' title='bbox 3124 2853 3311 2909; x_wconf 91' lang='lat' dir='ltr'><strong>Daniel</strong></span> <span class='ocrx_word' id='word_1_714' title='bbox 3341 2854 3487 2907; x_wconf 88' lang='lat' dir='ltr'><strong>dicta</strong></span> <span class='ocrx_word' id='word_1_715' title='bbox 3536 2847 3684 2912; x_wconf 79' lang='lat' dir='ltr'><strong>sunt.</strong></span> 
     </span>
    </p>
   </div>
   <div class='ocr_carea' id='block_1_97' title="bbox 2121 2946 3686 3019">
    <p class='ocr_par' dir='ltr' id='par_1_97' title="bbox 2121 2946 3686 3019">
     <span class='ocr_line' id='line_1_101' title="bbox 2121 2946 3686 3019; baseline 0 -19"><span class='ocrx_word' id='word_1_716' title='bbox 2121 2961 2243 3015; x_wconf 67' lang='lat' dir='ltr'><strong>qua:</strong></span> <span class='ocrx_word' id='word_1_717' title='bbox 2269 2947 2347 3001; x_wconf 90' lang='lat' dir='ltr'><strong>sic</strong></span> <span class='ocrx_word' id='word_1_718' title='bbox 2370 2948 2570 3002; x_wconf 88' lang='lat' dir='ltr'><strong>habent</strong></span> <span class='ocrx_word' id='word_1_719' title='bbox 2600 2968 2613 3001; x_wconf 89' lang='lat'><strong>:</strong></span> <span class='ocrx_word' id='word_1_720' title='bbox 2653 2968 2670 3000; x_wconf 87' lang='grc'><strong>‹</strong></span> <span class='ocrx_word' id='word_1_721' title='bbox 2701 2946 3049 3019; x_wconf 84' lang='lat' dir='ltr'><strong>Septuaginta</strong></span> <span class='ocrx_word' id='word_1_722' title='bbox 3084 2948 3448 3002; x_wconf 86' lang='lat' dir='ltr'><strong>hebdomades</strong></span> <span class='ocrx_word' id='word_1_723' title='bbox 3490 2947 3686 3002; x_wconf 83' lang='lat' dir='ltr'><strong>abbre-</strong></span> 
     </span>
    </p>
   </div>
   <div class='ocr_carea' id='block_1_98' title="bbox 2120 3038 3683 3110">
    <p class='ocr_par' dir='ltr' id='par_1_98' title="bbox 2120 3038 3683 3110">
     <span class='ocr_line' id='line_1_102' title="bbox 2120 3038 3683 3110; baseline 0.001 -20"><span class='ocrx_word' id='word_1_724' title='bbox 2120 3038 2278 3092; x_wconf 74' lang='lat' dir='ltr'><strong>viatze</strong></span> <span class='ocrx_word' id='word_1_725' title='bbox 2303 3049 2430 3093; x_wconf 91' lang='lat' dir='ltr'><strong>sunt</strong></span> <span class='ocrx_word' id='word_1_726' title='bbox 2452 3055 2613 3110; x_wconf 89' lang='lat' dir='ltr'><strong>super</strong></span> <span class='ocrx_word' id='word_1_727' title='bbox 2639 3041 2893 3110; x_wconf 89' lang='lat' dir='ltr'><strong>populum</strong></span> <span class='ocrx_word' id='word_1_728' title='bbox 2927 3048 3102 3103; x_wconf 91' lang='lat' dir='ltr'><strong>tuum,</strong></span> <span class='ocrx_word' id='word_1_729' title='bbox 3130 3050 3185 3094; x_wconf 92' lang='lat' dir='ltr'><strong>et</strong></span> <span class='ocrx_word' id='word_1_730' title='bbox 3215 3054 3374 3108; x_wconf 86' lang='lat' dir='ltr'><strong>super</strong></span> <span class='ocrx_word' id='word_1_731' title='bbox 3402 3038 3683 3093; x_wconf 86' lang='lat' dir='ltr'><strong>civitatem</strong></span> 
     </span>
    </p>
   </div>
   <div class='ocr_carea' id='block_1_99' title="bbox 2122 3139 3683 3201">
    <p class='ocr_par' dir='ltr' id='par_1_99' title="bbox 2122 3139 3683 3201">
     <span class='ocr_line' id='line_1_103' title="bbox 2122 3139 3683 3201; baseline -0.001 -16"><span class='ocrx_word' id='word_1_732' title='bbox 2122 3140 2368 3185; x_wconf 90' lang='lat' dir='ltr'><strong>sanctam</strong></span> <span class='ocrx_word' id='word_1_733' title='bbox 2420 3140 2592 3197; x_wconf 88' lang='lat' dir='ltr'><strong>tuam,</strong></span> <span class='ocrx_word' id='word_1_734' title='bbox 2650 3140 2709 3185; x_wconf 89' lang='lat' dir='ltr'><strong>ut</strong></span> <span class='ocrx_word' id='word_1_735' title='bbox 2765 3140 3119 3186; x_wconf 89' lang='lat' dir='ltr'><strong>consumatur</strong></span> <span class='ocrx_word' id='word_1_736' title='bbox 3177 3140 3481 3201; x_wconf 90' lang='lat' dir='ltr'><strong>peccatum,</strong></span> <span class='ocrx_word' id='word_1_737' title='bbox 3530 3139 3583 3184; x_wconf 91' lang='lat' dir='ltr'><strong>et</strong></span> <span class='ocrx_word' id='word_1_738' title='bbox 3623 3140 3683 3184; x_wconf 86' lang='grc' dir='ltr'><strong>ιιι</strong></span> 
     </span>
    </p>
   </div>
   <div class='ocr_carea' id='block_1_100' title="bbox 2122 3221 3682 3291">
    <p class='ocr_par' dir='ltr' id='par_1_100' title="bbox 2122 3221 3682 3291">
     <span class='ocr_line' id='line_1_104' title="bbox 2122 3221 3682 3291; baseline 0.001 -16"><span class='ocrx_word' id='word_1_739' title='bbox 2122 3221 2370 3289; x_wconf 87' lang='lat' dir='ltr'><strong>obsignet</strong></span> <span class='ocrx_word' id='word_1_740' title='bbox 2398 3230 2638 3289; x_wconf 87' lang='lat' dir='ltr'><strong>peccata,</strong></span> <span class='ocrx_word' id='word_1_741' title='bbox 2669 3232 2722 3276; x_wconf 88' lang='lat' dir='ltr'><strong>et</strong></span> <span class='ocrx_word' id='word_1_742' title='bbox 2754 3222 2930 3276; x_wconf 89' lang='lat' dir='ltr'><strong>deleat</strong></span> <span class='ocrx_word' id='word_1_743' title='bbox 2954 3222 3288 3291; x_wconf 84' lang='lat' dir='ltr'><strong>iniquitates,</strong></span> <span class='ocrx_word' id='word_1_744' title='bbox 3319 3232 3372 3276; x_wconf 92' lang='lat' dir='ltr'><strong>ct</strong></span> <span class='ocrx_word' id='word_1_745' title='bbox 3400 3230 3458 3275; x_wconf 92' lang='lat' dir='ltr'><strong>ut</strong></span> <span class='ocrx_word' id='word_1_746' title='bbox 3482 3223 3682 3291; x_wconf 81' lang='lat' dir='ltr'><strong>expiet,</strong></span> 
     </span>
    </p>
   </div>
   <div class='ocr_carea' id='block_1_101' title="bbox 2118 3311 3683 3383">
    <p class='ocr_par' dir='ltr' id='par_1_101' title="bbox 2118 3311 3683 3383">
     <span class='ocr_line' id='line_1_105' title="bbox 2118 3311 3683 3383; baseline -0.001 -17"><span class='ocrx_word' id='word_1_747' title='bbox 2118 3320 2175 3366; x_wconf 90' lang='lat' dir='ltr'><strong>et</strong></span> <span class='ocrx_word' id='word_1_748' title='bbox 2196 3320 2257 3364; x_wconf 90' lang='lat' dir='ltr'><strong>ut</strong></span> <span class='ocrx_word' id='word_1_749' title='bbox 2284 3320 2408 3380; x_wconf 81' lang='lat' dir='ltr'><strong>agat</strong></span> <span class='ocrx_word' id='word_1_750' title='bbox 2427 3311 2694 3379; x_wconf 87' lang='lat' dir='ltr'><strong>justitiam</strong></span> <span class='ocrx_word' id='word_1_751' title='bbox 2719 3313 3131 3380; x_wconf 90' lang='lat' dir='ltr'><strong>sempiternam,</strong></span> <span class='ocrx_word' id='word_1_752' title='bbox 3161 3323 3213 3366; x_wconf 91' lang='lat' dir='ltr'><strong>et</strong></span> <span class='ocrx_word' id='word_1_753' title='bbox 3236 3313 3485 3383; x_wconf 87' lang='lat' dir='ltr'><strong>obsignet</strong></span> <span class='ocrx_word' id='word_1_754' title='bbox 3517 3312 3683 3366; x_wconf 49' lang='lat' dir='ltr'><strong>visio-</strong></span> 
     </span>
    </p>
   </div>
   <div class='ocr_carea' id='block_1_102' title="bbox 2120 3396 3679 3472">
    <p class='ocr_par' dir='ltr' id='par_1_102' title="bbox 2120 3396 3679 3472">
     <span class='ocr_line' id='line_1_106' title="bbox 2120 3396 3679 3472; baseline 0 -17"><span class='ocrx_word' id='word_1_755' title='bbox 2120 3418 2245 3456; x_wconf 90' lang='lat' dir='ltr'><strong>nem</strong></span> <span class='ocrx_word' id='word_1_756' title='bbox 2278 3410 2332 3455; x_wconf 90' lang='lat' dir='ltr'><strong>et</strong></span> <span class='ocrx_word' id='word_1_757' title='bbox 2362 3402 2701 3471; x_wconf 86' lang='lat' dir='ltr'><strong>prophetam,</strong></span> <span class='ocrx_word' id='word_1_758' title='bbox 2744 3412 2797 3457; x_wconf 90' lang='lat' dir='ltr'><strong>et</strong></span> <span class='ocrx_word' id='word_1_759' title='bbox 2839 3413 3004 3472; x_wconf 89' lang='lat' dir='ltr'><strong>ungat</strong></span> <span class='ocrx_word' id='word_1_760' title='bbox 3044 3403 3301 3457; x_wconf 81' lang='lat' dir='ltr'><strong>Sanctum</strong></span> <span class='ocrx_word' id='word_1_761' title='bbox 3330 3396 3638 3457; x_wconf 84' lang='lat' dir='ltr'><strong>sanctorum</strong></span> <span class='ocrx_word' id='word_1_762' title='bbox 3666 3423 3679 3467; x_wconf 89' lang='lat'><strong>;</strong></span> 
     </span>
    </p>
   </div>
   <div class='ocr_carea' id='block_1_103' title="bbox 2114 3494 3683 3563">
    <p class='ocr_par' dir='ltr' id='par_1_103' title="bbox 2114 3494 3683 3563">
     <span class='ocr_line' id='line_1_107' title="bbox 2114 3494 3683 3563; baseline 0 -15"><span class='ocrx_word' id='word_1_763' title='bbox 2114 3502 2169 3548; x_wconf 91' lang='lat' dir='ltr'><strong>et</strong></span> <span class='ocrx_word' id='word_1_764' title='bbox 2215 3508 2516 3562; x_wconf 87' lang='lat' dir='ltr'><strong>cognosces</strong></span> <span class='ocrx_word' id='word_1_765' title='bbox 2567 3502 2621 3548; x_wconf 94' lang='lat' dir='ltr'><strong>et</strong></span> <span class='ocrx_word' id='word_1_766' title='bbox 2672 3494 2940 3563; x_wconf 88' lang='lat' dir='ltr'><strong>intelliges</strong></span> <span class='ocrx_word' id='word_1_767' title='bbox 2983 3495 3051 3547; x_wconf 87' lang='lat' dir='ltr'><strong>ah</strong></span> <span class='ocrx_word' id='word_1_768' title='bbox 3099 3494 3249 3548; x_wconf 88' lang='lat' dir='ltr'><strong>exitu</strong></span> <span class='ocrx_word' id='word_1_769' title='bbox 3295 3496 3586 3559; x_wconf 89' lang='lat' dir='ltr'><strong>sermonis,</strong></span> <span class='ocrx_word' id='word_1_770' title='bbox 3623 3506 3683 3549; x_wconf 91' lang='lat' dir='ltr'><strong>ut</strong></span> 
     </span>
    </p>
   </div>
   <div class='ocr_carea' id='block_1_104' title="bbox 2114 3579 3683 3654">
    <p class='ocr_par' dir='ltr' id='par_1_104' title="bbox 2114 3579 3683 3654">
     <span class='ocr_line' id='line_1_108' title="bbox 2114 3579 3683 3654; baseline 0.003 -21"><span class='ocrx_word' id='word_1_771' title='bbox 2114 3579 2475 3650; x_wconf 89' lang='lat' dir='ltr'><strong>respondeas,</strong></span> <span class='ocrx_word' id='word_1_772' title='bbox 2500 3588 2555 3635; x_wconf 94' lang='lat' dir='ltr'><strong>et</strong></span> <span class='ocrx_word' id='word_1_773' title='bbox 2581 3580 2815 3637; x_wconf 73' lang='lat' dir='ltr'><strong>aediﬁces</strong></span> <span class='ocrx_word' id='word_1_774' title='bbox 2866 3581 3192 3647; x_wconf 80' lang='lat' dir='ltr'><strong>Jerusalem,</strong></span> <span class='ocrx_word' id='word_1_775' title='bbox 3222 3599 3398 3654; x_wconf 89' lang='lat' dir='ltr'><strong>usque</strong></span> <span class='ocrx_word' id='word_1_776' title='bbox 3427 3585 3493 3638; x_wconf 92' lang='lat' dir='ltr'><strong>ad</strong></span> <span class='ocrx_word' id='word_1_777' title='bbox 3525 3584 3683 3638; x_wconf 87' lang='lat' dir='ltr'><strong>Chri-</strong></span> 
     </span>
    </p>
   </div>
   <div class='ocr_carea' id='block_1_105' title="bbox 2111 3780 3683 3850">
    <p class='ocr_par' dir='ltr' id='par_1_105' title="bbox 2111 3780 3683 3850">
     <span class='ocr_line' id='line_1_109' title="bbox 2111 3780 3683 3850; baseline 0.002 -18"><span class='ocrx_word' id='word_1_778' title='bbox 2111 3787 2329 3847; x_wconf 89' lang='lat' dir='ltr'><strong>propter</strong></span> <span class='ocrx_word' id='word_1_779' title='bbox 2374 3780 2615 3850; x_wconf 72' lang='lat' dir='ltr'><strong>electos,</strong></span> <span class='ocrx_word' id='word_1_780' title='bbox 2664 3799 2682 3831; x_wconf 83' lang='grc' dir='ltr'><strong>ι</strong></span> <span class='ocrx_word' id='word_1_781' title='bbox 2718 3780 2767 3834; x_wconf 91' lang='lat' dir='ltr'><strong>id</strong></span> <span class='ocrx_word' id='word_1_782' title='bbox 2819 3791 2901 3834; x_wconf 93' lang='lat' dir='ltr'><strong>est</strong></span> <span class='ocrx_word' id='word_1_783' title='bbox 2954 3780 3111 3850; x_wconf 93' lang='lat' dir='ltr'><strong>pauci</strong></span> <span class='ocrx_word' id='word_1_784' title='bbox 3164 3782 3353 3834; x_wconf 82' lang='lat' dir='ltr'><strong>futuri.</strong></span> <span class='ocrx_word' id='word_1_785' title='bbox 3417 3780 3683 3835; x_wconf 83' lang='lat' dir='ltr'><strong>Eusebius</strong></span> 
     </span>
    </p>
   </div>
   <div class='ocr_carea' id='block_1_106' title="bbox 2115 3848 3679 3919">
    <p class='ocr_par' dir='ltr' id='par_1_106' title="bbox 2115 3848 3679 3919">
     <span class='ocr_line' id='line_1_110' title="bbox 2115 3848 3679 3919; baseline 0.003 -19"><span class='ocrx_word' id='word_1_786' title='bbox 2115 3850 2207 3919; x_wconf 90' lang='lat' dir='ltr'><strong>lib.</strong></span> <span class='ocrx_word' id='word_1_787' title='bbox 2242 3864 2336 3901; x_wconf 85' lang='lat' dir='ltr'><strong>vxxx</strong></span> <span class='ocrx_word' id='word_1_788' title='bbox 2362 3848 2715 3919; x_wconf 83' lang='lat' dir='ltr'><strong>Demonstrat.</strong></span> <span class='ocrx_word' id='word_1_789' title='bbox 2749 3848 3122 3919; x_wconf 44' lang='lat' dir='ltr'><strong>evang.,_dem.</strong></span> <span class='ocrx_word' id='word_1_790' title='bbox 3157 3851 3226 3904; x_wconf 70' lang='grc'>22</span> <span class='ocrx_word' id='word_1_791' title='bbox 3258 3869 3270 3902; x_wconf 88' lang='lat'>:</span> <span class='ocrx_word' id='word_1_792' title='bbox 3311 3853 3369 3903; x_wconf 86' lang='lat'><strong>&#39;0</strong></span> <span class='ocrx_word' id='word_1_793' title='bbox 3404 3851 3679 3919; x_wconf 78' lang='grc' dir='ltr'>ἀρχάγγε-</span> 
     </span>
    </p>
   </div>
   <div class='ocr_carea' id='block_1_107' title="bbox 2118 3869 3680 3992">
    <p class='ocr_par' dir='ltr' id='par_1_107' title="bbox 2118 3869 3680 3992">
     <span class='ocr_line' id='line_1_111' title="bbox 2118 3869 3679 3919; baseline 0.002 -18"><span class='ocrx_word' id='word_1_794' title='bbox 2118 3869 2207 3903; x_wconf 85' lang='grc' dir='ltr'>ιιυ.</span> <span class='ocrx_word' id='word_1_795' title='bbox 2242 3869 2336 3901; x_wconf 86' lang='lat' dir='ltr'><strong>vxxx</strong></span> <span class='ocrx_word' id='word_1_796' title='bbox 2362 3869 2715 3903; x_wconf 75' lang='lat' dir='ltr'><strong>uemonsxrar.</strong></span> <span class='ocrx_word' id='word_1_797' title='bbox 2749 3869 2953 3919; x_wconf 85' lang='lat' dir='ltr'><strong>evang.,</strong></span> <span class='ocrx_word' id='word_1_798' title='bbox 2981 3869 3122 3905; x_wconf 90' lang='lat' dir='ltr'><strong>uem.</strong></span> <span class='ocrx_word' id='word_1_799' title='bbox 3157 3869 3226 3904; x_wconf 80' lang='lat' dir='ltr'><strong>zz</strong></span> <span class='ocrx_word' id='word_1_800' title='bbox 3258 3869 3270 3902; x_wconf 89' lang='lat'>:</span> <span class='ocrx_word' id='word_1_801' title='bbox 3328 3869 3369 3903; x_wconf 92' lang='grc' dir='ltr'><strong>υ</strong></span> <span class='ocrx_word' id='word_1_802' title='bbox 3404 3869 3438 3903; x_wconf 92' lang='grc' dir='ltr'><strong>α</strong></span> <span class='ocrx_word' id='word_1_803' title='bbox 3479 3869 3679 3919; x_wconf 78' lang='grc' dir='ltr'>-αγγε-</span> 
     </span>
     <span class='ocr_line' id='line_1_112' title="bbox 2118 3869 3680 3992; baseline 0.003 -23"><span class='ocrx_word' id='word_1_804' title='bbox 2118 3918 2227 3992; x_wconf 84' lang='grc' dir='ltr'>λος,</span> <span class='ocrx_word' id='word_1_805' title='bbox 2263 3919 2566 3992; x_wconf 52' lang='grc' dir='ltr'>ἐπιφανεὶς,</span> <span class='ocrx_word' id='word_1_806' title='bbox 2589 3918 2696 3992; x_wconf 72' lang='grc' dir='ltr'>τὴν</span> <span class='ocrx_word' id='word_1_807' title='bbox 2719 3920 3021 3992; x_wconf 15' lang='grc' dir='ltr'>*ἀνανέωσιν</span> <span class='ocrx_word' id='word_1_808' title='bbox 3048 3920 3153 3992; x_wconf 82' lang='grc' dir='ltr'>τῆς</span> <span class='ocrx_word' id='word_1_809' title='bbox 3177 3869 3551 3992; x_wconf 53' lang='grc' dir='ltr'><strong>ΔἸερουσοιλσίξμ</strong></span> <span class='ocrx_word' id='word_1_810' title='bbox 3582 3923 3680 3974; x_wconf 76' lang='grc' dir='ltr'><strong>αὕη</strong></span> 
     </span>
    </p>
   </div>
   <div class='ocr_carea' id='block_1_108' title="bbox 2111 3988 3681 4070">
    <p class='ocr_par' dir='ltr' id='par_1_108' title="bbox 2111 3988 3681 4070">
     <span class='ocr_line' id='line_1_113' title="bbox 2111 3988 3681 4070; baseline 0.002 -29"><span class='ocrx_word' id='word_1_811' title='bbox 2111 3989 2237 4041; x_wconf 89' lang='grc' dir='ltr'>τίκα</span> <span class='ocrx_word' id='word_1_812' title='bbox 2269 3988 2515 4070; x_wconf 42' lang='grc' dir='ltr'>τύτεικαὶ</span> <span class='ocrx_word' id='word_1_813' title='bbox 2548 3988 2665 4070; x_wconf 67' lang='grc' dir='ltr'>οὐκ</span> <span class='ocrx_word' id='word_1_814' title='bbox 2685 3990 2762 4053; x_wconf 82' lang='grc' dir='ltr'><strong>είς</strong></span> <span class='ocrx_word' id='word_1_815' title='bbox 2801 3990 3011 4070; x_wconf 65' lang='grc' dir='ltr'>μακρὰν</span> <span class='ocrx_word' id='word_1_816' title='bbox 3043 3988 3568 4070; x_wconf 52' lang='grc' dir='ltr'><strong>ἔρεσθαίθεσπίςειι</strong></span> <span class='ocrx_word' id='word_1_817' title='bbox 3592 3992 3681 4070; x_wconf 72' lang='grc' dir='ltr'>τρν</span> 
     </span>
    </p>
   </div>
   <div class='ocr_carea' id='block_1_109' title="bbox 2110 4058 3681 4131">
    <p class='ocr_par' dir='ltr' id='par_1_109' title="bbox 2110 4058 3681 4131">
     <span class='ocr_line' id='line_1_114' title="bbox 2110 4058 3681 4131; baseline 0.001 -20"><span class='ocrx_word' id='word_1_818' title='bbox 2110 4076 2171 4111; x_wconf 90' lang='grc' dir='ltr'><strong>τε</strong></span> <span class='ocrx_word' id='word_1_819' title='bbox 2197 4058 2449 4131; x_wconf 32' lang='grc' dir='ltr'>μετά-τὴν</span> <span class='ocrx_word' id='word_1_820' title='bbox 2472 4060 2763 4131; x_wconf 63' lang='grc' dir='ltr'>ἀνανέωσιι</span> <span class='ocrx_word' id='word_1_821' title='bbox 2793 4058 2957 4128; x_wconf 82' lang='grc' dir='ltr'>αὐτῆς</span> <span class='ocrx_word' id='word_1_822' title='bbox 2980 4060 3169 4131; x_wconf 86' lang='grc' dir='ltr'>χρόνον</span> <span class='ocrx_word' id='word_1_823' title='bbox 3189 4062 3265 4123; x_wconf 75' lang='grc' dir='ltr'><strong>είς</strong></span> <span class='ocrx_word' id='word_1_824' title='bbox 3290 4060 3423 4114; x_wconf 77' lang='grc' dir='ltr'>ἐτῶν</span> <span class='ocrx_word' id='word_1_825' title='bbox 3446 4062 3681 4131; x_wconf 85' lang='grc' dir='ltr'>ἀριθμὸν</span> 
     </span>
    </p>
   </div>
   <div class='ocr_carea' id='block_1_110' title="bbox 2113 4128 3681 4217">
    <p class='ocr_par' dir='ltr' id='par_1_110' title="bbox 2113 4128 3681 4217">
     <span class='ocr_line' id='line_1_115' title="bbox 2113 4128 3681 4217; baseline 0.002 -36"><span class='ocrx_word' id='word_1_826' title='bbox 2113 4128 2433 4217; x_wconf 62' lang='grc' dir='ltr'>περιρρίζει,</span> <span class='ocrx_word' id='word_1_827' title='bbox 2487 4129 2849 4217; x_wconf 17' lang='grc' dir='ltr'>προλέγειῃῆτε</span> <span class='ocrx_word' id='word_1_828' title='bbox 2882 4128 3206 4217; x_wconf 13' lang='grc' dir='ltr'>νῲςηκατάν</span> <span class='ocrx_word' id='word_1_829' title='bbox 3230 4130 3326 4212; x_wconf 72' lang='grc' dir='ltr'>τὴν</span> <span class='ocrx_word' id='word_1_830' title='bbox 3368 4128 3681 4217; x_wconf 79' lang='grc' dir='ltr'>ὡρισμένην</span> 
     </span>
    </p>
   </div>
   <div class='ocr_carea' id='block_1_111' title="bbox 2113 4197 3682 4339">
    <p class='ocr_par' dir='ltr' id='par_1_111' title="bbox 2113 4197 3682 4339">
     <span class='ocr_line' id='line_1_116' title="bbox 2113 4197 3682 4270; baseline 0.004 -20"><span class='ocrx_word' id='word_1_831' title='bbox 2113 4197 2449 4269; x_wconf 78' lang='grc' dir='ltr'>προθεσμίαν</span> <span class='ocrx_word' id='word_1_832' title='bbox 2495 4197 2651 4261; x_wconf 73' lang='grc' dir='ltr'>αὖθις</span> <span class='ocrx_word' id='word_1_833' title='bbox 2698 4197 3112 4270; x_wconf 86' lang='grc' dir='ltr'>καθαιρήσεται.</span> <span class='ocrx_word' id='word_1_834' title='bbox 3152 4199 3242 4254; x_wconf 86' lang='lat' dir='ltr'><strong>Sic</strong></span> <span class='ocrx_word' id='word_1_835' title='bbox 3286 4197 3346 4253; x_wconf 83' lang='lat' dir='ltr'><strong>in</strong></span> <span class='ocrx_word' id='word_1_836' title='bbox 3401 4197 3682 4257; x_wconf 71' lang='lat' dir='ltr'><strong>matiuscr.</strong></span> 
     </span>
     <span class='ocr_line' id='line_1_117' title="bbox 2113 4268 3607 4339; baseline 0.002 -18"><span class='ocrx_word' id='word_1_837' title='bbox 2113 4268 2327 4338; x_wconf 84' lang='lat' dir='ltr'><strong>legitur,</strong></span> <span class='ocrx_word' id='word_1_838' title='bbox 2364 4284 2473 4339; x_wconf 88' lang='lat' dir='ltr'><strong>non</strong></span> <span class='ocrx_word' id='word_1_839' title='bbox 2499 4269 2639 4321; x_wconf 84' lang='grc' dir='ltr'>κατὰ</span> <span class='ocrx_word' id='word_1_840' title='bbox 2669 4268 2765 4339; x_wconf 84' lang='grc' dir='ltr'><strong>τὴν</strong></span> <span class='ocrx_word' id='word_1_841' title='bbox 2786 4269 3089 4339; x_wconf 25' lang='grc' dir='ltr'>,ἀνανέωσιν</span> <span class='ocrx_word' id='word_1_842' title='bbox 3123 4270 3310 4339; x_wconf 80' lang='grc' dir='ltr'>αὐτῆς.</span> <span class='ocrx_word' id='word_1_843' title='bbox 3339 4270 3607 4326; x_wconf 77' lang='grc' dir='ltr'>Οοιιεετ.</span> 
     </span>
    </p>
   </div>
   <div class='ocr_carea' id='block_1_112' title="bbox 2165 4286 3687 4407">
    <p class='ocr_par' dir='ltr' id='par_1_112' title="bbox 2165 4286 3687 4407">
     <span class='ocr_line' id='line_1_118' title="bbox 2165 4286 3607 4340; baseline 0.002 -19"><span class='ocrx_word' id='word_1_844' title='bbox 2165 4286 2327 4338; x_wconf 82' lang='lat' dir='ltr'><strong>gitur,</strong></span> <span class='ocrx_word' id='word_1_845' title='bbox 2364 4286 2473 4322; x_wconf 91' lang='lat' dir='ltr'><strong>non</strong></span> <span class='ocrx_word' id='word_1_846' title='bbox 2499 4286 2639 4321; x_wconf 84' lang='grc' dir='ltr'>κατα</span> <span class='ocrx_word' id='word_1_847' title='bbox 2669 4286 2765 4339; x_wconf 85' lang='grc' dir='ltr'><strong>την</strong></span> <span class='ocrx_word' id='word_1_848' title='bbox 2793 4286 3089 4322; x_wconf 88' lang='grc' dir='ltr'>ανανεωσιν</span> <span class='ocrx_word' id='word_1_849' title='bbox 3123 4287 3310 4340; x_wconf 84' lang='grc' dir='ltr'>αυτης.</span> <span class='ocrx_word' id='word_1_850' title='bbox 3339 4286 3607 4326; x_wconf 62' lang='grc' dir='ltr'>υοιιεετ.</span> 
     </span>
     <span class='ocr_line' id='line_1_119' title="bbox 2186 4337 3687 4407; baseline 0.002 -16"><span class='ocrx_word' id='word_1_851' title='bbox 2186 4339 2299 4404; x_wconf 86' lang='grc'><strong>(49)</strong></span> <span class='ocrx_word' id='word_1_852' title='bbox 2356 4338 2475 4405; x_wconf 78' lang='grc' dir='ltr'><strong>Τὴν</strong></span> <span class='ocrx_word' id='word_1_853' title='bbox 2522 4342 2703 4393; x_wconf 77' lang='grc' dir='ltr'>πόλιν</span> <span class='ocrx_word' id='word_1_854' title='bbox 2738 4337 2854 4404; x_wconf 81' lang='grc' dir='ltr'><strong>τὴν</strong></span> <span class='ocrx_word' id='word_1_855' title='bbox 2900 4340 3099 4407; x_wconf 78' lang='grc' dir='ltr'>ἁγίαν.</span> <span class='ocrx_word' id='word_1_856' title='bbox 3153 4339 3418 4394; x_wconf 86' lang='lat' dir='ltr'><strong>Hervetus</strong></span> <span class='ocrx_word' id='word_1_857' title='bbox 3476 4341 3687 4394; x_wconf 82' lang='lat' dir='ltr'><strong>addidit</strong></span> 
     </span>
    </p>
   </div>
   <div class='ocr_carea' id='block_1_113' title="bbox 2120 4408 3679 4476">
    <p class='ocr_par' dir='ltr' id='par_1_113' title="bbox 2120 4408 3679 4476">
     <span class='ocr_line' id='line_1_120' title="bbox 2120 4408 3679 4476; baseline 0.004 -18"><span class='ocrx_word' id='word_1_858' title='bbox 2120 4427 2138 4458; x_wconf 73' lang='grc' dir='ltr'><strong>ι</strong></span> <span class='ocrx_word' id='word_1_859' title='bbox 2177 4418 2345 4472; x_wconf 92' lang='lat' dir='ltr'><strong>tuam,</strong></span> <span class='ocrx_word' id='word_1_860' title='bbox 2386 4427 2403 4459; x_wconf 78' lang='grc' dir='ltr'><strong>ι</strong></span> <span class='ocrx_word' id='word_1_861' title='bbox 2438 4424 2561 4462; x_wconf 89' lang='lat' dir='ltr'><strong>nam</strong></span> <span class='ocrx_word' id='word_1_862' title='bbox 2607 4423 2637 4462; x_wconf 89' lang='lat' dir='ltr'><strong>a</strong></span> <span class='ocrx_word' id='word_1_863' title='bbox 2679 4409 2865 4463; x_wconf 70' lang='lat' dir='ltr'><strong>Graeco</strong></span> <span class='ocrx_word' id='word_1_864' title='bbox 2898 4409 3190 4463; x_wconf 88' lang='lat' dir='ltr'><strong>Clementis</strong></span> <span class='ocrx_word' id='word_1_865' title='bbox 3216 4420 3270 4463; x_wconf 92' lang='lat' dir='ltr'><strong>et</strong></span> <span class='ocrx_word' id='word_1_866' title='bbox 3314 4408 3455 4462; x_wconf 78' lang='lat' dir='ltr'><strong>LXX</strong></span> <span class='ocrx_word' id='word_1_867' title='bbox 3488 4411 3679 4476; x_wconf 85' lang='lat' dir='ltr'><strong>abest;</strong></span> 
     </span>
    </p>
   </div>
   <div class='ocr_carea' id='block_1_114' title="bbox 2112 4477 3684 4548">
    <p class='ocr_par' dir='ltr' id='par_1_114' title="bbox 2112 4477 3684 4548">
     <span class='ocr_line' id='line_1_121' title="bbox 2112 4477 3684 4548; baseline 0.003 -19"><span class='ocrx_word' id='word_1_868' title='bbox 2112 4489 2165 4531; x_wconf 85' lang='lat' dir='ltr'><strong>et</strong></span> <span class='ocrx_word' id='word_1_869' title='bbox 2192 4486 2344 4548; x_wconf 80' lang='lat' dir='ltr'><strong>notat</strong></span> <span class='ocrx_word' id='word_1_870' title='bbox 2368 4477 2655 4539; x_wconf 84' lang='lat' dir='ltr'><strong>Eusebius,</strong></span> <span class='ocrx_word' id='word_1_871' title='bbox 2690 4479 2808 4533; x_wconf 91' lang='lat' dir='ltr'><strong>loco</strong></span> <span class='ocrx_word' id='word_1_872' title='bbox 2839 4479 3023 4544; x_wconf 91' lang='lat' dir='ltr'><strong>citato,</strong></span> <span class='ocrx_word' id='word_1_873' title='bbox 3060 4494 3247 4533; x_wconf 87' lang='lat' dir='ltr'><strong>vocem</strong></span> <span class='ocrx_word' id='word_1_874' title='bbox 3298 4479 3443 4532; x_wconf 89' lang='lat' dir='ltr'><strong>illam</strong></span> <span class='ocrx_word' id='word_1_875' title='bbox 3472 4479 3684 4548; x_wconf 73' lang='lat' dir='ltr'><strong>Aquila:</strong></span> 
     </span>
    </p>
   </div>
   <div class='ocr_carea' id='block_1_115' title="bbox 2111 4547 3679 4618">
    <p class='ocr_par' dir='ltr' id='par_1_115' title="bbox 2111 4547 3679 4618">
     <span class='ocr_line' id='line_1_122' title="bbox 2111 4547 3679 4618; baseline 0.001 -17"><span class='ocrx_word' id='word_1_876' title='bbox 2111 4557 2165 4601; x_wconf 91' lang='lat' dir='ltr'><strong>et</strong></span> <span class='ocrx_word' id='word_1_877' title='bbox 2194 4547 2501 4618; x_wconf 86' lang='lat' dir='ltr'><strong>Symmachi</strong></span> <span class='ocrx_word' id='word_1_878' title='bbox 2544 4549 2819 4618; x_wconf 87' lang='lat' dir='ltr'><strong>propriam</strong></span> <span class='ocrx_word' id='word_1_879' title='bbox 2858 4563 2999 4609; x_wconf 88' lang='lat' dir='ltr'><strong>esse,</strong></span> <span class='ocrx_word' id='word_1_880' title='bbox 3040 4558 3203 4616; x_wconf 87' lang='lat' dir='ltr'><strong>atque</strong></span> <span class='ocrx_word' id='word_1_881' title='bbox 3252 4550 3304 4601; x_wconf 93' lang='lat' dir='ltr'><strong>in</strong></span> <span class='ocrx_word' id='word_1_882' title='bbox 3348 4547 3679 4618; x_wconf 84' lang='lat' dir='ltr'><strong>quibusdam</strong></span> 
     </span>
    </p>
   </div>
   <div class='ocr_carea' id='block_1_116' title="bbox 2113 4616 3685 4688">
    <p class='ocr_par' dir='ltr' id='par_1_116' title="bbox 2113 4616 3685 4688">
     <span class='ocr_line' id='line_1_123' title="bbox 2113 4616 3685 4688; baseline 0.001 -18"><span class='ocrx_word' id='word_1_883' title='bbox 2113 4616 2511 4685; x_wconf 88' lang='lat' dir='ltr'><strong>exemplaribus</strong></span> <span class='ocrx_word' id='word_1_884' title='bbox 2538 4616 2640 4670; x_wconf 91' lang='lat' dir='ltr'><strong>sub</strong></span> <span class='ocrx_word' id='word_1_885' title='bbox 2669 4618 2930 4671; x_wconf 79' lang='lat' dir='ltr'><strong>asterisco</strong></span> <span class='ocrx_word' id='word_1_886' title='bbox 2953 4618 3098 4671; x_wconf 90' lang='lat' dir='ltr'><strong>addi.</strong></span> <span class='ocrx_word' id='word_1_887' title='bbox 3132 4618 3259 4671; x_wconf 90' lang='lat' dir='ltr'><strong>Item</strong></span> <span class='ocrx_word' id='word_1_888' title='bbox 3290 4616 3405 4688; x_wconf 81' lang='lat' dir='ltr'><strong>lege</strong></span> <span class='ocrx_word' id='word_1_889' title='bbox 3430 4619 3540 4683; x_wconf 91' lang='lat' dir='ltr'><strong>hic,</strong></span> <span class='ocrx_word' id='word_1_890' title='bbox 3572 4638 3589 4669; x_wconf 73' lang='grc' dir='ltr'><strong>ι</strong></span> <span class='ocrx_word' id='word_1_891' title='bbox 3622 4630 3685 4672; x_wconf 83' lang='lat' dir='ltr'><strong>ut:</strong></span> 
     </span>
    </p>
   </div>
   <div class='ocr_carea' id='block_1_117' title="bbox 2114 4688 3681 4759">
    <p class='ocr_par' dir='ltr' id='par_1_117' title="bbox 2114 4688 3681 4759">
     <span class='ocr_line' id='line_1_124' title="bbox 2114 4688 3681 4759; baseline 0.003 -21"><span class='ocrx_word' id='word_1_892' title='bbox 2114 4696 2520 4759; x_wconf 66' lang='lat' dir='ltr'><strong>consummetur</strong></span> <span class='ocrx_word' id='word_1_893' title='bbox 2567 4697 2878 4754; x_wconf 89' lang='lat' dir='ltr'><strong>peccatum,</strong></span> <span class='ocrx_word' id='word_1_894' title='bbox 2922 4706 2942 4738; x_wconf 77' lang='grc' dir='ltr'><strong>ι</strong></span> <span class='ocrx_word' id='word_1_895' title='bbox 2982 4688 3075 4740; x_wconf 76' lang='grc' dir='ltr'>τοῦ</span> <span class='ocrx_word' id='word_1_896' title='bbox 3125 4688 3540 4759; x_wconf 82' lang='grc' dir='ltr'>συντελεσθῆναι</span> <span class='ocrx_word' id='word_1_897' title='bbox 3582 4691 3681 4758; x_wconf 79' lang='grc' dir='ltr'>τὴν</span> 
     </span>
    </p>
   </div>
   <div class='ocr_carea' id='block_1_118' title="bbox 2109 4755 2694 4826">
    <p class='ocr_par' dir='ltr' id='par_1_118' title="bbox 2109 4755 2694 4826">
     <span class='ocr_line' id='line_1_125' title="bbox 2109 4755 2694 4826; baseline 0 -17"><span class='ocrx_word' id='word_1_898' title='bbox 2109 4756 2397 4826; x_wconf 86' lang='grc' dir='ltr'>ἁμαρτίαν.</span> <span class='ocrx_word' id='word_1_899' title='bbox 2422 4755 2694 4826; x_wconf 69' lang='grc' dir='ltr'>Οοιιῐεετ.</span> 
     </span>
    </p>
   </div>
   <div class='ocr_carea' id='block_1_119' title="bbox 2181 4824 3677 4895">
    <p class='ocr_par' dir='ltr' id='par_1_119' title="bbox 2181 4824 3677 4895">
     <span class='ocr_line' id='line_1_126' title="bbox 2181 4824 3677 4895; baseline 0.002 -15"><span class='ocrx_word' id='word_1_900' title='bbox 2181 4824 2293 4894; x_wconf 77' lang='lat'><strong>(50)</strong></span> <span class='ocrx_word' id='word_1_901' title='bbox 2325 4826 2435 4878; x_wconf 78' lang='grc' dir='ltr'><strong>Καὶ</strong></span> <span class='ocrx_word' id='word_1_902' title='bbox 2464 4825 2570 4878; x_wconf 85' lang='grc' dir='ltr'>τοῦ</span> <span class='ocrx_word' id='word_1_903' title='bbox 2603 4828 2708 4880; x_wconf 81' lang='grc' dir='ltr'><strong>ἀπ.</strong></span> <span class='ocrx_word' id='word_1_904' title='bbox 2745 4825 2902 4895; x_wconf 81' lang='lat' dir='ltr'><strong>Vulg.</strong></span> <span class='ocrx_word' id='word_1_905' title='bbox 2940 4825 3108 4880; x_wconf 86' lang='lat' dir='ltr'><strong>Biblia</strong></span> <span class='ocrx_word' id='word_1_906' title='bbox 3146 4826 3380 4881; x_wconf 89' lang='lat' dir='ltr'><strong>Danielis</strong></span> <span class='ocrx_word' id='word_1_907' title='bbox 3422 4844 3542 4895; x_wconf 85' lang='lat' dir='ltr'><strong>cap.</strong></span> <span class='ocrx_word' id='word_1_908' title='bbox 3576 4844 3628 4881; x_wconf 81' lang='lat' dir='ltr'><strong>xx</strong></span> <span class='ocrx_word' id='word_1_909' title='bbox 3663 4849 3677 4883; x_wconf 89' lang='lat'><strong>:</strong></span> 
     </span>
    </p>
   </div>
   <div class='ocr_carea' id='block_1_120' title="bbox 2108 4894 3676 4965">
    <p class='ocr_par' dir='ltr' id='par_1_120' title="bbox 2108 4894 3676 4965">
     <span class='ocr_line' id='line_1_127' title="bbox 2108 4894 3676 4965; baseline 0.001 -17"><span class='ocrx_word' id='word_1_910' title='bbox 2108 4896 2217 4948; x_wconf 76' lang='grc' dir='ltr'><strong>Καὶ</strong></span> <span class='ocrx_word' id='word_1_911' title='bbox 2248 4894 2339 4946; x_wconf 81' lang='grc' dir='ltr'><strong>τοῦ</strong></span> <span class='ocrx_word' id='word_1_912' title='bbox 2373 4896 2668 4965; x_wconf 75' lang='grc' dir='ltr'>ἀπαλεῖψαι</span> <span class='ocrx_word' id='word_1_913' title='bbox 2696 4897 2792 4959; x_wconf 86' lang='grc' dir='ltr'><strong>τάς</strong></span> <span class='ocrx_word' id='word_1_914' title='bbox 2821 4894 3065 4965; x_wconf 76' lang='grc' dir='ltr'>ἀνομίας,</span> <span class='ocrx_word' id='word_1_915' title='bbox 3093 4898 3185 4948; x_wconf 74' lang='grc' dir='ltr'>καὶ</span> <span class='ocrx_word' id='word_1_916' title='bbox 3209 4897 3298 4948; x_wconf 81' lang='grc' dir='ltr'>τοῦ</span> <span class='ocrx_word' id='word_1_917' title='bbox 3326 4894 3676 4962; x_wconf 81' lang='grc' dir='ltr'>ἐξιλάσασθαι</span> 
     </span>
    </p>
   </div>
   <div class='ocr_carea' id='block_1_121' title="bbox 2106 4964 3680 5037">
    <p class='ocr_par' dir='ltr' id='par_1_121' title="bbox 2106 4964 3680 5037">
     <span class='ocr_line' id='line_1_128' title="bbox 2106 4964 3680 5037; baseline 0.001 -19"><span class='ocrx_word' id='word_1_918' title='bbox 2106 4965 2334 5026; x_wconf 88' lang='grc' dir='ltr'>ἀδικίας.</span> <span class='ocrx_word' id='word_1_919' title='bbox 2377 4964 2791 5037; x_wconf 37' lang='grc' dir='ltr'>Μυκκπλατεῖα</span> <span class='ocrx_word' id='word_1_920' title='bbox 2841 4964 2932 5018; x_wconf 65' lang='grc' dir='ltr'><strong>καί</strong></span> <span class='ocrx_word' id='word_1_921' title='bbox 2980 4966 3281 5037; x_wconf 75' lang='grc' dir='ltr'>περιτειχος</span> <span class='ocrx_word' id='word_1_922' title='bbox 3322 4982 3432 5036; x_wconf 77' lang='lat' dir='ltr'><strong>pro.</strong></span> <span class='ocrx_word' id='word_1_923' title='bbox 3456 4968 3680 5021; x_wconf 72' lang='grc' dir='ltr'>πλατεῖα</span> 
     </span>
    </p>
   </div>
   <div class='ocr_carea' id='block_1_122' title="bbox 2108 5035 3674 5105">
    <p class='ocr_par' dir='ltr' id='par_1_122' title="bbox 2108 5035 3674 5105">
     <span class='ocr_line' id='line_1_129' title="bbox 2108 5035 3674 5105; baseline 0.001 -17"><span class='ocrx_word' id='word_1_924' title='bbox 2108 5037 2201 5088; x_wconf 81' lang='grc' dir='ltr'>καὶ</span> <span class='ocrx_word' id='word_1_925' title='bbox 2231 5039 2424 5103; x_wconf 86' lang='grc' dir='ltr'>τεῖχος·</span> <span class='ocrx_word' id='word_1_926' title='bbox 2454 5035 2550 5091; x_wconf 88' lang='lat' dir='ltr'><strong>sed</strong></span> <span class='ocrx_word' id='word_1_927' title='bbox 2580 5037 2805 5105; x_wconf 86' lang='lat' dir='ltr'><strong>simplex</strong></span> <span class='ocrx_word' id='word_1_928' title='bbox 2838 5040 3011 5105; x_wconf 79' lang='grc' dir='ltr'>τεῖχος</span> <span class='ocrx_word' id='word_1_929' title='bbox 3032 5035 3193 5089; x_wconf 78' lang='lat' dir='ltr'><strong>liabet</strong></span> <span class='ocrx_word' id='word_1_930' title='bbox 3213 5035 3376 5089; x_wconf 82' lang='lat' dir='ltr'><strong>etiam</strong></span> <span class='ocrx_word' id='word_1_931' title='bbox 3403 5038 3674 5103; x_wconf 88' lang='lat' dir='ltr'><strong>Complut.</strong></span> 
     </span>
    </p>
   </div>
   <div class='ocr_carea' id='block_1_123' title="bbox 2105 5105 3676 5176">
    <p class='ocr_par' dir='ltr' id='par_1_123' title="bbox 2105 5105 3676 5176">
     <span class='ocr_line' id='line_1_130' title="bbox 2105 5105 3676 5176; baseline 0.002 -19"><span class='ocrx_word' id='word_1_932' title='bbox 2105 5105 2291 5176; x_wconf 86' lang='lat' dir='ltr'><strong>editio.</strong></span> <span class='ocrx_word' id='word_1_933' title='bbox 2334 5105 2595 5176; x_wconf 76' lang='lat' dir='ltr'><strong>Rursum,</strong></span> <span class='ocrx_word' id='word_1_934' title='bbox 2623 5107 2723 5176; x_wconf 83' lang='grc' dir='ltr'>τὴν</span> <span class='ocrx_word' id='word_1_935' title='bbox 2755 5107 2810 5159; x_wconf 85' lang='grc' dir='ltr'>δὲ</span> <span class='ocrx_word' id='word_1_936' title='bbox 2847 5105 2997 5159; x_wconf 86' lang='grc' dir='ltr'>πόλιν</span> <span class='ocrx_word' id='word_1_937' title='bbox 3025 5121 3123 5176; x_wconf 88' lang='lat' dir='ltr'><strong>pro</strong></span> <span class='ocrx_word' id='word_1_938' title='bbox 3157 5108 3250 5158; x_wconf 76' lang='grc' dir='ltr'>καὶ</span> <span class='ocrx_word' id='word_1_939' title='bbox 3283 5107 3381 5175; x_wconf 83' lang='grc' dir='ltr'>τὴν</span> <span class='ocrx_word' id='word_1_940' title='bbox 3416 5125 3473 5159; x_wconf 87' lang='grc' dir='ltr'><strong>π.</strong></span> <span class='ocrx_word' id='word_1_941' title='bbox 3511 5105 3676 5173; x_wconf 88' lang='lat' dir='ltr'><strong>Tum,</strong></span> 
     </span>
    </p>
   </div>
   <div class='ocr_carea' id='block_1_124' title="bbox 2106 5175 3672 5246">
    <p class='ocr_par' dir='ltr' id='par_1_124' title="bbox 2106 5175 3672 5246">
     <span class='ocr_line' id='line_1_131' title="bbox 2106 5175 3672 5246; baseline 0.001 -20"><span class='ocrx_word' id='word_1_942' title='bbox 2106 5175 2180 5237; x_wconf 85' lang='grc' dir='ltr'>ὡς</span> <span class='ocrx_word' id='word_1_943' title='bbox 2201 5177 2268 5246; x_wconf 16' lang='grc' dir='ltr'>κέν</span> <span class='ocrx_word' id='word_1_944' title='bbox 2300 5175 2687 5246; x_wconf 66' lang='grc' dir='ltr'>κατακλυσμῷέ</span> <span class='ocrx_word' id='word_1_945' title='bbox 2717 5186 2770 5230; x_wconf 92' lang='grc' dir='ltr'><strong>ει</strong></span> <span class='ocrx_word' id='word_1_946' title='bbox 2796 5191 2941 5238; x_wconf 84' lang='lat' dir='ltr'><strong>mox,</strong></span> <span class='ocrx_word' id='word_1_947' title='bbox 2970 5175 3119 5246; x_wconf 83' lang='grc' dir='ltr'>τάξει</span> <span class='ocrx_word' id='word_1_948' title='bbox 3142 5178 3486 5246; x_wconf 81' lang='grc' dir='ltr'>ἀφανισμοῖς.</span> <span class='ocrx_word' id='word_1_949' title='bbox 3513 5176 3672 5241; x_wconf 87' lang='lat' dir='ltr'><strong>Tum,</strong></span> 
     </span>
    </p>
   </div>
   <div class='ocr_carea' id='block_1_125' title="bbox 2104 5244 3670 5317">
    <p class='ocr_par' dir='ltr' id='par_1_125' title="bbox 2104 5244 3670 5317">
     <span class='ocr_line' id='line_1_132' title="bbox 2104 5244 3670 5317; baseline 0.003 -20"><span class='ocrx_word' id='word_1_950' title='bbox 2104 5244 2362 5317; x_wconf 78' lang='grc' dir='ltr'>διαθήκην</span> <span class='ocrx_word' id='word_1_951' title='bbox 2396 5244 2592 5317; x_wconf 81' lang='grc' dir='ltr'>πολλήν</span> <span class='ocrx_word' id='word_1_952' title='bbox 2613 5244 2709 5315; x_wconf 81' lang='lat' dir='ltr'><strong>pro</strong></span> <span class='ocrx_word' id='word_1_953' title='bbox 2740 5245 3127 5317; x_wconf 70' lang='lat' dir='ltr'><strong>8ta0.7co).).oig°</strong></span> <span class='ocrx_word' id='word_1_954' title='bbox 3160 5258 3210 5299; x_wconf 89' lang='lat' dir='ltr'><strong>et</strong></span> <span class='ocrx_word' id='word_1_955' title='bbox 3238 5244 3360 5299; x_wconf 82' lang='lat' dir='ltr'><strong>mox</strong></span> <span class='ocrx_word' id='word_1_956' title='bbox 3403 5247 3670 5317; x_wconf 89' lang='lat' dir='ltr'><strong>Complut.</strong></span> 
     </span>
    </p>
   </div>
   <div class='ocr_carea' id='block_1_126' title="bbox 2104 5316 3670 5386">
    <p class='ocr_par' dir='ltr' id='par_1_126' title="bbox 2104 5316 3670 5386">
     <span class='ocr_line' id='line_1_133' title="bbox 2104 5316 3670 5386; baseline -0.001 -17"><span class='ocrx_word' id='word_1_957' title='bbox 2104 5316 2198 5369; x_wconf 78' lang='grc' dir='ltr'>καὶ</span> <span class='ocrx_word' id='word_1_958' title='bbox 2230 5317 2286 5369; x_wconf 80' lang='grc' dir='ltr'>ὲν</span> <span class='ocrx_word' id='word_1_959' title='bbox 2318 5317 2507 5386; x_wconf 83' lang='grc' dir='ltr'>ἡμίσει</span> <span class='ocrx_word' id='word_1_960' title='bbox 2552 5316 2651 5386; x_wconf 84' lang='grc' dir='ltr'>τῆς</span> <span class='ocrx_word' id='word_1_961' title='bbox 2694 5317 2803 5386; x_wconf 67' lang='grc' dir='ltr'>εδδ.</span> <span class='ocrx_word' id='word_1_962' title='bbox 2857 5316 2990 5381; x_wconf 73' lang='lat' dir='ltr'><strong>Qua:</strong></span> <span class='ocrx_word' id='word_1_963' title='bbox 3040 5317 3292 5383; x_wconf 87' lang='lat' dir='ltr'><strong>deinceps</strong></span> <span class='ocrx_word' id='word_1_964' title='bbox 3348 5316 3670 5385; x_wconf 86' lang='lat' dir='ltr'><strong>sequuntur,</strong></span> 
     </span>
    </p>
   </div>
   <div class='ocr_carea' id='block_1_127' title="bbox 2105 5385 3671 5455">
    <p class='ocr_par' dir='ltr' id='par_1_127' title="bbox 2105 5385 3671 5455">
     <span class='ocr_line' id='line_1_134' title="bbox 2105 5385 3671 5455; baseline 0.001 -15"><span class='ocrx_word' id='word_1_965' title='bbox 2105 5401 2226 5440; x_wconf 91' lang='lat' dir='ltr'><strong>cxxm</strong></span> <span class='ocrx_word' id='word_1_966' title='bbox 2272 5385 2643 5455; x_wconf 77' lang='lat' dir='ltr'><strong>ComplutenSi</strong></span> <span class='ocrx_word' id='word_1_967' title='bbox 2691 5385 2929 5440; x_wconf 88' lang='lat' dir='ltr'><strong>editione</strong></span> <span class='ocrx_word' id='word_1_968' title='bbox 2977 5387 3133 5455; x_wconf 89' lang='lat' dir='ltr'><strong>plane</strong></span> <span class='ocrx_word' id='word_1_969' title='bbox 3176 5396 3479 5439; x_wconf 85' lang='lat' dir='ltr'><strong>consonant</strong></span> <span class='ocrx_word' id='word_1_970' title='bbox 3525 5402 3671 5440; x_wconf 75' lang='grc' dir='ltr'><strong>εει-</strong></span> 
     </span>
    </p>
   </div>
   <div class='ocr_carea' id='block_1_128' title="bbox 2105 5455 3667 5527">
    <p class='ocr_par' dir='ltr' id='par_1_128' title="bbox 2105 5455 3667 5527">
     <span class='ocr_line' id='line_1_135' title="bbox 2105 5455 3667 5527; baseline 0.002 -19"><span class='ocrx_word' id='word_1_971' title='bbox 2105 5466 2254 5524; x_wconf 90' lang='lat' dir='ltr'><strong>cepta</strong></span> <span class='ocrx_word' id='word_1_972' title='bbox 2285 5456 2477 5527; x_wconf 88' lang='lat' dir='ltr'><strong>ultima</strong></span> <span class='ocrx_word' id='word_1_973' title='bbox 2511 5456 2754 5527; x_wconf 88' lang='lat' dir='ltr'><strong>periodo,</strong></span> <span class='ocrx_word' id='word_1_974' title='bbox 2787 5471 2907 5527; x_wconf 65' lang='lat' dir='ltr'><strong>quae</strong></span> <span class='ocrx_word' id='word_1_975' title='bbox 2942 5472 2971 5509; x_wconf 90' lang='lat' dir='ltr'><strong>a</strong></span> <span class='ocrx_word' id='word_1_976' title='bbox 3000 5455 3271 5524; x_wconf 91' lang='lat' dir='ltr'><strong>Complut.</strong></span> <span class='ocrx_word' id='word_1_977' title='bbox 3302 5458 3431 5527; x_wconf 88' lang='lat' dir='ltr'><strong>edit.</strong></span> <span class='ocrx_word' id='word_1_978' title='bbox 3465 5457 3620 5511; x_wconf 86' lang='lat' dir='ltr'><strong>abest</strong></span> <span class='ocrx_word' id='word_1_979' title='bbox 3654 5476 3667 5510; x_wconf 91' lang='lat'><strong>:</strong></span> 
     </span>
    </p>
   </div>
   <div class='ocr_carea' id='block_1_129' title="bbox 2105 5526 3671 5596">
    <p class='ocr_par' dir='ltr' id='par_1_129' title="bbox 2105 5526 3671 5596">
     <span class='ocr_line' id='line_1_136' title="bbox 2105 5526 3671 5596; baseline 0.002 -18"><span class='ocrx_word' id='word_1_980' title='bbox 2105 5527 2157 5578; x_wconf 94' lang='lat' dir='ltr'><strong>in</strong></span> <span class='ocrx_word' id='word_1_981' title='bbox 2190 5526 2397 5580; x_wconf 67' lang='lat' dir='ltr'><strong>caeteris</strong></span> <span class='ocrx_word' id='word_1_982' title='bbox 2422 5526 2755 5596; x_wconf 87' lang='lat' dir='ltr'><strong>editionihus</strong></span> <span class='ocrx_word' id='word_1_983' title='bbox 2790 5526 3013 5592; x_wconf 71' lang='lat' dir='ltr'><strong>ponitur</strong></span> <span class='ocrx_word' id='word_1_984' title='bbox 3040 5540 3102 5580; x_wconf 84' lang='lat' dir='ltr'><strong>ea</strong></span> <span class='ocrx_word' id='word_1_985' title='bbox 3146 5526 3398 5593; x_wconf 85' lang='lat' dir='ltr'><strong>periodus</strong></span> <span class='ocrx_word' id='word_1_986' title='bbox 3429 5535 3550 5596; x_wconf 87' lang='lat' dir='ltr'><strong>post</strong></span> <span class='ocrx_word' id='word_1_987' title='bbox 3581 5528 3671 5581; x_wconf 84' lang='lat' dir='ltr'><strong>illa</strong></span> 
     </span>
    </p>
   </div>
   <div class='ocr_carea' id='block_1_130' title="bbox 2104 5595 3668 5668">
    <p class='ocr_par' dir='ltr' id='par_1_130' title="bbox 2104 5595 3668 5668">
     <span class='ocr_line' id='line_1_137' title="bbox 2104 5595 3668 5668; baseline 0.001 -19"><span class='ocrx_word' id='word_1_988' title='bbox 2104 5596 2423 5668; x_wconf 67' lang='lat' dir='ltr'><strong>Clementis,</strong></span> <span class='ocrx_word' id='word_1_989' title='bbox 2446 5595 2750 5666; x_wconf 81' lang='grc' dir='ltr'>δυναμώσει</span> <span class='ocrx_word' id='word_1_990' title='bbox 2781 5596 3037 5668; x_wconf 82' lang='grc' dir='ltr'>διαθήκην</span> <span class='ocrx_word' id='word_1_991' title='bbox 3068 5597 3263 5668; x_wconf 74' lang='grc' dir='ltr'>πολλὴν</span> <span class='ocrx_word' id='word_1_992' title='bbox 3290 5595 3522 5668; x_wconf 80' lang='grc' dir='ltr'>ὲόδομάς</span> <span class='ocrx_word' id='word_1_993' title='bbox 3552 5598 3668 5665; x_wconf 87' lang='grc' dir='ltr'>μία.</span> 
     </span>
    </p>
   </div>
   <div class='ocr_carea' id='block_1_131' title="bbox 2103 5664 3673 5736">
    <p class='ocr_par' dir='ltr' id='par_1_131' title="bbox 2103 5664 3673 5736">
     <span class='ocr_line' id='line_1_138' title="bbox 2103 5664 3673 5736; baseline 0.003 -19"><span class='ocrx_word' id='word_1_994' title='bbox 2103 5664 2233 5721; x_wconf 87' lang='lat' dir='ltr'><strong>Post</strong></span> <span class='ocrx_word' id='word_1_995' title='bbox 2257 5682 2320 5721; x_wconf 88' lang='lat' dir='ltr'><strong>ea</strong></span> <span class='ocrx_word' id='word_1_996' title='bbox 2353 5668 2494 5720; x_wconf 91' lang='lat' dir='ltr'><strong>enim</strong></span> <span class='ocrx_word' id='word_1_997' title='bbox 2521 5664 2684 5719; x_wconf 76' lang='lat' dir='ltr'><strong>verba</strong></span> <span class='ocrx_word' id='word_1_998' title='bbox 2728 5668 2781 5719; x_wconf 91' lang='lat' dir='ltr'><strong>in</strong></span> <span class='ocrx_word' id='word_1_999' title='bbox 2826 5664 2969 5735; x_wconf 80' lang='lat' dir='ltr'><strong>vulg.</strong></span> <span class='ocrx_word' id='word_1_1000' title='bbox 2997 5664 3343 5720; x_wconf 43' lang='lat' dir='ltr'><strong>&#39;editionibus</strong></span> <span class='ocrx_word' id='word_1_1001' title='bbox 3367 5664 3673 5736; x_wconf 82' lang='lat' dir='ltr'><strong>sequuntur</strong></span> 
     </span>
    </p>
   </div>
   <div class='ocr_carea' id='block_1_132' title="bbox 2103 5736 3673 5807">
    <p class='ocr_par' dir='ltr' id='par_1_132' title="bbox 2103 5736 3673 5807">
     <span class='ocr_line' id='line_1_139' title="bbox 2103 5736 3673 5807; baseline 0.001 -19"><span class='ocrx_word' id='word_1_1002' title='bbox 2103 5736 2206 5790; x_wconf 90' lang='lat' dir='ltr'><strong>ista</strong></span> <span class='ocrx_word' id='word_1_1003' title='bbox 2249 5756 2261 5791; x_wconf 94' lang='lat'><strong>:</strong></span> <span class='ocrx_word' id='word_1_1004' title='bbox 2297 5738 2404 5791; x_wconf 78' lang='grc' dir='ltr'><strong>Καὶ</strong></span> <span class='ocrx_word' id='word_1_1005' title='bbox 2441 5736 2610 5807; x_wconf 84' lang='grc' dir='ltr'>ἥμισυ</span> <span class='ocrx_word' id='word_1_1006' title='bbox 2643 5738 2742 5807; x_wconf 81' lang='grc' dir='ltr'>τῆς</span> <span class='ocrx_word' id='word_1_1007' title='bbox 2788 5736 3075 5805; x_wconf 73' lang='grc' dir='ltr'>ἑϐδομάδος</span> <span class='ocrx_word' id='word_1_1008' title='bbox 3115 5738 3451 5807; x_wconf 83' lang='grc' dir='ltr'>καταπαύσει</span> <span class='ocrx_word' id='word_1_1009' title='bbox 3486 5736 3673 5790; x_wconf 80' lang='grc' dir='ltr'>θυσια-</span> 
     </span>
    </p>
   </div>
   <div class='ocr_carea' id='block_1_133' title="bbox 2102 5806 3666 5887">
    <p class='ocr_par' dir='ltr' id='par_1_133' title="bbox 2102 5806 3666 5887">
     <span class='ocr_line' id='line_1_140' title="bbox 2102 5806 3666 5887; baseline 0.001 -29"><span class='ocrx_word' id='word_1_1010' title='bbox 2102 5808 2322 5887; x_wconf 78' lang='grc' dir='ltr'>στήριον</span> <span class='ocrx_word' id='word_1_1011' title='bbox 2357 5808 2449 5860; x_wconf 77' lang='grc' dir='ltr'>καὶ</span> <span class='ocrx_word' id='word_1_1012' title='bbox 2483 5806 2707 5887; x_wconf 76' lang='grc' dir='ltr'>θυσίας,</span> <span class='ocrx_word' id='word_1_1013' title='bbox 2735 5809 2830 5887; x_wconf 74' lang='grc' dir='ltr'>καὶ</span> <span class='ocrx_word' id='word_1_1014' title='bbox 2860 5807 3153 5887; x_wconf 64' lang='grc' dir='ltr'>πτερυγῐου</span> <span class='ocrx_word' id='word_1_1015' title='bbox 3195 5806 3313 5887; x_wconf 39' lang='grc' dir='ltr'>ἀπὸ.</span> <span class='ocrx_word' id='word_1_1016' title='bbox 3337 5808 3666 5887; x_wconf 37' lang='grc' dir='ltr'>ἀιφανισμοῇ,</span> 
     </span>
    </p>
   </div>
   <div class='ocr_carea' id='block_1_134' title="bbox 2102 5876 3665 5948">
    <p class='ocr_par' dir='ltr' id='par_1_134' title="bbox 2102 5876 3665 5948">
     <span class='ocr_line' id='line_1_141' title="bbox 2102 5876 3665 5948; baseline 0.001 -20"><span class='ocrx_word' id='word_1_1017' title='bbox 2102 5878 2195 5948; x_wconf 72' lang='grc' dir='ltr'>καὶ</span> <span class='ocrx_word' id='word_1_1018' title='bbox 2214 5876 2321 5941; x_wconf 65' lang='grc' dir='ltr'>’ἓως</span> <span class='ocrx_word' id='word_1_1019' title='bbox 2346 5877 2649 5948; x_wconf 79' lang='grc' dir='ltr'>συντελείας</span> <span class='ocrx_word' id='word_1_1020' title='bbox 2678 5879 2770 5929; x_wconf 75' lang='grc' dir='ltr'>καὶ</span> <span class='ocrx_word' id='word_1_1021' title='bbox 2798 5876 3030 5948; x_wconf 74' lang='grc' dir='ltr'>σπουδῆς</span> <span class='ocrx_word' id='word_1_1022' title='bbox 3060 5876 3207 5948; x_wconf 74' lang='grc' dir='ltr'>τάξει</span> <span class='ocrx_word' id='word_1_1023' title='bbox 3234 5878 3325 5928; x_wconf 74' lang='grc' dir='ltr'><strong>ἐπὶ</strong></span> <span class='ocrx_word' id='word_1_1024' title='bbox 3356 5876 3665 5948; x_wconf 71' lang='grc' dir='ltr'>ἀφανισμῷ.</span> 
     </span>
    </p>
   </div>
   <div class='ocr_carea' id='block_1_135' title="bbox 2104 5945 3669 6016">
    <p class='ocr_par' dir='ltr' id='par_1_135' title="bbox 2104 5945 3669 6016">
     <span class='ocr_line' id='line_1_142' title="bbox 2104 5945 3669 6016; baseline 0.001 -16"><span class='ocrx_word' id='word_1_1025' title='bbox 2104 5945 2535 6001; x_wconf 74' lang='lat' dir='ltr'><strong>er.aunc.—ln</strong></span> <span class='ocrx_word' id='word_1_1026' title='bbox 2583 5950 2767 6003; x_wconf 87' lang='lat' dir='ltr'><strong>codice</strong></span> <span class='ocrx_word' id='word_1_1027' title='bbox 2817 5945 3073 6001; x_wconf 83' lang='lat' dir='ltr'><strong>Vaticano</strong></span> <span class='ocrx_word' id='word_1_1028' title='bbox 3109 5947 3232 6016; x_wconf 71' lang='lat' dir='ltr'><strong>haec</strong></span> <span class='ocrx_word' id='word_1_1029' title='bbox 3286 5945 3573 6016; x_wconf 75' lang='lat' dir='ltr'><strong>postrema</strong></span> <span class='ocrx_word' id='word_1_1030' title='bbox 3614 5945 3669 6002; x_wconf 86' lang='lat' dir='ltr'><strong>in</strong></span> 
     </span>
    </p>
   </div>
   <div class='ocr_carea' id='block_1_136' title="bbox 2101 6015 3557 6092">
    <p class='ocr_par' dir='ltr' id='par_1_136' title="bbox 2101 6015 3557 6092">
     <span class='ocr_line' id='line_1_143' title="bbox 2101 6015 3557 6092; baseline 0 -20"><span class='ocrx_word' id='word_1_1031' title='bbox 2101 6020 2342 6088; x_wconf 82' lang='lat' dir='ltr'><strong>margine</strong></span> <span class='ocrx_word' id='word_1_1032' title='bbox 2377 6019 2575 6092; x_wconf 86' lang='lat' dir='ltr'><strong>scripta</strong></span> <span class='ocrx_word' id='word_1_1033' title='bbox 2606 6035 2746 6089; x_wconf 85' lang='lat' dir='ltr'><strong>esse,</strong></span> <span class='ocrx_word' id='word_1_1034' title='bbox 2778 6018 3056 6075; x_wconf 82' lang='lat' dir='ltr'><strong>adnotavit</strong></span> <span class='ocrx_word' id='word_1_1035' title='bbox 3084 6015 3255 6073; x_wconf 79' lang='lat' dir='ltr'><strong>Flam.</strong></span> <span class='ocrx_word' id='word_1_1036' title='bbox 3291 6015 3557 6077; x_wconf 76' lang='lat' dir='ltr'><strong>Nobilius.</strong></span> 
     </span>
    </p>
   </div>
  </div>
