4496 6588
877 496 986 554 839
2046 508 2438 566 CLEMENTIS
2476 507 2949 564 ALEXANDRINI
4023 507 4126 565 860

877 615 1415 706 annisseptuaginta,
1435 629 1494 674 ut
1509 625 2031 691 quaecessaritauno
2047 628 2287 682 secundo
2302 627 2450 682 Darii
2481 652 2522 706 Α
2551 627 2652 696 αίχη

2350 628 2450 682 arii
2481 652 2522 706 Α
2551 627 2901 697 αίχμαλωσία
2935 629 3028 681 ἐπὶ
3085 626 3180 697 ἐτη
3213 624 3617 696 ἑϐδομήκοντα,
3655 621 4004 698 καταλήξασα
4047 629 4125 686 εἰς

877 702 1162 776 Hystaspis
1187 707 1299 771 lilii,
1322 709 1415 776 qui
1440 707 1543 765 fuit
1558 727 1650 766 rex
1675 711 1987 780 Persarum,
2010 716 2357 786 Assyriorum
2401 728 2452 772 et
2481 702 2521 706 η
2555 716 2613 770 τὸ
2642 715 2652 767 ἑ

2346 733 2357 770 I
2401 728 2452 772 et
2481 702 2521 706 η
2555 716 2613 770 τὸ
2642 715 2891 788 δεύτερον
2922 717 3041 780 ἔτος
3095 719 3192 789 τῆς
3223 715 3446 786 Δαρείου
3493 718 3603 788 (64)
3638 718 3728 772 τοῦ
3782 717 4084 771 Ὑστάσπου
4106 759 4121 784 ,

877 795 1254 869 Δῐεγριὶοτιιιη
1277 818 1291 866 ;
1319 801 1480 871 cujus
1500 813 1762 874 tempore,
1785 817 1843 859 ut
1863 808 2019 875 prius
2034 809 2166 874 dixi,
2195 809 2450 880 Aggasus,

876 898 931 941 et
956 887 1270 957 Zacharias,
1300 893 1607 966 etAngelus
1629 897 1722 964 qui
1743 897 1846 951 fuit
1875 914 1944 953 ex
1975 901 2259 956 duodecim
2287 919 2450 971 unus,

877 981 1299 1050 prophetavere;
1321 995 1632 1039 eratantem
1661 987 1902 1056 pontifex
1922 989 2102 1058 Jesus,
2134 990 2362 1048 Josedec
2386 997 2448 1049 ti-

876 1067 1002 1123 l.us.
1034 1070 1093 1124 In
1120 1074 1360 1127 secundo
1377 1083 1557 1128 autem
1582 1091 1728 1132 anno
1753 1080 1902 1149 regni
1928 1082 2094 1146 Darii,
2124 1097 2284 1151 quem
2320 1085 2450 1140 dicit

876 1157 1183 1216 Herodotus
1213 1179 1492 1233 magorum
1529 1165 1850 1225 dissolvisse
1872 1170 2182 1241 imperium,
2213 1175 2452 1233 mittitur

876 1248 1195 1317 Zorobabel,
1214 1252 1358 1306 tilius
1383 1252 1666 1323 Salathiel,
1687 1267 1746 1311 ut
1774 1259 1971 1313 excitet
1991 1269 2044 1314 et
2066 1272 2294 1315 exornet
2311 1273 2450 1318 tem-

874 1343 1045 1411 plum,
1069 1343 1215 1411 quod
1238 1353 1356 1398 erat
1377 1343 1786 1418 Hierosolymis.
1810 1347 2153 1419 Colliguntur
2165 1363 2349 1406 autem
2368 1354 2448 1408 sic

873 1448 1095 1503 quoque
1121 1433 1415 1490 Persarum
1449 1447 1692 1508 tempora
1726 1456 1738 1491 :
1773 1440 1974 1509 Cyrus,
2008 1443 2164 1496 annis
2191 1444 2444 1514 triginta;

872 1527 1191 1597 Cambyses,
1226 1530 1635 1596 novemdecim;
1670 1529 1889 1599 Darius,
1912 1534 2282 1603 quadraginta
2319 1553 2443 1604 sex;

874 1615 1112 1680 Xerxes,
1158 1619 1352 1687 viginti
1398 1635 1524 1683 sex;
1568 1621 1900 1680 Artaxerxes
1928 1667 1944 1692 ,
1987 1629 2348 1699 quadraginta
2395 1639 2447 1685 et

875 1723 1043 1760 unum
1068 1725 1083 1774 ;
1103 1705 1323 1774 Darius,
1342 1718 1488 1774 octo;
1519 1711 1876 1781 Artaxerxes,
1898 1712 2257 1788 quadraginia
2274 1720 2441 1786 duos;

871 1799 1056 1854 Ochus
1078 1801 1162 1855 vel
1181 1801 1367 1870 Arses,
1390 1814 1518 1858 tres.
1545 1802 1890 1876 Colliguntur
1916 1820 2095 1864 autem
2124 1813 2287 1866 simul
2316 1813 2443 1866 anni

871 1900 1062 1964 regum
1077 1892 1392 1962 Persarum,
1408 1896 1626 1950 ducenti
1641 1898 1855 1967 triginta
1869 1901 2128 1970 quinque.
2146 1903 2282 1957 Cum
2297 1903 2442 1958 hunc

2553 808 2643 861 τοῦ
2673 807 2896 879 Περσῶν
2940 809 3036 860 καὶ
3072 805 3366 878 Ἀσσυρίων
3421 808 3515 861 καὶ
3561 809 3870 877 Αἰγυπτίων
3903 825 4126 879 γεγενη-

2556 898 2716 969 μένου
2745 898 3012 969 βασιλέως
3031 916 3043 928 °
3080 901 3165 968 ἐφ’
3193 894 3275 964 οὗ,
3317 899 3390 962 ὡς
3423 903 3702 970 προεῖπον,
3750 902 4000 970 Ἀγγαῖος
4031 902 4127 955 καὶ

2550 991 2848 1063 Ζαχαρίας,
2875 991 2970 1044 καὶ
2998 991 3026 1042 ὁ
3051 991 3116 1044 ὲκ
3148 991 3254 1044 τῶν
3275 989 3478 1044 δώδεκα
3503 990 3788 1059 ΙἌγγελος,
3815 992 4125 1064 προφητεύ-

2550 1098 2670 1134 ουσι
2690 1100 2702 1112 ο
2739 1083 2831 1136 καὶ
2858 1078 2923 1154 ἦν
2953 1082 3244 1155 ἀρχιερεὺς
3278 1081 3508 1153 Ἰησοῦς,
3535 1083 3563 1133 ό
3587 1083 3680 1136 τοῦ
3717 1083 3981 1140 Ἱωσεδέκ.
4007 1086 4129 1139 Κάν

2548 1171 2625 1242 τῷ
2661 1171 2892 1246 δευτέρῳ
2922 1173 3032 1226 έτει
3087 1175 3185 1244 τῆς
3233 1173 3454 1247 Δαρείου
3490 1172 3800 1244 βασιλείας,
3852 1177 3911 1230 ὃν
3963 1193 4130 1248 φησιν

2561 1262 2844 1334 Ἡρόδοτος
2897 1266 3006 1337 (65)
3048 1266 3349 1322 καταλῦσαι
3397 1268 3492 1339 τὴν
3535 1265 3645 1318 τῶν
3685 1269 3876 1336 μάγων
3927 1270 4122 1341 ἀρχὴν,

2547 1354 2936 1411 ἀποστέλλεται
2975 1357 3300 1429 Ζοροϐάϐελ,
3347 1359 3376 1410 ὁ
3427 1357 3519 1410 τοῦ
3565 1355 3868 1429 Σαλαθιὴλ,
3915 1361 4126 1431 ἐγεῖραι

2547 1445 2640 1497 καὶ
2685 1448 3054 1519 ἐπικοσμῆσαι
3098 1450 3187 1501 τὸν
3232 1448 3366 1503 νεὼν
3389 1491 3404 1515 ,
3454 1450 3544 1503 τὸν
3593 1450 3651 1502 ἐν
3713 1449 4120 1521 Ἱεροσολύμοις.

2546 1535 2875 1605 Συνάγονται
2896 1535 2988 1593 οὖν
3005 1540 3220 1592 καὶτῶν
3239 1542 3462 1612 Περσῶν
3481 1544 3529 1595 οἱ
3545 1541 3720 1614 χρόνοι
3741 1541 3901 1594 οὕτωσ
3921 1544 4129 1615 Κῦρος,

2546 1627 2640 1698 ἔτη
2696 1629 2988 1700 τριάκοντα
3018 1631 3128 1699 (66)
3151 1649 3163 1660 ·
3193 1634 3520 1706 Καμϐύσης,
3539 1635 3828 1691 δεκαεννέα
3850 1635 3959 1706 (67)
3979 1654 3992 1664 ·
4020 1641 4125 1691 Δα-

2550 1722 2707 1790 ρεῖος,
2740 1720 2798 1786 ἒξ
2813 1723 2908 1775 καὶ
2929 1724 3334 1795 τεσσαράκοντα
3351 1725 3461 1796 (68)
3476 1739 3490 1752 ’
3502 1725 3730 1799 Ξέρξης,
3752 1728 3809 1794 ἓξ
3823 1729 3916 1782 καὶ
3929 1729 4121 1782 εἴκοσι·

2559 1812 2920 1885 Ἀρταξέρξης
2941 1814 2997 1868 ἓν
3013 1817 3108 1869 καὶ
3131 1818 3553 1890 τεσσαράκοντα·
3571 1823 3816 1891 Δαρεῖος,
3834 1821 3974 1874 ὀκτώ
3991 1821 4122 1892 (69)·

2561 1905 2941 1977 Ἀρταξέρξης,
2986 1909 3518 1981 τεσσαρακονταδύοο
3581 1906 3746 1980 Ὦχος
3797 1913 3830 1983 ἢ
3893 1914 4124 1985 Ἀρσῆς,

873 1987 1058 2054 itaque
1086 1987 1307 2042 Darium
1340 1990 1653 2045 sustulisset
1689 1991 1995 2048 Alexander
2026 1994 2270 2064 Macedo,
2304 1997 2446 2052 intra
2479 2007 2522 2061 Β
2551 1997 2648 2066 τρὶ‹

2346 2007 2446 2052 ttra
2479 2007 2522 2061 Β
2551 1997 2680 2066 τρία
2706 1998 2838 2068 (70).
2877 2001 3177 2070 Συνάγεται
3200 2004 3292 2056 ἐπὶ
3322 2005 3381 2056 τὸ
3413 2004 3540 2057 αὐτὸ
3575 2003 3680 2057 τῶν
3713 2007 3997 2076 Περσικῶν
4029 2007 4121 2078 έτη

875 2080 974 2134 hos
988 2095 1161 2135 annos
1175 2097 1402 2150 regnare
1423 2082 1632 2152 incipit.
1651 2082 1911 2138 Similiter
1927 2100 2057 2156 ergo
2082 2086 2440 2142 Macedonum

871 2185 1090 2240 quoque
1123 2188 1307 2242 regum
1343 2182 1588 2242 tempora
1613 2177 1695 2228 sic
1715 2175 2076 2246 colliguntur:
2113 2180 2442 2246 Alexander,

869 2261 1028 2314 annis
1051 2261 1236 2315 decem
1265 2272 1318 2316 et
1345 2273 1502 2328 octo;
1522 2264 2078 2338 Ptolemaeus,»1<Lagi
2099 2270 2263 2331 filius,
2287 2271 2446 2325 annis

2545 2086 2796 2142 διακόσια
2843 2093 3301 2162 τριακονταπέντε
3343 2095 3475 2165 (71).
3508 2094 3762 2148 Καθελὼν
3801 2097 3858 2150 δὲ
3901 2098 3990 2150 τὸν
4023 2100 4126 2150 Δα-

2546 2179 2686 2247 ρεῖον
2711 2179 2898 2232 τοῦτον
2937 2181 3282 2253 Ἀλέξανδρος
3317 2185 3345 2236 ὁ
3389 2183 3650 2238 Μακεδὼν
3698 2187 3838 2239 κατὰ
3881 2187 3948 2240 τὰ
3991 2205 4126 2258 προ-

2544 2269 2770 2337 κείμενα
2817 2270 2951 2340 Em,
3001 2273 3306 2341 βασιλεύειν
3357 2275 3614 2346 ἄρχεται·
3649 2277 3848 2348 ὁμοίως
3890 2275 3983 2332 οὖν
4031 2281 4126 2333 καὶ⁵

867 2349 1228 2435 quadraginta
1251 2373 1264 2419 ;
1287 2352 1616 2410 Ptolemaaus
1634 2356 2045 2426 Philadelphus,
2072 2361 2231 2415 annis
2255 2362 2442 2430 viginti
2541 2357 2642 2410 τῶν

2349 2362 2442 2414 inti
2541 2357 2647 2410 τῶν
2695 2361 3080 2416 Μακεδονικῶν
3125 2364 3393 2434 βασιλέων
3439 2369 3488 2418 οἱ
3540 2368 3720 2438 χρόνοι
3770 2371 3910 2423 οὕτω
3955 2373 4124 2426 κατά-

869 2453 1072 2512 septem
1100 2434 1346 2509 ;'deinde
1393 2446 1704 2516 Evergetes,
1751 2451 1912 2504 annis
1948 2451 2137 2521 viginti
2167 2455 2441 2522 quinque:

868 2537 1067 2591 deinde
1088 2537 1426 2608 Philopator,
1456 2541 1614 2595 annis
1651 2543 2078 2611 septemdecim;
2126 2553 2251 2613 post
2280 2559 2441 2614 quem

870 2628 1202 2698 Epiphanes,
1233 2632 1389 2685 annis
1415 2632 1605 2701 viginti
1642 2641 1908 2701 quatuor;
1952 2633 2002 2686 ei
2037 2634 2283 2688 succedit
2312 2633 2438 2688 Phi-

945 2748 1003 2805 >I<
1039 2741 1102 2796 Ρ.
1125 2742 1230 2797 596
1255 2741 1364 2796 ED.
1395 2742 1693 2810 POTTEB,
1722 2744 1831 2799 552
1857 2743 1965 2799 ED.
2001 2742 2228 2800 PARIS.

870 2853 1119 2909 Lactant.
1151 2853 1242 2908 lib.
1278 2869 1349 2916 tv,
1385 2870 1434 2908 c.
1463 2855 1525 2915 5;
1552 2853 1830 2916 Cyril.vnt
1860 2856 1913 2907 in
1944 2853 2246 2916 lulianum;
2268 2853 2447 2911 Julius

869 2925 1159 2978 Africanus
1189 2923 1388 2978 Annal.
1420 2940 1487 2990 v;
1525 2923 1790 2993 Sulpitius
1816 2940 1850 2977 ιι
1888 2924 2060 2988 Hist.,
2089 2934 2143 2977 et
2171 2925 2285 2979 alii.
2308 2923 2444 2979 Nam

873 2996 918 3048 si
955 2995 1008 3048 in
1047 2997 1291 3047 secundo
1326 2993 1474 3048 Darii
1513 3010 1659 3048 anno
1681 2996 1990 3056 linirentur,
2023 3009 2247 3049 necesse
2279 3005 2443 3059 esset,

872 3074 981 3118 uta
1005 3063 1346 3118 desolatione
1374 3063 1676 3118 Jerusalem
1707 3064 1772 3118 ad
1819 3065 2055 3132 primum
2083 3063 2214 3134 Cyri
2242 3079 2443 3118 annum

871 3151 981 3189 non
1019 3134 1140 3202 plus
1167 3135 1386 3202 triginta
1422 3142 1877 3204 numerarentur,
1915 3151 2039 3189 cum
2077 3133 2438 3204 quadraginta

871 3207 942 3259 ab
966 3218 1033 3257 eo
1063 3205 1128 3256 ad
1161 3205 1459 3258 secundum
1494 3203 1640 3257 Darii
1680 3212 1976 3258 numerent
2007 3213 2258 3257 auctores
2283 3203 2446 3272 hujus

872 3275 1175 3330 sententiae.
1232 3275 1304 3326 At
1358 3283 1574 3327 constat
1638 3272 2142 3328 Nabuchodonosor
2188 3289 2446 3342 regnasse

873 3354 999 3426 post
1032 3343 1449 3428 desolatignem,
1481 3353 1540 3397 ut
1577 3345 1814 3397 traditur
1843 3342 1910 3423 ιν
1952 3342 2084 3412 Reg.
2109 3359 2249 3428 xxv;
2271 3359 2444 3428 annos
2474 3369 2518 3428 ρ

869 3412 1060 3484 viginti
1086 3412 1393 3484 oet0.P05t
1427 3429 1550 3484 eum
1580 3424 1812 3481 quatuor
1843 3414 2180 3484 imperarunt
2211 3412 2442 3467 Evilme--

870 3481 1094 3548 rollach,
1121 3481 1476 3552 Niglissarus,
1509 3481 1984 3547 Laborsadachus,
2012 3493 2065 3537 et
2098 3481 2438 3547 Nabonidns,

871 3563 926 3607 ut
965 3552 1258 3622 Josephus,
1321 3553 1713 3622 Hieronymus,
1756 3562 1811 3606 et
1853 3552 2122 3607 Eusebius
2178 3553 2442 3615 tradunt,

871 3623 1252 3692 Septemdecim
1273 3625 1432 3678 annis
1449 3642 1462 3688 ;
1478 3624 1550 3676 ita
1571 3633 1731 3676 erunt
1748 3624 1874 3676 anni
1898 3623 2257 3692 quadraginta
2281 3632 2389 3676 tres
2413 3639 2442 3676 a

869 3691 1211 3747 de’solatione
1239 3693 1542 3747 Jerusalem
1571 3709 1741 3761 usque
1765 3695 1830 3746 ad
1870 3691 2103 3762 primum
2129 3691 2276 3762 Cyri.
2301 3693 2444 3762 Ergo

869 3764 936 3818 ad
966 3765 1267 3817 secundum
1294 3764 1436 3817 Darii
1465 3764 1644 3831 plures
1681 3761 2041 3831 septuaginta.
2083 3761 2219 3816 Vide
2254 3762 2315 3816 Β.
2342 3761 2442 3818 Pe-

871 3834 1075 3886 retium
1095 3871 1110 3893 ,
1139 3833 1231 3886 lib.
1256 3848 1287 3885 x
1314 3834 1364 3886 in
1399 3831 1696 3886 Danielem.
1737 3833 2006 3886 COLLECT.

941 3904 1053 3964 (64)
1103 3902 1216 3968 Τῆς
1247 3904 1510 3971 Δαρείου.
1552 3903 1998 3956 Subaudiendum
2034 3901 2339 3972 βασιλείας⁶
2387 3914 2448 3959 ιιι

870 3974 1030 4044 paulo
1067 3983 1210 4044 post,
1232 3975 1331 4043 τῆς
1365 3973 1590 4044 Δαρείου
1626 3972 1923 4042 βασιλείας.
1961 3972 2226 4027 διἰιιυιιῦ.

945 4043 1058 4109 (65)
1103 4043 1714 4111 'dedoroottespicit
1739 4044 1998 4098 Herodoti
2027 4045 2121 4096 lib.
2153 4058 2237 4106 ιιι,
2268 4061 2318 4100 c.
2356 4044 2440 4099 70.

943 4111 1058 4183 (66)
1093 4113 1239 4183 "Em
1262 4113 1593 4183 τριάκοντα.
1623 4112 1908 4168 Consentit
1947 4115 2001 4166 in
2035 4113 2296 4168 Chronico
2331 4114 2444 4168 Eu-

873 4182 1236 4254 sebius;__évog
1265 4182 1453 4236 δέοντα
1481 4184 1789 4254 τριάκοντα,
1818 4200 2031 4254 «unum
2059 4185 2123 4237 de
2147 4185 2386 4253 triginta,
2419 4204 2438 4236 ι

873 4249 1400 4324 i_nquit_Herodotus
1425 4249 1579 4318 libII,
1612 4268 1732 4322 cap.
1761 4253 1908 4319 2M;
1951 4249 2247 4324 τριάκοντᾶ
2279 4255 2442 4324 ὀκτώ,

872 4320 1227 4389 Theophilus.

946 4391 1060 4473 (67)
1097 4395 1417 4474 Καμϐύσης
1447 4393 1792 4474 δεκαεννέα.
1840 4413 1859 4446 ι
1881 4392 2177 4516 ϐιιιιώἶὲθε
2223 4408 2446 4479 novem-

946 4477 1067 4516 crm.
1093 4479 1112 4511 ι
1143 4461 1260 4516 Νιει
1305 4475 1487 4516 notius
1528 4465 1880 4516 scribendum
1911 4473 1982 4516 stt
2008 4481 2021 4515 :
2111 4463 2362 4516 αιιϐυσης
2389 4465 2446 4516 δὲ

871 4461 1067 4534 decim.
1093 4479 1112 4511 ι
1143 4461 1260 4534 ψει
1289 4466 1487 4534 potius
1528 4465 1880 4518 scribendum
1911 4464 2037 4534 siti
2057 4461 2362 4534 Καμϐύσης
2389 4465 2446 4517 δὲ

870 4532 1049 4598 ἐννέα,
1092 4549 1110 4582 ι
1149 4532 1446 4602 Cambyses
1478 4545 1658 4586 autem
1685 4549 1900 4588 novem.
1935 4553 1954 4585 ι
1993 4532 2128 4587 Nam
2153 4532 2444 4589 Eusebius

870 4602 1127 4673 Cambysi
1160 4613 1286 4656 octo
1312 4618 1490 4657 annos
1517 4604 1726 4668 tribuit,
1754 4605 1952 4674 quibus
1979 4605 2024 4658 si
2062 4613 2267 4674 septem
2290 4621 2445 4660 men-

873 4688 960 4745 ses
986 4675 1276 4745 addantnr,
1311 4674 1511 4745 quibus
1553 4675 1698 4741 magi
1723 4684 1847 4745 ante
1875 4673 2094 4745 Darium
2126 4673 2312 4745 regno
2345 4691 2443 4745 po—

877 4743 956 4797 titi
997 4753 1159 4813 sunt,_
1174 4743 1469 4813 Cambyses
1508 4743 1802 4798 novennali
1841 4744 2016 4811 spatio
2052 4743 2307 4812 potietur.
2339 4743 2444 4798 He-

873 4813 1102 4885 rodotus
1121 4811 1379 4885 Cambysi
1413 4828 1584 4885 annos
1624 4823 1831 4882 septem
1865 4823 1920 4866 et
1958 4811 2172 4885 menses
2199 4817 2444 4885 quinque

875 4883 1085 4954 tribuit,
1119 4883 1212 4954 lib.
1249 4899 1334 4954 ιιι,
1367 4899 1486 4952 cap.
1522 4883 1620 4937 66:
1677 4885 1971 4954 Ἀπήνεικε
2011 4884 2312 4952 Καμϐύσεα
2353 4883 2444 4938 τὸν

875 4951 1082 5024 Κύρου,
1123 4951 1515 5022 βασιλεύσαντα
1548 4955 1644 5024 μὲν
1681 4956 1748 5008 τὰ
1794 4951 1973 5008 πάντα
2013 4951 2152 5007 ἑπτὰ
2181 4955 2305 5010 ἕτεα
2351 4959 2445 5009 καὶ

878 5021 1055 5093 μῆνας
1080 5021 1260 5079 πέντε.
1308 5021 1777 5093 «Ἣιιιιιιέι-ἱμιιιι
1825 5025 2103 5094 Cambysi,
2146 5025 2272 5095 Cyri
2311 5027 2441 5090 tilio,

877 5107 1000 5173 eum
1045 5106 1323 5161 regnasset
1376 5104 1584 5165 septem
1635 5097 1860 5150 omnino
1905 5111 2084 5150 annos
2131 5106 2185 5150 ει
2229 5111 2444 5150 menses

917 5178 1139 5218 untaue.
1167 5183 1186 5214 ›

875 5179 1467 5307 φῖὲἓῖῗέρεῖοςῃέξ
1505 5235 1605 5289 καὶ
1639 5235 2110 5307 τεσσαράκοντα.
2171 5236 2268 5301 Ἓξ
2310 5237 2446 5307 πρὸς

873 5305 984 5377 τοῖς
1011 5305 1328 5377 τριάκοντα,
1359 5305 1647 5361 Eusebius.
1677 5307 1822 5360 Idem
1851 5305 2040 5377 xei-x3e
2065 5307 2252 5361 tribuit
2271 5305 2445 5361 annos

877 5375 1069 5443 viginti
1117 5377 1392 5446 quinque,
1441 5388 1493 5431 et
1550 5386 1676 5444 post
1732 5391 1858 5430 eum
1907 5376 2180 5431 Artabano
2230 5392 2445 5432 menses

876 5455 1258 5518 septem,ante
1285 5462 1452 5516 quam
1477 5447 1805 5502 Artaxerxes
1834 5447 2064 5518 imperio
2091 5448 2296 5518 potitus
2323 5459 2440 5502 est:

875 5515 986 5639 fui),
1011 5517 1241 5595 perinde
1281 5515 1344 5572 ac
1369 5518 1643 5585 Clemens,
1669 5534 1844 5573 annos
1875 5515 2232 5589 quadraginta
2276 5534 2443 5572 unum

902 5601 943 5637 l'l
987 5596 1084 5639 uit.

877 5594 1084 5642 tribuit.

947 5655 1057 5724 (69)
1105 5657 1307 5713 Ὀκτώ.
1346 5657 1655 5724 Δεκαοκτὼ,
1683 5659 1974 5715 Eusebius.

944 5725 1055 5798 (70)
1088 5724 1275 5797 Ὦχος
1304 5730 1343 5797 ἣ
1395 5729 1646 5799 Ἀρσῆς,
1701 5732 1849 5799 τρία.
1899 5728 2037 5784 Ochi
2093 5730 2200 5785 duo
2247 5730 2440 5785 fuere:

872 5799 1074 5869 primo.
1104 5803 1433 5856 Artaxerxes
1470 5802 1676 5865 Ochus,
1728 5804 1814 5856 cui
1851 5800 2119 5855 Eusebius
2163 5817 2338 5856 annos
2367 5802 2446 5854 vi-

873 5868 1011 5938 ginti
1039 5886 1126 5942 sex
1167 5882 1221 5925 et
1263 5871 1370 5925 alio
1402 5873 1520 5927 loco
1561 5871 1753 5941 viginti
1778 5881 2004 5942 septeni
2029 5873 2252 5926 tribuit:
2290 5871 2440 5935 dein,

872 5947 1040 5993 Arscs
1065 5939 1268 6006 Ochus,
1318 5958 1412 5997 seu
1451 5939 1784 6007 Arsioehus,
1829 5939 1915 5998 cui
1965 5940 2234 5997 Eusebius
2268 5958 2441 5996 annos

873 6011 1009 6068 duos
1047 6022 1099 6065 et
1127 6012 1232 6066 alio
1264 6015 1385 6068 loco
1424 6024 1658 6083 quatuor
1707 6014 1872 6070 dedit.
1906 6013 2158 6069 Clemens
2204 6015 2439 6083 priorem

2542 2468 2728 2519 γονται
2748 2469 2760 2480 ·
2812 2452 3064 2517 Ἀλέξανδ
3071 2472 3161 2526 ρος
3187 2495 3201 2519 ,

3259 2456 3352 2527 ἔτη
3399 2457 3678 2511 δεκαοκτώ
3725 2460 3837 2530 (7‘2)
3858 2479 3870 2490 ·
3930 2463 4128 2516 Πτολε-

2545 2545 2698 2613 μαῖος
2723 2543 2841 2623 ,(75)
2875 2546 2902 2596 ὁ
2933 2546 3114 2613 Λα.γοῦ
3141 2547 3275 2616 (74),
3319 2549 3414 2619 ἐτη
3447 2551 3886 2620 τεσσαράκοντα·
3927 2555 4124 2606 Πτολε-

2547 2636 2704 2704 μαῑος
2741 2635 2770 2686 ὁ
2813 2635 3170 2705 Φιλάδελφος,
3225 2638 3320 2710 ἔτη
3366 2641 3682 2694 εἰκοσιεπτά
3733 2642 3880 2712 (75)”
3927 2641 4044 2697 εἶτα
4095 2648 4123 2697 ὁ

2547 2850 2779 2925 Ochum,
2816 2867 2910 2925 seu
2959 2852 3247 2925 nominum
3295 2853 3652 2908 similitudine
3677 2853 3983 2925 deceptus,
4021 2873 4116 2912 seu

2548 2922 2825 2975 memoriae
2874 2923 3049 2990 lapsu,
3090 2923 3304 2988 omisit;
3363 2934 3421 2977 ut
3463 2925 3625 2978 etiam
3676 2922 3930 2990 Darium,
3964 2928 4115 2982 Arsa:

2547 2992 2715 3045 lilium
2743 3032 2758 3057 ,
2801 3007 2987 3060 regum
3058 2990 3268 3064 Persize
3293 3003 3659 3064 postremum,
3699 2996 3792 3064 qui
3851 3012 3975 3051 cum
4024 3014 4119 3051 sex

2547 3077 2719 3116 annos
2769 3070 3082 3130 regnasset,
3123 3063 3192 3117 ab
3245 3062 3552 3117 Alexandro
3604 3062 3851 3120 devictus
3901 3075 4003 3132 est,
4061 3079 4121 3122 ut

2548 3133 2731 3184 statim
2765 3133 3035 3199 sequitur.

2620 3202 2734 3266 (7i)
2782 3200 3296 3276 τριακονταπέντε.
3343 3204 3647 3257 Δεκαπέντε
3699 3205 3908 3273 potius,
3963 3217 4118 3276 prout

2547 3270 2658 3338 jam
2684 3272 2897 3323 numeri
2927 3287 3048 3324 sese
3083 3272 3301 3326 habent.

2623 3341 2734 3414 (Ῐὲ)
2773 3340 3099 3414 Δεκαοχτῴ.
3131 3340 3370 3402 Δώδεκα,
3396 3341 3688 3414 Eusebius,
3716 3345 3938 3414 aliique.

2621 3411 2734 3478 (75)
2774 3411 3140 3482 Πτολεμαῖος
3163 3414 3194 3464 ό
3221 3412 3442 3482 Auro-5.
3480 3413 3746 3477 Quoniam
3778 3411 3926 3470 varia
3961 3429 4120 3471 erant

2550 3480 2876 3552 Lagidarum
2931 3480 3346 3535 Ptolemaeorum
3397 3484 3744 3552 cognomina,
3800 3500 3864 3538 eo
3914 3485 4117 3540 factum

2546 3561 2649 3614 est,
2681 3559 2741 3604 ut
2761 3551 2815 3604 in
2841 3551 2908 3606 iis
2930 3552 3318 3605 enumerandis
3345 3551 3590 3606 historici
3620 3569 3726 3606 non
3751 3557 4112 3609 consentiant.

2546 3621 3191 3692 Consentiuntgplerique
3237 3637 3267 3676 a
3295 3621 3424 3692 [sagi
3477 3623 3587 3675 tilio
3622 3639 3794 3692 usque
3817 3625 3882 3677 ad
3942 3627 4119 3680 Philo-

2548 3701 2777 3762 metora,
2805 3700 2863 3744 ut
2897 3690 3285 3762 Tertuﬁllianus,
3307 3690 3598 3756 EuSebius,
3627 3690 3965 3762 Epiphanius
3987 3695 4114 3762 (nisi

2546 3762 2693 3829 quod
2733 3761 2836 3832 Διιίιι
2869 3777 2994 3816 eum
3044 3760 3390 3830 Philopatora
3422 3763 3618 3832 dicat),
3664 3757 4118 3832 et'Strabo,'qui

2548 3847 2704 3904 reges
2732 3829 2854 3904 illos
2886 3829 3329 3904 successisse_a_it
3348 3872 3379 3904 ,Α
3409 3835 3537 3895 παῖς
3578 3829 3730 3904 παρα
3783 3834 3988 3904 πατρὸς
4029 3829 4118 3886 ἆεὶ

2547 3900 2934 3970 διαδεχόμενοι,
2971 3901 3237 3970 usquead
3262 3899 3919 3967 Philometora.‘Tertius,
3950 3903 4117 3956 Ever-

2548 3978 2696 4043 getes
2721 3969 3093 4043 dicituretiatn
3115 3969 3420 4043 Epiphanes
3445 3972 3496 4023 in
3527 3972 3954 4043 prologis'l‘rogi
3987 3989 4116 4027 cum

2545 4040 2763 4112 Justino
2796 4041 2991 4112 editis;
3047 4042 3125 4112 sic
3170 4041 3315 4112 enim
3363 4042 3481 4109 lego
3565 4040 3706 4095 illud
3740 4040 4113 4112 Utrulphonae.

2547 4111 2813 4182 Quartus,
2853 4109 3107 4182 Straboni
3141 4113 3170 4163 ὁ
3203 4110 3524 4182 Φιλοπᾲτωρ
3566 4113 3664 4182 τῆς
3713 4109 4116 4181 Ἀγαθοκλείας,

2545 4183 2612 4234 de
2645 4196 2756 4250 quo
2785 4179 3036 4234 Justinus
3066 4181 3158 4234 lib.
3203 4198 3330 4252 xxx.
3358 4179 3630 4252 Quintus,
3647 4183 3766 4250 ejus
3787 4179 3952 4237 Vtilius
3987 4182 4120 4252 Epi--

2545 4253 2786 4321 phanes,
2820 4251 2906 4323 (ζυί
2961 4259 3107 4302 tutor
3142 4267 3171 4304 a
3220 4251 3483 4323 Romanis
3525 4252 3696 4323 datus
3731 4252 3802 4307 Μ.
3849 4251 4111 4323 Lepidus,

2548 4319 3158 4390 inaritusCleopatrm,
3209 4322 3455 4374 Antiochi
3525 4321 3820 4390 Epiphanis
3881 4319 4112 4378 sororis.

2549 4391 2765 4454 Sextus,
2793 4389 3143 4452 Philometor,
3172 4405 3333 4459 quem
3363 4389 3603 4458 Popilius
3630 4389 3891 4448 adversus
3916 4394 4111 4448 Antio-

2547 4462 2707 4532 chum
2735 4469 2819 4514 est
2852 4469 3080 4532 tutatus.
3108 4459 3336 4532 Strabo:
3373 4461 3574 4532 Τοῦτον
3598 4461 3822 4532 ἀδελφὸς
3847 4461 4115 4528 διεδέξατο

2547 4532 2575 4584 ὁ
2603 4531 2860 4606 δεύτερος
2879 4531 3206 4606 Εὐεργέτης,
3239 4531 3297 4583 ὃν
3325 4532 3418 4606 και
3454 4531 3716 4606 Φύσκῳνα
3742 4531 4117 4606 προσαγορεύ-

2548 4617 2683 4654 ουσι.
2705 4600 2804 4655 Hic
2838 4600 3022 4654 fratris
3049 4600 3217 4653 tilium
3251 4603 3466 4655 occidit.
3485 4602 3738 4655 Justinus
3766 4600 3858 4656 lib.
3879 4600 4111 4659 xxxviii.

2551 4670 2692 4742 idem
2721 4687 2853 4739 ergo
2888 4681 2972 4726 est
2997 4671 3284 4740 Even-getes
3307 4682 3358 4723 et
3384 4672 3631 4742 Physcon
3653 4681 3708 4725 et
3743 4671 3918 4742 Soter,
3944 4674 4113 4730 frater

2548 4739 2951 4808 Philometoris,
2989 4756 3096 4794 non
3139 4739 3269 4806 duo,
3312 4751 3372 4793 ut
3403 4739 3502 4794 viri
3529 4743 3673 4796 docti
3713 4757 3836 4795 cum
3880 4741 4117 4799 Eusebio

2545 4813 2751 4884 volunt.
2802 4811 3108 4884 Septimus,
3153 4811 3273 4884 ejus
3315 4810 3458 4884 ﬁlius
3495 4814 3522 4863 ό
3561 4812 3838 4884 ᾼῨάθουρος
3885 4813 4115 4884 ἐπικλη-

2547 4881 2659 4946 οείς
2687 4881 2960 4944 Straboni,
2989 4881 3216 4952 Latyros
3245 4882 3299 4933 in
3336 4881 3556 4953 prologo
3579 4881 3957 4953 Trogi'xxxtx,
4007 4881 4118 4935 La-

2549 4953 2740 5021 thyrus
2766 4953 2912 5006 aliis.
2939 4951 3104 5021 quem
3143 4960 3318 5004 mater
3341 4951 3529 5021 iejeeit.
3574 4951 3840 5014 Octavus,
3878 4951 4116 5006 Alexan-

2547 5020 2664 5094 der,
2697 5022 2926 5094 Eusebio
2947 5020 3299 5094 tx,quem_ita
3323 5020 3390 5074 de
3419 5036 3484 5094 eo
3512 5024 3630 5094 lego
3656 5025 3708 5076 in
3731 5023 3765 5075 2
3794 5037 4106 5076 manuscr.:

2552 5111 2570 5142 ι
2607 5091 2842 5160 Expulso
2862 5092 2929 5145 de
2961 5108 3126 5160 regno
3154 5091 3436 5162 Physeone
3455 5091 3745 5147 Ptolemaeo
3763 5108 3856 5160 per
3886 5101 4114 5147 matrem

2547 5162 2907 5231 Cleopatram,
2945 5174 2998 5218 et
3051 5164 3105 5216 in
3161 5161 3399 5231 Cyprum
3438 5163 3741 5228 secedente,
3765 5162 4110 5229 Ptolemaeus,

2547 5233 2641 5300 qui
2691 5242 2744 5286 et
2788 5232 3442 5304 Alexander,_succedit.
3475 5252 3494 5285 ι
3554 5233 3778 5294 Nouus.
3843 5231 4112 5304 Lathyrus

2549 5304 2764 5366 iterum,
2807 5306 2872 5357 de
2897 5321 3007 5373 quo
3047 5305 3118 5357 ita
3149 5302 3348 5356 Euseb.
3377 5303 3636 5373 legendus
3667 5323 3679 5356 :
3712 5322 3729 5353 ι
3756 5302 3994 5356 ΡιοΙιξιιι.⁷
4017 5305 4110 5371 qui

2547 5389 2576 5426 a
2613 5383 2781 5428 matre
2816 5374 2996 5428 fuerat
3027 5375 3256 5441 ejectus,
3280 5390 3560 5442 regressus
3590 5377 3656 5426 de
3703 5374 3845 5443 fuga.
3881 5389 4110 5441 regnum

2547 5445 2819 5507 obtinuit,
2853 5449 2977 5513 quia
3027 5445 3430 5507 Alexandrum,
3463 5447 3559 5513 qui
3592 5453 3716 5496 ante
3742 5460 3862 5497 eum
3902 5445 4109 5508 fuerat,

2553 5514 2623 5568 ob
2653 5515 3082 5569 interfectionem
3128 5516 3318 5570 matris
3352 5517 3499 5570 cives
3525 5515 3862 5583 pepulerant.
3900 5534 3918 5565 ι
3960 5513 4113 5566 θεοὶ·

2547 5599 2700 5648 mus,
2734 5587 2879 5640 filius
2930 5586 3080 5653 ejus,
3122 5601 3281 5654 quem
3314 5587 3510 5639 Strabo
3568 5585 3846 5648 Auletem,
3910 5583 4109 5636 Euseb.

2545 5654 2886 5726 Dionysium.
2946 5657 3047 5708 Alii
3118 5655 3435 5727 Dionysium
3521 5655 3740 5711 fratrem
3811 5655 4113 5727 Cleopatrae

2545 5725 2772 5793 putant;
2815 5727 2907 5781 sed
2948 5728 3076 5794 quia
3112 5741 3217 5780 non
3254 5725 3348 5781 diu
3397 5729 3675 5796 regnavit,
3718 5728 3786 5780 ab
3818 5725 3943 5778 aliis
3987 5740 4106 5776 cum

2545 5796 2723 5850 Notho
2743 5808 2796 5852 et
2834 5797 3142 5850 Alexandro
3162 5797 3202 5849 ll
3256 5797 3542 5851 omittitur.
3570 5798 3843 5852 COLLECT.

2619 5869 2727 5937 (7-1)
2780 5868 2996 5936 Λιιγοῡ.
3053 5868 3409 5922 Seiibcndutn
3474 5868 3686 5935 Λάγου,
3743 5875 3803 5920 ιιι
3856 5865 4110 5920 Clemens

2547 5939 2706 5999 inira,
2734 5950 2787 5993 et
2812 5940 2925 5991 alii.

2621 6010 2730 6081 (75)
2768 6011 3142 6063 Ιίἰγηπιμττιὶ.
3179 6009 3464 6074 Eusebius,
3508 6009 3648 6062 ὀκτὼ
3677 6009 3767 6062 καὶ
3798 6011 4108 6080 τριάκοντα.
