4496 6588
410 514 508 575 σοι

1703 519 2134 579 STROMATUM
2167 523 2295 578 LIB.
2338 523 2379 578 Ι.
2436 518 2439 519 ⁷

3541 516 3651 573 86?.

407 636 734 708 Εὐεργέτης,
758 634 853 704 ἔτη
879 634 1037 687 πέντε
1070 638 1161 689 καὶ
1195 636 1397 690 εἴκοσι·
1444 631 1561 689 εἶτα
1585 640 1613 691 6
1636 641 1975 712 Φιλοπάτωρ,
2008 659 2049 714 Α
2080 646 2182 700 lom

1874 658 1975 712 ωρ,
2008 659 2049 714 Α
2080 646 2331 712 lometor,
2379 654 2432 701 et
2482 655 2674 716 regnat
2721 646 2881 701 annis
2940 645 3159 715 triginta
3212 642 3485 715 quinque;
3523 653 3648 713 post

406 728 497 799 ἔτη
531 725 927 781 ἑπτακαίδεκα·
960 726 1077 798 μεθ’
1108 729 1167 783 ὃν
1198 732 1226 783 6
1263 729 1584 800 Ἐπιφανὴς,
1618 731 1708 804 ἔτη
1734 733 1976 805 τέσσαρα

405 824 500 874 καὶ
538 819 745 871 εἴκοσι’
780 819 962 875 τοῦτον
989 821 1292 893 διαδέχεται
1319 823 1348 875 6
1381 820 1719 898 Φιλομήτωρ,
1756 826 1849 880 καὶ
1882 824 1976 894 βα-

406 911 605 965 σιλεύει
640 910 731 982 ἔτη
765 909 924 968 πέντε
949 916 1041 968 καὶ
1067 916 1393 987 τριάκοντα·
1432 915 1549 985 μεθ’
1581 918 1639 972 ὃν
1669 922 1697 972 6
1729 919 1971 983 Φύσκων,

403 1003 497 1075 ἔτη
532 1002 688 1056 ἐννέα
731 1006 823 1058 καὶ
853 1007 1022 1060 εἴκοσι
1050 1008 1194 1078 (76)·
1234 1004 1354 1060 εἶτα
1392 1009 1420 1059 6
1472 1008 1765 1083 Λάθουρος,
1794 1010 1886 1080 ἔτη
1917 1011 1973 1078 ἒξ

405 1094 496 1146 καὶ
530 1094 849 1164 τριάκοντα·
905 1095 1023 1153 εἶτα
1076 1101 1104 1151 ὁ
1162 1096 1478 1168 ἐπικληθεὶς
1526 1102 1778 1165 Διόνυσος
1805 1141 1819 1164 ,
1881 1102 1971 1174 ἔτη

404 1185 561 1239 ἐννέα
615 1189 707 1241 καὶ
754 1190 924 1243 εἰκοσι
987 1190 1133 1255 (77)·
1200 1190 1293 1241 ἐπὶ
1338 1192 1502 1244 πᾶσιν
1551 1196 1583 1264 ἡ
1638 1192 1974 1264 Κλεοπάτρα

404 1276 743 1333 ἐϐασίλευσεν
777 1283 869 1353 ἔτη
894 1282 989 1335 δύο
1018 1281 1113 1334 καὶ
1146 1281 1316 1335 εἴκοσι
1339 1300 1351 1312 ·
1382 1284 1499 1353 μεθ’
1529 1286 1596 1356 ἢν
1626 1288 1658 1356 ἡ
1686 1285 1792 1338 τῶν
1821 1288 1974 1339 Καπ-

402 1368 651 1425 παδόκων
712 1372 957 1443 βασιλεία
1018 1372 1241 1443 ἡμερῶν
1290 1374 1679 1430 ὀκτωκαίδεκα.
1732 1377 1971 1432 Γίνονται

402 1457 577 1512 τοίνυν
628 1462 718 1513 ἐπὶ
762 1462 925 1514 ταὺτὸ
975 1462 1071 1514 καὶ
1121 1463 1169 1514 οί
1216 1462 1320 1515 τῶν
1354 1466 1678 1518 Μακεδόνων
1713 1465 1972 1535 βασιλέων

400 1549 597 1620 χρόνοι,
634 1552 729 1623 ἔτη
758 1552 1049 1623 τριακόσια
1083 1552 1307 1619 δώδεκα,
1345 1557 1548 1627 ἡμέραι
1580 1556 1968 1610 ὀκτωκαίδεκα.

412 1644 839 1697 Ἀποδείκνυνται
866 1644 1041 1697 τοίνυν
1068 1648 1114 1697 οἱ
1142 1647 1233 1700 ἐπὶ
1265 1649 1491 1720 Δαρείου
1525 1649 1617 1702 τοῦ
1665 1648 1970 1702 Ὑστάσπου

399 1736 890 1807 προφητεύσαντες,
927 1738 1065 1791 κατά
1108 1739 1167 1791 τὸ
1197 1739 1445 1813 δεύτερον
1484 1741 1603 1805 ἔτος
1664 1742 1763 1811 τῆς
1820 1743 1972 1813 βασι-

397 1826 542 1891 λείας
569 1827 754 1892 αὑτοῦ,
798 1828 1047 1896 Ἀγγαῖος
1104 1832 1198 1885 καὶ
1242 1832 1533 1904 Ζαχαρίας,
1572 1835 1664 1887 καὶ
1698 1836 1725 1887 ό
1770 1836 1834 1887 ἐκ
1867 1835 1971 1887 τῶν

395 1916 600 1971 δώδεκα
637 1919 932 1987 Ἄγγελος,
970 1923 1110 1973 κατά
1162 1923 1221 1976 τὸ
1258 1924 1470 1996 πρῶτον
1502 1925 1619 1989 ἔτος
1650 1926 1749 1995 τῆς
1779 1926 1971 1996 ὀγδόης

394 2010 488 2063 καὶ
535 2011 976 2081 τεσσαρακοστῆς
1040 2012 1395 2083 Ὀλυμπιάδος
1461 2016 1967 2087 προφητεύσαντες,
2001 2016 2043 2070 Β

394 2098 751 2170 πρεσϐύτεροι
779 2095 915 2153 εἶναι
950 2099 1287 2172 Πυθαγόρου,
1310 2103 1401 2156 τοῦ
1426 2106 1565 2159 κατά
1595 2106 1691 2178 τὴν
1714 2106 1971 2178 δευτέραν

393 2192 488 2245 καὶ
552 2190 847 2263 ἑξηκοστὴν
919 2193 1259 2264 Ὀλυμπιάδα
1323 2196 1624 2266 φερομένου
1651 2215 1665 2227 ·
1730 2199 1825 2252 καὶ
1876 2200 1968 2253 τοῦ

392 2282 766 2353 πρεσϐυτάτου
800 2284 909 2337 τῶν
945 2284 1078 2355 παρ’
1109 2284 1332 2355 Ἕλλησι
1368 2285 1544 2355 σοφῶν
1586 2288 1757 2343 Θαλοῦ
1778 2331 1792 2355 ,
1840 2292 1970 2363 περὶ

391 2372 490 2442 τὴν
536 2374 904 2446 πεντηκοστὴν
969 2374 1307 2446 Ὀλυμπιάδα
1354 2377 1664 2447 γενομένου.
1704 2380 1967 2453 Συνεχρό-

393 2480 547 2517 νισαν
589 2465 646 2518 δὲ
694 2468 743 2519 οἱ
799 2468 1295 2536 συγκαταλεγέντες
1339 2471 1489 2537 σοφοὶ
1535 2471 1612 2541 τῷ
1661 2472 1843 2537 Θαλεῖ,
1892 2474 1967 2538 ῶς

394 2573 556 2627 φησιν
614 2558 850 2628 Ἀνδρων
913 2562 970 2611 ὲν
1014 2560 1091 2631 τῷ
1130 2561 1390 2630 Τρίποδι.
1458 2564 1803 2635 Ἡράκλειτος
1837 2567 1963 2638 γὰρ,

396 2648 851 2721 μεταγενέστερος
897 2650 971 2704 ῶν
1014 2651 1331 2725 Πυθαγόρου
1358 2694 1372 2716 ,
1408 2654 1682 2725 μέμνηται
1712 2657 1872 2711 αὑτοῦ
1909 2661 1966 2711 έν

390 2740 469 2810 τῷ
526 2741 938 2812 συγγράμματί.
1006 2744 1167 2798 Ὅθεν
1222 2746 1643 2817 ἀναμφιλέκτως
1705 2749 1801 2819 τῆς
1857 2749 1964 2802 τῶν

392 2833 807 2905 προειρημένων
842 2836 1131 2907 προφητῶν
1162 2838 1400 2908 ἡλικίας,
1440 2839 1535 2891 σὺν
1569 2842 1663 2893 καὶ
1686 2844 1795 2905 τοῖς
1827 2842 1965 2895 ἐπτά

390 2920 701 2992 λεγομένοις
726 2927 925 2992 σοφοῖς,
958 2927 1361 2997 προγενεστέρα
1383 2927 1449 2981 ἂν
1484 2929 1567 3001 εἴη
1591 2933 1623 3000 ἡ
1664 2931 1963 3001 Ὀλυμπιὰς

389 3013 422 3081 ἡ
462 3010 729 3081 πρώτη,ἥ
765 3012 1075 3085 καὶύστέρα
1108 3014 1214 3066 τῶν
1258 3014 1501 3069 Ἰλιακῶν
1527 3017 1798 3072 δείκνυται
1821 3020 1963 3073 ἔτεσι

390 3101 760 3171 τετρακοσίοις
807 3103 965 3155 έπτά.
1023 3104 1230 3175 Ῥᾴδιον
1283 3105 1463 3159 τοίνυν
1520 3108 1749 3163 συνιδεῖν
1810 3111 1965 3167 Σολο-

392 3190 594 3261 μῶντα,
626 3192 715 3244 τὸν
748 3192 885 3245 κατά
921 3194 1188 3248 Μενέλαον
1216 3197 1505 3267 γενόμενον
1552 3201 1600 3269 (ό
1633 3200 1689 3253 δὲ
1722 3201 1861 3255 κατά
1894 3202 1962 3256 τά

400 3282 604 3337 Ἰλιακά
646 3279 769 3354 ἦν),
819 3284 1027 3348 πολλοῖς
1073 3286 1217 3339 ἔτεσι
1277 3289 1647 3361 πρεσϐύτερον
1692 3292 1798 3345 τῶν
1831 3295 1958 3366 παρ’

391 3375 611 3446 Ἕλλησι
650 3374 844 3443 σοφῶν.
883 3376 1079 3428 Τούτου
1113 3377 1156 3429 δ’
1192 3374 1257 3433 αὖ
1290 3379 1511 3445 ὁπόσοις
1543 3380 1685 3433 ἔτεσι
1717 3384 1957 3453 Μωῦσῆς

387 3469 659 3538 προτερεῖ,
693 3469 748 3519 ὲν
777 3470 889 3530 τοῖς
934 3467 1241 3539 ἔμπροσθεν
1290 3473 1421 3541 ἡμῖν
1458 3472 1767 3543 δεδήλωται.
1814 3475 1959 3527 Ἀλέ-

388 3557 607 3628 ξανδρος
655 3558 711 3612 δὲ
773 3561 801 3611 6
853 3559 1160 3631 Πολυΐστωρ
1209 3562 1543 3633 ἐπικληθεὶς,
1578 3567 1636 3617 ὲν
1693 3564 1772 3635 τῷ
1831 3567 1958 3637 περὶ

399 3647 664 3700 Ἰουδαίων
738 3650 1128 3720 συγγράμματι
1199 3652 1503 3724 άνέγραψέν
1538 3671 1691 3719 τινας
1743 3658 1957 3708 επιστο-

384 3739 481 3803 λᾶς
534 3740 666 3809 (78),
706 3741 1045 3812 Σολομῶντος
1102 3744 1199 3813 μὲν
1249 3746 1385 3816 πρός
1454 3762 1510 3798 τε
1567 3747 1824 3817 Ούάφρην
1865 3746 1956 3799 τὸν

384 3830 658 3899 Δίγύπτου
703 3832 947 3901 βασιλέα,
984 3835 1121 3905 πρός
1170 3852 1230 3889 τε
1281 3836 1369 3888 τὸν
1413 3836 1665 3907 Φοινίκης
1709 3836 1953 3907 Τυρίων,

384 3922 481 3986 τάς
526 3939 582 3975 τε
632 3923 813 3976 αὐτῶν
855 3925 993 3995 πρὸς
1037 3925 1384 3996 Σολομῶντα·
1435 3927 1557 3981 καθ’
1600 3928 1636 3981 ἃ
1684 3928 1956 3980 δείκνυται

384 4015 414 4066 6
461 4012 557 4083 μὲν
596 4013 851 4085 Ούάφρης
903 4015 1047 4067 ὀκτὼ
1090 4018 1355 4089 μυριάδας
1397 4018 1604 4091 ἀνδρῶν
1646 4019 1957 4088 Αἰγυπτίων

384 4104 779 4166 ἀπεσταλκέναι
814 4104 961 4175 αὐτῷ
992 4108 1073 4172 εἰς
1128 4110 1418 4181 οἰκοδομὴν
1449 4110 1542 4163 τοῦ
1594 4110 1717 4164 νεώ’
1764 4112 1955 4181 ἅτερος

381 4197 439 4253 δὲ
489 4198 587 4264 τὰς
648 4198 766 4263 ῐσας
816 4198 912 4251 σὺν
948 4199 1287 4269 ἀρχιτέκτονι
1351 4202 1564 4273 Τυρίῳ.
1628 4205 1692 4256 ὲκ
1751 4205 1957 4275 μητρὸς

394 4290 687 4355 Ἰουδαίας,
755 4291 819 4342 ὲκ
869 4290 967 4361 τῆς
1029 4290 1200 4361 φυλῆς
1267 4292 1431 4346 Δαϐὶδ
1488 4293 1661 4363 (79),
1715 4295 1790 4359 ὡς
1842 4296 1956 4347 ἐκεῖ

380 4382 707 4453 γέγραπται,
741 4382 985 4454 Ὑπέρων
1012 4381 1247 4453 τοῦνομα
1277 4383 1405 4455 (80).
1442 4385 1549 4439 Ναὶ
1579 4387 1685 4457 μὴν
1727 4387 1952 4456 Ὀνομά-

450 4498 508 4554 ᾖ(
534 4491 593 4546 Ρ.
637 4494 741 4548 597
765 4493 870 4547 ED.
912 4492 1210 4559 POTTER,
1236 4496 1479 4550 ’ὁδὶ-535
1510 4496 1619 4552 ED.
1649 4497 1873 4554 PARIS.

452 4580 563 4651 (76)
610 4585 752 4654 Ἐζη
786 4585 963 4638 ἐννέα
1012 4586 1107 4640 καὶ
1135 4586 1343 4640 εἴκοσι.
1388 4586 1677 4649 Eusebius,
1727 4588 1821 4654 ἔτη
1859 4590 1944 4654 ιζ’,

452 4606 563 4651 μυ)
634 4606 752 4650 ιιτη
786 4606 963 4638 avrea
1012 4606 1343 4640 κιιιεικοσι.
1388 4606 1677 4649 LUSCINUS,
1727 4606 1783 4641 ετ
1859 4606 1944 4654 ις’,

384 4650 557 4723 μῆνας
586 4659 657 4730 ς’.
694 4653 836 4709 Idem
884 4654 1174 4730 Pto_lem.eo
1212 4656 1503 4730 Evergetze,
1539 4674 1698 4725 quem
1728 4675 1756 4711 a
1786 4606 1945 4730 TPhy-

382 4708 553 4796 saepe
575 4708 850 4796 diversum
894 4727 1040 4790 facit,
1073 4742 1247 4781 annos
1274 4708 1459 4796 viginti
1490 4708 1688 4781 iuivem
1732 4708 1942 4785 tribuit.
1980 4708 2023 4761 θ

452 4792 572 4869 (77)·
592 4792 802 4869 Ἐννέα
825 4798 922 4869 καὶ
950 4798 1161 4869 εἰκοσι.
1189 4796 1281 4852 Sic
1306 4792 1466 4853 etiam
1487 4800 1722 4869 quodam
1747 4800 1799 4854 in
1825 4800 1945 4855 loco

381 4863 684 4938 Eu_s_ebiu_s_:
713 4865 803 4917 sed
837 4867 972 4938 alias
1000 4868 1124 4938 huic
1156 4869 1266 4936 regi
1293 4863 1707 4938 triginta'aunos
1732 4872 1943 4931 tribuit.

453 4932 570 5013 (78)Δ
618 4934 1044 5013 Ἐπιστολάς-,η
1065 4932 1401 5013 δθιθιῇοιρεί
1434 4949 1501 5013 et
1534 4938 1743 5013 Hirami
1769 4941 1947 5013 #Tyrii

380 5005 639 5081 epistolas
658 5018 962 5081 memorant
996 5007 1289 5081 Menander
1309 5008 1578 5081 Ephesius
1606 5012 1747 5081 apud
1766 5005 1945 5066 Theo-

379 5072 1141 5149 philunrAiitioclieiiumtAd
1164 5072 1479 5147 Autoly'cum
1510 5082 1603 5134 lib.
1636 5072 1717 5147 in,
1742 5100 1793 5149 p.
1822 5084 1943 5149 151,

382 5142 488 5219 1⁸59..
533 5144 659 5199 edit.
690 5142 891 5219 Paris,
929 5156 983 5219 et
1024 5142 1307 5219 'Josephus
1328 5142 1673 5219 'Amiquital.
1705 5142 1942 5209 'J'tulaic:

382 5216 624 5296 lib._y'iit,
651 5214 854 5296 cap.2,
888 5217 979 5268 ubi
1016 5214 1200 5283 refert,
1234 5221 1380 5296 ipsas
1419 5214 1679 5296 epistplas
1713 5223 1767 5276 iu
1812 5222 1942 5296 Tyri

379 5286 616 5341 archivis
641 5300 740 5339 suo
765 5294 1005 5352 tempore
1028 5286 1335 5345 asservatas
1358 5289 1543 5345 fuisse.
1563 5290 1704 5345 Idem
1724 5286 1942 5351 eosdém

382 5357 845 5431 reges_;enig_mata
872 5356 972 5431 sibi
1010 5356 1241 5431 invicem
1278 5361 1512 5427 misisse,
1537 5377 1602 5415 ex
1632 5360 1714 5416 Dii
1752 5363 1939 5417 Histo-

379 5425 468 5504 ηιξ
520 5425 791 5504 ιξΙιωηῖςὶα
846 5426 1039 5491 refert,
1094 5428 1189 5481 lib.
1232 5447 1249 5484 ι
1309 5432 1465 5504 AdvL
1495 5425 1766 5504 Apionem.
1812 5436 1944 5504 Ipsae

377 5497 624 5574 epistola;
651 5498 950 5574 etiamnum
979 5507 1197 5574 esstant
1242 5504 1387 5571 apud
1427 5497 1721 5559 Eusebium
1764 5497 1936 5574 Ρνὶινρ.

379 5565 634 5639 Ευαιιρει.
664 5567 760 5623 lib.
798 5586 874 5634 Ix,
908 5584 956 5623 c.
984 5568 1049 5639 3i
1079 5578 1133 5622 et
1166 5584 1280 5639 seq.

448 5637 560 5711 _('_79)
615 5640 715 5711 Ἐκ
747 5639 856 5708 τῆς
886 5637 1086 5709 φυλῆς
1111 5637 1307 5693 Δαϐἶδ.
1349 5642 1442 5699 Sic
1464 5646 1623 5699 etiam
1654 5646 1797 5711 apud
1830 5645 1936 5699 Eu-

378 5705 588 5787 sebium
640 5705 853 5787 legitur.
875 5705 1260 5787 ﬁeriherﬁrdum
1303 5725 1457 5787 erat,
1497 5718 1559 5769 ἐκ
1609 5705 1705 5787 τῆς
1771 5717 1939 5787 φυλῆς

378 5776 505 5855 Δάν,
547 5795 564 5826 ι
594 5794 659 5832 cx
693 5776 838 5833 tribu
872 5781 1007 5855 Dan:
1044 5803 1062 5832 ι
1099 5779 1379 5855 Respexig
1402 5776 1547 5839 enim
1598 5776 1793 5841 harum-
1823 5776 1933 5855 cpi;

379 5844 642 5922 stolarum
670 5861 862 5905 auctor
902 5852 942 5905 ll
975 5844 1417 5922 Paralipftlgl'é:
1452 5875 1469 5904 ι
1502 5856 1620 5913 Misi
1647 5858 1741 5912 tibi
1767 5844 1935 5911 \iruazi

382 5913 697 5985 "rudentem
737 5932 790 5974 et
836 5913 1259 5977 scientissimum
1292 5916 1353 5976 ζ..
1390 5925 1560 5979 lilium
1593 5930 1839 5985 mulieris
1874 5928 1938 5981 de

381 5984 594 6041 tiliabus
630 5984 771 6054 Dan;
813 5993 968 6061 uzjus
1000 6004 1148 6065 pater
1186 5993 1285 6050 luit
1316 5992 1529 6063 Tyrius.
1559 6015 1578 6049 ι

2075 756 2237 809 quem
2260 738 2529 810 Physcon,
2555 741 2712 796 anuis
2741 739 2931 810 viginti
2958 754 3185 806 novem;
3211 738 3410 795 deinde
3441 738 3648 794 Lathu-

2074 848 2191 895 rus,
2218 832 2376 885 annis
2406 834 2626 903 triginta
2665 849 2788 899 sex;
2818 831 3014 887 deinde
3041 834 3132 905 qui
3157 833 3259 888 fuit
3288 833 3646 899 cognomina-

2074 934 2162 979 tus
2194 923 2506 995 Dionysius,
2540 926 2698 979 anuis
2736 925 2928 996 viginti
2980 941 3202 990 novem;
3247 934 3522 993 postrema
3562 938 3648 975 re-

2073 1018 2259 1085 gnavit
2288 1015 2577 1086 Cleopatra
2607 1016 2793 1086 viginti
2835 1015 3051 1071 duobus
3086 1016 3268 1071 annis.
3308 1001 3438 1069 Post
3472 1030 3641 1084 quam

2072 1110 2174 1164 fuit
2204 1124 2428 1179 regnum
2462 1111 2843 1179 Cappadocum
2876 1112 3178 1165 octodecim
3218 1109 3453 1163 dierum.
3483 1107 3647 1161 Fiunt

2071 1215 2202 1270 ergo
2244 1202 2404 1256 simul
2444 1203 2731 1271 conjuncta
2760 1202 3116 1257 Macedonum
3149 1210 3395 1271 tempora
3430 1213 3649 1269 regum,

2072 1294 2203 1349 anni
2221 1296 2443 1351 trecenti
2462 1296 2774 1362 duodecim,
2805 1296 2923 1352 dies
2950 1296 3275 1351 octodecim.
3296 1298 3534 1366 Apparet
3559 1309 3649 1348 er-

2073 1414 2162 1468 go,
2199 1413 2312 1461 eos,
2343 1400 2436 1470 qui
2471 1408 2717 1469 tempore
2748 1399 2915 1466 Darii,
2940 1399 3228 1471 Hystaspis
3262 1398 3376 1463 filii,
3406 1399 3651 1454 secundo

2071 1508 2219 1546 anno
2250 1493 2368 1561 ejus
2406 1495 2557 1565 regni
2602 1494 3017 1563 prophetavere,
3064 1509 3260 1563 nempe
3305 1493 3562 1562 Aggazum
3594 1500 3653 1545 et

2072 1585 2417 1648 Zachariam,
2440 1598 2494 1641 et
2522 1589 2813 1658 Angeluui,
2846 1587 2940 1657 qui
2965 1586 3065 1641 fuit
3099 1604 3166 1642 ex
3193 1585 3483 1641 duodecim
3520 1599 3649 1653 pro-

2070 1678 2249 1747 phetis
2294 1695 2468 1744 unus,
2510 1697 2632 1734 cum
2690 1682 2743 1734 in
2790 1681 2969 1750 primo
3000 1666 3169 1734 anno
3215 1678 3648 1750 quadragesima:

2070 1781 2276 1825 octavae
2322 1770 2658 1843 Olympiadis
2709 1773 3114 1843 prophetarint.
3164 1787 3286 1827 esse
3340 1771 3654 1842 Pythagora

2071 1866 2430 1935 antiquiores,
2471 1864 2565 1933 qui
2598 1864 2770 1919 fertur
2805 1866 2975 1921 fuisse
3023 1863 3363 1933 sexagesima
3407 1862 3653 1916 secunda

2071 1954 2417 2028 Olympiade;
2444 1967 2497 2012 et
2520 1955 2766 2021 Thalete,
2796 1960 2888 2023 qui
2928 1974 2997 2012 ex
3035 1956 3353 2012 Grmcorum
3387 1954 3653 2024 sapienti—

2074 2050 2175 2103 bus
2212 2049 2312 2104 l'uit
2339 2051 2785 2121 antiquissimus,
2817 2050 2911 2113 qui
2945 2049 3047 2103 fuit
3074 2050 3217 2104 circa
3250 2046 3650 2118 quinquagesi-

2076 2158 2218 2195 mam
2248 2143 2643 2213 Olympiadem.
2678 2142 2783 2209 Qui
2814 2154 2996 2197 autem
3023 2159 3146 2198 cum
3186 2142 3411 2195 Thalete
3434 2154 3652 2195 connu-

2074 2234 2269 2288 merati
2299 2244 2427 2289 sunt
2464 2236 2761 2304 sapientes,
2794 2234 3017 2291 fuerunt
3049 2234 3239 2289 eodem
3283 2242 3548 2302 tempore,
3590 2237 3651 2283 ut

2072 2326 2150 2380 ait
2178 2325 2402 2381 Andron
2441 2327 2495 2380 in
2525 2328 2771 2396 Tripode.
2804 2326 3112 2382 Heraclitus
3142 2325 3309 2390 enim,
3344 2341 3471 2380 cum
3499 2331 3649 2377 esset

2071 2415 2381 2488 Pythagora
2410 2419 2700 2487 posterior,
2734 2418 2855 2486 ejus
2884 2418 2939 2471 in
2971 2417 3086 2472 suis
3130 2417 3348 2485 scriptis
3374 2415 3653 2470 meminit-

2071 2507 2227 2563 Unde
2258 2508 2397 2564 citra
2430 2511 2887 2575 controversiam,
2932 2520 3091 2565 aetate
3128 2523 3344 2573 eorum,
3372 2507 3465 2577 qui
3492 2507 3654 2577 prius

2068 2601 2198 2662 dicti
2243 2610 2393 2668 sunt,
2417 2603 2829 2672 prophetarum,
2859 2602 3023 2657 simul
3065 2617 3189 2658 cum
3223 2601 3290 2655 iis
3321 2600 3509 2663 etiam,
3549 2599 3651 2668 qui

2069 2711 2273 2771 septem
2312 2703 2568 2759 dicuntur
2612 2705 2906 2772 sapientes,
2945 2702 3226 2771 antiquior
3266 2699 3434 2754 fuerit
3465 2698 3648 2767 prima

2067 2790 2368 2864 Olympias,
2402 2810 2523 2863 quae
2540 2794 2703 2849 etiam
2730 2794 3036 2849 ostenditur
3058 2792 3229 2848 fuisse
3252 2790 3434 2845 Iliacis
3461 2798 3648 2859 poste-

2067 2886 2214 2950 rior,
2276 2884 2694 2955 quadringentis
2764 2894 2970 2954 septem
3031 2884 3212 2938 annis.
3276 2882 3459 2938 Facile
3510 2895 3647 2951 ergo

2066 2985 2243 3047 potest
2282 2977 2537 3047 perspici,
2589 2976 2959 3043 Salomonem,
2990 2976 3084 3046 qui
3125 2975 3228 3030 fuit
3264 2984 3509 3045 tempore
3538 2972 3646 3027 Me-

2065 3067 2208 3121 nelai
2259 3068 2347 3137 (is
2383 3078 2563 3122 autem
2611 3068 2717 3123 fuit
2745 3069 3085 3137 temporibus
3122 3067 3435 3138 Troianis),
3468 3069 3645 3125 fuisse

2064 3157 2378 3212 Graecorum
2428 3159 2768 3228 sapientibus
2815 3159 3004 3213 multis
3043 3160 3203 3213 anuis
3246 3161 3639 3230 antiquiorem.

2063 3246 2140 3301 Eo
2173 3258 2355 3303 autem
2388 3264 2582 3303 rursus
2607 3259 2740 3319 quot
2764 3252 2835 3305 sit
2862 3250 3020 3305 annis
3048 3251 3198 3319 prior
3212 3250 3447 3323 Moyses,
3474 3252 3528 3307 in
3547 3254 3640 3319 iis,

1988 3362 2027 3416 ρ
2063 3355 2185 3409 quae
2242 3350 2369 3395 ante
2425 3342 2569 3396 dicta
2619 3354 2788 3408 sunt,
2838 3358 2869 3396 a
2925 3344 3085 3399 nobis
3140 3344 3477 3399 declaratum
3531 3356 3638 3400 est.

2060 3434 2371 3488 Alexander
2417 3444 2623 3498 autem,
2660 3435 2755 3504 qui
2808 3434 3120 3506 Polyhistor
3161 3445 3245 3492 est
3282 3438 3643 3507 cognomina-

2060 3536 2169 3589 tus,
2197 3527 2251 3580 in
2278 3543 2379 3582 suo
2414 3543 2580 3597 opere
2613 3528 2680 3582 de
2709 3526 2932 3592 Iudaeis,
2961 3530 3177 3599 aliquas
3199 3530 3494 3601 descripsit
3526 3531 3642 3601 epi-

2059 3620 2251 3682 stolas,
2286 3618 2597 3674 Salomouis
2638 3621 2883 3689 quidem,
2917 3632 2971 3675 et
3011 3623 3079 3675 ad
3135 3620 3404 3691 Vaphrem
3450 3638 3638 3692 regem

2059 3712 2300 3783 Egypti,
2329 3720 2383 3766 et
2404 3711 2471 3765 ad
2500 3725 2680 3781 regem
2706 3710 3003 3766 Phoenicia:
3017 3712 3332 3782 Tyriorum,
3364 3723 3419 3769 et
3444 3730 3635 3769 eorum

2059 3804 2125 3858 ad
2143 3803 2515 3868 Salomonem,
2531 3803 2585 3856 iu
2600 3803 2799 3872 quibus
2812 3804 3346 3873 ostenditurquidem
3361 3803 3636 3875 Vaphrem

2058 3894 2334 3963 octoginta
2357 3893 2528 3947 millia
2557 3892 2800 3947 virorum
2833 3892 3212 3963 Egyptiorum
3240 3892 3291 3947 ei
3323 3893 3541 3947 misisse
3569 3895 3637 3948 ad

2060 3987 2245 4056 templi
2286 3986 2734 4052 aediﬁcationem;
2766 3986 2995 4040 alterum
3035 3995 3217 4040 autem
3247 3986 3471 4041 totidem
3506 4002 3632 4041 cum

2058 4079 2359 4133 architecto
2377 4078 2565 4150 Tyrio,
2588 4094 2653 4133 ex
2677 4087 2849 4134 matre
2878 4077 3083 4137 Iudaea.
3108 4094 3172 4132 ex
3194 4078 3334 4132 tribu
3367 4077 3556 4143 David,
3574 4088 3634 4132 ut

2062 4173 2239 4235 rliillic
2265 4173 2526 4241 scriptum
2551 4182 2651 4232 est.
2682 4173 2769 4227 cui
2801 4188 2995 4227 nomen
3022 4171 3295 4243 Hyperon.
3317 4170 3629 4237 Quinetiam

2057 4263 2440 4320 Ouomacritus
2469 4266 2839 4328 Atheniensis,
2869 4266 3029 4333 cujus
3057 4266 3313 4319 dicuntur
3340 4279 3463 4319 esse
3500 4278 3633 4332 poe-

2053 4369 2199 4413 mata
2251 4374 2373 4429 quae
2411 4357 2630 4428 Orpheo
2657 4357 3033 4424 ascribuntur,
3060 4366 3307 4427 tempore
3350 4358 3629 4429 principa-

2122 4581 2231 4648 (80)
2277 4580 2537 4649 ’Υπέρων
2577 4582 2861 4649 τοῦνομα.
2900 4581 3247 4639 Architectus
3280 4584 3373 4638 hic
3418 4582 3626 4648 Hiram,

2051 4654 2133 4706 vel
2183 4649 2407 4715 Huram,
2436 4654 2613 4714 dictus
2632 4654 2813 4719 est,lll
2848 4652 2983 4722 Reg.
3015 4670 3112 4718 vu,
3151 4656 3218 4708 15
3246 4666 3299 4707 et
3338 4656 3425 4709 40.
3476 4652 3629 4709 Umle

2052 4724 2213 4793 igitur
2253 4721 2503 4795 ’Υπέρων
2539 4730 2776 4795 nomen?
2818 4721 3025 4795 scilice_t
3053 4740 3121 4778 ex
3161 4726 3403 4795 epistolae
3441 4725 3629 4795 \_'erbis

2048 4792 2329 4862 perperam
2374 4793 2592 4860 scriptis
2632 4803 2726 4847 aut
2770 4795 2944 4848 lectis.
2985 4793 3061 4847 Ea
3111 4792 3237 4848 vero
3267 4795 3406 4862 apud
3445 4792 3627 4848 Euse-

2049 4865 2193 4917 bium
2242 4863 2323 4918 sic
2367 4878 2426 4917 se
2475 4864 2679 4918 habent
2714 4883 2727 4918 :
2771 4864 3111 4918 Ἀπέσταλκά
3154 4882 3232 4916 σοι
3272 4864 3485 4934 Τυρίων
3531 4866 3631 4919 καὶ

2045 4934 2305 5005 Φοινίκων
2337 4935 2824 5005 ὀκτακισμυρίους,
2868 4936 2960 4988 καὶ
2990 4935 3344 5005 ἀρχιτέκτονά
3381 4952 3464 4988 σοι
3495 4935 3632 4989 ἁπέ-

2049 5004 2256 5078 σταλκαί
2288 5004 2587 5078 ἄνθρωπον
2623 5006 2837 5078 Τύριον,
2882 5006 2959 5078 ἐκ.
2995 5004 3199 5078 μητρὸς
3248 5006 3538 5078 Ἰουδαίας,
3565 5010 3628 5060 ἐκ

2043 5077 2143 5158 τῇς
2176 5077 2350 5158 φυλῇς
2390 5069 2489 5148 τῆς
2518 5069 2719 5158 Δαδίδ·’
2742 5077 2882 5158 ὑπέρ
2925 5069 3006 5127 ὤν’
3032 5069 3118 5127 ἄν’
3142 5076 3304 5158 αὐτὸν
3348 5069 3629 5158 ἐρωτήσῃς

2044 5147 2149 5199 τῶν
2199 5147 2303 5201 ὑπὸ
2344 5147 2454 5201 τὸν
2488 5147 2712 5230 οὐρανὸν
2762 5148 2976 5230 πάντων
3036 5147 3169 5230 ’κατ’
3199 5147 3622 5230 ἀρχιτεκτονίαν,

2045 5166 2149 5199 των
2199 5166 2303 5201 οπο
2344 5166 2435 5201 τον
2488 5166 2712 5217 ουρανον
2762 5166 2976 5199 παντων
3048 5166 3152 5198 κατ
3199 5166 3621 5272 αρχιτεκτονιαν,

2045 5220 2385 5290 ὐφηγγήπεταί
2442 5236 2541 5280 σοι,
2574 5218 2665 5272 καὶ
2710 5218 2943 5286 ποιήσει.
2986 5236 3003 5266 ι
3036 5216 3159 5272 Misi
3192 5220 3227 5272 ti
3274 5238 3283 5271 ι
3332 5218 3621 5290 Tyriorum

2042 5303 2097 5343 et
2130 5288 2452 5345 Phinnicum
2496 5298 2618 5341 octo
2668 5289 2977 5358 myriadas,
3004 5298 3059 5342 et
3106 5290 3461 5343 architectum
3498 5288 3623 5342 misi

2042 5360 2138 5413 tibi
2175 5361 2447 5415 hominem
2481 5358 2727 5429 Tyrium,
2760 5375 2828 5412 ex
2848 5358 3035 5414 Judaza
3067 5369 3256 5421 matre,
3286 5374 3315 5412 e
3340 5358 3487 5413 tribu
3525 5359 3627 5411 Da-

2042 5430 2152 5512 vid.
2188 5432 2545 5512 Quaecunque
2560 5444 2693 5512 eum.
2715 5430 3137 5512 interrogaveris
3161 5444 3352 5481 eorum
3377 5446 3500 5512 qua:
3526 5430 3628 5512 sub

2042 5502 2186 5555 crelo
2219 5512 2369 5565 sunt,
2397 5510 2450 5553 et
2480 5499 2546 5552 ad
2583 5499 3069 5555 architectonicam
3097 5508 3367 5567 spectant,
3407 5502 3496 5555 ille
3530 5499 3625 5554 tibi

2040 5574 2349 5642 explicabit,
2379 5580 2431 5625 et
2459 5570 2648 5642 elfecta
2693 5572 2862 5626 dabit.
2888 5573 3193 5642 ititemeus
3239 5571 3438 5641 legisse
3470 5571 3619 5642 vide-

2039 5640 2155 5708 tur,
2186 5646 2250 5697 ὲκ
2278 5643 2375 5712 τῆς
2423 5640 2599 5710 φυλῆς
2643 5643 2826 5712 Δαίξὶδ,
2873 5640 3143 5712 Ὑπέρων,
3178 5642 3245 5695 ἂν
3278 5640 3397 5695 αὐτ.
3430 5656 3528 5712 pro
3560 5641 3625 5693 ἐκ

2039 5707 2529 5784 τῆςφυλῆςΔαϐίδ·
2557 5707 2698 5785 ὖπὲρ
2720 5707 2794 5766 ὧν
2818 5713 2881 5766 ἂν
2907 5707 3053 5775 αύτζ,
3074 5710 3311 5783 indeque
3341 5707 3626 5785 ’ἱέπέρωνα

2041 5781 2321 5854 proprium
2374 5800 2495 5837 esse
2537 5781 2817 5840 architecti
2854 5797 3052 5836 nomen
3097 5781 3340 5852 putavit-
3378 5781 3625 5854 Quodin

2013 5881 2017 5885 -
2041 5851 2322 5911 codicibus
2344 5855 2607 5910 continuo
2637 5856 2799 5910 ductu
2829 5854 3038 5921 absque
3071 5851 3179 5909 ulla
3204 5867 3400 5906 vocum
3429 5851 3627 5906 distin-

2042 5927 2225 5982 ctione
2272 5928 2512 5983 exaratis
2558 5927 2793 5988 lucilius,
2822 5940 2987 5994 quam
3026 5924 3081 5980 in
3121 5922 3343 5987 nostris,
3375 5922 3495 5978 licri
3524 5938 3627 5995 po-

2047 6006 2167 6051 llut.
