  <div class='ocr_page' id='page_1' title='image "/cluster/home/n/w/nwhite01/storage/ocr_20150623/8/nnc1.0065752333/455.png"; bbox 0 0 4496 6588; ppageno 0'>
   <div class='ocr_carea' id='block_1_1' title="bbox 923 442 1020 494">
    <p class='ocr_par' dir='ltr' id='par_1_1' title="bbox 923 442 1020 494">
     <span class='ocr_line' id='line_1_1' title="bbox 923 442 1020 494; baseline 0.021 -2"><span class='ocrx_word' id='word_1_1' title='bbox 923 442 1020 494; x_wconf 77' lang='lat'><strong>87!</strong></span> 
     </span>
    </p>
   </div>
   <div class='ocr_carea' id='block_1_2' title="bbox 2116 437 3019 498">
    <p class='ocr_par' dir='ltr' id='par_1_2' title="bbox 2116 437 3019 498">
     <span class='ocr_line' id='line_1_2' title="bbox 2116 437 3019 498; baseline -0.003 1"><span class='ocrx_word' id='word_1_2' title='bbox 2116 437 2506 498; x_wconf 81' lang='lat' dir='ltr'><strong>CLEMEN&#39;I‘IS</strong></span> <span class='ocrx_word' id='word_1_3' title='bbox 2546 437 3019 496; x_wconf 66' lang='lat' dir='ltr'><strong>ALEXANDIIINI</strong></span> 
     </span>
    </p>
   </div>
   <div class='ocr_carea' id='block_1_3' title="bbox 4061 455 4169 512">
    <p class='ocr_par' dir='ltr' id='par_1_3' title="bbox 4061 455 4169 512">
     <span class='ocr_line' id='line_1_3' title="bbox 4061 455 4169 512; baseline 0.009 -1"><span class='ocrx_word' id='word_1_4' title='bbox 4061 455 4169 512; x_wconf 66' lang='grc' dir='ltr'>ειη</span> 
     </span>
    </p>
   </div>
   <div class='ocr_carea' id='block_1_4' title="bbox 921 555 2696 638">
    <p class='ocr_par' dir='ltr' id='par_1_4' title="bbox 921 555 2690 633">
     <span class='ocr_line' id='line_1_4' title="bbox 921 555 2690 633; baseline -0.001 -21"><span class='ocrx_word' id='word_1_5' title='bbox 921 555 1112 625; x_wconf 63' lang='lat' dir='ltr'><strong>Iacob,</strong></span> <span class='ocrx_word' id='word_1_6' title='bbox 1139 558 1233 629; x_wconf 99' lang='lat' dir='ltr'><strong>qui</strong></span> <span class='ocrx_word' id='word_1_7' title='bbox 1275 569 1460 632; x_wconf 88' lang='lat' dir='ltr'><strong>aperte</strong></span> <span class='ocrx_word' id='word_1_8' title='bbox 1488 576 1593 617; x_wconf 92' lang='lat' dir='ltr'><strong>non</strong></span> <span class='ocrx_word' id='word_1_9' title='bbox 1634 576 1810 632; x_wconf 85' lang='lat' dir='ltr'><strong>pauca</strong></span> <span class='ocrx_word' id='word_1_10' title='bbox 1842 577 1910 617; x_wconf 77' lang='lat' dir='ltr'><strong>ex</strong></span> <span class='ocrx_word' id='word_1_11' title='bbox 1931 560 2150 629; x_wconf 83' lang='lat' dir='ltr'><strong>futuris,</strong></span> <span class='ocrx_word' id='word_1_12' title='bbox 2177 573 2231 618; x_wconf 90' lang='lat' dir='ltr'><strong>et</strong></span> <span class='ocrx_word' id='word_1_13' title='bbox 2267 564 2354 630; x_wconf 91' lang='lat' dir='ltr'><strong>iis,</strong></span> <span class='ocrx_word' id='word_1_14' title='bbox 2381 576 2501 633; x_wconf 72' lang='lat' dir='ltr'><strong>quae</strong></span> <span class='ocrx_word' id='word_1_15' title='bbox 2528 568 2576 626; x_wconf 73' lang='grc' dir='ltr'>Α</span> <span class='ocrx_word' id='word_1_16' title='bbox 2603 561 2690 612; x_wconf 80' lang='grc' dir='ltr'>ὲνε</span> 
     </span>
    </p>
   </div>
   <div class='ocr_carea' id='block_1_5' title="bbox 2396 555 4171 638">
    <p class='ocr_par' dir='ltr' id='par_1_5' title="bbox 2396 560 4171 638">
     <span class='ocr_line' id='line_1_5' title="bbox 2396 560 4171 638; baseline 0.006 -28"><span class='ocrx_word' id='word_1_17' title='bbox 2396 576 2501 633; x_wconf 65' lang='lat' dir='ltr'><strong>luae</strong></span> <span class='ocrx_word' id='word_1_18' title='bbox 2528 568 2576 626; x_wconf 72' lang='grc' dir='ltr'>Α</span> <span class='ocrx_word' id='word_1_19' title='bbox 2603 560 2913 616; x_wconf 76' lang='grc' dir='ltr'><strong>ἐνεστώτων</strong></span> <span class='ocrx_word' id='word_1_20' title='bbox 2962 562 3364 633; x_wconf 75' lang='grc' dir='ltr'><strong>προφαίνοντες.</strong></span> <span class='ocrx_word' id='word_1_21' title='bbox 3405 565 3508 619; x_wconf 79' lang='grc' dir='ltr'><strong>Σὺν</strong></span> <span class='ocrx_word' id='word_1_22' title='bbox 3528 566 3585 622; x_wconf 84' lang='grc' dir='ltr'>δὲ</span> <span class='ocrx_word' id='word_1_23' title='bbox 3609 565 3687 638; x_wconf 77' lang='grc' dir='ltr'><strong>τῷ</strong></span> <span class='ocrx_word' id='word_1_24' title='bbox 3714 564 3898 638; x_wconf 81' lang='grc' dir='ltr'>Νόμῳ,</span> <span class='ocrx_word' id='word_1_25' title='bbox 3933 567 4171 638; x_wconf 74' lang='grc' dir='ltr'><strong>Μωῦσῆς</strong></span> 
     </span>
    </p>
   </div>
   <div class='ocr_carea' id='block_1_6' title="bbox 919 653 2491 727">
    <p class='ocr_par' dir='ltr' id='par_1_6' title="bbox 919 653 2491 727">
     <span class='ocr_line' id='line_1_6' title="bbox 919 653 2491 727; baseline 0.003 -19"><span class='ocrx_word' id='word_1_26' title='bbox 919 653 1032 724; x_wconf 83' lang='lat' dir='ltr'><strong>jam</strong></span> <span class='ocrx_word' id='word_1_27' title='bbox 1071 654 1367 720; x_wconf 86' lang='lat' dir='ltr'><strong>instabant,</strong></span> <span class='ocrx_word' id='word_1_28' title='bbox 1398 656 1926 726; x_wconf 63' lang='lat' dir='ltr'><strong>praesigniﬁcabant;</strong></span> <span class='ocrx_word' id='word_1_29' title='bbox 1961 656 2096 727; x_wconf 87' lang='lat' dir='ltr'><strong>legis</strong></span> <span class='ocrx_word' id='word_1_30' title='bbox 2139 667 2322 714; x_wconf 89' lang='lat' dir='ltr'><strong>autem</strong></span> <span class='ocrx_word' id='word_1_31' title='bbox 2350 667 2491 714; x_wconf 90' lang='lat' dir='ltr'><strong>tem-</strong></span> 
     </span>
    </p>
   </div>
   <div class='ocr_carea' id='block_1_7' title="bbox 923 746 2492 819">
    <p class='ocr_par' dir='ltr' id='par_1_7' title="bbox 923 746 2492 819">
     <span class='ocr_line' id='line_1_7' title="bbox 923 746 2492 819; baseline 0.001 -19"><span class='ocrx_word' id='word_1_32' title='bbox 923 759 1078 814; x_wconf 88' lang='lat' dir='ltr'><strong>pore,</strong></span> <span class='ocrx_word' id='word_1_33' title='bbox 1128 746 1338 819; x_wconf 84' lang='lat' dir='ltr'><strong>Moyses</strong></span> <span class='ocrx_word' id='word_1_34' title='bbox 1378 754 1432 801; x_wconf 88' lang='lat' dir='ltr'><strong>et</strong></span> <span class='ocrx_word' id='word_1_35' title='bbox 1470 748 1650 800; x_wconf 84' lang='lat' dir='ltr'><strong>Aaron</strong></span> <span class='ocrx_word' id='word_1_36' title='bbox 1682 764 1698 813; x_wconf 84' lang='lat'><strong>;</strong></span> <span class='ocrx_word' id='word_1_37' title='bbox 1762 757 1888 818; x_wconf 88' lang='lat' dir='ltr'><strong>post</strong></span> <span class='ocrx_word' id='word_1_38' title='bbox 1919 761 2057 816; x_wconf 87' lang='lat' dir='ltr'><strong>quos</strong></span> <span class='ocrx_word' id='word_1_39' title='bbox 2098 749 2492 816; x_wconf 83' lang='lat' dir='ltr'><strong>prophetavere</strong></span> 
     </span>
    </p>
   </div>
   <div class='ocr_carea' id='block_1_8' title="bbox 918 831 2488 903">
    <p class='ocr_par' dir='ltr' id='par_1_8' title="bbox 918 831 2488 903">
     <span class='ocr_line' id='line_1_8' title="bbox 918 831 2488 903; baseline 0.003 -14"><span class='ocrx_word' id='word_1_40' title='bbox 918 831 1084 892; x_wconf 84' lang='lat' dir='ltr'><strong>Jesus</strong></span> <span class='ocrx_word' id='word_1_41' title='bbox 1116 837 1257 891; x_wconf 80' lang='lat' dir='ltr'><strong>ﬁlius</strong></span> <span class='ocrx_word' id='word_1_42' title='bbox 1305 834 1474 901; x_wconf 86' lang='lat' dir='ltr'><strong>Nave,</strong></span> <span class='ocrx_word' id='word_1_43' title='bbox 1524 836 1770 903; x_wconf 84' lang='lat' dir='ltr'><strong>Samuel,</strong></span> <span class='ocrx_word' id='word_1_44' title='bbox 1804 836 1938 900; x_wconf 86' lang='lat' dir='ltr'><strong>Gad,</strong></span> <span class='ocrx_word' id='word_1_45' title='bbox 1989 835 2224 900; x_wconf 81' lang='lat' dir='ltr'><strong>Nathan,</strong></span> <span class='ocrx_word' id='word_1_46' title='bbox 2264 839 2488 902; x_wconf 85' lang='lat' dir='ltr'><strong>Achias,</strong></span> 
     </span>
    </p>
   </div>
   <div class='ocr_carea' id='block_1_9' title="bbox 921 923 2489 994">
    <p class='ocr_par' dir='ltr' id='par_1_9' title="bbox 921 923 2489 994">
     <span class='ocr_line' id='line_1_9' title="bbox 921 923 2489 994; baseline 0.001 -14"><span class='ocrx_word' id='word_1_47' title='bbox 921 923 1184 991; x_wconf 71' lang='lat' dir='ltr'><strong>Samaaas,</strong></span> <span class='ocrx_word' id='word_1_48' title='bbox 1233 923 1395 993; x_wconf 83' lang='lat' dir='ltr'><strong>Jehu,</strong></span> <span class='ocrx_word' id='word_1_49' title='bbox 1443 925 1610 994; x_wconf 86' lang='lat' dir='ltr'><strong>Elias,</strong></span> <span class='ocrx_word' id='word_1_50' title='bbox 1660 927 1930 992; x_wconf 69' lang='lat' dir='ltr'><strong>Michzeas,</strong></span> <span class='ocrx_word' id='word_1_51' title='bbox 1973 927 2185 990; x_wconf 87' lang='lat' dir='ltr'><strong>Abdiu,</strong></span> <span class='ocrx_word' id='word_1_52' title='bbox 2239 925 2489 994; x_wconf 75' lang='lat' dir='ltr'><strong>Elisa-us,</strong></span> 
     </span>
    </p>
   </div>
   <div class='ocr_carea' id='block_1_10' title="bbox 921 1016 2494 1084">
    <p class='ocr_par' dir='ltr' id='par_1_10' title="bbox 921 1016 2494 1084">
     <span class='ocr_line' id='line_1_10' title="bbox 921 1016 2494 1084; baseline 0.004 -16"><span class='ocrx_word' id='word_1_53' title='bbox 921 1017 1267 1084; x_wconf 77' lang='lat' dir='ltr'><strong>Abdadonai,</strong></span> <span class='ocrx_word' id='word_1_54' title='bbox 1297 1019 1483 1084; x_wconf 82' lang='lat' dir='ltr'><strong>Amos,</strong></span> <span class='ocrx_word' id='word_1_55' title='bbox 1510 1017 1704 1083; x_wconf 91' lang='lat' dir='ltr'><strong>Isaias,</strong></span> <span class='ocrx_word' id='word_1_56' title='bbox 1737 1016 1890 1080; x_wconf 88' lang='lat' dir='ltr'><strong>Osee,</strong></span> <span class='ocrx_word' id='word_1_57' title='bbox 1925 1016 2116 1083; x_wconf 80' lang='lat' dir='ltr'><strong>Jonas,</strong></span> <span class='ocrx_word' id='word_1_58' title='bbox 2158 1017 2297 1082; x_wconf 77' lang='lat' dir='ltr'><strong>Joel,</strong></span> <span class='ocrx_word' id='word_1_59' title='bbox 2340 1019 2494 1075; x_wconf 69' lang='lat' dir='ltr'><strong>lere-</strong></span> 
     </span>
    </p>
   </div>
   <div class='ocr_carea' id='block_1_11' title="bbox 921 1108 2492 1181">
    <p class='ocr_par' dir='ltr' id='par_1_11' title="bbox 921 1108 2492 1181">
     <span class='ocr_line' id='line_1_11' title="bbox 921 1108 2492 1181; baseline 0.005 -22"><span class='ocrx_word' id='word_1_60' title='bbox 921 1109 1084 1172; x_wconf 84' lang='lat' dir='ltr'><strong>niias,</strong></span> <span class='ocrx_word' id='word_1_61' title='bbox 1124 1110 1428 1181; x_wconf 90' lang='lat' dir='ltr'><strong>Sophonias</strong></span> <span class='ocrx_word' id='word_1_62' title='bbox 1490 1112 1634 1167; x_wconf 81' lang='lat' dir='ltr'><strong>ﬁlius</strong></span> <span class='ocrx_word' id='word_1_63' title='bbox 1663 1112 1814 1174; x_wconf 89' lang='lat' dir='ltr'><strong>Buzi,</strong></span> <span class='ocrx_word' id='word_1_64' title='bbox 1845 1109 2119 1176; x_wconf 80' lang='lat' dir='ltr'><strong>Ezechiel,</strong></span> <span class='ocrx_word' id='word_1_65' title='bbox 2152 1108 2331 1176; x_wconf 90' lang='lat' dir='ltr'><strong>Urias,</strong></span> <span class='ocrx_word' id='word_1_66' title='bbox 2359 1112 2492 1166; x_wconf 86' lang='lat' dir='ltr'><strong>Am-</strong></span> 
     </span>
    </p>
   </div>
   <div class='ocr_carea' id='block_1_12' title="bbox 917 1198 2492 1272">
    <p class='ocr_par' dir='ltr' id='par_1_12' title="bbox 917 1198 2492 1272">
     <span class='ocr_line' id='line_1_12' title="bbox 917 1198 2492 1272; baseline 0.002 -19"><span class='ocrx_word' id='word_1_67' title='bbox 917 1198 1139 1267; x_wconf 86' lang='lat' dir='ltr'><strong>bacum,</strong></span> <span class='ocrx_word' id='word_1_68' title='bbox 1167 1200 1399 1267; x_wconf 85' lang='lat' dir='ltr'><strong>Nahum,</strong></span> <span class='ocrx_word' id='word_1_69' title='bbox 1442 1201 1653 1267; x_wconf 86' lang='lat' dir='ltr'><strong>Daniel,</strong></span> <span class='ocrx_word' id='word_1_70' title='bbox 1686 1200 1871 1255; x_wconf 86' lang='lat' dir='ltr'><strong>Misael</strong></span> <span class='ocrx_word' id='word_1_71' title='bbox 1918 1203 2012 1270; x_wconf 89' lang='lat' dir='ltr'><strong>qui</strong></span> <span class='ocrx_word' id='word_1_72' title='bbox 2045 1212 2272 1272; x_wconf 62' lang='lat' dir='ltr'><strong>prmerat</strong></span> <span class='ocrx_word' id='word_1_73' title='bbox 2320 1204 2492 1257; x_wconf 90' lang='lat' dir='ltr'><strong>ratio-</strong></span> 
     </span>
    </p>
   </div>
   <div class='ocr_carea' id='block_1_13' title="bbox 918 1290 2488 1364">
    <p class='ocr_par' dir='ltr' id='par_1_13' title="bbox 918 1290 2488 1364">
     <span class='ocr_line' id='line_1_13' title="bbox 918 1290 2488 1364; baseline 0.004 -20"><span class='ocrx_word' id='word_1_74' title='bbox 918 1290 1103 1359; x_wconf 87' lang='lat' dir='ltr'><strong>nibus,</strong></span> <span class='ocrx_word' id='word_1_75' title='bbox 1127 1294 1373 1364; x_wconf 73' lang='lat' dir='ltr'><strong>Aggazus,</strong></span> <span class='ocrx_word' id='word_1_76' title='bbox 1412 1292 1729 1358; x_wconf 82' lang='lat' dir='ltr'><strong>Zacharias,</strong></span> <span class='ocrx_word' id='word_1_77' title='bbox 1760 1301 1814 1347; x_wconf 88' lang='lat' dir='ltr'><strong>et</strong></span> <span class='ocrx_word' id='word_1_78' title='bbox 1848 1293 2108 1364; x_wconf 83' lang='lat' dir='ltr'><strong>Angelus,</strong></span> <span class='ocrx_word' id='word_1_79' title='bbox 2138 1296 2231 1363; x_wconf 91' lang='lat' dir='ltr'><strong>qui</strong></span> <span class='ocrx_word' id='word_1_80' title='bbox 2269 1305 2389 1348; x_wconf 90' lang='lat' dir='ltr'><strong>erat</strong></span> <span class='ocrx_word' id='word_1_81' title='bbox 2419 1310 2488 1350; x_wconf 74' lang='lat' dir='ltr'><strong>ex</strong></span> 
     </span>
    </p>
   </div>
   <div class='ocr_carea' id='block_1_14' title="bbox 913 1382 2490 1455">
    <p class='ocr_par' dir='ltr' id='par_1_14' title="bbox 913 1382 2490 1455">
     <span class='ocr_line' id='line_1_14' title="bbox 913 1382 2490 1455; baseline 0.003 -19"><span class='ocrx_word' id='word_1_82' title='bbox 913 1382 1200 1438; x_wconf 79' lang='lat' dir='ltr'><strong>duodecim</strong></span> <span class='ocrx_word' id='word_1_83' title='bbox 1240 1399 1402 1438; x_wconf 90' lang='lat' dir='ltr'><strong>unus.</strong></span> <span class='ocrx_word' id='word_1_84' title='bbox 1435 1383 1575 1438; x_wconf 90' lang='lat' dir='ltr'><strong>Sunt</strong></span> <span class='ocrx_word' id='word_1_85' title='bbox 1618 1392 1800 1438; x_wconf 87' lang='lat' dir='ltr'><strong>autem</strong></span> <span class='ocrx_word' id='word_1_86' title='bbox 1848 1399 2038 1439; x_wconf 90' lang='lat' dir='ltr'><strong>omnes</strong></span> <span class='ocrx_word' id='word_1_87' title='bbox 2084 1385 2364 1455; x_wconf 65' lang='lat' dir='ltr'><strong>prophetae</strong></span> <span class='ocrx_word' id='word_1_88' title='bbox 2391 1389 2490 1442; x_wconf 91' lang='lat' dir='ltr'><strong>tri-</strong></span> 
     </span>
    </p>
   </div>
   <div class='ocr_carea' id='block_1_15' title="bbox 913 1473 2489 1547">
    <p class='ocr_par' dir='ltr' id='par_1_15' title="bbox 913 1473 2489 1547">
     <span class='ocr_line' id='line_1_15' title="bbox 913 1473 2489 1547; baseline 0.003 -20"><span class='ocrx_word' id='word_1_89' title='bbox 913 1475 1064 1544; x_wconf 77' lang='lat' dir='ltr'><strong>ginta</strong></span> <span class='ocrx_word' id='word_1_90' title='bbox 1099 1475 1355 1544; x_wconf 91' lang='lat' dir='ltr'><strong>quinque.</strong></span> <span class='ocrx_word' id='word_1_91' title='bbox 1394 1473 1472 1528; x_wconf 79' lang='lat' dir='ltr'><strong>Ex</strong></span> <span class='ocrx_word' id='word_1_92' title='bbox 1503 1475 1824 1530; x_wconf 84' lang='lat' dir='ltr'><strong>mulieribus</strong></span> <span class='ocrx_word' id='word_1_93' title='bbox 1852 1485 2032 1529; x_wconf 90' lang='lat' dir='ltr'><strong>autem</strong></span> <span class='ocrx_word' id='word_1_94' title='bbox 2061 1476 2210 1546; x_wconf 89' lang='lat' dir='ltr'><strong>(nam</strong></span> <span class='ocrx_word' id='word_1_95' title='bbox 2248 1493 2326 1532; x_wconf 65' lang='lat' dir='ltr'><strong>ea:</strong></span> <span class='ocrx_word' id='word_1_96' title='bbox 2349 1493 2489 1547; x_wconf 86' lang='lat' dir='ltr'><strong>quo-</strong></span> 
     </span>
    </p>
   </div>
   <div class='ocr_carea' id='block_1_16' title="bbox 908 1565 2483 1636">
    <p class='ocr_par' dir='ltr' id='par_1_16' title="bbox 908 1565 2483 1636">
     <span class='ocr_line' id='line_1_16' title="bbox 908 1565 2483 1636; baseline 0.004 -19"><span class='ocrx_word' id='word_1_97' title='bbox 908 1580 1021 1632; x_wconf 90' lang='lat' dir='ltr'><strong>que</strong></span> <span class='ocrx_word' id='word_1_98' title='bbox 1082 1567 1522 1634; x_wconf 84' lang='lat' dir='ltr'><strong>prophetabant),</strong></span> <span class='ocrx_word' id='word_1_99' title='bbox 1575 1565 1733 1633; x_wconf 85' lang='lat' dir='ltr'><strong>Sara,</strong></span> <span class='ocrx_word' id='word_1_100' title='bbox 1784 1575 1839 1621; x_wconf 90' lang='lat' dir='ltr'><strong>et</strong></span> <span class='ocrx_word' id='word_1_101' title='bbox 1879 1565 2152 1633; x_wconf 86' lang='lat' dir='ltr'><strong>Rebecca,</strong></span> <span class='ocrx_word' id='word_1_102' title='bbox 2195 1577 2251 1624; x_wconf 91' lang='lat' dir='ltr'><strong>et</strong></span> <span class='ocrx_word' id='word_1_103' title='bbox 2291 1568 2483 1636; x_wconf 84' lang='lat' dir='ltr'><strong>Maria,</strong></span> 
     </span>
    </p>
   </div>
   <div class='ocr_carea' id='block_1_17' title="bbox 910 1655 2483 1731">
    <p class='ocr_par' dir='ltr' id='par_1_17' title="bbox 910 1655 2483 1731">
     <span class='ocr_line' id='line_1_17' title="bbox 910 1655 2483 1731; baseline 0.006 -24"><span class='ocrx_word' id='word_1_104' title='bbox 910 1655 1180 1721; x_wconf 85' lang='lat' dir='ltr'><strong>Debbora,</strong></span> <span class='ocrx_word' id='word_1_105' title='bbox 1215 1663 1276 1721; x_wconf 70' lang='lat'><strong>&gt;14</strong></span> <span class='ocrx_word' id='word_1_106' title='bbox 1317 1667 1372 1712; x_wconf 89' lang='lat' dir='ltr'><strong>et</strong></span> <span class='ocrx_word' id='word_1_107' title='bbox 1402 1658 1558 1714; x_wconf 86' lang='lat' dir='ltr'><strong>Olda.</strong></span> <span class='ocrx_word' id='word_1_108' title='bbox 1598 1659 1802 1714; x_wconf 87' lang='lat' dir='ltr'><strong>Deinde</strong></span> <span class='ocrx_word' id='word_1_109' title='bbox 1838 1659 1986 1714; x_wconf 75' lang='lat' dir='ltr'><strong>circa</strong></span> <span class='ocrx_word' id='word_1_110' title='bbox 2015 1661 2205 1714; x_wconf 90' lang='lat' dir='ltr'><strong>eadem</strong></span> <span class='ocrx_word' id='word_1_111' title='bbox 2241 1671 2483 1731; x_wconf 87' lang='lat' dir='ltr'><strong>tempora</strong></span> 
     </span>
    </p>
   </div>
   <div class='ocr_carea' id='block_1_18' title="bbox 908 1748 2482 1822">
    <p class='ocr_par' dir='ltr' id='par_1_18' title="bbox 908 1748 2482 1822">
     <span class='ocr_line' id='line_1_18' title="bbox 908 1748 2482 1822; baseline 0.004 -22"><span class='ocrx_word' id='word_1_112' title='bbox 908 1749 1254 1817; x_wconf 77' lang='lat' dir='ltr'><strong>prophetarit</strong></span> <span class='ocrx_word' id='word_1_113' title='bbox 1277 1748 1517 1806; x_wconf 83' lang='lat' dir='ltr'><strong>Joannes</strong></span> <span class='ocrx_word' id='word_1_114' title='bbox 1561 1767 1738 1822; x_wconf 88' lang='lat' dir='ltr'><strong>usque</strong></span> <span class='ocrx_word' id='word_1_115' title='bbox 1771 1753 1838 1806; x_wconf 88' lang='lat' dir='ltr'><strong>ad</strong></span> <span class='ocrx_word' id='word_1_116' title='bbox 1891 1753 2223 1822; x_wconf 76' lang='lat' dir='ltr'><strong>baptismum</strong></span> <span class='ocrx_word' id='word_1_117' title='bbox 2278 1755 2482 1808; x_wconf 85' lang='lat' dir='ltr'><strong>saluta-</strong></span> 
     </span>
    </p>
   </div>
   <div class='ocr_carea' id='block_1_19' title="bbox 913 1837 2476 1904">
    <p class='ocr_par' dir='ltr' id='par_1_19' title="bbox 913 1837 2476 1904">
     <span class='ocr_line' id='line_1_19' title="bbox 913 1837 2476 1904; baseline 0.004 -14"><span class='ocrx_word' id='word_1_118' title='bbox 913 1853 1047 1892; x_wconf 89' lang='lat' dir='ltr'><strong>rem.</strong></span> <span class='ocrx_word' id='word_1_119' title='bbox 1081 1837 1214 1894; x_wconf 91' lang='lat' dir='ltr'><strong>Post</strong></span> <span class='ocrx_word' id='word_1_120' title='bbox 1240 1839 1443 1896; x_wconf 90' lang='lat' dir='ltr'><strong>Christi</strong></span> <span class='ocrx_word' id='word_1_121' title='bbox 1483 1851 1664 1896; x_wconf 89' lang='lat' dir='ltr'><strong>autem</strong></span> <span class='ocrx_word' id='word_1_122' title='bbox 1717 1851 1892 1896; x_wconf 91' lang='lat' dir='ltr'><strong>ortum</strong></span> <span class='ocrx_word' id='word_1_123' title='bbox 1914 1880 1929 1904; x_wconf 90' lang='lat'><strong>,</strong></span> <span class='ocrx_word' id='word_1_124' title='bbox 1965 1845 2121 1895; x_wconf 80' lang='lat' dir='ltr'><strong>Anna</strong></span> <span class='ocrx_word' id='word_1_125' title='bbox 2148 1850 2202 1896; x_wconf 88' lang='lat' dir='ltr'><strong>et</strong></span> <span class='ocrx_word' id='word_1_126' title='bbox 2232 1842 2476 1897; x_wconf 90' lang='lat' dir='ltr'><strong>Simeon.</strong></span> 
     </span>
    </p>
   </div>
   <div class='ocr_carea' id='block_1_20' title="bbox 2590 652 4168 729">
    <p class='ocr_par' dir='ltr' id='par_1_20' title="bbox 2590 652 4168 729">
     <span class='ocr_line' id='line_1_20' title="bbox 2590 652 4168 729; baseline 0.008 -26"><span class='ocrx_word' id='word_1_127' title='bbox 2590 667 2650 703; x_wconf 88' lang='grc' dir='ltr'><strong>τε</strong></span> <span class='ocrx_word' id='word_1_128' title='bbox 2697 652 2794 704; x_wconf 81' lang='grc' dir='ltr'>καὶ</span> <span class='ocrx_word' id='word_1_129' title='bbox 2837 652 3064 725; x_wconf 82' lang='grc' dir='ltr'>Ἀαρών·</span> <span class='ocrx_word' id='word_1_130' title='bbox 3103 652 3217 725; x_wconf 79' lang='grc' dir='ltr'>μεθ’</span> <span class='ocrx_word' id='word_1_131' title='bbox 3238 653 3331 718; x_wconf 85' lang='grc' dir='ltr'>οὒς</span> <span class='ocrx_word' id='word_1_132' title='bbox 3365 659 3798 728; x_wconf 80' lang='grc' dir='ltr'><strong>προφητεύουσιν</strong></span> <span class='ocrx_word' id='word_1_133' title='bbox 3837 657 4043 729; x_wconf 82' lang='grc' dir='ltr'>Ἰησοῦς</span> <span class='ocrx_word' id='word_1_134' title='bbox 4071 661 4168 715; x_wconf 82' lang='grc' dir='ltr'>τοῦ</span> 
     </span>
    </p>
   </div>
   <div class='ocr_carea' id='block_1_21' title="bbox 2591 742 4166 822">
    <p class='ocr_par' dir='ltr' id='par_1_21' title="bbox 2591 742 4166 822">
     <span class='ocr_line' id='line_1_21' title="bbox 2591 742 4166 822; baseline 0.006 -27"><span class='ocrx_word' id='word_1_135' title='bbox 2591 742 2770 813; x_wconf 83' lang='grc' dir='ltr'><strong>Ναυῆ,</strong></span> <span class='ocrx_word' id='word_1_136' title='bbox 2795 744 3069 817; x_wconf 74' lang='grc' dir='ltr'>Σαμουὴλ,</span> <span class='ocrx_word' id='word_1_137' title='bbox 3101 746 3227 810; x_wconf 85' lang='grc' dir='ltr'><strong>Γὰδ,</strong></span> <span class='ocrx_word' id='word_1_138' title='bbox 3256 746 3464 811; x_wconf 82' lang='grc' dir='ltr'><strong>Νάθαν,</strong></span> <span class='ocrx_word' id='word_1_139' title='bbox 3511 750 3715 818; x_wconf 82' lang='grc' dir='ltr'><strong>Ἀχίας,</strong></span> <span class='ocrx_word' id='word_1_140' title='bbox 3739 751 4005 822; x_wconf 79' lang='grc' dir='ltr'>Σαμαίας,</span> <span class='ocrx_word' id='word_1_141' title='bbox 4039 751 4166 816; x_wconf 85' lang='grc' dir='ltr'>Ἰοὺ,</span> 
     </span>
    </p>
   </div>
   <div class='ocr_carea' id='block_1_22' title="bbox 2604 833 4166 907">
    <p class='ocr_par' dir='ltr' id='par_1_22' title="bbox 2604 833 4166 907">
     <span class='ocr_line' id='line_1_22' title="bbox 2604 833 4166 907; baseline 0.006 -22"><span class='ocrx_word' id='word_1_142' title='bbox 2604 833 2812 897; x_wconf 84' lang='grc' dir='ltr'>Ἠλίας,</span> <span class='ocrx_word' id='word_1_143' title='bbox 2862 837 3124 906; x_wconf 82' lang='grc' dir='ltr'>Μιχαίας,</span> <span class='ocrx_word' id='word_1_144' title='bbox 3174 837 3419 902; x_wconf 76' lang='grc' dir='ltr'>Ἀϐδιοὺ,</span> <span class='ocrx_word' id='word_1_145' title='bbox 3473 838 3760 906; x_wconf 85' lang='grc' dir='ltr'>⁹Ελισαίος,</span> <span class='ocrx_word' id='word_1_146' title='bbox 3824 842 4166 907; x_wconf 75' lang='grc' dir='ltr'>Ἀϐδαδωναὶ,</span> 
     </span>
    </p>
   </div>
   <div class='ocr_carea' id='block_1_23' title="bbox 2603 925 4163 1005">
    <p class='ocr_par' dir='ltr' id='par_1_23' title="bbox 2603 925 4163 1005">
     <span class='ocr_line' id='line_1_23' title="bbox 2603 925 4163 1005; baseline 0.006 -27"><span class='ocrx_word' id='word_1_147' title='bbox 2603 925 2802 996; x_wconf 78' lang='grc' dir='ltr'>Ἀμὼς,</span> <span class='ocrx_word' id='word_1_148' title='bbox 2864 927 3114 993; x_wconf 80' lang='grc' dir='ltr'>Ἡσαΐας,</span> <span class='ocrx_word' id='word_1_149' title='bbox 3169 930 3354 1001; x_wconf 79' lang='grc' dir='ltr'>Ὠσηὲ,</span> <span class='ocrx_word' id='word_1_150' title='bbox 3401 929 3612 994; x_wconf 81' lang='grc' dir='ltr'>Ἰωνᾶς,</span> <span class='ocrx_word' id='word_1_151' title='bbox 3655 931 3841 1004; x_wconf 82' lang='grc' dir='ltr'>Ἰωὴλ,</span> <span class='ocrx_word' id='word_1_152' title='bbox 3879 932 4163 1005; x_wconf 86' lang='grc' dir='ltr'>Ἱερεμίας,</span> 
     </span>
    </p>
   </div>
   <div class='ocr_carea' id='block_1_24' title="bbox 2590 1016 4164 1098">
    <p class='ocr_par' dir='ltr' id='par_1_24' title="bbox 2590 1016 4164 1098">
     <span class='ocr_line' id='line_1_24' title="bbox 2590 1016 4164 1098; baseline 0.009 -30"><span class='ocrx_word' id='word_1_153' title='bbox 2590 1016 2864 1086; x_wconf 81' lang='grc' dir='ltr'>Σοφωνίας</span> <span class='ocrx_word' id='word_1_154' title='bbox 2890 1017 3051 1082; x_wconf 79' lang='grc' dir='ltr'><strong>Βουᾷ</strong></span> <span class='ocrx_word' id='word_1_155' title='bbox 3081 1020 3214 1092; x_wconf 85' lang='grc'>(16),</span> <span class='ocrx_word' id='word_1_156' title='bbox 3258 1021 3532 1092; x_wconf 79' lang='grc' dir='ltr'>Ἰεζεκιὴλ,</span> <span class='ocrx_word' id='word_1_157' title='bbox 3563 1021 3785 1092; x_wconf 82' lang='grc' dir='ltr'>Οὐρίας,</span> <span class='ocrx_word' id='word_1_158' title='bbox 3827 1027 4164 1098; x_wconf 81' lang='grc' dir='ltr'>Ἀμϐακοὺμ,</span> 
     </span>
    </p>
   </div>
   <div class='ocr_carea' id='block_1_25' title="bbox 2591 1108 4163 1189">
    <p class='ocr_par' dir='ltr' id='par_1_25' title="bbox 2591 1108 4163 1189">
     <span class='ocr_line' id='line_1_25' title="bbox 2591 1108 4163 1189; baseline 0.008 -30"><span class='ocrx_word' id='word_1_159' title='bbox 2591 1108 2810 1178; x_wconf 81' lang='grc' dir='ltr'>Ναοὺμ,</span> <span class='ocrx_word' id='word_1_160' title='bbox 2843 1109 3074 1180; x_wconf 84' lang='grc' dir='ltr'>Δανιὴλ,</span> <span class='ocrx_word' id='word_1_161' title='bbox 3109 1113 3328 1184; x_wconf 88' lang='grc' dir='ltr'>Μισαὴλ</span> <span class='ocrx_word' id='word_1_162' title='bbox 3363 1115 3390 1166; x_wconf 83' lang='grc' dir='ltr'><strong>ό</strong></span> <span class='ocrx_word' id='word_1_163' title='bbox 3435 1113 3562 1174; x_wconf 85' lang='grc' dir='ltr'>τοὺς</span> <span class='ocrx_word' id='word_1_164' title='bbox 3605 1111 3997 1186; x_wconf 72' lang='grc' dir='ltr'>συλλογισμοὺς</span> <span class='ocrx_word' id='word_1_165' title='bbox 4028 1118 4163 1189; x_wconf 85' lang='lat' dir='ltr'><strong>(I7),</strong></span> 
     </span>
    </p>
   </div>
   <div class='ocr_carea' id='block_1_26' title="bbox 2603 1199 4161 1276">
    <p class='ocr_par' dir='ltr' id='par_1_26' title="bbox 2603 1199 4161 1276">
     <span class='ocr_line' id='line_1_26' title="bbox 2603 1199 4161 1276; baseline 0.008 -26"><span class='ocrx_word' id='word_1_166' title='bbox 2603 1199 2848 1267; x_wconf 74' lang='grc' dir='ltr'>Ἀγγαῖος</span> <span class='ocrx_word' id='word_1_167' title='bbox 2865 1239 2880 1262; x_wconf 91' lang='grc'><strong>,</strong></span> <span class='ocrx_word' id='word_1_168' title='bbox 2916 1200 3214 1270; x_wconf 81' lang='grc' dir='ltr'>Ζαχαρίας,</span> <span class='ocrx_word' id='word_1_169' title='bbox 3242 1206 3270 1256; x_wconf 85' lang='grc' dir='ltr'>ὁ</span> <span class='ocrx_word' id='word_1_170' title='bbox 3309 1205 3402 1258; x_wconf 66' lang='grc' dir='ltr'><strong>καῖ⁵</strong></span> <span class='ocrx_word' id='word_1_171' title='bbox 3426 1205 3482 1258; x_wconf 84' lang='grc' dir='ltr'>ὲν</span> <span class='ocrx_word' id='word_1_172' title='bbox 3505 1205 3616 1266; x_wconf 88' lang='grc' dir='ltr'>τοῖς</span> <span class='ocrx_word' id='word_1_173' title='bbox 3639 1202 3848 1258; x_wconf 87' lang='grc' dir='ltr'>δώδεκα</span> <span class='ocrx_word' id='word_1_174' title='bbox 3883 1208 4161 1276; x_wconf 77' lang='grc' dir='ltr'>Ἄγγελος.</span> 
     </span>
    </p>
   </div>
   <div class='ocr_carea' id='block_1_27' title="bbox 2589 1286 4161 1365">
    <p class='ocr_par' dir='ltr' id='par_1_27' title="bbox 2589 1286 4161 1365">
     <span class='ocr_line' id='line_1_27' title="bbox 2589 1286 4161 1365; baseline 0.01 -27"><span class='ocrx_word' id='word_1_175' title='bbox 2589 1287 2830 1341; x_wconf 84' lang='grc' dir='ltr'>Γίνονται</span> <span class='ocrx_word' id='word_1_176' title='bbox 2853 1286 2909 1339; x_wconf 86' lang='grc' dir='ltr'>δὲ</span> <span class='ocrx_word' id='word_1_177' title='bbox 2933 1290 2982 1340; x_wconf 89' lang='grc' dir='ltr'><strong>οἱ</strong></span> <span class='ocrx_word' id='word_1_178' title='bbox 3015 1289 3217 1352; x_wconf 87' lang='grc' dir='ltr'>πάντες</span> <span class='ocrx_word' id='word_1_179' title='bbox 3245 1294 3516 1364; x_wconf 81' lang='grc' dir='ltr'>προφῆται</span> <span class='ocrx_word' id='word_1_180' title='bbox 3545 1293 3709 1346; x_wconf 80' lang='grc' dir='ltr'>πέντε</span> <span class='ocrx_word' id='word_1_181' title='bbox 3733 1295 3830 1346; x_wconf 77' lang='grc' dir='ltr'>καὶ</span> <span class='ocrx_word' id='word_1_182' title='bbox 3850 1297 4161 1365; x_wconf 80' lang='grc' dir='ltr'>τριάκοντα⁶</span> 
     </span>
    </p>
   </div>
   <div class='ocr_carea' id='block_1_28' title="bbox 2589 1378 4166 1461">
    <p class='ocr_par' dir='ltr' id='par_1_28' title="bbox 2589 1378 4166 1461">
     <span class='ocr_line' id='line_1_28' title="bbox 2589 1378 4166 1461; baseline 0.01 -32"><span class='ocrx_word' id='word_1_183' title='bbox 2589 1379 2858 1446; x_wconf 84' lang='grc' dir='ltr'>γυναικῶν</span> <span class='ocrx_word' id='word_1_184' title='bbox 2879 1378 2935 1431; x_wconf 84' lang='grc' dir='ltr'>δὲ</span> <span class='ocrx_word' id='word_1_185' title='bbox 2964 1379 3205 1453; x_wconf 77' lang='grc' dir='ltr'>(καὶγὰρ</span> <span class='ocrx_word' id='word_1_186' title='bbox 3232 1384 3328 1434; x_wconf 79' lang='grc' dir='ltr'>καὶ</span> <span class='ocrx_word' id='word_1_187' title='bbox 3360 1380 3518 1440; x_wconf 74' lang='grc' dir='ltr'>αὗται</span> <span class='ocrx_word' id='word_1_188' title='bbox 3552 1387 4166 1461; x_wconf 73' lang='grc' dir='ltr'>προεφήτευον).Σάρῤα</span> 
     </span>
    </p>
   </div>
   <div class='ocr_carea' id='block_1_29' title="bbox 2585 1469 4166 1549">
    <p class='ocr_par' dir='ltr' id='par_1_29' title="bbox 2585 1469 4166 1549">
     <span class='ocr_line' id='line_1_29' title="bbox 2585 1469 4166 1549; baseline 0.01 -31"><span class='ocrx_word' id='word_1_189' title='bbox 2585 1484 2666 1531; x_wconf 86' lang='grc' dir='ltr'><strong>τε,</strong></span> <span class='ocrx_word' id='word_1_190' title='bbox 2707 1470 2801 1522; x_wconf 80' lang='grc' dir='ltr'>καὶ</span> <span class='ocrx_word' id='word_1_191' title='bbox 2857 1469 3142 1535; x_wconf 85' lang='grc' dir='ltr'>Ῥεϐέκκα,</span> <span class='ocrx_word' id='word_1_192' title='bbox 3195 1473 3290 1525; x_wconf 79' lang='grc' dir='ltr'>καὶ</span> <span class='ocrx_word' id='word_1_193' title='bbox 3335 1477 3590 1548; x_wconf 82' lang='grc' dir='ltr'>Μαριὰμ,</span> <span class='ocrx_word' id='word_1_194' title='bbox 3634 1475 3887 1549; x_wconf 86' lang='grc' dir='ltr'>Δεϐϐώρα</span> <span class='ocrx_word' id='word_1_195' title='bbox 3935 1493 4016 1540; x_wconf 88' lang='grc' dir='ltr'><strong>τε,</strong></span> <span class='ocrx_word' id='word_1_196' title='bbox 4068 1482 4166 1535; x_wconf 74' lang='grc' dir='ltr'>καὶ</span> 
     </span>
    </p>
   </div>
   <div class='ocr_carea' id='block_1_30' title="bbox 2599 1559 4166 1640">
    <p class='ocr_par' dir='ltr' id='par_1_30' title="bbox 2599 1559 4166 1640">
     <span class='ocr_line' id='line_1_30' title="bbox 2599 1559 4166 1640; baseline 0.008 -29"><span class='ocrx_word' id='word_1_197' title='bbox 2599 1559 2774 1614; x_wconf 88' lang='grc' dir='ltr'>Ὀλδά.</span> <span class='ocrx_word' id='word_1_198' title='bbox 2805 1562 3034 1615; x_wconf 83' lang='grc' dir='ltr'>Ἔπειτα</span> <span class='ocrx_word' id='word_1_199' title='bbox 3063 1562 3191 1634; x_wconf 77' lang='grc' dir='ltr'>περὶ</span> <span class='ocrx_word' id='word_1_200' title='bbox 3219 1564 3347 1627; x_wconf 82' lang='grc' dir='ltr'>τοὺς</span> <span class='ocrx_word' id='word_1_201' title='bbox 3379 1568 3578 1632; x_wconf 79' lang='grc' dir='ltr'>αὐτοὺς</span> <span class='ocrx_word' id='word_1_202' title='bbox 3600 1567 3822 1640; x_wconf 82' lang='grc' dir='ltr'>χρόνους</span> <span class='ocrx_word' id='word_1_203' title='bbox 3848 1568 3960 1638; x_wconf 83' lang='lat' dir='ltr'><strong>(I8)</strong></span> <span class='ocrx_word' id='word_1_204' title='bbox 3989 1570 4166 1623; x_wconf 64' lang='grc' dir='ltr'>Ἰωάνα</span> 
     </span>
    </p>
   </div>
   <div class='ocr_carea' id='block_1_31' title="bbox 2583 1652 4158 1730">
    <p class='ocr_par' dir='ltr' id='par_1_31' title="bbox 2583 1652 4158 1730">
     <span class='ocr_line' id='line_1_31' title="bbox 2583 1652 4158 1730; baseline 0.009 -30"><span class='ocrx_word' id='word_1_205' title='bbox 2583 1666 2680 1720; x_wconf 89' lang='grc' dir='ltr'><strong>νης</strong></span> <span class='ocrx_word' id='word_1_206' title='bbox 2719 1652 3050 1723; x_wconf 84' lang='grc' dir='ltr'>προφητεύει</span> <span class='ocrx_word' id='word_1_207' title='bbox 3100 1653 3262 1725; x_wconf 88' lang='grc' dir='ltr'>μέχρι</span> <span class='ocrx_word' id='word_1_208' title='bbox 3309 1655 3405 1708; x_wconf 82' lang='grc' dir='ltr'>τοῦ</span> <span class='ocrx_word' id='word_1_209' title='bbox 3457 1660 3722 1730; x_wconf 82' lang='grc' dir='ltr'>σωτηρίου</span> <span class='ocrx_word' id='word_1_210' title='bbox 3762 1657 4158 1729; x_wconf 81' lang='grc' dir='ltr'>βαπτίσματος·</span> 
     </span>
    </p>
   </div>
   <div class='ocr_carea' id='block_1_32' title="bbox 2585 1740 4164 1818">
    <p class='ocr_par' dir='ltr' id='par_1_32' title="bbox 2585 1740 4164 1818">
     <span class='ocr_line' id='line_1_32' title="bbox 2585 1740 4164 1818; baseline 0.008 -26"><span class='ocrx_word' id='word_1_211' title='bbox 2585 1740 2722 1811; x_wconf 77' lang='grc' dir='ltr'>μετὰ</span> <span class='ocrx_word' id='word_1_212' title='bbox 2772 1742 2828 1794; x_wconf 83' lang='grc' dir='ltr'>δὲ</span> <span class='ocrx_word' id='word_1_213' title='bbox 2880 1743 2978 1813; x_wconf 83' lang='grc' dir='ltr'>τὴν</span> <span class='ocrx_word' id='word_1_214' title='bbox 3021 1743 3233 1812; x_wconf 85' lang='grc' dir='ltr'>γένεσιν</span> <span class='ocrx_word' id='word_1_215' title='bbox 3282 1745 3376 1800; x_wconf 81' lang='grc' dir='ltr'><strong>τοῦ</strong></span> <span class='ocrx_word' id='word_1_216' title='bbox 3413 1748 3670 1818; x_wconf 74' lang='grc' dir='ltr'>Χριστοῦ,</span> <span class='ocrx_word' id='word_1_217' title='bbox 3711 1751 3874 1803; x_wconf 78' lang='grc' dir='ltr'><strong>¹’Δννα</strong></span> <span class='ocrx_word' id='word_1_218' title='bbox 3920 1751 4014 1804; x_wconf 76' lang='grc' dir='ltr'>καὶ</span> <span class='ocrx_word' id='word_1_219' title='bbox 4058 1752 4164 1804; x_wconf 86' lang='grc' dir='ltr'><strong>Συ-</strong></span> 
     </span>
    </p>
   </div>
   <div class='ocr_carea' id='block_1_33' title="bbox 2585 1823 4158 1910">
    <p class='ocr_par' dir='ltr' id='par_1_33' title="bbox 2585 1823 4158 1910">
     <span class='ocr_line' id='line_1_33' title="bbox 2585 1823 4158 1910; baseline 0.011 -34"><span class='ocrx_word' id='word_1_220' title='bbox 2585 1823 2746 1894; x_wconf 87' lang='grc' dir='ltr'>μεών·</span> <span class='ocrx_word' id='word_1_221' title='bbox 2779 1827 3050 1899; x_wconf 85' lang='grc' dir='ltr'>Ζαχαρίας</span> <span class='ocrx_word' id='word_1_222' title='bbox 3077 1830 3205 1902; x_wconf 85' lang='grc' dir='ltr'>γὰρ,</span> <span class='ocrx_word' id='word_1_223' title='bbox 3233 1834 3262 1885; x_wconf 89' lang='grc' dir='ltr'><strong>ό</strong></span> <span class='ocrx_word' id='word_1_224' title='bbox 3307 1833 3551 1887; x_wconf 83' lang='grc' dir='ltr'>Ἰωάννου</span> <span class='ocrx_word' id='word_1_225' title='bbox 3586 1837 3785 1910; x_wconf 86' lang='grc' dir='ltr'>πατὴρ,</span> <span class='ocrx_word' id='word_1_226' title='bbox 3808 1839 3900 1892; x_wconf 82' lang='grc' dir='ltr'>καὶ</span> <span class='ocrx_word' id='word_1_227' title='bbox 3929 1838 4036 1910; x_wconf 85' lang='grc' dir='ltr'><strong>πρὸ</strong></span> <span class='ocrx_word' id='word_1_228' title='bbox 4062 1839 4158 1894; x_wconf 79' lang='grc' dir='ltr'>τοῦ</span> 
     </span>
    </p>
   </div>
   <div class='ocr_carea' id='block_1_34' title="bbox 907 1915 2682 2002">
    <p class='ocr_par' dir='ltr' id='par_1_34' title="bbox 907 1915 2682 2002">
     <span class='ocr_line' id='line_1_34' title="bbox 907 1915 2682 2002; baseline 0.003 -21"><span class='ocrx_word' id='word_1_229' title='bbox 907 1926 1204 1984; x_wconf 82' lang='lat' dir='ltr'><strong>Zacharias</strong></span> <span class='ocrx_word' id='word_1_230' title='bbox 1238 1932 1405 1992; x_wconf 89' lang='lat' dir='ltr'><strong>enim,</strong></span> <span class='ocrx_word' id='word_1_231' title='bbox 1445 1939 1596 1999; x_wconf 90' lang='lat' dir='ltr'><strong>pater</strong></span> <span class='ocrx_word' id='word_1_232' title='bbox 1615 1931 1865 1998; x_wconf 86' lang='lat' dir='ltr'><strong>Joannis,</strong></span> <span class='ocrx_word' id='word_1_233' title='bbox 1901 1940 2025 1985; x_wconf 88' lang='lat' dir='ltr'><strong>ante</strong></span> <span class='ocrx_word' id='word_1_234' title='bbox 2052 1931 2225 1985; x_wconf 82' lang='lat' dir='ltr'><strong>lilium</strong></span> <span class='ocrx_word' id='word_1_235' title='bbox 2253 1946 2474 2002; x_wconf 89' lang='lat' dir='ltr'><strong>quoque</strong></span> <span class='ocrx_word' id='word_1_236' title='bbox 2506 1915 2547 1974; x_wconf 77' lang='grc' dir='ltr'><strong>Β</strong></span> <span class='ocrx_word' id='word_1_237' title='bbox 2576 1919 2682 1972; x_wconf 64' lang='grc' dir='ltr'>παιί</span> 
     </span>
    </p>
   </div>
   <div class='ocr_carea' id='block_1_35' title="bbox 2379 1915 4154 2002">
    <p class='ocr_par' dir='ltr' id='par_1_35' title="bbox 2379 1915 4154 2002">
     <span class='ocr_line' id='line_1_35' title="bbox 2379 1915 4154 2002; baseline 0.006 -28"><span class='ocrx_word' id='word_1_238' title='bbox 2379 1948 2474 2002; x_wconf 63' lang='lat' dir='ltr'><strong>me</strong></span> <span class='ocrx_word' id='word_1_239' title='bbox 2506 1915 2547 1974; x_wconf 85' lang='grc' dir='ltr'><strong>Β</strong></span> <span class='ocrx_word' id='word_1_240' title='bbox 2576 1919 2762 1983; x_wconf 74' lang='grc' dir='ltr'>παιδὸς</span> <span class='ocrx_word' id='word_1_241' title='bbox 2811 1922 3180 1992; x_wconf 79' lang='grc' dir='ltr'>προφητεύειν</span> <span class='ocrx_word' id='word_1_242' title='bbox 3235 1926 3296 1977; x_wconf 80' lang='grc' dir='ltr'>ὲν</span> <span class='ocrx_word' id='word_1_243' title='bbox 3347 1927 3461 1988; x_wconf 86' lang='grc' dir='ltr'>τοῖς</span> <span class='ocrx_word' id='word_1_244' title='bbox 3517 1927 3870 1997; x_wconf 82' lang='grc' dir='ltr'>Εὐαγγελίοις</span> <span class='ocrx_word' id='word_1_245' title='bbox 3917 1930 4154 2000; x_wconf 79' lang='grc' dir='ltr'>λέγεται.</span> 
     </span>
    </p>
   </div>
   <div class='ocr_carea' id='block_1_36' title="bbox 906 2018 2474 2097">
    <p class='ocr_par' dir='ltr' id='par_1_36' title="bbox 906 2018 2474 2097">
     <span class='ocr_line' id='line_1_36' title="bbox 906 2018 2474 2097; baseline 0.006 -25"><span class='ocrx_word' id='word_1_246' title='bbox 906 2018 961 2072; x_wconf 83' lang='grc' dir='ltr'>ἰιι</span> <span class='ocrx_word' id='word_1_247' title='bbox 1001 2019 1302 2090; x_wconf 85' lang='lat' dir='ltr'><strong>Evangeliis</strong></span> <span class='ocrx_word' id='word_1_248' title='bbox 1331 2022 1534 2076; x_wconf 89' lang='lat' dir='ltr'><strong>dicitur</strong></span> <span class='ocrx_word' id='word_1_249' title='bbox 1557 2024 1935 2093; x_wconf 85' lang='lat' dir='ltr'><strong>prophetasse.</strong></span> <span class='ocrx_word' id='word_1_250' title='bbox 1972 2023 2092 2079; x_wconf 80' lang='lat' dir='ltr'><strong>Jam</strong></span> <span class='ocrx_word' id='word_1_251' title='bbox 2129 2041 2309 2096; x_wconf 88' lang='lat' dir='ltr'><strong>usque</strong></span> <span class='ocrx_word' id='word_1_252' title='bbox 2342 2041 2474 2097; x_wconf 86' lang='lat' dir='ltr'><strong>ergo</strong></span> 
     </span>
    </p>
   </div>
   <div class='ocr_carea' id='block_1_37' title="bbox 903 2109 2474 2184">
    <p class='ocr_par' dir='ltr' id='par_1_37' title="bbox 903 2109 2474 2184">
     <span class='ocr_line' id='line_1_37' title="bbox 903 2109 2474 2184; baseline 0.006 -21"><span class='ocrx_word' id='word_1_253' title='bbox 903 2125 934 2163; x_wconf 90' lang='lat' dir='ltr'><strong>a</strong></span> <span class='ocrx_word' id='word_1_254' title='bbox 963 2109 1145 2181; x_wconf 86' lang='lat' dir='ltr'><strong>Moyse</strong></span> <span class='ocrx_word' id='word_1_255' title='bbox 1191 2113 1516 2182; x_wconf 82' lang='lat' dir='ltr'><strong>colligamus</strong></span> <span class='ocrx_word' id='word_1_256' title='bbox 1561 2123 1871 2184; x_wconf 87' lang='lat' dir='ltr'><strong>temporum</strong></span> <span class='ocrx_word' id='word_1_257' title='bbox 1924 2116 2225 2172; x_wconf 80' lang='lat' dir='ltr'><strong>secundum</strong></span> <span class='ocrx_word' id='word_1_258' title='bbox 2253 2116 2474 2173; x_wconf 64' lang='lat' dir='ltr'><strong>Graecos</strong></span> 
     </span>
    </p>
   </div>
   <div class='ocr_carea' id='block_1_38' title="bbox 899 2202 2472 2277">
    <p class='ocr_par' dir='ltr' id='par_1_38' title="bbox 899 2202 2472 2277">
     <span class='ocr_line' id='line_1_38' title="bbox 899 2202 2472 2277; baseline 0.005 -22"><span class='ocrx_word' id='word_1_259' title='bbox 899 2203 1192 2257; x_wconf 76' lang='lat' dir='ltr'><strong>rationem.</strong></span> <span class='ocrx_word' id='word_1_260' title='bbox 1228 2202 1310 2258; x_wconf 88' lang='lat' dir='ltr'><strong>Ab</strong></span> <span class='ocrx_word' id='word_1_261' title='bbox 1357 2213 1481 2258; x_wconf 93' lang='lat' dir='ltr'><strong>ortu</strong></span> <span class='ocrx_word' id='word_1_262' title='bbox 1511 2205 1714 2277; x_wconf 86' lang='lat' dir='ltr'><strong>Moysis</strong></span> <span class='ocrx_word' id='word_1_263' title='bbox 1741 2223 1916 2276; x_wconf 88' lang='lat' dir='ltr'><strong>usque</strong></span> <span class='ocrx_word' id='word_1_264' title='bbox 1950 2206 2017 2260; x_wconf 91' lang='lat' dir='ltr'><strong>ad</strong></span> <span class='ocrx_word' id='word_1_265' title='bbox 2063 2207 2374 2262; x_wconf 72' lang='lat' dir='ltr'><strong>.Iudteorum</strong></span> <span class='ocrx_word' id='word_1_266' title='bbox 2405 2225 2472 2263; x_wconf 81' lang='lat' dir='ltr'><strong>ex</strong></span> 
     </span>
    </p>
   </div>
   <div class='ocr_carea' id='block_1_39' title="bbox 899 2292 2472 2367">
    <p class='ocr_par' dir='ltr' id='par_1_39' title="bbox 899 2292 2472 2367">
     <span class='ocr_line' id='line_1_39' title="bbox 899 2292 2472 2367; baseline 0.004 -20"><span class='ocrx_word' id='word_1_267' title='bbox 899 2292 1138 2363; x_wconf 65' lang='lat' dir='ltr'><strong>Egypto</strong></span> <span class='ocrx_word' id='word_1_268' title='bbox 1172 2297 1377 2350; x_wconf 80' lang='lat' dir='ltr'><strong>exitum</strong></span> <span class='ocrx_word' id='word_1_269' title='bbox 1404 2335 1420 2358; x_wconf 88' lang='lat'><strong>,</strong></span> <span class='ocrx_word' id='word_1_270' title='bbox 1469 2298 1596 2350; x_wconf 90' lang='lat' dir='ltr'><strong>anni</strong></span> <span class='ocrx_word' id='word_1_271' title='bbox 1654 2298 1961 2366; x_wconf 83' lang='lat' dir='ltr'><strong>octoginta;</strong></span> <span class='ocrx_word' id='word_1_272' title='bbox 1995 2305 2049 2350; x_wconf 91' lang='lat' dir='ltr'><strong>et</strong></span> <span class='ocrx_word' id='word_1_273' title='bbox 2095 2299 2188 2367; x_wconf 92' lang='lat' dir='ltr'><strong>qui</strong></span> <span class='ocrx_word' id='word_1_274' title='bbox 2252 2298 2472 2353; x_wconf 81' lang='lat' dir='ltr'><strong>fuerunt</strong></span> 
     </span>
    </p>
   </div>
   <div class='ocr_carea' id='block_1_40' title="bbox 895 2385 2468 2456">
    <p class='ocr_par' dir='ltr' id='par_1_40' title="bbox 895 2385 2468 2456">
     <span class='ocr_line' id='line_1_40' title="bbox 895 2385 2468 2456; baseline 0.003 -19"><span class='ocrx_word' id='word_1_275' title='bbox 895 2399 1076 2452; x_wconf 81' lang='lat' dir='ltr'><strong>usque</strong></span> <span class='ocrx_word' id='word_1_276' title='bbox 1103 2385 1172 2438; x_wconf 90' lang='lat' dir='ltr'><strong>ad</strong></span> <span class='ocrx_word' id='word_1_277' title='bbox 1204 2385 1323 2454; x_wconf 86' lang='lat' dir='ltr'><strong>ejus</strong></span> <span class='ocrx_word' id='word_1_278' title='bbox 1349 2393 1601 2448; x_wconf 91' lang='lat' dir='ltr'><strong>mortem,</strong></span> <span class='ocrx_word' id='word_1_279' title='bbox 1633 2387 1724 2439; x_wconf 84' lang='lat' dir='ltr'><strong>alii</strong></span> <span class='ocrx_word' id='word_1_280' title='bbox 1757 2387 2141 2456; x_wconf 77' lang='lat' dir='ltr'><strong>quadraginta.</strong></span> <span class='ocrx_word' id='word_1_281' title='bbox 2189 2385 2316 2441; x_wconf 89' lang='lat' dir='ltr'><strong>Fuit</strong></span> <span class='ocrx_word' id='word_1_282' title='bbox 2363 2385 2468 2442; x_wconf 66' lang='lat' dir='ltr'><strong>He~</strong></span> 
     </span>
    </p>
   </div>
   <div class='ocr_carea' id='block_1_41' title="bbox 903 2474 2466 2545">
    <p class='ocr_par' dir='ltr' id='par_1_41' title="bbox 903 2474 2466 2545">
     <span class='ocr_line' id='line_1_41' title="bbox 903 2474 2466 2545; baseline 0.004 -17"><span class='ocrx_word' id='word_1_283' title='bbox 903 2474 1171 2529; x_wconf 60' lang='lat' dir='ltr'><strong>bratur-um</strong></span> <span class='ocrx_word' id='word_1_284' title='bbox 1217 2476 1397 2530; x_wconf 81' lang='lat' dir='ltr'><strong>exitus</strong></span> <span class='ocrx_word' id='word_1_285' title='bbox 1455 2484 1701 2545; x_wconf 90' lang='lat' dir='ltr'><strong>tempore</strong></span> <span class='ocrx_word' id='word_1_286' title='bbox 1746 2475 1955 2543; x_wconf 89' lang='lat' dir='ltr'><strong>Inachi,</strong></span> <span class='ocrx_word' id='word_1_287' title='bbox 1984 2487 2108 2532; x_wconf 86' lang='lat' dir='ltr'><strong>ante</strong></span> <span class='ocrx_word' id='word_1_288' title='bbox 2152 2476 2466 2534; x_wconf 88' lang='lat' dir='ltr'><strong>Sothiacam</strong></span> 
     </span>
    </p>
   </div>
   <div class='ocr_carea' id='block_1_42' title="bbox 897 2567 2469 2642">
    <p class='ocr_par' dir='ltr' id='par_1_42' title="bbox 897 2567 2469 2642">
     <span class='ocr_line' id='line_1_42' title="bbox 897 2567 2469 2642; baseline 0.005 -23"><span class='ocrx_word' id='word_1_289' title='bbox 897 2567 1331 2633; x_wconf 83' lang='lat' dir='ltr'><strong>revolutionem;</strong></span> <span class='ocrx_word' id='word_1_290' title='bbox 1387 2583 1514 2622; x_wconf 91' lang='lat' dir='ltr'><strong>nam</strong></span> <span class='ocrx_word' id='word_1_291' title='bbox 1565 2583 1822 2637; x_wconf 85' lang='lat' dir='ltr'><strong>egressus</strong></span> <span class='ocrx_word' id='word_1_292' title='bbox 1866 2585 1932 2623; x_wconf 77' lang='lat' dir='ltr'><strong>ex</strong></span> <span class='ocrx_word' id='word_1_293' title='bbox 1975 2568 2210 2641; x_wconf 65' lang='lat' dir='ltr'><strong>Egypto</strong></span> <span class='ocrx_word' id='word_1_294' title='bbox 2249 2572 2469 2642; x_wconf 73' lang='lat' dir='ltr'><strong>Moyses</strong></span> 
     </span>
    </p>
   </div>
   <div class='ocr_carea' id='block_1_43' title="bbox 895 2657 2470 2729">
    <p class='ocr_par' dir='ltr' id='par_1_43' title="bbox 895 2657 2470 2729">
     <span class='ocr_line' id='line_1_43' title="bbox 895 2657 2470 2729; baseline 0.003 -20"><span class='ocrx_word' id='word_1_295' title='bbox 895 2657 1062 2710; x_wconf 88' lang='lat' dir='ltr'><strong>annis</strong></span> <span class='ocrx_word' id='word_1_296' title='bbox 1093 2657 1247 2726; x_wconf 89' lang='lat' dir='ltr'><strong>prius</strong></span> <span class='ocrx_word' id='word_1_297' title='bbox 1275 2657 1686 2727; x_wconf 75' lang='lat' dir='ltr'><strong>quadringentis</strong></span> <span class='ocrx_word' id='word_1_298' title='bbox 1725 2659 2087 2728; x_wconf 82' lang='lat' dir='ltr'><strong>quadraginta</strong></span> <span class='ocrx_word' id='word_1_299' title='bbox 2112 2660 2378 2729; x_wconf 91' lang='lat' dir='ltr'><strong>quinque.</strong></span> <span class='ocrx_word' id='word_1_300' title='bbox 2423 2661 2470 2714; x_wconf 83' lang='lat' dir='ltr'><strong>A</strong></span> 
     </span>
    </p>
   </div>
   <div class='ocr_carea' id='block_1_44' title="bbox 897 2745 2470 2817">
    <p class='ocr_par' dir='ltr' id='par_1_44' title="bbox 897 2745 2470 2817">
     <span class='ocr_line' id='line_1_44' title="bbox 897 2745 2470 2817; baseline 0.002 -17"><span class='ocrx_word' id='word_1_301' title='bbox 897 2746 1100 2816; x_wconf 84' lang='lat' dir='ltr'><strong>Moysis</strong></span> <span class='ocrx_word' id='word_1_302' title='bbox 1124 2755 1305 2800; x_wconf 88' lang='lat' dir='ltr'><strong>autem</strong></span> <span class='ocrx_word' id='word_1_303' title='bbox 1333 2745 1646 2815; x_wconf 85' lang='lat' dir='ltr'><strong>principatu</strong></span> <span class='ocrx_word' id='word_1_304' title='bbox 1685 2755 1739 2798; x_wconf 92' lang='lat' dir='ltr'><strong>et</strong></span> <span class='ocrx_word' id='word_1_305' title='bbox 1773 2745 1973 2800; x_wconf 87' lang='lat' dir='ltr'><strong>Inacho</strong></span> <span class='ocrx_word' id='word_1_306' title='bbox 1999 2763 2174 2817; x_wconf 87' lang='lat' dir='ltr'><strong>usque</strong></span> <span class='ocrx_word' id='word_1_307' title='bbox 2205 2749 2272 2802; x_wconf 89' lang='lat' dir='ltr'><strong>ad</strong></span> <span class='ocrx_word' id='word_1_308' title='bbox 2304 2749 2470 2803; x_wconf 89' lang='lat' dir='ltr'><strong>inun-</strong></span> 
     </span>
    </p>
   </div>
   <div class='ocr_carea' id='block_1_45' title="bbox 894 2835 2466 2906">
    <p class='ocr_par' dir='ltr' id='par_1_45' title="bbox 894 2835 2466 2906">
     <span class='ocr_line' id='line_1_45' title="bbox 894 2835 2466 2906; baseline 0 -14"><span class='ocrx_word' id='word_1_309' title='bbox 894 2837 1166 2892; x_wconf 85' lang='lat' dir='ltr'><strong>dationem</strong></span> <span class='ocrx_word' id='word_1_310' title='bbox 1186 2835 1552 2901; x_wconf 88' lang='lat' dir='ltr'><strong>Deucalionis,</strong></span> <span class='ocrx_word' id='word_1_311' title='bbox 1573 2836 1896 2901; x_wconf 88' lang='lat' dir='ltr'><strong>secundum,</strong></span> <span class='ocrx_word' id='word_1_312' title='bbox 1916 2836 2466 2906; x_wconf 86' lang='lat' dir='ltr'><strong>inquam,diluvium,</strong></span> 
     </span>
    </p>
   </div>
   <div class='ocr_carea' id='block_1_46' title="bbox 892 2928 2486 2998">
    <p class='ocr_par' dir='ltr' id='par_1_46' title="bbox 892 2928 2486 2998">
     <span class='ocr_line' id='line_1_46' title="bbox 892 2928 2486 2998; baseline -0.001 -13"><span class='ocrx_word' id='word_1_313' title='bbox 892 2939 949 2986; x_wconf 90' lang='lat' dir='ltr'><strong>et</strong></span> <span class='ocrx_word' id='word_1_314' title='bbox 973 2930 1284 2985; x_wconf 87' lang='lat' dir='ltr'><strong>incendium</strong></span> <span class='ocrx_word' id='word_1_315' title='bbox 1312 2928 1689 2993; x_wconf 85' lang='lat' dir='ltr'><strong>Phaethontis,</strong></span> <span class='ocrx_word' id='word_1_316' title='bbox 1705 2944 1825 2996; x_wconf 82' lang='lat' dir='ltr'><strong>quae</strong></span> <span class='ocrx_word' id='word_1_317' title='bbox 1839 2929 2054 2997; x_wconf 88' lang='lat' dir='ltr'><strong>quidem</strong></span> <span class='ocrx_word' id='word_1_318' title='bbox 2079 2937 2317 2998; x_wconf 83' lang='lat' dir='ltr'><strong>tempore</strong></span> <span class='ocrx_word' id='word_1_319' title='bbox 2331 2929 2486 2984; x_wconf 63' lang='grc' dir='ltr'>(ἐι-σε’</span> 
     </span>
    </p>
   </div>
   <div class='ocr_carea' id='block_1_47' title="bbox 896 3022 2468 3093">
    <p class='ocr_par' dir='ltr' id='par_1_47' title="bbox 896 3022 2468 3093">
     <span class='ocr_line' id='line_1_47' title="bbox 896 3022 2468 3093; baseline 0.002 -18"><span class='ocrx_word' id='word_1_320' title='bbox 896 3024 1008 3093; x_wconf 87' lang='lat' dir='ltr'><strong>topi</strong></span> <span class='ocrx_word' id='word_1_321' title='bbox 1043 3022 1380 3084; x_wconf 85' lang='lat' dir='ltr'><strong>acciderunt,</strong></span> <span class='ocrx_word' id='word_1_322' title='bbox 1414 3030 1810 3075; x_wconf 86' lang='lat' dir='ltr'><strong>enumerantur</strong></span> <span class='ocrx_word' id='word_1_323' title='bbox 1835 3022 2195 3090; x_wconf 79' lang='lat' dir='ltr'><strong>quadraginta</strong></span> <span class='ocrx_word' id='word_1_324' title='bbox 2241 3038 2468 3092; x_wconf 81' lang='lat' dir='ltr'><strong>genera-</strong></span> 
     </span>
    </p>
   </div>
   <div class='ocr_carea' id='block_1_48' title="bbox 891 3114 2468 3169">
    <p class='ocr_par' dir='ltr' id='par_1_48' title="bbox 891 3114 2468 3169">
     <span class='ocr_line' id='line_1_48' title="bbox 891 3114 2468 3169; baseline 0.001 -1"><span class='ocrx_word' id='word_1_325' title='bbox 891 3115 1096 3169; x_wconf 88' lang='lat' dir='ltr'><strong>tiones.</strong></span> <span class='ocrx_word' id='word_1_326' title='bbox 1132 3114 1214 3167; x_wconf 87' lang='lat' dir='ltr'><strong>Ad</strong></span> <span class='ocrx_word' id='word_1_327' title='bbox 1246 3121 1464 3167; x_wconf 89' lang='lat' dir='ltr'><strong>centum</strong></span> <span class='ocrx_word' id='word_1_328' title='bbox 1497 3121 1679 3166; x_wconf 87' lang='lat' dir='ltr'><strong>autem</strong></span> <span class='ocrx_word' id='word_1_329' title='bbox 1697 3126 1965 3165; x_wconf 89' lang='lat' dir='ltr'><strong>annorum</strong></span> <span class='ocrx_word' id='word_1_330' title='bbox 1992 3127 2283 3168; x_wconf 88' lang='lat' dir='ltr'><strong>numerum</strong></span> <span class='ocrx_word' id='word_1_331' title='bbox 2306 3115 2468 3169; x_wconf 87' lang='lat' dir='ltr'><strong>redu-</strong></span> 
     </span>
    </p>
   </div>
   <div class='ocr_carea' id='block_1_49' title="bbox 2577 2007 4154 2096">
    <p class='ocr_par' dir='ltr' id='par_1_49' title="bbox 2577 2007 4154 2096">
     <span class='ocr_line' id='line_1_49' title="bbox 2577 2007 4154 2096; baseline 0.013 -36"><span class='ocrx_word' id='word_1_332' title='bbox 2577 2009 2816 2062; x_wconf 80' lang='grc' dir='ltr'>Ἀνωοεν</span> <span class='ocrx_word' id='word_1_333' title='bbox 2857 2007 2950 2064; x_wconf 84' lang='grc' dir='ltr'>οὖν</span> <span class='ocrx_word' id='word_1_334' title='bbox 2988 2013 3096 2066; x_wconf 84' lang='grc' dir='ltr'>ἀπὸ</span> <span class='ocrx_word' id='word_1_335' title='bbox 3148 2015 3428 2080; x_wconf 83' lang='grc' dir='ltr'>Μωῡσέως</span> <span class='ocrx_word' id='word_1_336' title='bbox 3471 2020 3866 2093; x_wconf 83' lang='grc' dir='ltr'>συναγάγωμεν</span> <span class='ocrx_word' id='word_1_337' title='bbox 3897 2027 3996 2096; x_wconf 86' lang='grc' dir='ltr'><strong>τὴν</strong></span> <span class='ocrx_word' id='word_1_338' title='bbox 4031 2025 4154 2079; x_wconf 83' lang='grc' dir='ltr'>καθ’</span> 
     </span>
    </p>
   </div>
   <div class='ocr_carea' id='block_1_50' title="bbox 2577 2100 4156 2183">
    <p class='ocr_par' dir='ltr' id='par_1_50' title="bbox 2577 2100 4156 2183">
     <span class='ocr_line' id='line_1_50' title="bbox 2577 2100 4156 2183; baseline 0.012 -31"><span class='ocrx_word' id='word_1_339' title='bbox 2577 2100 2837 2173; x_wconf 82' lang='grc' dir='ltr'>Ἕλληνας</span> <span class='ocrx_word' id='word_1_340' title='bbox 2871 2105 3288 2177; x_wconf 76' lang='grc' dir='ltr'>χρονογραφίαν.</span> <span class='ocrx_word' id='word_1_341' title='bbox 3321 2109 3452 2161; x_wconf 81' lang='grc' dir='ltr'>Ἀπὸ</span> <span class='ocrx_word' id='word_1_342' title='bbox 3480 2110 3579 2181; x_wconf 87' lang='grc' dir='ltr'><strong>τῆς</strong></span> <span class='ocrx_word' id='word_1_343' title='bbox 3599 2113 3874 2178; x_wconf 86' lang='grc' dir='ltr'>Μωῦσέως</span> <span class='ocrx_word' id='word_1_344' title='bbox 3894 2117 4156 2183; x_wconf 87' lang='grc' dir='ltr'>γενέσεως</span> 
     </span>
    </p>
   </div>
   <div class='ocr_carea' id='block_1_51' title="bbox 2572 2191 4153 2278">
    <p class='ocr_par' dir='ltr' id='par_1_51' title="bbox 2572 2191 4153 2278">
     <span class='ocr_line' id='line_1_51' title="bbox 2572 2191 4153 2278; baseline 0.013 -36"><span class='ocrx_word' id='word_1_345' title='bbox 2572 2191 2664 2243; x_wconf 76' lang='grc' dir='ltr'><strong>ἐπὶ</strong></span> <span class='ocrx_word' id='word_1_346' title='bbox 2696 2193 2794 2262; x_wconf 83' lang='grc' dir='ltr'>τὴν</span> <span class='ocrx_word' id='word_1_347' title='bbox 2838 2194 2898 2258; x_wconf 75' lang='grc' dir='ltr'><strong>ἐξ</strong></span> <span class='ocrx_word' id='word_1_348' title='bbox 2945 2195 3221 2264; x_wconf 76' lang='grc' dir='ltr'>Αἰγύπτου</span> <span class='ocrx_word' id='word_1_349' title='bbox 3251 2199 3365 2252; x_wconf 86' lang='grc' dir='ltr'>τῶν</span> <span class='ocrx_word' id='word_1_350' title='bbox 3413 2201 3679 2256; x_wconf 85' lang='grc' dir='ltr'>Ἰουδαίων</span> <span class='ocrx_word' id='word_1_351' title='bbox 3705 2203 3901 2272; x_wconf 74' lang='grc' dir='ltr'>ἔξοδον,</span> <span class='ocrx_word' id='word_1_352' title='bbox 3934 2208 4026 2278; x_wconf 80' lang='grc' dir='ltr'>ἔτη</span> <span class='ocrx_word' id='word_1_353' title='bbox 4060 2209 4153 2276; x_wconf 82' lang='grc' dir='ltr'><strong>ὀγ-</strong></span> 
     </span>
    </p>
   </div>
   <div class='ocr_carea' id='block_1_52' title="bbox 2569 2281 4154 2365">
    <p class='ocr_par' dir='ltr' id='par_1_52' title="bbox 2569 2281 4154 2365">
     <span class='ocr_line' id='line_1_52' title="bbox 2569 2281 4154 2365; baseline 0.013 -32"><span class='ocrx_word' id='word_1_354' title='bbox 2569 2281 2854 2353; x_wconf 85' lang='grc' dir='ltr'>δοήκοντα·</span> <span class='ocrx_word' id='word_1_355' title='bbox 2885 2287 2980 2338; x_wconf 77' lang='grc' dir='ltr'>καὶ</span> <span class='ocrx_word' id='word_1_356' title='bbox 3029 2288 3100 2339; x_wconf 82' lang='grc' dir='ltr'>τὰ</span> <span class='ocrx_word' id='word_1_357' title='bbox 3150 2288 3313 2360; x_wconf 88' lang='grc' dir='ltr'>μέχρι</span> <span class='ocrx_word' id='word_1_358' title='bbox 3363 2291 3466 2362; x_wconf 90' lang='grc' dir='ltr'><strong>τῆς</strong></span> <span class='ocrx_word' id='word_1_359' title='bbox 3512 2293 3769 2365; x_wconf 84' lang='grc' dir='ltr'>τελευτῆς</span> <span class='ocrx_word' id='word_1_360' title='bbox 3794 2297 3979 2363; x_wconf 84' lang='grc' dir='ltr'>αὐτοῦ,</span> <span class='ocrx_word' id='word_1_361' title='bbox 4018 2299 4154 2354; x_wconf 78' lang='grc' dir='ltr'>ἄλλα</span> 
     </span>
    </p>
   </div>
   <div class='ocr_carea' id='block_1_53' title="bbox 2567 2371 4154 2461">
    <p class='ocr_par' dir='ltr' id='par_1_53' title="bbox 2567 2371 4154 2461">
     <span class='ocr_line' id='line_1_53' title="bbox 2567 2371 4154 2461; baseline 0.014 -40"><span class='ocrx_word' id='word_1_362' title='bbox 2567 2371 2993 2442; x_wconf 83' lang='grc' dir='ltr'>τεσσαράκοντα.</span> <span class='ocrx_word' id='word_1_363' title='bbox 3043 2375 3256 2429; x_wconf 85' lang='grc' dir='ltr'>Γίνεται</span> <span class='ocrx_word' id='word_1_364' title='bbox 3306 2379 3339 2448; x_wconf 79' lang='grc' dir='ltr'><strong>ἡ</strong></span> <span class='ocrx_word' id='word_1_365' title='bbox 3373 2379 3552 2444; x_wconf 79' lang='grc' dir='ltr'>ἔξοδος</span> <span class='ocrx_word' id='word_1_366' title='bbox 3601 2385 3742 2438; x_wconf 80' lang='grc' dir='ltr'>κατὰ</span> <span class='ocrx_word' id='word_1_367' title='bbox 3779 2387 4013 2456; x_wconf 83' lang='grc' dir='ltr'>Ἴναχον,</span> <span class='ocrx_word' id='word_1_368' title='bbox 4047 2389 4154 2461; x_wconf 89' lang='grc' dir='ltr'><strong>πρὸ</strong></span> 
     </span>
    </p>
   </div>
   <div class='ocr_carea' id='block_1_54' title="bbox 2568 2460 4153 2547">
    <p class='ocr_par' dir='ltr' id='par_1_54' title="bbox 2568 2460 4153 2547">
     <span class='ocr_line' id='line_1_54' title="bbox 2568 2460 4153 2547; baseline 0.013 -34"><span class='ocrx_word' id='word_1_369' title='bbox 2568 2460 2664 2530; x_wconf 85' lang='grc' dir='ltr'><strong>τῆς</strong></span> <span class='ocrx_word' id='word_1_370' title='bbox 2710 2461 2993 2534; x_wconf 87' lang='grc' dir='ltr'>Σωθιακῆς</span> <span class='ocrx_word' id='word_1_371' title='bbox 3037 2466 3288 2536; x_wconf 87' lang='grc' dir='ltr'>περιόδου</span> <span class='ocrx_word' id='word_1_372' title='bbox 3333 2467 3465 2538; x_wconf 84' lang='lat' dir='ltr'><strong>(I9),</strong></span> <span class='ocrx_word' id='word_1_373' title='bbox 3522 2472 3829 2540; x_wconf 79' lang='grc' dir='ltr'>ἐξελθόντος</span> <span class='ocrx_word' id='word_1_374' title='bbox 3879 2460 4153 2547; x_wconf 80' lang='grc' dir='ltr'>άπἈίγύ-</span> 
     </span>
    </p>
   </div>
   <div class='ocr_carea' id='block_1_55' title="bbox 2568 2553 4152 2640">
    <p class='ocr_par' dir='ltr' id='par_1_55' title="bbox 2568 2553 4152 2640">
     <span class='ocr_line' id='line_1_55' title="bbox 2568 2553 4152 2640; baseline 0.013 -36"><span class='ocrx_word' id='word_1_375' title='bbox 2568 2569 2702 2604; x_wconf 86' lang='grc' dir='ltr'>πτου</span> <span class='ocrx_word' id='word_1_376' title='bbox 2735 2553 3019 2619; x_wconf 86' lang='grc' dir='ltr'>Μωῡσέως</span> <span class='ocrx_word' id='word_1_377' title='bbox 3053 2555 3198 2609; x_wconf 74' lang='grc' dir='ltr'>ἔτεσι</span> <span class='ocrx_word' id='word_1_378' title='bbox 3234 2559 3497 2631; x_wconf 90' lang='grc' dir='ltr'>πρότερον</span> <span class='ocrx_word' id='word_1_379' title='bbox 3529 2566 3858 2634; x_wconf 86' lang='grc' dir='ltr'>τριακοσίοις</span> <span class='ocrx_word' id='word_1_380' title='bbox 3885 2585 4152 2640; x_wconf 89' lang='grc' dir='ltr'>τεσσαρα-</span> 
     </span>
    </p>
   </div>
   <div class='ocr_carea' id='block_1_56' title="bbox 2568 2645 4150 2726">
    <p class='ocr_par' dir='ltr' id='par_1_56' title="bbox 2568 2645 4150 2726">
     <span class='ocr_line' id='line_1_56' title="bbox 2568 2645 4150 2726; baseline 0.011 -32"><span class='ocrx_word' id='word_1_381' title='bbox 2568 2645 2912 2699; x_wconf 83' lang='grc' dir='ltr'>κονταπέντε.</span> <span class='ocrx_word' id='word_1_382' title='bbox 2961 2646 3094 2700; x_wconf 80' lang='grc' dir='ltr'>Ἀπὸ</span> <span class='ocrx_word' id='word_1_383' title='bbox 3120 2647 3178 2700; x_wconf 85' lang='grc' dir='ltr'>δὲ</span> <span class='ocrx_word' id='word_1_384' title='bbox 3229 2649 3326 2718; x_wconf 84' lang='grc' dir='ltr'><strong>τῆς</strong></span> <span class='ocrx_word' id='word_1_385' title='bbox 3357 2651 3633 2716; x_wconf 84' lang='grc' dir='ltr'>Μωῦσέως</span> <span class='ocrx_word' id='word_1_386' title='bbox 3676 2657 4007 2726; x_wconf 84' lang='grc' dir='ltr'>στρατηγίας</span> <span class='ocrx_word' id='word_1_387' title='bbox 4055 2659 4150 2712; x_wconf 74' lang='grc' dir='ltr'>καὶ</span> 
     </span>
    </p>
   </div>
   <div class='ocr_carea' id='block_1_57' title="bbox 2582 2734 4150 2818">
    <p class='ocr_par' dir='ltr' id='par_1_57' title="bbox 2582 2734 4150 2818">
     <span class='ocr_line' id='line_1_57' title="bbox 2582 2734 4150 2818; baseline 0.011 -33"><span class='ocrx_word' id='word_1_388' title='bbox 2582 2734 2784 2805; x_wconf 85' lang='grc' dir='ltr'>Ἰνάχου</span> <span class='ocrx_word' id='word_1_389' title='bbox 2822 2737 2916 2790; x_wconf 68' lang='grc' dir='ltr'><strong>ἐπὶ</strong></span> <span class='ocrx_word' id='word_1_390' title='bbox 2945 2737 3038 2792; x_wconf 89' lang='grc' dir='ltr'><strong>τὸν</strong></span> <span class='ocrx_word' id='word_1_391' title='bbox 3068 2739 3432 2804; x_wconf 85' lang='grc' dir='ltr'>Δευκαλίωνος</span> <span class='ocrx_word' id='word_1_392' title='bbox 3463 2744 3864 2816; x_wconf 90' lang='grc' dir='ltr'>κατακλυσμὸν,</span> <span class='ocrx_word' id='word_1_393' title='bbox 3899 2747 3995 2818; x_wconf 83' lang='grc' dir='ltr'>τὴν</span> <span class='ocrx_word' id='word_1_394' title='bbox 4029 2749 4150 2802; x_wconf 78' lang='grc' dir='ltr'>δευ-</span> 
     </span>
    </p>
   </div>
   <div class='ocr_carea' id='block_1_58' title="bbox 2566 2824 4149 2910">
    <p class='ocr_par' dir='ltr' id='par_1_58' title="bbox 2566 2824 4149 2910">
     <span class='ocr_line' id='line_1_58' title="bbox 2566 2824 4149 2910; baseline 0.011 -35"><span class='ocrx_word' id='word_1_395' title='bbox 2566 2824 2732 2895; x_wconf 86' lang='grc' dir='ltr'>τέραν</span> <span class='ocrx_word' id='word_1_396' title='bbox 2778 2826 2923 2890; x_wconf 86' lang='grc' dir='ltr'>λέγω</span> <span class='ocrx_word' id='word_1_397' title='bbox 2968 2829 3297 2900; x_wconf 75' lang='grc' dir='ltr'>ἐπομϐρίαν,</span> <span class='ocrx_word' id='word_1_398' title='bbox 3331 2832 3426 2884; x_wconf 78' lang='grc' dir='ltr'>καὶ</span> <span class='ocrx_word' id='word_1_399' title='bbox 3458 2833 3552 2886; x_wconf 73' lang='grc' dir='ltr'><strong>ἐπὶ</strong></span> <span class='ocrx_word' id='word_1_400' title='bbox 3591 2832 3682 2887; x_wconf 86' lang='grc' dir='ltr'><strong>τὸν</strong></span> <span class='ocrx_word' id='word_1_401' title='bbox 3727 2835 4018 2902; x_wconf 77' lang='grc' dir='ltr'>Φαέθοντος</span> <span class='ocrx_word' id='word_1_402' title='bbox 4048 2841 4149 2910; x_wconf 82' lang='grc' dir='ltr'>έμ-</span> 
     </span>
    </p>
   </div>
   <div class='ocr_carea' id='block_1_59' title="bbox 2568 2917 4144 2998">
    <p class='ocr_par' dir='ltr' id='par_1_59' title="bbox 2568 2917 4144 2998">
     <span class='ocr_line' id='line_1_59' title="bbox 2568 2917 4144 2998; baseline 0.012 -30"><span class='ocrx_word' id='word_1_403' title='bbox 2568 2917 2851 2988; x_wconf 85' lang='grc' dir='ltr'>πρησμὸν,</span> <span class='ocrx_word' id='word_1_404' title='bbox 2899 2919 2936 2973; x_wconf 77' lang='lat' dir='ltr'><strong>a</strong></span> <span class='ocrx_word' id='word_1_405' title='bbox 2971 2920 3036 2990; x_wconf 83' lang='grc' dir='ltr'><strong>δὴ</strong></span> <span class='ocrx_word' id='word_1_406' title='bbox 3081 2920 3371 2991; x_wconf 87' lang='grc' dir='ltr'>συμϐαίνει</span> <span class='ocrx_word' id='word_1_407' title='bbox 3415 2925 3558 2980; x_wconf 81' lang='grc' dir='ltr'>κατὰ</span> <span class='ocrx_word' id='word_1_408' title='bbox 3602 2927 3930 2998; x_wconf 83' lang='grc' dir='ltr'>Κρότωπον,</span> <span class='ocrx_word' id='word_1_409' title='bbox 3960 2931 4144 2997; x_wconf 70' lang='grc' dir='ltr'>γενεαὶ</span> 
     </span>
    </p>
   </div>
   <div class='ocr_carea' id='block_1_60' title="bbox 2565 3007 4145 3081">
    <p class='ocr_par' dir='ltr' id='par_1_60' title="bbox 2565 3007 4145 3081">
     <span class='ocr_line' id='line_1_60' title="bbox 2565 3007 4145 3081; baseline 0.009 -24"><span class='ocrx_word' id='word_1_410' title='bbox 2565 3007 2970 3076; x_wconf 88' lang='grc' dir='ltr'>τεσσαράκοντα</span> <span class='ocrx_word' id='word_1_411' title='bbox 3003 3009 3115 3079; x_wconf 75' lang='grc'>(20)</span> <span class='ocrx_word' id='word_1_412' title='bbox 3148 3008 3529 3080; x_wconf 77' lang='grc' dir='ltr'>ἀριθμοῦνταιο</span> <span class='ocrx_word' id='word_1_413' title='bbox 3565 3013 3644 3075; x_wconf 87' lang='grc' dir='ltr'><strong>είς</strong></span> <span class='ocrx_word' id='word_1_414' title='bbox 3679 3013 3859 3081; x_wconf 87' lang='grc' dir='ltr'>μέντοι</span> <span class='ocrx_word' id='word_1_415' title='bbox 3903 3015 3973 3069; x_wconf 81' lang='grc' dir='ltr'>τὰ</span> <span class='ocrx_word' id='word_1_416' title='bbox 4015 3017 4145 3070; x_wconf 80' lang='grc' dir='ltr'>ἑκα-</span> 
     </span>
    </p>
   </div>
   <div class='ocr_carea' id='block_1_61' title="bbox 2564 3093 4142 3170">
    <p class='ocr_par' dir='ltr' id='par_1_61' title="bbox 2564 3093 4142 3170">
     <span class='ocr_line' id='line_1_61' title="bbox 2564 3093 4142 3170; baseline 0.011 -24"><span class='ocrx_word' id='word_1_417' title='bbox 2564 3095 2655 3147; x_wconf 90' lang='grc' dir='ltr'><strong>τὸν</strong></span> <span class='ocrx_word' id='word_1_418' title='bbox 2699 3093 2793 3166; x_wconf 77' lang='grc' dir='ltr'>ἔτη</span> <span class='ocrx_word' id='word_1_419' title='bbox 2843 3099 2990 3167; x_wconf 85' lang='grc' dir='ltr'>τρεῖς</span> <span class='ocrx_word' id='word_1_420' title='bbox 3043 3098 3503 3167; x_wconf 81' lang='grc' dir='ltr'>ὲγκαταλέγονται</span> <span class='ocrx_word' id='word_1_421' title='bbox 3548 3104 3751 3170; x_wconf 81' lang='grc' dir='ltr'>γενεαί.</span> <span class='ocrx_word' id='word_1_422' title='bbox 3794 3106 3926 3160; x_wconf 80' lang='grc' dir='ltr'>Ἀπὸ</span> <span class='ocrx_word' id='word_1_423' title='bbox 3964 3107 4020 3161; x_wconf 82' lang='grc' dir='ltr'>δὲ</span> <span class='ocrx_word' id='word_1_424' title='bbox 4047 3109 4142 3164; x_wconf 83' lang='grc' dir='ltr'><strong>τοῦ</strong></span> 
     </span>
    </p>
   </div>
   <div class='ocr_carea' id='block_1_62' title="bbox 890 3184 2665 3301">
    <p class='ocr_par' dir='ltr' id='par_1_62' title="bbox 890 3201 2665 3301">
     <span class='ocr_line' id='line_1_62' title="bbox 890 3201 2665 3301; baseline 0.002 -43"><span class='ocrx_word' id='word_1_425' title='bbox 890 3214 1093 3259; x_wconf 84' lang='lat' dir='ltr'><strong>cuntur</strong></span> <span class='ocrx_word' id='word_1_426' title='bbox 1139 3212 1252 3257; x_wconf 88' lang='lat' dir='ltr'><strong>tres</strong></span> <span class='ocrx_word' id='word_1_427' title='bbox 1313 3202 1716 3274; x_wconf 86' lang='lat' dir='ltr'><strong>generationes.</strong></span> <span class='ocrx_word' id='word_1_428' title='bbox 1768 3201 1853 3256; x_wconf 82' lang='lat' dir='ltr'><strong>Ab</strong></span> <span class='ocrx_word' id='word_1_429' title='bbox 1888 3201 2250 3260; x_wconf 88' lang='lat' dir='ltr'><strong>inundatione</strong></span> <span class='ocrx_word' id='word_1_430' title='bbox 2283 3215 2461 3260; x_wconf 91' lang='lat' dir='ltr'><strong>autem</strong></span> <span class='ocrx_word' id='word_1_431' title='bbox 2490 3244 2532 3301; x_wconf 63' lang='grc' dir='ltr'>ο</span> <span class='ocrx_word' id='word_1_432' title='bbox 2567 3201 2665 3237; x_wconf 66' lang='grc' dir='ltr'>κατ</span> 
     </span>
    </p>
   </div>
   <div class='ocr_carea' id='block_1_63' title="bbox 2369 3184 4144 3301">
    <p class='ocr_par' dir='ltr' id='par_1_63' title="bbox 2369 3184 4144 3301">
     <span class='ocr_line' id='line_1_63' title="bbox 2369 3184 4144 3301; baseline 0 0"><span class='ocrx_word' id='word_1_433' title='bbox 2369 3217 2461 3260; x_wconf 67' lang='grc' dir='ltr'>ιειη</span> <span class='ocrx_word' id='word_1_434' title='bbox 2490 3244 2532 3301; x_wconf 89' lang='lat' dir='ltr'><strong>c</strong></span> <span class='ocrx_word' id='word_1_435' title='bbox 2567 3184 3082 3301; x_wconf 59' lang='grc' dir='ltr'><strong>ξῗῖῇκέἳξιξττὲξξὲ</strong></span> <span class='ocrx_word' id='word_1_436' title='bbox 3108 3187 3222 3301; x_wconf 64' lang='grc' dir='ltr'><strong>τέϊ,</strong></span> <span class='ocrx_word' id='word_1_437' title='bbox 3237 3189 3752 3301; x_wconf 44' lang='lat' dir='ltr'><strong>Tharria?“</strong></span> <span class='ocrx_word' id='word_1_438' title='bbox 3783 3197 3893 3301; x_wconf 64' lang='grc' dir='ltr'><strong>και.</strong></span> <span class='ocrx_word' id='word_1_439' title='bbox 3917 3197 4015 3301; x_wconf 52' lang='lat' dir='ltr'><strong>av.</strong></span> <span class='ocrx_word' id='word_1_440' title='bbox 4031 3197 4144 3301; x_wconf 65' lang='lat'><strong>:5&quot;-</strong></span> 
     </span>
    </p>
   </div>
   <div class='ocr_carea' id='block_1_64' title="bbox 891 3276 2666 3359">
    <p class='ocr_par' dir='ltr' id='par_1_64' title="bbox 891 3276 2664 3358">
     <span class='ocr_line' id='line_1_64' title="bbox 891 3276 2664 3358; baseline -0.004 -8"><span class='ocrx_word' id='word_1_441' title='bbox 891 3294 960 3350; x_wconf 78' lang='lat' dir='ltr'><strong>ad</strong></span> <span class='ocrx_word' id='word_1_442' title='bbox 992 3294 1098 3349; x_wconf 69' lang='lat' dir='ltr'><strong>Ida:</strong></span> <span class='ocrx_word' id='word_1_443' title='bbox 1135 3294 1469 3357; x_wconf 89' lang='lat' dir='ltr'><strong>incendium,</strong></span> <span class='ocrx_word' id='word_1_444' title='bbox 1505 3302 1560 3347; x_wconf 90' lang='lat' dir='ltr'><strong>et</strong></span> <span class='ocrx_word' id='word_1_445' title='bbox 1608 3291 1734 3346; x_wconf 82' lang='lat' dir='ltr'><strong>ferri</strong></span> <span class='ocrx_word' id='word_1_446' title='bbox 1761 3292 2152 3358; x_wconf 88' lang='lat' dir='ltr'><strong>inventionem,</strong></span> <span class='ocrx_word' id='word_1_447' title='bbox 2198 3303 2253 3349; x_wconf 93' lang='lat' dir='ltr'><strong>et</strong></span> <span class='ocrx_word' id='word_1_448' title='bbox 2291 3293 2462 3350; x_wconf 69' lang='lat' dir='ltr'><strong>Idaeos</strong></span> <span class='ocrx_word' id='word_1_449' title='bbox 2490 3276 2532 3301; x_wconf 55' lang='grc' dir='ltr'>υ</span> <span class='ocrx_word' id='word_1_450' title='bbox 2567 3289 2664 3343; x_wconf 79' lang='grc' dir='ltr'><strong>ρεσ</strong></span> 
     </span>
    </p>
   </div>
   <div class='ocr_carea' id='block_1_65' title="bbox 2368 3276 4143 3359">
    <p class='ocr_par' dir='ltr' id='par_1_65' title="bbox 2368 3276 4143 3359">
     <span class='ocr_line' id='line_1_65' title="bbox 2368 3276 4143 3359; baseline -0.008 -8"><span class='ocrx_word' id='word_1_451' title='bbox 2368 3310 2462 3350; x_wconf 78' lang='lat' dir='ltr'><strong>eos</strong></span> <span class='ocrx_word' id='word_1_452' title='bbox 2490 3276 2532 3301; x_wconf 54' lang='grc' dir='ltr'>υ</span> <span class='ocrx_word' id='word_1_453' title='bbox 2567 3289 2714 3343; x_wconf 85' lang='grc' dir='ltr'>ρεσιν</span> <span class='ocrx_word' id='word_1_454' title='bbox 2742 3276 2834 3328; x_wconf 77' lang='grc' dir='ltr'>τοῦ</span> <span class='ocrx_word' id='word_1_455' title='bbox 2866 3276 3107 3347; x_wconf 81' lang='grc' dir='ltr'>σιδήρου,</span> <span class='ocrx_word' id='word_1_456' title='bbox 3134 3277 3228 3330; x_wconf 77' lang='grc' dir='ltr'>καὶ</span> <span class='ocrx_word' id='word_1_457' title='bbox 3270 3279 3491 3344; x_wconf 86' lang='grc' dir='ltr'>Ἰδαίους</span> <span class='ocrx_word' id='word_1_458' title='bbox 3513 3283 3844 3348; x_wconf 88' lang='grc' dir='ltr'>Δακτύλους,</span> <span class='ocrx_word' id='word_1_459' title='bbox 3869 3285 3960 3359; x_wconf 78' lang='grc' dir='ltr'>ἔτη</span> <span class='ocrx_word' id='word_1_460' title='bbox 3996 3288 4143 3343; x_wconf 75' lang='grc' dir='ltr'>ἐϐδο-</span> 
     </span>
    </p>
   </div>
   <div class='ocr_carea' id='block_1_66' title="bbox 892 3381 2458 3454">
    <p class='ocr_par' dir='ltr' id='par_1_66' title="bbox 892 3381 2458 3454">
     <span class='ocr_line' id='line_1_66' title="bbox 892 3381 2458 3454; baseline 0 -17"><span class='ocrx_word' id='word_1_461' title='bbox 892 3383 1167 3454; x_wconf 81' lang='lat' dir='ltr'><strong>Dactylos,</strong></span> <span class='ocrx_word' id='word_1_462' title='bbox 1191 3381 1320 3437; x_wconf 91' lang='lat' dir='ltr'><strong>anni</strong></span> <span class='ocrx_word' id='word_1_463' title='bbox 1352 3381 1694 3452; x_wconf 84' lang='lat' dir='ltr'><strong>septuaginta</strong></span> <span class='ocrx_word' id='word_1_464' title='bbox 1720 3389 1853 3445; x_wconf 89' lang='lat' dir='ltr'><strong>tres,</strong></span> <span class='ocrx_word' id='word_1_465' title='bbox 1889 3387 1949 3433; x_wconf 95' lang='lat' dir='ltr'><strong>ut</strong></span> <span class='ocrx_word' id='word_1_466' title='bbox 1988 3381 2066 3435; x_wconf 92' lang='lat' dir='ltr'><strong>ait</strong></span> <span class='ocrx_word' id='word_1_467' title='bbox 2103 3381 2458 3452; x_wconf 86' lang='lat' dir='ltr'><strong>Thrasyllus;</strong></span> 
     </span>
    </p>
   </div>
   <div class='ocr_carea' id='block_1_67' title="bbox 883 3474 2458 3546">
    <p class='ocr_par' dir='ltr' id='par_1_67' title="bbox 883 3474 2458 3546">
     <span class='ocr_line' id='line_1_67' title="bbox 883 3474 2458 3546; baseline 0 -16"><span class='ocrx_word' id='word_1_468' title='bbox 883 3485 946 3530; x_wconf 79' lang='lat' dir='ltr'><strong>et</strong></span> <span class='ocrx_word' id='word_1_469' title='bbox 977 3476 1046 3530; x_wconf 86' lang='lat' dir='ltr'><strong>ab</strong></span> <span class='ocrx_word' id='word_1_470' title='bbox 1099 3474 1204 3529; x_wconf 73' lang='lat' dir='ltr'><strong>Ida:</strong></span> <span class='ocrx_word' id='word_1_471' title='bbox 1251 3474 1506 3528; x_wconf 88' lang='lat' dir='ltr'><strong>incendio</strong></span> <span class='ocrx_word' id='word_1_472' title='bbox 1540 3490 1715 3544; x_wconf 91' lang='lat' dir='ltr'><strong>usque</strong></span> <span class='ocrx_word' id='word_1_473' title='bbox 1740 3474 1807 3528; x_wconf 88' lang='lat' dir='ltr'><strong>ad</strong></span> <span class='ocrx_word' id='word_1_474' title='bbox 1842 3484 2059 3542; x_wconf 89' lang='lat' dir='ltr'><strong>raptum</strong></span> <span class='ocrx_word' id='word_1_475' title='bbox 2106 3474 2458 3546; x_wconf 82' lang='lat' dir='ltr'><strong>Ganymedis.</strong></span> 
     </span>
    </p>
   </div>
   <div class='ocr_carea' id='block_1_68' title="bbox 883 3565 2461 3636">
    <p class='ocr_par' dir='ltr' id='par_1_68' title="bbox 883 3565 2461 3636">
     <span class='ocr_line' id='line_1_68' title="bbox 883 3565 2461 3636; baseline 0.001 -15"><span class='ocrx_word' id='word_1_476' title='bbox 883 3568 1019 3622; x_wconf 88' lang='lat' dir='ltr'><strong>anni</strong></span> <span class='ocrx_word' id='word_1_477' title='bbox 1060 3567 1342 3633; x_wconf 75' lang='lat' dir='ltr'><strong>sexaginta</strong></span> <span class='ocrx_word' id='word_1_478' title='bbox 1390 3566 1650 3636; x_wconf 92' lang='lat' dir='ltr'><strong>quinque.</strong></span> <span class='ocrx_word' id='word_1_479' title='bbox 1682 3565 1820 3620; x_wconf 84' lang='lat' dir='ltr'><strong>Hinc</strong></span> <span class='ocrx_word' id='word_1_480' title='bbox 1847 3575 2028 3620; x_wconf 88' lang='lat' dir='ltr'><strong>autem</strong></span> <span class='ocrx_word' id='word_1_481' title='bbox 2057 3566 2124 3620; x_wconf 90' lang='lat' dir='ltr'><strong>ad</strong></span> <span class='ocrx_word' id='word_1_482' title='bbox 2147 3565 2330 3622; x_wconf 83' lang='lat' dir='ltr'><strong>Persei</strong></span> <span class='ocrx_word' id='word_1_483' title='bbox 2365 3583 2461 3622; x_wconf 82' lang='lat' dir='ltr'><strong>ex-</strong></span> 
     </span>
    </p>
   </div>
   <div class='ocr_carea' id='block_1_69' title="bbox 888 3656 2460 3728">
    <p class='ocr_par' dir='ltr' id='par_1_69' title="bbox 888 3656 2460 3728">
     <span class='ocr_line' id='line_1_69' title="bbox 888 3656 2460 3728; baseline 0.002 -17"><span class='ocrx_word' id='word_1_484' title='bbox 888 3659 1239 3728; x_wconf 88' lang='lat' dir='ltr'><strong>peditionem,</strong></span> <span class='ocrx_word' id='word_1_485' title='bbox 1274 3657 1496 3727; x_wconf 89' lang='lat' dir='ltr'><strong>quando</strong></span> <span class='ocrx_word' id='word_1_486' title='bbox 1527 3658 1693 3712; x_wconf 91' lang='lat' dir='ltr'><strong>etiam</strong></span> <span class='ocrx_word' id='word_1_487' title='bbox 1724 3657 1968 3712; x_wconf 88' lang='lat' dir='ltr'><strong>Glaucus</strong></span> <span class='ocrx_word' id='word_1_488' title='bbox 2008 3656 2235 3713; x_wconf 89' lang='lat' dir='ltr'><strong>Isthmia</strong></span> <span class='ocrx_word' id='word_1_489' title='bbox 2268 3659 2460 3714; x_wconf 86' lang='lat' dir='ltr'><strong>statuit</strong></span> 
     </span>
    </p>
   </div>
   <div class='ocr_carea' id='block_1_70' title="bbox 884 3749 2455 3820">
    <p class='ocr_par' dir='ltr' id='par_1_70' title="bbox 884 3749 2455 3820">
     <span class='ocr_line' id='line_1_70' title="bbox 884 3749 2455 3820; baseline 0.001 -18"><span class='ocrx_word' id='word_1_490' title='bbox 884 3759 1110 3820; x_wconf 87' lang='lat' dir='ltr'><strong>propter</strong></span> <span class='ocrx_word' id='word_1_491' title='bbox 1127 3749 1484 3813; x_wconf 88' lang='lat' dir='ltr'><strong>Melicertam,</strong></span> <span class='ocrx_word' id='word_1_492' title='bbox 1509 3751 1638 3804; x_wconf 90' lang='lat' dir='ltr'><strong>anni</strong></span> <span class='ocrx_word' id='word_1_493' title='bbox 1656 3750 1990 3820; x_wconf 89' lang='lat' dir='ltr'><strong>quindecim.</strong></span> <span class='ocrx_word' id='word_1_494' title='bbox 2009 3751 2056 3804; x_wconf 90' lang='lat' dir='ltr'><strong>A</strong></span> <span class='ocrx_word' id='word_1_495' title='bbox 2072 3749 2254 3806; x_wconf 87' lang='lat' dir='ltr'><strong>Persei</strong></span> <span class='ocrx_word' id='word_1_496' title='bbox 2276 3761 2455 3806; x_wconf 89' lang='lat' dir='ltr'><strong>autem</strong></span> 
     </span>
    </p>
   </div>
   <div class='ocr_carea' id='block_1_71' title="bbox 886 3839 2458 3911">
    <p class='ocr_par' dir='ltr' id='par_1_71' title="bbox 886 3839 2458 3911">
     <span class='ocr_line' id='line_1_71' title="bbox 886 3839 2458 3911; baseline -0.003 -14"><span class='ocrx_word' id='word_1_497' title='bbox 886 3841 1230 3911; x_wconf 80' lang='lat' dir='ltr'><strong>expeditione</strong></span> <span class='ocrx_word' id='word_1_498' title='bbox 1257 3839 1326 3894; x_wconf 90' lang='lat' dir='ltr'><strong>ad</strong></span> <span class='ocrx_word' id='word_1_499' title='bbox 1357 3839 1574 3908; x_wconf 74' lang='lat' dir='ltr'><strong>Troiam</strong></span> <span class='ocrx_word' id='word_1_500' title='bbox 1593 3839 1895 3904; x_wconf 89' lang='lat' dir='ltr'><strong>conditam,</strong></span> <span class='ocrx_word' id='word_1_501' title='bbox 1925 3841 2056 3894; x_wconf 88' lang='lat' dir='ltr'><strong>anni</strong></span> <span class='ocrx_word' id='word_1_502' title='bbox 2085 3839 2306 3908; x_wconf 81' lang='lat' dir='ltr'><strong>triginta</strong></span> <span class='ocrx_word' id='word_1_503' title='bbox 2329 3857 2458 3910; x_wconf 88' lang='lat' dir='ltr'><strong>qua-</strong></span> 
     </span>
    </p>
   </div>
   <div class='ocr_carea' id='block_1_72' title="bbox 890 3931 2460 4004">
    <p class='ocr_par' dir='ltr' id='par_1_72' title="bbox 890 3931 2460 4004">
     <span class='ocr_line' id='line_1_72' title="bbox 890 3931 2460 4004; baseline -0.001 -16"><span class='ocrx_word' id='word_1_504' title='bbox 890 3946 1032 3989; x_wconf 92' lang='lat' dir='ltr'><strong>tuor.</strong></span> <span class='ocrx_word' id='word_1_505' title='bbox 1070 3931 1208 3987; x_wconf 89' lang='lat' dir='ltr'><strong>IIinc</strong></span> <span class='ocrx_word' id='word_1_506' title='bbox 1231 3931 1300 3986; x_wconf 90' lang='lat' dir='ltr'><strong>ad</strong></span> <span class='ocrx_word' id='word_1_507' title='bbox 1334 3934 1512 3998; x_wconf 90' lang='lat' dir='ltr'><strong>navis,</strong></span> <span class='ocrx_word' id='word_1_508' title='bbox 1543 3947 1663 4002; x_wconf 64' lang='lat' dir='ltr'><strong>quae</strong></span> <span class='ocrx_word' id='word_1_509' title='bbox 1683 3931 1826 4002; x_wconf 87' lang='lat' dir='ltr'><strong>Argo</strong></span> <span class='ocrx_word' id='word_1_510' title='bbox 1851 3933 1996 3987; x_wconf 90' lang='lat' dir='ltr'><strong>dicta</strong></span> <span class='ocrx_word' id='word_1_511' title='bbox 2025 3941 2129 4000; x_wconf 88' lang='lat' dir='ltr'><strong>est,</strong></span> <span class='ocrx_word' id='word_1_512' title='bbox 2155 3932 2460 4004; x_wconf 83' lang='lat' dir='ltr'><strong>navigatio-</strong></span> 
     </span>
    </p>
   </div>
   <div class='ocr_carea' id='block_1_73' title="bbox 887 4022 2455 4093">
    <p class='ocr_par' dir='ltr' id='par_1_73' title="bbox 887 4022 2455 4093">
     <span class='ocr_line' id='line_1_73' title="bbox 887 4022 2455 4093; baseline -0.001 -13"><span class='ocrx_word' id='word_1_513' title='bbox 887 4041 1034 4092; x_wconf 88' lang='lat' dir='ltr'><strong>nem,</strong></span> <span class='ocrx_word' id='word_1_514' title='bbox 1068 4025 1198 4079; x_wconf 86' lang='lat' dir='ltr'><strong>anni</strong></span> <span class='ocrx_word' id='word_1_515' title='bbox 1251 4023 1534 4092; x_wconf 66' lang='lat' dir='ltr'><strong>sexaginta</strong></span> <span class='ocrx_word' id='word_1_516' title='bbox 1579 4030 1836 4093; x_wconf 90' lang='lat' dir='ltr'><strong>quatuor.</strong></span> <span class='ocrx_word' id='word_1_517' title='bbox 1874 4022 1958 4076; x_wconf 85' lang='lat' dir='ltr'><strong>Ab</strong></span> <span class='ocrx_word' id='word_1_518' title='bbox 1992 4038 2057 4077; x_wconf 91' lang='lat' dir='ltr'><strong>eo</strong></span> <span class='ocrx_word' id='word_1_519' title='bbox 2089 4032 2334 4092; x_wconf 90' lang='lat' dir='ltr'><strong>tempore</strong></span> <span class='ocrx_word' id='word_1_520' title='bbox 2387 4025 2455 4079; x_wconf 90' lang='lat' dir='ltr'><strong>ad</strong></span> 
     </span>
    </p>
   </div>
   <div class='ocr_carea' id='block_1_74' title="bbox 886 4113 2458 4184">
    <p class='ocr_par' dir='ltr' id='par_1_74' title="bbox 886 4113 2458 4184">
     <span class='ocr_line' id='line_1_74' title="bbox 886 4113 2458 4184; baseline 0 -13"><span class='ocrx_word' id='word_1_521' title='bbox 886 4117 1156 4172; x_wconf 87' lang='lat' dir='ltr'><strong>Theseum</strong></span> <span class='ocrx_word' id='word_1_522' title='bbox 1187 4123 1243 4169; x_wconf 87' lang='lat' dir='ltr'><strong>et</strong></span> <span class='ocrx_word' id='word_1_523' title='bbox 1269 4113 1662 4179; x_wconf 84' lang='lat' dir='ltr'><strong>Minotaurum,</strong></span> <span class='ocrx_word' id='word_1_524' title='bbox 1687 4114 1820 4168; x_wconf 90' lang='lat' dir='ltr'><strong>anni</strong></span> <span class='ocrx_word' id='word_1_525' title='bbox 1841 4113 2066 4184; x_wconf 88' lang='lat' dir='ltr'><strong>triginta</strong></span> <span class='ocrx_word' id='word_1_526' title='bbox 2089 4114 2218 4170; x_wconf 90' lang='lat' dir='ltr'><strong>duo.</strong></span> <span class='ocrx_word' id='word_1_527' title='bbox 2254 4114 2458 4171; x_wconf 88' lang='lat' dir='ltr'><strong>Deinde</strong></span> 
     </span>
    </p>
   </div>
   <div class='ocr_carea' id='block_1_75' title="bbox 887 4204 2455 4274">
    <p class='ocr_par' dir='ltr' id='par_1_75' title="bbox 887 4204 2455 4274">
     <span class='ocr_line' id='line_1_75' title="bbox 887 4204 2455 4274; baseline -0.002 -13"><span class='ocrx_word' id='word_1_528' title='bbox 887 4208 954 4262; x_wconf 91' lang='lat' dir='ltr'><strong>ad</strong></span> <span class='ocrx_word' id='word_1_529' title='bbox 977 4221 1072 4260; x_wconf 90' lang='lat' dir='ltr'><strong>eos</strong></span> <span class='ocrx_word' id='word_1_530' title='bbox 1105 4215 1343 4274; x_wconf 85' lang='lat' dir='ltr'><strong>septem,</strong></span> <span class='ocrx_word' id='word_1_531' title='bbox 1378 4205 1470 4273; x_wconf 90' lang='lat' dir='ltr'><strong>qui</strong></span> <span class='ocrx_word' id='word_1_532' title='bbox 1503 4204 1718 4258; x_wconf 88' lang='lat' dir='ltr'><strong>Thebas</strong></span> <span class='ocrx_word' id='word_1_533' title='bbox 1747 4218 2152 4274; x_wconf 84' lang='lat' dir='ltr'><strong>oppugnavere,</strong></span> <span class='ocrx_word' id='word_1_534' title='bbox 2201 4207 2330 4257; x_wconf 87' lang='lat' dir='ltr'><strong>anni</strong></span> <span class='ocrx_word' id='word_1_535' title='bbox 2360 4205 2455 4258; x_wconf 87' lang='lat' dir='ltr'><strong>de-</strong></span> 
     </span>
    </p>
   </div>
   <div class='ocr_carea' id='block_1_76' title="bbox 888 4293 2454 4366">
    <p class='ocr_par' dir='ltr' id='par_1_76' title="bbox 888 4293 2454 4366">
     <span class='ocr_line' id='line_1_76' title="bbox 888 4293 2454 4366; baseline -0.003 -14"><span class='ocrx_word' id='word_1_536' title='bbox 888 4313 1032 4352; x_wconf 89' lang='lat' dir='ltr'><strong>cem.</strong></span> <span class='ocrx_word' id='word_1_537' title='bbox 1067 4296 1148 4350; x_wconf 87' lang='lat' dir='ltr'><strong>Ad</strong></span> <span class='ocrx_word' id='word_1_538' title='bbox 1181 4293 1525 4366; x_wconf 75' lang='lat' dir='ltr'><strong>Olympicum</strong></span> <span class='ocrx_word' id='word_1_539' title='bbox 1560 4305 1735 4348; x_wconf 88' lang='lat' dir='ltr'><strong>autem</strong></span> <span class='ocrx_word' id='word_1_540' title='bbox 1771 4302 2070 4361; x_wconf 88' lang='lat' dir='ltr'><strong>certamen,</strong></span> <span class='ocrx_word' id='word_1_541' title='bbox 2108 4295 2254 4364; x_wconf 91' lang='lat' dir='ltr'><strong>quod</strong></span> <span class='ocrx_word' id='word_1_542' title='bbox 2298 4295 2454 4349; x_wconf 78' lang='lat' dir='ltr'><strong>insti-</strong></span> 
     </span>
    </p>
   </div>
   <div class='ocr_carea' id='block_1_77' title="bbox 953 4421 2243 4490">
    <p class='ocr_par' dir='ltr' id='par_1_77' title="bbox 953 4421 2243 4490">
     <span class='ocr_line' id='line_1_77' title="bbox 953 4421 2243 4490; baseline -0.002 -10"><span class='ocrx_word' id='word_1_543' title='bbox 953 4433 1017 4490; x_wconf 78' lang='grc' dir='ltr'><strong>›Ῑ‹</strong></span> <span class='ocrx_word' id='word_1_544' title='bbox 1058 4426 1121 4480; x_wconf 85' lang='grc' dir='ltr'><strong>Ρ.</strong></span> <span class='ocrx_word' id='word_1_545' title='bbox 1153 4425 1249 4479; x_wconf 70' lang='grc'><strong>401</strong></span> <span class='ocrx_word' id='word_1_546' title='bbox 1288 4423 1394 4479; x_wconf 86' lang='grc' dir='ltr'><strong>ΕΙ).</strong></span> <span class='ocrx_word' id='word_1_547' title='bbox 1425 4421 1722 4488; x_wconf 80' lang='lat' dir='ltr'><strong>POTTER,</strong></span> <span class='ocrx_word' id='word_1_548' title='bbox 1753 4424 1857 4479; x_wconf 74' lang='lat'><strong>5&#39;56</strong></span> <span class='ocrx_word' id='word_1_549' title='bbox 1882 4421 1991 4478; x_wconf 78' lang='grc' dir='ltr'><strong>ΕΙ).</strong></span> <span class='ocrx_word' id='word_1_550' title='bbox 2016 4423 2243 4479; x_wconf 83' lang='lat' dir='ltr'><strong>PAIIIS.</strong></span> 
     </span>
    </p>
   </div>
   <div class='ocr_carea' id='block_1_78' title="bbox 957 4553 2452 4627">
    <p class='ocr_par' dir='ltr' id='par_1_78' title="bbox 957 4553 2452 4627">
     <span class='ocr_line' id='line_1_78' title="bbox 957 4553 2452 4627; baseline -0.001 -15"><span class='ocrx_word' id='word_1_551' title='bbox 957 4559 1070 4627; x_wconf 73' lang='lat'><strong>(16)</strong></span> <span class='ocrx_word' id='word_1_552' title='bbox 1108 4558 1415 4626; x_wconf 64' lang='grc' dir='ltr'>Συρίων-[ας</span> <span class='ocrx_word' id='word_1_553' title='bbox 1461 4555 1654 4616; x_wconf 79' lang='grc' dir='ltr'><strong>Βουζῒ.</strong></span> <span class='ocrx_word' id='word_1_554' title='bbox 1706 4553 1996 4627; x_wconf 73' lang='lat' dir='ltr'><strong>Sophonia:</strong></span> <span class='ocrx_word' id='word_1_555' title='bbox 2038 4558 2192 4613; x_wconf 91' lang='lat' dir='ltr'><strong>initio</strong></span> <span class='ocrx_word' id='word_1_556' title='bbox 2234 4558 2452 4627; x_wconf 78' lang='lat' dir='ltr'><strong>legitur,</strong></span> 
     </span>
    </p>
   </div>
   <div class='ocr_carea' id='block_1_79' title="bbox 883 4626 2451 4698">
    <p class='ocr_par' dir='ltr' id='par_1_79' title="bbox 883 4626 2451 4698">
     <span class='ocr_line' id='line_1_79' title="bbox 883 4626 2451 4698; baseline -0.002 -16"><span class='ocrx_word' id='word_1_557' title='bbox 883 4626 1145 4698; x_wconf 69' lang='grc' dir='ltr'>Σοφονίαν</span> <span class='ocrx_word' id='word_1_558' title='bbox 1197 4627 1288 4680; x_wconf 89' lang='grc' dir='ltr'><strong>τὸν</strong></span> <span class='ocrx_word' id='word_1_559' title='bbox 1319 4627 1508 4687; x_wconf 78' lang='grc' dir='ltr'>Χουσί,</span> <span class='ocrx_word' id='word_1_560' title='bbox 1544 4644 1562 4676; x_wconf 71' lang='grc' dir='ltr'>ς</span> <span class='ocrx_word' id='word_1_561' title='bbox 1611 4626 1946 4696; x_wconf 77' lang='lat' dir='ltr'><strong>b‘oplioniam</strong></span> <span class='ocrx_word' id='word_1_562' title='bbox 1981 4628 2147 4682; x_wconf 82' lang='lat' dir='ltr'><strong>lilium</strong></span> <span class='ocrx_word' id='word_1_563' title='bbox 2206 4626 2396 4683; x_wconf 87' lang='lat' dir='ltr'><strong>Chusi.</strong></span> <span class='ocrx_word' id='word_1_564' title='bbox 2431 4648 2451 4679; x_wconf 72' lang='grc' dir='ltr'><strong>ι</strong></span> 
     </span>
    </p>
   </div>
   <div class='ocr_carea' id='block_1_80' title="bbox 886 4702 1152 4753">
    <p class='ocr_par' dir='ltr' id='par_1_80' title="bbox 886 4702 1152 4753">
     <span class='ocr_line' id='line_1_80' title="bbox 886 4702 1152 4753; baseline -0.011 0"><span class='ocrx_word' id='word_1_565' title='bbox 886 4702 1152 4753; x_wconf 66' lang='lat' dir='ltr'><strong>Summo.</strong></span> 
     </span>
    </p>
   </div>
   <div class='ocr_carea' id='block_1_81' title="bbox 958 4765 2456 4839">
    <p class='ocr_par' dir='ltr' id='par_1_81' title="bbox 958 4765 2456 4839">
     <span class='ocr_line' id='line_1_81' title="bbox 958 4765 2456 4839; baseline 0.001 -19"><span class='ocrx_word' id='word_1_566' title='bbox 958 4768 1166 4839; x_wconf 85' lang='lat' dir='ltr'><strong>(l7)_&#39;0</strong></span> <span class='ocrx_word' id='word_1_567' title='bbox 1194 4765 1336 4832; x_wconf 86' lang='grc' dir='ltr'>τοὺς</span> <span class='ocrx_word' id='word_1_568' title='bbox 1381 4765 1852 4839; x_wconf 59' lang='grc' dir='ltr'>ᾳυλᾷογισιιούς.</span> <span class='ocrx_word' id='word_1_569' title='bbox 1883 4765 2020 4839; x_wconf 81' lang='lat' dir='ltr'><strong>Cum</strong></span> <span class='ocrx_word' id='word_1_570' title='bbox 2050 4766 2133 4820; x_wconf 93' lang='lat' dir='ltr'><strong>his</strong></span> <span class='ocrx_word' id='word_1_571' title='bbox 2154 4767 2333 4822; x_wconf 78' lang='lat' dir='ltr'><strong>verbis</strong></span> <span class='ocrx_word' id='word_1_572' title='bbox 2355 4783 2456 4837; x_wconf 84' lang='lat' dir='ltr'><strong>pu-</strong></span> 
     </span>
    </p>
   </div>
   <div class='ocr_carea' id='block_1_82' title="bbox 884 4835 2453 4908">
    <p class='ocr_par' dir='ltr' id='par_1_82' title="bbox 884 4835 2453 4908">
     <span class='ocr_line' id='line_1_82' title="bbox 884 4835 2453 4908; baseline 0 -18"><span class='ocrx_word' id='word_1_573' title='bbox 884 4835 1014 4892; x_wconf 81' lang='lat' dir='ltr'><strong>tarit</strong></span> <span class='ocrx_word' id='word_1_574' title='bbox 1051 4835 1568 4908; x_wconf 22' lang='lat' dir='ltr'><strong>’fortasseﬂaliquis</strong></span> <span class='ocrx_word' id='word_1_575' title='bbox 1612 4837 2062 4908; x_wconf 82' lang='lat' dir='ltr'><strong>subaudiendum</strong></span> <span class='ocrx_word' id='word_1_576' title='bbox 2123 4835 2453 4908; x_wconf 82' lang='grc' dir='ltr'>ἐπιτετραμ-</span> 
     </span>
    </p>
   </div>
   <div class='ocr_carea' id='block_1_83' title="bbox 888 4904 2453 4975">
    <p class='ocr_par' dir='ltr' id='par_1_83' title="bbox 888 4904 2453 4975">
     <span class='ocr_line' id='line_1_83' title="bbox 888 4904 2453 4975; baseline 0.001 -16"><span class='ocrx_word' id='word_1_577' title='bbox 888 4908 1068 4975; x_wconf 82' lang='grc' dir='ltr'>μένος,</span> <span class='ocrx_word' id='word_1_578' title='bbox 1108 4908 1189 4961; x_wconf 87' lang='lat' dir='ltr'><strong>vel</strong></span> <span class='ocrx_word' id='word_1_579' title='bbox 1215 4907 1394 4961; x_wconf 85' lang='lat' dir='ltr'><strong>simile</strong></span> <span class='ocrx_word' id='word_1_580' title='bbox 1433 4904 1806 4975; x_wconf 76' lang='lat' dir='ltr'><strong>participium:</strong></span> <span class='ocrx_word' id='word_1_581' title='bbox 1842 4913 1938 4958; x_wconf 91' lang='lat' dir='ltr'><strong>aut</strong></span> <span class='ocrx_word' id='word_1_582' title='bbox 1975 4905 2280 4973; x_wconf 81' lang='lat' dir='ltr'><strong>legendum,</strong></span> <span class='ocrx_word' id='word_1_583' title='bbox 2303 4904 2331 4960; x_wconf 82' lang='grc' dir='ltr'>ὀ</span> <span class='ocrx_word' id='word_1_584' title='bbox 2361 4904 2453 4960; x_wconf 78' lang='grc' dir='ltr'><strong>ἐπὶ</strong></span> 
     </span>
    </p>
   </div>
   <div class='ocr_carea' id='block_1_84' title="bbox 885 4973 2452 5046">
    <p class='ocr_par' dir='ltr' id='par_1_84' title="bbox 885 4973 2452 5046">
     <span class='ocr_line' id='line_1_84' title="bbox 885 4973 2452 5046; baseline 0.002 -18"><span class='ocrx_word' id='word_1_585' title='bbox 885 4973 1009 5038; x_wconf 72' lang='grc' dir='ltr'>τοὺς</span> <span class='ocrx_word' id='word_1_586' title='bbox 1039 4976 1348 5046; x_wconf 85' lang='grc' dir='ltr'>λογισμούς,</span> <span class='ocrx_word' id='word_1_587' title='bbox 1387 4994 1404 5026; x_wconf 76' lang='grc' dir='ltr'>ι</span> <span class='ocrx_word' id='word_1_588' title='bbox 1441 4973 1543 5046; x_wconf 73' lang='lat' dir='ltr'><strong>Qui</strong></span> <span class='ocrx_word' id='word_1_589' title='bbox 1569 4973 1868 5046; x_wconf 76' lang='lat' dir='ltr'><strong>rationibus</strong></span> <span class='ocrx_word' id='word_1_590' title='bbox 1897 4984 2180 5046; x_wconf 49' lang='lat' dir='ltr'><strong>pignerat,»</strong></span> <span class='ocrx_word' id='word_1_591' title='bbox 2216 4985 2273 5028; x_wconf 93' lang='lat' dir='ltr'><strong>ut</strong></span> <span class='ocrx_word' id='word_1_592' title='bbox 2296 4988 2452 5031; x_wconf 86' lang='lat' dir='ltr'><strong>uota-</strong></span> 
     </span>
    </p>
   </div>
   <div class='ocr_carea' id='block_1_85' title="bbox 883 5042 2450 5114">
    <p class='ocr_par' dir='ltr' id='par_1_85' title="bbox 883 5042 2450 5114">
     <span class='ocr_line' id='line_1_85' title="bbox 883 5042 2450 5114; baseline 0.001 -17"><span class='ocrx_word' id='word_1_593' title='bbox 883 5046 964 5098; x_wconf 85' lang='lat' dir='ltr'><strong>vit</strong></span> <span class='ocrx_word' id='word_1_594' title='bbox 987 5042 1273 5114; x_wconf 80' lang='lat' dir='ltr'><strong>interpres.</strong></span> <span class='ocrx_word' id='word_1_595' title='bbox 1304 5046 1406 5099; x_wconf 82' lang='lat' dir='ltr'><strong>Sed</strong></span> <span class='ocrx_word' id='word_1_596' title='bbox 1437 5042 1907 5114; x_wconf 76' lang='lat' dir='ltr'><strong>verisimiliorest</strong></span> <span class='ocrx_word' id='word_1_597' title='bbox 1935 5045 2027 5098; x_wconf 90' lang='lat' dir='ltr'><strong>Fr.</strong></span> <span class='ocrx_word' id='word_1_598' title='bbox 2051 5042 2198 5114; x_wconf 58' lang='lat' dir='ltr'><strong>Junii</strong></span> <span class='ocrx_word' id='word_1_599' title='bbox 2229 5056 2450 5100; x_wconf 90' lang='lat' dir='ltr'><strong>senten-</strong></span> 
     </span>
    </p>
   </div>
   <div class='ocr_carea' id='block_1_86' title="bbox 883 5111 2451 5184">
    <p class='ocr_par' dir='ltr' id='par_1_86' title="bbox 883 5111 2451 5184">
     <span class='ocr_line' id='line_1_86' title="bbox 883 5111 2451 5184; baseline 0 -16"><span class='ocrx_word' id='word_1_600' title='bbox 883 5115 958 5169; x_wconf 83' lang='lat' dir='ltr'><strong>tia</strong></span> <span class='ocrx_word' id='word_1_601' title='bbox 975 5118 1002 5169; x_wconf 85' lang='grc' dir='ltr'>ὁ</span> <span class='ocrx_word' id='word_1_602' title='bbox 1033 5111 1158 5179; x_wconf 77' lang='grc' dir='ltr'>τοὺς</span> <span class='ocrx_word' id='word_1_603' title='bbox 1175 5113 1682 5184; x_wconf 14' lang='grc' dir='ltr'>συλλογισμούς,ᾼ50.</span> <span class='ocrx_word' id='word_1_604' title='bbox 1708 5111 1948 5182; x_wconf 71' lang='grc' dir='ltr'>γράψας·</span> <span class='ocrx_word' id='word_1_605' title='bbox 1975 5124 2033 5168; x_wconf 94' lang='lat' dir='ltr'><strong>ut</strong></span> <span class='ocrx_word' id='word_1_606' title='bbox 2062 5113 2297 5169; x_wconf 88' lang='lat' dir='ltr'><strong>Misaelis</strong></span> <span class='ocrx_word' id='word_1_607' title='bbox 2318 5117 2451 5170; x_wconf 88' lang='lat' dir='ltr'><strong>liber</strong></span> 
     </span>
    </p>
   </div>
   <div class='ocr_carea' id='block_1_87' title="bbox 881 5182 2447 5254">
    <p class='ocr_par' dir='ltr' id='par_1_87' title="bbox 881 5182 2447 5254">
     <span class='ocr_line' id='line_1_87' title="bbox 881 5182 2447 5254; baseline 0.001 -16"><span class='ocrx_word' id='word_1_608' title='bbox 881 5197 1196 5240; x_wconf 78' lang='lat' dir='ltr'><strong>sanctarum</strong></span> <span class='ocrx_word' id='word_1_609' title='bbox 1246 5182 1776 5253; x_wconf 82' lang='lat' dir='ltr'><strong>argumentationum</strong></span> <span class='ocrx_word' id='word_1_610' title='bbox 1825 5186 2162 5252; x_wconf 81' lang='lat' dir='ltr'><strong>signiﬁcetur</strong></span> <span class='ocrx_word' id='word_1_611' title='bbox 2207 5202 2219 5237; x_wconf 94' lang='lat'>:</span> <span class='ocrx_word' id='word_1_612' title='bbox 2261 5187 2447 5254; x_wconf 79' lang='lat' dir='ltr'><strong>cujus-</strong></span> 
     </span>
    </p>
   </div>
   <div class='ocr_carea' id='block_1_88' title="bbox 885 5254 2444 5325">
    <p class='ocr_par' dir='ltr' id='par_1_88' title="bbox 885 5254 2444 5325">
     <span class='ocr_line' id='line_1_88' title="bbox 885 5254 2444 5325; baseline -0.001 -18"><span class='ocrx_word' id='word_1_613' title='bbox 885 5255 1031 5325; x_wconf 68' lang='lat' dir='ltr'><strong>gnodi</strong></span> <span class='ocrx_word' id='word_1_614' title='bbox 1069 5256 1380 5324; x_wconf 85' lang='lat' dir='ltr'><strong>complures</strong></span> <span class='ocrx_word' id='word_1_615' title='bbox 1409 5254 1499 5306; x_wconf 88' lang='lat' dir='ltr'><strong>alii</strong></span> <span class='ocrx_word' id='word_1_616' title='bbox 1528 5262 1881 5306; x_wconf 84' lang='lat' dir='ltr'><strong>recensentur</strong></span> <span class='ocrx_word' id='word_1_617' title='bbox 1914 5257 2052 5309; x_wconf 87' lang='lat' dir='ltr'><strong>inter</strong></span> <span class='ocrx_word' id='word_1_618' title='bbox 2085 5260 2444 5325; x_wconf 78' lang='lat' dir='ltr'><strong>apocryplios.</strong></span> 
     </span>
    </p>
   </div>
   <div class='ocr_carea' id='block_1_89' title="bbox 883 5324 960 5378">
    <p class='ocr_par' dir='ltr' id='par_1_89' title="bbox 883 5324 960 5378">
     <span class='ocr_line' id='line_1_89' title="bbox 883 5324 960 5378; baseline 0 -1"><span class='ocrx_word' id='word_1_619' title='bbox 883 5324 960 5378; x_wconf 85' lang='lat' dir='ltr'><strong>Io.</strong></span> 
     </span>
    </p>
   </div>
   <div class='ocr_carea' id='block_1_90' title="bbox 954 5389 2445 5464">
    <p class='ocr_par' dir='ltr' id='par_1_90' title="bbox 954 5389 2445 5464">
     <span class='ocr_line' id='line_1_90' title="bbox 954 5389 2445 5464; baseline 0 -18"><span class='ocrx_word' id='word_1_620' title='bbox 954 5393 1066 5464; x_wconf 85' lang='lat' dir='ltr'><strong>(l8)</strong></span> <span class='ocrx_word' id='word_1_621' title='bbox 1109 5393 1256 5464; x_wconf 61' lang='grc' dir='ltr'><strong>Τοὺς</strong></span> <span class='ocrx_word' id='word_1_622' title='bbox 1281 5391 1502 5464; x_wconf 79' lang='grc' dir='ltr'>αὐτοὺς</span> <span class='ocrx_word' id='word_1_623' title='bbox 1521 5389 1798 5460; x_wconf 78' lang='grc' dir='ltr'>χρόνους.</span> <span class='ocrx_word' id='word_1_624' title='bbox 1818 5389 1930 5448; x_wconf 86' lang='lat' dir='ltr'><strong>Hoc</strong></span> <span class='ocrx_word' id='word_1_625' title='bbox 1957 5404 2064 5459; x_wconf 83' lang='lat' dir='ltr'><strong>est,</strong></span> <span class='ocrx_word' id='word_1_626' title='bbox 2089 5402 2330 5462; x_wconf 86' lang='lat' dir='ltr'><strong>tempora</strong></span> <span class='ocrx_word' id='word_1_627' title='bbox 2350 5393 2445 5446; x_wconf 83' lang='grc' dir='ltr'>τοῦ</span> 
     </span>
    </p>
   </div>
   <div class='ocr_carea' id='block_1_91' title="bbox 884 5463 1674 5535">
    <p class='ocr_par' dir='ltr' id='par_1_91' title="bbox 884 5463 1674 5535">
     <span class='ocr_line' id='line_1_91' title="bbox 884 5463 1674 5535; baseline -0.006 -19"><span class='ocrx_word' id='word_1_628' title='bbox 884 5463 1431 5535; x_wconf 29' lang='grc' dir='ltr'><strong>Νόμου,έ,.1υ(1;ιὶι·ῖε</strong></span> <span class='ocrx_word' id='word_1_629' title='bbox 1462 5463 1612 5535; x_wconf 70' lang='lat' dir='ltr'><strong>legis.</strong></span> <span class='ocrx_word' id='word_1_630' title='bbox 1655 5479 1674 5510; x_wconf 83' lang='grc'><strong>›</strong></span> 
     </span>
    </p>
   </div>
   <div class='ocr_carea' id='block_1_92' title="bbox 951 5531 2444 5602">
    <p class='ocr_par' dir='ltr' id='par_1_92' title="bbox 951 5531 2444 5602">
     <span class='ocr_line' id='line_1_92' title="bbox 951 5531 2444 5602; baseline 0 -14"><span class='ocrx_word' id='word_1_631' title='bbox 951 5531 1065 5602; x_wconf 77' lang='lat' dir='ltr'><strong>(l9)</strong></span> <span class='ocrx_word' id='word_1_632' title='bbox 1105 5532 1223 5602; x_wconf 81' lang='grc' dir='ltr'>Τῆς</span> <span class='ocrx_word' id='word_1_633' title='bbox 1249 5531 1550 5599; x_wconf 85' lang='grc' dir='ltr'>Σωθιακῆς</span> <span class='ocrx_word' id='word_1_634' title='bbox 1578 5533 1878 5598; x_wconf 80' lang='grc' dir='ltr'>περιόδου.</span> <span class='ocrx_word' id='word_1_635' title='bbox 1919 5555 1939 5588; x_wconf 68' lang='grc' dir='ltr'><strong>ι</strong></span> <span class='ocrx_word' id='word_1_636' title='bbox 1977 5533 2246 5589; x_wconf 66' lang='lat' dir='ltr'><strong>Solliiaraa</strong></span> <span class='ocrx_word' id='word_1_637' title='bbox 2287 5550 2444 5588; x_wconf 85' lang='lat' dir='ltr'><strong>revo-</strong></span> 
     </span>
    </p>
   </div>
   <div class='ocr_carea' id='block_1_93' title="bbox 888 5607 2450 5676">
    <p class='ocr_par' dir='ltr' id='par_1_93' title="bbox 888 5607 2450 5676">
     <span class='ocr_line' id='line_1_93' title="bbox 888 5607 2450 5676; baseline -0.003 -10"><span class='ocrx_word' id='word_1_638' title='bbox 888 5614 1106 5667; x_wconf 93' lang='lat' dir='ltr'><strong>lutionis</strong></span> <span class='ocrx_word' id='word_1_639' title='bbox 1154 5631 1172 5662; x_wconf 75' lang='lat' dir='ltr'><strong>i</strong></span> <span class='ocrx_word' id='word_1_640' title='bbox 1222 5612 1465 5665; x_wconf 85' lang='lat' dir='ltr'><strong>meminit</strong></span> <span class='ocrx_word' id='word_1_641' title='bbox 1513 5611 1668 5664; x_wconf 82' lang='lat' dir='ltr'><strong>etiam</strong></span> <span class='ocrx_word' id='word_1_642' title='bbox 1725 5608 2047 5664; x_wconf 88' lang='lat' dir='ltr'><strong>Plutarchus</strong></span> <span class='ocrx_word' id='word_1_643' title='bbox 2101 5607 2154 5659; x_wconf 93' lang='lat' dir='ltr'><strong>in</strong></span> <span class='ocrx_word' id='word_1_644' title='bbox 2208 5608 2450 5676; x_wconf 74' lang='lat' dir='ltr'><strong>Sympos.</strong></span> 
     </span>
    </p>
   </div>
   <div class='ocr_carea' id='block_1_94' title="bbox 891 5677 2452 5750">
    <p class='ocr_par' dir='ltr' id='par_1_94' title="bbox 891 5677 2452 5750">
     <span class='ocr_line' id='line_1_94' title="bbox 891 5677 2452 5750; baseline -0.003 -16"><span class='ocrx_word' id='word_1_645' title='bbox 891 5681 1150 5736; x_wconf 84' lang='lat' dir='ltr'><strong>Problem.</strong></span> <span class='ocrx_word' id='word_1_646' title='bbox 1197 5683 1298 5736; x_wconf 83' lang='lat' dir='ltr'><strong>Sed</strong></span> <span class='ocrx_word' id='word_1_647' title='bbox 1354 5684 1616 5750; x_wconf 90' lang='lat' dir='ltr'><strong>interpres</strong></span> <span class='ocrx_word' id='word_1_648' title='bbox 1654 5680 1894 5739; x_wconf 87' lang='lat' dir='ltr'><strong>mavult.</strong></span> <span class='ocrx_word' id='word_1_649' title='bbox 1932 5678 2171 5750; x_wconf 79' lang='grc' dir='ltr'>πρὸτῆς</span> <span class='ocrx_word' id='word_1_650' title='bbox 2220 5677 2452 5750; x_wconf 78' lang='grc' dir='ltr'>ἰλιακῆς</span> 
     </span>
    </p>
   </div>
   <div class='ocr_carea' id='block_1_95' title="bbox 890 5748 2452 5818">
    <p class='ocr_par' dir='ltr' id='par_1_95' title="bbox 890 5748 2452 5818">
     <span class='ocr_line' id='line_1_95' title="bbox 890 5748 2452 5818; baseline -0.002 -15"><span class='ocrx_word' id='word_1_651' title='bbox 890 5753 1174 5816; x_wconf 85' lang='grc' dir='ltr'>ἁλώσεως,</span> <span class='ocrx_word' id='word_1_652' title='bbox 1217 5773 1232 5801; x_wconf 77' lang='grc' dir='ltr'><strong>ι</strong></span> <span class='ocrx_word' id='word_1_653' title='bbox 1280 5764 1402 5806; x_wconf 85' lang='lat' dir='ltr'><strong>ante</strong></span> <span class='ocrx_word' id='word_1_654' title='bbox 1435 5748 1646 5818; x_wconf 81' lang='lat' dir='ltr'><strong>captum</strong></span> <span class='ocrx_word' id='word_1_655' title='bbox 1674 5750 1828 5802; x_wconf 92' lang='lat' dir='ltr'><strong>Ilium</strong></span> <span class='ocrx_word' id='word_1_656' title='bbox 1863 5767 1876 5802; x_wconf 91' lang='lat'>:</span> <span class='ocrx_word' id='word_1_657' title='bbox 1915 5767 1932 5799; x_wconf 72' lang='grc' dir='ltr'><strong>ι</strong></span> <span class='ocrx_word' id='word_1_658' title='bbox 1967 5748 2161 5818; x_wconf 64' lang='lat' dir='ltr'><strong>Quippe</strong></span> <span class='ocrx_word' id='word_1_659' title='bbox 2199 5749 2342 5816; x_wconf 86' lang='lat' dir='ltr'><strong>quod</strong></span> <span class='ocrx_word' id='word_1_660' title='bbox 2384 5751 2452 5800; x_wconf 89' lang='lat' dir='ltr'><strong>ab</strong></span> 
     </span>
    </p>
   </div>
   <div class='ocr_carea' id='block_1_96' title="bbox 893 5818 2450 5891">
    <p class='ocr_par' dir='ltr' id='par_1_96' title="bbox 893 5818 2450 5891">
     <span class='ocr_line' id='line_1_96' title="bbox 893 5818 2450 5891; baseline -0.004 -17"><span class='ocrx_word' id='word_1_661' title='bbox 893 5821 1086 5878; x_wconf 68' lang='lat' dir='ltr'><strong>luat-ho</strong></span> <span class='ocrx_word' id='word_1_662' title='bbox 1115 5839 1285 5891; x_wconf 87' lang='lat' dir='ltr'><strong>usque</strong></span> <span class='ocrx_word' id='word_1_663' title='bbox 1314 5823 1377 5874; x_wconf 89' lang='lat' dir='ltr'><strong>ad</strong></span> <span class='ocrx_word' id='word_1_664' title='bbox 1414 5829 1622 5888; x_wconf 85' lang='lat' dir='ltr'><strong>captam</strong></span> <span class='ocrx_word' id='word_1_665' title='bbox 1649 5820 1867 5891; x_wconf 86' lang='lat' dir='ltr'><strong>Trojam</strong></span> <span class='ocrx_word' id='word_1_666' title='bbox 1899 5821 2304 5891; x_wconf 74' lang='lat' dir='ltr'><strong>intercesserint</strong></span> <span class='ocrx_word' id='word_1_667' title='bbox 2331 5818 2450 5885; x_wconf 84' lang='lat' dir='ltr'><strong>plus</strong></span> 
     </span>
    </p>
   </div>
   <div class='ocr_carea' id='block_1_97' title="bbox 889 5889 2450 5964">
    <p class='ocr_par' dir='ltr' id='par_1_97' title="bbox 889 5889 2450 5964">
     <span class='ocr_line' id='line_1_97' title="bbox 889 5889 2450 5964; baseline -0.003 -18"><span class='ocrx_word' id='word_1_668' title='bbox 889 5908 1053 5962; x_wconf 80' lang='lat' dir='ltr'><strong>quam</strong></span> <span class='ocrx_word' id='word_1_669' title='bbox 1104 5889 1482 5964; x_wconf 82' lang='lat' dir='ltr'><strong>quadringenti</strong></span> <span class='ocrx_word' id='word_1_670' title='bbox 1533 5891 1691 5954; x_wconf 86' lang='lat' dir='ltr'><strong>anni,</strong></span> <span class='ocrx_word' id='word_1_671' title='bbox 1742 5898 1802 5944; x_wconf 94' lang='lat' dir='ltr'><strong>ut</strong></span> <span class='ocrx_word' id='word_1_672' title='bbox 1851 5889 1969 5960; x_wconf 89' lang='lat' dir='ltr'><strong>ipse</strong></span> <span class='ocrx_word' id='word_1_673' title='bbox 2026 5889 2274 5944; x_wconf 87' lang='lat' dir='ltr'><strong>Clemens</strong></span> <span class='ocrx_word' id='word_1_674' title='bbox 2329 5898 2450 5941; x_wconf 86' lang='lat' dir='ltr'><strong>ante</strong></span> 
     </span>
    </p>
   </div>
   <div class='ocr_carea' id='block_1_98' title="bbox 2565 3361 4142 3450">
    <p class='ocr_par' dir='ltr' id='par_1_98' title="bbox 2565 3361 4142 3450">
     <span class='ocr_line' id='line_1_98' title="bbox 2565 3361 4142 3450; baseline 0.003 -27"><span class='ocrx_word' id='word_1_675' title='bbox 2565 3361 2938 3434; x_wconf 75' lang='grc' dir='ltr'>μηκοντατρισο</span> <span class='ocrx_word' id='word_1_676' title='bbox 2983 3405 2999 3430; x_wconf 84' lang='grc'><strong>,</strong></span> <span class='ocrx_word' id='word_1_677' title='bbox 3035 3367 3111 3431; x_wconf 84' lang='grc' dir='ltr'>ὥς</span> <span class='ocrx_word' id='word_1_678' title='bbox 3163 3386 3296 3438; x_wconf 83' lang='grc' dir='ltr'>φησι</span> <span class='ocrx_word' id='word_1_679' title='bbox 3345 3371 3674 3442; x_wconf 72' lang='grc' dir='ltr'>Θράσυλλοςο</span> <span class='ocrx_word' id='word_1_680' title='bbox 3719 3376 3815 3430; x_wconf 77' lang='grc' dir='ltr'>καὶ</span> <span class='ocrx_word' id='word_1_681' title='bbox 3855 3378 3962 3430; x_wconf 84' lang='grc' dir='ltr'>ἀπὸ</span> <span class='ocrx_word' id='word_1_682' title='bbox 3998 3380 4142 3450; x_wconf 73' lang='grc' dir='ltr'>Ἴδης</span> 
     </span>
    </p>
   </div>
   <div class='ocr_carea' id='block_1_99' title="bbox 2560 3454 4139 3539">
    <p class='ocr_par' dir='ltr' id='par_1_99' title="bbox 2560 3454 4139 3539">
     <span class='ocr_line' id='line_1_99' title="bbox 2560 3454 4139 3539; baseline 0.012 -34"><span class='ocrx_word' id='word_1_683' title='bbox 2560 3454 2889 3525; x_wconf 82' lang='grc' dir='ltr'>ἐμπρησμοῦ</span> <span class='ocrx_word' id='word_1_684' title='bbox 2917 3457 3010 3508; x_wconf 75' lang='grc' dir='ltr'><strong>ἐπὶ</strong></span> <span class='ocrx_word' id='word_1_685' title='bbox 3034 3457 3380 3531; x_wconf 77' lang='grc' dir='ltr'>Γανυμήδους</span> <span class='ocrx_word' id='word_1_686' title='bbox 3411 3463 3687 3535; x_wconf 84' lang='grc' dir='ltr'>ἁρπαγὴν,</span> <span class='ocrx_word' id='word_1_687' title='bbox 3722 3466 3814 3536; x_wconf 79' lang='grc' dir='ltr'>ἔτη</span> <span class='ocrx_word' id='word_1_688' title='bbox 3851 3469 4139 3539; x_wconf 77' lang='grc' dir='ltr'>ἑξηκοντα-</span> 
     </span>
    </p>
   </div>
   <div class='ocr_carea' id='block_1_100' title="bbox 2560 3543 4136 3631">
    <p class='ocr_par' dir='ltr' id='par_1_100' title="bbox 2560 3543 4136 3631">
     <span class='ocr_line' id='line_1_100' title="bbox 2560 3543 4136 3631; baseline 0.013 -36"><span class='ocrx_word' id='word_1_689' title='bbox 2560 3543 2740 3598; x_wconf 90' lang='grc' dir='ltr'>πέντε.</span> <span class='ocrx_word' id='word_1_690' title='bbox 2795 3547 3074 3601; x_wconf 80' lang='grc' dir='ltr'>Ἐντεῦθεν</span> <span class='ocrx_word' id='word_1_691' title='bbox 3121 3549 3177 3602; x_wconf 85' lang='grc' dir='ltr'>δὲ</span> <span class='ocrx_word' id='word_1_692' title='bbox 3224 3552 3318 3604; x_wconf 78' lang='grc' dir='ltr'><strong>ἐπὶ</strong></span> <span class='ocrx_word' id='word_1_693' title='bbox 3363 3552 3462 3623; x_wconf 81' lang='grc' dir='ltr'>τὴν</span> <span class='ocrx_word' id='word_1_694' title='bbox 3508 3555 3761 3626; x_wconf 88' lang='grc' dir='ltr'>Περσέως</span> <span class='ocrx_word' id='word_1_695' title='bbox 3814 3563 4136 3631; x_wconf 89' lang='grc' dir='ltr'>στρατείαν,</span> 
     </span>
    </p>
   </div>
   <div class='ocr_carea' id='block_1_101' title="bbox 2556 3637 4134 3727">
    <p class='ocr_par' dir='ltr' id='par_1_101' title="bbox 2556 3637 4134 3727">
     <span class='ocr_line' id='line_1_101' title="bbox 2556 3637 4134 3727; baseline 0.011 -37"><span class='ocrx_word' id='word_1_696' title='bbox 2556 3637 2643 3690; x_wconf 84' lang='grc' dir='ltr'>ὅτε</span> <span class='ocrx_word' id='word_1_697' title='bbox 2665 3638 2760 3692; x_wconf 74' lang='grc' dir='ltr'>καὶ</span> <span class='ocrx_word' id='word_1_698' title='bbox 2785 3639 3024 3703; x_wconf 81' lang='grc' dir='ltr'>Γλαῦκος</span> <span class='ocrx_word' id='word_1_699' title='bbox 3043 3641 3134 3694; x_wconf 79' lang='grc' dir='ltr'><strong>ἐπὶ</strong></span> <span class='ocrx_word' id='word_1_700' title='bbox 3158 3642 3463 3716; x_wconf 76' lang='grc' dir='ltr'>Μελικέρτῃ</span> <span class='ocrx_word' id='word_1_701' title='bbox 3483 3645 3550 3700; x_wconf 79' lang='grc' dir='ltr'>τὰ</span> <span class='ocrx_word' id='word_1_702' title='bbox 3566 3647 3784 3717; x_wconf 86' lang='grc' dir='ltr'>Ἴσθμια</span> <span class='ocrx_word' id='word_1_703' title='bbox 3803 3649 4014 3721; x_wconf 79' lang='grc' dir='ltr'>έθηκεν,</span> <span class='ocrx_word' id='word_1_704' title='bbox 4040 3655 4134 3727; x_wconf 81' lang='grc' dir='ltr'>ἔτη</span> 
     </span>
    </p>
   </div>
   <div class='ocr_carea' id='block_1_102' title="bbox 2559 3731 4134 3806">
    <p class='ocr_par' dir='ltr' id='par_1_102' title="bbox 2559 3731 4134 3806">
     <span class='ocr_line' id='line_1_102' title="bbox 2559 3731 4134 3806; baseline 0.011 -26"><span class='ocrx_word' id='word_1_705' title='bbox 2559 3731 2965 3784; x_wconf 87' lang='grc' dir='ltr'>πεντεκαίδεκα·</span> <span class='ocrx_word' id='word_1_706' title='bbox 3000 3731 3106 3785; x_wconf 83' lang='grc' dir='ltr'><strong>άπὸ</strong></span> <span class='ocrx_word' id='word_1_707' title='bbox 3139 3733 3195 3786; x_wconf 86' lang='grc' dir='ltr'>δὲ</span> <span class='ocrx_word' id='word_1_708' title='bbox 3228 3734 3483 3806; x_wconf 89' lang='grc' dir='ltr'>Περσέως</span> <span class='ocrx_word' id='word_1_709' title='bbox 3524 3739 3810 3806; x_wconf 84' lang='grc' dir='ltr'>στρατείας</span> <span class='ocrx_word' id='word_1_710' title='bbox 3846 3743 3937 3793; x_wconf 78' lang='grc' dir='ltr'><strong>ἐπὶ</strong></span> <span class='ocrx_word' id='word_1_711' title='bbox 3981 3745 4134 3798; x_wconf 88' lang='grc' dir='ltr'>Ἰλίου</span> 
     </span>
    </p>
   </div>
   <div class='ocr_carea' id='block_1_103' title="bbox 2558 3819 4134 3898">
    <p class='ocr_par' dir='ltr' id='par_1_103' title="bbox 2558 3819 4134 3898">
     <span class='ocr_line' id='line_1_103' title="bbox 2558 3819 4134 3898; baseline 0.01 -26"><span class='ocrx_word' id='word_1_712' title='bbox 2558 3819 2754 3882; x_wconf 87' lang='grc' dir='ltr'>κτίσιν,</span> <span class='ocrx_word' id='word_1_713' title='bbox 2788 3821 2879 3893; x_wconf 76' lang='grc' dir='ltr'>ἐτη</span> <span class='ocrx_word' id='word_1_714' title='bbox 2910 3825 3755 3898; x_wconf 82' lang='grc' dir='ltr'>τριακοντατέσσαρα.Ἐντεῦθεν</span> <span class='ocrx_word' id='word_1_715' title='bbox 3793 3833 3886 3884; x_wconf 80' lang='grc' dir='ltr'><strong>ἐπὶ</strong></span> <span class='ocrx_word' id='word_1_716' title='bbox 3904 3833 3996 3886; x_wconf 85' lang='grc' dir='ltr'><strong>τὸν</strong></span> <span class='ocrx_word' id='word_1_717' title='bbox 4020 3834 4134 3888; x_wconf 77' lang='grc' dir='ltr'>εἴσ-</span> 
     </span>
    </p>
   </div>
   <div class='ocr_carea' id='block_1_104' title="bbox 2557 3910 4132 3995">
    <p class='ocr_par' dir='ltr' id='par_1_104' title="bbox 2557 3910 4132 3995">
     <span class='ocr_line' id='line_1_104' title="bbox 2557 3910 4132 3995; baseline 0.011 -33"><span class='ocrx_word' id='word_1_718' title='bbox 2557 3910 2724 3964; x_wconf 90' lang='grc' dir='ltr'>πλουν</span> <span class='ocrx_word' id='word_1_719' title='bbox 2755 3912 2856 3981; x_wconf 89' lang='grc' dir='ltr'><strong>τῆς</strong></span> <span class='ocrx_word' id='word_1_720' title='bbox 2880 3915 3130 3985; x_wconf 82' lang='grc' dir='ltr'>Ἀργοῦς,</span> <span class='ocrx_word' id='word_1_721' title='bbox 3157 3915 3252 3985; x_wconf 80' lang='grc' dir='ltr'>ἐτη</span> <span class='ocrx_word' id='word_1_722' title='bbox 3289 3917 3806 3995; x_wconf 79' lang='grc' dir='ltr'>ἑξηκοντατέσσαρα.</span> <span class='ocrx_word' id='word_1_723' title='bbox 3835 3925 3929 3976; x_wconf 85' lang='grc' dir='ltr'>Ἐκ</span> <span class='ocrx_word' id='word_1_724' title='bbox 3943 3925 4132 3980; x_wconf 86' lang='grc' dir='ltr'>τούτου</span> 
     </span>
    </p>
   </div>
   <div class='ocr_carea' id='block_1_105' title="bbox 2557 4002 4131 4081">
    <p class='ocr_par' dir='ltr' id='par_1_105' title="bbox 2557 4002 4131 4081">
     <span class='ocr_line' id='line_1_105' title="bbox 2557 4002 4131 4081; baseline 0.011 -28"><span class='ocrx_word' id='word_1_725' title='bbox 2557 4002 2650 4054; x_wconf 72' lang='grc' dir='ltr'><strong>ἐπὶ</strong></span> <span class='ocrx_word' id='word_1_726' title='bbox 2665 4002 2845 4072; x_wconf 86' lang='grc' dir='ltr'>Θησέα</span> <span class='ocrx_word' id='word_1_727' title='bbox 2858 4006 2950 4056; x_wconf 81' lang='grc' dir='ltr'>καὶ</span> <span class='ocrx_word' id='word_1_728' title='bbox 2962 4006 3336 4079; x_wconf 85' lang='grc' dir='ltr'>Μινώταυρον,</span> <span class='ocrx_word' id='word_1_729' title='bbox 3355 4010 3448 4080; x_wconf 80' lang='grc' dir='ltr'><strong>ἐτη</strong></span> <span class='ocrx_word' id='word_1_730' title='bbox 3464 4013 3867 4081; x_wconf 77' lang='grc' dir='ltr'>τριακονταδύοο</span> <span class='ocrx_word' id='word_1_731' title='bbox 3894 4012 4009 4070; x_wconf 78' lang='grc' dir='ltr'>εἶτα</span> <span class='ocrx_word' id='word_1_732' title='bbox 4036 4021 4131 4070; x_wconf 72' lang='grc' dir='ltr'><strong>ἐπὶ</strong></span> 
     </span>
    </p>
   </div>
   <div class='ocr_carea' id='block_1_106' title="bbox 2557 4094 4134 4178">
    <p class='ocr_par' dir='ltr' id='par_1_106' title="bbox 2557 4094 4134 4178">
     <span class='ocr_line' id='line_1_106' title="bbox 2557 4094 4134 4178; baseline 0.01 -33"><span class='ocrx_word' id='word_1_733' title='bbox 2557 4094 2682 4157; x_wconf 83' lang='grc' dir='ltr'>τοὺς</span> <span class='ocrx_word' id='word_1_734' title='bbox 2714 4095 2850 4147; x_wconf 76' lang='grc' dir='ltr'>ἑπτὰ</span> <span class='ocrx_word' id='word_1_735' title='bbox 2867 4097 2956 4148; x_wconf 79' lang='grc' dir='ltr'><strong>ἐπὶ</strong></span> <span class='ocrx_word' id='word_1_736' title='bbox 2972 4097 3194 4167; x_wconf 82' lang='grc' dir='ltr'>Θήϐαις,</span> <span class='ocrx_word' id='word_1_737' title='bbox 3213 4099 3306 4171; x_wconf 79' lang='grc' dir='ltr'>ἐτη</span> <span class='ocrx_word' id='word_1_738' title='bbox 3327 4100 3474 4155; x_wconf 83' lang='grc' dir='ltr'>δέκα.</span> <span class='ocrx_word' id='word_1_739' title='bbox 3514 4103 3633 4156; x_wconf 59' lang='grc' dir='ltr'><strong>Ἐπὶ⁹</strong></span> <span class='ocrx_word' id='word_1_740' title='bbox 3650 4105 3705 4158; x_wconf 82' lang='grc' dir='ltr'>δὲ</span> <span class='ocrx_word' id='word_1_741' title='bbox 3725 4106 3814 4158; x_wconf 83' lang='grc' dir='ltr'><strong>τὸν</strong></span> <span class='ocrx_word' id='word_1_742' title='bbox 3842 4107 4134 4178; x_wconf 81' lang='grc' dir='ltr'>Ὀλυμπιά-</span> 
     </span>
    </p>
   </div>
   <div class='ocr_carea' id='block_1_107' title="bbox 2559 4185 4123 4270">
    <p class='ocr_par' dir='ltr' id='par_1_107' title="bbox 2559 4185 4123 4270">
     <span class='ocr_line' id='line_1_107' title="bbox 2559 4185 4123 4270; baseline 0.01 -34"><span class='ocrx_word' id='word_1_743' title='bbox 2559 4201 2642 4236; x_wconf 90' lang='grc' dir='ltr'><strong>σιν</strong></span> <span class='ocrx_word' id='word_1_744' title='bbox 2683 4185 2874 4253; x_wconf 86' lang='grc' dir='ltr'>άγῶνα</span> <span class='ocrx_word' id='word_1_745' title='bbox 2902 4186 2961 4239; x_wconf 82' lang='grc' dir='ltr'>ὃν</span> <span class='ocrx_word' id='word_1_746' title='bbox 2997 4187 3268 4261; x_wconf 80' lang='grc' dir='ltr'>Ἡρακλῆς</span> <span class='ocrx_word' id='word_1_747' title='bbox 3292 4190 3483 4262; x_wconf 73' lang='grc' dir='ltr'>ἔθηκεν</span> <span class='ocrx_word' id='word_1_748' title='bbox 3502 4196 3591 4247; x_wconf 74' lang='grc' dir='ltr'><strong>ἐπὶ</strong></span> <span class='ocrx_word' id='word_1_749' title='bbox 3611 4196 3830 4260; x_wconf 88' lang='grc' dir='ltr'>Πέλοπι,</span> <span class='ocrx_word' id='word_1_750' title='bbox 3863 4197 3954 4268; x_wconf 80' lang='grc' dir='ltr'>ἔτη</span> <span class='ocrx_word' id='word_1_751' title='bbox 3978 4200 4123 4270; x_wconf 87' lang='grc' dir='ltr'>τρία·</span> 
     </span>
    </p>
   </div>
   <div class='ocr_carea' id='block_1_108' title="bbox 2556 4275 4127 4360">
    <p class='ocr_par' dir='ltr' id='par_1_108' title="bbox 2556 4275 4127 4360">
     <span class='ocr_line' id='line_1_108' title="bbox 2556 4275 4127 4360; baseline 0.011 -33"><span class='ocrx_word' id='word_1_752' title='bbox 2556 4275 2636 4338; x_wconf 84' lang='grc' dir='ltr'><strong>είς</strong></span> <span class='ocrx_word' id='word_1_753' title='bbox 2686 4293 2746 4329; x_wconf 92' lang='grc' dir='ltr'><strong>τε</strong></span> <span class='ocrx_word' id='word_1_754' title='bbox 2787 4278 2886 4348; x_wconf 82' lang='grc' dir='ltr'>τὴν</span> <span class='ocrx_word' id='word_1_755' title='bbox 2927 4279 3237 4350; x_wconf 79' lang='grc' dir='ltr'>Ἀμαζόνων</span> <span class='ocrx_word' id='word_1_756' title='bbox 3281 4284 3360 4347; x_wconf 86' lang='grc' dir='ltr'><strong>είς</strong></span> <span class='ocrx_word' id='word_1_757' title='bbox 3413 4285 3640 4357; x_wconf 78' lang='grc' dir='ltr'>Ἀθήνας</span> <span class='ocrx_word' id='word_1_758' title='bbox 3697 4289 4002 4360; x_wconf 86' lang='grc' dir='ltr'>στρατείαν,</span> <span class='ocrx_word' id='word_1_759' title='bbox 4030 4291 4127 4344; x_wconf 72' lang='grc' dir='ltr'>καὶ</span> 
     </span>
    </p>
   </div>
   <div class='ocr_carea' id='block_1_109' title="bbox 2559 4573 4123 4653">
    <p class='ocr_par' dir='ltr' id='par_1_109' title="bbox 2559 4573 4123 4653">
     <span class='ocr_line' id='line_1_109' title="bbox 2559 4573 4123 4653; baseline 0.008 -29"><span class='ocrx_word' id='word_1_760' title='bbox 2559 4573 2814 4653; x_wconf 72' lang='lat' dir='ltr'><strong>docuitp.</strong></span> <span class='ocrx_word' id='word_1_761' title='bbox 3018 4573 3279 4653; x_wconf 71' lang='lat' dir='ltr'><strong>srmone.</strong></span> <span class='ocrx_word' id='word_1_762' title='bbox 3301 4608 3370 4619; x_wconf 90' lang='lat'><strong>--</strong></span> <span class='ocrx_word' id='word_1_763' title='bbox 3419 4578 3675 4633; x_wconf 85' lang='lat' dir='ltr'><strong>Sothiaca</strong></span> <span class='ocrx_word' id='word_1_764' title='bbox 3713 4594 3841 4634; x_wconf 85' lang='lat' dir='ltr'><strong>vero</strong></span> <span class='ocrx_word' id='word_1_765' title='bbox 3877 4581 4123 4653; x_wconf 83' lang='grc' dir='ltr'>περίοδος</span> 
     </span>
    </p>
   </div>
   <div class='ocr_carea' id='block_1_110' title="bbox 2559 4644 4113 4720">
    <p class='ocr_par' dir='ltr' id='par_1_110' title="bbox 2559 4644 4113 4720">
     <span class='ocr_line' id='line_1_110' title="bbox 2559 4644 4113 4720; baseline 0.007 -26"><span class='ocrx_word' id='word_1_766' title='bbox 2559 4644 2842 4720; x_wconf 41' lang='grc' dir='ltr'>ρει-πλάνη</span> <span class='ocrx_word' id='word_1_767' title='bbox 2894 4644 3120 4720; x_wconf 52' lang='grc' dir='ltr'>Ἰσια-κή,</span> <span class='ocrx_word' id='word_1_768' title='bbox 3160 4665 3177 4696; x_wconf 82' lang='grc' dir='ltr'><strong>ι</strong></span> <span class='ocrx_word' id='word_1_769' title='bbox 3209 4662 3411 4720; x_wconf 70' lang='lat' dir='ltr'><strong>error,</strong></span> <span class='ocrx_word' id='word_1_770' title='bbox 3442 4664 3608 4720; x_wconf 33' lang='lat' dir='ltr'><strong>tuseu</strong></span> <span class='ocrx_word' id='word_1_771' title='bbox 3648 4669 3665 4699; x_wconf 80' lang='grc' dir='ltr'><strong>ι</strong></span> <span class='ocrx_word' id='word_1_772' title='bbox 3710 4644 4113 4720; x_wconf 60' lang='lat' dir='ltr'><strong>peregrinatio,</strong></span> 
     </span>
    </p>
   </div>
   <div class='ocr_carea' id='block_1_111' title="bbox 2560 4711 4117 4791">
    <p class='ocr_par' dir='ltr' id='par_1_111' title="bbox 2560 4711 4117 4791">
     <span class='ocr_line' id='line_1_111' title="bbox 2560 4711 4117 4791; baseline 0.007 -28"><span class='ocrx_word' id='word_1_773' title='bbox 2560 4711 2734 4791; x_wconf 77' lang='lat' dir='ltr'><strong>Isidis,</strong></span> <span class='ocrx_word' id='word_1_774' title='bbox 2775 4732 2792 4763; x_wconf 71' lang='grc' dir='ltr'><strong>ι</strong></span> <span class='ocrx_word' id='word_1_775' title='bbox 2834 4711 2936 4791; x_wconf 76' lang='lat' dir='ltr'><strong>seu</strong></span> <span class='ocrx_word' id='word_1_776' title='bbox 2978 4732 2996 4762; x_wconf 74' lang='grc' dir='ltr'><strong>ε</strong></span> <span class='ocrx_word' id='word_1_777' title='bbox 3022 4711 3128 4791; x_wconf 64' lang='lat' dir='ltr'><strong>Ius,</strong></span> <span class='ocrx_word' id='word_1_778' title='bbox 3170 4733 3189 4765; x_wconf 72' lang='grc' dir='ltr'><strong>ι</strong></span> <span class='ocrx_word' id='word_1_779' title='bbox 3233 4711 3415 4791; x_wconf 74' lang='lat' dir='ltr'><strong>I_nat_:lii</strong></span> <span class='ocrx_word' id='word_1_780' title='bbox 3448 4717 3592 4791; x_wconf 69' lang='lat' dir='ltr'><strong>ﬁliae,</strong></span> <span class='ocrx_word' id='word_1_781' title='bbox 3629 4711 3864 4785; x_wconf 55' lang='lat' dir='ltr'><strong>poeticisv</strong></span> <span class='ocrx_word' id='word_1_782' title='bbox 3884 4711 4117 4791; x_wconf 50' lang='lat' dir='ltr'><strong>scripto;</strong></span> 
     </span>
    </p>
   </div>
   <div class='ocr_carea' id='block_1_112' title="bbox 2560 4783 4118 4855">
    <p class='ocr_par' dir='ltr' id='par_1_112' title="bbox 2560 4783 4118 4855">
     <span class='ocr_line' id='line_1_112' title="bbox 2560 4783 4118 4855; baseline 0.009 -23"><span class='ocrx_word' id='word_1_783' title='bbox 2560 4783 2708 4855; x_wconf 78' lang='lat' dir='ltr'><strong>ribus</strong></span> <span class='ocrx_word' id='word_1_784' title='bbox 2737 4784 3054 4855; x_wconf 57' lang='lat' dir='ltr'><strong>notisxiinze.</strong></span> <span class='ocrx_word' id='word_1_785' title='bbox 3085 4784 3213 4838; x_wconf 87' lang='lat' dir='ltr'><strong>Nam</strong></span> <span class='ocrx_word' id='word_1_786' title='bbox 3243 4786 3412 4848; x_wconf 84' lang='grc' dir='ltr'>Σῶθις</span> <span class='ocrx_word' id='word_1_787' title='bbox 3439 4783 3756 4853; x_wconf 41' lang='lat' dir='ltr'><strong>eadem—est,</strong></span> <span class='ocrx_word' id='word_1_788' title='bbox 3782 4806 3901 4853; x_wconf 65' lang='lat' dir='ltr'><strong>quae</strong></span> <span class='ocrx_word' id='word_1_789' title='bbox 3926 4783 4009 4855; x_wconf 55' lang='lat' dir='ltr'><strong>Io;</strong></span> <span class='ocrx_word' id='word_1_790' title='bbox 4033 4793 4118 4846; x_wconf 81' lang='lat' dir='ltr'><strong>vel</strong></span> 
     </span>
    </p>
   </div>
   <div class='ocr_carea' id='block_1_113' title="bbox 2557 4849 4117 4931">
    <p class='ocr_par' dir='ltr' id='par_1_113' title="bbox 2557 4849 4117 4931">
     <span class='ocr_line' id='line_1_113' title="bbox 2557 4849 4117 4931; baseline 0.007 -29"><span class='ocrx_word' id='word_1_791' title='bbox 2557 4849 2686 4930; x_wconf 72' lang='lat' dir='ltr'><strong>Isis:</strong></span> <span class='ocrx_word' id='word_1_792' title='bbox 2718 4863 2774 4931; x_wconf 86' lang='lat' dir='ltr'><strong>_et</strong></span> <span class='ocrx_word' id='word_1_793' title='bbox 2809 4851 3056 4931; x_wconf 79' lang='grc' dir='ltr'>περίοδος</span> <span class='ocrx_word' id='word_1_794' title='bbox 3085 4863 3166 4907; x_wconf 91' lang='lat' dir='ltr'><strong>est</strong></span> <span class='ocrx_word' id='word_1_795' title='bbox 3187 4849 3752 4931; x_wconf 51' lang='lat' dir='ltr'><strong>Eldyn._lle_s):rhius,</strong></span> <span class='ocrx_word' id='word_1_796' title='bbox 3777 4849 4049 4930; x_wconf 76' lang='grc' dir='ltr'>Περίοδος,</span> <span class='ocrx_word' id='word_1_797' title='bbox 4083 4863 4117 4931; x_wconf 78' lang='grc' dir='ltr'><strong>ἡ</strong></span> 
     </span>
    </p>
   </div>
   <div class='ocr_carea' id='block_1_114' title="bbox 2554 4921 4117 4997">
    <p class='ocr_par' dir='ltr' id='par_1_114' title="bbox 2554 4921 4117 4997">
     <span class='ocr_line' id='line_1_114' title="bbox 2554 4921 4117 4997; baseline 0.008 -27"><span class='ocrx_word' id='word_1_798' title='bbox 2554 4921 2652 4988; x_wconf 83' lang='grc' dir='ltr'><strong>τῆς</strong></span> <span class='ocrx_word' id='word_1_799' title='bbox 2677 4923 3163 4997; x_wconf 34' lang='grc' dir='ltr'><strong>γῆς-περιήγησιςἶ</strong></span> <span class='ocrx_word' id='word_1_800' title='bbox 3187 4921 3625 4997; x_wconf 55' lang='grc' dir='ltr'>υηάὰΠερίοδος</span> <span class='ocrx_word' id='word_1_801' title='bbox 3666 4921 3873 4997; x_wconf 71' lang='grc' dir='ltr'>Πέτρού</span> <span class='ocrx_word' id='word_1_802' title='bbox 3895 4969 3910 4992; x_wconf 94' lang='grc'><strong>,</strong></span> <span class='ocrx_word' id='word_1_803' title='bbox 4005 4921 4117 4982; x_wconf 51' lang='lat' dir='ltr'><strong>Pe;</strong></span> 
     </span>
    </p>
   </div>
   <div class='ocr_carea' id='block_1_115' title="bbox 2551 4994 4112 5063">
    <p class='ocr_par' dir='ltr' id='par_1_115' title="bbox 2551 4994 4112 5063">
     <span class='ocr_line' id='line_1_115' title="bbox 2551 4994 4112 5063; baseline 0.004 -20"><span class='ocrx_word' id='word_1_804' title='bbox 2551 4994 2837 5058; x_wconf 67' lang='lat' dir='ltr'><strong>regrinalio</strong></span> <span class='ocrx_word' id='word_1_805' title='bbox 2877 4994 3023 5046; x_wconf 81' lang='lat' dir='ltr'><strong>Petri</strong></span> <span class='ocrx_word' id='word_1_806' title='bbox 3051 5033 3069 5060; x_wconf 90' lang='lat'><strong>,</strong></span> <span class='ocrx_word' id='word_1_807' title='bbox 3119 4994 3184 5046; x_wconf 89' lang='lat' dir='ltr'><strong>ab</strong></span> <span class='ocrx_word' id='word_1_808' title='bbox 3208 4994 3534 5063; x_wconf 75' lang='lat' dir='ltr'><strong>apocryphis</strong></span> <span class='ocrx_word' id='word_1_809' title='bbox 3562 4994 3919 5063; x_wconf 80' lang='lat' dir='ltr'><strong>scriptoribus</strong></span> <span class='ocrx_word' id='word_1_810' title='bbox 3970 5003 4112 5051; x_wconf 83' lang='lat' dir='ltr'><strong>cele-</strong></span> 
     </span>
    </p>
   </div>
   <div class='ocr_carea' id='block_1_116' title="bbox 2556 5062 4109 5129">
    <p class='ocr_par' dir='ltr' id='par_1_116' title="bbox 2556 5062 4109 5129">
     <span class='ocr_line' id='line_1_116' title="bbox 2556 5062 4109 5129; baseline 0.005 -20"><span class='ocrx_word' id='word_1_811' title='bbox 2556 5064 2725 5112; x_wconf 85' lang='lat' dir='ltr'><strong>brata.</strong></span> <span class='ocrx_word' id='word_1_812' title='bbox 2754 5065 3081 5114; x_wconf 73' lang='lat' dir='ltr'><strong>Maximinus</strong></span> <span class='ocrx_word' id='word_1_813' title='bbox 3109 5069 3248 5129; x_wconf 83' lang='lat' dir='ltr'><strong>apud</strong></span> <span class='ocrx_word' id='word_1_814' title='bbox 3292 5062 3582 5115; x_wconf 81' lang='lat' dir='ltr'><strong>Eusebium</strong></span> <span class='ocrx_word' id='word_1_815' title='bbox 3626 5062 3884 5120; x_wconf 65' lang='lat' dir='ltr'><strong>Historiae</strong></span> <span class='ocrx_word' id='word_1_816' title='bbox 3928 5067 4109 5118; x_wconf 83' lang='lat' dir='ltr'><strong>eccles.</strong></span> 
     </span>
    </p>
   </div>
   <div class='ocr_carea' id='block_1_117' title="bbox 2554 5129 4113 5205">
    <p class='ocr_par' dir='ltr' id='par_1_117' title="bbox 2554 5129 4113 5205">
     <span class='ocr_line' id='line_1_117' title="bbox 2554 5129 4113 5205; baseline 0.004 -25"><span class='ocrx_word' id='word_1_817' title='bbox 2554 5129 2644 5182; x_wconf 86' lang='lat' dir='ltr'><strong>lib.</strong></span> <span class='ocrx_word' id='word_1_818' title='bbox 2682 5147 2768 5205; x_wconf 71' lang='lat' dir='ltr'><strong>rx:</strong></span> <span class='ocrx_word' id='word_1_819' title='bbox 2821 5131 3166 5205; x_wconf 46' lang='lat' dir='ltr'><strong>&#39;I‘ﬁgﬁuqﬁg</strong></span> <span class='ocrx_word' id='word_1_820' title='bbox 3221 5132 3432 5201; x_wconf 75' lang='grc' dir='ltr'>ἐκείνης</span> <span class='ocrx_word' id='word_1_821' title='bbox 3465 5133 3669 5204; x_wconf 85' lang='grc' dir='ltr'>πλάνης</span> <span class='ocrx_word' id='word_1_822' title='bbox 3715 5137 3811 5188; x_wconf 74' lang='grc' dir='ltr'>καὶ</span> <span class='ocrx_word' id='word_1_823' title='bbox 3864 5135 4113 5205; x_wconf 80' lang='grc' dir='ltr'>περιόδου</span> 
     </span>
    </p>
   </div>
   <div class='ocr_carea' id='block_1_118' title="bbox 2552 5200 3274 5264">
    <p class='ocr_par' dir='ltr' id='par_1_118' title="bbox 2552 5200 3274 5264">
     <span class='ocr_line' id='line_1_118' title="bbox 2552 5200 3274 5264; baseline 0.008 -15"><span class='ocrx_word' id='word_1_824' title='bbox 2552 5201 2893 5252; x_wconf 77' lang='grc' dir='ltr'>παντάπασιν</span> <span class='ocrx_word' id='word_1_825' title='bbox 2925 5200 3274 5264; x_wconf 78' lang='grc' dir='ltr'>ἀποστάντες.</span> 
     </span>
    </p>
   </div>
   <div class='ocr_carea' id='block_1_119' title="bbox 2620 5269 4114 5340">
    <p class='ocr_par' dir='ltr' id='par_1_119' title="bbox 2620 5269 4114 5340">
     <span class='ocr_line' id='line_1_119' title="bbox 2620 5269 4114 5340; baseline 0.003 -19"><span class='ocrx_word' id='word_1_826' title='bbox 2620 5269 2730 5340; x_wconf 71' lang='lat'><strong>(20)</strong></span> <span class='ocrx_word' id='word_1_827' title='bbox 2766 5270 2928 5324; x_wconf 84' lang='grc' dir='ltr'>Κατὰ</span> <span class='ocrx_word' id='word_1_828' title='bbox 2951 5273 3281 5336; x_wconf 81' lang='grc' dir='ltr'>Κρότωπον,</span> <span class='ocrx_word' id='word_1_829' title='bbox 3299 5269 3492 5338; x_wconf 74' lang='grc' dir='ltr'>γενεαὶ</span> <span class='ocrx_word' id='word_1_830' title='bbox 3515 5271 3982 5340; x_wconf 74' lang='grc' dir='ltr'>τεσσαράκοντα.</span> <span class='ocrx_word' id='word_1_831' title='bbox 4007 5269 4114 5325; x_wconf 89' lang='lat' dir='ltr'><strong>Pro</strong></span> 
     </span>
    </p>
   </div>
   <div class='ocr_carea' id='block_1_120' title="bbox 2549 5338 4107 5411">
    <p class='ocr_par' dir='ltr' id='par_1_120' title="bbox 2549 5338 4107 5411">
     <span class='ocr_line' id='line_1_120' title="bbox 2549 5338 4107 5411; baseline 0.004 -22"><span class='ocrx_word' id='word_1_832' title='bbox 2549 5338 3087 5411; x_wconf 26' lang='lat' dir='ltr'><strong>Kpo&#39;rwrrov‘quidam</strong></span> <span class='ocrx_word' id='word_1_833' title='bbox 3114 5342 3375 5411; x_wconf 85' lang='grc' dir='ltr'>Κέκροπα</span> <span class='ocrx_word' id='word_1_834' title='bbox 3407 5341 3606 5409; x_wconf 79' lang='lat' dir='ltr'><strong>legunt,</strong></span> <span class='ocrx_word' id='word_1_835' title='bbox 3647 5338 3708 5395; x_wconf 9' lang='lat' dir='ltr'><strong>uti</strong></span> <span class='ocrx_word' id='word_1_836' title='bbox 3748 5343 3997 5409; x_wconf 86' lang='lat' dir='ltr'><strong>superius</strong></span> <span class='ocrx_word' id='word_1_837' title='bbox 4052 5357 4107 5410; x_wconf 88' lang='lat' dir='ltr'><strong>p.</strong></span> 
     </span>
    </p>
   </div>
   <div class='ocr_carea' id='block_1_121' title="bbox 2549 5407 4112 5478">
    <p class='ocr_par' dir='ltr' id='par_1_121' title="bbox 2549 5407 4112 5478">
     <span class='ocr_line' id='line_1_121' title="bbox 2549 5407 4112 5478; baseline 0.004 -20"><span class='ocrx_word' id='word_1_838' title='bbox 2549 5409 2652 5459; x_wconf 62' lang='grc' dir='ltr'><strong>ὅτι)</strong></span> <span class='ocrx_word' id='word_1_839' title='bbox 2683 5411 2815 5461; x_wconf 88' lang='lat' dir='ltr'><strong>edit.</strong></span> <span class='ocrx_word' id='word_1_840' title='bbox 2853 5407 3045 5471; x_wconf 89' lang='lat' dir='ltr'><strong>Paris.,</strong></span> <span class='ocrx_word' id='word_1_841' title='bbox 3079 5412 3169 5464; x_wconf 86' lang='lat' dir='ltr'><strong>ubi</strong></span> <span class='ocrx_word' id='word_1_842' title='bbox 3198 5407 3331 5463; x_wconf 87' lang='lat' dir='ltr'><strong>dicit</strong></span> <span class='ocrx_word' id='word_1_843' title='bbox 3360 5407 3631 5477; x_wconf 74' lang='lat' dir='ltr'><strong>Clemens,</strong></span> <span class='ocrx_word' id='word_1_844' title='bbox 3661 5407 3955 5478; x_wconf 74' lang='lat' dir='ltr'><strong>Cecropem</strong></span> <span class='ocrx_word' id='word_1_845' title='bbox 3990 5407 4112 5464; x_wconf 77' lang='grc' dir='ltr'>τεσ-</span> 
     </span>
    </p>
   </div>
   <div class='ocr_carea' id='block_1_122' title="bbox 2502 5478 4108 5550">
    <p class='ocr_par' dir='ltr' id='par_1_122' title="bbox 2502 5478 4108 5550">
     <span class='ocr_line' id='line_1_122' title="bbox 2502 5478 4108 5550; baseline 0.002 -21"><span class='ocrx_word' id='word_1_846' title='bbox 2502 5526 2504 5528; x_wconf 74' lang='grc'><strong>,</strong></span> <span class='ocrx_word' id='word_1_847' title='bbox 2549 5478 2854 5547; x_wconf 82' lang='grc' dir='ltr'>σαράκοντα</span> <span class='ocrx_word' id='word_1_848' title='bbox 2880 5485 3089 5546; x_wconf 83' lang='grc' dir='ltr'>γενεαῖς</span> <span class='ocrx_word' id='word_1_849' title='bbox 3119 5481 3316 5533; x_wconf 87' lang='lat' dir='ltr'><strong>Inacho</strong></span> <span class='ocrx_word' id='word_1_850' title='bbox 3343 5484 3695 5550; x_wconf 80' lang='lat' dir='ltr'><strong>posteriorem</strong></span> <span class='ocrx_word' id='word_1_851' title='bbox 3726 5495 3866 5534; x_wconf 76' lang='lat' dir='ltr'><strong>esse.</strong></span> <span class='ocrx_word' id='word_1_852' title='bbox 3909 5478 4108 5534; x_wconf 87' lang='lat' dir='ltr'><strong>Ibidem</strong></span> 
     </span>
    </p>
   </div>
   <div class='ocr_carea' id='block_1_123' title="bbox 2547 5549 4108 5618">
    <p class='ocr_par' dir='ltr' id='par_1_123' title="bbox 2547 5549 4108 5618">
     <span class='ocr_line' id='line_1_123' title="bbox 2547 5549 4108 5618; baseline 0.004 -20"><span class='ocrx_word' id='word_1_853' title='bbox 2547 5562 2670 5618; x_wconf 72' lang='lat' dir='ltr'><strong>vero</strong></span> <span class='ocrx_word' id='word_1_854' title='bbox 2705 5550 2840 5611; x_wconf 86' lang='lat' dir='ltr'><strong>vult,</strong></span> <span class='ocrx_word' id='word_1_855' title='bbox 2897 5553 3034 5604; x_wconf 84' lang='lat' dir='ltr'><strong>inter</strong></span> <span class='ocrx_word' id='word_1_856' title='bbox 3080 5549 3412 5606; x_wconf 26' lang='lat' dir='ltr'><strong>Inachum’et</strong></span> <span class='ocrx_word' id='word_1_857' title='bbox 3448 5549 3626 5618; x_wconf 64' lang='lat' dir='ltr'><strong>Troiae</strong></span> <span class='ocrx_word' id='word_1_858' title='bbox 3669 5564 3934 5618; x_wconf 91' lang='lat' dir='ltr'><strong>tempora,</strong></span> <span class='ocrx_word' id='word_1_859' title='bbox 3989 5565 4108 5615; x_wconf 68' lang='lat' dir='ltr'><strong>quae</strong></span> 
     </span>
    </p>
   </div>
   <div class='ocr_carea' id='block_1_124' title="bbox 2544 5616 4102 5691">
    <p class='ocr_par' dir='ltr' id='par_1_124' title="bbox 2544 5616 4102 5691">
     <span class='ocr_line' id='line_1_124' title="bbox 2544 5616 4102 5691; baseline 0.003 -22"><span class='ocrx_word' id='word_1_860' title='bbox 2544 5616 2780 5691; x_wconf 65' lang='lat' dir='ltr'><strong>Cecrope</strong></span> <span class='ocrx_word' id='word_1_861' title='bbox 2814 5628 2868 5691; x_wconf 82' lang='lat' dir='ltr'><strong>et</strong></span> <span class='ocrx_word' id='word_1_862' title='bbox 2890 5620 3124 5690; x_wconf 80' lang='lat' dir='ltr'><strong>Crotopo</strong></span> <span class='ocrx_word' id='word_1_863' title='bbox 3155 5621 3311 5690; x_wconf 72' lang='lat' dir='ltr'><strong>longe</strong></span> <span class='ocrx_word' id='word_1_864' title='bbox 3338 5616 3642 5691; x_wconf 85' lang='lat' dir='ltr'><strong>posteriora</strong></span> <span class='ocrx_word' id='word_1_865' title='bbox 3672 5616 3852 5681; x_wconf 72' lang='lat' dir='ltr'><strong>fuere,</strong></span> <span class='ocrx_word' id='word_1_866' title='bbox 3897 5628 4102 5691; x_wconf 78' lang='lat' dir='ltr'><strong>tantum</strong></span> 
     </span>
    </p>
   </div>
   <div class='ocr_carea' id='block_1_125' title="bbox 2543 5687 4104 5761">
    <p class='ocr_par' dir='ltr' id='par_1_125' title="bbox 2543 5687 4104 5761">
     <span class='ocr_line' id='line_1_125' title="bbox 2543 5687 4104 5761; baseline 0.004 -24"><span class='ocrx_word' id='word_1_867' title='bbox 2543 5687 2917 5761; x_wconf 87' lang='lat' dir='ltr'><strong>intercessisse</strong></span> <span class='ocrx_word' id='word_1_868' title='bbox 2937 5687 3108 5761; x_wconf 78' lang='lat' dir='ltr'><strong>paulo</strong></span> <span class='ocrx_word' id='word_1_869' title='bbox 3125 5687 3307 5761; x_wconf 77' lang='lat' dir='ltr'><strong>plures</strong></span> <span class='ocrx_word' id='word_1_870' title='bbox 3332 5687 3496 5761; x_wconf 81' lang='lat' dir='ltr'><strong>quam</strong></span> <span class='ocrx_word' id='word_1_871' title='bbox 3526 5691 3696 5743; x_wconf 86' lang='grc' dir='ltr'>είκοσι</span> <span class='ocrx_word' id='word_1_872' title='bbox 3727 5690 3930 5761; x_wconf 87' lang='grc' dir='ltr'>γενεαί.</span> <span class='ocrx_word' id='word_1_873' title='bbox 3956 5687 4104 5744; x_wconf 87' lang='lat' dir='ltr'><strong>Unde</strong></span> 
     </span>
    </p>
   </div>
   <div class='ocr_carea' id='block_1_126' title="bbox 2540 5760 4102 5831">
    <p class='ocr_par' dir='ltr' id='par_1_126' title="bbox 2540 5760 4102 5831">
     <span class='ocr_line' id='line_1_126' title="bbox 2540 5760 4102 5831; baseline 0.002 -23"><span class='ocrx_word' id='word_1_874' title='bbox 2540 5771 2637 5824; x_wconf 91' lang='lat' dir='ltr'><strong>pro</strong></span> <span class='ocrx_word' id='word_1_875' title='bbox 2662 5760 3065 5827; x_wconf 64' lang='grc' dir='ltr'>τεσσαράκοντα</span> <span class='ocrx_word' id='word_1_876' title='bbox 3094 5760 3364 5816; x_wconf 65' lang='grc' dir='ltr'>ιίειινυιυε</span> <span class='ocrx_word' id='word_1_877' title='bbox 3393 5766 3495 5816; x_wconf 87' lang='lat' dir='ltr'><strong>hoc</strong></span> <span class='ocrx_word' id='word_1_878' title='bbox 3524 5762 3644 5831; x_wconf 86' lang='lat' dir='ltr'><strong>loco</strong></span> <span class='ocrx_word' id='word_1_879' title='bbox 3675 5762 3800 5828; x_wconf 74' lang='lat' dir='ltr'><strong>legit</strong></span> <span class='ocrx_word' id='word_1_880' title='bbox 3825 5760 4102 5831; x_wconf 67' lang='grc' dir='ltr'>τέσσαρες,</span> 
     </span>
    </p>
   </div>
   <div class='ocr_carea' id='block_1_127' title="bbox 2543 5830 3996 5902">
    <p class='ocr_par' dir='ltr' id='par_1_127' title="bbox 2543 5830 3996 5902">
     <span class='ocr_line' id='line_1_127' title="bbox 2543 5830 3996 5902; baseline 0.006 -25"><span class='ocrx_word' id='word_1_881' title='bbox 2543 5845 2563 5877; x_wconf 71' lang='grc' dir='ltr'><strong><em>ι</em></strong></span> <span class='ocrx_word' id='word_1_882' title='bbox 2599 5839 2854 5897; x_wconf 86' lang='lat' dir='ltr'><strong>quatuor.</strong></span> <span class='ocrx_word' id='word_1_883' title='bbox 2885 5849 2904 5882; x_wconf 71' lang='grc' dir='ltr'><strong>ι</strong></span> <span class='ocrx_word' id='word_1_884' title='bbox 2932 5831 3090 5887; x_wconf 73' lang='lat' dir='ltr'><strong>Conl.</strong></span> <span class='ocrx_word' id='word_1_885' title='bbox 3131 5847 3251 5901; x_wconf 68' lang='lat' dir='ltr'><strong>qua!</strong></span> <span class='ocrx_word' id='word_1_886' title='bbox 3277 5833 3532 5902; x_wconf 84' lang='lat' dir='ltr'><strong>superius</strong></span> <span class='ocrx_word' id='word_1_887' title='bbox 3560 5830 3819 5884; x_wconf 82' lang='lat' dir='ltr'><strong>adnotata</strong></span> <span class='ocrx_word' id='word_1_888' title='bbox 3847 5839 3996 5886; x_wconf 81' lang='lat' dir='ltr'><strong>sunt.</strong></span> 
     </span>
    </p>
   </div>
  </div>
