4496 6588
870 400 974 458 875

2070 400 2463 458 CLEMENTIS
2500 400 2973 460 ALEXANDle

4017 407 4136 464 876

867 535 1010 575 mam
1046 520 1316 575 conditam
1358 520 1538 592 colligi
1576 536 1751 577 annos
1779 522 1975 593 viginti
2006 530 2261 593 quatuor.
2298 520 2436 580 Hinc
2465 533 2509 590 Α
2542 561 2642 598 νον.

2369 539 2436 580 nc
2465 533 2509 590 Α
2542 561 2693 598 νοντο
2727 547 2820 599 ἐπὶ
2869 546 2963 619 ἔτη
2996 544 3242 599 διακόσια
3294 548 3701 619 τεσσαράκοντα
3734 544 3876 618 τρία’
3909 544 4020 598 ἀπὸ
4070 544 4137 597 δὲ

865 613 932 666 ad
959 611 1249 684 Babylonis
1274 613 1614 668 eversionem
1650 612 1905 668 consules
1927 615 2096 669 creati
2118 620 2245 669 sunt
2264 627 2439 670 annos

866 704 1084 757 circiter
1108 703 1374 758 ducentos
1404 704 1767 776 quadraginta
1820 712 1952 760 tres.
1987 705 2034 759 A
2067 713 2224 775 capta
2252 714 2436 760 autem

866 793 1138 863 Babylone
1164 793 1233 848 ad
1259 805 1493 849 mortem
1528 794 1845 861 Alexandri,
1880 798 2010 852 anni
2040 805 2259 853 centum
2287 806 2441 852 octo-

866 888 1011 957 ginta
1044 902 1160 942 sex.
1183 886 1323 943 Hinc
1358 888 1423 943 ad
1450 889 1736 944 victoriam
1771 888 2036 960 Augusti,
2070 890 2291 961 quando
2327 889 2442 945 An-

866 980 1048 1033 tonius
1070 980 1174 1033 sibi
1220 980 1323 1050 ipsi
1359 987 1589 1033 mortem
1619 980 1889 1036 conscivit
1914 980 2281 1048 Alexandriae,
2307 982 2437 1036 anni

867 1068 1087 1123 ducenti
1103 1068 1396 1139 nonaginta
1416 1077 1677 1137 quatuor,
1702 1083 1826 1124 cum
1854 1076 1985 1125 tunc
2002 1079 2146 1125 esset
2160 1069 2440 1139 Augustus

865 1170 1058 1231 quater
1080 1160 1291 1215 consul.
1319 1159 1364 1212 A
1387 1176 1498 1231 quo
1516 1169 1757 1230 tempore
1774 1159 1840 1214 ad
1859 1169 2134 1216 certamen
2174 1160 2318 1230 quod
2339 1160 2443 1214 Ro-

865 1265 969 1304 ma:
980 1248 1227 1303 exhibuit
1240 1249 1599 1316 Domitianus,
1619 1250 1748 1303 anni
1766 1260 1986 1305 centum
2000 1248 2437 1321 quattuordecim.

863 1342 1106 1413 Aprimo
1131 1350 1310 1397 autem
1340 1342 1639 1397 certamine
1698 1356 1875 1412 usque
1903 1342 1970 1396 ad
2008 1349 2239 1395 mortem
2271 1340 2441 1395 Com-

865 1435 1178 1501 niodi,anni
1204 1443 1423 1489 centum
1443 1432 1717 1489 undecim.
1748 1434 1890 1488 Sunt
1927 1440 2130 1495 autem,
2155 1433 2250 1502 qui
2285 1448 2317 1488 a
2342 1434 2445 1489 Ce-

864 1543 1027 1598 crope
1042 1526 1262 1596 quidem
1281 1540 1457 1596 usque
1470 1526 1536 1581 ad
1556 1525 1801 1581 Alexand
1810 1540 1869 1578 ru
1881 1539 1933 1577 m
1949 1522 2321 1592 Macedonem,
2340 1525 2446 1581 col-

863 1618 1039 1689 ligunt
1060 1632 1236 1673 annos
1262 1617 1409 1673 mille
1428 1617 1771 1687 octingentos
1794 1616 1988 1686 viginti
2013 1625 2173 1682 octo;
2198 1632 2230 1672 a
2254 1617 2445 1673 Demo-

863 1710 1069 1779 phonte
1100 1716 1157 1772 at
1188 1717 1391 1773 autem,
1425 1709 1571 1761 mille
1604 1708 1869 1761 ducentos
1906 1706 2339 1777 quinquaginta;
2389 1714 2445 1763 et

867 1817 899 1855 a
925 1799 1087 1870 Troja
1116 1809 1272 1867 capta
1325 1798 1392 1853 ad
1440 1798 1764 1853 descensum
1807 1796 2238 1863 Heraclidarum,
2267 1812 2440 1852 annos

867 1901 1085 1947 centum
1115 1891 1328 1961 viginti,
1358 1890 1443 1945 vel
1472 1899 1691 1945 centum
1727 1890 2025 1959 octoginta.
2062 1888 2145 1942 Ab
2172 1902 2238 1942 eo
2266 1903 2443 1957 usque
2471 1879 2517 1935 Β

866 1981 933 2036 ad
956 1979 1270 2034 Evzenetunt
1297 1979 1524 2034 Athenis
1547 1995 1826 2034 summum
1853 1986 2125 2049 gerentem
2154 1979 2443 2049 magistra—

864 2081 1002 2135 tum,
1030 2068 1188 2138 cujus
1240 2076 1485 2136 tempore
1532 2067 1721 2121 dicunt
1752 2064 2122 2119 Alexandrum
2159 2064 2444 2134 trajecisse

864 2160 920 2214 in
945 2158 1154 2223 Asiam,
1170 2167 1231 2213 ut
1252 2156 1491 2212 Phanias
1514 2156 1760 2227 quidem,
1789 2155 1918 2209 anni
1945 2155 2268 2225 septingenti
2291 2155 2446 2225 quin-

865 2250 1093 2318 decim;
1152 2258 1215 2305 ut
1267 2247 1521 2319 Ephorus
1584 2258 1791 2316 autem,
1843 2246 2167 2317 septingenti
2222 2246 2444 2318 triginta

865 2342 1137 2412 quinque;
1181 2349 1244 2395 ut
1274 2348 1455 2394 autem
1491 2339 1730 2395 Timaeus
1783 2347 1839 2394 et
1887 2337 2218 2402 Clitarchus,
2266 2337 2443 2392 octin-

872 2430 1021 2499 genti
1079 2429 1301 2499 viginti;
1346 2438 1405 2484 ut
1447 2437 1631 2483 autem
1681 2427 2088 2489 Eratosthenes,
2121 2425 2443 2497 septingenti

868 2520 1208 2589 septuaginta
1263 2526 1412 2585 tres;
1450 2527 1705 2572 utautem
1727 2514 2142 2585 Duris,aTroja
2174 2525 2329 2585 capta
2375 2515 2443 2571 ad

868 2606 1164 2662 Alexandri
1199 2610 1253 2660 in
1284 2604 1471 2660 Asiam
1507 2607 1823 2672 adventum,
1855 2605 1983 2659 anni
2013 2605 2180 2658 mille.
2214 2603 2350 2658 Hinc
2376 2605 2443 2659 ad

868 2697 1205 2760 Evaznetum,
1229 2696 1323 2766 qui
1355 2695 1583 2751 Athenis
1605 2711 1880 2751 summum
1910 2697 2129 2766 gerebat
2157 2698 2445 2769 magistra-

868 2798 1007 2854 tum,
1046 2803 1156 2857 quo
1180 2793 1428 2856 tempore
1463 2786 1601 2841 obiit
1625 2785 1959 2851 Alexander,
1998 2786 2125 2841 anni
2166 2788 2439 2843 undecim.

868 2877 1009 2933 Hinc
1034 2878 1102 2932 ad
1130 2877 1416 2948 imperium
1449 2876 1767 2933 Germanici
1794 2876 2007 2932 Claudii
2034 2876 2287 2945 Cazsaris,
2316 2879 2443 2932 anni

866 2969 1094 3025 trecenti
1139 2969 1424 3041 sexaginta
1464 2969 1726 3039 quinque.
1760 2968 1806 3023 A
1833 2985 1943 3039 quo
1981 2977 2224 3040 tempore
2262 2969 2443 3024 matti-

870 3060 991 3116 festi
1046 3068 1175 3115 sunt
1224 3060 1374 3130 anni,
1402 3060 1501 3135 qui
1546 3060 1880 3135 colliguntur
1913 3076 2087 3133 usque
2116 3061 2181 3117 ad
2211 3069 2441 3117 mortem

869 3148 1180 3209 Commodi.
1213 3146 1348 3208 Post
1374 3152 1561 3209 Graeca
1587 3160 1767 3207 autem
1798 3160 1929 3207 sunt
1956 3152 2119 3207 etiam
2153 3166 2219 3206 ex
2250 3152 2442 3207 barbae

868 3253 1058 3302 fotum
1102 3246 1511 3316 supputatione,
1549 3244 1788 3300 maxima
1835 3253 2143 3315 temporum
2183 3245 2442 3301 tradenda
2468 3222 2510 3281 ε

870 3337 1067 3407 spatia.
1098 3335 1181 3391 Ab
1212 3336 1388 3391 Adam
1422 3335 1644 3406 quidem
1677 3350 1853 3406 usque
1880 3335 1947 3390 ad
1973 3334 2239 3390 diluvium
2288 3336 2442 3391 colli-

870 3435 1074 3501 guntur
1117 3425 1248 3480 anni
1296 3426 1383 3481 bis
1429 3426 1579 3481 mille
1628 3434 1849 3481 centum
1898 3424 2259 3497 quadraginta
2294 3435 2439 3493 octo,

871 3518 989 3575 dies
1027 3529 1281 3589 quatuor.
1327 3517 1374 3571 A
1420 3515 1548 3573 Sem
1597 3526 1779 3573 autem
1825 3533 2003 3589 usque
2041 3517 2109 3573 ad
2142 3517 2439 3587 Abraham,

942 3660 1003 3718 ᾗ(
1042 3651 1104 3708 Ρ.
1129 3653 1234 3708 40⁸5
1274 3652 1383 3708 ED.
1416 3652 1715 3721 POTTER,
1748 3652 1856 3707 337
1893 3652 2003 3708 ΕΙ).
2043 3651 2268 3709 PARIS.

871 3747 992 3815 ejus
1019 3745 1307 3816 sententia,
1340 3744 1480 3799 inter
1502 3744 1705 3800 Urbem
1735 3745 2009 3816 conditam
2054 3752 2108 3798 et
2142 3744 2239 3816 τὴν
2284 3745 2441 3816 βασι-

870 3812 1009 3939 “gito:
1041 3815 1339 3938 ὰναξρὲτῖἒι,
1386 3832 1405 3865 ι
1440 3832 1629 3886 regum
1654 3812 2043 3882 expulsionem,
2080 3833 2100 3867 ι
2142 3812 2441 3870 intercede-

912 3902 977 3939 an
1036 3901 1160 3938 aunt
1202 3922 1241 3937 ..ν
1311 3925 1323 3937 .

912 3896 1007 3939 ant
1036 3887 1160 3938 anni
1199 3887 1323 3938 2.l5.

942 3955 1051 4026 (‘29)
1094 3954 1449 4026 Βαϐυλῶνος
1510 3954 1806 4021 ἁλώσεως.
1848 3953 2166 4017 Βαϐυλῶνος
2238 3952 2440 4026 ἅλωσις

872 4024 1219 4095 intelligenda
1242 4034 1346 4095 est,
1377 4040 1497 4094 qua:
1526 4041 1627 4095 per;
1647 4027 1849 4095 Cyrum
1880 4028 2021 4080 facta
2048 4036 2152 4090 est,
2181 4031 2238 4077 ut
2262 4024 2440 4078 decla-

874 4105 957 4148 rat
986 4092 1205 4149 Etisebi-i
1241 4092 1553 4148 Chronicon.
1609 4092 1872 4149 Sulcum}.

940 4164 1053 4234 (30)
1100 4163 1412 4234 Ἐντεῦθεν
1442 4163 1541 4216 ἐπὶ
1574 4163 1687 4230 τὴν
1720 4164 2073 4233 Αὐγούστου
2115 4165 2235 4218 vix.
2273 4160 2442 4218 50³ιί-

870 4233 965 4301 ger
983 4234 1075 4287 lib.
1100 4247 1153 4298 v,
1170 4247 1222 4301 p.
1246 4233 1940 4302 237:0uplicitersumitur
1964 4235 2178 4288 initium
2204 4234 2441 4288 Actiacae

873 4304 1287 4372 victoriie:_aut
1310 4305 1455 4357 enim
1500 4319 1530 4357 a
1568 4304 1743 4359 classe
1788 4306 2014 4359 Antonii
2049 4314 2105 4360 et
2140 4302 2439 4372 Cleopatra

867 4374 1032 4443 victa,
1061 4381 1114 4425 et
1142 4369 1322 4426 Thoth
1366 4374 1495 4443 ﬁxo,
1545 4385 1640 4427 aut
1684 4375 1752 4428 ab
1803 4375 2133 4429 Alexandria
2194 4369 2433 4443 recepta.

870 4442 1021 4496 Dicin
1043 4443 1219 4512 ipsum
1249 4444 1409 4497 docet
1434 4442 1555 4502 Dio,
1578 4444 1770 4499 classis
1792 4444 2001 4498 devicta
2021 4462 2070 4498 iv
2103 4443 2241 4498 Non.
2262 4442 2434 4512 Se'pt.,

868 4512 1084 4566 Caasare
1114 4511 1300 4566 Octav.
1338 4513 1518 4577 tertio,
1560 4512 1631 4566 Μ.
1677 4512 1909 4579 Valerio,
1932 4514 2162 4569 Messala
2194 4511 2432 4567 Corvino

868 4597 1039 4646 coss.,
1064 4596 1209 4635 anno
1244 4583 1456 4651 imperii
1488 4583 1719 4652 Augusti
1757 4584 1844 4648 15,
1875 4583 2189 4638 Julianolti.
2220 4583 2431 4637 Rursus

870 4652 1251 4719 Chronologus
1267 4662 1419 4707 vetus
1435 4655 1575 4721 apud
1601 4652 1932 4707 Clementem
1955 4672 1970 4709 :
2007 4655 2137 4707 Ἀπὸ
2151 4654 2252 4721 τῆς
2297 4653 2437 4705 Ἀλε-

770 4746 773 4749 λ
873 4721 1494 4794 ξᾴνδρουᾼτελευτῆςεπὶ
1519 4723 1616 4793 τὴν
1648 4722 1959 4792 Αὐγούστου
1977 4724 2163 4794 νίκην,
2192 4724 2281 4775 ὅτε
2324 4724 2439 4775 Ἀν-

871 4789 1056 4853 τώνιος
1088 4789 1504 4865 ἒμσφαξεναὺτὸν
1551 4789 1607 4845 ὲν
1650 4789 2064 4865 Ἀλεξανδρεία,
2099 4789 2197 4865 ἔτη
2228 4795 2437 4865 ἐννενή-

871 4877 1034 4933 κοντα
1066 4861 1322 4933 τέσσαρα.
1356 4862 1666 4933 Asequcnti
1685 4865 1848 4933 igitur
1872 4861 2017 4919 anno
2035 4861 2255 4933 Juliano
2283 4861 2438 4931 putat

866 4931 1145 5002 Actiacam
1181 4931 1489 5002 victoriam,
1522 4931 1771 5002 nctnpe'a
1800 4935 2088 4990 consulatu
2143 4932 2178 4985 4
2205 4933 2434 5002 Augusti

866 5010 924 5055 et
949 5000 1277 5056 Alexandria
1300 5012 1534 5071 recepta.
1568 5000 1827 5059 Horatius
1848 5006 1943 5060 lib.
1973 5020 2026 5059 iv
2048 5045 2064 5072 ,
2096 5003 2199 5058 ode
2225 5001 2290 5057 4:

1151 5134 1166 5148 .
1205 5133 1221 5147 .
1258 5132 1272 5147 .
1301 5131 1317 5147 .
1348 5093 1486 5147 Nam
1511 5094 1606 5148 tibi
1637 5110 1738 5164 quo
1761 5095 1847 5149 die

1149 5165 1347 5218 Porta;
1372 5165 1698 5218 Alexandria
1737 5164 1975 5234 supplex,

1153 5236 1471 5305 Etoacuam
1496 5236 1739 5305 patefecit
1770 5235 1972 5301 aulam,

1219 5304 1463 5359 Fortuna
1491 5304 1658 5375 lustro
1685 5321 1936 5375 prospera
1960 5309 2115 5360 tertio

1148 5373 1286 5429 Belli
1310 5374 1565 5430 secundos
1588 5373 1817 5430 reddidit
1849 5376 2044 5431 exitus.
2087 5378 2358 5434 COLLECT.

960 5489 1051 5561 3|)
1100 5487 1432 5561 Ὑπάτεζυεν.
1456 5487 1597 5561 Lege
1627 5491 1715 5561 ὅτε
1737 5492 1900 5545 ὑπάτ.
1921 5489 2146 5545 Low'm.

959 5557 1051 5630 32)
1085 5559 1217 5615 Ἐπὶ
1246 5557 1354 5630 τὸτ’
1374 5557 1596 5630 ἀγῶνα,
1620 5560 1692 5613 ὃν
1711 5561 1887 5629 ἔθηκε
1906 5563 2273 5629 Δομετιανός.
2305 5561 2434 5618 Sca-

869 5627 1003 5702 liger
1029 5627 1124 5686 lib.
1152 5646 1207 5694 v,
1241 5644 1297 5699 p.
1322 5627 1623 5702 245,_hunc
1654 5627 1836 5685 locum
1868 5627 2045 5686 citaiis
2088 5647 2104 5687 :
2147 5627 2434 5688 Tetraete-

870 5699 1035 5772 rides,
1063 5702 1259 5771 inquit,
1306 5713 1403 5767 per
1430 5699 1766 5772 Capitolinos
1813 5716 2017 5772 agonas
2039 5704 2429 5758 servabantur.

869 5771 1110 5837 Quorum
1139 5768 1348 5838 primus
1381 5782 1413 5822 a
1444 5768 1750 5825 Domitiano
1784 5768 2069 5826 institutus
2116 5774 2238 5837 fuit,
2287 5773 2433 5826 duo-

869 5841 1079 5899 decimo
1096 5842 1216 5913 ejus
1232 5852 1286 5897 et
1306 5838 1481 5895 Servii
1496 5840 1731 5898 Cornelii
1756 5843 2064 5903 consulatu.
2080 5843 2237 5899 Anno
2265 5841 2429 5912 lpliiti

2541 636 2642 707 τῆς
2693 636 3010 703 Βαϐυλῶνος
3060 636 3309 700 ἁλώσεως
3357 638 3470 710 (ΞΟ)
3513 642 3606 693 ἐπὶ
3634 641 3733 712 τὴν
3776 636 4140 708 Ἀλεξάνδρου

2555 728 2828 800 τελευτὴν,
2865 730 2958 803 ἔτη
2988 729 3179 785 ἑκατὸν
3227 728 3553 800 ὀγδοήκοντα
3586 732 3665 799 ἓξ.
3723 730 3999 788 Ἐντεῦθεν
4036 727 4142 782 ἐπὶ

2541 823 2636 896 τὴν
2667 822 2975 890 Αὐγούστου
3005 824 3157 896 νίκην
3197 821 3306 892 (30)
3326 861 3341 885 ,
3377 822 3465 874 ὅτε
3504 823 3783 890 Ἀντώνιος
3814 822 4139 895 ἀπέσφαξεν

2541 915 2727 971 ἑαυτὸν
2777 916 2835 966 ὲν
2889 914 3299 987 Ἀλεξανδρείᾳ,
3333 911 3428 982 ἔτη
3475 911 3725 971 διακόσια
3772 918 4140 988 ἐννενήκοντα

2540 1009 2808 1078 τέσσαρα·
2863 1005 3130 1061 ὑπάτευεν
3194 1006 3303 1078 (3i)
3369 1003 3678 1073 Αὔγουστος
3735 1008 3796 1062 τὸ
3841 1010 4134 1081 τέταρτον.

2555 1094 2747 1169 Ἀφ’οὖ
2780 1097 2970 1169 χρόνου
3018 1100 3112 1152 ἐπὶ
3160 1100 3251 1154 τὸν
3298 1097 3503 1168 ἀγῶνα,
3546 1096 3605 1149 ὃν
3651 1097 3813 1169 ἔθηκε
3861 1104 4138 1172 Δομετια-

2550 1190 2640 1253 νὸς
2685 1190 2796 1260 (52)
2834 1189 2891 1239 ὲν
2948 1186 3162 1261 Ῥώμῃ,
3208 1190 3302 1262 ἐτη
3347 1187 3538 1242 ἑκατὸν
3581 1186 3981 1262 δεκατέσσαρα·
4021 1193 4143 1246 ἀπὸ

2550 1281 2607 1335 δὲ
2651 1281 2744 1334 τοῦ
2793 1278 3008 1353 πρώτου
3060 1281 3270 1348 ἀγῶνος
3311 1283 3402 1335 ἐπὶ
3448 1283 3544 1352 τὴν
3575 1280 3817 1351 Κομὸδου
3848 1283 4138 1356 τελευτὴν,

2542 1372 2638 1443 ἔτη
2682 1373 2872 1426 ἑκατὸν
2917 1370 3129 1424 ἕνδεκα.
3169 1372 3290 1424 Εἰσὶ
3334 1371 3425 1436 δὲ,
3457 1372 3505 1424 οἳ
3557 1371 3665 1425 ἀπὸ
3708 1370 3994 1440 Κέκροπος
4030 1373 4143 1443 μὲν

2543 1463 2636 1516 ἐπὶ
2711 1461 3055 1531 Ἀλέξανδρον
3114 1460 3206 1515 τὸν
3284 1464 3573 1516 Μακεδόνα
3644 1461 3968 1529 συνάγουσιν
4030 1462 4137 1533 ἐτη

2546 1552 2696 1624 χίλια
2739 1552 3033 1606 ὀκτακόσια
3071 1551 3419 1605 εἰκοσιοκτὼ-
3473 1554 3582 1608 ἁπὸ
3626 1553 3684 1607 δὲ
3729 1550 4137 1623 Δημοφῶντος,

2544 1643 2697 1715 χίλια
2740 1644 2988 1698 διακόσια
3029 1643 3391 1713 πεντήκοντα·
3423 1645 3518 1697 καὶ
3579 1645 3686 1699 ἀπὸ
3745 1642 3942 1716 Τροίας
3986 1642 4141 1696 ἁλώ-

2548 1753 2685 1799 σεως
2734 1735 2826 1786 ἐπὶ
2860 1734 2963 1805 τὴν
3002 1734 3367 1807 Ἡρακλειδῶν
3415 1737 3660 1799 κάθοδον,
3702 1735 3794 1806 ἔτη
3826 1734 4017 1787 ἑκατὸν
4057 1735 4142 1788 ετ·

2552 1840 2723 1889 κοσιν,
2757 1823 2790 1894 ἢ
2820 1824 3011 1877 ἑκατὸν
3045 1825 3391 1897 ὀγδοήκοντα.
3435 1826 3566 1880 Ἀπὸ
3618 1824 3807 1878 τούτου
3846 1825 3941 1878 ἐπὶ
3964 1824 4140 1877 Εὐαί-

2544 1930 2692 1967 νετον
2752 1912 3023 1984 ἄρχοντα,
3079 1916 3162 1984 ἐφ’
3197 1907 3257 1967 οὗ
3302 1930 3466 1983 φασιν
3514 1912 3857 1979 Ἀλέξανδρον
3901 1912 3984 1975 εἰς
4028 1911 4139 1980 τὴν

2556 2003 2738 2057 Ἀσίαν
2768 2003 3043 2075 διαϐῆναι,
3073 2005 3150 2068 ὡς
3177 2004 3274 2075 μὲν
3302 2004 3547 2067 Φανείας,
3587 2004 3680 2073 ἔτη
3720 2003 4023 2056 ἑπτακόσια
4049 2002 4136 2055 δι.

2543 2094 2799 2157 καπέντε,
2828 2093 2904 2157 ὠς
2937 2094 2993 2148 δὲ
3020 2095 3277 2165 Ἔφορος,
3308 2096 3608 2149 ἑπτακόσια
3634 2093 4095 2165 τριακονταπέντε
4115 2111 4133 2124 ο

2551 2187 2626 2250 ὡς
2665 2186 2723 2238 δὲ
2775 2185 3004 2254 Τίμαιος
3042 2187 3138 2238 καὶ
3175 2186 3527 2257 Κλείταρχος,
3557 2185 3852 2238 ὀκτακόσια
3890 2184 4133 2237 εἴκοσιν·

2543 2277 2618 2341 ὡς
2643 2276 2700 2329 δὲ
2729 2275 3138 2348 Ἐρατοσθένης,
3156 2278 3455 2330 ἑπτακόσια
3481 2276 4096 2347 ἐϐδομηκοντατέσσαρα
4111 2291 4131 2307 ⁸

2545 2366 2621 2431 ὡς
2639 2367 2696 2421 δὲ
2727 2367 2938 2439 Δοῦρις,
2966 2366 3074 2420 ἀπὸ
3102 2368 3301 2439 Τροίας
3335 2368 3588 2431 ἁλώσεως
3619 2368 3710 2422 ἐπὶ
3737 2368 3835 2439 τὴν
3874 2368 4133 2435 Ἀλεξάν-

2543 2457 2671 2527 δρου
2722 2457 2802 2520 εἰς
2841 2456 3022 2511 Ἀσίαν
3069 2457 3342 2522 διάϐασιν,
3378 2457 3469 2527 ἔτη
3513 2458 3679 2528 χίλια.
3707 2459 3984 2512 Ἐντεῦθεν
4035 2460 4134 2515 ἐπὶ

2544 2548 2829 2601 Εὐαίνετον
2851 2547 2964 2619 (33)
2992 2547 3081 2601 τὸν
3108 2547 3397 2620 Ἀθήνῃσιν
3428 2548 3687 2618 ἄρχοντα,
3719 2543 3880 2616 ἐφ’οὖ
3904 2548 4134 2618 Θνήσκει

2560 2636 2921 2708 Ἀλέξανδρος,
2963 2636 3057 2707 ἔτη
3115 2635 3497 2689 ια’.Ἐντεῦοεν
3527 2636 3642 2688 ’ἐπὶ
3688 2634 3784 2706 τὴν
3832 2636 4134 2705 ἡγεμονίαν

2543 2726 2879 2797 Γερμανικοῦ
2905 2726 3168 2780 Κλαυδίου
3199 2726 3498 2798 Καίσαρος,
3538 2725 3631 2797 ἔτη
3675 2725 3960 2796 τριακόσια
4003 2724 4133 2796 ἑξή-

2545 2837 2706 2874 κοντα
2733 2819 2893 2873 πέντε
2910 2836 2925 2850 ο
2954 2820 3046 2888 ἀφ’
3073 2813 3133 2872 οὗ
3171 2819 3362 2890 χρόνου
3390 2819 3527 2888 δῆλα
3555 2818 3762 2887 γίνεται
3797 2818 3892 2870 καὶ
3925 2817 3997 2871 τὰ
4033 2818 4131 2871 ἐπὶ

2542 2910 2639 2982 τὴν
2675 2911 2920 2981 Κομόδου
2959 2910 3213 2981 τελευτὴν
3250 2910 3366 2981 ἔτη,
3398 2911 3500 2963 ὅσα
3531 2926 3593 2977 γε
3626 2909 3938 2977 συνάγεται.
3971 2908 4133 2961 Μετὰ

2542 3001 2600 3055 δὲ
2642 3001 2709 3055 τὰ
2747 3001 3052 3071 Ἑλληνικὰ,
3080 3001 3178 3055 καὶ
3215 3002 3323 3055 ἀπὸ
3357 3002 3466 3054 τῶν
3494 3001 3636 3054 κατὰ
3660 3002 3786 3064 τοὺς
3816 2998 4129 3072 βαρϐάρους

2545 3094 2776 3167 χρόνων,
2806 3093 3095 3148 ἀποδοτέον
3129 3093 3224 3147 καὶ
3250 3092 3320 3145 τὰ
3361 3092 3589 3163 μέγιστα
3620 3092 3977 3163 διαστήματα.
3995 3090 4125 3143 Ἀπὺ

2548 3187 2645 3258 μὲν
2687 3186 2860 3257 Ἀδὰμ
2886 3185 2997 3257 (54)
3037 3185 3143 3249 ἓως
3168 3185 3262 3239 τοῦ
3291 3183 3674 3255 κατακλυσμοῦ
3712 3184 4000 3251 συνάγεται
4028 3182 4127 3253 ἐτη

2541 3278 2778 3349 δισχίλια
2806 3277 2999 3332 ἑκατὸν
3024 3275 3592 3347 τεσσαρακονταοκτὼ,
3610 3275 3812 3346 ἡμέραι
3831 3275 4120 3346 τέσσαρες·

2544 3370 2657 3424 ἀπὸ
2681 3369 2737 3421 δὲ
2756 3369 2877 3440 Σὴμ
2902 3367 3010 3432 ἕως
3035 3366 3304 3441 Ἀϐραὰμ,
3337 3366 3431 3437 ἔτη
3463 3366 3605 3437 χίλια
3627 3366 3873 3418 διακόσια
3898 3373 3958 3418 ν’.
3992 3366 4124 3419 Ἀπὸ

2542 3460 2600 3514 δὲ
2636 3460 2820 3514 Ἰσαὰκ
2840 3458 2946 3523 ἓως
2972 3460 3070 3529 τῆς
3097 3458 3467 3531 κληροδοσίας,
3489 3458 3584 3528 ἔτη
3615 3459 3870 3525 ἑξακόσια
3905 3459 4119 3525 δεκαέξ.

2546 3552 2777 3605 Ἔπειτα
2797 3551 2906 3605 ἀπὸ
2918 3549 3121 3622 κριτῶν
3131 3549 3236 3613 ἓως
3251 3550 3526 3621 Σαμουὴλ,
3546 3551 3641 3621 ἐτη
3660 3551 3982 3622 τετρακόσια
3999 3550 4124 3623 ἑξή-

2545 3745 2685 3802 1014
2718 3746 2994 3802 scribebat
3024 3747 3228 3800 librum
3262 3759 3423 3800 suum
3458 3742 3537 3797 De
3581 3744 3667 3798 die
3705 3744 3879 3799 natali
3916 3745 4123 3801 Censo-

2540 3819 2718 3882 riuus,
2738 3831 2850 3885 quo
2879 3831 3022 3870 anno
3061 3817 3244 3885 prodit
3286 3814 3621 3869 celebratum
3662 3816 4116 3883 undequadrage-

2540 3884 3022 3955 simuin’agonem
3066 3884 3469 3955 Capitolinum,
3529 3899 3675 3938 anno
3731 3885 3933 3955 Christi
3988 3885 4116 3938 238.

2540 3956 2687 4011 Ideni
2722 3956 2816 4009 lib.
2835 3953 2888 4018 ἰ,
2913 3970 3029 4023 cap.
3059 3953 3381 4020 lO,’Auson.
3408 3954 3717 4019 lectionum,
3743 3953 3901 4023 docet
3930 3969 4118 4008 exeni-

2542 4027 2632 4095 plo
2687 4025 2937 4080 ludorum
2982 4021 3391 4095 ‘Olyinpicoruni
3452 4024 3734 4078 institutos
3794 4022 3975 4095 fuisse
4013 4024 4116 4076 hos

2541 4092 2766 4165 agonas,
2792 4097 2844 4149 in
2871 4092 3072 4165 quibus
3115 4092 3277 4149 omne
3321 4110 3493 4165 genus
3530 4095 3772 4147 artitices
3811 4092 4117 4165 certabant,

2540 4162 2601 4219 et
2619 4181 2822 4233 quercu
2847 4162 3275 4229 coronabantur,
3296 4162 3349 4216 et
3374 4163 3582 4227 Romae,
3602 4177 3711 4233 non
3737 4177 3829 4229 per
3854 4162 4025 4233 lustra
4048 4171 4119 4233 ut

2541 4231 2721 4296 antea,
2757 4251 3012 4305 magnum
3038 4250 3241 4305 annum
3272 4235 3562 4305 vocabant,
3595 4232 3689 4284 sed
3719 4246 3815 4299 per
3850 4231 4113 4300 Capitoli-

2539 4320 2641 4359 nos
2668 4304 2871 4373 agonas
2895 4304 3305 4373 computabant.
3347 4304 3619 4373 CoLanjr.

2612 4366 2729 4445 (53]
2765 4366 3118 4445 Εὐαίνετρν.
3162 4371 3268 4424 Scu
3306 4366 3939 4445 potitis_'H'r:r,ct'av._Eral
3967 4371 4115 4445 enim

2540 4438 2828 4499 Evienetus
2857 4444 3090 4502 archon,
3119 4457 3243 4493 cum
3275 4439 3581 4491 Alexander
3619 4439 3671 4490 in
3707 4438 3891 4509 Asiam
3924 4440 4112 4509 profe-

2541 4522 2663 4569 ctus
2706 4524 2812 4576 est,
2858 4525 2918 4566 ut
2965 4511 3126 4579 paulo
3172 4520 3294 4562 ante
3341 4510 3503 4579 refert
3529 4509 3819 4574 Clemens;
3854 4507 4114 4578 Hegesias

2462 4569 2511 4629 Ῑ)
2537 4569 2824 4645 vero,cnm
2848 4569 3237 4650 post'undeciin
3264 4595 3435 4650 annos
3448 4577 3722 4650 Babylone
3741 4569 3987 4650 tnui-tntis
4001 4591 4109 4636 est.

2635 4654 2723 4722 54;
2777 4647 2921 4722 Ἀὴρ
2947 4648 3064 4722 μέν
3097 4647 3318 4722 Ἀδάμ.-
3340 4647 3648 4722 Discrimen
3672 4647 3933 4722 illudest
3965 4652 4111 4705 inter

2537 4718 2794 4778 Hebraeos
2822 4732 2874 4774 et
2900 4718 3064 4783 LXX,
3098 4723 3241 4788 quod
3273 4718 3340 4771 ab
3372 4718 3480 4772 illis
3524 4718 3741 4788 quidem
3787 4719 3855 4772 ab
3898 4721 4111 4773 Adamo

2536 4794 2603 4847 ad
2627 4792 2892 4847 diluvium
2928 4798 3282 4843 numerentur
3304 4790 3433 4842 anni
3455 4798 3665 4843 tantum
3687 4788 3845 4850 1656,
3865 4800 3920 4843 at
3936 4788 4106 4853 LXX,

2536 4871 2597 4915 ut
2650 4870 2735 4915 est
2787 4860 2928 4929 apud
2978 4858 3272 4913 Eusebium
3318 4860 3461 4913 circa
3493 4868 3733 4929 tempora
3769 4859 4105 4921 Salomonis,

2542 4950 2561 4979 ι
2591 4932 2660 4984 ab
2703 4927 2913 4985 Adamo
2963 4945 3134 4999 usque
3186 4931 3253 4983 ad
3300 4930 3565 4999 diluvium
3589 4927 3730 4999 2242
3756 4930 3949 4999 anni,»
3982 4943 4106 4999 qziai

2533 5002 2700 5053 verba
2748 5007 2877 5055 sunt
2929 4996 3172 5055 addenda
3218 5000 3380 5053 etiam
3431 4998 3537 5051 alio
3580 4996 3826 5065 ejusdem
3856 4996 4107 5051 Clironici

2534 5071 2658 5125 loco
2692 5071 2837 5125 circa
2863 5085 3031 5141 cxcrx,
3079 5070 3452 5141 Olympiadem
3511 5075 3634 5136 post
3659 5068 3753 5141 illa
3774 5068 4041 5141 _verba,__¢
4068 5080 4103 5119 a

2535 5141 2743 5195 diluvio
2780 5156 2951 5211 usque
2975 5140 3041 5194 ad
3073 5134 3403 5211 Abraham,»
3421 5134 3901 5211 consentientibus
3912 5134 4104 5211 tribus

2535 5204 2922 5280 manuscript'is
2950 5206 3392 5280 codicibus.Yide
3417 5206 3481 5260 Ι).
3502 5204 3984 5280 Augustinumlib.
4005 5220 4098 5270 xv,

2534 5296 2584 5334 c.
2614 5281 2685 5334 23
2716 5280 2793 5334 De
2815 5273 2953 5335 civit.
2984 5281 3109 5345 Dei,
3152 5278 3454 5333 Marianum
3501 5273 3723 5332 Sco'tum
3776 5285 3829 5345 et
3852 5273 4099 5345 Adonem

2535 5348 2915 5416 Viennensem,
2930 5361 2982 5405 et
3004 5343 3384 5404 hishistoricis
3401 5348 3759 5417 antiquiorem
3774 5343 4096 5417 Gregorium

2535 5414 2929 5487 Turenensein,
2962 5436 3026 5474 ex
3062 5418 3219 5487 cujus
3254 5414 4096 5487 historiieicalcecorrigendum

2534 5499 2618 5543 est
2648 5502 2828 5560 caput,
2860 5482 2924 5545 et.
2942 5490 3081 5560 idem
3111 5482 3369 5560 numerus
3401 5482 4098 5560 Lxxuscribendustgonj-

2535 5575 2689 5614 LECT.
2716 5552 3146 5628 L-Theophilus
3175 5558 3255 5611 Ad
3278 5557 3523 5627 Aulolyc.
3556 5554 3647 5607 lib.
3681 5568 3767 5628 iii,
3803 5568 3857 5622 p.
3892 5552 4013 5621 138,
4031 5556 4103 5612 ab

2534 5630 2742 5685 Adamo
2770 5632 2836 5685 ad
2868 5631 2946 5683 M.
2968 5623 3253 5682 Aurelium
3289 5623 3510 5687 Verum,
3553 5623 3807 5677 eumdem
3854 5636 4102 5680 recenset

2534 5716 2803 5754 annorum
2834 5714 3143 5766 numerum,
3174 5714 3336 5769 quem
3369 5697 3621 5769 Clemens
3671 5694 3738 5746 ab
3776 5692 3986 5749 Adamo
4031 5697 4102 5769 ad

2534 5769 2895 5824 Commodum
2947 5784 2961 5820 :
3013 5769 3068 5822 in
3121 5767 3461 5823 interniediis
3522 5778 3789 5818 annorum
3853 5767 4102 5823 numeris

2536 5840 2916 5911 computandis
2950 5855 3058 5894 non
3090 5854 3303 5907 semper
3334 5838 3475 5889 inter
3499 5849 3593 5889 eos
3624 5835 3899 5893 convenit.
