4496 6588
398 469 499 524 877

1661 463 2092 521 STROMATUM
2127 463 2250 518 LIB.
2293 462 2334 520 Ι.

3522 471 3626 527 8⁵18

397 601 558 637 κοντα
585 584 727 656 τρία,
755 582 918 653 μῆνες
945 581 1228 637 ἐπτά.Καὶ
1258 582 1396 654 μετὰ
1417 581 1542 644 τοὺς
1567 583 1776 654 κριτὰς,
1809 585 1964 654 βασι-
1991 590 2038 646 Α
2067 599 2171 636 ann

1854 601 1964 638 ισι-
1991 590 2038 646 Α
2067 585 2192 636 anni
2221 583 2370 636 mille
2402 583 2622 638 ducenti
2665 585 3077 656 quinquaginta.
3127 586 3210 641 Ab
3253 586 3404 645 Isaac
3443 597 3629 645 autem

395 674 552 729 λειῶν
576 676 668 744 ἔτη
696 673 1023 726 πεντακόσια
1045 673 1526 746 ἑϐδομηκονταδύο,
1545 675 1710 746 μῆνες
1733 677 1812 742 ἓξ,
1829 675 1966 745 ἡμέ-

397 786 487 840 ραι
522 767 668 818 δέκα.
706 764 839 817 Μεθ’
862 764 954 828 οὓς
996 767 1235 838 χρόνους,
1262 765 1535 837 Περσικῆς
1569 766 1840 836 βασιλείας
1872 766 1965 839 ἔτη

393 857 640 908 διακόσια
687 857 1174 925 τριακονταπέντε·
1225 856 1416 910 ἔπειτα
1458 856 1555 927 τῆς
1598 856 1967 926 Μακεδονικῆς

393 947 495 1008 ἕως
549 945 830 996 Ἀντωνίου
886 947 1214 1017 ἀναιρέσεως
1263 944 1357 1014 ἔτη
1405 947 1685 1015 τριακόσια
1741 944 1963 1010 δώδεκα,

395 1034 594 1104 ἡμέραι
621 1033 909 1086 δεκαοκτώ.
941 1037 1073 1089 Μεθ’
1094 1037 1152 1087 ὃν
1194 1035 1384 1105 χρόνον
1425 1038 1455 1106 ἡ
1499 1035 1781 1106 Ῥωμαίων
1812 1034 1964 1104 βασι-

393 1125 511 1177 λεία
547 1125 650 1186 ἕως
676 1125 772 1195 τῆς
801 1128 1044 1197 Κομόδου
1072 1126 1350 1194 τελευτῆς,
1379 1124 1472 1196 έτη
1497 1126 1746 1179 διακόσια
1769 1127 1967 1180 εἰκοσι-

392 1216 503 1268 δύο.
527 1216 693 1268 Πάλιν
712 1234 769 1269 τε
795 1214 861 1271 αὖ
891 1219 998 1272 ἀπὺ
1019 1218 1116 1287 τῆς
1146 1214 1666 1286 ἐϐδομηκονταετοῦς
1695 1217 1967 1286 αἰχμαλω-

394 1305 534 1369 σίας,
555 1306 648 1360 καὶ
675 1308 772 1377 τῆς
800 1309 894 1362 τοῦ
918 1307 1046 1362 λαοῦ
1075 1308 1154 1368 εἰς
1182 1306 1438 1376 πατρῴαν
1461 1308 1564 1376 γῆν
1587 1309 1964 1363 ἀποκαταστά-

393 1413 529 1460 σεως
553 1401 631 1462 εἰς
658 1399 752 1470 τὴν
785 1396 1160 1470 αἰχμαλωσίαν
1187 1398 1282 1468 τὴν
1323 1399 1416 1451 ἐπὶ
1441 1397 1840 1451 Οὐεσπεσιανοῦ
1869 1399 1961 1472 ἐτη

392 1490 678 1557 συνάγεται
725 1489 1054 1560 τετρακόσια
1093 1486 1254 1540 δέκα·
1291 1490 1574 1541 τελευταῖα
1601 1487 1656 1540 δὲ
1683 1488 1792 1540 ἀπὸ
1829 1490 1961 1542 Οὑε-

393 1579 679 1632 σπεσιανοῦ
720 1579 824 1639 ’έως
857 1578 952 1646 τῆς
995 1575 1235 1645 Κομόδου
1259 1579 1512 1648 τελευτῆς
1531 1577 1838 1646 εὑρίσκεται
1869 1578 1960 1650 ἔτη

393 1671 582 1723 ἑκατὸν
624 1669 795 1721 εἴκοσι
839 1665 917 1727 ἓν,
951 1663 1118 1734 μῆνες
1159 1666 1236 1732 ἒξ,
1275 1669 1474 1740 ἡμέραι
1507 1668 1957 1741 εἰκοσιτέσσαρες.

390 1764 696 1831 Δημήτριος
730 1755 786 1810 δέ
829 1771 992 1823 φησιν
1019 1755 1076 1807 ἐν
1101 1754 1176 1824 τῷ
1199 1760 1336 1826 Περί
1364 1759 1486 1815 τῶν
1511 1761 1582 1815 ἐν
1605 1757 1681 1829 τῇ
1709 1757 1966 1827 Ἰουδαίᾳ

384 1849 714 1914 βασιλέων,
737 1844 836 1914 τὴν
867 1842 1034 1896 Ἰούδα
1062 1845 1251 1914 φυλὴν,
1271 1845 1365 1898 καὶ
1385 1845 1690 1914 Βενιαμεὶν,
1713 1849 1805 1900 καὶ
1831 1848 1960 1900 Λευῖ

391 1939 464 2005 μὴ
496 1933 986 2005 αἰχμαλωτισθῆναι
1024 1936 1127 1987 ὑπὸ
1169 1936 1260 1988 τοῦ
1290 1938 1496 2006 Σεναχη
1508 1937 1651 2007 ρεὶμ,
1681 1939 1794 1991 ἀλλ’
1821 1936 1957 1992 εἷναι
1992 1927 2032 1983 Β

387 2027 493 2077 ἀπὸ
535 2026 631 2094 τῆς
676 2025 1048 2094 αἰχμαλωσίας
1090 2027 1294 2096 ταύτης
1338 2029 1417 2088 εἰς
1463 2028 1561 2097 τὴν
1609 2031 1862 2100 ἐσχάτην,
1893 2032 1958 2102 ἣν

387 2118 677 2186 ἐποιήσατο
701 2116 1164 2190 Ναϐουχοδονόσορ
1190 2118 1249 2182 ἐξ
1285 2118 1684 2190 Ἰεροσολύμων,
1716 2122 1808 2193 ἐτη
1836 2125 1964 2174 ἐκα-

386 2209 476 2260 τὸν
501 2207 834 2271 εἰκοσιοκτὼ,
866 2210 1040 2279 μῆνας
1069 2209 1128 2273 ἓξ
1147 2227 1160 2239 ·
1190 2210 1281 2279 ἀφ’
1310 2206 1369 2264 οὗ
1391 2212 1444 2262 δὲ
1470 2215 1522 2265 αἰ
1552 2213 1712 2280 φυλαὶ
1741 2218 1794 2266 αἰ
1830 2215 1960 2268 δέκα

387 2302 451 2352 ἐκ
479 2300 787 2369 Σαμαρείας
822 2301 1153 2370 αἰχμάλωτοι
1182 2303 1466 2370 γεγόνασιν
1492 2304 1594 2367 ἕως
1626 2306 1959 2375 Πτολεμαίου

385 2391 667 2460 τετάρτου,
701 2390 794 2460 ἔτη
840 2392 1168 2445 πεντακόσια
1212 2393 1728 2466 ἐϐδομηκοντατρία,
1789 2397 1962 2465 μῆνας

385 2482 560 2535 ὲννέα-
584 2484 676 2550 ἀφ’
699 2477 760 2535 οὗ
785 2483 840 2536 δὲ
871 2483 928 2549 ἐξ
957 2483 1358 2555 Ἰεροσολύμων,
1380 2485 1473 2555 ἔτη
1502 2489 1784 2556 τριακόσια
1810 2505 1962 2558 τρια-

384 2573 707 2637 κονταοκτὼ,
741 2575 913 2644 μῆνας
939 2576 1287 2646 τρεῖς.Φίλων
1309 2576 1363 2627 δὲ
1383 2577 1475 2628 καὶ
1497 2577 1656 2639 αὐτὸς
1683 2577 1959 2648 ἀνέγραψε

383 2666 504 2727 τοὺς
534 2666 767 2735 βασιλεῖς
793 2667 917 2730 τοὺς
949 2667 1210 2719 Ἰουδαίων
1238 2666 1518 2734 διαφώνως
1537 2667 1614 2737 τῷ
1639 2670 1950 2741 Δημητρίῳ.

387 2760 505 2812 Ἐτι
550 2759 604 2810 δὲ
652 2759 743 2810 καί
784 2759 1094 2829 Εὐπόλεμος
1137 2761 1194 2810 ὲν
1220 2763 1287 2830 τῇ
1321 2760 1483 2829 ὁμοίᾳ
1514 2761 1861 2831 πραγματείᾳ
1892 2762 1960 2815 τά

384 2852 559 2905 πάντα
592 2853 683 2922 ἐτη
711 2854 872 2921 φησὶν
902 2851 1007 2903 ἀπὸ
1049 2851 1219 2921 Ἀδὰμ
1247 2851 1374 2921 ἄχρι
1402 2852 1494 2904 τοῦ
1530 2853 1778 2924 πέμπτου
1808 2854 1959 2917 ἔτους

383 2943 687 3014 Δημητρίου
744 2943 1102 3012 Πτολεμαίου,
1129 2944 1188 2994 τὸ
1235 2943 1529 2996 δωδέκατον
1591 2945 1960 3013 βασιλεύοντος

382 3035 674 3102 Αἰγύπτου,
709 3035 1033 3103 συνάγεσθαι
1064 3035 1157 3104 ἔτη
1189 3053 1227 3098 ,ε
1269 3053 1297 3108 ρ
1318 3054 1356 3105 μ
1377 3034 1440 3089 θ’.
1461 3032 1650 3104 Ἀφ’οὗ
1681 3037 1735 3089 δὲ
1766 3039 1955 3108 χρόνου

381 3127 612 3197 ἐξήγαγε
636 3129 871 3197 Μωῦσῆς
897 3130 1021 3190 τοὺς
1055 3128 1334 3190 Ἰουδαίους
1363 3128 1419 3191 ἐξ
1447 3127 1719 3194 Αἰγύπτου
1741 3130 1833 3181 ἐπὶ
1858 3129 1954 3200 τὴν

381 3219 776 3290 προειρημένην
815 3219 1153 3290 προθεσμίαν
1207 3219 1529 3286 συνάγεσθαι
1574 3219 1666 3290 ἔτη
1715 3220 1950 3290 δισχίλια

381 3313 704 3363 πεντακόσια
743 3311 1088 3380 ὀγδοήκοντα.
1122 3311 1251 3362 Ἀπὸ
1295 3311 1350 3362 δὲ
1402 3311 1495 3362 τοῦ
1540 3311 1730 3380 χρόνου
1764 3313 1951 3365 τούτου

380 3404 502 3473 άθςρι
537 3403 641 3453 τῶν
680 3403 736 3453 ὲν
772 3401 955 3472 Ῥώμῃ
995 3402 1213 3453 ὑπάτων
1254 3401 1415 3454 Γαΐου
1458 3403 1806 3472 Δομετιανοῦ,
1844 3405 1955 3456 Κα-

379 3493 559 3544 σιανοῦ
599 3493 710 3564 (55)
740 3493 1144 3563 συναθροίζεται
1171 3493 1265 3562 ἐτη
1289 3495 1480 3546 ἑκατὸν
1519 3496 1743 3551 εἴκοσιν.
1775 3497 1952 3567 Εὔφο-

378 3603 468 3656 po;
490 3585 598 3654 (36)
620 3585 673 3637 δὲ
705 3587 796 3638 καί
823 3586 971 3638 ἄλλοι
996 3586 1179 3637 πολλοὶ
1207 3585 1313 3639 τῶν
1347 3587 1651 3658 ἱστορικῶν,
1684 3591 1776 3641 καὶ
1806 3591 1950 3661 ἔθνη,

379 3677 470 3728 καὶ
505 3676 752 3743 γλώσσας
785 3677 947 3730 πέντε
982 3677 1074 3730 καὶ
1109 3679 1474 3748 ἐϐδομήκοντα
1506 3679 1752 3748 λέγουσιν
1779 3677 1915 3735 εἶναι
1935 3700 1947 3712 ·

378 3770 774 3832 ἐπακούσαντες
857 3771 954 3839 τῆς
1042 3771 1223 3839 φωνῆς
1306 3770 1581 3834 Μωῦσέως
1651 3771 1948 3843 λεγούσηςο

382 3859 588 3915 «Ἦσαν
616 3860 724 3931 (57)
768 3861 823 3913 δὲ
855 3863 1024 3914 πᾶσαι
1060 3864 1113 3914 αἱ
1147 3861 1315 3931 ψυχαὶ
1343 3862 1399 3927 ἐξ
1439 3863 1630 3916 Ἰακὼδ
1672 3864 1832 3917 πέντε
1861 3866 1952 3917 καὶ

379 3955 763 4025 ἐϐδομήκοντα,
787 3957 841 4006 αἱ
873 3956 950 4016 εἰς
979 3956 1248 4022 Αἴγυπτον
1271 3955 1644 4008 κατελθοῦσαι.
1682 3976 1700 4006 ι
1732 3958 1950 4010 Φαίνον-

375 4066 462 4102 ται
494 4050 547 4101 δὲ
581 4047 714 4101 εἶναι
737 4049 828 4100 καί
855 4047 995 4100 κατὰ
1027 4049 1116 4098 τὸν
1140 4048 1314 4118 ἀληθῆ
1346 4049 1501 4118 λόγον
1528 4052 1580 4102 αἰ
1599 4051 1809 4118 γενικαὶ
1835 4051 1952 4104 διὰ-

375 4139 550 4192 λεκτοι
579 4141 668 4192 δύο
702 4140 794 4193 καὶ
826 4139 1192 4208 ἐϐδομήκοντα
1216 4140 1348 4209 (58),
1373 4141 1448 4203 ώς
1481 4144 1535 4194 αἰ
1561 4143 1823 4214 ἡμέτεραι
1853 4161 1952 4196 πα-

448 4260 505 4317 ›χ‹
547 4253 606 4308 Ρ.
648 4253 750 4308 404-
793 4252 902 4306 ED.
937 4251 1231 4316 ΡΟΤΤΕιι,
1267 4251 1370 4305 5⁵58
1396 4251 1506 4308 ED.
1539 4252 1764 4308 PARIS.

467 4367 555 4435 33)
597 4367 778 4419 Γαΐου
806 4362 1537 4435 Δομετιανρὗ,ᾼτΚασνιαιλοῦ-.
1578 4360 1951 4435 Ἐοιῑθίίιτςρη-

378 4433 838 4506 ᾷιιιιι,“Καίσαρος
881 4433 1230 4506 Δομετιανοῦ,
1267 4433 1361 4506 καὶ
1390 4433 1712 4506 Σαϐίνουῌ(
1738 4434 1950 4506 (Ia-sale

379 4505 686 4560 Domitiano
743 4502 798 4560 et
846 4502 1086 4568 Sabino;
1120 4524 1137 4556 ι
1171 4505 1205 4556 ii
1239 4504 1382 4556 enim
1437 4503 1613 4570 primo
1650 4502 1945 4558 Domitiani

377 4591 518 4628 anno
539 4585 695 4629 erant
724 4577 1002 4638 consules,
1032 4584 1091 4627 ut
1125 4575 1322 4628 docent
1355 4571 1503 4626 fasti.
1536 4571 1695 4626 San.

1042 3771 1223 3839 φωνῆς

2071 676 2231 748 146
2248 691 2420 744 usque
2446 677 2512 730 ad
2537 687 2696 730 terra:
2718 678 3062 744 divisionem,
3085 679 3212 732 anni
3242 681 3480 732 sexcenti
3512 695 3633 734 sex-

2065 770 2263 821 decim.
2322 766 2518 823 Deinde
2566 785 2597 822 a
2644 768 2930 822 Judicibus
2958 787 3130 838 usque
3171 771 3238 824 ad
3296 768 3628 838 Samueleiu,

2065 861 2194 913 anni
2239 860 2624 930 quadringenti
2663 860 2942 931 sexaginta
2983 870 3111 925 tres,
3145 878 3362 917 menses
3399 871 3627 931 septem.

2066 951 2132 1004 Et
2179 959 2302 1018 post
2323 949 2560 1016 Judiccs,
2592 953 2719 1006 anni
2748 954 3056 1022 Regnorum
3103 954 3381 1022 quingenti
3413 963 3633 1024 septua-

2065 1043 2216 1112 ginta
2244 1043 2376 1108 duo,
2406 1059 2620 1098 menses
2656 1060 2772 1106 sex,
2803 1045 2918 1100 dies
2948 1045 3156 1100 decem.
3184 1042 3316 1098 Post
3351 1061 3470 1114 quae
3494 1055 3634 1101 tem-

2064 1151 2219 1204 pora,
2251 1133 2454 1188 Persici
2490 1137 2636 1204 regni
2681 1137 2811 1190 anni
2854 1139 3070 1191 ducenti
3102 1137 3326 1208 triginta
3363 1139 3628 1207 quinque.

2065 1225 2265 1279 Deinde
2289 1225 2616 1280 Macedonici
2662 1243 2832 1298 usque
2873 1229 2937 1283 ad
2971 1240 3198 1283 mortem
3233 1229 3476 1295 Antonii,
3503 1232 3630 1286 anni

2066 1319 2291 1371 trecenti
2339 1317 2652 1382 duodecim,
2685 1319 2802 1372 dies
2846 1323 3028 1374 decem
3077 1331 3128 1374 et
3155 1331 3298 1375 octo.
3325 1310 3632 1390 Post'quod

2067 1417 2299 1477 tempus,
2343 1427 2568 1481 regnum
2620 1409 2990 1465 Rornanorum
3047 1429 3218 1482 usque
3274 1414 3342 1467 ad
3400 1425 3630 1468 mortem

2064 1499 2372 1567 Commodi,
2418 1503 2545 1556 anni
2591 1502 2809 1556 ducenti
2862 1503 3049 1572 viginti
3099 1505 3226 1558 duo.
3261 1505 3323 1559 Et
3374 1521 3568 1560 rursus
3597 1521 3631 1560 a

2064 1591 2377 1660 captivitate
2407 1595 2844 1663 septuagcnaria,
2879 1605 2932 1648 et
2960 1596 3146 1664 pOpuli
3177 1597 3228 1648 in
3261 1598 3490 1665 patriam
3523 1611 3632 1651 ter-

2064 1700 2180 1738 ram
2210 1686 2573 1747 restitutione,
2607 1688 2672 1739 ad
2695 1688 3060 1755 captivitatem
3110 1706 3232 1758 quae
3260 1690 3361 1743 fuit
3387 1701 3631 1761 tempore

2071 1770 2412 1841 Vespasiani,
2452 1773 2784 1841 colliguntur
2822 1776 2948 1827 anni
2995 1777 3377 1847 quadringenti
3421 1779 3628 1834 decem.

2063 1860 2347 1916 Postremo
2365 1874 2541 1918 autem
2559 1864 2932 1934 aVespasiano
2951 1882 3120 1934 usque
3137 1869 3200 1920 ad
3221 1877 3448 1923 mortem
3467 1870 3632 1924 Com-

2063 1955 2204 2006 modi
2230 1955 2580 2009 inveninntur
2611 1956 2737 2008 anni
2761 1965 2979 2010 centum
3011 1959 3195 2026 viginti
3221 1976 3386 2024 unus,
3412 1977 3630 2018 menses

2060 2045 2294 2109 ses,dies
2310 2045 2493 2114 viginti
2514 2056 2766 2113 quatuor.
2787 2045 3087 2101 Demetrius
3111 2059 3290 2102 autem
3309 2049 3439 2104 dicit
3458 2051 3512 2104 in
3531 2052 3629 2108 lib.

2065 2133 2136 2185 De
2176 2135 2381 2202 regibus
2433 2133 2659 2199 Judwm,
2693 2137 2892 2189 tribum
2942 2137 3101 2204 Iuda,
3134 2150 3187 2194 et
3237 2139 3541 2210 Benjamin,
3576 2151 3635 2199 et

2061 2223 2208 2288 Levi,
2243 2240 2348 2277 non
2397 2224 2567 2279 fuisse
2615 2227 2902 2280 abductam
2938 2228 2990 2281 in
3017 2231 3382 2298 captivitatem
3416 2249 3445 2286 a
3488 2233 3630 2288 Sen-

2061 2315 2342 2374 nacherib.
2376 2317 2470 2369 sed
2504 2331 2626 2370 esse
2669 2317 2737 2370 ab
2766 2320 2867 2372 hac
2895 2319 3205 2387 captivitate
3238 2337 3409 2391 usque
3453 2325 3519 2376 ad
3555 2325 3634 2378 ul-

2060 2407 2269 2474 timarn,
2307 2423 2470 2476 quam
2518 2407 3018 2464 Nabuchodonosor
3049 2405 3176 2465 fecit
3211 2428 3279 2466 ex
3315 2413 3631 2486 llieroSoly-

2059 2498 2183 2560 mis,
2221 2513 2397 2552 annos
2449 2507 2665 2551 centum
2713 2500 2902 2568 viginti
2956 2511 3099 2565 octo,
3135 2520 3350 2558 menses
3397 2521 3526 2572 sex;
3559 2524 3630 2562 ex

2058 2602 2167 2654 quo
2214 2598 2394 2641 autem
2437 2587 2622 2640 decem
2675 2589 2849 2641 tribus
2887 2588 3132 2643 abductae
3163 2588 3631 2662 fueruntcaptivae

2057 2694 2122 2732 ex
2148 2678 2416 2742 Samaria,
2446 2695 2619 2749 usque
2647 2680 2711 2734 ad
2747 2677 3100 2734 Ptolcmzeum
3142 2693 3420 2751 quartum,
3455 2701 3630 2742 annos

2061 2771 2388 2840 quingentos
2421 2773 2762 2841 septuaginta
2796 2781 2926 2836 tres,
2956 2789 3146 2826 novem
3181 2791 3424 2841 merses;
3460 2793 3490 2830 a
3520 2793 3630 2848 quo

2059 2872 2236 2916 autem
2265 2877 2328 2914 ex
2361 2859 2747 2932 Hierosolymis
2805 2868 2864 2924 ᾗ
2898 2877 3072 2917 annos
3112 2873 3379 2918 trecentos
3410 2869 3632 2935 triginta

2058 2965 2204 3017 octo,
2237 2968 2450 3006 menses
2480 2962 2608 3007 tres.
2646 2951 2800 3007 Philo
2834 2964 3012 3008 autem
3041 2955 3326 3025 descripsit
3354 2958 3468 3026 ipse
3493 2975 3630 3029 quo-

2058 3062 2162 3115 que
2192 3062 2341 3116 rcges
2371 3045 2682 3100 Iudaeorum
2713 3047 2870 3100 aliter
2903 3063 3066 3116 quam
3101 3033 3432 3107 Demetrius.
3481 3051 3629 3107 Prae-

2058 3149 2200 3193 terea
2224 3150 2402 3193 autem
2435 3139 2764 3209 Eupolemus
2787 3156 3005 3210 quoque
3028 3144 3080 3194 in
3116 3143 3280 3196 simili
3305 3160 3469 3213 opere
3496 3146 3631 3201 dicit

2059 3247 2246 3284 omnes
2297 3246 2470 3284 annos
2500 3232 2567 3284 ab
2594 3231 2764 3285 Adam
2799 3248 2971 3301 usque
3015 3233 3082 3287 ad
3129 3234 3380 3303 quintum
3423 3253 3629 3294 annum

2061 3324 2314 3377 Demetrii
2372 3323 2681 3388 Ptolemaai,
2724 3327 2816 3394 qui
2873 3327 3228 3382 duodecimus
3285 3330 3337 3382 in
3395 3329 3628 3402 Egypto

2056 3416 2319 3484 regnavit,
2349 3415 2524 3483 colligi
2555 3431 2728 3470 annos
2751 3417 3042 3486 quinquies
3074 3420 3220 3473 mille
3241 3431 3459 3475 centum
3491 3439 3630 3492 qua-

2054 3509 2298 3577 draginta
2332 3523 2557 3571 novem;
2585 3523 2614 3560 a
2645 3523 2755 3577 quo
2787 3521 2964 3562 autem
3007 3519 3251 3580 tempore
3293 3512 3505 3585 Moyses
3529 3515 3628 3568 Ju-

2053 3601 2198 3654 dzeos
2231 3601 2417 3653 eduxit
2459 3616 2524 3653 cx
2557 3599 2791 3670 Egypto
2824 3618 2996 3671 usque
3029 3604 3095 3656 ad
3129 3604 3442 3672 praedictum
3488 3618 3626 3661 tem-

2053 3707 2176 3759 pus,
2204 3693 2384 3761 colligi
2426 3707 2600 3746 annos
2639 3694 2722 3747 bis
2765 3693 2910 3747 mille
2961 3695 3286 3764 quingentos
3321 3699 3624 3766 octoginta.

2053 3783 2135 3834 Ab
2180 3783 2285 3835 hoc
2335 3795 2516 3837 autem
2549 3793 2790 3853 tempore
2831 3801 3002 3854 usque
3029 3786 3095 3839 ad
3139 3788 3394 3842 consules
3438 3789 3626 3845 Roma

2054 3876 2242 3928 Caium
2277 3875 2644 3929 Domitianum
2698 3885 2753 3929 et
2793 3877 3110 3941 Casianum,
3138 3879 3466 3948 colliguntur
3495 3883 3624 3936 anni

2055 3977 2269 4020 centum
2305 3965 2514 4036 viginti.
2542 3967 2831 4036 Euphorus
2860 3978 3039 4022 autem
3073 3979 3123 4024 et
3151 3971 3239 4023 alii
3269 3973 3422 4026 multi
3449 3973 3622 4027 histo-

2053 4059 2174 4121 rici,
2201 4069 2253 4111 et
2293 4069 2498 4127 gentes,
2526 4067 2579 4111 ct
2626 4060 2840 4128 linguas
2884 4061 3072 4116 dicunt
3115 4079 3236 4118 esse
3278 4068 3625 4136 septuaginta

2051 4151 2312 4220 quinque,
2343 4167 2468 4205 cum
2515 4153 2814 4208 audiissent
2861 4169 3052 4209 voccm
3099 4156 3301 4228 Moysis
3350 4159 3621 4218 dicentis:

2052 4351 2203 4428 Quod
2232 4353 2448 4428 quidem
2474 4352 2779 4428 inferebant
2799 4371 2862 4409 ex
2893 4355 3046 4410 Deut.
3069 4376 3238 4424 χχχιι,
3258 4360 3328 4414 8:
3354 4381 3372 4414 ‹
3391 4362 3623 4428 Quando

2051 4423 2324 4500 dividebat
2347 4425 2658 4500 Altissimus
2693 4436 2901 4500 gentes,
2921 4431 3142 4496 quando
3167 4423 3454 4500 separaba't
3479 4437 3621 4491 tilios

2058 4495 2580 4569 Adamicnnstituit
2609 4497 2869 4569 terminos
2899 4495 3398 4569 populorum-juxta
3429 4521 3622 4559 nurne-

2052 4581 2173 4644 rum
2225 4564 2455 4644 liliprurn
2483 4562 2673 4644 “Israel.
2720 4564 2854 4622 Pars
2899 4562 3086 4644 autem
3128 4562 3335 4644 Domini
3387 4579 3624 4644 populus

445 4645 556 4713 (56)
596 4647 888 4713 Ειΰςςορος.
933 4632 1288 4699 scribendum
1316 4643 1568 4712 Ἔφορος,
1608 4653 1667 4696 ιιι
1698 4643 1946 4712 superius
1977 4632 2022 4686 Ῑ)
2051 4637 2197 4713 ej||S-_

1846 4643 1946 4698 ius
1977 4632 2022 4686 D
2051 4637 2197 4713 ejus.
2221 4654 2242 4713 ξ
2275 4634 2442 4699 Quem
2483 4633 2823 4713 locummpra:
2875 4641 3048 4713 oculis
3075 4642 3267 4696 habuit
3293 4632 3486 4698 auc-toi-
3520 4645 3621 4699 Re-

377 4731 428 4784 p.
463 4715 564 4768 506
597 4715 728 4768 edit.
762 4715 936 4771 Paris.
973 4715 1082 4770 Nec
1117 4715 1598 4784 insolitumesteo
1625 4730 1723 4782 pro
1747 4731 1772 4765 ε
1800 4714 1941 4781 posi-

376 4782 510 4839 ium.
544 4785 694 4838 Unde
732 4786 786 4838 in
841 4788 1169 4839 numismate
1222 4783 1486 4838 Antonini
1518 4782 1624 4849 Pii,
1655 4784 1940 4852 Εὺφυσίων

374 4856 451 4919 δὶς
477 4855 778 4924 νεωκόρων,
817 4871 916 4924 pro
960 4856 1244 4923 Ἐφεσίων.

445 4925 554 4992 ('57)
597 4923 1026 4978 ἮσανζΠᾶσαι
1057 4925 1225 4993 ψυχαὶ
1258 4925 1404 4979 οἴκου
1445 4923 1658 4986 Ἰακὼϐ,
1689 4925 1746 4978 αἰ
1773 4925 1942 4978 εἰσελ-

375 4997 562 5049 θοῦσαι
593 4994 728 5065 μετά
756 4994 948 5067 Ἰακὼδ
962 4997 1055 5067 εἰς
1069 4993 1357 5064 Αἴγυπτον,
1381 4993 1551 5064 ψυχαὶ
1575 4994 1941 5067 ἑϐδομήκοντα

374 5068 554 5120 πέντε.
588 5064 722 5120 Gen.
753 5081 898 5120 xw.
925 5064 1014 5118 27.

443 5138 554 5206 (58)
594 5135 706 5189 Δύο
736 5135 833 5187 καὶ
860 5134 1287 5202 ἑϐδομήκοντα.
1328 5133 1553 5203 Antiqui
1614 5133 1807 5191 Patres
1856 5150 1942 5189 se—

373 5209 676 5276 ptuaginta,
698 5207 780 5258 vel
809 5206 1152 5276 septuaginta
1182 5209 1320 5262 duas
1352 5207 1585 5273 linguas,
1620 5219 1938 5276 gentesque,

373 5275 594 5331 totidem
629 5288 882 5346 prwterea
916 5275 1136 5344 angelos
1179 5277 1287 5331 illis
1325 5277 1630 5345 praefectos,
1662 5275 1936 5346 numera-

373 5348 520 5400 bant.
551 5345 720 5414 Quem
759 5360 1046 5416 numerum
1075 5361 1103 5397 e
1129 5347 1358 5402 diversis
1393 5353 1594 5399 sanctae
1642 5345 1940 5416 Scriptum

372 5418 505 5471 locis
531 5419 874 5486 eolligehant.
907 5414 1358 5470 Clementinorum
1395 5425 1584 5486 auctor
1611 5414 1805 5471 homil.
1853 5418 1936 5479 l8,

371 5504 421 5541 c.
451 5490 504 5551 4,
530 5506 652 5542 cum
668 5485 953 5542 Clemente
981 5492 1166 5538 uestro
1193 5502 1221 5540 a
1249 5503 1476 5541 numero
1501 5485 1736 5540 liliorum
1769 5487 1936 5540 Jacob

373 5560 640 5640 rationem
660 5559 761 5612 init
791 5559 998 5640 ε”Οστις
1015 5555 1153 5608 κατὰ
1169 5557 1400 5640 ἀριθμὸν
1421 5555 1525 5640 τώς)
1547 5554 1677 5640 υἱξῦν
1708 5556 1936 5638 Ἰσραὴλ)

370 5629 419 5679 οἳ
467 5628 710 5699 εἰσῆλθον
739 5630 817 5691 εἰς
848 5629 1136 5699 Αἴγυπτον,
1166 5625 1221 5678 οἵ
1248 5625 1385 5680 εισιν
1423 5625 1807 5699 ἑϐδομήκοντα,
1848 5625 1939 5699 καὶ

369 5697 504 5775 πρὸς
528 5695 595 5750 τὰ
622 5701 752 5775 ὅρια*
793 5699 902 5775 τών
930 5697 1095 5751 ἐθνῶν
1125 5699 1465 5775 named?“
1493 5695 1939 5775 γλώῗσαιςέδδοτ

375 5767 635 5844 μήκοντα·
657 5767 688 5819 ir
717 5770 820 5844 Qui
853 5769 1004 5844 ,ἱιι-ιξιει
1039 5767 1324 5820 numerum
1352 5771 1586 5822 tiliornm
1621 5769 1811 5844 Israel,
1845 5767 1936 5834 qui

373 5837 600 5909 ingressi
641 5840 850 5892 suntin
886 5837 1174 5909 {Egyptum
1225 5853 1454 5891 numero
1491 5840 1854 5909 septuaginta,
1886 5845 1939 5888 et

375 5907 637 5962 terminos
661 5907 1517 5976 gentiumdeﬁnivitseptuaginta
1547 5908 1798 5977 linguis,»
1831 5918 1933 5961 etc.

2045 4705 2614 4781 cognitionum-sancti
2649 4705 2958 4781 Clementis
2997 4711 3090 4764 lib.
3124 4728 3183 4773 ιι,
3223 4729 3345 4781 cap.
3374 4714 3466 4779 42,
3499 4716 3616 4770 haec

2043 4772 2332 4852 scribens“:
2363 4794 2380 4825 ι
2412 4772 2505 4827 Est
2527 4776 2674 4852 enim
2709 4779 3140 4852 uniuscujusque
3171 4772 3345 4850 gentis
3371 4772 3620 4852 angelus,

2044 4846 2132 4918 cui
2166 4847 2372 4918 credita
2407 4855 2491 4898 est
2531 4847 2707 4914 gentis
2743 4847 2915 4916 ipsius
2945 4846 3282 4918 dispensatio
3317 4867 3347 4905 a
3382 4846 3513 4907 De'o.
3549 4895 3563 4909 .
3600 4846 3617 4909 ζ

2041 4915 2188 4972 Deus
2215 4917 2360 4971 enim
2389 4919 2660 4988 excelsus,
2689 4915 2781 4984 qui
2829 4919 2980 4972 solus
3024 4915 3340 4988 potestatem
3368 4925 3614 4979 omnium

2042 4998 2210 5053 tenet,
2242 4989 2297 5041 in
2327 4986 2669 5059 septuaginta
2717 4995 2771 5040 et
2813 4989 2950 5042 duas
3001 4986 3181 5059 partes
3223 4992 3412 5047 divisit
3448 4997 3619 5050 totius

2043 5068 2203 5132 terra:
2230 5059 2497 5132 nationes,
2538 5058 2767 5132 ejusque
2813 5058 3086 5132 principes
3122 5063 3345 5132 angelos
3375 5066 3564 5118 statuit
3594 5079 3616 5131 ;

2043 5131 2138 5185 uni
2175 5146 2321 5193 vero,
2349 5128 2441 5195 qui
2487 5128 2538 5179 in
2572 5130 2911 5194 archangelis
2959 5128 3073 5185 erat
3127 5128 3423 5199 maximus,
3467 5128 3616 5189 sorte

2041 5207 2166 5258 data
2199 5209 2281 5253 est
2309 5199 2643 5271 dispensatio
2698 5213 2891 5253 eorum
2925 5203 3014 5268 qui
3049 5218 3158 5271 pra:
3185 5204 3396 5257 cmteris
3432 5206 3612 5257 omni-

2041 5275 2148 5329 bus
2177 5271 2376 5324 excelsi
2398 5269 2488 5322 Dei
2514 5269 2720 5322 cultum
2741 5278 2906 5338 atque
2923 5269 3200 5324 scientiam
3224 5284 3571 5343 receperunt.
3587 5294 3606 5326 ι

2041 5345 2146 5396 Alii
2177 5343 2348 5394 eidem
2414 5355 2644 5392 numero
2688 5344 2947 5408 aptabant
2976 5359 3164 5395 eorum
3203 5359 3488 5398 numerum
3517 5346 3612 5411 qui

2042 5413 2236 5467 turrim
2269 5411 2650 5483 Babylonicum
2679 5421 3083 5467 exstruXerunt.
3115 5413 3445 5483 Epiphanius
3474 5414 3616 5468 Cort-

2044 5495 2126 5558 tria
2142 5485 2357 5558 liwreses
2386 5483 2476 5558 lib:
2501 5497 2538 5543 ι,
2559 5492 2596 5532 ι.
2613 5477 2654 5541 l,
2683 5483 3047 5558 sect._6,_pag:
3065 5484 3098 5535 6
3125 5477 3480 5558 εᾉίεσκέδασε
3503 5485 3614 5558 γὰρ

2040 5555 2219 5608 αὐτῶν
2252 5551 2348 5614 τὰς
2375 5549 2646 5624 γλώσσας,
2678 5552 2771 5604 καὶ
2811 5549 2930 5624 ὰπδ
2954 5549 3080 5624 μιᾶς
3119 5556 3197 5617 εἰς
3245 5549 3614 5624 ἐϐδομήκοντα

2040 5625 2132 5678 δύο
2148 5624 2412 5697 διένειμε,
2426 5623 2570 5697 κατὰ
2584 5623 2688 5697 τῶν
2703 5624 2821 5676 τότε
2837 5623 3043 5697 ἀνδρῶν
3061 5626 3286 5697 ἀριθμὸν
3301 5623 3610 5697 εὑρεθέντα.

2049 5714 2066 5745 ι
2101 5696 2382 5765 υἰιςρθτείιᾲ
2413 5692 2550 5746 Deus
2577 5695 2844 5765 ipsorum
2874 5692 3111 5765 linguas,
3135 5692 3278 5750 et'ah
3303 5692 3407 5751 una
3438 5697 3489 5748 in
3522 5711 3612 5747 se-

2043 5763 2322 5835 ptuaginta
2354 5763 2494 5818 duas
2535 5763 2739 5827 divisit,
2769 5763 3069 5819 secundum
3111 5781 3398 5820 numerum
3437 5765 3616 5818 homi-

2043 5854 2195 5900 num,
2235 5836 2326 5904 qui
2385 5836 2457 5887 ibi
2485 5835 2740 5890 inventus
2769 5845 2871 5890 est.
2912 5857 2930 5888 ι
2959 5835 3118 5890 Conf.
3147 5836 3288 5891 idem
3322 5839 3512 5890 haeres.
3545 5836 3618 5890 59

2045 5906 2454 5973 Scthianorum,
2487 5906 2789 5975 Procopius
2839 5908 3064 5963 Canens
3123 5908 3178 5961 in
3225 5908 3382 5962 Deut.
3433 5907 3612 5962 locum
