4496 6588
836 459 938 513 907

1997 459 2388 514 CLEMENTIS
2427 459 2902 518 ALEXANDRINI

4000 470 4108 527 908

838 577 1183 647 Argivorum,
1239 577 1542 634 Alexander
1589 594 1717 633 vero
1751 595 1846 634 rex
1888 579 1989 634 fuit
2027 579 2406 638 Macedonum.
2439 588 2485 643 Α
2514 600 2590 655 τῳ

2335 598 2406 637 m.
2439 588 2485 643 Α
2514 600 2590 655 τῳ
2615 587 2677 638 οὑ
2709 587 3016 658 πρόσεστιν·
3065 576 3111 651 ᾧ
3140 584 3347 655 Πέρσαι
3392 588 3484 641 ἐπὶ
3529 589 3626 661 τὴν
3671 587 3897 643 Ἐλλάδα
3944 604 4110 663 στρα-

836 669 1017 724 Tertia
1039 683 1143 736 est,
1179 686 1300 741 qua:
1328 687 1497 725 unum
1539 672 1713 726 solum
1740 673 2094 743 concupiscit,
2130 691 2325 746 nempe
2360 684 2417 729 ut

835 761 1019 816 vincat
1049 770 1103 816 et
1152 770 1395 829 evertat;
1431 762 1485 816 in
1517 763 1718 816 malum
1768 775 1950 819 autem
1984 765 2066 818 vel
2107 764 2316 821 bonum
2352 766 2416 821 ﬁ—

838 869 961 908 nem
994 855 1217 908 victoria
1247 854 1348 920 uti,
1380 856 1430 909 ei
1469 856 1690 910 minimc
1726 856 1869 912 inest
1900 878 1912 912 :
1942 874 2048 928 qua
2078 858 2301 927 quidem
2333 859 2417 914 usi

840 947 1193 1011 suntPersze,
1247 965 1371 1004 cum
1426 950 1625 1004 bellum
1681 961 1934 1021 gererent
1973 953 2239 1008 adversus
2280 952 2421 1008 Grae-

841 1042 1001 1096 ciam.
1035 1038 1172 1094 Nam
1213 1041 1503 1096 irascibilis
1541 1045 1814 1111 appetitus
1842 1044 1983 1098 alias
2015 1044 2234 1113 quidem
2266 1060 2420 1114 pror-

838 1149 938 1189 sus
990 1145 1074 1189 est
1113 1135 1509 1199 contentiosus,
1543 1135 1636 1204 qui
1680 1135 1968 1205 imperium
2009 1135 2205 1206 qurerit
2249 1137 2421 1192 solius

836 1223 1234 1279 dominationis
1258 1225 1430 1294 gratia
1451 1266 1466 1289 ,
1498 1227 1635 1281 alias
1663 1243 1789 1280 vero
1815 1227 1944 1281 boni
1978 1229 2281 1293 studiosus,
2309 1245 2420 1299 quo

834 1319 1020 1375 anima
1042 1317 1108 1371 ad
1143 1316 1218 1380 id,
1250 1317 1397 1386 quod
1437 1318 1640 1371 bonum
1677 1328 1762 1372 est
1789 1328 1845 1373 et
1876 1320 2189 1384 honestum,
2225 1321 2419 1376 utitur.

835 1409 1042 1476 Quarta
1078 1419 1260 1464 autem
1298 1411 1560 1480 regnandi
1597 1411 1806 1479 species
1837 1422 1924 1466 est
1972 1412 2218 1466 omnium
2249 1415 2423 1482 pessi-

834 1519 944 1567 ma,
975 1518 1097 1571 quze
1124 1511 1284 1570 prout
1309 1503 1415 1555 fert
1440 1502 1609 1556 libido
1636 1504 1925 1557 ordinatur
1955 1524 1967 1557 :
1999 1504 2157 1573 quale
2188 1504 2293 1560 fuit
2334 1522 2421 1561 re-

833 1610 1000 1665 gnum
1036 1593 1395 1665 Sardanapali
1425 1605 1479 1649 et
1519 1610 1734 1661 eorum,
1791 1597 1888 1666 qui
1941 1599 2086 1651 hunc
2112 1596 2276 1652 ﬁnem
2316 1600 2421 1654 sibi

830 1695 1170 1756 proponunt,
1216 1693 1276 1738 ut
1306 1685 1775 1753 quamplurimum
1814 1686 2130 1755 indulgeant
2169 1687 2285 1741 suis
2328 1704 2425 1741 cu-

830 1775 1174 1846 piditatibus.
1238 1772 1523 1843 Regnandi
1575 1785 1759 1829 autem
1828 1775 2090 1837 scientiae,
2142 1786 2253 1829 tam
2303 1791 2424 1845 qua

836 1874 896 1932 >I<
933 1869 1132 1922 virtute
1162 1868 1349 1932 vincit,
1384 1883 1548 1936 quam
1582 1883 1703 1936 quze
1738 1868 1812 1930 vi,
1857 1868 2289 1921 instrumentum
2335 1876 2422 1921 est

2517 676 2808 741 τεύσαντες
2843 676 3261 748 συνεχρήσαντο.
3311 678 3419 731 Τοῦ
3459 682 3567 754 γὰρ
3598 682 3771 755 θυμοῦ
3799 681 3863 736 τὸ
3892 682 3992 753 μὲν
4031 699 4111 750 φι-

2518 767 2760 824 λόνεικον
2784 771 2892 843 (56)
2940 770 3097 842 μόνον
3135 771 3306 832 ἐστὶν,
3353 771 3519 824 αὑτοῦ
3558 774 3653 827 τοῦ
3692 778 3915 849 κρατεῖν
3941 774 4112 828 ἓνεκα

2517 859 2616 931 τὴν
2676 861 2993 917 δυναστείαν
3046 861 3436 932 πεποιημένον·
3491 865 3549 916 τὸ
3577 866 3633 919 δὲ
3677 867 3988 936 φιλόκαλον,
4031 868 4111 930 είς

2520 952 2691 1024 καλὴν
2717 954 3149 1027 καταχρωμένης
3197 955 3297 1024 τῆς
3323 954 3500 1024 ψυχῆς
3528 956 3605 1023 τῷ
3637 958 3814 1030 θυμῷ.
3861 960 4109 1030 Τετάρτη

2518 1046 2593 1111 δὲ,
2623 1048 2656 1118 ἡ
2685 1048 2873 1103 πασῶν
2906 1048 3157 1116 κακίστη,
3184 1047 3218 1117 ἢ
3243 1047 3383 1101 κατὰ
3410 1047 3507 1111 τὰς
3532 1049 3827 1121 ἐπιθυμίας
3855 1054 4108 1107 τάττεται

2522 1140 2787 1211 βασιλεία·
2830 1145 2907 1208 ὡς
2955 1146 2988 1214 ἠ
3041 1140 3484 1211 Σαρδαναπάλου,
3535 1143 3630 1196 καὶ
3688 1143 3798 1196 τῶν
3836 1146 3898 1198 τὸ
3955 1146 4110 1207 τέλος

2521 1236 2879 1307 ποιουμένων,
2904 1241 3023 1299 ταῖς
3058 1233 3369 1303 ἐπιθυμίαις
3407 1233 3481 1296 ὡς
3513 1233 3739 1288 πλεῖστα
3767 1237 4109 1308 χαρίζεσθαι.

2521 1327 2626 1380 Τοῦ
2679 1328 2736 1382 δέ
2798 1328 3118 1400 βασιλικοῦ,
3180 1327 3271 1380 τοῦ
3325 1344 3384 1380 τε
3431 1327 3550 1380 κατ’
3590 1327 3791 1398 ἀρετὴν
3852 1329 4111 1394 νικῶντος

2522 1420 2616 1473 καὶ
2654 1419 2750 1472 τοῦ
2799 1421 2937 1474 κατὰ
2988 1422 3129 1491 βίαν,
3172 1419 3400 1493 δργανον
3432 1418 3494 1471 τὸ
3537 1419 3817 1473 τακτικόν.
3857 1420 4021 1473 ’Ἄλλο
4052 1421 4110 1474 δὲ

2521 1512 2641 1564 κατ’
2676 1511 2841 1583 ἄλλην
2869 1512 3029 1580 φύσιν
3060 1530 3117 1566 τε
3151 1512 3243 1566 καὶ
3275 1510 3435 1580 ὓλην·
3476 1512 3533 1562 ἐν
3570 1510 3672 1580 μέν
3695 1528 3756 1579 γε
3786 1510 3994 1574 ὅπλοις,
4014 1515 4111 1566 καὶ

2522 1607 2633 1667 τοῖς
2683 1604 2945 1675 μαχίμοις
2977 1603 3157 1669 ζώοις,
3199 1604 3265 1657 δι’
3310 1602 3570 1674 ἐμψύχων
3613 1619 3675 1655 τε
3709 1603 3805 1656 καὶ⁷
3845 1602 4108 1672 ἀψύχων,

2522 1688 2667 1760 ψυχὴ
2696 1691 2756 1743 τὸ
2786 1691 2981 1744 τάττον
3015 1694 3132 1745 ἐστὶ
3166 1692 3259 1745 καὶ
3290 1690 3442 1755 νοῦς·
3477 1694 3533 1743 ἐν
3570 1689 3627 1744 δὲ
3657 1694 3770 1754 τοῖς
3803 1690 3901 1761 τῆς
3928 1691 4108 1763 ψυχῆς

2523 1781 2771 1845 πάθεσιν,
2807 1776 2881 1834 ὧν
2930 1783 3337 1855 ἐπικρατοῦμεν
3370 1785 3435 1853 τῇ
3478 1783 3667 1854 ἀρετῇ,
3703 1782 3964 1853 λογισμός
3993 1785 4110 1835 ἐστι

2524 1876 2583 1928 τὸ
2605 1874 2883 1939 τακτικὸν,
2921 1877 3453 1948 ἐπισφραγιζόμενος
3499 1875 3823 1944 ἐγκράτειαν
3871 1874 3966 1926 καὶ
4002 1889 4110 1926 σω-

832 1963 1122 2017 ordinandi
1152 1962 1402 2017 scientia.
1437 1961 1510 2015 Ea
1543 1976 1676 2016 vero
1706 1976 1805 2030 pro
1829 1962 2030 2029 objecti
2065 1962 2153 2015 sui
2182 1963 2418 2017 diversi-
2452 1941 2492 1995 Β
2522 1981 2607 2035 ep:

2333 1963 2418 2016 isi-
2452 1941 2492 1995 Β
2522 1963 2795 2035 φροσὺνην
2843 1963 2965 2033 μεθ’
2998 1966 3301 2035 ὁσιότητος,
3338 1965 3433 2017 καὶ
3479 1962 3679 2031 γνῶσιν
3730 1962 3938 2033 ἀγαθὴν
3988 1961 4108 2033 μετ’

832 2063 943 2109 tate
974 2054 1122 2107 varia
1157 2062 1259 2107 est.
1294 2052 1427 2107 Nam
1460 2044 1867 2123 arma‘quidem
1896 2062 1950 2107 et
1981 2055 2251 2123 pugnacia
2293 2055 2415 2108 ani-

832 2146 1017 2211 malia,
1048 2160 1149 2215 ope
1179 2161 1303 2200 cum
1337 2146 1729 2211 animatormn,
1770 2156 1885 2200 tum
1920 2146 2090 2200 etiam
2138 2148 2414 2201 inanima-

830 2250 1037 2303 torum,
1073 2238 1254 2292 anima
1283 2251 1337 2291 et
1370 2254 1524 2291 mens
1556 2239 1802 2303 ordinat;
1839 2238 2041 2293 animae
2060 2248 2253 2293 autem
2285 2239 2416 2293 atre-

831 2341 976 2389 ctus.
1031 2332 1087 2385 in
1121 2346 1262 2401 quos
1309 2346 1411 2401 ope
1458 2331 1676 2385 virtutis
1724 2330 2017 2399 imperium
2066 2331 2413 2395 obtinemus,

831 2425 1053 2480 ordinat
1083 2426 1243 2488 ratio,
1275 2433 1334 2478 ut
1355 2439 1475 2493 quze
1504 2425 1898 2477 continentiam
1922 2433 1975 2477 et
1997 2424 2414 2493 temperantiam

832 2528 958 2567 cum
990 2512 1301 2577 sanctitate,
1327 2521 1383 2566 et
1410 2512 1610 2566 bonam
1637 2513 2005 2582 cognitionem
2037 2529 2162 2568 cum
2187 2513 2416 2567 veritate

831 2604 1106 2675 obsignet,
1137 2605 1323 2658 omnia
1344 2604 1564 2658 demum
1592 2605 1659 2659 ad
1686 2607 1941 2674 pietatem
1965 2603 2171 2675 Deique
2203 2606 2414 2659 cultum

832 2696 1079 2751 referens
1106 2714 1120 2750 :
1151 2697 1232 2752 sic
1263 2696 1411 2750 enim
1447 2697 1648 2752 virtute
1682 2696 1965 2751 utentibus
1988 2697 2280 2765 prudentia
2307 2706 2415 2763 est,

831 2805 957 2859 quae
985 2804 1071 2842 res
1096 2788 1349 2851 ordinat;
1380 2803 1444 2842 ac
1469 2788 1683 2844 divinas
1718 2788 1967 2858 quidem,
1997 2789 2297 2858 sapientia;
2323 2789 2420 2842 hu-

831 2896 1027 2935 manas
1075 2895 1225 2945 vero,
1276 2880 1535 2950 politiea;
1593 2882 1883 2937 universas
1933 2890 2139 2941 autem,
2187 2881 2414 2935 scientia

831 2973 1118 3044 regnandi.
1148 2971 1262 3027 Rex
1291 2973 1475 3043 itaque
1507 2976 1553 3028 is
1580 2983 1685 3038 est,
1710 2975 1805 3044 qui
1839 2974 2073 3044 imperat
2114 2973 2414 3028 secundum

830 3067 1000 3137 leges,
1026 3075 1080 3121 et
1103 3066 1361 3135 prmditus
1380 3075 1463 3120 est
1488 3066 1714 3121 scicntia
1736 3067 2040 3136 imperandi
2067 3067 2374 3122 volentibus
2398 3085 2412 3122 :

829 3158 1142 3227 cuiusmodi
1187 3166 1272 3214 est
1303 3157 1587 3224 Dominus,
1632 3158 1873 3228 quieos,
1920 3159 2016 3229 qui
2062 3160 2118 3213 in
2151 3160 2328 3229 ipsum
2360 3168 2415 3216 et

2519 2053 2796 2124 ἀληθείας,
2841 2054 2904 2106 τὸ
2946 2054 3103 2118 τέλος
3143 2058 3224 2119 είς
3260 2054 3547 2109 εὐσέϐειαν
3593 2055 3885 2125 ἀναφέρων
3935 2051 4104 2105 Θεοῦ·

2517 2147 2659 2200 οὑτω
2685 2146 2796 2218 γὰρ
2829 2149 2896 2217 τῇ
2931 2147 3102 2218 ἀρετῇ
3151 2149 3459 2219 χρωμένοις
3484 2149 3747 2220 φρόνησις
3780 2149 3813 2217 ἡ
3841 2146 4111 2201 τάττουσά

2517 2242 2632 2292 ἐστι
2655 2257 2668 2269 ·
2704 2240 2774 2292 τὰ
2806 2239 2863 2292 δὲ
2899 2239 3022 2293 θεῖα
3051 2243 3083 2311 ἡ
3117 2240 3308 2310 σοφία·
3347 2240 3417 2293 τά
3446 2241 3762 2313 ἀνθρώπεια
3791 2241 3848 2294 δὲ
3886 2242 3920 2310 ἠ
3959 2239 4111 2292 πολι-

2515 2336 2641 2401 τική
2660 2346 2672 2359 ·
2700 2329 2992 2401 σύμπαντα
3017 2330 3074 2382 δὲ
3108 2333 3140 2400 ὴ
3165 2330 3444 2402 βασιλική.
3471 2331 3736 2395 Βασιλεὺς
3757 2333 3937 2386 τοίνυν
3959 2330 4110 2386 ἐστὶν

2515 2425 2544 2475 ὀ
2563 2423 2746 2494 ἄρχων
2780 2422 2919 2475 κατὰ
2954 2422 3175 2493 νόμους,
3206 2424 3234 2474 ὁ
3260 2423 3360 2492 τὴν
3390 2423 3484 2475 τοῦ
3511 2423 3700 2493 ἄρχειν
3728 2424 3964 2477 ἑκόντων
3987 2425 4110 2476 ἐπι-

2522 2517 2741 2586 στήμην
2764 2514 2932 2585 ἔχων·
2949 2508 3059 2576 οἶός
3075 2516 3264 2567 ἐστινὸ
3292 2513 3516 2584 Κύριος,
3551 2516 3679 2578 τοὺς
3705 2517 3785 2578 εἰς
3817 2515 3979 2570 αὑτὸν
4011 2515 4110 2570 καὶ

2515 2605 2584 2657 δι’
2627 2603 2792 2657 αὑτοῦ
2830 2603 3187 2666 πιστεύοντας
3230 2605 3561 2674 προϊέμενος
3596 2605 3727 2673 (57).
3760 2605 3948 2659 Πάντα
3994 2606 4108 2678 (58)

2516 2695 2627 2765 γὰρ
2657 2693 2971 2765 παρέδωκεν
3003 2696 3030 2746 ὁ
3061 2693 3215 2757 Θεὸς,
3247 2694 3339 2747 καὶ
3371 2693 3547 2747 πάντα
3581 2694 3815 2760 ὑπέταξε
3861 2696 4107 2766 Χριστῷ,

2515 2790 2596 2861 τῷ
2630 2790 2839 2861 βασιλεί
2870 2788 3057 2860 ἡμῶν·
3101 2808 3119 2838 ι
3156 2789 3241 2841 ἵνα
3277 2791 3333 2841 ἐν
3379 2788 3459 2859 τῷ
3495 2790 3722 2860 ὀνόματι
3770 2790 3945 2861 Ἰησοῦ
3996 2792 4108 2844 πᾶν

2516 2881 2647 2948 γόνυ
2670 2878 2884 2952 κάμψῃ,
2908 2878 3263 2950 ἐπουρανίων,
3282 2879 3376 2931 καὶ
3402 2878 3681 2947 ἐπιγείων,
3711 2880 3807 2934 καὶ
3835 2881 4107 2952 καταχθο-

2517 2972 2673 3027 νίων·
2711 2972 2806 3025 καὶ
2836 2973 2986 3023 πᾶσα
3014 2970 3234 3039 γλῶσσα
3262 2969 3751 3042 ἐξομολογήσηται,
3786 2973 3868 3024 ὅτι
3900 2973 4107 3044 Κύριος

2528 3063 2736 3135 Ἰησοῦς
2763 3061 2999 3134 Χριστὸς
3022 3064 3104 3124 εἰς
3136 3060 3295 3126 δόξαν
3327 3062 3461 3115 Θεοῦ
3496 3064 3732 3136 Πατρός.
3764 3083 3782 3115 ι
3831 3064 4017 3129 Ἰδέαις
4046 3065 4106 3118 δὲ

2516 3160 2759 3230 ἐνέχεται
2790 3158 2851 3210 τὸ
2877 3157 3246 3228 στρατήγημα
3275 3157 3475 3230 τρισὶν,
3508 3156 3761 3225 ἀσφαλεῖ,
3788 3158 4103 3229 παραϐόλῳ,

829 3266 931 3321 per
973 3249 1150 3319 ipsum
1203 3251 1455 3315 credunt,
1490 3250 1752 3305 admittit.
1784 3248 1982 3305 Omnia
2012 3252 2156 3305 enim
2191 3252 2412 3307 tradidit
2439 3282 2481 3339 ρ
2517 3254 2604 3307 καὶ

2333 3252 2412 3307 dit
2439 3282 2481 3339 ρ
2517 3254 2613 3307 καὶ
2646 3251 2724 3323 τῷ
2751 3251 2816 3304 ἐκ
2848 3249 3052 3303 τούτων
3088 3248 3264 3319 μικτῷ
3282 3267 3296 3280 ·
3334 3247 3640 3302 συντίθεται
3667 3249 3723 3302 δὲ
3750 3250 3958 3303 τούτων
3979 3250 4108 3304 ’ἐκα-

832 3338 999 3404 Deus,
1028 3349 1081 3392 et
1104 3338 1287 3393 omnia
1319 3337 1543 3392 Christo
1588 3338 1822 3407 subjecit
1879 3337 1993 3408 regi
2038 3347 2258 3403 nostro,
2296 3355 2315 3388 ι
2356 3348 2413 3392 ιιι

833 3431 892 3485 in
942 3430 1162 3485 nomine
1204 3428 1336 3484 Jesu
1386 3445 1551 3486 omne
1580 3447 1721 3499 genu
1747 3429 2018 3496 ﬂectatur,
2064 3431 2409 3495 caelestium,

834 3523 1200 3587 terrestrium,
1236 3532 1292 3577 et
1321 3520 1690 3588 infernorum;
1726 3532 1781 3577 et
1817 3523 1997 3579 omnis
2029 3524 2216 3596 lingua
2239 3523 2413 3578 conii-

833 3625 1050 3680 teatur,
1108 3613 1256 3684 quod
1303 3613 1573 3669 Dominus
1616 3612 1779 3669 Jesus
1833 3614 2093 3670 Christus
2166 3613 2222 3668 in
2296 3614 2411 3684 glo-

833 3707 975 3762 riam
1018 3706 1113 3761 Dei
1156 3705 1334 3761 Patris
1370 3718 1420 3762 ι.
1473 3725 1492 3758 ι
1528 3711 1631 3763 Ars
1681 3722 1847 3777 porro
1899 3708 2253 3777 imperatoria
2299 3707 2403 3762 tri-

834 3800 941 3853 bus
963 3799 1275 3853 continetur
1299 3797 1621 3866 speciebus:
1647 3799 1923 3863 cautione,
1950 3799 2202 3863 audacia,
2226 3807 2278 3852 et
2305 3809 2415 3852 ter-

833 3892 933 3956 tia,
971 3906 1093 3959 quae
1118 3905 1182 3944 ex
1221 3890 1468 3959 utrisque
1509 3891 1671 3945 mista
1704 3899 1805 3946 est.
1840 3888 2194 3960 Unaquaeque
2230 3899 2412 3944 autem

833 3999 1023 4038 earum
1056 3981 1404 4052 componitur
1427 3996 1494 4035 ex
1525 3982 1727 4048 tribus,
1764 3995 1817 4036 et
1849 3983 1934 4036 vel
1968 3998 2065 4052 per
2085 3983 2411 4047 orationem,

833 4076 917 4130 vel
946 4091 1042 4145 per
1068 4074 1239 4141 facta,
1271 4075 1355 4128 vel
1384 4090 1480 4144 per
1507 4084 1741 4144 utraque
1763 4074 1929 4129 simul
1957 4085 2265 4130 exercetur.
2291 4073 2416 4128 Haec

835 4178 1017 4224 autem
1047 4169 1230 4221 omnia
1272 4167 1458 4242 licebit
1488 4167 1721 4233 eﬂicere,
1765 4168 1847 4221 vel
1879 4169 2293 4237 persuadendo,
2331 4167 2417 4221 vel

836 4262 1106 4332 cogendo,
1137 4260 1220 4314 vel
1251 4261 1453 4329 injuria
1501 4258 1808 4322 aiiiciendo,
1842 4275 1981 4328 quos
2013 4259 2204 4314 ulcisci
2246 4274 2412 4328 expe-

836 4354 944 4420 dit;
978 4361 1032 4406 et
1064 4352 1201 4415 haec,
1247 4351 1334 4405 vel
1378 4348 1631 4405 faciendo
1661 4350 1715 4405 id
1746 4348 1891 4420 quod
1923 4350 2134 4419 justum
2171 4357 2286 4418 est;
2334 4350 2417 4405 vel

837 4445 1177 4508 mentiendo,
1208 4443 1293 4499 vel
1324 4458 1450 4498 vera
1479 4443 1744 4511 dicendo;
1780 4441 1865 4497 vel
1903 4443 2068 4497 etiam
2102 4444 2298 4498 harum
2323 4458 2416 4497 ar-

841 4536 975 4590 tium
1019 4536 1270 4605 pluribus
1315 4536 1507 4590 eodem
1544 4543 1790 4606 tempore
1816 4538 2036 4592 utendo.
2072 4536 2199 4592 Haec
2232 4546 2414 4591 autem

2518 3364 2639 3404 στον
2673 3349 2737 3400 ἐκ
2769 3343 2958 3415 τριῶν,
2993 3344 3026 3413 ἢ
3063 3343 3151 3396 διὰ
3203 3341 3385 3409 λόγου,
3420 3342 3453 3412 ἦ
3499 3342 3566 3395 δι’
3600 3342 3799 3414 ἔργων,
3834 3344 3866 3415 ἢ
3904 3344 4000 3397 καὶ
4032 3344 4105 3397 δι.

2519 3439 2843 3513 διμςιοτέρων
2884 3437 3002 3505 ἅμα
3038 3433 3264 3488 τούτων.
3314 3433 3501 3487 Ταῦτα
3545 3433 3602 3487 δὲ
3639 3435 3872 3506 ὑπάρξει
3921 3437 4107 3492 πάντα

2520 3530 2810 3592 ἐπιτελεῖν,
2834 3528 2867 3597 ἦ
2899 3526 3203 3588 πείθοντας,
3231 3525 3265 3595 ἢ
3294 3523 3667 3594 βιαζομένους,
3694 3525 3726 3596 ἢ
3755 3526 4103 3594 ἀδικοῦντας,

2519 3626 2577 3675 ἐν
2627 3618 2705 3690 τῷ
2754 3615 3095 3688 ἀμύνασθαι,
3143 3607 3224 3677 οἷς
3260 3613 3679 3685 ἐμπεριέχεται·
3728 3617 3762 3686 ἢ
3813 3617 3880 3671 τὰ
3919 3617 4107 3672 δίκαια

2520 3712 2830 3773 ποιοῦντας,
2861 3708 2894 3779 ἢ
2918 3706 3304 3776 ψευδομένους,
3337 3704 3370 3774 ἢ
3396 3704 3781 3775 ἀληθεύοντας,
3804 3708 3837 3779 ἢ
3866 3708 3961 3761 καὶ
3982 3709 4105 3762 τού-

2517 3821 2624 3857 των
2676 3802 2793 3871 ἅμα
2838 3798 2952 3852 τισὶ
3004 3798 3326 3869 χρωμένους
3363 3797 3505 3851 κατά
3548 3797 3638 3850 τὸν
3682 3798 3846 3851 αὑτὸν
3888 3801 4100 3873 καιρόν.

2517 3894 2703 3949 Ταῦτα
2731 3894 2788 3946 δέ
2826 3892 3135 3963 σύμπαντα,
3170 3891 3265 3944 καὶ
3294 3890 3353 3943 τὸ
3389 3888 3504 3951 πῶς
3535 3889 3616 3942 δεῖ
3644 3892 3879 3963 χρῆσθαι
3899 3892 4106 3945 τούτων

2517 3987 2752 4057 ἑκάστῳ,
2783 3985 2935 4057 παρὰ
2964 3984 3246 4050 Μωῡσέως
3280 3985 3537 4050 λαϐόντες
3559 3985 3839 4056 Ἕλληνες,
3859 3984 4105 4055 ὠφέλην-

2517 4097 2622 4133 ται.
2646 4078 2829 4131 Τύπου
2856 4077 2913 4129 δέ
2938 4075 3143 4143 ἕνεκεν,
3170 4077 3287 4141 ἐνὸς
3314 4078 3463 4149 ἦκαὶ
3489 4077 3742 4150 δευτέρου
3765 4076 4105 4147 ἐπιμνησθή-

2523 4187 2686 4239 σομαι
2703 4167 3143 4239 παραδείγματος
3160 4168 3550 4238 στρατηγικοῦ.
3576 4167 3837 4236 Μωῦσῆς,
3853 4167 3948 4219 τὸν
3975 4165 4105 4219 λαὸν

2522 4261 2825 4330 ἐξαγαγὼν,
2861 4259 3207 4322 ὑποπτεύσας
3241 4260 3548 4325 ἐπιδιὼξειν
3589 4261 3717 4322 τοὺς
3748 4259 4102 4327 Αἰγυπτίους,

2520 4356 2619 4425 τὴν
2665 4352 2851 4422 ὀλίγην
2896 4351 2989 4405 καὶ
3040 4350 3301 4421 σύντομον
3350 4350 3631 4405 ἀπολιπὼν
3684 4349 3824 4415 ὁδὸν,
3871 4351 3963 4404 ἐπὶ
4004 4351 4104 4424 τὴν

2521 4446 2728 4518 ἔρημον
2771 4445 3065 4517 ἐτρέπετο·
3103 4443 3200 4495 καὶ
3230 4442 3448 4514 νύκτωρ
3489 4443 3558 4496 τὰ
3593 4442 3762 4497 πολλὰ
3793 4446 3858 4515 τῇ
3906 4444 4104 4517 πορείᾳ

2522 4538 2803 4610 ἐκέχρητο.
2858 4536 3051 4607 Ἑτέρα
3087 4535 3197 4605 γὰρ
3228 4530 3296 4605 ἦν
3327 4535 3642 4606 οἰκονομία,
3682 4533 3806 4589 καθ’
3841 4537 3907 4607 ῆν
3946 4539 4105 4590 ἐπαι-

839 4628 1047 4692 omnia,
1072 4636 1126 4680 et
1147 4627 1426 4696 quomodo
1453 4637 1703 4695 oporteat
1733 4628 1814 4681 uti
1840 4643 2179 4698 unoquoque
2200 4642 2415 4694 eorum,
2452 4636 2496 4689 D
2521 4630 2611 4684 δεὺ

2326 4644 2415 4694 im,
2452 4630 2739 4689 Βδεύοντο
2795 4628 3064 4701 Ἑϐραῖοι,
3113 4625 3179 4677 δι’
3229 4626 3466 4696 ἐρημίας
3514 4626 3713 4697 πολλῆς
3763 4628 3855 4682 καὶ
3908 4630 4101 4700 χρόνου

839 4733 963 4774 cum
993 4715 1166 4773 Graeci
1206 4717 1552 4785 accepissent
1581 4731 1613 4769 a
1640 4714 1842 4788 Moyse,
1873 4733 1983 4771 non
2008 4734 2232 4788 parvam
2261 4734 2418 4773 acce-

839 4825 968 4882 pere
992 4811 1305 4865 utilitatem.
1338 4807 1504 4863 γει·ὺί
1527 4821 1709 4863 autem
1745 4811 1943 4881 gratia,
1970 4812 2136 4866 unius
2161 4820 2258 4865 aut
2286 4812 2418 4866 alte-

842 4903 959 4956 rius
988 4901 1327 4970 imperatorii
1371 4900 1605 4969 exempli
1636 4902 1960 4955 meminero.
2006 4901 2251 4973 Moyses,
2293 4918 2419 4957 cum

838 4991 1102 5063 populum
1129 4991 1429 5057 eduxisset,
1463 4992 1772 5060 suspicatus
1794 4990 1913 5048 fore
1941 5002 2003 5047 ut
2026 5008 2421 5064 persequeren-

843 5093 931 5138 tur
962 5081 1232 5155 Egyptii,
1262 5082 1413 5136 brevi
1445 5092 1499 5137 et
1523 5083 1914 5154 compendiosa
1939 5085 2027 5140 via
2062 5084 2273 5149 relicta,
2296 5100 2423 5140 con-

842 5192 1034 5231 versus
1063 5183 1149 5231 est
1179 5174 1235 5229 in
1264 5174 1635 5239 solitudinem,
1668 5185 1724 5230 et
1752 5177 1995 5231 maxima
2027 5192 2096 5232 ex
2136 5184 2293 5247 parte
2320 5177 2424 5232 iter

842 5278 1010 5324 noctu
1037 5267 1289 5325 iaciebat.
1317 5264 1455 5321 Nam
1485 5267 1633 5336 quod
1662 5266 1876 5324 Hebraei
1901 5269 2165 5325 diuturno
2195 5284 2292 5339 per
2333 5270 2424 5325 in-

844 5367 1062 5429 gentem
1110 5359 1459 5415 solitudinem
1494 5358 1730 5413 transitu
1765 5357 1835 5413 ad
1878 5375 2049 5415 unum
2093 5357 2265 5413 Deum
2298 5376 2419 5415 cre-

846 5452 1084 5509 dendum
1113 5452 1482 5519 erudirentur,
1513 5460 1570 5506 et
1600 5450 1669 5505 ad
1709 5451 2031 5519 prudentem
2075 5452 2422 5508 tolerantiam

918 5598 978 5657 >3
1041 5591 1106 5647 P.
1154 5590 1261 5648 417
1314 5587 1424 5644 ΕΙ).
1481 5588 1793 5655 POTTER,
1860 5589 1964 5645 547
2014 5589 2126 5647 ED.
2194 5587 2420 5647 PARIS.

915 5728 1029 5798 (36)
1068 5725 1145 5782 Τὸ
1163 5727 1280 5796 μὲν
1307 5744 1372 5797 φ.
1399 5723 1561 5798 iHanc
1582 5726 1905 5784 sententiam
1930 5726 2142 5798 priores
2161 5726 2428 5798 editiones

845 5800 927 5870 sic
957 5798 1302 5870 distinguunt
1329 5797 1449 5870 ιξΐὸ
1481 5798 1582 5870 μὲν
1623 5798 1923 5866 φιλόνεικον
1956 5797 2120 5868 μόνον
2153 5798 2300 5851 ἐστὶν
2333 5797 2428 5851 αὑ-

846 5869 959 5929 τοῦ,
992 5869 1085 5923 τοῦ
1109 5868 1333 5939 κρατεῖν
1358 5868 1437 5923 ἓν.

915 5939 1030 6007 (57)
1059 5937 1430 6009 Πρὸῑὲμενος.
1458 5938 1887 5997 Convenienlias
1925 5938 2307 6009 προσιέμενος,
2331 5937 2424 5991 ml-

2525 4718 2759 4792 μακροῦ,
2802 4721 2883 4782 εἰς
2937 4717 3097 4786 μόνον
3133 4714 3192 4768 τὺ
3232 4715 3506 4769 πιστεύειν
3548 4717 3638 4770 τὸν
3680 4718 3812 4772 Θεὸν
3845 4714 4004 4785 εἶναι,
4035 4720 4102 4773 δι’

2522 4811 2797 4882 ὑπομονῆς
2832 4807 3135 4876 ἐθιζόμενοι
3170 4804 3461 4878 σώφρονος.
3494 4808 3567 4861 Τὸ
3582 4807 3712 4876 γοῦν
3742 4812 4105 4880 στρατήγημα

2522 4901 2614 4956 τοῦ
2639 4901 2919 4960 Μωῦσέως
2934 4897 3173 4950 διδάσκει
3194 4898 3300 4969 πρὸ
3314 4896 3423 4951 τῶν
3446 4898 3708 4952 κινδύνων
3737 4899 3845 4953 δεῖν
3871 4901 3939 4954 τά
3966 4901 4103 4971 χρή-

2526 5009 2659 5063 σιμα
2686 4990 2934 5051 συνιδεῖν,
2970 4988 3062 5041 καὶ
3089 4987 3261 5053 οὕτως
3289 4989 3587 5044 ἐπιϐαλεῖν.
3638 4991 3854 5062 Ἀμέλει
3881 4993 4102 5061 γέγονεν

2523 5085 2660 5155 ὅπερ
2690 5083 2785 5136 καὶ
2821 5078 3206 5134 ὑπώπτευσεν·
3246 5080 3542 5144 ἐπεδίωξαν
3572 5081 3680 5153 γὰρ
3716 5084 3765 5135 οξ
3817 5081 4102 5149 Αἰγύπτιοι

2526 5178 2609 5245 ἐφ’
2632 5176 2813 5228 ἵππων
2839 5172 2933 5226 καὶ¹
2959 5172 3279 5245 ὀχημάτων·
3313 5171 3426 5225 ἀλλ’
3450 5170 3726 5226 ἀπώλοντο
3759 5173 3970 5235 θᾶττον,
4007 5172 4105 5242 ρα-

2524 5267 2716 5337 γείσης
2757 5265 2857 5336 τῆς
2897 5263 3196 5336 θαλάσσης,
3244 5264 3340 5317 καὶ
3375 5264 3471 5317 σὺν
3504 5264 3694 5329 ἵπποις
3726 5264 3820 5318 καὶ
3863 5263 4102 5334 ἅρμασιν

2525 5359 2722 5421 αὐτοὺς
2747 5357 3189 5427 κατακλυσάσης,
3222 5355 3298 5418 ὡς
3334 5355 3467 5426 μηδὲ
3500 5356 3751 5426 λείψανον
3774 5353 3952 5407 αὐτῶν
3970 5354 4100 5409 ἁπο-

2526 5448 2827 5519 λειφθῆναι.
2875 5447 3031 5503 Μετὰ
3071 5446 3129 5499 δέ
3164 5442 3337 5498 ταῦτα
3377 5444 3562 5509 στύλος
3611 5441 3785 5514 πυρὸς
3836 5440 4099 5514 ἑπόμενος

2530 5601 2556 5631 ι
2577 5588 2772 5661 Philip.
2812 5606 2872 5656 ιι,
2905 5587 2993 5652 i0,
3024 5586 3113 5640 ii.

2529 5724 2762 5784 mittens,
2810 5719 3067 5789 inquiunt
3099 5714 3379 5789 Syiburg.,
3414 5714 3631 5789 ωπιιε.

2600 5793 2714 5861 (58)
2748 5782 2970 5861 Πάντα.
3023 5782 3429 5861 Ιξεδρἰείιίῐζιιε.
3464 5801 3498 5839 x
3522 5826 3538 5851 ,
3692 5803 3722 5861 :_
3756 5782 3946 5842 Πάντα

2529 5855 2803 5944 ﬁrma.
2834 5859 2942 5944 oe
2971 5855 3311 5944 εοεπαγρές
3367 5872 3498 5926 μου·
3527 5865 3589 5944 ,ει
3633 5855 3650 5908 ι
3970 5855 4037 5914 ετ
4080 5877 4093 5908 τ

2529 5928 2712 5990 nio-:4
2750 5928 2854 6001 γὰρ
2880 5930 3146 5998 ὑπέταξεν
3176 5928 3283 5983 ὑπὸ
3315 5945 3439 5991 τους
3473 5928 3636 5989 πόδας
3669 5928 3854 5986 αὖτνιῧο
