4496 6588
406 528 511 584 917

1756 531 2196 590 STROMATCM
2225 531 2353 586 LIB.
2391 533 2429 586 1.

3567 527 3671 584 918

405 622 636 722 ἀγαθός,
653 652 778 721 μιᾶς
803 650 900 721 τῆς
931 651 1152 720 ἀγέλης,
1185 673 1202 705 ι
1224 653 1332 708 τῶν
1355 653 1521 708 αὑτοῦ
1546 655 1840 710 ἐπαϊόντων
1862 672 1990 727 προ-
2017 660 2067 715 Α
2094 655 2176 724 gis

1893 672 1990 727 ερο-
2017 660 2067 715 Α
2094 655 2318 724 gislator
2343 671 2358 706 :
2389 662 2444 706 et
2488 651 2735 722 ejusdem
2789 651 2990 723 gregis,
3021 665 3215 720 nempe
3254 668 3272 700 ι
3302 667 3514 718 earum,
3547 667 3668 721 qua!

402 740 600 807 δάτων,
629 761 648 792 ο
677 743 706 794 6
749 731 1142 815 εἷς’κηδεμὼν,
1182 766 1199 799 ι
1222 747 1251 799 6
1295 748 1360 800 τὸ
1404 746 1680 812 ἀπολωλὸς
1709 747 1982 819 ἐπιζητῶν

403 849 454 884 τε
483 851 503 883 ι
541 834 635 886 καὶ
681 831 969 903 εὑρίσκων,
1020 837 1169 910 νόμῳ
1216 842 1309 892 καὶ
1355 838 1530 908 λόγῳ·
1574 840 1626 892 εῖ
1659 857 1722 909 γε
1759 843 1788 894 6
1818 840 1982 910 νόμος

400 925 785 994 πνευματικὸς,
813 927 906 979 καὶ
943 928 1035 982 ἐπὶ
1065 930 1162 1003 τὴν
1191 930 1538 1000 εὐδαιμονίαν
1568 931 1716 1000 ἄγων
1734 951 1747 962 ·
1798 933 1827 984 6
1872 931 1980 1004 γὰρ

400 1015 677 1086 Πνεύματι
702 1017 842 1089 ἁγίῳ
864 1022 1171 1093 γενόμενος,
1191 1021 1752 1092 πνευματικός.υῶος
1774 1025 1830 1077 δὲ
1853 1027 1881 1078 ὀ
1901 1025 1979 1096 τῷ

398 1108 512 1160 ὄντι
545 1110 859 1181 νομοθέτης,
894 1113 952 1178 ὃς
989 1118 1048 1170 ού
1085 1119 1248 1187 μόνον
1279 1117 1664 1185 ἐπαγγέλλεται
1697 1118 1765 1170 τὰ
1799 1118 1978 1186 ἀγαθά

397 1217 452 1252 τε
478 1201 572 1254 καὶ
597 1203 758 1268 καλὰ,
785 1206 919 1260 ἀλλά
943 1211 1035 1262 καὶ
1061 1210 1372 1262 ἐπίσταται.
1399 1209 1600 1265 Τούτου
1627 1213 1721 1264 καὶ
1741 1212 1770 1263 6
1791 1210 1974 1280 νόμος,

395 1291 488 1345 τοῦ
520 1293 618 1364 τὴν
649 1297 958 1370 ἐπιστήμην
985 1301 1218 1370 ἔχοντος,
1245 1300 1308 1352 τὸ
1337 1303 1600 1374 σωτήριον
1627 1303 1970 1372 πρόσταγμα

395 1383 596 1452 μᾶλλον
618 1387 674 1440 δὲ
701 1390 1011 1462 ἐπιστήμης
1036 1389 1361 1462 πρόσταγμα
1386 1395 1414 1446 6
1436 1395 1624 1465 νόμος⁹
1658 1393 1926 1464 «Δύναμις
1950 1415 1968 1444 ι

393 1474 501 1546 γὰρ
532 1495 550 1528 ι
576 1479 668 1532 καὶ
700 1481 861 1548 σοφία
889 1502 907 1531 ι
941 1484 970 1535 6
1003 1481 1174 1548 Λόγος
1207 1501 1226 1532 ι
1251 1485 1343 1538 τοῦ
1368 1486 1521 1540 Θεοῦ.
1551 1506 1569 1537 ι
1599 1486 1797 1556 Νόμων
1820 1503 1877 1539 τε
1905 1483 1970 1540 αὖ

392 1566 664 1642 ἐξηγητὴς
705 1566 858 1636 οὗτος
889 1573 1069 1634 αὐτὸς,
1102 1571 1167 1625 δι’
1191 1569 1252 1628 οὗ
1282 1578 1311 1629 6
1353 1578 1516 1648 νόμος
1546 1577 1700 1648 ἐδόθη
1721 1595 1736 1607 ·
1763 1578 1792 1630 6
1825 1580 1972 1649 πρῶ-

391 1677 482 1726 τος
511 1664 782 1736 ἐξηγητὴς
806 1664 914 1716 τῶν
946 1663 1105 1716 θείων
1129 1670 1584 1740 προσταγμάτων,
1607 1671 1636 1722 6
1655 1669 1745 1722 τὸν
1775 1670 1972 1724 κόλπον

389 1753 483 1808 τοῦ
514 1756 726 1827 Πατρδς
756 1755 1138 1826 ἐξηγούμενος,
1174 1757 1300 1823 Υἱὸς
1333 1763 1892 1832 μονογενής.Ἐπειτα
1922 1765 1969 1817 οἱ

390 1845 488 1914 μὲν
518 1845 827 1914 πειθόμενοι
851 1842 930 1913 τῷ
956 1844 1126 1914 νόμῳ,
1151 1846 1227 1919 τῷ
1252 1865 1311 1901 τε
1335 1849 1536 1917 γνῶσιν
1561 1851 1707 1922 ἔχειν
1736 1853 1857 1906 τινὰ
1875 1855 1970 1906 αὐ-

387 1935 502 2000 τοῦ,
525 1935 635 1990 οὔτ’
653 1938 922 1998 ἀπιστεῖν,
940 1935 1050 1988 οὔτ’
1068 1939 1281 2004 ἀγνοεῖν
1305 1941 1555 1996 δύνανται
1565 1944 1664 2014 τὴν
1679 1943 1935 2014 ἀλήθειαν
1951 1964 1964 1976 θ

2093 747 2271 814 ipsum
2324 743 2572 809 audiunt,
2600 741 2789 796 ovium
2809 758 2884 807 ·,›
2924 757 3067 796 unus
3100 749 3186 796 est
3209 749 3449 807 curator,
3472 756 3668 812 nempe

2092 835 2158 900 is,
2207 837 2302 904 qui
2352 853 2369 886 ι
2403 835 2671 905 perditam
2705 841 2758 886 et
2781 833 3015 902 quarrith
3049 851 3068 884 ι
3105 841 3158 888 et
3190 832 3420 898 invenit,
3462 833 3578 902 lege
3611 840 3668 887 et

2089 927 2355 1002 ratione:
2397 927 2666 997 siquidem
2727 924 2811 978 lex
2858 932 2942 978 est
2988 923 3280 992 spiritalis,
3334 932 3391 978 et
3433 938 3555 990 qua:
3598 924 3665 977 ad

2088 1019 2261 1088 ipsam
2296 1019 2447 1074 ducit
2476 1017 2889 1074 beatitudinem.
2919 1013 3051 1081 Quae
3072 1015 3217 1069 enim
3249 1013 3452 1084 Spiritu
3475 1023 3665 1068 sancto

2087 1110 2228 1164 facta
2257 1119 2362 1176 est,
2391 1121 2476 1165 est
2505 1109 2788 1180 spiritalis.
2819 1109 2869 1164 Is
2901 1119 3082 1163 autem
3119 1115 3201 1161 est
3229 1123 3415 1162 revera
3448 1107 3667 1179 legisla-

2083 1211 2196 1267 tor,
2227 1203 2321 1272 qui
2355 1218 2478 1256 non.
2499 1204 2672 1257 solum
2706 1204 2845 1257 bona
2879 1211 2934 1256 et
2963 1203 3192 1255 honesta
3230 1198 3535 1270 proﬁtetur,
3565 1201 3664 1256 sed

2083 1296 2188 1351 scit
2221 1297 2407 1351 etiam.
2446 1294 2510 1349 Et
2565 1295 2649 1349 lex
2699 1303 2783 1348 est
2829 1293 2970 1362 ejus,
3001 1294 3092 1362 qui
3139 1292 3426 1348 scientiam
3478 1292 3658 1357 habet,

2077 1386 2292 1454 jussum
2328 1387 2599 1452 salutare;
2632 1386 2716 1438 vel
2749 1385 2950 1454 potius,
2994 1387 3076 1438 lex
3111 1395 3194 1440 est
3222 1386 3442 1454 jussum
3483 1384 3660 1438 scien-

2084 1477 2190 1530 tiae.
2233 1495 2252 1524 ‹
2285 1475 2532 1531 Potentia
2575 1495 2590 1527 ι
2623 1476 2769 1530 enim
2801 1486 2884 1530 «et
2907 1477 3202 1546 sapientiai
3229 1485 3313 1531 est
3334 1477 3451 1546 ipse
3483 1472 3661 1544 Logos

2085 1564 2212 1620 «Dei
2233 1577 2278 1619 ε.
2297 1587 2314 1617 ι
2335 1567 2398 1620 Ει
2427 1569 2516 1623 hic
2547 1568 2664 1638 ipse
2694 1584 2889 1624 rursus
2922 1577 3008 1623 est
3037 1568 3213 1637 legum
3240 1569 3531 1638 interpres,
3563 1581 3659 1637 per

2083 1663 2142 1719 >14
2177 1672 2340 1725 quem
2395 1658 2480 1712 lex
2530 1661 2656 1713 data
2703 1669 2823 1726 est;
2861 1661 2954 1730 qui
3003 1668 3088 1714 est
3125 1659 3332 1728 primus
3374 1658 3658 1728 expositor

2077 1749 2390 1803 divinorum
2426 1761 2839 1819 praeceptorum,
2877 1751 2970 1820 qui
3019 1752 3202 1806 sinum
3257 1749 3432 1804 Patris
3480 1750 3655 1819 aperit

2077 1857 2142 1896 ac
2174 1843 2420 1912 exponit,
2459 1842 2632 1898 Filius
2666 1845 2998 1914 unigenitus.
3029 1844 3233 1898 Deinde
3274 1842 3368 1912 qui
3404 1843 3502 1912 legi
3533 1844 3656 1911 qui--

2076 1934 2196 1988 dem
2228 1944 2442 2004 parent,
2473 1935 2620 2006 quod
2649 1935 2884 1989 habeant
2933 1935 3170 2005 aliquam
3221 1935 3340 2004 ejus
3381 1934 3653 2004 cognitio-

385 2027 434 2079 0i
464 2026 520 2080 δὲ
547 2025 918 2089 ἀπιστοῦντες,
945 2027 1142 2096 ἥκιστά
1173 2046 1231 2082 τε
1265 2032 1322 2083 ὲν
1356 2035 1468 2095 τοῖς
1499 2033 1681 2103 ἔργοις
1711 2031 1849 2088 εἶναι
1883 2035 1971 2104 βε-
2005 2017 2046 2071 Β
2078 2043 2160 2079 uel

1883 2035 1971 2104 βε-
2005 2017 2046 2071 Β
2078 2042 2222 2091 nem,
2251 2043 2427 2097 neque
2455 2037 2686 2097 possunt
2720 2043 2828 2081 non
2860 2027 3103 2090 credere,
3139 2042 3238 2080 nec
3271 2027 3525 2097 ignorare
3561 2042 3654 2079 ve-

385 2117 547 2188 δουλη
556 2118 726 2186 μένοι,
762 2118 916 2188 εἴπερ
941 2120 1081 2183 τινὲς
1105 2119 1274 2184 ἄλλοι,
1301 2123 1395 2174 καὶ
1416 2115 1563 2177 οὗτοι
1599 2126 1811 2192 ἀγνοεῖν
1841 2129 1969 2194 ὁμο-

383 2208 664 2277 λογοῦνται
708 2208 806 2279 τὴν
851 2208 1124 2282 ἀλήθειαν.
1151 2213 1246 2276 Τίς
1291 2212 1468 2265 τοίνυν
1512 2215 1545 2283 ἠ
1588 2215 1815 2268 ἀπιστία
1858 2217 1968 2270 τῶν

393 2303 694 2373 Ἐλλήνων;
739 2305 831 2374 Μή
867 2321 942 2375 πη
972 2305 1226 2374 βούλεσθε
1255 2305 1368 2378 (60)
1415 2305 1699 2359 πείθεσθαι
1737 2310 1802 2378 τῇ
1837 2307 1968 2380 ἀλη-

380 2395 521 2465 θεία,
577 2396 860 2468 φασκούσῃ
910 2396 1090 2450 θεόθεν
1142 2397 1232 2450 διὰ
1273 2398 1551 2461 Μωῦσέως
1594 2398 1837 2452 δεδόσθαι
1877 2401 1966 2454 τὸν

379 2485 562 2556 νόμον,
597 2487 756 2540 ὁπότε
785 2504 848 2554 γε
891 2490 984 2540 καὶ
1013 2490 1164 2542 αὐτοὶ
1191 2489 1255 2541 ὲκ
1277 2487 1387 2541 τῶν
1412 2489 1564 2558 παρά
1590 2491 1740 2560 σφίσι
1763 2493 1963 2562 τιμῶσι

380 2581 550 2651 Μωσῆ
580 2581 712 2650 (6|);
765 2583 857 2634 τόν
881 2600 940 2636 τε
966 2583 1122 2636 Μίνω
1155 2581 1306 2653 παρά
1326 2581 1447 2645 Διὸς
1477 2581 1541 2634 δι’
1567 2584 1786 2637 ἐννάτου
1811 2585 1962 2649 ἔτους

379 2671 673 2742 λαμόάνειν
706 2675 828 2738 τοὺς
859 2675 1056 2744 νόμους
1084 2674 1376 2745 ἱστοροῦσι,
1402 2676 1666 2743 φοιτῶντα
1684 2678 1763 2739 εἰς
1782 2677 1842 2730 τὸ
1867 2677 1960 2730 τοῦ

378 2763 499 2828 Διὸς
529 2765 720 2835 ἄντρον
739 2781 754 2796 ο
790 2765 880 2818 τόν
905 2783 963 2818 τε
989 2761 1054 2818 αὖ
1080 2765 1394 2836 Λυκοῦργον
1420 2765 1489 2818 τά
1511 2767 1853 2837 νομοθετικά,
1879 2770 1960 2832 εἰς

377 2853 612 2923 Δελφοὺς
645 2857 782 2927 πρὸς
813 2857 904 2908 τὸν
953 2856 1260 2908 Ἀπόλλωνα
1297 2859 1514 2926 συνεχὲς
1544 2859 1796 2926 ἀπιόντα,
1831 2877 1961 2913 παι-

376 2946 623 3000 δεύεσθαι
655 2948 927 3017 γράφουσι
960 2947 1184 2998 Πλάτων
1208 2965 1289 3010 τε,
1311 2949 1404 3001 καὶ
1442 2950 1838 3022 ’Λριστοτὲλης,
1866 2953 1958 3005 καὶ

378 3037 642 3106 Ἔφορος·
682 3037 1003 3106 Χαμαιλέων
1029 3055 1088 3089 τε
1125 3041 1153 3091 6
1190 3040 1571 3113 Ἡρακλεώτης
1614 3046 1671 3096 ἐν
1702 3043 1781 3113 τῷ
1816 3045 1954 3112 Περὶ

374 3129 578 3196 μέθης,
621 3131 714 3183 καὶ
759 3131 1135 3201 Ἀριστοτέλης
1175 3133 1232 3183 ἐν
1270 3136 1335 3203 τῇ
1376 3133 1620 3200 Λοκρῶν
1665 3138 1954 3202 πολιτείᾳ,

373 3221 640 3274 Ζάλευκον
665 3222 774 3291 (6:2)
797 3223 885 3274 τὸν
916 3223 1120 3293 Λοκρὸν
1153 3223 1301 3294 παρὰ
1330 3224 1432 3293 τῆς
1463 3225 1692 3296 Ἀθηνᾶς
1721 3228 1845 3291 τοὺς
1868 3229 1956 3280 νό-

375 3332 508 3383 μους
540 3313 834 3384 λαμϐἀνειν
867 3316 1424 3385 ἀπομνημονεύουσιν.
1459 3319 1522 3368 υἱ
1556 3317 1632 3380 δὲ,
1662 3319 1721 3370 τὸ
1746 3320 1958 3386 ἀξιόπι-

373 3420 498 3456 στον
522 3405 619 3473 τῆς
656 3402 1020 3474 παρ”Ἐλλησι
1047 3401 1389 3471 νομοθεσίας,
1415 3403 1490 3466 ὡς
1517 3402 1628 3456 οἷόν
1657 3423 1716 3458 τε
1749 3409 1950 3471 αὐτοῖς,

371 3495 688 3566 ἐπαίροντες
733 3497 810 3556 εἰς
854 3495 914 3546 τὸ
953 3495 1124 3558 Θεῖον,
1154 3497 1271 3547 κατ’
1305 3497 1488 3548 εἰκόνα
1535 3497 1633 3567 τῆς
1676 3499 1815 3552 κατά
1863 3503 1953 3554 τὸν

369 3580 610 3634 Μωύσὲα
640 3581 995 3651 προφητείας,
1024 3581 1356 3652 ἀγνώμονες,
1385 3585 1482 3636 οὑκ
1509 3586 1730 3640 αὐτόθεν
1763 3590 1952 3659 ὁμολο-

371 3669 592 3737 γοῦντες
620 3673 719 3742 τήν
749 3690 808 3725 τε
841 3672 1096 3742 ἀλήθειαν
1121 3675 1214 3726 καὶ
1239 3675 1298 3727 τὸ
1332 3675 1636 3744 ἀρχέτυπον
1669 3677 1776 3731 τῶν
1802 3684 1952 3752 παρά

372 3761 551 3831 σφίσιν
585 3765 994 3835 ἱστορουμένων.

2078 2119 2313 2172 ritatem.
2344 2119 2446 2184 Qui
2481 2131 2662 2172 autem
2696 2136 2802 2173 non
2844 2119 3096 2184 credunt,
3127 2127 3182 2170 et
3221 2117 3354 2187 legis
3393 2116 3654 2186 operibus

2077 2210 2301 2264 minime
2333 2222 2550 2276 vacant,
2587 2211 2623 2263 ii
2655 2227 2892 2280 quoque.
2929 2211 2973 2265 si
3008 2212 3100 2263 ulli
3133 2211 3248 2276 alii,
3279 2226 3337 2265 se
3366 2211 3650 2262 veritatem

2077 2301 2327 2370 ignorare
2357 2301 2616 2355 fatentur.
2650 2302 2908 2367 Quaenam
2942 2313 3028 2357 est
3056 2317 3187 2372 ergo
3221 2300 3534 2356 Graecorum
3569 2302 3652 2354 iu-

2073 2393 2400 2448 credulitas?
2433 2394 2517 2448 An
2565 2395 2710 2464 quod
2764 2395 2940 2449 nolint
2984 2396 3208 2475 credere
3257 2396 3492 2460 veritati,
3529 2410 3653 2464 qua:

2071 2481 2206 2536 dicit
2248 2484 2417 2554 legem
2447 2501 2545 2554 per
2572 2485 2811 2557 Moysem
2839 2486 3020 2540 datam
3047 2501 3168 2539 esse
3201 2485 3486 2546 divinitus,
3521 2499 3647 2538 cum

2071 2573 2173 2640 ipsi
2200 2589 2424 2629 suorum
2471 2579 2796 2631 auctoritate
2823 2577 3028 2631 inducti
3073 2574 3310 2646 Moysem
3341 2575 3650 2629 honorent?

2071 2663 2137 2717 Et
2165 2664 2396 2720 Minoem
2425 2669 2492 2722 ad
2525 2667 2676 2723 Jovis
2701 2678 2918 2722 antrum
2946 2668 3277 2732 venientem,
3312 2682 3504 2719 novem
3547 2682 3648 2718 au-

2070 2771 2263 2810 norum
2293 2759 2466 2826 spatio
2500 2759 2644 2829 leges
2681 2776 2712 2813 a
2751 2759 2885 2814 Jove
2915 2760 3222 2828 accepisse;
3259 2768 3314 2813 ct
3337 2758 3645 2829 Lycurgqu

2068 2847 2288 2901 assidue
2338 2846 2574 2918 Delphos
2615 2860 2831 2904 euntem
2867 2851 2932 2903 ad
2958 2851 3282 2918 Apollinem,
3315 2849 3459 2919 leges
3484 2849 3553 2902 ab
3581 2864 3648 2901 eo

2066 2939 2346 3004 didicisse,
2390 2941 2636 2996 SCI'iblllll.
2674 2941 2848 3006 Plato,
2888 2943 3230 3004 Aristoteles,
3268 2953 3322 2996 et
3356 2943 3642 3012 Ephorus;

2065 3040 2119 3083 et
2163 3030 2470 3087 Chamazleo
2515 3033 2864 3090 Heracleotes
2891 3035 2946 3088 in
2980 3051 3144 3103 opere
3183 3034 3254 3088 De
3278 3036 3550 3100 ebrietate,
3589 3048 3647 3093 et

2065 3122 2382 3179 Aristoteles
2431 3126 2484 3179 in
2533 3124 2821 3195 Republica
2867 3125 3177 3191 Locrorum,
3210 3127 3501 3182 Zaleucum
3533 3129 3643 3182 Lo-

2064 3233 2218 3272 crum
2247 3218 2393 3289 leges
2423 3235 2452 3273 a
2489 3219 2726 3275 Minerva
2770 3222 3068 3291 accepisse,
3107 3221 3410 3276 litterarum
3445 3238 3643 3278 monu-

2066 3311 2264 3364 mentis
2311 3310 2662 3366 mandarunt.
2707 3310 2811 3378 Qui
2863 3323 3045 3367 autem
3101 3313 3414 3367 Grrccorum
3473 3316 3639 3384 leges,

2067 3411 2125 3455 ut
2152 3403 2346 3471 majori
2377 3403 2480 3457 lide
2511 3403 2689 3470 digna:
2714 3403 3024 3468 videantur,
3055 3420 3154 3474 pro
3187 3405 3392 3460 viribus
3413 3406 3642 3460 efferen-

2062 3501 2164 3553 tes,
2196 3491 2265 3545 ad
2297 3493 2429 3547 deos
2455 3491 2720 3557 referunt,
2758 3495 3006 3562 exemplo
3033 3493 3286 3550 Mosaicae
3323 3497 3638 3564 prophetiae,

2062 3583 2182 3637 ideo
2215 3593 2342 3637 sunt
2377 3584 2598 3653 ingrati,
2623 3585 2769 3653 quod
2818 3601 2926 3638 non
2972 3586 3248 3640 fateantur
3276 3590 3556 3642 veritatem
3587 3603 3640 3644 et

2059 3675 2338 3744 exemplar
2361 3676 2712 3746 archetypum
2741 3693 2955 3742 eorum,
2985 3693 3107 3747 qua:
3131 3694 3162 3732 a
3196 3694 3255 3734 se
3289 3681 3595 3735 traduntur.

1755 3865 1987 3925 CAPUT
2039 3873 2253 3928 XXVII.

1012 3953 1196 4024 Legem
1229 3957 1504 4010 commoda
1540 3958 1810 4016 hominum
1841 3978 2100 4038 spectare,
2134 3971 2298 4024 etiam
2327 3971 2454 4024 dum
2484 3975 2701 4042 corrigit
2729 3985 2782 4027 et
2809 3976 2985 4044 punit.

435 4070 528 4142 Μὴ
543 4072 719 4124 τοίνυν
753 4075 1133 4144 κατατρεχέτω
1149 4093 1233 4138 τις
1247 4075 1338 4128 τοῦ
1367 4077 1530 4148 νόμου
1561 4080 1650 4133 διὰ
1667 4082 1766 4153 τῆς
1778 4101 1952 4156 τιμω-

369 4164 509 4233 ρίας,
534 4164 610 4226 ὠς
647 4165 706 4216 ού
749 4164 914 4217 καλοῦ
951 4166 1193 4233 κάγαθοῦ
1216 4187 1228 4198 ·
1265 4170 1322 4222 ού
1356 4170 1465 4242 γὰρ
1496 4173 1525 4224 6
1570 4174 1668 4243 μὲν
1711 4177 1810 4248 τὴν
1858 4181 1952 4234 τοῦ

367 4254 616 4324 σώματος
663 4257 814 4310 νόσον
857 4259 1084 4326 ἀπάγων
1131 4261 1426 4334 εὐεργέτης
1468 4264 1643 4330 δόξεισ
1687 4267 1864 4341 ψυχῆς
1895 4273 1952 4326 δὲ

362 4347 576 4412 ἀδικίας
603 4348 712 4419 (65)
745 4352 773 4403 6
804 4350 1142 4422 πειρώμενος
1172 4354 1535 4411 ἀπαλλάττειν
1557 4361 1617 4412 οὐ
1648 4361 1846 4430 μᾶλλον
1886 4363 1951 4416 ἀν

360 4436 446 4506 εἴη
496 4438 766 4508 κηδεμὼν,
813 4441 1030 4513 ὅσῳπερ
1074 4443 1220 4515 ψυχὴ
1271 4447 1521 4517 σώματος
1565 4451 1948 4525 ἐντιμότερον·

360 4527 474 4581 ἀλλ’
500 4527 607 4599 ἄρα
634 4531 734 4600 τῆς

364 4621 489 4683 μὰς,
527 4623 618 4674 καὶ
664 4624 909 4688 καύσεις,
943 4630 1035 4680 καὶ
1083 4635 1540 4700 φαρμακοποσίας
1564 4637 1939 4708 ὑφιστάμεθα·

359 4712 454 4763 καὶ
479 4713 507 4763 ὀ
534 4713 706 4768 ταῦτα
730 4720 1020 4786 προσάγων
1049 4723 1188 4791 σωτή
1198 4739 1229 4792 ρ
1256 4740 1312 4774 τε
1339 4726 1433 4778 καὶ
1458 4729 1640 4798 ἰατρὸς
1662 4730 1939 4783 καλεῖται·

355 4805 417 4856 ού
451 4806 628 4876 φθόνῳ
662 4811 788 4872 τινί,
812 4813 931 4864 οὐδὲ
957 4814 1246 4887 δυσμενείᾳ
1269 4820 1332 4887 τῇ
1362 4820 1498 4890 πρὸς
1520 4823 1612 4875 τὸν
1639 4825 1935 4894 πάσχοντα,

894 4902 906 4920 Ρ

354 4895 434 4958 ὡς
465 4896 509 4949 δ’
536 4898 601 4951 ἀν
639 4901 666 4953 6
706 4901 805 4971 τῆς
848 4902 1044 4976 τέχνης
1092 4907 1418 4978 ύπαγορεύοι
1463 4910 1639 4982 λόγος,
1673 4917 1765 4968 καὶ
1795 4918 1936 4989 μέρη

2127 4090 2299 4146 Nemo
2344 4101 2526 4146 autem
2574 4102 2794 4162 propter
2821 4094 3088 4164 supplicia
3121 4097 3417 4150 insectetnr
3441 4097 3634 4165 legem,

2059 4191 2117 4235 ut
2162 4199 2269 4236 non
2301 4183 2496 4237 bonam
2536 4192 2590 4237 et
2625 4183 2936 4238 honestam.
2969 4183 3087 4238 Non
3137 4187 3281 4240 enim
3324 4187 3416 4256 qui
3457 4187 3636 4242 aufert

2057 4275 2303 4328 morbum
2335 4277 2604 4346 corporis,
2648 4276 2912 4332 beneﬁcio
2957 4278 3168 4333 allicere
3203 4279 3493 4343 videbitur,
3539 4280 3634 4350 qui

2055 4375 2234 4421 autem
2280 4368 2348 4421 ab
2393 4369 2658 4439 iujustitia
2695 4371 2936 4425 animam
2969 4382 3198 4426 conatur
3237 4372 3490 4437 liberare,
3527 4388 3633 4427 non

2055 4467 2206 4514 tanto
2239 4462 2415 4532 magis
2445 4464 2718 4518 videbitur
2743 4481 2932 4518 curam
2979 4466 3149 4520 nostri
3194 4481 3400 4535 gerere,
3425 4477 3633 4534 quanto

770 4533 867 4602 μὲν
898 4533 988 4587 τού
1019 4535 1268 4605 σώματος
1291 4539 1503 4606 ὑγιείας
1538 4543 1720 4607 ἕνεκα,
1749 4549 1840 4599 καὶ
1861 4565 1938 4599 το·
1985 4552 2024 4602 ῐ)
2049 4560 2132 4604 est
2178 4553 2362 4607 anima
2417 4570 2545 4624 corp

1861 4565 1938 4599 το·
1985 4552 2132 4604 Dest
2178 4553 2362 4607 anima
2417 4570 2645 4624 corpore
2679 4559 3060 4625 praestantior;
3111 4533 3216 4612 sed:
3254 4574 3354 4627 pro
3399 4533 3632 4616 sanitate

2050 4644 2270 4712 quidem
2305 4652 2575 4716 corporis,
2602 4657 2656 4702 et
2701 4650 2897 4714 secari,
2923 4661 2977 4704 et
3010 4652 3116 4717 uri,
3142 4660 3197 4706 et
3232 4653 3631 4708 medicamenta

2051 4748 2240 4808 potare
2271 4743 2625 4810 sustinemus,
2650 4754 2702 4798 et
2745 4746 2839 4816 qui
2884 4747 2998 4802 hzec
3035 4748 3278 4815 adhibet,
3309 4757 3363 4802 et
3383 4759 3631 4806 servator

2048 4839 2274 4884 vocatur
2299 4843 2352 4887 et
2380 4835 2653 4900 medicus;
2680 4845 2731 4890 et
2765 4837 2906 4891 idem
2940 4854 3039 4891 nec
3069 4856 3135 4892 ex
3167 4839 3390 4895 invidia.
3429 4855 3527 4893 nec
3561 4859 3628 4896 ex

2046 4921 2173 4976 odio
2207 4923 2262 4977 iu
2295 4938 2580 4994 aegrotum,
2618 4929 2711 4982 sed
2749 4931 2884 4984 artis
2913 4931 3151 4985 dictante
3185 4933 3415 4996 ratione,
3444 4944 3629 5002 partes

429 5058 487 5116 ᾖ
518 5051 577 5106 Ρ.
602 5055 706 5108 42⁸2
733 5055 840 5111 ΕΙ).
867 5057 1163 5127 POTTER,
1199 5062 1304 5116 552
1331 5062 1437 5116 ΕΠ.
1484 5066 1705 5123 PARIS.
1769 5083 1792 5109 ³·
1831 5071 1990 5128 Joan.
2029 5092 2083 5136 ι,
2114 5077 2199 5130 Μ.

1564 5068 1705 5123 ΒΗ.
1769 5083 1792 5109 τι
1831 5071 1990 5128 Joan.
2029 5092 2083 5136 ι,
2114 5077 2199 5130 Μ.
2279 5079 2307 5118 ι’
2348 5079 2535 5134 Matth.
2565 5097 2720 5146 xviii,
2756 5084 2842 5138 l2.
2923 5093 2942 5121 ε
2987 5081 3155 5138 lCor.
3183 5099 3222 5147 ι,
3247 5085 3339 5140 21.

353 5209 602 5294 πρόδατα
635 5210 762 5294 ἔχει),
790 5212 824 5265 ἃ
849 5217 948 5268 οὐκ
973 5216 1120 5270 ἔστιν
1149 5219 1211 5294 ἐκ
1236 5218 1332 5286 τῆς
1361 5221 1530 5290 αὐλῆς
1563 5224 1766 5294 ταύτης
1789 5242 1802 5253 ·
1839 5230 1939 5280 κά-

353 5281 507 5362 κεῖνά
543 5298 608 5362 με
633 5282 713 5334 δεῖ
736 5284 985 5362 ἀγαγεῖν,
1014 5290 1108 5362 καὶ
1137 5289 1234 5358 τῆς
1259 5281 1441 5362 glong
1476 5281 1578 5362 μου
1617 5281 1935 5350 ἀκούσουσι-

352 5355 446 5405 κα¹ι
475 5353 760 5433 γενησετ-αι
806 5355 903 5433 μία
943 5358 1167 5433 ποίμνη,
1192 5353 1297 5433 ’καῖ
1466 5353 1688 5433 ποιμήν.
1743 5365 1934 5422 Matth.

350 5438 510 5483 xvm,
541 5423 606 5506 ΤΞ
636 5441 652 5506 Ξ
677 5423 1050 5506 Ἐὰν-γένηταί
1074 5423 1186 5506 τινι
1205 5428 1479 5506 ἀνθρῴπῳ
1517 5423 1709 5486 ἑκατὸν
1740 5437 1941 5506 πρόϐα-

348 5509 435 5552 τα,
468 5493 562 5546 καὶ
595 5493 838 5574 πλανηθῇ
853 5495 924 5574 ,ἓν
947 5493 1018 5562 ίὲξ
1053 5495 1250 5557 αὐτῶν,
1282 5493 1401 5568 ούχὶ
1433 5493 1594 5570 ἀφεὶς
1623 5505 1689 5556 τά
1729 5493 1940 5574 ἐν’νενη-

349 5563 689 5644 κονταεννέα,
703 5566 795 5644 επὶ
808 5563 876 5644 τὰ
886 5565 984 5644 ὅρη
1006 5571 1309 5644 πορευθεὶς,
1324 5563 1475 5644 ζητεῖ
1486 5563 1549 5626 τὸ
1566 5563 1747 5626 πλανὼ
1753 5563 1933 5644 μενον’;

572 5636 899 5710 {indigem-5:
923 5635 1300 5694 'Scribendum
1329 5635 1632 5710 βούλεσθαι.

417 5705 544 5782 (6η
573 5703 782 5782 Μλωσῇ.
857 5703 921 5782 ll_.
965 5723 1068 5763 nis.
1101 5703 1346 5782 Μοῦσῆν,
1396 5715 1652 5770 usitatius
1675 5753 1688 5775 ,
1725 5724 1777 5768 et
1809 5733 1931 5772 riiux

346 5775 586 5843 συνεχῶς
611 5777 858 5830 ἀπιόντα.
887 5774 1045 5830 εγω.

417 5844 530 5912 161)
570 5845 896 5901 Ζάλευκον.
942 5846 1194 5903 Valerius
1228 5849 1498 5908 Maximus
1547 5873 1557 5908 :
1611 5874 1628 5905 ι
1663 5855 1932 5910 Zaleucus

345 5913 692 5986 iﬂbgiljomine
721 5917 975 5972 Minervze
1016 5921 1478 5986 prudentissimus
1523 5925 1740 5980 habitus
1769 5939 1870 5980 est.
1908 5953 1922 5974 μ

417 5983 528 6053 (63)
577 5988 786 6055 Ψυχῆς
817 5989 884 6042 δέ
911 5983 1163 6057 ἀδίλίίας·
1206 5991 1731 6063 COIIgI'ucutius,vcl
1754 5997 1928 6068 ψυχὴν

2038 5231 2092 5283 δὲ
2127 5233 2362 5298 ἀδικίας,
2399 5235 2481 5289 vel
2506 5235 2687 5307 ψυχῆς
2719 5237 2774 5290 δὲ
2806 5238 3040 5300 ἀδικίαν,
3069 5239 3331 5294 alterutro
3355 5243 3407 5294 in
3433 5257 3619 5296 aecus.

2037 5317 2419 5378 cas‘unrverso
2446 5325 2456 5358 :
2487 5316 2581 5358 aut
2609 5319 2754 5360 certe
2791 5309 3002 5372 ἀδικίας
3037 5311 3231 5378 plurali
3268 5327 3496 5364 numero
3523 5329 3617 5367 ac-

2037 5373 2370 5452 cipieiiiliiiii.
2392 5376 2532 5430 Belle
2563 5378 2669 5430 huc
2697 5380 2987 5446 quadrant,
3015 5373 3191 5449 inquit
3214 5379 3303 5443 H.,
3330 5382 3431 5435 ista
3449 5395 3619 5452 poetae

2039 5441 2214 5496 Latini
2241 5465 2255 5499 :

2146 5536 2211 5589 Ut
2236 5540 2404 5615 valeat
2428 5557 2638 5615 corpus.
2666 5542 2866 5610 ferrum
2887 5546 3106 5612 patieris
3127 5555 3176 5597 et
3199 5545 3363 5615 ignes,

2251 5611 2421 5684 Arida
2441 5629 2531 5664 nec
2552 5614 2735 5666 sitiens
2758 5631 2852 5684 ora
2875 5611 3072 5683 rigabis
3094 5611 3234 5684 aqua
3257 5631 3274 5667 :

2147 5677 2212 5731 Ut
2235 5683 2411 5735 valeas
2435 5685 2634 5754 animo,
2657 5677 2944 5754 quidquam
2968 5677 3192 5740 tolerare
3213 5705 3414 5742 recuses
3430 5691 3456 5744 ?

2247 5755 2316 5804 At
2335 5770 2461 5820 pars
2484 5752 2595 5806 haec
2616 5752 2847 5820 pretium
2871 5772 3086 5824 corpore
3115 5758 3289 5826 majus
3313 5759 3483 5812 habet.

2040 5860 2194 5912 Situ.
2250 5858 2966 5936 Plaindi-mrsimilitudinem
3034 5865 3088 5918 iu
3139 5865 3437 5936 Pwdagogo
3485 5868 3612 5921 Cle-

2038 5947 2211 6003 mens,
2248 5941 2300 5982 et
2353 5931 2405 5984 in
2453 5933 2718 6002 principio
2766 5937 3086 6003 Θεραπειντ.
3133 5944 3198 5997 α’.
3235 5931 3613 5993 ἸἸῖροιΙυινιιις

2037 6000 2199 6055 latius
2235 6000 2654 6071 persequuntur.
