4496 6588
452 475 546 530 Ml

1786 475 2220 531 δτιιοιιΑτυιι
2253 473 2379 528 LIB.
2413 472 2453 526 Ι.

3581 461 3688 516 322

454 597 521 650 τὰ
560 599 782 669 πρῶτα.
819 596 1006 649 ἔπειτα
1046 597 1101 648 δὲ
1157 599 1343 651 πιστὸν
1388 600 1638 664 γενέσθαι
1690 595 2015 665 θεράποντα,
2047 603 2089 657 Α
2120 597 2229 665 pier

1908 611 2015 657 ντα,
2047 603 2089 657 Α
2120 595 2334 665 pientiaz
2373 591 2712 652 adhibentes,
2755 590 2932 658 primo
2970 587 3190 654 legitimi
3236 585 3329 640 Dei
3362 583 3524 644 servi,
3558 583 3683 636 dein

453 689 782 760 ποθούμενον
821 687 1022 760 Κύριον
1067 689 1155 742 τὸν
1202 689 1364 741 Θεὸν·
1403 689 1529 740 εὶδέ
1575 706 1659 750 τις
1701 687 2020 757 ἐπαναϐαίη,

454 782 565 843 τοῖς
598 783 732 843 υίοῖς
766 779 1204 850 ἐγκαταλέγεται.
1248 778 1417 832 Ἑπὰν
1450 780 1506 832 δὲ
1539 800 1556 831 ι
1583 779 1772 848 ἀγάπη
1810 777 2024 850 καλύψῃ

457 871 659 938 πλῆθος
713 871 1024 941 ἁμαρτιῶν,
1055 893 1074 924 ι
1135 872 1407 942 μακαρίας
1463 872 1677 933 ἐλπίδος
1728 869 2022 932 τελειώσει,

457 960 757 1029 αὐξηθέντα
801 964 856 1014 ἐν
903 967 1093 1036 ἀγάπῃ
1141 963 1450 1032 ἐκδέχεσθαι
1479 964 1687 1018 τοῦτον.
1722 963 2024 1029 ἐγκατατα-

458 1053 622 1122 γέντα
662 1058 725 1125 τῇ
759 1055 982 1127 ἐκλεκτῇ
1019 1055 1290 1123 υἱοθεσία,
1317 1058 1381 1125 τῇ
1419 1056 1546 1127 φίλῃ
1582 1053 1892 1125 κεκλημένῃ
1931 1054 2024 1106 τοῦ

461 1143 616 1204 Θεοῦ,
643 1143 832 1215 ᾄδοντα
862 1147 962 1216 ἤδη
991 1145 1088 1212 τὴν
1121 1144 1303 1214 εὐχὴν,
1335 1145 1430 1196 καὶ¹
1459 1143 1714 1211 λέγοντα·
1756 1139 2026 1193 «Γενέσθω

467 1252 555 1304 μοι
591 1237 787 1308 Κύριος
832 1240 910 1298 εἰς
943 1235 1092 1286 (θεόν.
1130 1255 1146 1282 ι
1199 1235 1302 1287 Τοῦ
1353 1236 1516 1304 νόμου
1563 1234 1618 1284 δέ
1654 1233 1753 1302 τὴν
1785 1231 2026 1284 εὐποιίαν

463 1325 548 1378 διά
596 1328 690 1397 τῆς
735 1326 871 1398 πρὸς
921 1327 1043 1385 τοὺς
1077 1324 1358 1388 Ἰουδαίους
1388 1321 1691 1393 περικοπῆς
1735 1321 2028 1389 δεδήλωκεν

463 1419 492 1471 ὀ
529 1419 884 1478 Ἀπόστολος,
930 1417 1152 1485 γράφων
1198 1409 1298 1466 ὧδέ
1343 1431 1495 1478 πως·
1557 1433 1575 1464 ι
1610 1414 1671 1465 Εἰ
1710 1412 1765 1464 δὲ
1809 1411 1914 1480 (69)
1966 1411 2027 1462 σὺ

478 1511 722 1574 Ἰουδαῖος
774 1509 1118 1580 ἐπονομάζῃ,
1174 1509 1264 1560 καὶ
1320 1507 1647 1579 ἐπαναπαύῃ
1698 1506 1883 1575 νόμῳ,
1937 1504 2029 1557 καὶ

465 1603 735 1672 καυχᾶσαι
791 1602 848 1651 ἐν
924 1600 1061 1668 Θεῷ,
1110 1602 1203 1652 καὶ
1253 1599 1539 1667 γινώσκεις
1587 1599 1646 1650 τὸ
1689 1596 1895 1668 θέλημα
1937 1595 2029 1647 τοῦ

463 1693 598 1745 Θεοῦ
635 1691 765 1761 (70),
814 1691 907 1743 καὶ
942 1689 1251 1759 δοκιμάζεις
1291 1691 1357 1742 τὰ
1398 1688 1719 1760 διαφέροντα
1763 1686 2030 1756 κατηχού-

471 1801 628 1853 μενος
675 1784 736 1833 ἐκ
779 1781 870 1834 τοῦ
913 1781 1108 1849 νόμου,
1157 1781 1413 1842 πέποιθάς
1470 1798 1528 1832 τε
1574 1778 1797 1832 σεαυτὸν
1840 1777 2032 1845 ὁδηγὸν

466 1871 604 1925 εἶναι
651 1870 884 1939 τυφλῶν,
924 1870 1039 1938 φῶς
1068 1869 1174 1922 τῶν
1216 1871 1272 1920 ἐν
1313 1869 1518 1931 σκότει,
1549 1867 1836 1936 παιδευτὴν
1868 1865 2034 1936 ἀφρό-

2124 687 2368 757 ejusdem
2411 683 2596 738 ﬁdeles
2632 681 2816 734 tantuli
2858 679 3071 739 ﬁamus,
3110 678 3357 731 timentes
3396 673 3685 727 Dominum

2126 780 2319 833 Deum.
2359 775 2512 843 Quod
2558 773 2604 827 si
2652 774 2773 841 quis
2809 771 3037 824 ulterius
3081 767 3404 830 ascenderit,
3458 761 3690 817 refertur

2126 870 2181 922 in
2215 882 2498 922 numerum
2539 863 2793 917 ﬁliorum.
2837 859 3130 928 Postquam
3180 867 3354 909 autem
3389 874 3408 907 ι
3450 851 3690 908 charitas

2126 961 2401 1030 operuerit
2427 956 2826 1012 multitudinem
2859 965 3199 1022 peccatorum
3235 962 3282 1008 ο,
3319 967 3338 998 ι
3373 949 3542 1001 δεῦῑῶ
3572 944 3688 1014 spei

2128 1051 2618 1111 consummatione,
2659 1048 2783 1100 licet
2821 1057 2949 1099 tunc
2977 1055 3192 1096 auctum
3227 1040 3491 1096 charitate
3516 1039 3690 1092 susei-

2128 1161 2274 1216 pere.
2309 1145 2542 1198 relatum
2573 1142 2625 1194 in
2649 1141 2873 1194 electam
2909 1137 3138 1189 liliorum
3170 1133 3535 1202 adoptionem,
3572 1146 3692 1199 qua:

2128 1238 2222 1292 Dei
2253 1248 2438 1290 vocata
2467 1243 2553 1287 est
2580 1232 2772 1289 amica.
2814 1231 2926 1299 jam
2972 1237 3154 1281 votum
3181 1236 3486 1280 canentem.
3527 1232 3580 1275 et
3606 1221 3690 1273 di-

2130 1340 2368 1382 centem:
2403 1346 2421 1376 ι
2464 1324 2547 1378 Sit
2575 1322 2703 1375 mihi
2740 1321 3000 1373 Dominus
3039 1319 3092 1370 in
3145 1316 3327 1368 Deum.
3363 1335 3380 1366 ι
3413 1314 3568 1380 Legis
3596 1329 3696 1366 au-

2129 1429 2238 1473 tem
2270 1413 2700 1475 beneficentiam,
2734 1427 2824 1479 per
2848 1427 2970 1464 eum
2996 1411 3198 1471 locum,
3221 1407 3274 1459 in
3306 1422 3413 1474 quo
3435 1407 3543 1475 agit
3570 1421 3695 1458 cum

2129 1509 2347 1571 ludatis,
2383 1504 2678 1560 declaravit
2707 1503 3017 1570 Apostolus,
3051 1501 3131 1554 sic
3168 1499 3444 1553 scribens:
3483 1518 3500 1549 ι
3553 1497 3608 1550 Si
3641 1505 3702 1552 tu

2131 1609 2310 1653 autem
2339 1605 2395 1662 ᾖ
2428 1596 2649 1652 Iudaeus
2675 1593 3102 1661 cognominat-is,
3143 1601 3198 1645 et
3232 1593 3284 1643 in
3332 1592 3445 1660 lege
3488 1591 3700 1659 νεηνίε-

2132 1692 2260 1753 seis,
2293 1699 2345 1742 et
2375 1691 2425 1742 in
2487 1688 2596 1741 Deo
2631 1685 2914 1755 gloriaris,
2957 1692 3012 1736 et
3055 1682 3340 1752 cognoscis
3371 1681 3698 1734 voluntatem

2134 1780 2248 1842 Dei,
2283 1789 2335 1832 ct
2361 1779 2557 1847 probas
2580 1777 2799 1830 utiliora
2828 1774 3123 1827 instructus
3145 1790 3238 1842 per
3263 1774 3459 1840 legem,
3492 1785 3546 1824 et
3572 1787 3699 1828 con-

2134 1871 2255 1924 ﬁdis
2290 1869 2519 1937 teipsum
2552 1882 2673 1921 esse
2711 1865 2904 1919 ducem
2949 1879 3214 1917 ezeeorum
3242 1903 3256 1925 ,
3295 1863 3480 1915 lumen
3511 1877 3700 1916 eorum

466 1981 592 2024 νων,
625 1961 939 2014 διδάσκαλον
984 1960 1210 2028 νηπίων,
1255 1946 1440 2028 ἔχοντα
1478 1959 1575 2027 τὴν
1617 1959 1895 2027 μόρφωσιν
1939 1957 2037 2025 τῆς
2068 1974 2110 2027 Β
2138 1961 2230 2026 qui

1939 1957 2037 2025 τῆς
2068 1974 2110 2027 Β
2138 1961 2230 2026 qui
2258 1965 2387 2010 sunt
2411 1956 2464 2008 in
2493 1955 2751 2016 tenebris,
2790 1952 3123 2006 eruditorem
3164 1953 3552 2020 insipientium,
3591 1966 3705 2004 ma-

469 2052 719 2118 γνώσεως
769 2053 860 2104 καὶ
899 2050 1152 2120 ἀληθείας
1214 2053 1271 2101 ἐν
1312 2048 1389 2118 τῷ
1435 2049 1613 2116 νόμῳ·
1647 2067 1664 2097 ι
1726 2046 1895 2098 ταῦτα
1927 2047 2035 2114 γὰρ

468 2142 728 2196 δύνασθαι
752 2143 840 2194 τὸν
872 2143 1032 2212 νόμον
1059 2139 1431 2211 ὁμολογεῖται·
1461 2139 1562 2191 κᾶν
1606 2140 1654 2189 οἱ
1691 2137 1830 2190 κατὰ
1874 2137 2035 2205 νόμον

475 2236 547 2304 μὴ
575 2235 993 2303 πολιτευόμενοι,
1035 2235 1109 2298 ὡς
1142 2234 1199 2286 ἐν
1227 2233 1375 2302 νόμῳ
1418 2229 1831 2295 ἀλαζονεύονται
1865 2227 2038 2298 βιοῦν-

471 2342 581 2389 τες.
640 2345 656 2374 ι
692 2325 974 2396 Μακάριος
1008 2325 1064 2377 δὲ
1110 2324 1246 2394 ἀνὴρ
1282 2323 1388 2391 (7.1)
1431 2322 1489 2385 ὃς
1526 2315 1650 2392 εὗρε
1688 2320 1898 2388 σοφίαν,
1942 2319 2036 2370 καί⁹

473 2416 664 2486 θνητὸς
734 2416 792 2478 ὃς
838 2410 944 2466 εἶδε
1013 2415 1287 2484 φρόνησιν.
1362 2414 1456 2465 Ἐκ
1520 2411 1577 2463 δὲ
1633 2409 1725 2462 τοῦ
1774 2409 2036 2477 στόματος

471 2505 673 2574 αὐτῆς,
703 2523 720 2554 ι
791 2503 889 2571 τῆς
922 2503 1109 2570 σοφίας
1154 2501 1425 2570 δηλονότι,
1479 2517 1497 2548 ι
1527 2497 1834 2568 δικαιοσύνη
1869 2497 2034 2547 ἐκπο-

473 2595 690 2668 ρεύεται
717 2612 730 2623 ·
776 2596 936 2664 νόμον
973 2594 1028 2645 δὲ
1063 2594 1154 2645 καὶ
1200 2592 1342 2644 ἔλεον
1392 2592 1483 2642 ἐπὶ
1512 2589 1761 2658 γλώσσης
1805 2589 1977 2657 φορεῖ,
2014 2605 2031 2636 ι

485 2687 631 2749 Ἐνὸς
669 2685 775 2756 γὰρ
807 2686 1012 2754 Κυρίου
1059 2685 1336 2753 ἐνέργεια,
1371 2682 1428 2744 ὃς
1466 2682 1582 2732 ἐστι
1633 2699 1652 2730 ι
1676 2680 1897 2747 δύναμις
1927 2678 2036 2746 (72)

472 2778 566 2830 καὶ
597 2776 753 2845 σοφία
784 2776 873 2828 τοῦ
904 2775 1060 2836 Θεοῦ,
1079 2797 1092 2820 ι
1131 2775 1158 2826 δ
1188 2791 1246 2826 τε
1277 2772 1466 2842 νόμος,
1502 2771 1562 2823 τό
1594 2787 1650 2822 τε
1673 2768 1999 2836 Εὐαγγέλιον
2021 2785 2033 2796 ·

473 2865 566 2917 καὶ
605 2864 664 2918 ὃν
692 2863 945 2933 ἐγέννησε
984 2864 1145 2931 φόϐον
1187 2863 1215 2913 δ
1254 2863 1437 2931 νόμος,
1473 2860 1719 2929 ἐλεήμων
1751 2858 1860 2928 (75)
1889 2853 2039 2920 οὗτος

474 2959 553 3018 εἰς
583 2955 870 3027 σωτηρίαν.
912 2975 930 3006 ι
966 2953 1352 3024 Ἐλεημοσύναι
1403 2953 1460 3004 δὲ
1506 2950 1637 3020 (74),
1673 2950 1764 3000 καὶ
1811 2947 2040 3009 πίστεις,

474 3049 569 3100 καὶ
615 3046 858 3116 ἀλήθεια,
893 3047 966 3117 μὴ
1005 3045 1376 3098 ἐκλιπέτωσάν
1420 3059 1506 3094 σε·
1544 3040 1751 3111 ἄφαψαι
1785 3039 1841 3092 δέ
1873 3038 2041 3101 αὑτάς

475 3136 604 3204 περὶ
644 3135 720 3204 σῷ
746 3135 1014 3206 τραχήλῳ.
1047 3155 1065 3184 ι
1110 3134 1342 3204 Ὁμοίως
1381 3132 1440 3186 δὲ
1481 3131 1561 3201 τῷ
1608 3131 1804 3200 Παύλῳ
1848 3130 2045 3200 ήπρο-

477 3227 671 3295 φητεία
701 3226 810 3295 (75)
843 3225 1086 3289 ὀνειδίζει
1117 3225 1207 3276 τὸν
1238 3224 1392 3287 λαὸν,
1427 3223 1503 3285 ὼς
1547 3223 1620 3292 μὴ
1677 3219 1924 3273 συνιέντα
1951 3219 2040 3271 τὸν

2133 2051 2360 2118 gistrum
2409 2047 2732 2107 infantium,
2775 2047 3062 2098 habentem
3097 2044 3328 2097 formam
3370 2044 3611 2098 scientia!
3653 2051 3709 2097 et

2134 2140 2377 2194 veritatis
2421 2140 2474 2192 in
2515 2139 2628 2207 lege
2657 2138 2704 2190 ι).
2743 2156 2762 2188 ι
2801 2136 2924 2190 limo
2973 2137 3118 2189 enim
3165 2151 3325 2204 posse
3373 2135 3579 2203 legem,
3625 2143 3710 2188 est

2135 2242 2285 2285 cura
2313 2229 2778 2293 controversiam;
2819 2228 3028 2280 etiamsi
3061 2227 3116 2288 ii,
3149 2226 3242 2294 qui
3280 2227 3444 2278 vitam
3485 2241 3550 2278 ex
3591 2227 3708 2294 lege

2136 2337 2244 2374 non
2289 2320 2611 2384 instituunt,
2661 2333 2720 2371 se
2759 2325 3013 2385 tanquam
3056 2317 3110 2369 in
3140 2317 3253 2383 lege
3292 2317 3589 2383 glorientur
3630 2316 3710 2368 vi-

2138 2426 2281 2464 vere.
2323 2429 2341 2461 ι
2381 2409 2577 2463 Beatus
2610 2418 2696 2462 est
2728 2417 2912 2462 autem
2947 2408 3060 2472 vir,
3112 2408 3204 2476 qui
3248 2408 3455 2460 invenit
3494 2407 3710 2478 sapien-

2139 2501 2266 2554 tiam
2290 2518 2302 2553 :
2329 2508 2381 2553 et
2411 2499 2676 2557 mortalis,
2703 2498 2793 2567 qui
2824 2499 2957 2550 vidit
2987 2497 3344 2566 prudentiam.
3385 2496 3459 2550 Ex
3490 2512 3585 2550 ore
3618 2513 3712 2550 au-

2141 2597 2245 2643 tem
2279 2590 2470 2657 ipsius,
2507 2609 2524 2639 ι
2555 2588 2832 2657 sapientia:
2863 2588 3089 2651 scilicet,
3129 2605 3147 2636 ι
3181 2588 3390 2656 justitia
3415 2588 3709 2654 egreditur.

2139 2680 2310 2749 legem
2355 2688 2536 2733 autem
2577 2687 2631 2732 et
2667 2677 3094 2731 misericordiam
3140 2676 3242 2730 fert
3285 2680 3338 2730 in
3386 2678 3570 2747 lingua
3603 2688 3650 2729 ο.
3687 2697 3706 2730 ι

2142 2769 2434 2821 Suntenim
2467 2767 2627 2822 unius
2647 2766 2859 2819 Domini
2894 2785 2913 2816 ι
2939 2767 3206 2831 operatio,
3235 2766 3327 2834 qui
3353 2773 3437 2821 est
3480 2767 3570 2821 Dei
3597 2767 3708 2821 vir-

2142 2869 2229 2915 tus
2258 2870 2312 2912 et
2345 2859 2606 2928 sapientia
2643 2858 2668 2897 τι
2697 2900 2712 2924 ,
2770 2877 2788 2909 ι
2827 2859 2911 2912 lex
2955 2867 3008 2910 et
3043 2857 3385 2926 Evangelium
3413 2877 3427 2912 :
3459 2870 3511 2913 et
3543 2875 3705 2927 quem

2140 2952 2390 3005 timorem
2426 2951 2609 3020 genuit
2649 2952 2756 3016 lex,
2807 2951 2852 3004 is
2893 2959 2973 3003 est
3003 2952 3313 3004 misericors
3343 2949 3412 3003 ad
3457 2951 3708 3004 salutem.

2147 3063 2165 3093 ι
2198 3041 2566 3113 Eleemosynae
2594 3052 2796 3107 autem,
2831 3042 2982 3107 lides,
3018 3053 3070 3096 et
3108 3043 3310 3097 veritas
3356 3057 3424 3095 ne
3467 3051 3520 3095 te
3558 3043 3710 3096 dese-

2141 3145 2284 3198 rant,
2319 3136 2474 3204 alliga
2505 3145 2682 3188 autem
2713 3151 2804 3189 eas
2833 3136 2974 3190 collo
2998 3144 3092 3190 tuo
3118 3147 3164 3190 θ.
3197 3154 3216 3186 ι
3251 3135 3507 3189 Similiter
3532 3147 3708 3189 autem

2143 3241 2205 3279 ae
2229 3225 2450 3288 Paulus,
2476 3227 3055 3296 prophetiaexprohrat
3086 3229 3307 3296 populo,
3347 3230 3488 3297 quod
3536 3229 3707 3296 legem

473 3319 669 3387 νόμον·
725 3337 743 3368 ι
768 3317 1086 3386 Σύντριμμα
1123 3315 1214 3367 καὶ
1259 3311 1603 3384 ταλαιπωρία
1647 3314 1705 3364 ἐν
1741 3314 1860 3374 ταῖς
1907 3310 2043 3372 ὁδοῖς
2071 3308 2111 3363 C
2147 3334 2248 3371 non

1938 3310 2043 3372 δοῖς
2071 3308 2111 3363 C
2147 3334 2252 3371 non
2303 3319 2597 3388 intelligat:
2628 3337 2646 3369 ι
2680 3318 2948 3373 Contritio
2983 3329 3037 3374 et
3061 3319 3276 3373 alllietio
3327 3320 3380 3372 in
3430 3321 3530 3374 viis
3568 3321 3713 3388 ipso-

474 3409 674 3471 αὐτῶν,
727 3409 817 3460 καὶ
861 3407 977 3460 ὁδὸν
1026 3407 1245 3477 εἰρήνης
1299 3405 1396 3457 οῦκ
1450 3404 1724 3472 ἔγνωσαν·
1777 3403 1877 3454 οὐκ
1922 3399 2036 3452 ἔστι

476 3500 638 3568 φόϐος
684 3500 818 3552 Θεοῦ
877 3498 1134 3552 ἀπέναντι
1182 3496 1288 3548 τῶν
1337 3494 1626 3565 ὀφθαλμῶν
1681 3492 1875 3546 αὐτῶν.
1931 3493 2039 3546 Φά-

478 3607 696 3654 σκοντες
735 3586 870 3642 εἶναι
901 3590 1074 3657 σοφοὶ,
1116 3587 1533 3659 ἐμωράνθησαν.
1595 3585 1826 3655 Οἴδαμεν
1860 3583 1916 3636 δὲ
1954 3585 2036 3636 ὅτι

476 3679 640 3741 καλὸς
675 3680 702 3730 ὁ
723 3677 904 3746 νόμος,
932 3678 1027 3731 ὲάν
1053 3694 1136 3741 τις
1163 3675 1310 3745 αὐτῷ
1340 3677 1584 3746 νομίμως
1611 3675 1880 3745 χρήσηται
1901 3671 2036 3742 (76)·

475 3771 525 3822 οί
552 3769 607 3821 δὲ
636 3768 875 3830 θέλοντες
912 3764 1047 3820 εἶναι
1078 3767 1516 3835 νομοδιδάσκαλοι
1565 3766 1626 3816 οὐ
1653 3764 1829 3817 νοοῦσι
1857 3762 1990 3824 (77),
2015 3782 2036 3816 ι

478 3860 639 3928 φησιν
668 3860 697 3910 δ
721 3859 1053 3920 ’Δπόστολος,
1075 3875 1094 3906 ι
1122 3857 1245 3910 οὔτε
1262 3858 1297 3910 ἃ
1315 3856 1716 3925 λέγουσιν,οῦτε
1731 3857 1858 3927 περὶ
1881 3856 2040 3907 τίνων

477 3947 940 4002 διαϐεϐαιοῦνται·
991 3968 1011 4000 ι
1067 3949 1140 4001 Τὸ
1187 3949 1244 4000 δὲ
1302 3947 1451 4009 τέλος
1502 3947 1604 4015 τῆς
1663 3945 2040 4016 παραγγελίας

480 4041 666 4109 ἀγάπη
691 4040 754 4090 ἐκ
781 4037 1022 4109 καθαρᾶς
1045 4038 1289 4109 καρδίας,
1312 4039 1404 4090 καὶ
1432 4037 1785 4106 συνειδήσεως
1808 4036 2037 4105 ἀγαθῆς,

483 4131 578 4182 καὶ
597 4130 831 4192 πίστεως
859 4128 1238 4198 ἀνυποκρίτου.

2145 3424 2286 3472 rutn,
2317 3419 2370 3462 et
2397 3410 2537 3463 viam
2571 3410 2719 3478 pacis
2760 3426 2867 3463 non
2901 3420 3270 3478 cognoverunt
3300 3411 3344 3465 τ.
3386 3409 3503 3465 Non
3539 3421 3623 3466 est
3649 3413 3715 3465 ti-

2143 3513 2263 3549 mor
2289 3497 2379 3551 Dei
2425 3508 2550 3552 ante
2597 3500 2784 3553 oculos
2833 3501 3074 3568 ipsorum
3128 3502 3174 3555 ε.
3225 3500 3475 3556 Dicentcs
3510 3518 3568 3557 se
3595 3517 3715 3556 esse

2143 3588 2433 3654 sapientes,
2481 3590 2628 3642 stulti
2674 3589 2801 3642 facti
2833 3601 2958 3644 sunt
2989 3592 3041 3642 ιι.
3089 3590 3307 3645 Scimus
3340 3602 3540 3650 autem.
3567 3595 3710 3660 quod

2144 3675 2224 3728 lex
2267 3676 2404 3729 bona
2433 3678 2524 3739 sit,
2574 3678 2618 3731 si
2665 3679 2788 3746 quis
2819 3694 2880 3732 ea
2925 3680 3161 3749 legitime
3193 3690 3393 3733 utatur.
3428 3700 3446 3732 ι
3477 3681 3578 3746 Οιιι
3613 3698 3711 3734 au-

2146 3774 2250 3819 tem
2291 3785 2309 3814 ι
2353 3768 2541 3820 volunt
2587 3783 2706 3821 esse
2740 3768 2872 3838 legis
2900 3769 3166 3827 doctores.
3198 3785 3302 3822 non
3336 3770 3660 3837 intelligunt,
3691 3791 3710 3820 ι

2147 3857 2322 3923 inquit
2346 3860 2658 3926 Apostolus,
2699 3878 2717 3910 ι
2762 3876 2859 3914 nec
2893 3876 3014 3929 qua:
3041 3861 3248 3923 dicunt,
3286 3877 3388 3915 nec
3425 3861 3492 3915 de
3517 3862 3716 3930 quibus

2147 3948 2434 4002 allirmant.
2480 3949 2630 4003 Finis
2679 3959 2859 4003 autem
2920 3952 3169 4020 praecepti
3219 3960 3308 4005 est
3358 3952 3596 4006 charitas
3647 3969 3708 4005 ex

2146 4039 2308 4092 corde
2329 4055 2484 4108 puro,
2503 4049 2556 4094 et
2583 4041 2914 4095 conscientia
2933 4042 3094 4107 bona,
3129 4051 3178 4096 et
3207 4043 3310 4096 ﬁde
3345 4058 3450 4096 non
3471 4042 3588 4097 ﬁcta
3615 4043 3655 4096 ί.
3687 4063 3706 4092 ι

1829 4237 2054 4294 CAPUT
2095 4237 2330 4292 XXVIII.

1554 4360 1959 4430 Quadripartita
1991 4359 2117 4429 legis
2157 4357 2406 4412 Mosaicm
2433 4359 2639 4414 divisio.

564 4477 627 4535 Ἦ
662 4479 761 4548 μὲν
788 4475 880 4533 οῦν
923 4477 1061 4531 κατὰ
1090 4478 1324 4530 Μωῦσέα
1356 4477 1636 4544 φιλοσοφία
1695 4475 1926 4546 τετραχῆ
1954 4474 2043 4526 τέ-

486 4583 694 4635 μνεται,
730 4569 810 4629 εἷς
840 4585 897 4620 τε
929 4567 989 4619 τὸ
1015 4566 1278 4635 ἱστορικὸν
1305 4565 1397 4616 καὶ
1431 4564 1492 4615 τὸ
1524 4564 1726 4632 κυρίως
1755 4563 2042 4632 λεγόμενον

2217 4475 2285 4527 At
2343 4473 2576 4526 Mosaica
2642 4472 2859 4540 quidem
2920 4471 3260 4541 pliilOSOphia
3321 4471 3719 4541 quadripartito

2147 4565 2421 4623 dividitur,
2466 4563 2519 4615 in
2552 4573 2756 4630 partem
2800 4562 3114 4616 historieam
3140 4603 3155 4627 ,
3191 4572 3247 4619 et
3283 4580 3402 4618 eam
3437 4579 3560 4634 quae
3592 4580 3716 4629 spe-

483 4655 855 4723 νομοθετικόν·
900 4657 1042 4728 άπερ
1079 4655 1142 4709 ἂν
1189 4656 1271 4724 εἴη
1314 4654 1411 4724 τῆς
1441 4653 1633 4723 ἠθικῆς
1663 4652 2042 4724 πραγματείας
2073 4667 2119 4723 ο
2144 4655 2258 4710 ciali

1942 4652 2042 4715 είας
2073 4667 2119 4723 ο
2144 4655 2349 4710 cialiter
2377 4662 2597 4706 vocatur
2621 4653 2805 4721 legalis
2834 4671 2847 4706 :
2876 4669 2999 4722 qua:
3025 4655 3146 4710 dua:
3175 4655 3240 4710 ad
3272 4671 3482 4708 morum
3522 4654 3717 4709 doctri-

555 4799 611 4854 >14
647 4791 709 4844 P.
740 4792 845 4845 424
867 4792 973 4846 ED.
1002 4793 1293 4855 POTTEB,
1315 4793 1418 4847 ’554
1439 4791 1545 4843 ΕΙ).
1578 4789 1802 4844 PARIS.
1844 4803 1868 4828 ιι
1898 4790 1913 4842 I
1945 4791 2082 4844 Pelr.
2118 4807 2187 4852 tv,
2221 4789 2272 4844 8.

1323 4793 1418 4847 554
1439 4791 1545 4843 ΕΙ).
1578 4789 1802 4844 PAlllS.
1844 4803 1868 4828 ιι
1898 4790 1913 4842 I
1945 4791 2082 4844 Pelr.
2118 4807 2187 4852 tv,
2221 4789 2272 4844 8.
2350 4789 2377 4828 ι’
2402 4789 2554 4842 Rom.
2582 4805 2643 4852 ιι,
2669 4789 2755 4854 17,
2785 4789 2872 4851 18,
2899 4790 2985 4855 19,
3008 4790 3098 4848 20.

479 4862 505 4902 ἀ
533 4863 548 4916 l
576 4861 857 4927 Cor.t,24,
918 4875 940 4899 ε
962 4862 1124 4918 Prov.
1155 4880 1235 4927 ιιι,
1259 4865 1310 4917 5.
1367 4862 1386 4900 ί
1416 4861 1515 4915 lsa.
1547 4877 1658 4924 th,
1682 4861 1732 4926 7,
1759 4861 1825 4926 8;
1861 4860 2016 4915 liom.
2052 4877 2134 4923 ιιι,
2164 4861 2249 4925 16,

1467 4877 1515 4915 a.
1547 4877 1658 4924 th,
1682 4861 1732 4926 7,
1759 4861 1825 4926 8;
1861 4860 2016 4915 liom.
2052 4877 2134 4923 ιιι,
2164 4861 2249 4925 16,
2279 4859 2364 4914 17.
2409 4863 2432 4899 ε
2459 4859 2598 4913 l’sal.
2630 4875 2750 4923 xm,
2773 4860 2838 4925 5;
2860 4861 3017 4914 llom.
3051 4877 3132 4923 ιιι,
3161 4861 3241 4913 18.

488 4935 504 4974 ί
533 4936 551 4987 l
579 4931 719 4984 Tim.
749 4947 788 4993 ι,
817 4933 870 4993 8,
899 4931 948 4995 7,
973 4932 1026 4984 5.

555 5046 663 5114 (69)
697 5047 764 5098 Ei
796 5046 882 5116 δέ.
919 5043 1074 5097 Rom.
1114 5063 1172 5110 ιι,
1243 5047 1340 5110 ῖδε,
1397 5048 1529 5110 ride,
1566 5045 1762 5116 inquit7
1803 5044 2051 5116 Sylburg.

485 5113 792 5185 Legendum
826 5113 935 5185 ίδε,
962 5116 1106 5185 quod
1134 5132 1243 5170 non
1276 5119 1407 5171 vidit
1439 5113 1721 5183 interpres.
1747 5113 2056 5170 [λοισι-Βρι-

484 5182 628 5257 Μόἇι.
663 5183 981 5257 ἐπαναπαύῃ
1023 5183 1101 5253 τῷ
1148 5186 1322 5257 νόμῳ,
1348 5195 1407 5240 ιιι
1432 5182 1592 5255 paulo
1624 5192 1746 5254 post
1788 5185 1888 5254 τῆς
1916 5185 2053 5254 ἁλη-

485 5255 654 5319 θείας.
682 5256 938 5322 δῖμιυιισ.

559 5325 668 5393 (70)
707 5321 822 5393 T0137
841 5321 1005 5393 Θεοῦ.
1049 5321 1209 5376 Abest
1240 5339 1269 5376 a
1297 5325 1453 5379 Rom.

495 5463 534 5517 S
568 5392 1058 5463 (7|)‘Ar1ip.Prov.
1084 5408 1143 5445 ιιι
1190 5396 1499 5461 generalius
1520 5393 1800 5465 ἄνθρωπος
1834 5392 2053 5448 habent.

539 5479 759 5517 ιιιιιιιιιο.

539 5479 759 5522 ιιιιιυιιίῑι.

565 5534 678 5601 (72)
733 5535 1007 5602 Δύναμις.
1069 5530 1309 5603 llespicit
1339 5531 1362 5603 l
1417 5532 1545 5587 Cor.
1573 5549 1612 5599 ι,
1658 5533 1773 5587 ﬁt:
1821 5531 2054 5603 Χριστὸν

493 5599 630 5674 Θεοῦ
662 5599 911 5674 δύναμιν,
943 5605 1034 5657 καὶ
1057 5599 1190 5674 Θεοῦ
1224 5602 1433 5674 σοφίαν,

565 5672 675 5742 (75)
719 5669 1030 5742 Ἐλεήμων.
1088 5669 1200 5725 Hoc
1240 5671 1501 5742 addit,_ut
1541 5673 1916 5729 haereticorum
1960 5686 2050 5726 ar-

491 5739 749 5822 gumento
781 5739 1050 5806 occurrat,
1077 5741 1384 5822 negantium
1415 5739 1582 5809 legem
1607 5759 1634 5822 τι
1661 5744 1801 5798 bono
1829 5742 1938 5822 Deo
1964 5744 2053 5796 da-

489 5813 616 5881 tam_
631 5809 829 5881 fuisse.
857 5829 922 5868 eo
953 5813 1094 5881 quod
1134 5809 1378 5881 timorem
1414 5825 1588 5881 paenae
1621 5813 1905 5868 incuteret.

562 5877 671 5945 174)
721 5877 1146 5951 Ἐλεημοὶτύι-ἀι
1175 5881 1225 5932 ι’.
1273 5879 1652 5947 Ἑὶεημοσὺναι
1701 5883 1788 5932 καὶ
1850 5881 2049 5942 πίστεις

3179 4802 3202 4830 ε
3229 4789 3383 4842 Prov.
3409 4805 3488 4850 ιιι,
3519 4788 3716 4851 15,16.

3320 4860 3346 4898 ιι
3371 4859 3528 4913 Rom.
3558 4875 3598 4924 ι,
3626 4860 3718 4913 2‘2.

2163 5048 2235 5116 μὴ
2265 5043 2656 5116 ἐκλειπὲτωσάν
2688 5061 2769 5110 σε,
2804 5044 3080 5111 Proverb.,
3115 5042 3206 5098 ubi
3241 5060 3367 5100 mox
3401 5045 3495 5098 ἐπὶ
3531 5045 3608 5116 σῷ
3636 5063 3719 5116 τρ.

2161 5113 2258 5186 pro
2285 5117 2410 5186 περὶ
2444 5113 2521 5183 σῷ
2552 5130 2640 5184 τρ.
2680 5185 2686 5186 7
2818 5184 2826 5186 7
2867 5185 2872 5186 7
2969 5185 2977 5186 7
3194 5185 3202 5186 7
3248 5117 3250 5119 ’

2231 5184 2744 5252 (75)“Προς.ςητεία.
2800 5184 2877 5238 Ad
2931 5185 3013 5246 id,
3062 5185 3207 5254 quod
3255 5186 3484 5243 dixerat.
3521 5184 3719 5239 conﬁr-

2162 5255 2416 5310 mandum
2436 5294 2452 5317 ,
2488 5255 2694 5310 scilicet
2721 5254 2990 5324 qttodjex
3028 5256 3170 5309 bona
3202 5256 3290 5318 sit,
3320 5267 3372 5309 et
3403 5255 3721 5324 charitatem

2158 5322 2753 5406 praeeeperit,7perind_e
2783 5339 2844 5377 ac
2867 5322 3244 5406 Evangelium,
3275 5324 3522 5406 quamvis
3551 5322 3724 5406 Judaei

2162 5391 2263 5448 hoc
2299 5391 2407 5447 non
2441 5391 2575 5449 satis
2603 5394 2987 5464 intellexerint,
3017 5391 3262 5464 quaedam
3292 5391 3586 5464 utriusque
3611 5391 3722 5445 Te-

2161 5464 2415 5535 stamenti
2463 5465 2577 5535 loca
2619 5463 2857 5530 adducit,
2902 5464 2957 5517 in
2987 5462 3185 5535 quibus
3213 5463 3524 5517 Judaaorum
3567 5462 3722 5530 igno-

2159 5534 2333 5587 rantia
2368 5533 2692 5602 reprehensa
2720 5541 2823 5585 est.

2227 5603 2338 5675 (7767)
2385 5599 2713 5675 Χρήσητᾳι.
2753 5603 2965 5675 Χρῆται
3009 5602 3150 5671 apud
3176 5600 3424 5656 Paulum.
3475 5599 3625 5668 Mox,
3673 5601 3724 5654 οί

2155 5672 2232 5739 δέ,
2257 5673 2550 5727 Clementis
2588 5672 3014 5728 additamentum
3041 5683 3146 5727 est.

2225 5742 2337 5810 (77)
2372 5739 2709 5812 0610017171.
2739 5745 2829 5812 Μὴ
2859 5743 3099 5812 νοοῦντες
3128 5741 3266 5812 apud
3291 5740 3543 5794 Paulum.
3568 5738 3723 5812 Dein,

2158 5813 2292 5883 μήτε
2322 5808 2378 5865 δι
2406 5811 2642 5883 λέγουσι,
2670 5808 2831 5883 μήτὲ
2883 5831 2938 5865 π.
2974 5810 3092 5866 Mox
3121 5852 3134 5873 ,
3163 5808 3290 5881 ’τῆς
3353 5808 3723 5883 παραγγελίας

2160 5880 2301 5934 ἐστὶν
2337 5881 2540 5949 ἀγάπη.
2573 5880 2703 5936 Ibid.
