4496 6588
397 416 503 473 9ἰ3

1687 418 2118 475 STBOMATUM
2157 420 2286 477 LIB.
2329 421 2391 476 ll.

3563 423 3665 482 951

398 533 578 587 ταῖσδε
611 535 660 588 οἱ
693 535 1044 605 Πανέλληνες,
1072 536 1146 601 ὡς
1182 539 1464 608 μεγίσταις
1489 537 1839 610 ἐπιστήμαις.
1879 544 1983 608 Ὃς
2013 550 2058 602 Α
2085 542 2173 596 Οοι

1890 544 1983 608 ’ος
2013 550 2058 602 Α
2085 542 2444 613 Consequens
2469 555 2650 600 autem
2677 555 2780 610 est,
2815 553 2874 601 ttt
2902 545 3346 616 distiplinarum,
3375 547 3468 616 qui
3498 560 3665 600 voca-

396 625 448 676 b“
482 625 714 695 ἐλέγχει
751 625 902 695 μετὰ
933 630 1291 697 παρῤησίας,
1321 630 1698 696 εἰρηνοποιεῖ.
1733 632 1980 700 Ἐφαμεν

396 715 451 769 δὲ
507 717 766 780 πολλάκις
815 717 914 791 ἤδη
975 722 1110 792 μήτε
1163 720 1631 793 μεμελετηκέναι,
1688 724 1822 795 μήτε
1876 726 1981 796 μὴν

397 809 744 879 ἐπιτηδεύειν
801 811 1126 884 ἑλληνίζειν·
1165 814 1347 867 ἱκανὸν
1385 815 1492 888 γὰρ
1525 818 1589 888 δὴ
1630 816 1808 874 τοῦτο.
1846 820 1983 870 ἀπο-

393 898 748 968 δημαγωγεῖν
793 902 889 972 τῆς
927 904 1187 975 ἀληθείας
1233 906 1362 969 τοὺς
1407 908 1663 971 πολλοὺς·
1690 909 1754 960 τὸ
1807 909 1862 963 δὲ
1903 911 1995 982 τῷ·

395 989 510 1041 ὖντι
539 988 908 1063 φιλοσόφημα,
940 995 1039 1047 οὐκ
1075 997 1155 1055 είς
1192 994 1293 1064 τὴν
1326 996 1598 1063 γλῶσσαν,
1632 998 1746 1050 ἀλλ’
1773 1003 1850 1064 εἰς
1881 1002 1980 1073 τὴν

395 1080 621 1150 γνώμην
652 1082 831 1155 ὀνήσει
880 1089 1005 1150 τοὺς
1048 1086 1353 1151 ὲπαῖοντας.
1399 1092 1490 1143 Δεῖ
1538 1092 1606 1155 δ’,
1641 1085 1794 1161 οἶμαι
1821 1134 1834 1156 ,
1888 1095 1978 1148 τὸν

397 1171 652 1241 ἀληθείας
680 1176 972 1247 κηδόμενον
1017 1179 1118 1230 οὐκ
1146 1178 1204 1244 ἐξ
1249 1181 1538 1252 ἐπιϐουλῆς
1573 1184 1665 1235 καὶ
1700 1187 1978 1255 φροντίδος

395 1263 494 1334 τὴν
527 1267 724 1336 φράσιν
764 1269 1065 1322 συνθεῖναιο
1100 1271 1389 1342 πειρᾶσθαι
1413 1275 1470 1326 δὲ
1498 1275 1784 1344 ὀνομάζειν
1819 1277 1977 1346 μόνον

394 1354 471 1418 ὡς
501 1356 742 1422 δύναται,
773 1361 800 1413 ὃ
847 1361 1125 1430 βούλεται·
1174 1366 1299 1427 τοὺς
1345 1366 1454 1437 γὰρ
1488 1366 1596 1418 τῶν
1629 1365 1826 1430 λέξεων
1860 1371 1978 1438 ὲχο-

400 1448 593 1516 μένους
616 1451 708 1504 καὶ
747 1455 875 1523 περὶ
908 1453 1110 1514 ταύτας
1140 1455 1569 1526 ἀσχολουμένους
1612 1456 1976 1528 διαδιδράσκει

392 1539 461 1592 τὰ
488 1543 806 1614 πράγματα.
841 1543 1092 1615 Γεωργοῦ
1130 1547 1226 1616 μὲν
1250 1545 1340 1600 οὖν
1363 1550 1495 1602 ἴδιον
1527 1551 1588 1602 τὸ
1629 1551 1686 1601 ἐν
1715 1551 1978 1616 ἀκάνθαις

395 1631 664 1703 φυόμενον
708 1635 858 1705 ῥόδον
905 1635 1155 1699 ἀϐλαϐῶς
1187 1638 1396 1691 λαϐεῖν·
1437 1641 1530 1692 καὶ
1571 1641 1836 1710 τεχνίτου,
1884 1643 1974 1695 τὸν

394 1728 452 1779 ἐν
484 1728 715 1800 ὀστρείῳ
749 1728 912 1800 σαρκὶ
950 1729 1058 1799 (15)
1091 1732 1584 1802 κατορωρυγμένον
1632 1734 1974 1805 μαργαρίτην

390 1821 650 1893 ἐξευρεῖν.
678 1822 816 1874 Φασὶ
851 1821 907 1874 δὲ
950 1824 1043 1874 καὶ
1081 1823 1179 1884 τὰς
1208 1822 1425 1893 ὄρνιθας
1459 1823 1680 1894 ἡδίστην
1707 1825 1848 1895 ἔχειν
1874 1825 1974 1896 τὴν

393 1914 592 1985 σαρκὸς
621 1913 904 1983 ποιότητα,
941 1915 1052 1976 ὅτε,
1090 1916 1190 1967 οὐκ
1223 1914 1454 1982 ἀφθόνου
1500 1917 1704 1985 τροφῆς
1736 1934 1974 1988 παρατε-

390 2005 574 2076 θείσης
607 2006 827 2070 αὑταῖς,
861 2007 976 2060 αἵδε
1032 2007 1392 2061 σκαλεύουσαι
1449 2010 1562 2069 τοῖς
1596 2010 1785 2072 ποσὶν,
1828 2010 1980 2062 ἐκλέ-

388 2113 572 2163 γονται
605 2096 742 2168 μετὰ
765 2099 928 2150 πόνου
954 2098 1053 2162 τὰς
1086 2099 1314 2169 τροφάς.
1352 2096 1420 2149 Εἴ
1445 2116 1530 2161 τις
1553 2095 1645 2151 οὖν
1677 2099 1771 2152 τοῦ
1795 2101 1979 2171 ὁμοίου

388 2187 722 2258 θεωρητικὸς
757 2190 814 2241 ὲν
843 2189 1056 2252 πολλοῖς
1087 2191 1201 2250 τοῖς
1233 2187 1482 2250 πιθανοῖς
1507 2204 1565 2240 τε
1597 2189 1693 2240 καὶ
1735 2188 1980 2256 Ἐλληνι-

387 2283 503 2342 xci;
527 2280 587 2331 τὸ
623 2281 819 2350 ἀληθὲς
847 2281 1253 2352 διαλεληθέναι(
1262 2283 1343 2352 l6)
1381 2283 1557 2344 ποθεῖ,
1595 2281 1846 2351 καθάπερ
1877 2280 1982 2332 ὑπὸ

384 2375 498 2435 τοῖς
542 2370 953 2441 μορμολυκείοις
984 2373 1043 2425 τὸ
1087 2376 1377 2446 πρόσωπον
1405 2375 1464 2426 τὸ
1511 2373 1782 2446 ἀληθινὸν,
1818 2372 1986 2425 πολυ-

385 2465 804 2534 πραγμονήσας,
829 2463 1290 2536 θηράσεται.Φησὶ
1318 2466 1427 2538 γὰρ
1460 2467 1516 2520 ἐν
1543 2466 1620 2536 τῷ
1641 2466 1877 2536 ὁράματι
1902 2463 1980 2534 τῷ

397 2551 573 2622 Ἑρμᾷ
609 2555 641 2623 ἡ
672 2552 914 2623 Δύναμις
958 2555 985 2624 ή
1015 2558 1262 2624 φανεῖσα·
1300 2557 1368 2608 Ὃ
1398 2556 1506 2608 ἐὰν
1529 2554 1838 2623 ἐνδέχεταί
1861 2554 1972 2624 (17)

383 2661 483 2698 σοι
513 2646 1041 2715 ἀποκαλυφθῆναι,
1071 2648 1670 2716 ἀποκαλυφθήσεται.

2087 648 2196 700 tur,
2247 639 2397 691 orbis
2446 638 2801 694 ostendamus
2852 653 3018 710 quam
3070 641 3141 694 sit
3194 639 3452 694 inutilis:
3494 649 3548 693 et
3597 639 3667 693 de

2087 727 2406 798 astrologia,
2451 729 2860 795 mathematica,
2906 737 2962 782 et
3001 729 3230 799 magica,
3263 739 3320 784 et
3352 729 3665 800 pratstigiis,

2085 819 2289 873 cursim
2321 827 2405 872 est
2450 835 2479 873 a
2523 819 2682 874 nobis
2725 820 3094 875 tractandum.
3129 820 3204 876 De
3241 824 3310 877 iis
3350 822 3524 881 enim,
3551 829 3668 874 tan-

2084 925 2246 978 quam
2289 911 2545 966 maximis
2577 913 2846 978 scientiis,
2889 927 3084 966 omnes
3118 910 3292 966 Graeci
3339 929 3398 967 se
3427 913 3663 978 jactant.

2086 1005 2190 1066 Qui
2219 1013 2397 1057 autem
2433 1003 2592 1059 libere
2634 1005 2982 1074 reprehendit,
3017 1017 3097 1060 est
3139 1005 3396 1074 paciﬁcus
3418 1017 3468 1057 α.
3505 1003 3664 1074 Saepe

2083 1103 2264 1149 autem
2315 1095 2574 1160 diximus,
2630 1113 2811 1166 neque
2864 1114 2962 1151 nos
3012 1109 3072 1152 ut
3119 1098 3306 1152 Graece
3369 1098 3663 1166 loquamur

2083 1195 2297 1240 nosmet
2341 1187 2672 1253 exercuisse,
2725 1204 2904 1258 neque
2953 1189 3005 1240 in
3039 1206 3104 1243 eo
3151 1189 3396 1243 studium
3434 1203 3664 1258 ponere.

2084 1278 2197 1332 lloc
2229 1283 2374 1333 enim
2404 1280 2510 1333 illis
2541 1281 2781 1349 prodest,
2816 1283 2910 1350 qui
2947 1282 3143 1351 vulgus
3179 1297 3208 1333 a
3238 1282 3465 1335 veritate
3499 1279 3670 1334 abdu-

2081 1377 2230 1422 cunt.
2278 1369 2413 1423 Vera
2461 1380 2647 1424 autem
2706 1372 3087 1440 philosophia,
3136 1388 3247 1425 non
3294 1380 3404 1424 tam
3452 1372 3670 1439 linguas

2081 1462 2446 1528 audientium,
2481 1480 2646 1532 quam
2681 1475 2892 1520 mentes
2918 1465 3096 1534 juvat.
3129 1466 3356 1534 Oportet
3377 1471 3583 1528 autem,
3611 1471 3672 1516 ut

2083 1553 2298 1622 opinor,
2331 1570 2480 1621 eum,
2511 1557 2604 1624 qui
2639 1571 2827 1609 curam
2860 1557 2998 1626 gerit
3023 1557 3283 1620 veritatis,
3314 1562 3370 1618 ἦ(
3401 1571 3506 1609 non
3532 1554 3670 1608 arti-

2082 1646 2273 1698 ﬁciose
2321 1654 2374 1698 et
2423 1648 2587 1715 longo
2638 1646 2822 1698 studio
2873 1648 3176 1714 composita
3229 1645 3480 1700 oratione
3551 1644 3664 1707 uti;

2083 1734 2176 1787 sed
2234 1735 2421 1786 conari
2480 1743 2693 1786 tantum
2755 1735 2830 1798 id,
2893 1734 3037 1802 quod
3088 1734 3226 1797 vult,
3289 1732 3668 1800 qualicunque

2082 1834 2259 1894 potest
2306 1825 2472 1879 modo
2539 1840 2836 1894 exponere.
2894 1823 3003 1879 Eos
3061 1825 3243 1888 enim,
3305 1823 3398 1892 qui
3461 1822 3670 1875 hiercnt

2080 1919 2435 1982 dictionibus,
2476 1926 2532 1972 et
2571 1919 2626 1971 in
2669 1919 2749 1972 eis
2786 1929 2914 1972 sunt
2939 1919 3214 1987 occupati,
3247 1935 3330 1972 res
3359 1919 3491 1988 ipsa:
3533 1918 3673 1972 etfu-

2084 2008 2256 2077 giunt.
2283 2009 2461 2078 Atque
2490 2010 2748 2080 agricola:
2771 2009 2988 2078 quidem
3013 2019 3098 2062 cst
3124 2011 3425 2078 proprium,
3460 2024 3670 2075 rosam,

2082 2114 2203 2166 qua:
2234 2100 2287 2152 in
2313 2101 2489 2168 spinis
2521 2101 2790 2166 nascitur,
2817 2101 2960 2155 citra
2992 2114 3192 2153 noxam
3217 2115 3472 2169 carpere;
3515 2101 3673 2154 simi-

2084 2189 2207 2242 liter
2236 2198 2288 2244 ct
2341 2193 2589 2254 artiﬁcis,
2634 2209 2777 2256 eam,
2813 2208 2935 2261 quae
2966 2193 3018 2246 in
3057 2193 3225 2246 ostrei
3263 2207 3430 2246 carne
3459 2192 3670 2246 infossa

2085 2291 2190 2342 est,
2217 2283 2566 2352 margaritam
2600 2285 2863 2339 invenire.
2902 2284 3217 2350 Quinetiam
3249 2285 3406 2337 aiunt
3433 2284 3670 2354 gallinas

2085 2390 2308 2443 quoque
2351 2389 2572 2428 carnem
2618 2375 2818 2428 habere
2865 2375 3277 2440 suavissimam,
3322 2374 3545 2444 quando
3585 2374 3669 2427 eis

2087 2481 2196 2519 non
2251 2466 2513 2534 copiosus
2579 2466 2862 2534 appositus
2915 2465 3079 2520 fuerit
3127 2466 3324 2530 cibus,
3382 2465 3476 2519 sed
3538 2466 3672 2534 ipsa:

2084 2556 2316 2626 pedibus
2344 2556 2634 2621 fodientes,
2665 2573 2789 2612 cum
2823 2557 3011 2612 labore
3033 2557 3355 2611 alimentum
3383 2555 3668 2625 colligunt.

2084 2646 2140 2700 Si
2169 2648 2293 2716 quis
2321 2663 2452 2717 ergo
2495 2649 2881 2702 verisimilium
2926 2649 3380 2718 contemplationi
3420 2647 3665 2710 deditus,

383 2743 534 2809 cupit
570 2741 622 2794 in
679 2743 867 2797 multis
921 2743 1320 2811 probabilibus,
1377 2744 1556 2811 iisque
1604 2740 1833 2804 Graecis,
1884 2742 1958 2808 id,
2021 2743 2167 2812 quod
2209 2758 2399 2796 verum
2440 2752 2544 2807 cst,
2587 2745 2860 2814 persequi,
2914 2744 3058 2798 haud
3118 2745 3402 2799 dissimilis
3441 2745 3547 2799 erit
3592 2743 3667 2808 ei,

382 2836 479 2905 qui
543 2849 732 2888 verum
799 2833 1011 2888 vultum
1071 2834 1238 2887 larvis
1307 2834 1582 2887 obtectum
1650 2832 1961 2887 discernere
2009 2833 2226 2904 satagit.
2294 2831 2437 2888 Dicit
2479 2835 2651 2901 enim,
2699 2850 2821 2904 qua:
2863 2832 3078 2889 llerma:
3146 2837 3200 2889 in
3247 2837 3460 2891 visione
3508 2851 3660 2908 appa-

383 2929 514 2995 ruit,
544 2927 796 2982 Potestas
827 2947 842 2982 :
882 2927 1036 2992 Quod
1078 2930 1174 2981 tibi
1202 2929 1457 2999 contingit
1491 2928 1734 2995 revelari,
1770 2927 2108 2984 revelabitur.

1847 3062 2080 3119 CAPUT
2122 3064 2187 3120 ll.

1241 3185 1349 3241 Per
1379 3189 1538 3257 ﬁdem
1565 3188 1736 3242 solam
1757 3187 1826 3240 ad
1853 3187 1949 3241 Dei
1978 3189 2330 3262 cognitionem
2357 3190 2616 3259 perveniri
2639 3206 2807 3260 posse.

467 3305 591 3359 Ἐπὶ
639 3304 707 3358 δὲ
744 3302 830 3372 σῇ
863 3304 1048 3372 σοφίᾳ
1095 3304 1180 3372 μὴ
1212 3305 1499 3374 ἐπαίρου,
1559 3307 1613 3358 αἱ
1664 3293 2032 3376 Παροιμίαιο
2145 3308 2242 3364 Pro

1892 3306 1962 3360 ίαι
1989 3293 2032 3349 C
2145 3308 2369 3378 Propter
2413 3319 2561 3362 tuam
2595 3319 2772 3362 autem
2817 3325 2879 3361 ne
2929 3307 3173 3376 efferari:
3205 3307 3550 3377 sapientiam,
3582 3307 3667 3361 di-

382 3397 635 3466 λέγουσιν
655 3414 668 3426 ·
704 3398 774 3449 ἐν
807 3395 1033 3462 πάσαις
1054 3395 1122 3448 δὲ
1155 3394 1317 3462 ὁδοῖς
1345 3396 1578 3466 γνὼριζὲ
1608 3395 1717 3467 (18)
1751 3396 1966 3464 αὐτὴν,

381 3490 483 3542 ἵνα
512 3488 805 3558 ὀρθοτομῇ
833 3490 940 3553 τὰς
983 3489 1162 3555 ὁδούς
1193 3503 1331 3551 σου,
1384 3491 1416 3542 ό
1459 3487 1527 3541 δὲ
1554 3489 1708 3554 ποῦς
1743 3504 1860 3542 σου
1899 3491 1970 3542 οὐ

379 3581 463 3653 μὴ
487 3582 860 3650 προσκόπτῃ.
887 3576 1146 3634 Βούλεται
1175 3582 1272 3650 μὲν
1296 3581 1403 3652 γὰρ
1431 3580 1520 3633 διὰ
1544 3581 1747 3633 τούτων
1777 3580 1968 3646 δεῖξαι,

380 3670 650 3723 ἀκόλουθα
679 3670 790 3722 δεῖν
824 3669 1078 3738 γενέσθαι
1123 3670 1202 3739 τῷ
1247 3670 1390 3740 λόγῳ
1429 3669 1496 3721 τὰ
1542 3669 1711 3740 ἔργα·
1763 3669 1862 3740 ἤδη
1915 3669 1970 3721 δὲ

380 3762 687 3832 ἐμφαίνειν,
719 3761 916 3834 χρῆναι
963 3761 1025 3814 τὸ
1059 3761 1118 3825 ἐξ
1163 3763 1380 3829 ἁπάσης
1427 3760 1673 3824 παιδείας
1700 3761 1969 3831 χρήσιμον

382 3851 776 3922 ἐκλεγομένους
793 3853 940 3922 ἡμᾶς
969 3851 1132 3922 ἔχειν’
1169 3853 1225 3904 αἱ
1253 3850 1317 3921 δὴ
1346 3849 1454 3903 ὁδοὶ
1479 3849 1668 3917 σοφίας
1701 3849 1964 3913 ποικίλαι,

381 3944 697 4017 ὀρθοτομεῖν
745 3944 840 3996 ἐπὶ
869 3944 969 4015 τὴν
1013 3943 1128 3996 ὁδὸν
1176 3943 1276 4014 τῆς
1319 3941 1608 4011 ἀληθείας⁶
1671 3940 1786 4004 ὁδὸς
1819 3940 1876 3993 δὲ
1930 3942 1964 4011 ἡ

381 4037 608 4100 πίστις.’
631 4038 694 4088 Ὁ
729 4035 797 4088 δὲ
845 4035 1000 4101 ποῦς
1034 4052 1149 4088 σου
1189 4033 1275 4104 μὴ
1321 4031 1778 4101 προσκοπτέτω,
1814 4033 1962 4100 λέγει

383 4131 510 4204 περί
541 4147 700 4183 τινων
737 4128 1110 4182 ἐναντιοῦσθαι
1143 4127 1442 4180 δοκούντων
1480 4131 1546 4198 τῇ
1583 4128 1683 4198 μιᾷ
1719 4127 1812 4180 καὶ
1847 4126 1966 4199 θείᾳ

379 4226 446 4293 τῇ
485 4224 815 4294 προνοητικῇ
865 4221 1148 4292 διοικήσει.
1206 4219 1366 4272 Ὅθεν
1414 4220 1641 4288 ἐπάγει·
1696 4217 1791 4286 Μὴ
1843 4218 1965 4273 τσθι

379 4317 668 4384 φρόνιμος
699 4314 863 4384 παρὰ
903 4312 1160 4379 σεαυτῷ,
1203 4312 1343 4365 κατά
1393 4314 1534 4375 τοὺς
1571 4310 1764 4373 ἀθέους
1817 4311 1968 4378 λογι-

381 4408 553 4477 σμοὺς
584 4409 710 4470 τοὺς
740 4403 1182 4467 ἀντιστασιὼδεις
1228 4407 1294 4475 τῇ
1335 4404 1621 4474 οἰκονομίᾳ
1665 4402 1759 4454 τοῦ
1790 4403 1926 4456 Θεοῦ
1953 4421 1966 4433 ο

379 4497 571 4551 Φοϐοῦ
605 4497 671 4550 δὲ
696 4500 783 4550 τὸν
826 4501 984 4569 μόνον
1008 4497 1229 4552 δυνατὸν
1263 4499 1440 4550 Θεόν·
1471 4489 1515 4563 ᾧ
1557 4497 1768 4562 ἕπεται,
1803 4495 1969 4566 μηδὲν

2073 3407 2205 3452 cunt
2254 3396 2550 3451 Proverbia
2596 3418 2610 3450 ;
2661 3398 2718 3450 in
2759 3397 3001 3450 omnibus
3057 3406 3234 3450 autem
3285 3398 3384 3451 viis
3439 3413 3666 3463 agnosce

2071 3488 2340 3555 ipsam,ut
2370 3496 2511 3540 recto
2553 3487 2768 3540 tramite
2795 3486 2997 3556 dirigat
3029 3488 3141 3540 vias
3179 3498 3320 3552 tuas,
3363 3503 3451 3556 pes
3480 3498 3664 3542 autem

2076 3588 2195 3631 tuus
2231 3595 2294 3632 ne
2339 3579 2592 3648 offendat.
2660 3575 2787 3632 Vult
2853 3579 2998 3632 enim
3040 3594 3136 3648 per
3183 3579 3301 3634 huic
3350 3580 3662 3648 ostendere,

2073 3681 2324 3740 oportere
2363 3686 2531 3740 opera
2562 3686 2683 3726 esse
2723 3669 2925 3724 rationi
2968 3670 3393 3734 convenientia;
3436 3678 3492 3724 et
3519 3685 3665 3739 prae-

2073 3769 2219 3814 terea
2261 3777 2360 3814 nos
2437 3770 2691 3830 oportere
2739 3775 2807 3812 ex
2862 3759 3011 3814 omni
3057 3761 3306 3814 doctrina
3357 3761 3557 3830 eligere
3606 3760 3663 3815 id

2073 3851 2224 3920 quod
2269 3862 2354 3905 est
2384 3851 2533 3905 utile.
2607 3851 2749 3904 Sunt
2791 3860 2972 3905 autem
3017 3851 3119 3904 viae
3160 3851 3444 3920 sapientia:
3470 3851 3661 3916 varia»,

2068 3950 2126 3994 ut
2161 3951 2309 3995 recto
2357 3942 2574 3996 tramite
2606 3943 2926 3996 incedamus
2955 3943 3020 3996 ad
3070 3944 3214 3996 viam
3253 3943 3524 3998 veritatis.
3557 3941 3662 4001 Via

2067 4044 2248 4088 autem
2279 4044 2364 4089 est
2401 4035 2553 4089 tides.
2596 4033 2699 4088 Pes
2742 4046 2920 4088 autem
2961 4045 3084 4088 tuus
3130 4051 3235 4088 non
3278 4036 3538 4105 offendat,
3581 4038 3662 4092 ait

2077 4127 2145 4180 de
2204 4127 2520 4195 aliquibus,
2584 4131 2678 4197 qui
2738 4126 3066 4180 videbantur
3139 4127 3420 4182 adversari
3497 4128 3657 4182 unius

2075 4217 2273 4272 divina:
2308 4219 2663 4286 providentia
2705 4217 3194 4272 administrationi.
3231 4217 3383 4272 Unde
3421 4218 3656 4287 subjun-

2075 4311 2151 4380 git
2182 4328 2197 4364 :
2232 4309 2315 4362 Ne
2341 4310 2416 4362 sis
2443 4312 2653 4379 sapiens
2685 4311 2828 4378 apud
2866 4312 3110 4378 teipsnm,
3137 4326 3232 4379 per
3261 4310 3457 4378 impias
3495 4310 3655 4364 scili-

2072 4411 2158 4455 cet
2198 4401 2456 4462 rationes,
2491 4417 2612 4469 quaa
2638 4402 2903 4454 adversus
2949 4397 3044 4454 Dei
3081 4401 3486 4469 providentiam
3516 4415 3655 4454 con-

2072 4495 2317 4549 tendunt.
2364 4492 2509 4546 Time
2558 4503 2734 4547 autem
2776 4493 2966 4560 Deum,
2992 4495 3087 4564 qui
3119 4495 3272 4550 solus
3299 4503 3384 4550 est
3415 4504 3610 4564 potens
3637 4512 3652 4548 :

378 4588 710 4644 ἀντικεῖσθαι
730 4590 808 4659 τῷ
830 4591 969 4660 Θεῷ.
1015 4589 1225 4653 Ἀλλως
1253 4606 1313 4641 τε
1343 4589 1438 4642 καὶ
1470 4589 1502 4657 ἡ
1537 4586 1800 4657 ἐπαγωγὴ
1826 4586 1968 4641 διδά-
1999 4609 2050 4670 υ
2073 4587 2153 4641 cui

1874 4587 1968 4641 Bai-
1999 4587 2159 4670 Dcui
2209 4594 2292 4639 est
2350 4599 2744 4654 consequens,
2807 4585 2919 4642 Deo
2990 4602 3273 4654 nunquam
3349 4586 3649 4641 adversari.

381 4701 499 4738 σκει
527 4681 733 4751 σαφῶς,
752 4681 834 4732 ὃτι
858 4683 890 4733 ό
919 4680 1076 4746 θεῖος
1097 4683 1281 4749 φόϐος
1302 4682 1579 4746 ἔκκλισις
1607 4681 1736 4734 ἐστι
1757 4679 1965 4732 κακοῦ.

379 4777 514 4846 Φησὶ
546 4776 684 4844 γάρ·
717 4772 827 4827 Kal
851 4773 1136 4826 ἓκκλινον
1167 4772 1284 4825 ἀπὸ
1315 4773 1545 4839 παντὸς
1575 4772 1784 4825 κακοῦ.
1818 4769 1966 4843 Αὕτη

381 4867 597 4924 παιδεία
625 4867 818 4937 σοφίας
836 4885 849 4896 ·
888 4869 996 4920 Ὃν
1025 4864 1135 4935 γὰρ
1167 4863 1370 4934 ἀγαπᾷ
1391 4867 1627 4932 Κύριος,
1661 4865 1930 4918 παιδεύει
1950 4881 1965 4894 ο

381 4965 564 5033 ἀλγεῖν
605 4961 701 5031 μὲν
741 4961 912 5013 ποιῶν
958 4962 1036 5022 εἰς
1081 4957 1315 5021 σύνεσιν,
1357 4957 1733 5020 ἀποκαθιστὲκ
1777 4957 1832 5009 δὲ
1886 4959 1968 5020 εἰς

379 5048 601 5129 εἰρήνην
633 5055 726 5107 καὶ
757 5053 1080 5124 ἀφθαρσίαν.
1136 5053 1201 5107 Ἡ
1237 5052 1333 5122 μὲν
1376 5047 1468 5104 οὖν
1503 5049 1776 5122 βάρϐαρος
1811 5049 1964 5118 φιλο-

382 5149 565 5217 σοφία,
612 5147 678 5217 ἢν
721 5143 1030 5215 μεθέπομεν
1077 5146 1272 5214 ἡμεῖς,
1322 5142 1502 5196 τελεία
1555 5140 1633 5212 τῷ
1689 5141 1800 5194 ὄντι
1866 5139 1960 5192 καὶ

380 5240 608 5312 ἀληθής.
654 5237 789 5310 Φησὶ
844 5235 974 5305 γοῦν
1027 5239 1084 5289 ὲν
1135 5241 1202 5308 τῇ
1254 5237 1448 5309 Σοφίᾳ·
1482 5235 1674 5301 Αὐτὸς
1720 5233 1829 5305 γάρ
1855 5251 1959 5303 μοι

469 5383 530 5440 >14
572 5374 634 5430 Ρ.
675 5375 780 5431 450
819 5373 924 5429 ED.
964 5371 1259 5442 POTTER,
1300 5378 1406 5434 360
1439 5380 1550 5438 ΕΙ).
1584 5379 1806 5437 PARIS.
1881 5393 1910 5423 ι
1935 5379 2194 5438 Provorb.
2236 5397 2244 5435 ῖ

964 5371 1259 5442 POTTER,
1300 5378 1406 5434 360
1439 5380 1550 5438 ΕΙ).
1584 5379 1806 5437 PARIS.
1881 5393 1910 5423 ι
1935 5379 2194 5438 Provorb.
2236 5397 2296 5446 ι,
2330 5378 2398 5434 10
2429 5393 2538 5435 sec.
2577 5379 2739 5439 LXX.

456 5527 571 5597 (15)
605 5529 701 5582 Ἑν
726 5527 970 5597 ὀστρείῳ
995 5537 1057 5578 σ.
1083 5521 1210 5590 Legi
1235 5523 1400 5577 etiam
1427 5533 1606 5646 potest
1634 5526 1693 5578 ὲν
1717 5527 1958 5600 ὀστρείου

460 5599 571 5646 οκί·
602 5608 657 5646 et
681 5615 803 5646 mox
843 5601 1016 5646 divise
1045 5595 1101 5646 αί
1134 5594 1192 5646 δὲ
1227 5592 1386 5646 σκαλ.
1445 5593 1694 5646 ἠιιυιιι;.

383 5592 571 5674 capiti}
602 5608 657 5674 et
681 5592 1016 5674 moxi'divise
1045 5595 1101 5651 at
1122 5594 1192 5674 δὲ
1217 5592 1386 5674 ,σκαλτ
1427 5592 1694 5674 διιιιλυιιρ.

455 5665 577 5739 (16)-
622 5669 1064 5739 Διαλεληθέναι.
1107 5665 1304 5735 Aptius
1356 5665 1498 5719 forte
1553 5665 1955 5739 διεληλυθέναι,

381 5737 682 5804 pervadere.
708 5739 782 5793 lo.
866 5737 874 5739 ”
1691 5737 1699 5739 -

454 5804 568 5876 (17)
599 5810 660 5858 "0
685 5809 795 5862 ἐὰν
826 5809 1141 5874 ἐνδέχεται.
1181 5804 1445 5876 Usilatius
1470 5804 1499 5858 ὃ
1527 5804 1622 5858 ἐὰν
1650 5806 1953 5876 ἐνδέχηται,

383 5875 726 5942 sultjunctivo
769 5883 949 5935 modo.
993 5881 1249 5935 Svuwru.
1278 5908 1338 5917 ρ-
1373 5875 1494 5932 llzec
1541 5892 1705 5944 porro
1739 5875 1955 5933 enatant.

2074 4677 2381 4744 Quinetiam
2434 4678 2576 4746 quod
2637 4680 2908 4748 sequitur.
2956 4688 3143 4748 aperte
3186 4695 3406 4749 quoque
3451 4679 3650 4742 docet,

2076 4769 2213 4839 quod
2249 4767 2342 4821 Dei
2381 4770 2568 4833 timor,
2619 4779 2696 4824 est
2743 4769 2872 4822 muli
2911 4771 3220 4823 declinatio.
3265 4767 3407 4821 Dicit
3445 4769 3594 4821 enim
3629 4786 3644 4822 :

2071 4863 2140 4917 Et
2169 4860 2380 4912 declina
2419 4863 2484 4914 ab
2523 4862 2666 4914 omni
2709 4861 2870 4914 malo.
2918 4860 3042 4916 Haec
3090 4872 3176 4915 est
3215 4859 3507 4930 disciplina
3554 4875 3651 4914 sa-

2067 4952 2301 5024 pientiae.
2353 4951 2521 5018 Quem
2576 4953 2714 5005 enim
2754 4951 2932 5022 diligit
2983 4935 3264 5012 Dominus,
3328 4953 3650 5023 castigath;

2067 5041 2309 5096 alliciens
2358 5042 2578 5111 quidem
2628 5041 2820 5095 dolove
2882 5050 2944 5096 ut
2988 5042 3298 5112 intelligat,
3353 5043 3649 5097 restituens

2068 5145 2248 5190 autem
2286 5137 2352 5190 ad
2405 5151 2592 5206 pacem
2641 5143 2698 5189 ct
2732 5135 3225 5208 incorruptionem.
3258 5135 3496 5190 Barbara
3544 5136 3650 5188 ita-

2067 5243 2192 5298 que,
2237 5244 2402 5297 quam
2450 5242 2551 5282 nos
2606 5238 2906 5296 sectamur,
2949 5230 3314 5300 philosophia,
3365 5243 3492 5281 vera
3538 5237 3646 5294 est,

2819 5385 2848 5426 1»
2873 5385 3034 5439 Prov.
3069 5397 3164 5449 ιιι,
3197 5381 3250 5447 5,
3276 5380 3331 5444 6,
3360 5381 3414 5448 7,
3441 5381 3532 5450 12,
3560 5383 3648 5439 23.

2059 5527 2204 5607 apud
2249 5524 2530 5607 hermam,
2574 5524 2794 5607 (fauor.
2841 5531 2936 5607 lib.
2969 5547 3007 5595 t,
3035 5531 3138 5586 vis.
3171 5534 3228 5600 5,
3255 5551 3379 5607 pag.
3410 5537 3478 5594 79
3511 5541 3644 5596 edit.

2058 5596 2358 5668 Atnstelod.
2404 5597 2655 5668 Aitmihi
2685 5615 2705 5652 :
2729 5599 3084 5668 Quodcunaue
3107 5596 3400 5666 oportuerit
3431 5611 3525 5663 tibi
3561 5627 3648 5664 re-

2059 5667 2172 5719 vela
2182 5668 2248 5729 ri,
2287 5665 2623 5723 revelabitur.

2131 5735 2630 5819 (18)"Er.ﬂd0’atc
2664 5739 2733 5793 δὲ
2758 5739 2920 5809 ὁδοῖς
2955 5744 3250 5819 τηῌάσαις
3285 5747 3419 5819 ὁδοῖς
3453 5765 3548 5802 σου
3582 5767 3640 5819 γ.

2055 5804 2312 5884 Ριᾭνρη
2359 5806 2436 5884 iis.
2465 5804 2975 5884 quae—sequuntur,
3007 5804 3504 5884 diversa'ejusdcm
3547 5804 3643 5876 ea?

2055 5877 2184 5944 pilis
2221 5876 2640 5936 Proverbitu'um
2662 5876 2934 5938 commata
2959 5876 3333 5942 commiscuit.
