4496 6588
414 523 509 579 96-!

1621 464 1641 485 ι
1706 519 2134 577 STROMATUM
2171 518 2294 573 LIB.
2333 519 2378 573 11

3560 522 3664 576 962

412 642 745 716 προφητείας
786 643 916 713 (19),
966 640 1089 694 οὔτε
1139 643 1239 713 τῆς
1286 642 1391 696 τῶν
1444 643 1746 696 ἀκουόντων
1801 643 1981 696 εὐπει-
2008 659 2055 712 Α
2082 643 2176 713 qui

1887 661 1981 696 ἐει-
2008 659 2055 712 Α
2082 643 2176 713 qui
2223 658 2343 697 eam
2394 643 2642 699 audiunt.
2675 642 2986 710 Quinetiam
3028 647 3194 703 aridae
3243 648 3494 715 festucre,
3539 664 3662 719 qua:

412 731 560 798 θείας
611 735 684 805 μὴ
727 731 1025 804 παρούσης.
1076 734 1183 787 Καὶ
1236 733 1342 805 γὰρ
1380 732 1447 786 τὰ
1484 735 1665 808 κάρφη
1710 733 1777 787 τὰ
1824 732 1982 805 ξηρὰ,

410 824 601 896 ἕτοιμα
639 824 769 877 ὄντα
800 823 1184 895 καταδέχεσθαι
1224 825 1322 895 τὴν
1358 823 1582 896 δύναμιν
1622 826 1720 897 τὴν
1763 842 1983 879 καυστι-

408 916 531 986 κὴν,
559 916 687 985 ῥᾷον
720 913 1026 977 ἐξάπτεται·
1057 917 1149 969 καὶ
1176 917 1208 985 ἡ
1235 913 1381 978 λίθος
1404 915 1508 984 (Ξο)
1536 918 1568 988 ἡ
1591 915 1981 988 θρυλλουμένη,

410 1005 555 1058 Ιἐλκει
580 1004 669 1056 τὸν
710 1005 921 1077 σίδηρον
946 1006 1033 1060 διὰ
1068 1005 1384 1074 συγγένειαν
1402 1023 1416 1035 '
1444 1006 1631 1080 ὥσπερ
1662 1007 1756 1060 καὶ
1786 1007 1846 1060 τὸ
1879 1007 1973 1061 δά-

409 1113 574 1167 κρυον
612 1096 672 1150 τὸ
697 1095 905 1167 σούχιον
940 1100 1239 1151 ἐπισπᾶται
1284 1096 1352 1149 τὰ
1375 1099 1576 1170 κάρψη,
1610 1098 1705 1152 καὶ
1735 1098 1795 1150 τὸ
1830 1097 1984 1169 ἠλεκ-

409 1205 536 1259 τρον
585 1188 684 1252 τὰς
737 1190 1008 1262 ἀχυρμιάς
1059 1191 1322 1243 ἀνακινεῖ.
1384 1190 1635 1244 Πείθεται
1695 1184 1751 1241 δὲ
1803 1190 1982 1254 αὐτοῖς

408 1280 478 1332 τὰ
522 1279 816 1349 ἑλκόμενα,
860 1284 1081 1354 ἀρρήτῳ
1121 1279 1387 1350 ἑλκόμενα
1440 1281 1745 1352 πνεύματι,
1775 1280 1872 1350 οὐχ
1905 1280 1981 1345 ὡς

410 1371 577 1433 αἴτια,
625 1371 737 1424 ἀλλ’
793 1374 864 1436 ὡς
914 1373 1180 1425 συναίτια.
1217 1371 1411 1426 Διπλοῦ
1456 1373 1635 1425 τοίνυν
1682 1370 1833 1434 ὄντος
1888 1372 1978 1424 τοῦ

409 1463 509 1533 τῆς
567 1464 762 1528 κακίας
805 1464 1005 1528 εἴδουςο
1067 1462 1164 1516 τοῦ
1233 1464 1363 1534 μὲν.
1426 1464 1561 1536 μετά
1623 1463 1837 1533 ἀπάτης
1889 1466 1980 1518 καὶ

409 1553 505 1606 τοῦ
555 1555 868 1620 λανθάνειν,
919 1553 1012 1607 τοῦ
1045 1553 1101 1606 δὲ
1146 1554 1282 1624 μετὰ
1332 1556 1448 1630 βίας
1505 1554 1730 1623 ἄγοντος
1765 1556 1856 1606 καὶ
1887 1555 1980 1623 φέ-

412 1662 596 1715 ροντος
615 1664 628 1676 ⁸
655 1648 683 1699 ό
722 1646 862 1709 θεῖος
897 1645 1066 1711 Λόγος
1120 1645 1357 1717 κέκραγε
1378 1686 1393 1709 ,
1424 1647 1632 1709 πάντας
1685 1644 1979 1716 συλλήϐδην

408 1757 615 1810 καλῶν·
675 1756 829 1819 εἰδὼς
889 1755 985 1826 μὲν
1044 1755 1137 1807 καὶ
1195 1756 1424 1825 μάλιστα
1460 1756 1587 1818 τοὺς
1632 1755 1704 1826 μὴ
1753 1755 1977 1827 πεισθη-

410 1846 708 1913 σομένους,
760 1846 910 1914 ὅμως
957 1844 1002 1896 δ’
1031 1840 1157 1908 οὖν,
1194 1846 1273 1899 ὅτι
1314 1849 1397 1915 ἐφ’
1430 1849 1562 1916 ἡμῖν
1603 1845 1662 1897 τὸ
1700 1846 1978 1899 πείθεσθαί

405 1956 465 1992 τε
513 1938 611 1990 καὶ
659 1937 757 2006 μὴ,
790 1934 866 1997 ὡς
924 1933 997 2005 μὴ
1052 1934 1195 2006 ἔχειν
1258 1937 1479 2003 ἄγνοιαν
1545 1936 1979 2005 προφασίσασθαί

2093 742 2221 791 sunt
2250 746 2447 806 parata:
2473 736 2540 790 ad
2568 736 2972 807 suscipiendam
2999 739 3139 809 ignis
3163 740 3295 804 vim,
3330 738 3543 795 facilius
3573 756 3663 796 ac-

2092 829 2434 895 cenduntur;
2479 837 2534 883 et
2564 828 2705 898 lapis
2751 830 2915 902 vulgo
2956 831 3255 889 celebratus
3299 831 3506 887 ferrum
3553 841 3660 886 tra-

2092 920 2169 973 hit
2200 925 2258 981 >14
2300 934 2514 990 propter
2577 929 2781 976 naturae
2849 924 3258 993 cognationem,
3312 932 3367 978 et
3423 923 3662 994 lacryma

2092 1012 2301 1067 succini
2352 1013 2581 1068 attrahit
2611 1011 2882 1083 festucas,
2934 1023 2990 1070 et
3033 1016 3295 1070 electrum
3351 1023 3662 1070 commovet

2090 1108 2296 1178 paleas.
2330 1108 2420 1164 Eis
2454 1118 2637 1164 autem
2672 1120 2882 1178 parent,
2935 1126 3059 1180 qua:
3093 1112 3417 1175 trahuntur,
3444 1112 3661 1167 occulto

2092 1199 2328 1269 quodam
2361 1201 2558 1270 spiritu
2599 1208 2769 1254 tracta
2796 1243 2811 1267 ,
2848 1218 2956 1256 non
2986 1210 3045 1255 ut
3079 1202 3406 1272 principales
3441 1219 3619 1259 causa:
3640 1244 3657 1271 ,

2091 1291 2187 1346 sed
2242 1299 2300 1346 ut
2354 1292 2699 1362 adjuvantes.
2734 1293 2868 1349 Cum
2902 1294 2974 1349 sit
3001 1309 3133 1363 ergo
3172 1294 3367 1362 duplex
3424 1294 3538 1348 vitii
3570 1310 3659 1365 ge-

2091 1397 2407 1436 nuszunum
2462 1383 2862 1453 quidem,quod
2903 1385 3029 1439 dolo
3080 1400 3181 1438 nos
3221 1399 3272 1437 et
3311 1385 3658 1450 clanculum;

2090 1472 2319 1525 alterum
2349 1484 2528 1527 autem
2547 1514 2562 1538 ,
2592 1473 2739 1541 quod
2776 1483 2958 1542 aperta
2985 1475 3035 1527 vi
3068 1475 3384 1545 aggreditur
3403 1485 3457 1529 et
3484 1477 3659 1546 rapit;

2088 1560 2306 1615 divinus
2322 1562 2498 1631 Logos
2528 1563 2802 1626 clamavit,
2831 1579 3017 1620 omnes
3046 1566 3208 1620 simul
3236 1581 3474 1631 vocans;
3503 1577 3556 1622 et
3590 1568 3660 1622 li-

2089 1662 2175 1706 cet
2206 1668 2298 1705 eos
2348 1655 2651 1709 certissime
2679 1655 2922 1721 noverit,
2955 1644 3048 1726 qui
3090 1674 3198 1713 non
3232 1668 3359 1712 sunt
3388 1660 3619 1729 pan-ituri
3640 1704 3657 1729 ,

2088 1755 2298 1808 tamen,
2345 1746 2603 1812 quoniam
2640 1746 2802 1817 160
2849 1747 2901 1800 in
2933 1758 3119 1802 nostra
3176 1759 3446 1818 potestate,
3490 1754 3655 1810 situm

2086 1842 2190 1899 est,
2225 1843 2405 1887 utrum
2431 1852 2714 1905 pareamus
2737 1881 2752 1902 ,
2782 1853 2971 1901 necne,
3003 1854 3070 1893 ne
3085 1838 3211 1909 quis
3236 1843 3411 1908 possit
3442 1845 3658 1900 causari

2086 1935 2406 1997 prmtextum
2458 1930 2804 1999 ignorantiae,
2862 1931 3071 2001 justam
3119 1930 3247 1986 fecit
3282 1924 3658 2007 vocationem,

403 2045 593 2090 τινας,
660 2024 871 2078 δικαίαν
933 2027 1032 2099 τὴν
1094 2027 1287 2096 κλῆσιν
1361 2025 1682 2095 πεποίηται,
1733 2026 1794 2078 τὸ
1846 2027 1983 2079 κατὰ
2017 2016 2057 2072 Β
2087 2028 2142 2073 ει

1882 2027 1983 2079 ατὰ
2017 2016 2057 2072 Β
2087 2028 2142 2073 et
2190 2019 2335 2089 quod
2380 2030 2639 2088 praestare
2696 2033 2926 2091 possunt
2987 2024 3421 2094 uniuscujusque
3481 2027 3656 2094 vires,

404 2117 635 2186 δύναμιν
689 2115 746 2168 δὲ
807 2115 1037 2169 ἑκάστου
1091 2116 1313 2170 ἀπαιτεῖ
1360 2115 1494 2185 (21).
1555 2116 1678 2177 Τοῖς
1741 2115 1836 2184 μὲν
1871 2115 1979 2186 γὰρ

405 2207 542 2279 ὁμοῦ
589 2206 668 2277 τῷ
720 2207 893 2261 θέλειν
960 2208 1053 2261 καὶ
1112 2211 1174 2261 τὸ
1238 2206 1498 2259 δύνασθαι
1557 2207 1846 2277 πάρεστιν,
1918 2207 1981 2257 ἐκ

408 2299 792 2368 συνασκήσεως
832 2299 1094 2371 ηὐξηκόσι
1154 2298 1311 2353 τοῦτο
1370 2299 1525 2368 (22),
1583 2300 1676 2352 καὶ
1710 2298 1983 2369 κεκαθαρ⁴

408 2391 626 2463 μένοις*
671 2392 719 2442 oi
752 2389 846 2453 δὲ,
899 2392 945 2443 εἰ
990 2391 1083 2444 καὶ
1131 2392 1295 2462 μήπω
1339 2390 1628 2453 δύνανται,
1677 2389 1737 2442 τὸ
1799 2388 1975 2459 βούλε-

407 2484 530 2540 σθαι
584 2484 683 2556 ἤδη
739 2484 976 2554 ἔχουσιν.
1042 2486 1239 2557 Ἔργον
1297 2486 1352 2538 δὲ
1412 2486 1473 2538 τὸ
1529 2487 1627 2555 μὲν
1696 2483 1980 2555 βούλεσθαι

403 2576 615 2646 ψυχῆς,
655 2575 715 2627 τὸ
762 2576 1021 2645 πράττειν
1069 2575 1159 2638 δὲ,
1215 2577 1315 2628 οὐκ
1366 2576 1491 2629 ἄνευ
1548 2576 1816 2646 σώματος.
1846 2573 1980 2627 Οὐδὲ

408 2664 515 2738 μὴν
569 2663 647 2736 τῷ
690 2664 831 2719 τέλει
866 2665 1299 2736 παραμετρεῖται
1349 2663 1492 2733 μόνῳ
1530 2662 1599 2714 τὰ
1640 2663 1975 2734 πράγματα,

403 2756 541 2810 ἀλλά
605 2758 696 2810 καὶ
770 2759 836 2827 τῇ
908 2756 1138 2809 ἑκάστου
1205 2753 1446 2824 κρίνεται
1526 2752 1871 2823 προαιρέσει,
1932 2750 1980 2801 εἰ

410 2850 606 2922 ῥᾳδίως
674 2849 877 2911 είλετο,
950 2850 997 2901 εἰ
1047 2849 1131 2916 ἐφ’
1181 2841 1264 2909 οἷς
1319 2847 1566 2917 ἥμαρτεν
1630 2844 1977 2915 μετενόησεν,

407 2944 456 2993 εί
506 2940 718 2993 σύνεσιν
770 2940 957 2994 ἔλαϐεν
1026 2938 1111 3007 ἐφ’
1178 2932 1260 3000 οἷς
1320 2937 1612 2998 ἔπταισεν,
1667 2936 1761 2988 καὶ
1827 2934 1982 3005 μετέ-

406 3047 553 3099 γνω,
588 3032 722 3101 ὅπερ
772 3031 919 3094 ἐστὶ,
961 3030 1111 3099 μετὰ
1160 3029 1347 3083 ταῦτα
1394 3028 1580 3097 ἔγνω’
1620 3026 1840 3102 βραδεῖα
1875 3027 1982 3097 γὰρ

405 3121 606 3189 γνῶσις
660 3122 949 3192 μετάνοια·
998 3121 1196 3189 γνῶσις
1259 3121 1317 3174 δὲ
1388 3121 1420 3191 ἡ
1482 3118 1673 3191 πρώτη
1735 3119 1984 3188 ἀναμαρ-

404 3213 585 3282 τησία.
651 3214 894 3276 Πίστεως
942 3208 1033 3265 οὖν
1105 3213 1196 3264 καὶ
1253 3214 1285 3282 ἡ
1368 3211 1630 3280 μετάνοια
1704 3207 1983 3279 κατόρθω-

409 3321 520 3374 μα*
591 3304 684 3358 ἐὰν
740 3305 848 3376 γάρ
915 3303 1013 3377 μὴ,
1050 3304 1314 3375 πιστεύσῃ
1367 3302 1670 3373 ἁμάρτημα
1724 3297 1863 3353 εἶναι
1931 3293 1976 3367 ᾧ

405 3395 827 3467 προκατεὶχετο,
899 3395 1021 3448 οὐδὲ
1089 3395 1488 3465 μεταθήσεται’
1559 3392 1661 3446 κᾶν
1747 3392 1820 3463 μὴ
1884 3409 1975 3443 πι-

406 3487 637 3560 στεύσῃ,
705 3487 923 3540 κόλασιν
965 3487 1063 3557 μὲν
1095 3485 1432 3556 ἐπηρτῆσθαι
1476 3483 1553 3554 τῷ
1590 3481 1972 3553 πλημμελοῦνο

401 3598 488 3643 τι,
558 3582 827 3652 σωτηρίαν
886 3581 942 3634 δὲ
996 3578 1074 3649 τῷ
1122 3579 1259 3632 κατά
1319 3578 1417 3642 τὰς
1471 3577 1689 3640 ἐντολάς
1732 3575 1970 3646 βιοῦντι,

401 3674 509 3726 οὐδ’
567 3672 709 3726 οὕτω
767 3673 1169 3744 μεταϐαλεῖται.
1235 3670 1369 3741 Ἤδη
1426 3670 1481 3723 δὲ
1540 3670 1633 3722 καὶ
1712 3670 1746 3739 ἡ
1818 3667 1973 3730 ἐλπὶς

403 3768 468 3818 ὲκ
521 3765 756 3827 πίστεως
821 3764 1166 3834 συνέστηκεν.
1237 3760 1534 3832 Ὀρίζονται
1584 3759 1713 3828 γοῦν
1760 3762 1809 3812 οἱ
1866 3760 1972 3813 ἀπὸ

403 3856 740 3919 Βασιλείδους
771 3856 869 3925 τὴν
903 3856 1116 3917 πίστιν,
1163 3853 1341 3923 ψυχῆς
1401 3850 1794 3919 συγκατάθεσιν
1837 3850 1972 3923 πρός

400 3966 455 4002 τι
486 3947 595 4000 τῶν
654 3947 727 4017 μὴ
789 3945 1080 3998 κινούντων
1138 3944 1421 4015 αἴσθησιν,
1480 3944 1566 3996 διὰ
1617 3943 1676 3995 τὸ
1729 3943 1802 4013 μὴ
1864 3961 1970 3995 πα·

407 4042 574 4111 ρεῐναι
667 4038 850 4100 Ἐλπὶς
913 4036 967 4088 δὲ
1035 4034 1327 4103 προσδοκία
1413 4036 1657 4105 κτήσεως
1745 4035 1969 4103 ἀγαθοῦ.

403 4128 606 4199 Πιστὴν
665 4128 721 4182 δὲ
781 4128 993 4195 ἀνάγκη
1038 4125 1134 4195 τὴν
1194 4125 1517 4194 προσδοκίαν
1571 4121 1725 4177 εἶναι.
1777 4126 1973 4188 Πιστὸς

401 4218 458 4272 δὲ
486 4221 514 4271 ό
573 4215 937 4287 ἀπαραϐάτως
990 4213 1284 4285 τηρητικὸς
1328 4211 1435 4264 τῶν
1492 4213 1967 4284 ὲγχειρισθέντωψ

402 4309 797 4381 ἐγχειρίζονται
850 4306 906 4359 δὲ
937 4308 1069 4376 ἡμῖν
1102 4306 1150 4356 οἱ
1207 4304 1333 4374 περὶ
1377 4302 1511 4356 Θεοῦ
1561 4303 1739 4371 λόγοι,
1776 4305 1868 4357 καὶ
1920 4307 1967 4361 οἱ

402 4400 536 4453 θεῖοι
596 4401 776 4468 λόγοι,
829 4399 882 4452 αἱ
937 4396 1146 4450 ἐντολαὶ
1191 4395 1325 4464 (25),
1365 4395 1460 4447 σὺν
1505 4395 1570 4463 τῇ
1627 4392 1967 4462 καταπράξει

401 4492 509 4546 τῶν
577 4491 1068 4563 παραγγελμάτων.
1142 4480 1307 4550 Οὗτός
1364 4487 1508 4539 ἐστιν
1560 4487 1593 4538 ὁ
1654 4483 1871 4549 δοῦλος
1934 4487 1966 4537 ὀ

404 4586 652 4650 πιστὸς,
711 4588 739 4639 ό
795 4584 929 4655 πρὸς
975 4581 1068 4634 τοῦ
1099 4581 1301 4651 Κυρίου
1348 4578 1751 4646 ἐπαινούμενος.
1796 4575 1964 4630 Ἑπάν

2081 2111 2269 2180 exigit.
2300 2109 2587 2166 Nonnullis
2615 2116 2757 2167 enim
2784 2115 2945 2167 simul
2971 2116 3123 2170 adest
3145 2124 3200 2170 et
3225 2117 3360 2171 velle
3381 2125 3435 2170 et
3464 2134 3654 2187 posse;

2083 2208 2143 2254 ut
2192 2202 2289 2268 iis,
2322 2204 2414 2272 qui
2465 2218 2563 2272 per
2616 2204 3060 2259 exercitationem
3102 2222 3168 2259 eo
3201 2209 3570 2276 pervenerint,
3598 2221 3655 2264 et

2082 2291 2295 2360 purgati
2331 2291 2458 2345 sint.
2486 2290 2589 2345 Alii
2620 2300 2798 2346 autem
2822 2332 2836 2357 ,
2873 2292 2973 2346 etsi
2998 2293 3239 2347 nondum
3271 2304 3520 2362 possunt,
3541 2295 3653 2364 jam

2084 2392 2262 2435 tamen
2293 2382 2493 2436 habent
2545 2383 2703 2440 velle.
2738 2382 2835 2438 Est
2870 2393 3052 2438 autem
3091 2384 3227 2438 velle
3257 2386 3475 2454 quidem
3532 2402 3655 2439 mu-

2086 2486 2188 2525 nus
2221 2471 2448 2538 animae;
2498 2489 2658 2543 agere
2716 2486 2901 2529 autem
2955 2491 3063 2529 non
3111 2476 3230 2530 sine
3276 2492 3520 2546 corpore.
3550 2476 3658 2531 Ne-

2086 2576 2192 2630 que
2232 2576 2361 2616 vero
2405 2563 2554 2618 solus
2606 2563 2727 2618 ﬁnis
2778 2580 2867 2618 res
2901 2565 3200 2631 diinetitur,
3238 2567 3331 2620 sed
3369 2582 3447 2621 eae
3488 2569 3651 2622 etiam

2084 2653 2520 2723 uniuscujusque
2553 2654 2817 2709 electione
2849 2654 3224 2724 dijudicantur
3248 2675 3261 2711 :
3288 2657 3334 2712 si
3366 2656 3524 2712 facile
3545 2658 3659 2713 clo-

2082 2745 2178 2812 git,
2208 2744 2254 2797 si
2293 2754 2641 2813 peccatorum
2676 2760 2899 2800 suorum
2935 2747 3133 2800 ductus
3164 2755 3249 2801 est
3299 2747 3653 2815 paenitentia,

2081 2835 2124 2887 si
2179 2843 2398 2904 propter
2430 2851 2529 2901 ea,
2579 2836 2632 2889 in
2673 2837 2876 2905 quibus
2912 2838 3095 2906 lapsus
3145 2847 3262 2905 est,
3291 2853 3415 2890 eum
3440 2854 3653 2891 rcnmr-

2080 2925 2168 2978 det
2207 2926 2574 2991 conscientia,
2607 2935 2660 2980 et
2690 2941 2932 2981 errorem
2968 2928 3311 2997 recognovit,
3345 2928 3490 2997 quod
3532 2939 3651 2994 est,

2080 3030 2258 3089 postea
2300 3020 2584 3086 cognovit:
2619 3027 2703 3073 est
2745 3019 2892 3073 enim
2956 3021 3109 3073 tarda
3169 3022 3412 3088 cognitio
3475 3022 3651 3090 νωιιί-

2081 3111 2249 3164 tentia
2290 3111 2571 3179 :cognitio
2641 3120 2822 3164 autem
2904 3121 2989 3166 est
3035 3112 3345 3167 innocentia
3394 3113 3464 3167 ab
3529 3115 3652 3184 ipso

2081 3203 2369 3272 principio.
2401 3201 2550 3255 Fidei
2579 3217 2709 3271 ergo
2733 3218 2870 3271 opus
2891 3210 2975 3257 est
2998 3203 3336 3267 ptenitentia.
3364 3201 3480 3259 Nisi
3503 3206 3649 3259 enim

2082 3295 2374 3349 crediderit
2401 3309 2525 3349 esse
2550 3303 2851 3362 peccatum,
2885 3308 2995 3363 quo
3032 3294 3184 3364 prius
3224 3297 3546 3361 tenebatur,
3580 3298 3650 3353 ab

2079 3402 2145 3440 eo
2174 3402 2279 3439 non
2312 3385 2680 3439 dimovebitur
2711 3401 2725 3438 :
2761 3394 2815 3438 et
2838 3386 2940 3439 nisi
2967 3385 3289 3448 crediderit,
3322 3387 3373 3440 ei
3405 3389 3650 3456 quidem,

2078 3479 2169 3548 qui
2195 3477 2486 3546 delinquit,
2529 3475 2845 3545 impendere
2874 3477 3200 3546 supplicium
3228 3493 3242 3530 :
3279 3490 3523 3546 paratam
3552 3496 3651 3534 au-

2078 3579 2183 3624 tem
2214 3585 2335 3624 csse
2369 3569 2599 3623 salutem
2625 3568 2696 3633 ei,
2731 3567 2824 3637 qui
2846 3584 2911 3622 ex
2939 3568 3220 3638 praeceptis
3253 3570 3405 3635 vivit,
3456 3587 3522 3625 ne
3569 3574 3648 3628 sic

2076 3661 2296 3731 quidem
2352 3659 2673 3714 mutabitur.
2718 3656 2836 3711 Jam
2877 3668 3057 3714 autem
3104 3675 3228 3727 spes
3267 3676 3485 3731 quoque
3517 3679 3648 3717 eon-

2079 3749 2220 3805 sistit
2247 3765 2314 3805 ex
2348 3750 2471 3803 lide.
2510 3747 2786 3803 Detiniunt
2816 3749 2998 3819 itaque
3024 3749 3184 3804 fidem
3218 3760 3515 3807 sectatores
3534 3752 3642 3809 Ba-

2079 3843 2285 3907 silidis,
2334 3842 2532 3896 animae
2586 3842 2963 3895 assensionem
3016 3841 3180 3896 alicui
3244 3857 3436 3898 eorum
3525 3862 3649 3915 quae

2081 3949 2298 3988 sensum
2335 3949 2441 3985 non
2478 3940 2717 3996 movent,
2770 3940 3053 4000 propterea
3091 3932 3237 4002 quod
3276 3949 3384 3987 non
3422 3934 3642 3991 adsunt.

2085 4026 2220 4096 Spes
2251 4035 2430 4080 autem
2460 4034 2544 4080 est
2572 4026 2726 4079 bona:
2758 4025 3120 4093 possessionis
3163 4027 3519 4094 exspectatio.
3557 4028 3646 4082 Fi-

2079 4117 2250 4171 delem
2278 4125 2455 4170 autem
2482 4130 2701 4168 necesse
2723 4124 2804 4167 est
2827 4129 2948 4167 esse
2976 4116 3457 4181 exspectationem.
3487 4116 3645 4173 Fide-

2074 4208 2142 4263 lis
2165 4217 2350 4261 autem
2387 4215 2491 4271 cst,
2524 4205 2615 4274 qui
2652 4203 2784 4258 citra
2824 4204 3310 4273 transgressionem
3347 4222 3410 4262 ea
3438 4219 3639 4276 servat,

2072 4314 2194 4367 qua:
2218 4307 2345 4353 sunt
2364 4297 2413 4352 ei
2447 4296 2664 4351 tradita.
2697 4294 2865 4350 Nobis
2888 4303 3069 4355 autem
3097 4297 3408 4364 traduntur,
3425 4315 3547 4369 quae
3572 4300 3640 4354 de

2073 4390 2184 4444 Deo
2215 4392 2493 4453 dicuntur,
2511 4400 2564 4443 et
2580 4389 2741 4442 verba
2755 4388 2956 4451 divina,
2987 4404 3178 4456 nempe
3202 4389 3481 4455 mandata,
3514 4405 3639 4446 cum

2069 4482 2414 4535 exsecutione
2468 4490 2880 4549 praeceptorum.
2922 4479 3019 4533 llic
3059 4488 3140 4534 est
3161 4496 3340 4534 servus
3377 4482 3550 4549 ﬁdelis
3585 4494 3637 4549 ι,

2069 4574 2159 4643 qui
2195 4571 2449 4626 laudatur
2484 4586 2513 4623 a
2548 4569 2794 4624 Domino.
2817 4572 2952 4625 Cum
2981 4582 3161 4626 autem
3183 4572 3404 4643 dixerit,
3431 4574 3636 4631 Fidelis

476 4769 535 4826 ὦ
569 4759 627 4813 Ρ.
658 4759 764 4813 445
808 4757 917 4813 ED.
953 4755 1243 4812 POTTER.
1282 4753 1511 4809 570-37!
1568 4754 1677 4810 ΕΙ).
1726 4754 1947 4810 PARIS.
2024 4768 2050 4797 δ
2086 4753 2251 4810 Matth

1061 4755 1243 4810 ['TER.
1282 4753 1511 4809 570-37]
1568 4754 1677 4810 ΕΟ.
1726 4754 1947 4810 PARIS.
2024 4768 2050 4797 τι
2086 4748 2721 4820 Mattii.xx1v,45;xxv,
2745 4753 2836 4807 21.

476 4918 584 4992 (19)
626 4915 934 4992 οὔτεμμὴις
964 4932 1063 4983 πρ.
1124 4913 1286 4992 Forte
1310 4914 1615 4992 _leg_endu_r_n
1638 4955 1652 4978 ,
1689 4913 1835 4992 oili-cs
1860 4916 1967 4987 μὴν

404 4983 735 5067 πρὸφητεὲας
775 4983 960 5067 ᾇντισξς
1003 5002 1084 5067 ἐις
1103 5025 1118 5050 ,
1147 4986 1244 5067 τῆς
1269 4983 1375 5038 τῶν
1387 4983 1724 5067 _dx.,alioqui
1749 4986 1837 5065 vel
1862 4983 1970 5067 'ch

405 5054 748 5149 pitn'ge'pdum
766 5054 929 5149 nistud
973 5054 1122 5120 οὔτε,
1154 5057 1237 5109 vel
1281 5055 1547 5128 genitivus
1595 5054 1794 5124 aliquis
1841 5064 1967 5126 post

398 5126 547 5191 illud
564 5133 732 5185 deest.
766 5126 1029 5181 SYLBUBG.

477 5202 691 5276 (20)}11
717 5200 903 5276 λίθος.
941 5195 1079 5276 Quid
1111 5208 1216 5276 est_,
1249 5215 1347 5254 cur
1378 5195 1652 5276 [let-aclius
1681 5194 1820 5263 lapis
1856 5193 1965 5276 fer-

403 5267 525 5329 rum
555 5267 619 5327 ad
650 5286 708 5327 se
736 5269 931 5327 trahat,
969 5267 1157 5338 ingens
1195 5270 1334 5338 inter
1359 5267 1821 5338 physicospugua
1841 5275 1960 5338 gest.

400 5345 641 5399 Galenus
692 5340 828 5410 Περὶ
847 5334 1182 5407 στοιχείων,
1206 5337 1299 5410 ,β’;
1329 5334 1533 5410 (licetin
1569 5335 1675 5410 γάρ
1712 5334 1794 5410 τίς
1836 5336 1952 5388 ἐστι

401 5414 628 5485 ῥύναμις
682 5405 899 5485 ἑλκτικῇ
937 5405 1044 5485 των
1073 5408 1325 5485 -οίκείων,
1356 5405 1570 5485 ἑκάστῳ
1590 5405 1715 5485 ἑτῶν
1763 5405 1951 5485 ὄντων,

400 5475 677 5556 ὥσπερέν
704 5485 769 5553 τῇ
802 5475 1029 5556 λίθιρῄτῇ
1073 5478 1364 5556 Ἡρακλείᾳ
1405 5478 1509 5556 τοῆ
1532 5475 1768 5556 σιδήρου.
1835 5475 1956 5530 Cle-

400 5546 1097 5617 ηιειιεἈιθιίιιίιιι.,’ἕλκειν
1121 5546 1211 5602 τὸν
1241 5546 1456 5617 σίδηρον
1483 5548 1571 5602 διά
1604 5546 1915 5616 συγγένειαν
1935 5562 1948 5576 ·

398 5621 712 5694 Gregorius.
741 5622 964 5694 ἀρρήτῳ
993 5621 1088 5694 τῇς
1118 5619 1328 5694 φύσεως
1357 5618 1484 5694 βίαο.
1502 5619 1593 5694 alii
1613 5661 1628 5683 ,
1655 5618 1953 5687 ἀποφοραῖς

397 5688 830 5762 πνευματώδεσι,
863 5688 995 5747 teste
1023 5688 1312 5762 Plutarcho
1345 5688 1367 5740 ε’
1392 5688 1615 5758 quidam
1654 5698 1950 5762 magnetem

397 5759 604 5815 ferrum
652 5772 905 5831 appetere
958 5770 1211 5833 tanquam
1246 5759 1449 5833 cibum,
1482 5774 1593 5833 quo
1621 5759 1785 5813 vitam
1828 5771 1952 5833 sus-

395 5838 606 5891 tentet,
660 5828 832 5901 eaque
879 5828 1086 5902 lapides
1135 5828 1451 5902 oinncs_via
1482 5830 1684 5902 vivere,
1724 5829 1955 5902 probare

398 5917 505 5955 non
537 5897 758 5975 cessant
796 5897 951 5975 :_nos
981 5905 1046 5974 τῇ
1081 5901 1302 5975 ἀρρήτῳ
1338 5897 1580 5975 ἰδιότητι,
1618 5899 1669 5952 id
1714 5897 1828 5975 fieri
1857 5913 1956 5967 pu-

397 5982 595 6025 tamus.
635 5968 916 6026 Nonnulla:
949 5968 1425 6044 pori'ci'pltit'esqtte
1471 5968 1779 6038 hujusmodi
1833 5984 1955 6023 sen-

2066 4914 2265 4978 tentiae,
2297 4928 2434 4983 quas
2465 4910 2669 4967 referre
2697 4913 2861 4983 piget,
2892 4913 3129 4983 indignae
3163 4921 3310 4975 sunt,
3341 4927 3463 4983 quae
3489 4911 3635 4966 refu-

2067 4994 2268 5050 tentur,
2298 4982 2496 5054 praeter
2525 4998 2685 5037 unam
2717 4982 2928 5050 Galeni,
2968 4982 3058 5038 cui
3086 4984 3313 5054 succinit
3341 4982 3628 5054 Clemens:

2065 5071 2186 5126 quae
2233 5051 2354 5108 ideo
2398 5053 2529 5126 mihi
2574 5068 2680 5105 non
2712 5052 3118 5126 arridet,quod
3160 5051 3422 5126 permulta
3452 5053 3634 5107 varias

2065 5124 2153 5182 res
2187 5126 2253 5181 ad
2302 5140 2360 5179 se
2390 5124 2667 5194 derivent,
2715 5137 2839 5177 cum
2876 5124 3251 5194 quibusrnulla
3282 5131 3365 5194 est
3404 5137 3634 5190 prorsus

2066 5196 2380 5266 συγγένεια·
2408 5208 2544 5266 quae
2585 5192 2731 5266 enim
2784 5190 3267 5266 rhaharhari‘cum
3316 5190 3454 5266 [lava
3506 5194 3632 5253 bile.

2065 5260 2414 5347 ειυιεζειπίεί
2440 5260 2580 5347 ὀυιξι
2600 5264 2804 5344 Pituita
2840 5260 3139 5347 οἰκειότηςὲ
3170 5261 3277 5315 ³¹ί³
3314 5263 3448 5347 ⁵ί¹9⁰
3466 5281 3488 5347 5
3513 5278 3636 5342 “‘-"”

2061 5332 2275 5392 s‘uccini
2317 5350 2438 5390 cum
2475 5332 2670 5401 paleis,
2707 5351 2826 5403 qua:
2870 5333 3175 5403 adamantis
3204 5348 3329 5386 cum
3380 5332 3624 5403 festuCis,

2059 5424 2183 5478 qua:
2205 5406 2398 5478 plantae
2433 5402 3166 5478 cujusdam’cutnsanguine
3195 5416 3341 5478 eum,
3380 5402 3632 5478 ut__t_radit

2061 5472 2177 5548 ipse
2206 5472 2760 5548 'Galcnustelicientis
2807 5472 3076 5527 allinitas?
3100 5472 3378 5534 Brodaeus,
3417 5472 3621 5527 Μίεσει.

2060 5544 2151 5603 lib.
2186 5565 2268 5613 ιιι,
2301 5561 2418 5615 cap.
2458 5544 2552 5600 29.
2590 5546 2848 5601 Cettecr.

2129 5640 2241 5709 (21)
2276 5638 2341 5697 Τὸ
2368 5639 2516 5692 κατὰ
2539 5639 2595 5692 δ.
2628 5679 2642 5692 .
2682 5675 2698 5692 .
2733 5678 2747 5691 .
2778 5636 3030 5692 ἀπαιτεῖ.
3056 5636 3269 5691 Lowth.
3308 5633 3514 5689 mavult
3551 5634 3632 5706 τῷ

2056 5711 2201 5765 κατὰ
2220 5712 2266 5764 ό.
2296 5753 2309 5765 .
2347 5750 2360 5763 .
2401 5749 2414 5762 .
2456 5710 2729 5764 ἀπαιτεῖν.

2131 5804 2243 5873 (22)
2280 5801 2477 5856 Τοῦτο.
2514 5800 2679 5857 Forte
2727 5800 2804 5863 εἰς
2834 5798 3012 5854 τοῦτο.

2132 5896 2245 5965 (“2.3)
2299 5894 2401 5950 Καὶ
2445 5893 2847 5961 οἱθεῖοιλότοι
2901 5896 2962 5948 at
2994 5893 3189 5947 ἐντολ.
3241 5888 3308 5944 11.
3351 5904 3458 5945 ms.
3482 5888 3633 5960 λόγοι

2060 5968 2153 6025 καὶ
2184 5969 2239 6020 αἱ
2263 5966 2399 6019 θεῖαι
2430 5965 2600 6018 ὲντολ.
2639 5965 2900 6018 Suntne.
3687 5993 3701 6003 κ
