4496 6588
378 503 481 559 973

1671 498 2100 556 STROMATUM
2138 498 2268 553 LIB.
2304 495 2370 552 ll.

3528 501 3629 552 9M

384 627 449 677 '0
488 625 581 677 καὶ
626 619 857 692 προϊδὼν
891 618 1092 671 ἀνωθεν
1126 620 1155 672 6
1195 620 1460 674 παιδεύων
1486 616 1678 683 Λόγος,
1706 615 1952 686 ἐκατέρῳ
1980 626 2021 676 Α
2055 614 2159 686 M0}

1864 616 1952 686 ἱρῳ
1980 626 2021 676 Α
2055 614 2273 686 Moysen
2325 613 2483 666 datus
2509 620 2591 666 est
2613 612 2699 677 iis,
2731 613 2822 680 qui
2859 628 2962 666 non
2996 612 3278 676 obediunt,
3306 622 3358 666 et
3388 612 3478 682 qui
3503 622 3639 670 sunt

378 715 484 769 τῶν
533 713 747 784 τρόπων
804 708 1177 783 ἐκκαθαίρων,
1228 711 1442 772 οἰκείως
1502 709 1581 769 εἰς
1637 704 1949 757 Θεοσέϐειαν

376 808 619 876 ἥρμοσεν
666 801 914 872 ὄργανον.
972 804 1126 857 Ἐστι
1189 804 1290 874 μὲν
1337 797 1430 853 οὖν
1476 800 1509 866 ή
1548 797 1643 867 μὲν
1691 794 1948 866 ἔκπληξις

379 896 542 966 φόϐος
576 894 640 945 ἐκ
666 894 963 961 φαντασίας
1002 896 1323 966 ἀσυνήθους,
1356 892 1389 961 ἢ
1438 888 1522 940 ἐπ’
1562 886 1949 959 ἀπροσδοκήτῳ

379 987 668 1057 φαντασίᾳ,
703 987 796 1040 ἆτε
822 990 913 1042 καὶ
956 988 1242 1058 ἀγγελίας·
1276 983 1439 1053 φόϐος
1463 981 1540 1045 δὲ,
1567 980 1643 1043 ὼς
1682 980 1946 1049 γεγονότι,

377 1078 410 1146 ἢ
438 1077 571 1139 δντι,
604 1078 636 1147 ἦ
664 1078 773 1148 (53)
807 1078 1177 1151 θαυμασιότης
1209 1072 1635 1144 ὑπερϐάλλουσα.
1684 1071 1756 1122 Οὺ
1794 1087 1949 1124 συνο-

382 1169 511 1241 ρῶσι
545 1170 720 1224 τοίνυν
758 1172 981 1243 ἐμπαθῆ
1024 1175 1347 1239 ποιήσαντες
1380 1165 1445 1217 δι’
1476 1161 1787 1234 ἐκπλήξεως
1812 1203 1825 1228 9
1858 1164 1949 1217 τὸν

380 1261 636 1330 μέγιστον
686 1264 779 1317 καὶ
818 1264 955 1335 πρὸς
1004 1260 1181 1315 αὐτῶν
1221 1255 1621 1327 ἀνυμνούμενον
1655 1253 1818 1320 Θεὸν,
1857 1257 1950 1308 καὶ

377 1355 481 1427 πρό
509 1374 572 1426 γε
616 1359 713 1429 τῆς
755 1356 1069 1427 ἐκπλήξεως
1103 1355 1160 1404 έν
1199 1349 1391 1421 ἀγνοίᾳ
1437 1348 1744 1419 γενόμενον.
1792 1349 1852 1400 ΕΞ
1883 1349 1947 1420 δὴ

373 1448 565 1517 ἄγνοια
597 1449 939 1522 προωτῆρξε
980 1447 1081 1515 τῆς
1131 1443 1479 1513 ἐκπλήξεως,
1514 1443 1561 1493 εί
1604 1440 1646 1493 δ’
1681 1443 1712 1512 ή
1744 1441 1947 1512 ἔκπλη-

376 1541 456 1607 ξις
488 1545 582 1597 καὶ
613 1547 641 1598 6
677 1544 839 1613 φόϐος
886 1540 1027 1613 ἁρχὴ
1076 1538 1267 1606 σοφίας
1301 1536 1463 1605 φόϐος
1491 1535 1583 1588 τοῦ
1628 1535 1760 1589 Θεοῦ
1793 1536 1951 1605 γεγέ-

372 1653 562 1705 νηται,
594 1634 893 1688 κινδυνεύει
944 1633 1042 1701 τῆς
1073 1647 1133 1682 τε
1184 1630 1376 1697 σοφίας
1423 1626 1516 1679 τοῦ
1550 1626 1681 1679 Θεοῦ
1725 1630 1817 1681 καὶ
1850 1628 1950 1697 τῆς

372 1731 723 1800 κοσμοποιίας
757 1726 1006 1793 ἁπάσης,
1041 1721 1174 1775 ἀλλὰ
1204 1721 1297 1774 καὶ
1330 1722 1427 1791 τῆς
1460 1720 1951 1782 ἀποκαταστάσεως

371 1822 538 1891 αύτξς
585 1821 683 1889 τῆς
733 1815 960 1886 ἐκλογῆς
1008 1815 1117 1885 (56)
1171 1815 1361 1882 ἄγνοια
1414 1816 1811 1887 προκατάρχειν
1864 1817 1949 1869 αἱ-

369 1910 582 1981 τιώδης.
622 1910 855 1979 Πότερον
889 1902 981 1959 οὖν
1010 1908 1116 1958 τῶν
1150 1906 1329 1958 καλῶν
1357 1905 1387 1975 ἦ
1417 1907 1630 1974 φαύλων
1658 1911 1690 1979 ή
1722 1908 1946 1975 ἄγνοια;

382 2002 517 2054 Ἀλλ’
550 2004 598 2053 εἰ
640 2002 737 2071 μὲν
766 1998 873 2051 τῶν
906 1997 1106 2058 καλῶν,
1148 1998 1199 2049 τί
1246 1996 1479 2049 παύεται
1528 1998 1823 2069 ἐκπλήξει;
1860 1998 1953 2050 καλ⁴
1988 1989 2026 2041 Β

370 2090 629 2161 παρέλκει
663 2090 690 2141 6
722 2088 968 2150 διάκονος
1015 2087 1199 2149 αὐτοῖς
1231 2090 1325 2139 καὶ
1356 2087 1416 2139 τὸ
1464 2089 1723 2158 κήρυγμα
1755 2088 1847 2141 καὶ
1886 2088 1946 2140 τὸ

372 2183 681 2252 βάπτισμα’
726 2183 772 2233 εί
805 2180 860 2233 δὲ
903 2180 1010 2233 τῶν
1045 2179 1290 2249 φαύλων,
1341 2179 1459 2243 πῶς
1504 2180 1611 2232 τῶν
1646 2181 1946 2233 καλλίστων

370 2277 537 2328 αἴτιον
588 2274 648 2326 τὸ
698 2274 899 2337 κακόν;
935 2274 997 2325 Ei
1035 2273 1108 2343 μὴ
1156 2273 1265 2344 γὰρ
1316 2274 1669 2344 προϋπῆρχεν
1719 2275 1944 2342 ἄγνοια,

368 2370 467 2420 οὐκ
496 2367 560 2420 ἂν
590 2369 618 2420 ὁ
648 2366 892 2428 διάκονος
940 2365 1233 2435 κατῆλθεν·
1277 2365 1383 2418 ούδ’
1419 2365 1483 2420 ἂν
1535 2365 1794 2436 ἔκπληξις
1836 2350 1947 2417 εἷλε

368 2461 457 2514 τὸν
506 2462 806 2532 Ἄρχοντα.
849 2460 924 2521 ὡς
969 2458 1120 2510 αὐτοὶ
1172 2458 1454 2527 λέγουσιν’
1516 2459 1625 2511 οὐδ’
1658 2458 1722 2511 ειν
1775 2458 1947 2529 ἀρχὴν

370 2552 559 2622 σοφίας
605 2554 668 2604 ὲκ
709 2549 803 2603 τοῦ
846 2550 1007 2618 φόϐου
1049 2549 1240 2602 ἐλαϐεν
1291 2552 1371 2612 είς
1413 2549 1512 2617 τὴν
1564 2548 1947 2618 φυλοκρίνησιν

367 2644 462 2715 τῆς
494 2660 551 2695 τε
584 2642 814 2711 ἐκλογῆς
845 2641 951 2694 τῶν
985 2658 1043 2693 τε
1077 2640 1377 2710 κοσμικῶν.
1410 2640 1472 2690 Εἰ
1504 2638 1559 2691 δὲ
1592 2639 1619 2690 6
1655 2636 1817 2706 φόϐος
1850 2635 1945 2687 τοῦ

368 2737 623 2809 προόντος
654 2736 940 2806 ἀνθρώπου
992 2732 1309 2795 ἐπιϐούλους
1358 2732 1451 2784 τοῦ
1504 2731 1762 2803 σφετέρου
1813 2730 1948 2783 πλά-

370 2843 570 2896 σματος
606 2825 867 2894 πεποίηκε
901 2825 1027 2886 τοὺς
1059 2819 1352 2891 ἀγγέλους,
1387 2820 1458 2884 ὡς
1489 2820 1670 2892 ’ἐνιδρυ
1680 2822 1838 2891 μένου
1869 2821 1947 2892 τῷ

366 2916 807 2987 δημιουργήματι
856 2914 1088 2985 ἀοράτου
1122 2914 1216 2967 τοῦ
1254 2913 1567 2982 σπέρματος
1613 2915 1711 2985 τῆς
1742 2914 1945 2969 ἄνωθεν

366 3009 571 3071 οὐσίας,
618 3009 650 3077 ἦ
701 3007 963 3078 ὑπολήψει
1006 3010 1133 3077 κενῇ
1178 3006 1571 3078 παρεζήλωσαν
1621 3007 1763 3078 (57),
1810 3009 1945 3081 ὅπερ

366 3101 658 3163 ἀπίθανον,
702 3101 966 3168 ἀγγέλους
1009 3101 1369 3172 δημιουργίας
1413 3096 1479 3168 ἧς
1522 3102 1942 3172 ἐπιστεύθησαν,

364 3187 473 3244 οἷον
505 3191 694 3243 τέκνου
724 3192 886 3253 τινὸς,
924 3191 1188 3255 αὐθέντας
1218 3192 1488 3260 γενέσθαι,
1522 3192 1742 3260 ἄγνοιαν
1768 3196 1945 3246 πᾶσαν

366 3284 877 3354 κατεγνωσμένους·
914 3284 945 3353 ἦ
986 3283 1293 3355 προγνώσει
1342 3284 1650 3353 ἐνεχόμενοι
1691 3285 1939 3354 κεκίνηνο

2056 706 2178 760 duri
2196 703 2382 758 corde.
2407 701 2554 769 Quos
2577 703 2721 755 enim
2749 718 2854 756 non
2878 713 3155 774 expugnat
3179 703 3337 765 ratio,
3362 719 3456 758 eos
3478 720 3635 757 inan-

2057 794 2286 850 suefaeit
2313 802 2502 847 metus.
2524 792 2678 859 Quod
2701 793 2918 860 quidem
2944 809 3065 846 cum
3097 809 3124 846 a
3157 790 3387 862 principi
3415 791 3636 858 ιρτωνὶο

2057 889 2227 943 disset
2246 885 2440 955 Logos,
2460 889 2552 956 qui
2569 885 2775 948 erudit,
2796 894 3022 955 utroque
3048 887 3208 940 modo
3219 900 3312 940 eos
3328 899 3635 954 expurgatis

2058 981 2123 1035 ad
2145 980 2397 1050 pietatem
2416 980 2801 1033 convenienter
2822 977 3168 1031 concinnavit
3186 978 3608 1030 instrumentum
3622 1014 3634 1028 .

2058 1073 2154 1128 Est
2172 1073 2334 1142 igitur
2364 1071 2775 1140 obstupefactio,
2793 1071 3028 1124 timores
3050 1069 3259 1122 insueta
3283 1079 3640 1137 tepm‘senta-

2056 1168 2225 1232 tione,
2255 1167 2339 1219 vel
2378 1176 2597 1235 propter
2628 1168 3053 1233 inexspectatam
3080 1163 3634 1233 repraesentationem,

2058 1257 2279 1310 utverbi
2305 1272 2491 1319 causa,
2528 1256 2758 1318 alicujus
2786 1256 2979 1309 nuntii.
3009 1254 3416 1307 Timorautenn
3436 1260 3485 1306 st
3500 1253 3638 1307 iusi-

2058 1349 2176 1418 guis
2202 1348 2509 1413 admiratio,
2537 1356 2793 1415 tauquam
2820 1346 2887 1399 ob
2914 1346 2988 1409 id,
3018 1347 3161 1416 quod
3189 1347 3271 1399 vel
3296 1346 3522 1406 exstitit,
3553 1345 3634 1399 vel

2056 1449 2161 1495 est.
2196 1438 2310 1493 Non
2352 1441 2786 1493 animadvertunt
2808 1440 3063 1507 >1<itaque
3078 1455 3136 1494 se
3162 1438 3538 1493 affectionibus
3570 1453 3635 1492 ac

2056 1532 2555 1601 perturbationibus
2578 1533 2769 1587 fecisse
2792 1532 3114 1597 obnoxium,
3136 1533 3453 1599 maximum,
3469 1540 3520 1585 et
3538 1530 3633 1600 qui

2058 1625 2127 1679 ab
2139 1625 2219 1678 eis
2232 1626 2554 1687 celebratur,
2571 1624 2760 1690 Deum,
2776 1641 2870 1695 per
2885 1621 3429 1693 obstuprfaclionem,
3445 1636 3496 1677 et
3509 1633 3633 1678 ante

2058 1715 2585 1786 obstupefactionem
2615 1728 2887 1771 versatum
2937 1733 3059 1771 esse
3098 1717 3151 1769 in
3188 1716 3545 1787 ignoratione,
3584 1715 3633 1771 si

2058 1814 2276 1884 quidem
2346 1812 2614 1883 ignoratio
2668 1810 2769 1865 fuit
2819 1819 2941 1864 ante
2990 1809 3534 1879 obstupefactionem.
3575 1806 3633 1863 Si

2058 1917 2239 1962 autem
2294 1904 2713 1976 obstupefactio,
2768 1913 2821 1957 et
2880 1905 3066 1969 timor,
3097 1904 3375 1972 sapientiae
3432 1904 3635 1972 princi-

2055 2001 2226 2069 pium,
2274 2000 2442 2052 timor
2499 1998 2592 2051 Dei
2640 1997 2763 2061 fuit,
2811 1997 3100 2051 videndum
3149 2007 3251 2061 est,
3292 2009 3360 2050 ne
3405 2004 3458 2049 et
3511 2003 3635 2050 ante

2056 2092 2148 2146 Dei
2191 2091 2514 2161 sapientiam
2552 2098 2605 2144 et
2646 2091 2811 2145 totius
2847 2089 3034 2143 tnuudi
3078 2090 3435 2154 creationem,
3469 2088 3634 2158 quin-

2053 2185 2217 2238 etiam
2270 2183 2667 2237 restitutionem
2727 2193 2780 2236 et
2832 2184 3003 2252 ipsam
3068 2183 3385 2236 electionem
3439 2196 3630 2247 causa,

2053 2292 2177 2345 quae
2206 2274 2504 2343 praecessit,
2536 2272 2703 2327 fuerit
2743 2274 3034 2343 ignoratio.
3061 2271 3253 2328 Utrum
3290 2289 3420 2344 ergo
3448 2290 3628 2327 rerum

2056 2366 2323 2420 bonarum
2392 2373 2487 2417 aut
2566 2364 2834 2417 malarum
2896 2372 2982 2417 est
3045 2362 3357 2432 ignoratio?
3418 2362 3522 2417 Sed
3581 2364 3626 2417 si

2060 2472 2241 2511 rerum
2297 2456 2518 2526 quidem
2581 2457 2882 2522 bonarum,
2943 2456 3071 2526 quid
3130 2464 3309 2511 cessat
3371 2456 3631 2524 obstupe-

2057 2549 2330 2603 factione?
2357 2559 2409 2603 et
2432 2548 2635 2603 frustra
2675 2558 2758 2603 est
2785 2549 2866 2602 eis
2895 2558 2948 2603 et
2976 2548 3247 2613 minister,
3280 2556 3332 2601 et
3365 2547 3630 2616 praedira-

2058 2641 2150 2706 tio,
2193 2650 2247 2695 et
2292 2641 2579 2710 baptisma.
2635 2638 2733 2693 Sin
2772 2648 2954 2694 autem
3004 2639 3295 2704 malarum,
3350 2638 3631 2707 quomodo

2054 2742 2137 2787 est
2176 2734 2376 2786 malum
2415 2747 2582 2786 causa
2621 2747 2805 2785 rerum
2836 2729 3211 2800 optimarum?
3240 2729 3296 2783 Si
3340 2730 3486 2783 enim
3520 2744 3629 2784 non

2055 2825 2202 2893 prior
2235 2823 2427 2879 fuisset
2453 2823 2742 2893 ignoratio,
2788 2838 2897 2876 non
2940 2822 3313 2876 descendisset
3359 2822 3629 2875 minister.

2054 2916 2156 2971 Sed
2201 2932 2299 2971 nec
2349 2915 2748 2983 obstupefactio
2802 2915 3035 2985 cepisset
3071 2913 3396 2984 principem,
3429 2922 3487 2968 ut
3527 2914 3633 2984 ipsi

2056 3007 2276 3072 dicunt;
2317 3024 2493 3075 neqtte
2564 3008 2842 3077 sapientiae
2898 3006 3226 3077 principium
3281 3007 3513 3076 cepisset
3564 3021 3630 3059 ex

2056 3099 2249 3152 timore
2290 3100 2354 3153 ad
2395 3099 2713 3154 electionem
2754 3109 2808 3153 et
2844 3100 3118 3154 mundana
3151 3098 3522 3168 dijudicanda.
3571 3097 3630 3153 Si

2052 3204 2238 3247 autem
2285 3206 2464 3249 metus
2506 3194 2646 3264 ejus,
2678 3195 2771 3264 qui
2820 3195 2972 3264 prius
3023 3203 3159 3259 erat,
3193 3193 3454 3259 hominis,
3503 3194 3633 3247 fecit

2053 3294 2112 3337 ut
2161 3298 2262 3337 suo
2297 3283 2554 3352 ﬁgmento
2596 3285 2990 3339 insidiarentur
3026 3284 3222 3354 angeli,
3269 3292 3454 3353 utpote
3483 3283 3629 3352 quod

362 3393 482 3431 ται·
526 3376 639 3429 ἀλλ’
672 3376 771 3428 ούκ
804 3376 868 3429 ἂν
920 3375 1316 3427 ἐπεϐούλευσαν
1347 3374 1414 3427 δι’
1448 3369 1507 3426 οὗ
1554 3375 1940 3446 ἐπεχείρησαν,
1973 3356 2014 3412 C
2051 3377 2137 3429 ina

1854 3392 1940 3436 αν,
1973 3356 2014 3412 C
2051 3376 2437 3444 inaspeclabile
2479 3393 2729 3446 superna:
2762 3378 3083 3431 substantiae
3117 3392 3302 3432 semen
3332 3377 3628 3433 collocare-

362 3461 406 3534 ᾧ
437 3468 815 3538 προέγνωσαν·
859 3466 965 3518 οὐδ’
1004 3467 1067 3519 ἂν
1110 3466 1531 3537 κατεπλάγησαν
1564 3466 1625 3518 τὸ
1679 3466 1839 3537 ἔργον
1884 3466 1945 3518 τὸ

363 3560 539 3612 αὐτῶν
563 3562 627 3612 ὲκ
650 3558 1007 3630 προγνώσεως
1032 3560 1092 3612 τὸ
1114 3559 1319 3613 ἄνωθεν
1345 3560 1564 3631 σπέρμα
1592 3560 1907 3630 νενοηκότες
1926 3576 1939 3590 ⁸

362 3652 394 3721 ἥ
428 3652 487 3703 τὸ
524 3652 826 3704 τελευταῖον
856 3651 1053 3720 γνώσει
1081 3652 1400 3714 πεποιθότες
1430 3651 1760 3722 ἐτόλμησαν,
1796 3650 1823 3703 ὂ
1851 3653 1945 3705 καὶ

361 3744 490 3796 αὐτὸ
520 3744 803 3797 ἀδύνατον·
845 3744 1107 3815 μαθόντες
1136 3746 1198 3798 τὸ
1229 3745 1483 3815 διαφέρον
1525 3745 1585 3797 τὸ
1631 3747 1688 3797 ἐν
1720 3743 1944 3816 πληρώ-

364 3855 492 3907 ματι
524 3839 792 3910 ἀνθρώπῳ
818 3838 1208 3905 ἐπιϐουλεύειν,
1244 3838 1323 3890 ἔτι
1354 3838 1449 3891 καὶ
1480 3838 1540 3891 τὺ
1581 3840 1702 3891 κατ’
1738 3839 1944 3900 εἰκόνα,

362 3931 417 3981 ὲν
451 3924 495 3998 ᾧ
543 3932 726 3984 καὶτὸ
760 3932 1100 4003 ἀρχέτυπον,
1154 3931 1249 3984 καὶ
1296 3931 1325 3983 ὃ
1373 3932 1469 3984 σὺν
1514 3934 1579 4003 τῇ
1624 3932 1824 3999 γνώσει
1876 3935 1943 4004 τῇ

361 4023 518 4093 λοιπῇ
584 4022 895 4095 ἄφθαρτον,
955 4024 1385 4095 παρειλήφεσαν.
1462 4022 1685 4085 Τούτοις
1737 4039 1795 4074 τε
1851 4019 1945 4075 οὖν

364 4115 543 4178 αὐτοῖς
575 4116 669 4168 καὶ
701 4115 909 4187 ἑτέροις
941 4116 1051 4168 τισὶ
1075 4156 1090 4179 ,
1129 4115 1363 4186 μάλιστα
1398 4114 1452 4168 δὲ
1484 4118 1597 4178 τοῖς
1629 4114 1735 4167 ἀπὸ
1782 4116 1943 4185 Μαρ-

361 4207 575 4272 κίωνος,
609 4208 777 4280 ἐκϐοᾷ
807 4208 916 4279 (58)
952 4208 1052 4261 οὐκ
1092 4209 1375 4261 ἐπαΐουσιν
1422 4210 1455 4278 ή
1487 4208 1676 4279 Γραφή
1700 4223 1713 4238 ⁶
1777 4208 1839 4260 '0
1876 4206 1944 4259 δὲ

359 4301 506 4370 ἐμοῦ
535 4301 771 4355 ἀκούων
798 4302 1211 4356 ἀναπαύσεται
1239 4302 1330 4355 ἐπ’
1354 4300 1594 4369 εἰρήνης
1624 4300 1943 4365 πεποιθὼς,

359 4396 457 4449 καὶ
516 4394 821 4465 ἠσυχάσει
880 4394 1117 4465 ἀφόϐως
1168 4395 1287 4449 ἀπὸ
1346 4394 1573 4461 παντὸς
1625 4394 1835 4447 κακοῦ.
1876 4394 1943 4446 Τί

356 4485 534 4539 τοίνυν
561 4487 651 4540 τὸν
677 4487 839 4559 νόμον
874 4487 1185 4557 βούλονται;
1236 4489 1419 4541 Κακδν
1455 4488 1553 4558 μὲν
1598 4481 1690 4539 οὖν
1731 4487 1792 4539 ού
1832 4489 1941 4559 φή-

361 4592 531 4640 σουσι,
579 4578 785 4632 δίκαιον
825 4580 879 4633 δὲ
918 4578 1317 4642 διαστέλλοντες
1362 4579 1424 4631 τὸ
1471 4578 1669 4646 ἀγαθὸν
1714 4577 1808 4631 τοῦ
1858 4579 1939 4633 δι-

2045 3478 2134 3522 tur
2159 3470 2305 3523 intus
2342 3469 2396 3521 in
2429 3468 2671 3538 opiﬁci'o,
2713 3479 2806 3523 aut
2849 3485 2913 3523 ex
2960 3470 3106 3523 inani
3144 3470 3425 3536 opinione,
3472 3470 3623 3539 quod

2047 3561 2265 3630 quidem
2297 3569 2382 3615 est
2431 3562 2767 3624 incredibile,
2798 3562 3143 3616 armulatioue
3174 3562 3362 3631 perciti
3404 3572 3533 3617 sunt
3568 3564 3622 3617 in

2047 3656 2269 3725 angelos
2328 3666 2548 3724 propter
2610 3655 2928 3724 opiliciUm,
2982 3656 3142 3725 cujus
3206 3665 3470 3727 tanquam
3529 3658 3626 3713 lilii

2048 3748 2283 3817 alicujus
2312 3749 2502 3803 crediti
2553 3758 2679 3803 Sunt
2733 3762 2856 3803 esse
2893 3758 3142 3803 auctores
3184 3749 3321 3803 adeo
3368 3758 3426 3805 ut
3473 3751 3624 3808 nulla

2047 3856 2153 3893 non
2197 3840 2251 3892 in
2284 3854 2382 3893 eos
2412 3840 2572 3893 cadat
2618 3840 2967 3910 ignorantia:
3010 3849 3105 3893 aut
3149 3842 3281 3895 moti
3323 3852 3452 3897 sunt
3499 3858 3625 3897 cum

2048 3942 2361 3989 tenerentur
2418 3934 2808 4003 prazscicntia;
2850 3935 2943 3989 sed
2992 3950 3102 3989 non
3153 3935 3393 3990 insidiati
3443 3950 3627 3992 essent

2045 4030 2149 4082 isto
2181 4034 2379 4082 conatu
2409 4027 2481 4089 ei,
2517 4029 2665 4097 quod
2699 4028 3112 4096 przesciverunt,
3150 4044 3327 4099 neque
3359 4031 3430 4083 ob
3462 4046 3622 4084 suum

2046 4135 2183 4190 opus
2211 4119 2574 4190 obstupefacti
2597 4130 2801 4185 essent,
2829 4138 2953 4177 cum
2977 4137 3044 4175 ex
3068 4122 3410 4191 prtescientia
3435 4138 3621 4179 semen

2046 4222 2345 4280 supernum
2379 4213 2813 4269 intellexissent:
2848 4223 2943 4268 aut
2984 4224 3259 4285 postremo
3285 4215 3405 4269 freti
3437 4216 3626 4285 cogni-

2047 4304 2195 4358 tione
2248 4305 2369 4360 ausi
2428 4314 2579 4373 sunt,
2617 4306 2761 4375 quod
2812 4307 2992 4381 ipsum
3035 4323 3254 4379 quoque
3293 4323 3397 4360 non
3447 4316 3626 4376 potest

2047 4396 2184 4463 ﬁeri,
2240 4413 2363 4451 cum
2403 4397 2722 4453 didicissent
2766 4399 2843 4465 id,
2888 4401 3032 4469 quod
3085 4411 3167 4455 est
3216 4400 3269 4453 in
3318 4400 3619 4469 pleromatc

2044 4489 2338 4551 excellens,
2373 4490 2581 4544 homini
2614 4491 2883 4547 insidiari.
2908 4491 3172 4547 Praaterea
3189 4502 3243 4547 et
3267 4493 3506 4563 id,quod
3540 4506 3623 4549 est

2045 4579 2246 4635 factum
2288 4580 2356 4634 ad
2408 4581 2722 4652 imaginem,
2760 4584 2814 4637 in
2853 4599 2966 4652 quo
2993 4584 3157 4638 etiam
3189 4586 3407 4641 exsistit
3434 4602 3618 4641 exem—

358 4667 534 4722 καίοι).
576 4668 635 4721 ’0
680 4670 738 4723 δὲ
780 4672 1004 4742 Κύριος,
1038 4670 1319 4741 φοϐεῖσθαι
1352 4672 1415 4725 τὸ
1457 4671 1623 4725 κακὸν
1660 4673 1935 4741 προστάτ-
1968 4713 2012 4768 D
2045 4672 2127 4740 pla

1841 4673 1935 4768 άτ-
1968 4713 2012 4768 D
2045 4672 2181 4740 plar,
2201 4682 2254 4727 et
2282 4673 2356 4738 id,
2395 4674 2539 4745 quod
2566 4690 2691 4729 cum
2716 4675 2923 4745 reliqua
2967 4678 3281 4747 cognitione
3321 4687 3406 4733 est
3434 4681 3503 4733 ab
3532 4682 3616 4733 in—

357 4778 485 4823 των,
514 4760 576 4813 οὐ
615 4760 768 4831 κακῷ
798 4763 859 4815 τὸ
892 4764 1058 4817 κακὸν
1091 4763 1455 4827 ἀπαλλάττει,
1506 4762 1583 4833 τῷ
1613 4761 1669 4816 δὲ
1704 4762 1933 4831 ἐναντίῳ

355 4850 417 4903 τὺ
446 4850 685 4904 ἐναντίον
717 4853 994 4906 καταλύει.
1030 4853 1243 4924 Ἀγαθῴ
1273 4854 1331 4905 δὲ
1365 4854 1532 4908 κακὸν
1562 4852 1824 4915 ἐναντίον,
1857 4853 1935 4916 ὡς

430 5035 487 5095 »Β
525 5028 583 5083 Ρ.
611 5029 713 5084 449
747 5028 850 5083 ED.
890 5029 1185 5099 POTTER,
1212 5032 1453 5087 576-377
1482 5031 1588 5087 ΕΙ).
1621 5029 1842 5084 PARIS.

447 5207 540 5278 55)
570 5208 657 5263 Ἥ.
690 5208 959 5278 Interpres
987 5206 1114 5278 legit
1143 5211 1198 5277 ἠδ
1235 5277 1239 5278 ί
1343 5268 1346 5278 ξ

451 5275 543 5349 56)
582 5275 808 5350 Τῆς
843 5275 1115 5350 Ιηιειυριῖςε
1145 5275 1273 5348 legit
1300 5276 1400 5349 τῆς
1432 5295 1493 5332 τε
1527 5278 1777 5350 ἐκλογῆς.

426 5344 540 5419 (57)
571 5344 1018 5418 Παρεζήλωσαιὲ.
1052 5344 1225 5403 Scribi
1256 5344 1430 5417 possit
1456 5350 1509 5404 in
1536 5344 1796 5419 singulari
1824 5367 1926 5405 nu-

355 5435 508 5474 mero
549 5419 1119 5492 mpe§ﬁlwaev,_ltoc
1159 5435 1323 5474 sensu
1369 5439 1382 5473 :
1419 5420 1571 5485 Quod
1615 5422 1662 5475 si
1688 5422 1919 5492 angeli.

354 5502 492 5544 metu
526 5488 935 5560 pt'trexsistentis
972 5488 1231 5560 hominis,
1258 5506 1370 5544 sua:
1395 5502 1651 5545 creatum
1679 5488 1922 5546 insidiati

351 5560 491 5624 sint,
520 5558 581 5615 eo
614 5564 751 5632 quod
795 5558 1054 5615 invisibile
1103 5576 1341 5632 superna:
1387 5561 1697 5615 substantia:
1744 5579 1918 5615 semen

350 5632 562 5700 api/icio
590 5630 677 5687 isti
706 5636 928 5697 inesset;
961 5643 1051 5683 aut
1076 5630 1285 5700 angelos
1312 5647 1449 5685 vana
1475 5636 1767 5703 suspicione
1801 5649 1917 5685 mo-

352 5711 429 5752 tus
467 5714 670 5757 tantam
696 5705 765 5758 ad
798 5704 1183 5758 aemulationem
1216 5706 1551 5769 provocavit,
1583 5715 1641 5757 ut
1666 5713 1920 5758 creatura:

351 5768 479 5835 ipsis
505 5775 760 5844 pereditm,
796 5774 1010 5843 perinde
1042 5789 1103 5826 ac
1136 5772 1261 5841 ﬁlti,
1311 5777 1451 5844 quod
1487 5775 1699 5844 quidem
1725 5786 1800 5828 est
1832 5776 1917 5827 in-

350 5843 614 5915 credibile,
643 5842 956 5915 omnimodo:
980 5844 1297 5915 ignorantia:
1319 5842 1714 5915 condemnatos,
1739 5856 1845 5899 etc.

562 5914 783 5982 Ἐκϐοᾷ.
804 5910 1357 6005 Aptius-$6031.39:
1376 5910 1536 6005 Vulg;
1558 5914 1674 6005 Blib.
1701 5916 1918 6005 Prgvzl,

352 5980 581 6047 ἁκούων,
624 5980 1060 6057 κατὰσκήνώσεί
1083 5980 1173 6039 ἐπ’
1208 5982 1411 6047 ἐλπίδι,
1447 5980 1542 6038 καὶ
1577 5987 1739 6059 ήσυχ.
1782 5980 1919 6042 Sit-4

2043 4766 2206 4818 teritu
2246 4765 2509 4832 alienum,
2560 4777 2996 4838 assumpserunt.
3052 4768 3145 4825 llis
3190 4785 3321 4841 ergo
3368 4771 3521 4840 ipsis,
3566 4784 3621 4825 et

2043 4856 2321 4925 aliquibus
2370 4859 2516 4925 aliis,
2565 4860 2803 4914 maxime
2847 4870 3027 4915 autem
3078 4860 3461 4925 Marcionistis,
3507 4881 3615 4917 non

2037 5211 2431 5290 ιωσ.-Ῑδ)ςΧ,
2463 5212 2792 5290 Provcrb.__t,
2823 5224 2874 5269 ν.
2914 5217 2983 5271 35
3013 5237 3026 5271 :
3066 5219 3122 5273 ’0
3154 5220 3211 5274 δὲ
3243 5221 3375 5290 ἐμοῦ
3399 5221 3611 5274 ἀκούων

2037 5284 2449 5361 κατασκηνώσει
2483 5287 2571 5361 ἐπ’
2606 5285 2801 5350 ἐλπίδι,
2832 5289 2924 5361 καὶ
2958 5290 3221 5361 ἡσυχάσει
3252 5284 3472 5359 ἆφόὅως
3504 5291 3611 5346 ἀπὸ

2034 5356 2234 5419 παντὸς
2277 5355 2472 5409 κακοῦ.
2507 5360 2577 5410 At
2620 5374 2701 5411 me
2742 5355 2989 5411 audiens'
3014 5355 3270 5415 habitabit
3305 5355 3369 5414 in
3406 5378 3525 5427 spe,
3559 5374 3609 5414 ct

2032 5428 2310 5496 requiescet
2372 5428 2566 5496 absque
2626 5440 2821 5481 terrore
2867 5428 2932 5480 ab
3000 5433 3141 5484 omni
3193 5434 3357 5486 malo.
3417 5432 3607 5486 Latina

2033 5492 2191 5570 Vulg.
2221 5515 2234 5550 :
2262 5495 2363 5560 Qui
2407 5492 2584 5570 autem
2629 5515 2706 5552 me
2752 5499 3018 5565 audierit,
3055 5502 3246 5570 absque
3284 5513 3482 5556 terrore
3532 5520 3609 5555 re-

2026 5568 2253 5639 quiescet
2270 5577 2365 5639 ,_et
2402 5568 2732 5623 abundantia
2766 5572 3085 5639 perfruetur,
3123 5568 3313 5628 timore
3345 5574 3609 5626 malorum

2027 5636 2255 5690 sublato.
2288 5635 2345 5689 In
2379 5640 2617 5695 editione
2663 5635 2908 5695 Romana
2951 5642 3087 5695 Sixti
3124 5640 3167 5695 V
3216 5647 3510 5699 adnotatur
3543 5660 3611 5701 ex

2027 5710 2262 5784 quodam
2286 5708 2579 5784 scltoliaste
2607 5710 2922 5784 adulteram
2952 5724 3159 5784 partem
3194 5716 3358 5784 hujus
3392 5730 3609 5778 versus,

2028 5777 2400 5857 αναπαύσεται
2578 5782 2801 5857 εἰρήνῃΔ
2822 5777 3121 5857 πεποιθὼς,
3159 5777 3434 5856 quomodo
3483 5777 3612 5857 legit

2027 5850 2298 5920 Clemens.
2346 5850 2423 5905 Et
2460 5850 2867 5917 HebraiosQui
2896 5867 3072 5909 autem
3107 5850 3279 5909 obedit
3317 5856 3445 5910 mihi
3468 5898 3483 5920 ,
3508 5850 3609 5909 Ιιῖι-

2029 5918 2219 5973 bitabit
2246 5922 2589 5990 conﬁdenter,
2615 5932 2661 5979 et
2704 5925 2984 5994 requiescet
3003 5943 3037 5981 α
3070 5929 3258 5983 timore
3289 5928 3439 5984 mali.
3469 5918 3609 5984 C01.-

2028 6004 2199 6065 tecrq
