4496 6588
331 449 443 519 es:

1633 454 2062 515 STRORIATUM
2099 456 2225 510 LIB.
2268 455 2332 511 ll.

3494 455 3597 511 9M

329 579 492 651 φησὶν
520 581 550 636 ό
580 581 810 651 Ποιμὴν,
841 577 1008 649 ἀρετὴ
1037 577 1069 646 ἡ
1102 577 1280 643 πίστις
1301 579 1441 643 ἐστὶ,
1471 578 1540 630 δι’
1561 572 1627 649 ἧς
1649 576 1909 642 σώζονται
1941 583 1983 638 Α
2015 591 2100 629 me

1823 596 1909 630 ται
1941 583 1983 638 Α
2015 591 2136 629 men
2161 576 2482 631 occasiones
2518 573 2740 640 habere,
2777 590 2898 644 qua:
2927 590 3051 629 eum
3092 583 3350 630 moveant
3381 585 3434 630 et
3458 575 3596 630 inci-

328 669 377 722 οἱ
408 671 653 725 ἐκλεκτοὶ
681 669 772 722 τοῦ
815 666 950 720 Θεοῦ
971 685 984 697 ·
1032 670 1064 739 ἡ
1099 668 1152 722 δὲ
1189 669 1544 742 ἀνδριζομὲνη
1592 670 1903 738 ἐγκράτεια.

329 759 562 815 Ἐπεται
590 762 638 814 δ’
665 761 856 822 αὐταῖς
895 759 1152 832 ἁπλότης,
1188 763 1466 832 ἐπιστήμη
1489 800 1503 822 ,
1551 761 1781 826 ἀκακία,
1820 777 1908 812 σε·

331 855 555 925 μνότης,
589 852 797 923 ἀγάπη.
835 853 1012 907 Πᾶσαι
1043 855 1098 908 δὲ
1122 851 1280 910 αὗται
1318 854 1552 919 πίστεώς
1586 859 1686 908 εἰσι
1737 857 1906 924 Ουχά-

327 943 510 1015 τὲρες.
537 943 649 996 Καὶ
678 943 874 1008 πάλιν,
914 951 1231 1018 πρωπγεῖται
1276 949 1372 1016 μὲν
1402 947 1580 1012 πίστις
1605 989 1618 1012 ,
1656 948 1817 1018 φόϐος
1850 948 1906 1000 δὲ

329 1035 622 1103 οἰκοδομεῖ,
652 1033 848 1087 τελειοῖ
871 1035 977 1106 δὲὴ
1013 1037 1200 1107 ἀγάπη
1234 1036 1366 1106 (5-4).
1397 1036 1660 1108 Φοϐητέον
1688 1038 1796 1107 (55)
1814 1031 1906 1088 οὖν

330 1125 420 1178 τὸν
441 1124 666 1196 Κύριον,
707 1126 870 1197 λέγει,
902 1133 981 1194 εἰς
1015 1129 1328 1199 οἰκοδομὴν,
1362 1129 1475 1182 ἀλλ’
1499 1131 1558 1183 οὐ
1599 1130 1689 1185 τὸν
1722 1130 1904 1183 διάϐο-

328 1215 420 1267 λον
448 1217 525 1281 εἰς
554 1220 952 1291 καταστροφήν.
989 1217 1268 1288 Ἔμπαλιν
1301 1217 1377 1279 δὲ,
1412 1218 1478 1272 τὰ
1510 1220 1605 1289 μὲν
1646 1219 1780 1289 ἔργα
1811 1217 1904 1270 τοῦ

327 1305 554 1376 Κυρίου,
584 1308 948 1372 τουτέστι“τάς
993 1307 1213 1370 ὲντολάς
1237 1347 1250 1371 ,
1281 1308 1588 1380 ἀγαπητέον
1625 1309 1719 1362 καὶ
1752 1326 1908 1381 ποιη-

328 1392 471 1458 τέον,
495 1397 562 1450 τὰ
585 1397 642 1450 δὲ
662 1399 797 1471 ἔργα
823 1399 914 1453 τοῦ
946 1398 1192 1453 διαϐόλου
1228 1399 1487 1470 φοϐητέον
1525 1402 1618 1454 καὶ
1653 1402 1714 1453 οὐ
1751 1419 1907 1472 ποιη-

330 1488 482 1542 τέον·
526 1492 674 1561 ὁμὲν
719 1493 827 1562 γὰρ
869 1492 964 1544 τοῦ
998 1491 1132 1544 Θεοῦ
1191 1492 1352 1560 φόϐος
1409 1493 1654 1546 παιδεύει
1701 1494 1796 1546 καὶ
1827 1496 1905 1557 εἰς

330 1580 547 1652 ἀγάπην
577 1582 1028 1652 ἀποκαθίστησιν,
1057 1583 1084 1634 ὁ
1114 1581 1169 1634 δὲ
1202 1582 1308 1634 τῶν
1330 1582 1422 1635 τοῦ
1450 1583 1693 1636 διαϐόλου
1732 1583 1905 1654 ἔργων

332 1673 488 1740 μῖσος
524 1671 634 1742 ἔχει
671 1674 940 1725 σύνοικον.
977 1689 995 1721 ι
1055 1671 1112 1723 ὐ
1138 1671 1193 1723 δὲ
1235 1672 1395 1734 αὐτὸς
1419 1674 1511 1725 καὶ
1542 1691 1560 1723 ι
1601 1673 1697 1744 τὴν
1739 1674 1905 1744 μετά-

327 1779 476 1816 νοιαν
521 1763 632 1833 (56)
668 1764 882 1814 σύνεσιν
939 1757 1076 1814 εἷναί
1115 1773 1266 1833 specu
1296 1764 1574 1834 μεγάλην·
1628 1765 1904 1835 μετανοῶν

327 1853 435 1926 γὰρ
453 1856 536 1922 ἐφ’
568 1850 649 1917 οἷς
679 1853 924 1924 ἔδρασεν,
951 1854 1052 1906 οὐκ
1094 1853 1174 1904 ἔτι
1213 1857 1355 1905 ποιεῖ
1405 1855 1436 1923 ἢ
1473 1855 1651 1923 λέγει·
1685 1856 1905 1925 βασανί-

2014 675 2129 722 tent
2163 667 2229 721 ad
2258 667 2372 720 veri
2402 667 2580 721 tidem.
2624 686 2642 718 ι
2677 668 2807 733 Quae
2827 683 2959 737 ergo
2989 666 3286 721 Ecclesiam
3328 667 3595 731 continet,

2016 767 2073 812 ιιι
2100 759 2294 813 Pastor
2347 758 2541 824 inquit,
2576 763 2784 824 virtus,
2817 769 2899 813 est
2935 758 3106 821 lidcs,
3144 775 3236 828 per
3270 773 3439 829 quam
3473 773 3592 813 ser-

2012 859 2209 903 vantur
2241 848 2396 903 electi
2436 847 2559 914 Dei;
2590 863 2714 918 quae
2753 857 2930 902 autem
2954 862 3014 903 se
3035 847 3263 900 viriliter
3286 863 3349 902 ac
3384 847 3600 901 fortiter

2012 945 2170 1014 gerit,
2205 952 2288 996 est
2320 943 2680 997 continentia.
2719 941 2824 997 Eas
2857 953 3035 997 autent
3062 943 3420 1010 consequitur
3453 947 3596 996 sint-

2011 1036 2248 1107 plieitas,
2272 1035 2498 1089 scientia
2522 1077 2536 1101 ,
2564 1035 2900 1098 innocentia,
2922 1037 3204 1097 honestas,
3241 1033 3479 1087 dilectio.
3502 1035 3594 1088 lite

2010 1137 2192 1180 autent
2234 1140 2426 1182 omnes
2495 1135 2623 1181 sunt
2659 1125 2784 1178 liliie
2843 1125 2999 1196 166
3059 1126 3204 1178 Iidei.
3243 1123 3309 1176 Et
3369 1140 3591 1178 rursus:

2010 1216 2276 1271 Praecedit
2314 1217 2530 1285 quidem
2557 1217 2712 1279 fides,
2745 1217 2910 1270 timor
2941 1226 3120 1270 autem
3151 1217 3408 1281 aediﬁcat,
3435 1216 3595 1286 perli-

2012 1310 2087 1362 cit
2121 1317 2301 1362 autem
2327 1309 2563 1364 dilectio.
2589 1309 2729 1364 Dicit
2761 1310 2966 1377 itaque,
2999 1311 3296 1364 timendum
3338 1325 3460 1364 esse
3487 1307 3599 1362 Do-

2011 1401 2220 1453 minum
2250 1401 2314 1453 ad
2343 1403 2781 1470 :edilirationcm,
2801 1404 2894 1456 sed
2924 1416 3030 1454 non
3050 1403 3325 1457 dialtoluut
3352 1403 3415 1456 ad
3439 1418 3598 1458 ever-

2011 1491 2250 1544 sionem.
2287 1489 2499 1546 Rursus
2529 1503 2735 1559 autem,
2773 1510 2938 1564 opera
2967 1492 3186 1563 quidem
3215 1492 3449 1558 Domini,
3491 1495 3596 1547 hoc

2008 1591 2092 1637 est
2143 1591 2410 1652 prmcepta
2441 1623 2454 1647 ,
2511 1599 2631 1639 esse
2694 1585 2968 1655 diligenda
3030 1599 3084 1640 et
3118 1585 3394 1648 facienda;
3429 1601 3596 1654 opera

2010 1689 2189 1729 autem
2221 1676 2422 1729 dialtuli
2460 1692 2582 1730 esse
2607 1677 2866 1742 timenda,
2891 1690 3064 1732 etnon
3101 1677 3375 1732 facienda.
3404 1675 3595 1736 Timor

2010 1767 2152 1822 enim
2187 1768 2278 1821 Dei
2309 1769 2488 1823 erudit
2516 1786 2580 1823 ac
2630 1770 2879 1839 castigat,
2905 1772 3027 1823 etin
3059 1771 3404 1824 dilectionem
3435 1771 3597 1824 resti-

2012 1865 2140 1917 tuit:
2193 1866 2356 1919 timor
2408 1876 2591 1920 autem
2643 1882 2871 1936 operum
2917 1866 3150 1929 diaboli,
3199 1882 3387 1921 secum
3435 1867 3600 1919 Italtet

327 1943 434 2008 ζων
465 1945 521 1998 δὲ
545 1947 628 2013 ἐφ’
658 1939 739 2007 οἷς
765 1947 1029 2016 ἥμαρτεν,
1054 1945 1150 2016 τὴν
1186 1945 1379 1998 ἑαυτοῦ
1421 1946 1597 2017 ψυχὴν
1639 1947 1904 2019 ἀγαθοερ-
1939 1958 1977 2012 ιζ
2008 1955 2096 2006 mli

1822 1966 1904 2019 ερ-
1939 1958 1977 2012 Β
2008 1955 2215 2010 odium.
2250 1977 2267 2008 ι
2310 1955 2452 2009 Idem
2478 1967 2656 2010 autem
2685 1957 2819 2011 dicit
2841 1958 3032 2021 etiam,
3063 1958 3437 2026 pwuitentiam
3471 1972 3597 2012 esse

326 2040 430 2104 γεϊ.
465 2041 691 2107 Ἀφεσις
717 2038 826 2106 (57)
852 2037 1030 2091 τοίνυν
1075 2036 1356 2108 ἁμαρτιῶν
1392 2037 1676 2106 μετανοίας
1719 2039 1904 2108 διατέ-

330 2145 442 2199 ρει·
479 2129 644 2200 ἄμφω
668 2129 724 2182 δὲ
746 2130 984 2183 δείκνυσι
1016 2129 1082 2182 τὰ
1117 2131 1202 2198 ἐφ’
1224 2131 1378 2201 ἡμῖν.
1421 2150 1438 2181 ι

2010 2059 2259 2111 magnam
2330 2047 2764 2116 intelligentiam.
2834 2046 2937 2114 Qui
3001 2049 3147 2103 enim
3215 2064 3425 2116 eorum,
3473 2063 3599 2120 quas

2013 2135 2180 2201 fecit,
2212 2139 2434 2192 ducitur
2486 2139 2828 2208 putuitentia,
2873 2157 2977 2193 non
3032 2141 3267 2210 amplius
3301 2142 3451 2206 facit,
3508 2146 3596 2198 vel

331 2222 493 2276 dicit:
525 2233 746 2292 propter
776 2238 839 2276 ea
880 2233 1059 2276 autem
1087 2263 1103 2288 ,
1147 2240 1269 2293 qua:
1314 2226 1579 2293 peccavit,
1640 2236 1901 2297 torquens
1955 2230 2194 2284 animam
2219 2271 2234 2294 ,
2262 2233 2402 2286 bona
2446 2232 2596 2288 facit.
2638 2232 2912 2290 Remissio
2970 2250 3100 2304 ergo
3139 2244 3488 2304 peccatorum
3532 2239 3591 2300 ta

325 2313 504 2370 diﬂ‘ert
538 2329 566 2368 a
594 2315 910 2384 pteuitentia
932 2331 944 2362 :
965 2318 1124 2370 ambo
1148 2326 1327 2373 autent
1353 2333 1418 2374 eo
1442 2321 1676 2375 ostendit
1710 2322 1763 2374 in
1792 2332 1979 2378 nostra
2002 2339 2123 2378 esse
2157 2334 2440 2394 potestate.
2476 2345 2492 2377 ι

1740 2476 1974 2532 CAPUT
2014 2476 2154 2531 XIII.

1452 2594 1526 2650 De
1554 2599 1728 2667 prima
1754 2607 1802 2651 et
1828 2600 2060 2653 secunda
2088 2601 2417 2669 poenitentia.

330 2729 347 2759 ι
391 2711 492 2764 Τὸν
525 2705 617 2764 οὖν
653 2706 916 2782 εἰληφότα
970 2711 1068 2782 τὴν
1102 2712 1295 2781 ἄφεσιν
1331 2711 1441 2766 τῶν
1482 2714 1763 2785 ἁμαρτιῶν
1804 2715 1902 2768 οὐκ

323 2805 401 2857 ἐτι
447 2803 779 2875 ἁμαρτάνειν
829 2805 966 2875 χρή’
1010 2805 1103 2856 ἐπὶ
1153 2803 1262 2877 γὰρ
1299 2806 1362 2874 τῇ
1411 2803 1604 2877 πρώτῃ
1637 2807 1730 2881 καὶ
1765 2805 1901 2877 μόνῃ

2081 2737 2097 2768 ι
2139 2715 2276 2771 Eum
2324 2733 2472 2786 ergo,
2523 2720 2617 2789 qui
2696 2720 2907 2790 accepit
2971 2721 3354 2776 remissionem
3403 2739 3596 2792 pecca~

2002 2816 2206 2875 torum,
2265 2824 2375 2864 non
2450 2821 2664 2876 oportet
2720 2812 2960 2879 amplius
3033 2829 3294 2882 peccare;
3349 2829 3476 2869 nam
3528 2818 3584 2870 in

326 2897 581 2968 μετανοίᾳ
624 2896 730 2948 τῶν
781 2895 1066 2970 ἁμαρτιῶν
1102 2896 1240 2967 αὕτη
1275 2895 1340 2948 ἂν
1375 2895 1459 2964 εἴη
1490 2895 1595 2948 τῶν
1625 2901 1906 2967 προϋπαρο
2002 2901 2101 2968 pt'il

1818 2913 1906 2967 ιιρο
2002 2901 2179 2968 prima
2238 2909 2292 2956 et
2353 2903 2514 2957 unica
2567 2913 2912 2972 peccatorum
2960 2906 3300 2974 paenitentia,
3365 2922 3428 2962 ea
3471 2907 3593 2962 fut:-

323 2989 528 3052 ξὰντων
591 2988 731 3042 κατά
786 2989 875 3041 τὸν
931 2989 1139 3040 eam»;
1190 2988 1284 3041 καὶ
1326 2988 1539 3059 πρῶτον
1563 2986 1698 3057 βίον,
1725 2987 1812 3040 τὸν
1844 2990 1900 3039 ὲν

322 3081 514 3152 ἀγνοίᾳ
573 3081 716 3150 λέγω
763 3081 894 3150 (58),
945 3080 1140 3133 αὐτίκα
1191 3083 1303 3142 τοῖς
1344 3080 1585 3148 κληθεῖσι
1617 3080 1900 3152 πρόκειται

326 3175 600 3244 μετάνοια,
643 3177 676 3244 ἡ
719 3173 1052 3244 καθαίρουσα
1099 3173 1188 3224 τὸν
1235 3173 1398 3224 τόπον
1429 3173 1530 3241 τῆς
1567 3172 1747 3242 ψυχῆς
1789 3173 1896 3226 ἀπὸ

321 3264 428 3318 τῶν
469 3265 970 3336 πλημμελημάτων,
1008 3265 1094 3318 ἵνα
1121 3266 1152 3334 ἡ
1185 3265 1368 3327 πίστις
1395 3264 1718 3336 Θεμε).ιωθῇ.
1749 3267 1900 3337 Καρ-

403 3392 458 3449 ﬁ
490 3384 551 3438 P.
585 3387 688 3440 439
718 3385 827 3439 ΕΙ).
861 3383 1154 3439 POTTER.
1179 3385 1420 3440 585-586
1473 3385 1580 3439 ΕΙ).
1606 3385 1832 3444 PARIS.

323 3512 460 3559 vero,
494 3514 611 3565 qum
633 3499 901 3550 succincta
927 3511 1024 3556 est,
1050 3509 1095 3549 et
1129 3498 1354 3550 viriliter
1385 3499 1518 3566 agit,
1556 3497 1891 3552 Abstinentia

322 3578 568 3621 meatur:
604 3567 713 3621 lucc
756 3568 869 3634 [ilia
916 3577 990 3620 est
1029 3567 1200 3621 Fidei.
1235 3566 1487 3636 Quisquis
1515 3584 1637 3636 ergo
1685 3579 1892 3622 secutus

324 3639 481 3705 fuerit
508 3637 678 3700 illaut,
711 3638 841 3705 felix
868 3639 954 3706 ﬁet
987 3640 1039 3690 in
1058 3640 1166 3690 vita
1189 3653 1318 3700 sua;
1348 3638 1595 3706 quoniam
1622 3638 1685 3690 ab
1719 3642 1894 3692 omni-

323 3708 415 3761 bus
447 3707 601 3758 malis
648 3709 889 3775 operibus
944 3709 1264 3771 abstinebit;
1297 3709 1510 3760 credens
1554 3709 1716 3776 quod,
1763 3710 1812 3761 si
1842 3727 1897 3762 se

321 3778 634 3832 continuerit
670 3779 734 3829 ab
780 3780 922 3831 omni
955 3778 1395 3846 concupiscentia,
1441 3777 1605 3830 lateres
1633 3781 1731 3830 erit
1774 3781 1895 3833 vitae

322 3861 548 3902 teternw.
595 3846 813 3920 (Iugera:
863 3860 1077 3911 autent,
1110 3854 1344 3917 inquam,
1369 3848 1605 3920 domina,
1638 3851 1886 3920 quinque,

321 3935 437 3988 quce
455 3929 571 3970 sunt
659 3915 837 3988 Filia',
883 3920 1072 3988 inquit,
1100 3915 1316 3988 inuicem
1345 3929 1488 3971 sunt.
1543 3915 1891 3973 Vocatur'au-

324 3986 423 4041 tem
462 3987 703 4057 quredam
738 3986 1086 4055 Simplicitas,
1121 3990 1231 4042 alia
1271 3987 1604 4052 Inuoceutia,
1635 3989 1746 4042 alia
1774 3989 1890 4043 Μο-

323 4059 514 4122 destia,
544 4059 652 4110 alia
689 4057 1000 4124 Disciplina,
1033 4060 1142 4112 alia
1173 4068 1347 4110 autem
1385 4059 1655 4112 Charitas.

391 4129 878 4197 (54)]1ροηγεῖτιιι
917 4169 929 4180 .
969 4170 983 4183 .
1012 4169 1025 4182 .
1067 4169 1080 4182 .
1118 4131 1155 4194 ἠ
1202 4129 1424 4196 ἀγάπη.
1473 4128 1700 4183 lIermas
1729 4130 1890 4198 paulo

325 4210 472 4266 post:
507 4198 589 4252 Ea:
616 4199 718 4267 ﬁde
747 4203 983 4252 nascitur
1029 4200 1361 4251 Abstinentia
1387 4238 1400 4261 ,
1443 4200 1508 4252 de
1556 4200 1892 4252 Abstinentia

325 4269 677 4336 Simplicitas,
706 4270 767 4322 de
797 4269 1142 4334 Simplicitate
1175 4267 1510 4334 lnnocentia,
1540 4271 1603 4322 de
1630 4269 1891 4324 Modestia

322 4339 620 4407 Disciplina
652 4351 699 4393 et
720 4339 986 4394 Charitas.

393 4411 506 4476 (55)
535 4413 851 4476 ψοϐητέον.
889 4411 1112 4474 Εοι·ιιιη,
1143 4425 1264 4478 qua:
1306 4419 1617 4478 sequuntur
1639 4451 1652 4473 ,
1693 4424 1891 4464 sensus

322 4490 500 4534 exstat
529 4482 666 4548 apud
707 4480 1079 4536 lIermautIib.
1127 4497 1183 4543 ll,
1218 4482 1456 4533 mandat.
1486 4482 1550 4533 7:
1590 4480 1753 4542 Time,
1808 4482 1892 4532 in—

1997 2993 2069 3045 rit
2113 3007 2326 3058 eorum,
2360 3009 2482 3062 quae
2513 2995 2666 3063 prius
2706 2991 2926 3049 fuerunt
2957 2995 3011 3047 in
3062 2995 3250 3065 gentili
3299 3005 3354 3051 et
3414 2997 3592 3066 prima

1999 3085 2129 3150 vita,
2161 3101 2246 3150 ea,
2279 3086 2524 3156 inquam,
2550 3101 2672 3155 qum
2703 3084 2804 3139 l‘uit
2836 3086 2890 3139 in
2925 3086 3258 3156 ignorantia,
3293 3087 3362 3141 iis
3385 3088 3578 3150 etiam,

2001 3177 2095 3246 qui
2144 3178 2321 3232 vocati
2381 3187 2527 3242 sunt,
2561 3179 2824 3232 continuo
2869 3179 3195 3247 pmpouitur
3233 3180 3587 3247 poenitentia,

1999 3283 2312 3339 expurgans
2337 3270 2516 3326 locum
2547 3269 2744 3324 animce
2770 3285 2801 3323 a
2835 3270 3095 3338 peccatis,
3133 3281 3190 3324 ut
3221 3271 3355 3325 lides
3382 3270 3583 3324 funde-

2075 3498 2188 3570 (37)
2228 3499 2489 3567 Ἀφεσις.
2513 3497 2635 3551 Hine
2662 3495 2895 3570 clariora
2924 3497 3072 3570 (ient,
3093 3497 3357 3566 appositis
3377 3495 3592 3570 Hermas

1999 3567 2200 3624 verbis.
2234 3570 2329 3637 qui
2375 3571 2537 3637 paulo
2586 3579 2712 3634 post
2765 3569 2867 3620 ltoe
2901 3567 3066 3620 modo
3110 3571 3316 3637 pergit:
3371 3567 3438 3622 Et
3475 3571 3590 3622 dixi

1999 3640 2114 3692 illi:
2151 3638 2328 3691 Etiam
2361 3655 2528 3701 nunc,
2563 3637 2807 3702 Domine,
2854 3638 3037 3690 audivi
3072 3655 3104 3690 η
3133 3638 3446 3706 quibusdam
3494 3641 3593 3692 do-

2001 3710 2257 3770 ctoribus,
2278 3709 2416 3778 quod
2448 3709 2556 3761 alia
2585 3709 2893 3774 poenitentia
2926 3725 3030 3759 non
3061 3719 3162 3772 est,
3189 3709 3291 3760 nisi
3322 3707 3438 3766 illa,
3469 3726 3589 3761 cum

2001 3781 2057 3833 in
2112 3795 2305 3850 aquant
2353 3778 2718 3832 descendimus
2746 3820 2758 3841 ,
2781 3848 2789 3850 4
2815 3787 2862 3830 et
2885 3779 3187 3850 accipimus
3225 3779 3586 3831 remissionem

1999 3848 2335 3920 peccatorum
2367 3861 2694 3910 nostrorum,
2725 3848 2958 3920 ulterius
2994 3864 3100 3920 non
3127 3864 3366 3920 peccare,
3407 3850 3498 3901 sed
3529 3853 3585 3901 in

1999 3917 2252 3974 castitate
2310 3935 2632 3988 permanere.
2715 3918 2783 3970 Et
2838 3919 2914 3969 ait
2972 3919 3135 3972 nti/ti:
3215 3917 3368 3972 Recte
3424 3922 3587 3971 audi-

1997 3991 2084 4042 sti.
2150 3989 2307 4042 Nunc
2359 4001 2554 4052 autent,
2611 3989 2737 4058 quia
2803 3988 3084 4056 diligenter
3139 3989 3318 4040 omnia
3363 3991 3584 4058 quieris,

1997 4005 2084 4042 stt.
2150 4005 2307 4042 tvunc
2359 4005 2554 4052 autent,
2611 4005 2737 4058 quia
2803 4005 3084 4056 diligenter
3139 4005 3318 4040 omnia
3363 4005 3584 4111 quieris,

1996 4068 2046 4112 et
2080 4060 2176 4111 lioc
2208 4060 2305 4110 tibi
2339 4059 2662 4120 demonstro,
2692 4075 2792 4110 non
2825 4059 2958 4110 dans
2991 4059 3358 4129 occasionemi
3387 4059 3454 4111 lis
3495 4062 3588 4129 qui

1995 4131 2250 4182 credituri
2274 4139 2418 4191 sunt,
2439 4140 2530 4182 aut
2563 4130 2653 4197 qui
2682 4129 3020 4182 crediderunt
3049 4129 3296 4181 Domino.
3315 4128 3418 4193 Qui
3446 4128 3585 4182 enim

1986 4200 2106 4268 jam
2142 4199 2505 4262 crediderunt,
2564 4209 2658 4252 aut
2691 4200 2782 4270 qui
2834 4201 3092 4252 credituri
3129 4208 3275 4270 sunt,
3329 4203 3583 4268 paeniten-

1999 4271 2127 4322 tiam
2152 4278 2489 4338 peccatorum
2520 4286 2625 4322 non
2656 4269 2871 4333 habent,
2905 4271 2995 4323 sed
3027 4269 3409 4323 remissionem.
3458 4270 3580 4324 Illis

1995 4342 2152 4403 enim,
2178 4341 2269 4409 qui
2291 4341 2464 4394 vocati
2492 4351 2616 4392 sunt
2649 4353 2773 4393 ante
2815 4340 2908 4394 ltos
2929 4341 3061 4401 dies,
3093 4340 3268 4406 posuit
3320 4339 3580 4393 Dominus

1995 4411 2382 4479 pwnitentiam.
2443 4409 2708 4473 Quoniam
2761 4411 3106 4478 cogitationes
3163 4411 3581 4476 pra'cordiorum

1997 4481 2134 4534 novit
2166 4480 2330 4542 Deus,
2354 4490 2404 4532 et
2432 4481 2530 4532 scit
2573 4480 2937 4547 inﬁrmitatem
2961 4479 3256 4540 hominum,
3303 4492 3352 4533 et
3391 4481 3581 4534 multi--

322 4552 455 4629 quit,
487 4549 786 4629 Dominum,
819 4564 865 4604 et
901 4551 1149 4629 inundata
1178 4549 1286 4618 ejus
1311 4552 1517 4603 custodi
1631 4549 1889 4629 ._Tim-ens
1925 4577 1967 4629 ο
1996 4553 2180 4620 plicem
2219 4551 2510 4629 nequitiam
2541 4549 2744 4629 diaboli
2762 4589 2784 4629 ,-
2819 4549 3402 4629 quantolituraliqitid
3446 4553 3582 4629 siui-

323 4618 461 4675 euim
491 4618 794 4683 Dominum,
826 4623 1002 4675 omnia
1043 4629 1176 4675 bona
1223 4637 1379 4689 opera
1402 4621 1719 4689 operaberis.
1782 4619 1886 4672 llic

321 4701 400 4746 est
432 4691 606 4761 timor,
644 4707 744 4757 quo
777 4694 957 4746 timere
991 4703 1211 4761 oportet,
1244 4701 1299 4743 ut
1335 4691 1510 4761 salvus
1550 4706 1659 4743 esse
1693 4692 1883 4758 possis.

325 4759 607 4816 Diabolum
632 4771 804 4812 autent
841 4779 902 4815 ne
945 4759 1129 4816 timeas
1162 4803 1177 4818 .
1219 4804 1229 4816 .
1267 4803 1280 4815 .
1324 4803 1336 4816 .
1371 4760 1514 4814 Time
1551 4761 1706 4829 plane
1746 4762 1890 4826 facta

324 4831 543 4892 diaboli,
567 4831 809 4902 quoniam
845 4833 1076 4902 maligna
1105 4844 1258 4887 sunt:
1285 4842 1509 4886 metuens
1532 4834 1670 4884 enim
1701 4830 1887 4884 Domi-

325 4921 471 4965 num,
505 4901 724 4963 timebis,
764 4911 818 4972 et,
843 4919 999 4969 opera
1031 4904 1231 4957 diaboli
1264 4921 1363 4958 non
1391 4904 1569 4972 facies,
1601 4902 1690 4954 sed
1713 4902 1884 4954 absti-

326 4975 469 5028 nobis
489 4983 534 5026 te
567 4972 628 5024 ab
664 4977 759 5024 eis.
795 4971 996 5040 Duplex
1033 4977 1169 5028 enim
1203 4977 1360 5028 timor
1392 4971 1488 5028 est.
1523 4972 1581 5027 Si
1601 4973 1738 5025 enim
1772 4988 1888 5024 nta-

325 5048 433 5099 lum
459 5044 661 5114 operari
690 5045 933 5104 volucris,
973 5045 1158 5097 tintens
1188 5047 1464 5099 Dominum
1496 5061 1556 5096 ne
1588 5044 1641 5096 id
1675 5043 1885 5111 quidem

325 5118 510 5185 facies.
546 5115 602 5169 Si
629 5125 798 5185 autem
824 5114 1012 5165 bonuut
1047 5119 1255 5184 operari
1288 5117 1506 5171 volueris
1534 5158 1548 5182 ,
1583 5115 1738 5167 timor
1781 5115 1888 5164 uti-

323 5184 422 5257 que
455 5188 660 5240 Domini
682 5184 905 5257 validus,
935 5195 1040 5237 etc.

394 5257 504 5326 (56)
541 5257 660 5324 Τὴν
682 5254 1020 5326 μετάνοιαν.
1056 5254 1261 5310 Horum
1288 5259 1450 5312 etiam
1490 5273 1680 5312 sensus
1710 5263 1886 5309 exstat

322 5325 563 5380 Pastoris
591 5325 690 5381 lilt.
736 5344 795 5392 lt,
829 5329 1066 5381 mandat.
1099 5328 1154 5389 4,
1181 5339 1316 5382 sect.
1349 5331 1412 5382 ‘2:
1469 5330 1656 5382 Annon
1688 5327 1779 5379 tibi
1815 5329 1886 5378 vi-

323 5399 494 5463 detur,
529 5401 889 5468 paenitentiam
918 5413 1088 5468 agere,
1121 5414 1367 5466 magnam
1402 5401 1714 5469 sapientiam
1753 5414 1881 5460 esse,

321 5471 569 5540 quoniam
601 5470 690 5539 qui
714 5472 1066 5535 paenitentiam
1093 5469 1221 5536 agit.
1254 5485 1463 5522 sen::um
1488 5486 1732 5540 magnum
1763 5469 1884 5520 adi-

321 5539 582 5602 piscitur?
612 5541 779 5595 Sentit
821 5543 958 5594 enim
988 5557 1039 5593 se
1057 5554 1312 5607 peccasse,
1346 5549 1394 5589 et
1435 5539 1620 5607 fecisse
1653 5543 1920 5609 nequiter'

323 5609 376 5681 in
397 5623 680 5681 conspectu
707 5611 952 5675 Domini;
1005 5621 1052 5664 et
1095 5609 1401 5662 recordatur
1440 5611 1705 5681 intellectu
1750 5610 1884 5681 quod

321 5677 543 5748 deliquit
566 5695 590 5753 ;_
609 5692 655 5732 et
677 5684 1038 5748 paenitentiam
1077 5681 1204 5753 agit,
1229 5690 1278 5732 et
1311 5680 1673 5753 ampliushnon
1697 5677 1886 5748 opera-

325 5759 412 5799 tur
440 5751 711 5814 nequiter;
743 5754 831 5805 sed
855 5750 1272 5822 operatur'bene,
1306 5761 1352 5802 et
1377 5750 1624 5822 ltumiliat
1652 5755 1886 5804 animant

325 5835 507 5892 suam,
554 5827 850 5892 etAtorquet
887 5820 1028 5889 eam,
1059 5825 1183 5892 quia
1232 5821 1479 5890 peccarit
1543 5820 1696 5873 Vides
1740 5839 1883 5891 θνὲΙον

327 5889 459 5957 quod
489 5889 792 5957 paenitentia
827 5909 1007 5947 sensus
1039 5889 1112 5946 est
1145 5889 1379 5964 magnus.

1995 4619 2091 4675 stri
2122 4622 2280 4673 servis
2306 4621 2419 4681 Dei,
2445 4628 2493 4671 et
2512 4620 2738 4688 maligne
2768 4620 3061 4674 insidiatur
3101 4619 3235 4673 illis.
3274 4619 3579 4675 Misericors

1996 4709 2114 4763 ergo
2149 4691 2401 4763 Dominus
2435 4691 2684 4743 misertus
2738 4699 2816 4743 est
2864 4691 3101 4760 ﬁgmenti
3149 4695 3266 4744 sui:
3318 4702 3367 4744 et
3401 4703 3576 4760 posuit

1996 4762 2567 4833 pcenitentiant__istam,
2607 4772 2655 4812 et
2691 4771 3002 4829 potestatem
3046 4764 3366 4829 pcenitentia:
3418 4765 3575 4830 hujus

1996 4830 2125 4886 iui/ti
2151 4833 2319 4886 dedit.
2351 4830 2419 4884 Et
2451 4833 2566 4883 ideo
2602 4834 2722 4885 dico
2757 4834 2872 4898 tibi,
2909 4835 3045 4901 quod
3091 4844 3206 4900 post
3249 4835 3574 4885 vocaliomm

1996 4905 2143 4956 illam
2172 4920 2419 4972 magnum
2464 4912 2510 4954 et
2539 4914 2801 4965 sanctam,
2839 4905 2882 4954 si
2914 4904 3029 4970 quis
3064 4911 3295 4972 tentatus
3331 4903 3492 4971 fuerit
3543 4921 3575 4955 α

1995 4974 2227 5035 diabolo,
2257 4970 2413 5025 unam
2446 4975 2810 5040 pwnitentiam
2856 4973 3025 5024 liabet.
3057 4970 3116 5025 Si
3147 4970 3576 5027 autentsubiude

1995 5055 2185 5114 peccet,
2218 5054 2264 5096 et
2295 5046 2658 5113 paenitentiam
2694 5055 2836 5111 agat,
2865 5059 2964 5094 non
2992 5044 3232 5114 proderit
3265 5046 3465 5097 homini
3491 5057 3575 5097 ta-

1994 5112 2070 5170 lia
2117 5112 2335 5185 agsntir
2367 5115 2574 5180 difficile
2605 5116 2742 5166 enim
2797 5116 2924 5166 vivet
2977 5113 3102 5167 Deo.
3133 5112 3234 5168 Ubi
3263 5115 3407 5169 conf.
3453 5131 3574 5184 quae

1999 5183 2278 5240 adnotavit
2304 5183 2624 5238 Cotelcrius.

2068 5260 2178 5324 (58)
2223 5256 2344 5307 Ἐπὶ
2391 5253 2499 5322 γὰρ
2530 5251 2622 5325 -τῇ
2839 5255 3014 5325 λέγω.
3082 5254 3206 5309 Ηςεο
3259 5255 3573 5323 parenthesi

1994 5328 2319 5383 includenda
2345 5339 2489 5379 sunt.
2529 5323 2836 5378 Lowrn.-—-
2860 5323 3182 5381 Clarissimo
3229 5325 3434 5379 Grahio
3466 5327 3576 5383 huc

1994 5399 2306 5481 lllOdO‘Il-T?
2334 5396 2661 5480 distinguere
2690 5396 2982 5481 visume-st
3017 5417 3028 5450 :
3058 5397 3150 5477 erit
3181 5396 3290 5481 γὰρ
3322 5397 3565 5481 τῇητρῴ-

1992 5486 2062 5542 τῃ
2100 5471 2194 5524 καὶ
2237 5469 2385 5551 μόνῃ.
2427 5466 2684 5551 μετανοίά
2716 5467 2823 5520 τῶν
2864 5466 3176 5551 ἀμαρτέεῦν·
3211 5466 3572 5551 αὓτηίήᾶνεέη

1993 5537 2101 5593 τῶν
2130 5537 2311 5612 73.9.;—
2333 5537 2503 5605 λέγω·
2554 5537 2754 5591 αὐτίκα
2793 5537 3004 5612 τοῖςγκλ-
3036 5537 3174 5612 Nam
3202 5550 3324 5612 Ροδτ
3348 5537 3574 5609 Primam

1992 5623 2040 5664 et
2080 5611 2291 5665 unicam
2318 5617 2652 5679 peccatorum
2690 5611 3047 5680 pznitentiam
3074 5611 3158 5678 (ea
3185 5611 3345 5678 fuerit
3371 5625 3571 5674 eorum,

1993 5699 2112 5751 qua:
2147 5686 2296 5752 prius
2332 5681 2541 5752 fuerunt
2579 5681 2634 5733 in
2674 5680 2856 5752 gentili
2893 5689 2942 5732 et
2967 5681 3142 5748 prima
3181 5683 3289 5734 vita
3328 5696 3452 5752 :ea,
3487 5681 3573 5732 in-

1993 5751 2176 5821 quant,
2216 5768 2331 5823 qua:
2364 5751 2463 5820 fuit
2499 5753 2551 5804 in
2593 5751 2936 5822 ignorantia),
2964 5752 3031 5804 iis
3075 5753 3255 5814 etiam,
3284 5751 3373 5819 qui
3401 5753 3574 5805 vocati
3602 5755 3605 5760 “

1994 5834 2140 5891 sunt,
2179 5824 2422 5877 continuo
2460 5824 2773 5892 proponitur
2830 5823 3163 5892 ptenitentia,
3205 5837 3322 5892 exp.
