4484 6586
830 487 935 545 999

1995 475 2387 537 CLEMENTIS
2423 472 2895 532 ALEXANDRINI

3954 474 4095 529 1000

819 624 929 663 non
962 622 1085 664 esse
1113 605 1389 677 mysteriis
1419 604 1733 671 initiatum;
1759 611 1853 658 aut
1879 602 2140 672 ignorans
2169 601 2223 656 id
2253 599 2395 667 quod
2425 603 2472 657 Α
2499 597 2590 650 ἀντ

2319 599 2395 652 md
2425 603 2472 657 Α
2499 596 2789 650 ἀντίπαλον
2836 593 3026 665 ἀφεὶς,
3072 592 3168 647 καὶ
3221 593 3550 661 ἀποκτείνας
3589 595 3787 649 οἰκεῖον
3832 591 3955 645 ἀντὶ
3996 593 4090 646 τοῦ

818 699 1026 770 agitur,
1074 708 1135 753 ut
1178 697 1296 767 qui,
1344 696 1576 752 dimisso
1624 695 1974 757 adversario,
2034 693 2399 748 domesticum

819 792 1023 847 occidit
1071 805 1169 860 pro
1228 789 1488 856 inimico;
1535 797 1630 843 aut
1683 789 1736 842 id
1790 802 1900 857 quo
1951 784 2153 854 agitur,
2205 797 2264 839 ut
2308 784 2403 855 qui

820 883 1118 955 przepllatis
1178 890 1465 937 exercetur
1509 880 1734 944 lanceis,
1787 888 1843 934 et
1889 877 2127 947 aliquem
2174 876 2403 931 interfe-

825 975 937 1037 cit,
1009 988 1137 1028 cum
1200 973 1368 1043 pilam
1430 971 1622 1024 lancea
1699 969 1858 1040 167
1933 967 2239 1031 amisisset;
2311 975 2408 1021 aut

824 1066 1091 1136 ignorans
1116 1060 1575 1135 quemadmodum
1603 1072 1748 1116 θεενι
1783 1060 2114 1120 faciendum,
2139 1057 2319 1126 utqui
2347 1057 2405 1111 in

822 1156 1008 1211 stadio
1057 1155 1254 1212 occidit
1291 1153 1705 1217 adversarium;
1740 1166 1849 1205 non
1893 1150 2039 1204 enim
2083 1156 2142 1201 ut
2186 1147 2407 1202 occide-

817 1259 925 1313 ret,
960 1250 1054 1304 sed
1083 1257 1142 1302 ut
1172 1247 1437 1310 vinceret,
1471 1244 1820 1309 certabatur;
1857 1251 1953 1296 aut
1987 1241 2068 1302 id,
2094 1239 2254 1309 cujus
2285 1252 2406 1308 gra-

821 1341 896 1396 tia
942 1344 1151 1412 agitur,
1186 1338 1652 1405 quemadmodum
1706 1336 1855 1391 dedit
1896 1335 2143 1390 medicus
2182 1333 2404 1387 salubre

821 1436 1152 1495 antidotum,
1180 1441 1235 1485 et
1284 1430 1505 1485 occidit.
1539 1428 1593 1485 ls
1620 1437 1802 1483 autem
1835 1444 1943 1481 non
1994 1441 2061 1481 ea
2111 1426 2181 1481 de
2234 1440 2402 1481 causa

818 1527 988 1586 dedit,
1018 1525 1117 1580 sed
1170 1533 1231 1579 ut
1280 1537 1407 1578 eum
1453 1531 1719 1578 servaret.
1766 1521 1843 1573 Ac
1891 1518 2148 1589 puniebat
2180 1518 2399 1588 quidem

815 1616 952 1672 tunc
975 1630 1198 1686 quoque
1229 1615 1315 1668 lex
1343 1629 1492 1678 eum,
1524 1613 1617 1682 qui
1643 1628 1751 1666 non
1778 1620 1970 1680 sponte
1997 1608 2304 1673 interiecit;
2341 1615 2402 1660 ut

816 1724 970 1774 eum,
1013 1704 1110 1778 qui
1140 1721 1252 1761 non
1288 1715 1482 1775 sponte
1513 1703 1795 1757 laborabat
1826 1700 2095 1770 proﬂuvio
2125 1699 2350 1755 seminis
2382 1715 2396 1750 :

819 1804 915 1859 sed
966 1817 1074 1856 non
1125 1814 1280 1869 teque
1322 1810 1482 1865 atque
1510 1809 1659 1857 eum,
1690 1793 1784 1862 qui
1829 1804 2043 1859 sponte.
2071 1786 2395 1857 Quanquam

819 1890 910 1949 ille
931 1906 1150 1962 quoque
1179 1888 1435 1957 punietur
1467 1896 1724 1953 tanquam
1754 1891 1974 1951 propter
2000 1879 2391 1942 voluntarium,

2507 687 2799 758 πολεμίου·
2824 690 2859 761 ἢ
2908 688 2970 743 τὸ
3019 688 3076 739 ὲν
3119 686 3229 739 τίνι
3277 689 3601 757 πράττεται,
3635 686 3886 756 καθάπερ
3913 685 3944 737 6
3970 688 4093 750 ταῖς

2505 783 2946 852 ἐσφαιρωμὲναις
2968 780 3189 850 λόγχαις
3213 780 3627 851 γυμναζόμενος
3644 782 3738 836 καὶ
3763 777 4095 841 ἀποκτείνας

2505 871 2649 935 τινὰ,
2696 873 2791 925 τοῦ
2837 873 3062 944 δόρατος
3110 868 3478 933 ἀποὸαλόντος
3518 872 3617 943 τὴν
3661 876 3931 946 σφαῖρανθ
3965 870 3999 942 ἢ
4031 870 4096 922 τὸ

2510 963 2662 1035 παρά
2691 963 2752 1015 τὸ
2795 963 2937 1027 πῶς,
2971 964 3047 1028 ὡς
3071 966 3100 1018 ὁ
3130 965 3188 1016 ὲν
3216 960 3415 1030 σταδίῳ
3449 961 3778 1029 ἀποκτείνας
3805 965 3896 1019 τὸν
3929 965 4092 1019 ἀντα-

2503 1054 2801 1126 γωνιστήν·
2837 1054 2901 1107 οὐ
2935 1054 3045 1126 γὰρ
3073 1052 3324 1115 θανάτου,
3360 1049 3496 1103 ἀλλὰ
3527 1051 3687 1124 νίκης
3719 1055 3878 1126 χάριν
3898 1051 4094 1124 ὴγωνξ-

2505 1150 2628 1217 ζετο
2644 1167 2659 1181 ·
2687 1149 2721 1222 ἢ
2748 1148 2811 1203 τὸ
2841 1142 2904 1202 οὗ
2932 1151 3096 1207 ἕνεκα
3124 1152 3444 1225 πράττεται,
3465 1145 3577 1203 οἷον
3593 1152 3622 1203 6
3653 1154 3837 1225 ἰατρὸς
3863 1154 4095 1208 δέδωκεν

2503 1244 2773 1299 ἀντίδοτον
2825 1244 3089 1313 ὑγιεινὴν,
3126 1247 3222 1298 καὶ
3274 1243 3622 1297 ἀπέκτεινεν·
3660 1243 3688 1294 6
3719 1243 3776 1296 δὲ
3807 1247 3870 1298 ος,
3901 1245 4095 1299 τούτου

2503 1336 2665 1408 χάριν
2707 1335 2959 1402 δέδωκεν,
2991 1334 3130 1389 ἀλλὰ
3172 1335 3265 1390 τοῦ
3303 1334 3492 1388 σῶσαι.
3542 1333 3795 1404 Ἑκράτει
3823 1337 3923 1406 μὲν
3944 1334 4036 1391 οὖν
4064 1339 4096 1391 6

2503 1428 2668 1497 νόμος
2717 1427 2837 1480 τότε
2888 1427 2983 1479 καὶ
3037 1426 3132 1480 τὸν
3191 1429 3458 1489 ἀκουσίως
3506 1423 3862 1496 φονεύσαντα,
3896 1429 3974 1492 ὼς
4000 1430 4097 1483 τὸν

2499 1521 2771 1583 ἀκουσίως
2801 1520 3094 1591 γονορῤυῆ,
3116 1520 3232 1574 ἀλλ’
3260 1525 3321 1576 οὐ
3368 1523 3489 1576 κατ’
3520 1520 3631 1573 ἴσον
3674 1519 3754 1590 τῷ
3805 1521 4093 1588 ὲκουσίως;

2499 1606 2694 1666 Καίτοι
2723 1614 2974 1675 κάκεῖνος
2990 1612 3066 1676 ὡς
3089 1615 3183 1666 ἐπὶ
3217 1615 3452 1685 ἑκουσίῳ
3485 1614 3903 1684 κολασθήσεται,
3936 1615 4097 1681 εἴτις

2504 1705 2806 1775 μεταγάγοι
2838 1704 2900 1758 τὸ
2931 1704 3103 1768 πάθος
3134 1706 3229 1757 ἐπὶ
3263 1706 3362 1777 τὴν
3404 1707 3662 1779 ἀλήθειαν
3681 1723 3696 1736 ·
3737 1705 3816 1776 τῷ
3847 1707 3965 1759 ὄντι
3984 1711 4096 1781 γάρ

2499 1796 2795 1860 κολαστέος
2829 1799 2858 1850 ὁ
2888 1797 3136 1868 ἀκρατὴς
3161 1797 3255 1851 τοῦ
3286 1798 3513 1869 γονίμου
3535 1801 3693 1869 λόγου
3710 1817 3725 1830 ·
3752 1799 3781 1852 δ
3813 1799 3909 1852 καὶ
3936 1802 4094 1869 αὐτὸ,

2499 1885 2670 1948 πάθος
2702 1887 2819 1939 ἐστὶ
2846 1886 3023 1959 ψυχῆς
3045 1886 3260 1954 ἄλογον,
3293 1889 3463 1956 ἐγγὺς
3496 1890 3812 1961 ἀδολεσχίας
3845 1890 3950 1943 ίόν·
3991 1895 4085 1946 Hea

817 1987 865 2042 si
914 1985 1037 2054 quis
1083 1972 1339 2036 allectum
1385 1975 1693 2031 traduxerit
1738 1973 1807 2028 ad
1849 1970 2395 2027 veritatem.Revera
2428 1978 2470 2032 Β
2498 1990 2588 2031 στι

2319 1986 2395 2025 :ra
2428 1978 2470 2032 B
2498 1977 2648 2044 στὸς
2697 1977 2766 2030 δὲ
2816 1978 3031 2046 ᾕρηται
3082 1977 3243 2047 πνοῇ
3286 1980 3575 2046 κρύπτειν
3610 1981 3922 2051 πράγματα
3954 1982 4090 2054 (Si).

813 2079 959 2133 enim
993 2070 1079 2131 est
1110 2073 1420 2145 puniendus
1462 2072 1529 2134 is,
1561 2069 1657 2139 qui
1700 2076 1786 2123 est
1818 2067 1971 2122 verbi
2030 2065 2283 2136 genitalis
2316 2066 2400 2118 in-

813 2169 1145 2224 continens:
1177 2164 1324 2235 quod
1356 2164 1535 2232 ipsum
1570 2175 1790 2231 quoque
1836 2168 1922 2215 est
1967 2156 2138 2213 animi
2187 2157 2402 2212 all‘cctio

810 2258 990 2317 aliena
1038 2275 1068 2313 a
1118 2259 1356 2319 ratione,
1408 2271 1532 2325 qua:
1579 2269 1749 2322 prope
1805 2252 2018 2307 accedit
2064 2251 2132 2307 ad
2186 2249 2399 2303 {utilem

810 2351 1199 2423 loquacitatem
1260 2368 1274 2403 :
1320 2346 1525 2400 Fidelis
1565 2358 1742 2399 autem
1780 2344 1926 2412 eligit
1970 2359 2049 2396 res
2085 2342 2256 2396 celare
2287 2342 2400 2402 spi-

814 2446 924 2499 ritu
969 2457 1020 2497 ι.
1049 2440 1184 2510 Quae
1221 2451 1414 2511 sponte
1446 2455 1578 2508 erg-0
1608 2447 1662 2492 ct
1688 2453 1752 2491 ex
1784 2436 2047 2491 electione
2085 2433 2399 2500 suscipiun-

814 2545 926 2601 tur,
981 2535 1305 2603 puniuntur.
1342 2528 1598 2581 Dominus
1646 2527 1788 2581 enim
1835 2532 2107 2578 scrutatur
2142 2522 2305 2575 corda
2347 2529 2399 2576 et

809 2641 957 2679 renes
989 2624 1017 2665 δ
1056 2638 1076 2675 :
1114 2632 1168 2677 et
1205 2620 1482 2690 judicatur
1522 2620 1592 2685 is,
1626 2619 1720 2688 qui
1766 2617 1992 2686 respexit
2022 2617 2090 2667 ad
2124 2614 2404 2682 concupis—

808 2715 1039 2768 centiam
1054 2722 1102 2766 α.
1129 2710 1311 2777 Quare
1342 2712 1507 2765 etiam
1534 2708 1689 2774 dicit,
1721 2704 1803 2761 Ne
1839 2705 2183 2774 concupiscas
2201 2703 2249 2758 ά.
2291 2703 2392 2768 Ει,

811 2800 917 2855 Hic
967 2798 1214 2869 populus,
1241 2799 1443 2867 inquit,
1475 2799 1701 2849 honorat
1741 2811 1823 2849 me
1855 2794 2047 2858 labiis;
2089 2810 2180 2847 cor
2219 2805 2397 2849 autem

809 2896 1048 2963 ipsorum
1095 2892 1279 2962 procul
1308 2899 1386 2946 est
1436 2908 1469 2944 a
1509 2906 1589 2944 me
1606 2900 1652 2943 ο.
1685 2888 1831 2943 Deus
1880 2888 2025 2942 enim
2056 2887 2280 2957 respicit
2328 2887 2394 2940 ad

809 2986 1078 3039 animum.
1103 2981 1238 3037 Nam
1275 2997 1504 3036 uxorem
1528 2994 1752 3049 quoque
1770 2978 1895 3041 Lot,
1915 2993 2040 3048 qua:
2073 2993 2173 3033 sua
2201 2988 2395 3047 sponte

2506 2070 2589 2124 Τά
2623 2071 2984 2143 προαιρετικά
3016 2071 3193 2126 τοίνυν
3222 2071 3488 2144 κρίνεται.
3517 2074 3736 2141 Κύριος
3762 2076 3872 2144 γὰρ
3906 2074 4094 2136 ἐτάζει

2504 2156 2753 2225 καρδίας
2792 2158 2890 2211 καὶ
2917 2160 3177 2227 νεφρούς
3199 2176 3214 2189 ’
3251 2161 3346 2213 καὶ
3370 2161 3399 2212 ὁ
3437 2160 3745 2230 ἐμϐλέψας
3781 2164 3928 2231 πρὸς
3965 2165 4095 2218 em;

2504 2248 2722 2315 θυμίαν
2741 2248 3008 2317 κρίνεται.
3024 2250 3136 2313 Διὸ,
3154 2249 3318 2318 Μηδὲ
3331 2251 3731 2321 ἐπιθυμήσῃς,
3759 2254 3928 2324 λέγει·
3973 2259 4090 2322 καὶ,

2515 2337 2579 2391 ’0
2613 2340 2765 2405 λαὸς
2801 2336 2982 2405 οὗτος
3001 2341 3126 2406 τοῖς
3153 2344 3391 2410 χείλεσι
3411 2361 3489 2412 με
3527 2345 3686 2415 τιμᾷ,
3717 2348 3911 2417 φησίνο
3945 2350 3985 2418 ἠ
4022 2349 4095 2403 δὲ

2504 2429 2718 2497 καρδία
2763 2430 2965 2485 αὐτῶν
3001 2433 3202 2501 πόρρω
3239 2434 3416 2487 ἐστὶν
3441 2436 3545 2488 ἀπ’
3582 2438 3751 2507 ἐμοῦ.
3792 2441 3887 2505 Et;
3920 2441 4094 2513 αὐτὴν

2503 2520 2612 2591 γὰρ
2642 2523 2824 2593 ἀφορᾷ
2853 2523 2954 2595 τὴν
3001 2523 3228 2596 γνώμην
3259 2527 3288 2578 6
3335 2526 3489 2590 Θεόςο
3524 2529 3647 2582 ἐπεὶ
3679 2531 3775 2584 καὶ
3822 2533 3923 2604 τὴν
3965 2533 4093 2587 Λὼτ

2502 2616 2736 2681 γυναῖκα
2760 2616 3184 2687 ὲπιπραφεῖσαν
3219 2618 3377 2686 μόνον
3426 2619 3688 2680 ἑκουσίως
3721 2623 3814 2674 ἐπὶ
3844 2625 3944 2692 τὴν
3989 2636 4091 2677 καλ-

2503 2704 2629 2759 κίαν
2660 2706 2760 2777 τὴν
2801 2708 3095 2780 κοσμικὴν,
3127 2710 3416 2763 κατέλιπεν
3461 2711 3806 2782 ἀναίσθητον,
3836 2714 3910 2777 ὡς
3944 2713 4092 2769 λίθον

2499 2796 2682 2863 δείξας
2721 2797 2999 2871 ἀλατίνην,
3025 2802 3120 2854 καὶ
3167 2804 3390 2874 στήσας,
3426 2808 3506 2867 εἰς
3551 2805 3612 2857 τὸ
3646 2805 3720 2877 μὴ
3757 2810 3944 2878 πρόσω
3982 2820 4093 2880 xor-

2502 2890 2636 2958 ρεῖν,
2671 2890 2733 2942 οὐ
2769 2891 2958 2962 μωρὰν
2986 2893 3082 2947 καὶ
3114 2893 3394 2966 ἄπρακτον
3429 2898 3874 2971 είκόνα,ἁρτύσαι
3904 2902 3961 2954 δὲ
3993 2903 4092 2956 καὶ

2503 2979 2703 3049 στῦψαι
2734 2982 2826 3035 τὸν
2862 2987 3251 3056 πνευματικῶς
3274 2988 3570 3059 δυνάμενον
3601 2990 3805 3062 διορᾷν.

808 3081 987 3135 solum
1040 3088 1159 3133 erat
1209 3093 1470 3133 conversa
1519 3076 1588 3130 ad
1622 3075 1961 3130 mundanum
2014 3073 2231 3138 vitium,
2261 3073 2483 3143 reliquit
2531 3076 2869 3145 insensilem,
2921 3081 2977 3133 in
3041 3082 3456 3137 similitudinem
3515 3085 3704 3139 salinae
3757 3097 3923 3155 petrzr
3953 3102 4090 3142 con-

806 3184 1021 3227 versam
1045 3204 1066 3238 ,
1094 3179 1149 3225 et
1198 3170 1279 3224 sic
1333 3171 1517 3233 lixam,
1575 3183 1646 3222 ne
1693 3167 1924 3221 ulterius
1965 3165 2400 3235 progrederetur,
2445 3180 2552 3219 non
2581 3169 2804 3222 stultam
2832 3179 2887 3225 et
2913 3186 3037 3241 qua:
3066 3172 3204 3226 nihil
3229 3173 3464 3230 elIiceret
3486 3176 3798 3247 imaginem,
3830 3178 3924 3233 sed
3966 3188 4090 3248 qua:

807 3265 1034 3324 condire
1057 3270 1113 3317 et
1150 3263 1477 3318 conﬁrmare
1504 3272 1690 3332 posset
1717 3275 1844 3316 eum
1865 3259 1961 3330 qui
1985 3265 2164 3329 potest
2188 3258 2495 3328 perspicere
2522 3260 2865 3328 spiritaliter.

2243 3373 2471 3429 CAPUT
2512 3375 2627 3433 XV.

1444 3498 1525 3553 De
1558 3498 1782 3554 diuersis
1810 3498 2102 3552 voluntarii
2135 3506 2185 3551 et
2212 3507 2549 3566 peccatorum
2580 3501 2773 3556 exinde
2802 3506 3131 3572 sequentium
3164 3508 3460 3578 generibus.

883 3621 944 3681 ᾖ
966 3613 1352 3669 Voluntarium
1372 3620 1688 3676 autem,seu
1713 3609 2313 3682 spontaneum,est,vel
2329 3624 2394 3662 ex
2424 3593 2469 3647 (ἶ
2572 3610 2646 3663 Τὸ

2329 3624 2394 3662 ex
2424 3593 2469 3647 (ἶ
2572 3610 2646 3663 Τὸ
2669 3611 2713 3663 δ’
2743 3612 2991 3667 ἑκούσιον
3022 3616 3055 3687 ἢ
3097 3616 3159 3669 τὸ
3201 3619 3321 3671 κατ’
3361 3618 3540 3689 ὄρεξιν
3576 3623 3745 3684 ἐστιν,
3779 3623 3812 3692 ἢ
3845 3622 3906 3674 τὸ
3945 3628 4088 3678 κατὰ

807 3708 1166 3778 appetitione,
1189 3708 1274 3761 vel
1306 3721 1372 3761 ex
1399 3706 1684 3771 electione,
1701 3705 1786 3760 vel
1800 3721 1869 3759 ex
1901 3704 2072 3759 animi
2104 3704 2394 3759 sententia.

807 3796 931 3852 Jam
950 3813 1083 3852 vero
1096 3799 1211 3853 haec
1233 3796 1646 3867 quodammodo
1673 3797 1817 3850 inter
1835 3809 1894 3849 se
1922 3809 2091 3865 prepe
2118 3793 2225 3848 sita
2246 3800 2396 3854 sunt,

806 3900 1129 3960 peccatum,
1169 3889 1582 3956 infortunium,f
1602 3887 1784 3944 scelus
1816 3901 1912 3943 seu
1944 3886 2167 3956 injuria.
2218 3884 2286 3939 Et
2313 3894 2398 3938 est

805 3993 1093 4055 peccatum
1108 3982 1353 4055 quidem,
1367 3983 1518 4037 verbi
1537 3982 1733 4053 gratia,
1750 3981 2037 4036 luxuriose
2058 3989 2114 4035 et
2128 3980 2396 4049 intempe-

805 4079 992 4132 ranter
1012 4077 1215 4131 vivere.
1245 4075 1614 4131 lnfortunium
1637 4083 1842 4137 autem,
1862 4072 2101 4127 amicum
2129 4078 2391 4142 tanquam

807 4168 1094 4224 inimicum
1118 4168 1415 4223 inscienter
1427 4168 1700 4221 occidere.
1717 4165 1910 4221 Scelus
1923 4173 2103 4219 autem
2125 4179 2221 4219 seu
2250 4163 2398 4232 inju—

807 4261 891 4315 ria
914 4268 1018 4324 est,
1045 4260 1428 4329 sepulcrorum
1458 4257 1702 4323 ell'ossio,
1736 4267 1834 4311 aut
1854 4255 2226 4325 sacrilegium.
2258 4253 2394 4308 Peeo

807 4367 936 4406 care
979 4359 1161 4405 autem
1189 4358 1409 4406 constat
1433 4366 1501 4407 ex
1539 4365 1627 4415 eo,
1655 4350 1801 4420 quod
1833 4347 2047 4403 nesciat
2080 4346 2207 4416 quis
2236 4345 2386 4415 judi-

807 4460 937 4501 care
987 4445 1250 4515 quidnam
1307 4444 1488 4500 lacere
1547 4451 1818 4515 oporteat,
1877 4449 1976 4497 aut
2020 4439 2168 4511 quod
2218 4437 2397 4493 facere

810 4552 923 4592 non
970 4538 1145 4606 possit
1179 4555 1193 4591 :
1227 4536 1372 4591 sicut
1395 4545 1543 4591 certe
1584 4537 1641 4590 in
1676 4536 1885 4592 fossam
1932 4548 2158 4605 quoque
2206 4530 2398 4586 incidit

810 4631 1035 4702 aliquis,
1070 4631 1153 4685 vel
1199 4628 1345 4700 quod
1403 4630 1757 4699 ignoraverit,
1784 4631 1871 4685 vel
1918 4629 2065 4700 quod
2115 4628 2397 4685 transilire

809 4739 917 4778 non
965 4724 1207 4793 potuerit
1254 4729 1478 4793 propter
1521 4722 1948 4777 imbecillitatem
1986 4722 2254 4793 corporis.
2290 4719 2393 4775 Sed

809 4818 864 4872 in
886 4827 1072 4871 nostra
1097 4816 1318 4887 quidem
1349 4822 1499 4871 certe
1531 4823 1618 4870 est
1641 4822 1934 4885 potestate,
1954 4825 2015 4870 ut
2035 4814 2398 4885 percipiendae

809 4909 1114 4978 disciplinae
1166 4923 1391 4978 operam
1445 4909 1663 4975 demus,
1693 4915 1749 4962 et
1781 4915 1843 4961 ut
1871 4921 2163 4976 pareamus
2193 4922 2400 4978 praeco—-

811 5000 919 5070 ptis
961 5017 974 5053 :
1005 5014 1239 5069 quorum
1277 5001 1322 5055 si
1349 5001 1694 5056 uoluerimus
1719 5014 1840 5054 esse
1872 4998 2188 5068 participes,
2218 5000 2315 5053 irae
2342 5005 2398 5051 et

807 5090 1074 5161 voluptati
1114 5106 1216 5145 nos
1247 5091 1398 5161 ipsos
1428 5091 1711 5155 dedentes,
1754 5089 2130 5161 peccabimus,
2169 5089 2253 5144 vel
2297 5104 2398 5159 po-

2498 3704 2836 3775 προαίρεσιν,
2871 3708 2905 3777 ἢ
2936 3707 2999 3760 τὸ
3030 3709 3170 3761 κατὰ
3223 3709 3481 3765 διάνοιαν.
3516 3713 3724 3767 Λύτίκα
3758 3716 4086 3786 παράκειταί

2497 3812 2612 3858 πως
2638 3796 2813 3851 ταῦτα
2842 3798 3112 3871 ἀλλήλοις,
3141 3802 3448 3873 ἁμάρτημα
3482 3804 3613 3873 (52),
3670 3807 3950 3879 ἀτύχημα,
3972 3810 4087 3863 ἀδί-

2496 3904 2666 3957 κημα.
2723 3890 2833 3943 Καὶ
2887 3890 3037 3945 ἔστιν
3088 3894 3390 3966 ἁμάρτημα
3438 3897 3557 3966 μὲν,
3606 3897 3736 3969 φέρε
3783 3901 3978 3965 είπεῖν,
4024 3902 4087 3954 τὸ

2492 3980 2839 4050 τρυφητικῶς
2870 3982 2963 4037 καὶ
2992 3984 3237 4052 ἀσελγῶς
3281 3986 3459 4056 βιοῦνο
3490 3987 3749 4059 ἀτύχημα
3776 3989 3834 4042 δὲ
3874 3990 3967 4044 τὸν
3998 3992 4084 4061 φί-

2493 4070 2601 4137 λον,
2634 4073 2710 4137 ὼς
2757 4074 3036 4146 πολέμιον,
3081 4078 3170 4130 ὑπ’
3205 4081 3426 4148 ἀγνοίας
3474 4080 3690 4150 βαλεῖνο
3726 4082 3970 4152 ἀδίκημα
4023 4082 4083 4135 δὲ

2503 4164 2537 4234 ἡ
2570 4164 2927 4237 τυμϐωρυχία
2957 4168 2989 4239 ἢ
3021 4169 3055 4238 ἡ
3105 4169 3395 4241 ἱεροσυλία.
3426 4171 3500 4224 Τὸ
3538 4172 3596 4225 δὲ
3630 4174 3967 4243 ἁμαρτάνειν
4020 4177 4087 4229 ἐκ

2499 4255 2594 4309 τοῦ
2639 4259 2857 4326 ἀγνοεῖν
2904 4261 3111 4332 κρίνειν
3145 4264 3173 4316 ὃ
3204 4281 3257 4317 τι
3289 4267 3396 4338 χρὴ
3431 4270 3604 4320 ποιεῖν
3657 4268 4007 4329 συνίσταται,
4047 4270 4081 4341 ἢ

2500 4350 2578 4420 τῷ
2606 4351 2888 4406 ἀδυνατεῖν
2914 4356 3089 4407 ποιεῖν
3111 4372 3124 4385 ·
3159 4355 3347 4429 ὥσπερ
3378 4358 3572 4428 ἀμέλει
3601 4357 3696 4411 καὶ
3721 4357 3899 4431 βόθρῳ
3932 4378 4085 4433 περι-

2503 4442 2688 4497 πίπτει
2719 4462 2826 4511 τις,
2859 4446 2977 4517 ήτοι
3010 4448 3304 4520 ἀγνοήσας,
3349 4451 3383 4521 ἢ
3418 4449 3756 4521 ἀδυνατήσας
3783 4451 4083 4524 ὑπερὸῆναι

2502 4537 2568 4589 δι’
2600 4538 2885 4593 ἀσθένειαν
2918 4539 3189 4609 σώματος.
3237 4543 3377 4595 Ἀλλ’
3411 4543 3497 4610 ἐφ’
3528 4544 3662 4612 ἡμῖν
3693 4559 3757 4611 γε
3785 4544 3819 4614 ἦ
3852 4561 3913 4597 τε
3945 4544 4081 4617 πρὸς

2501 4631 2599 4700 τὴν
2630 4632 2875 4686 παιδείαν
2908 4633 3064 4702 ἡμῶν
3099 4637 3439 4707 παράστασις
3471 4634 3505 4704 ἧ
3539 4651 3597 4687 τε
3626 4636 3759 4706 πρὸς
3804 4636 3903 4700 τὰς
3936 4637 4087 4689 ἐντο-

2433 4767 2476 4822 D
2504 4714 2601 4779 1a;
2631 4718 2875 4822 ὑπακοήέ
2903 4713 2977 4772 ὧν
3011 4722 3158 4793 εἰμὴ
3195 4724 3446 4794 μετέχειν
3480 4722 3894 4796 βουληθείημεν,
3927 4724 4085 4795 θυμῷ

2504 4824 2565 4860 τε
2606 4810 2703 4862 καὶ
2745 4810 3013 4884 ἐπιθυμίᾳ
3060 4815 3308 4879 ἐκδότους
3363 4816 3504 4884 σφᾶς
3551 4817 3746 4881 αὐτοὺς
3784 4815 4081 4879 ἐπιδόντες,

2506 4900 2954 4974 ἁμαρτησόμεθα,
2992 4906 3191 4976 μᾶλλον
3228 4907 3283 4959 δὲ
3343 4907 3670 4979 ἀδικήσομεν
3722 4911 3821 4981 τὴν
3875 4907 4082 4962 ἑαυτῶν

2504 4993 2700 5065 ψυχήν.
2749 4995 2806 5048 ’0
2855 4997 2953 5067 μὲν
2994 4998 3104 5069 γὰρ
3136 4999 3301 5061 Λάϊος
3332 5001 3533 5064 ἐκεῖνος
3566 5001 3707 5055 κατά
3736 5004 3837 5074 τὴν
3868 5017 4086 5072 τραγῳ-

2504 5085 2621 5139 δίαν
2652 5088 2816 5158 φησίν
2831 5105 2843 5117 ·

806 5185 920 5244 tius
943 5186 1148 5258 injuria
1172 5197 1415 5243 nostram
1440 5185 1740 5243 alliciemus
1762 5187 2031 5242 animam.
2055 5183 2225 5239 Laius
2249 5200 2399 5240 enim
2437 5184 2530 5238 ille
2559 5183 2689 5238 dicit
2718 5185 2771 5238 in
2805 5188 3066 5256 tragtedia
3106 5207 3119 5240 :

973 5303 1080 5359 tes
1111 5300 1221 5355 ED.
1254 5298 1555 5368 porrus,
1586 5302 1693 5357 588
1721 5301 1826 5356 ΕΙ).
1869 5296 2145 5368 PARIS.__
2172 5307 2197 5333 α
2221 5294 2384 5352 Prov.
2418 5311 2497 5361 ιι,
2536 5295 2618 5368 is.

2726 5296 2754 5334 δ
2786 5295 2931 5353 Psal.
2956 5315 3051 5362 ru,
3088 5300 3140 5354 9.
3198 5300 3395 5356 Jerem.
3436 5318 3546 5357 xvu
3570 5345 3585 5371 ,
3631 5298 3717 5358 l0.
3837 5314 3861 5342 ε
3886 5301 4076 5361 Matth.

808 5390 866 5435 v.
894 5373 984 5429 28.
1057 5370 1275 5428 dExod.
1307 5389 1400 5439 xx,
1431 5362 1551 5428 17.⁷
1602 5372 1743 5429 °lsa.
1781 5389 1932 5435 uix,
1971 5370 2064 5436 15;
2098 5362 2287 5420 Matth.
2320 5384 2414 5431 xv,
2447 5370 2513 5433 8;
2540 5365 2706 5421 Marc.
2734 5382 2830 5429 vn,
2860 5373 2914 5425 6.

807 5495 976 5574 lzastis
1010 5494 1513 5574 deludensgliquem
1549 5497 1895 5574 interfecerit,
1924 5502 2035 5573 pila
2066 5521 2132 5559 ea:
2178 5500 2393 5574 cuspide

805 5564 1243 5693 ἓῖῗᾶἐιξιαρω.
1273 5563 1626 5624 νὶιιῖοωιπυε
1653 5563 1710 5622 in
1734 5563 1935 5628 Titium
1961 5575 2056 5631 lib.
2078 5594 2132 5645 v,
2151 5563 2282 5648 cap:
2303 5572 2386 5628 ll.

851 5651 1083 5693 οιιεςτ.

881 5707 997 5793 (5i)
1053 5709 1222 5793 Hroﬁ
1270 5711 1581 5793 κρύπτειν·
1608 5730 1709 5783 πρ.
1756 5715 2044 5793 Ῡυιειιιξιῐῃ
2098 5719 2387 5793 lectionem

808 5785 1262 5863 sequitur-etiam
1288 5785 1615 5863 interpretis
1650 5789 1847 5863 versio,
1869 5785 2045 5860 'eligit
2088 5809 2193 5863 res,
2220 5787 2389 5863 celare

805 5851 1040 5916 spiritu:
1075 5851 1255 5926 inquit
1288 5851 1631 5926 Sylliurgius,
1656 5851 2013 5925 existimans,
2057 5874 2117 5918 ut
2148 5862 2384 5922 videtur.

808 5929 1010 5974 textum
1044 5924 1284 5979 auctoris
1316 5924 1658 6001 corruptum.
1697 5928 1801 5986 Sed
1838 5931 1913 5986 nil
1947 5924 2147 5991 mutari
2185 5930 2344 5989 debet
2372 5948 2383 5983 :

2500 5506 2721 5574 respicit
2743 5507 2886 5560 enim
2921 5502 3177 5574 Clemens
3206 5496 3366 5574 Prov.
3391 5515 3469 5564 ιι,
3504 5491 3829 5574 ίόλεςΑνὴρ
3861 5490 4082 5574 δίγλωςτ

2500 5563 2606 5639 σος’
2643 5576 3018 5630 ἀποκαλύπτει
3069 5570 3262 5642 βουλὰς
3308 5572 3380 5642 ᾉὲν
3436 5563 3729 5642 συνεδρίῳ·
3783 5563 3973 5629 πιστὸς
4021 5566 4081 5621 δὲ

2497 5636 2634 5718 πνοῇ
2670 5646 2898 5717 κρύπτει
2936 5636 3468 5718 πράγματαηιιοοο-
3493 5636 3809 5718 Scriptum,
3838 5650 3960 5706 quae
3990 5653 4082 5695 se-

2494 5710 2764 5787 quuntur,
2791 5710 3038 5772 auctor'e
3065 5710 3327 5768 memoria
3363 5710 3656 5787 recitavit._
3711 5768 3777 5782 η-

2565 5788 2681 5859 (52)
2732 5783 3584 5859 'Aydptnpa._'Apaprﬁuato;,
3634 5779 3981 5859 ἀτυχήματος
4024 5788 4080 5834 et

2493 5851 2830 5930 ἀδίκήματᾱς
2862 5851 3153 5930 explicatio
3188 5851 3473 5912 est'etiam
3524 5851 3668 5919 apud
3726 5851 4077 5907 Aristotelem

2484 5931 2597 6006 lib.
2631 5929 2683 6002 γ,
2716 5946 2766 5987 c.
2792 5932 2845 5987 8.
2888 5929 3155 5984 Svutunu.
