4484 6586
433 484 569 541 1015

1698 485 2130 543 ΞΤΙὶΟΜΑΤυΜ
2171 484 2296 539 LIB.
2333 483 2396 538 ΙΙ.

3531 484 3668 540 1οη

421 621 562 675 γειν·
600 609 692 662 καὶ
734 607 832 660 οὒκ
867 601 962 659 οἷδ’
999 608 1146 672 ὅπως
1180 609 1426 678 ἀνέξεταί
1462 627 1543 673 τις
1575 608 1783 661 ἐπαΐων
1813 607 1998 662 τούτου
2028 615 2070 672 Α
2100 625 2167 665 ex

1898 609 1998 662 ιτου
2028 615 2070 672 Α
2100 625 2167 665 ex
2201 607 2372 662 nihilo
2397 606 2576 660 omnia
2610 605 2942 676 produxerit,
2972 621 3070 662 nec
3096 605 3144 663 si
3169 621 3235 661 ex
3265 604 3669 676 pracxsistente

423 700 556 754 Θεὸν
590 700 867 769 ἐγνωκὼς,
893 699 1094 752 ἀπιδὼν
1121 705 1198 768 είς
1226 704 1316 757 τὸν
1352 703 1462 774 βίον
1494 701 1585 753 τὸν
1623 701 1908 771 ἡμέτερον,
1943 704 2001 756 ἐν

425 789 569 853 ὅσοις
604 787 884 858 φυρόμεθα
919 794 1124 856 κακοῖς,
1167 795 1264 865 Εῖη
1300 794 1407 865 γὰρ
1459 792 1523 845 ἂν
1576 789 1766 855 οὕτως,
1803 791 1830 844 ὃ
1878 783 2000 866 μηδ’

425 879 598 930 εἰπεῖν
638 875 814 946 Θέμις,
872 881 1109 951 μερικῶς
1144 883 1472 955 ἁμαρτάνων
1503 882 1531 934 ὁ
1565 881 1718 945 Θεὸς,
1754 881 1807 933 εί
1835 901 1895 952 γε
1931 886 2000 938 τὰ

429 969 568 1039 μέρη
595 967 689 1020 τοῦ
718 968 839 1022 ὅλου
877 973 1014 1045 μέρη
1044 975 1139 1027 καὶ
1167 972 1598 1046 συμπληρωτικὰ
1629 971 1724 1025 τοῦ
1759 973 1899 1028 ὅλου·
1950 978 1996 1030 εἰ

425 1059 481 1111 δὲ
510 1058 585 1130 μὴ
619 1061 1067 1135 συμπληρωτικὰ,
1104 1067 1223 1120 οὖδέ
1257 1064 1397 1136 μέρη
1432 1063 1517 1133 εἴη
1555 1063 1639 1116 ἄν.
1705 1065 1862 1121 Ἀλλὰ
1891 1067 2000 1138 γὰρ

425 1148 584 1218 φύσει
631 1151 881 1220 πλούσιος
924 1156 998 1209 ὢν
1041 1159 1069 1207 ὁ
1113 1157 1244 1218 Θεὸς
1289 1157 1348 1208 ἐν
1394 1154 1550 1225 ἐλέῳ,
1583 1154 1670 1208 διὰ
1701 1157 1796 1228 τὴν
1833 1156 1997 1211 αὑτοῦ

425 1243 732 1316 ἀγαοότητα
765 1249 982 1320 κήδεται
1011 1250 1186 1322 ἡμῶν,
1219 1249 1355 1319 μήτε
1397 1247 1596 1318 μορίων
1632 1248 1797 1304 ὄντων
1835 1247 1997 1303 αὑτοῦ

427 1337 565 1407 μήτε
600 1338 756 1408 φύσει
789 1343 1014 1398 τέκνων.
1052 1342 1160 1396 Καὶ
1191 1341 1254 1412 δὴ
1283 1342 1316 1412 ή
1353 1341 1580 1412 μεγίστη
1609 1342 1706 1413 τῆς
1731 1341 1823 1396 τοῦ
1862 1339 1997 1394 Θεοῦ

423 1427 756 1503 ἀγαθότητος
787 1434 1011 1501 ἔνδειξις
1041 1432 1178 1503 αὕτη
1214 1433 1488 1502 τυγχάνει·
1530 1434 1610 1487 ὅτι
1644 1434 1817 1498 οὕτως
1851 1433 2000 1502 ἑχόν-

423 1535 530 1573 των
599 1524 752 1594 ἡμῶν
811 1526 946 1596 πρὸς
979 1524 1162 1589 αὑτὸν.
1205 1524 1300 1577 καὶ
1351 1524 1507 1594 φύσει
1553 1524 1998 1598 ἀπηλλοτριωμέ-

423 1629 530 1666 νων
565 1613 636 1687 (4)
671 1617 964 1680 παντελῶς,
1010 1618 1158 1687 ὅμως
1192 1618 1433 1688 κήδεται.
1480 1621 1685 1692 Φυσικὴ
1740 1620 1837 1690 μὲν
1889 1617 1998 1688 γὰρ

421 1705 456 1776 ή
493 1707 626 1779 πρὸς
656 1709 724 1762 τὰ
755 1709 919 1762 τέκνα
971 1707 1317 1780 φιλοστοργία
1356 1714 1466 1774 τοῖς
1511 1711 1688 1776 ζώοις,
1741 1712 1777 1781 ἦ
1835 1727 1892 1762 τε
1934 1711 1998 1762 ἐκ

422 1798 705 1869 συνηθείας
732 1801 842 1860 τοῖς
872 1797 1215 1869 ὁμογνώμοσι
1237 1799 1383 1868 φιλία
1404 1801 1497 1871 (5)’
1536 1799 1668 1852 Θεοῦ
1708 1800 1763 1851 δὲ
1793 1801 1820 1851 ὁ
1853 1798 1998 1860 ἕλεος

421 1889 500 1952 εἰς
521 1890 666 1958 ἡμᾶς
690 1887 958 1949 πλουσίως
993 1887 1088 1958 (6),
1116 1892 1240 1954 τοὺς
1273 1890 1411 1944 κατὰ
1451 1891 1615 1962 μηδὲν
1649 1888 1795 1959 αὖτῷ
1823 1905 1996 1961 προσ-

2103 698 2327 754 materia
2358 696 2579 753 fecerit:
2603 695 3039 768 quandoquidem
3077 697 3207 753 illud
3227 696 3445 768 quidem
3469 711 3537 750 ne
3557 710 3670 750 om-

2103 792 2232 848 nino
2260 790 2476 862 quidem
2502 799 2605 859 est,
2629 790 2746 845 haec
2773 804 2901 845 vero
2931 800 3013 845 est
3031 806 3062 848 a
3088 790 3196 846 Deo
3219 791 3434 846 diversa
3467 789 3520 843 in
3551 805 3669 842 om-

2102 887 2287 950 nibus;
2306 887 2412 942 nisi
2427 888 2549 957 quis
2565 902 2665 942 nos
2683 885 2802 955 ejus
2813 899 2936 939 esse
2955 892 3180 952 partem,
3205 893 3260 938 et
3272 882 3519 954 ejusdem
3544 896 3668 936 cum

2101 977 2214 1033 Deo
2254 979 2504 1034 essentia:
2541 978 2687 1033 ausit
2715 976 2916 1033 dicere.
2960 973 3155 1030 Nescio
3190 988 3369 1031 autem
3394 973 3672 1045 quomodo

2101 1069 2245 1138 quis,
2265 1069 2359 1138 qui
2377 1067 2543 1124 Deum
2567 1069 2736 1136 novit,
2753 1083 2909 1138 aaquo
2933 1074 2990 1132 >14
3011 1068 3114 1122 hoc
3135 1066 3322 1121 audire
3342 1066 3524 1119 animo
3551 1080 3689 1135 pos--

2101 1160 2191 1226 sit,
2213 1159 2260 1216 si
2284 1161 2577 1230 respiciens
2601 1161 2667 1215 ad
2691 1168 2930 1216 nostram
2957 1159 3144 1224 vitam,
3165 1159 3220 1212 in
3242 1167 3375 1228 quot
3394 1171 3670 1212 versemur

2101 1252 2278 1318 malis,
2312 1253 2636 1308 consideret.
2671 1251 2762 1306 Sic
2790 1251 2959 1318 enim,
2995 1252 3142 1322 quod
3183 1249 3340 1304 nefas
3379 1257 3465 1304 cst
3487 1247 3671 1303 dicere

2100 1342 2243 1400 Deus
2282 1353 2532 1415 peccaret
2579 1346 2634 1398 in
2687 1344 3013 1414 quihusdam
3082 1345 3348 1415 partibus,
3400 1339 3666 1411 siquidem

2099 1442 2277 1502 partes
2315 1443 2443 1488 sunt
2491 1434 2660 1487 totius
2705 1441 2911 1503 partes,
2945 1445 2999 1489 et
3026 1444 3195 1489 totum
3230 1432 3524 1502 complent.
3571 1429 3670 1485 Sin

2099 1533 2280 1578 autem
2339 1540 2446 1579 non
2491 1525 2786 1594 complent,
2839 1540 2906 1580 ne
2954 1534 3133 1594 partes
3177 1527 3393 1596 quidem
3438 1523 3669 1580 fuerint.

2100 1614 2300 1671 Verum
2322 1616 2467 1671 enim
2488 1631 2617 1670 vero
2651 1632 2776 1671 cum
2798 1626 2990 1672 natura
3019 1617 3161 1672 Deus
3187 1619 3254 1674 sit
3279 1619 3429 1674 dives
3453 1617 3670 1673 miseri--

2099 1707 2308 1774 cordia,
2332 1709 2502 1763 nostri
2534 1717 2752 1778 prapter
2777 1725 2933 1764 suam
2975 1709 3270 1764 bonitatem
3300 1726 3483 1765 curam
3509 1711 3668 1782 gerit,

2097 1804 2190 1873 qui
2217 1819 2316 1859 nec
2347 1819 2538 1859 sumus
2571 1804 2690 1873 ejus
2737 1814 2940 1873 partes,
2974 1818 3072 1858 nec
3111 1803 3204 1858 lilii
3241 1813 3453 1857 natura.
3491 1802 3558 1857 Et
3590 1815 3672 1858 est

2097 1895 2203 1950 hoc
2223 1895 2440 1964 quidem
2484 1905 2632 1950 certe
2681 1895 2978 1949 maximum
3037 1893 3131 1949 Dei
3184 1895 3238 1948 in
3278 1910 3380 1950 nos
3412 1893 3672 1948 bonitatis

421 1981 673 2051 ήκοντας,
705 1981 737 2051 ἦ
771 1980 928 2051 οὐσίᾳ
960 1981 1118 2052 ἡμῶν
1150 1983 1312 2052 λέγω,
1348 1985 1382 2055 ἢ
1407 1983 1586 2053 φύσει,
1622 1983 1900 2054 ἢδυνάμει
1927 1983 1992 2051 τῇ
2027 1968 2069 2022 Β
2097 1987 2188 2041 ind

1927 1983 1992 2051 τῇ
2027 1968 2069 2022 Β
2097 1987 2381 2052 indicium,
2417 1988 2563 2056 quod
2604 2003 2726 2041 cum
2770 1987 2848 2042 sic
2884 1986 2937 2038 in
2969 1987 3146 2056 ipsum
3175 2001 3276 2041 nos
3312 2000 3588 2055 geramus,
3621 1996 3673 2038 et

419 2071 595 2141 οἰκείᾳ
627 2071 723 2140 τῆς
755 2071 945 2133 οὐσίας
978 2072 1152 2142 ήμῶνο
1193 2076 1339 2145 μόνῳ
1359 2074 1415 2126 δὲ
1449 2073 1525 2145 τῷ
1557 2072 1716 2145 ἔργον
1749 2068 1884 2125 εἶναι
1900 2071 1994 2126 τοῦ

420 2158 720 2230 θελήματος
748 2159 931 2213 αὐτοῦ’
967 2163 1059 2215 καὶ
1091 2162 1153 2235 δὴ
1184 2163 1273 2217 τὸν
1308 2165 1498 2217 ἑκόντα
1531 2163 1666 2234 μετὰ
1711 2163 2000 2233 ἀσκήσεως

421 2251 514 2304 καὶ
546 2249 891 2315 διδασκαλίας
922 2251 1020 2323 τήν
1053 2254 1251 2322 γνῶσιν
1293 2255 1388 2325 τῆς
1424 2254 1677 2323 ἀληθείας
1724 2256 1998 2324 ἐπανῃρη-

423 2341 582 2411 μένον
605 2343 682 2404 είς
719 2343 988 2397 υἱοθεσίαν
1024 2346 1195 2409 καλεῖ,
1230 2345 1325 2415 τὴν
1355 2344 1613 2416 μεγίστην
1641 2344 1829 2397 πασῶν
1869 2361 2000 2414 προ-

420 2432 614 2502 κοπήν.
636 2435 993 2504 Πιιρανομίαι
1010 2435 1076 2488 δὲ
1095 2435 1281 2503 ἄνδρα
1295 2436 1646 2505 ἀγορεύουσι
1663 2436 1736 2505 (7)
1757 2434 2002 2502 ’σειραῖς

417 2522 487 2574 δὲ
520 2522 632 2578 τῶν·
658 2526 875 2581 ἑαυτοῦ
920 2527 1216 2598 ἁμαρτιῶν
1255 2528 1510 2592 ἕκαστος
1546 2527 1875 2596 σφίγγεται,
1908 2527 2002 2580 καὶ

419 2614 564 2668 ἐστιν
599 2619 626 2670 ό
678 2618 809 2681 Θεὸς
865 2620 1102 2684 ἀναίτιος
1158 2620 1251 2689 (8)·
1308 2619 1402 2671 καὶ
1451 2617 1528 2688 τῷ
1575 2619 1686 2670 ὖντι
1713 2617 2002 2686 μακάριος

419 2706 594 2774 ἀνὴρ,
620 2707 687 2774 ὃς
713 2711 1121 2776 καταπτήσσει
1153 2709 1347 2762 πάντα
1377 2709 1450 2762 δι’
1478 2707 1816 2762 εὐλάϐειαν.

2100 2087 2293 2132 natura
2343 2079 2517 2132 simus
2561 2079 2786 2132 omnino
2821 2078 3006 2142 alieni,
3055 2079 3225 2133 nostri
3266 2086 3445 2132 tamen
3481 2093 3671 2132 curam

2097 2178 2268 2236 gerat.
2303 2171 2382 2224 Ac
2407 2169 2672 2224 naturalis
2701 2169 2922 2239 quidem
2953 2177 3038 2228 est
3062 2169 3432 2223 animantibus
3463 2168 3516 2221 in
3540 2183 3673 2222 suos

2098 2257 2243 2315 fetus
2272 2259 2508 2322 affectio,
2537 2267 2590 2314 et
2618 2274 2739 2329 qua:
2769 2273 2836 2312 ex
2871 2258 3260 2312 consuetudine
3286 2257 3459 2310 oritur
3483 2258 3673 2311 amici-

2101 2352 2174 2406 tia
2205 2350 2292 2416 iis,
2337 2350 2431 2420 qui
2470 2359 2600 2404 sunt
2636 2349 2880 2420 ejusdem
2919 2349 3221 2402 sententiae.
3267 2347 3359 2402 Est
3395 2357 3574 2401 autem
3611 2348 3670 2402 in

2106 2455 2209 2495 nos
2239 2441 2462 2511 copiosa
2502 2440 2595 2495 Dei
2631 2439 3026 2503 misericordia,
3053 2439 3146 2508 qui
3185 2439 3320 2492 nihil
3347 2439 3415 2494 ad
3445 2455 3569 2492 eum
3593 2445 3675 2495 at-

2107 2531 2363 2596 tinemus,
2394 2531 2476 2585 vel
2503 2531 2759 2599 essentia,
2798 2531 3040 2600 inquam,
3075 2538 3284 2594 nostra,
3334 2529 3416 2584 vel
3458 2538 3670 2597 natura,

2104 2620 2189 2674 vel
2218 2621 2434 2690 propria
2462 2631 2662 2677 nostra:
2685 2623 2934 2678 essentne
2956 2621 3232 2688 facultate,
3260 2621 3353 2678 sed
3375 2638 3441 2676 eo
3464 2631 3672 2676 tantum

2105 2713 2254 2783 quod
2286 2714 2459 2768 simus
2488 2729 2625 2783 opus
2654 2714 2774 2783 ejus
2804 2715 3119 2771 voluntatis.
3150 2715 3329 2783 Atque
3359 2713 3496 2768 adeo
3523 2730 3671 2779 eum,

421 2803 515 2871 qui
555 2820 652 2858 sua
700 2816 894 2875 sponte
938 2823 1061 2860 cum
1094 2807 1481 2860 exercitatione
1525 2815 1579 2860 et
1632 2805 1877 2860 doctrina
1926 2807 2290 2877 cognitionem
2333 2811 2542 2881 accepit
2606 2810 2869 2876 veritatis,
2933 2818 3093 2865 vocat
3171 2811 3239 2864 ad
3304 2809 3670 2880 adoptionem,

423 2914 543 2966 qua:
585 2911 667 2954 est
715 2903 992 2956 maximus
1043 2902 1286 2955 omnium
1347 2902 1642 2971 profectus.
1685 2899 1994 2971 Loquuntur
2026 2913 2202 2958 autem
2257 2907 2429 2960 uirum
2461 2906 2766 2976 iniquitates
2800 2918 2819 2956 :
2850 2921 3066 2960 suorum
3119 2914 3295 2959 autem
3343 2916 3676 2974 peccatorum

421 2994 621 3051 catenis
651 2995 1003 3070 unusquisque
1032 2993 1342 3066 «stringitur
1369 3009 1388 3032 ι
1413 3015 1426 3062 ;

421 3094 596 3144 omnia
621 3102 824 3147 veretur
850 3103 1061 3162 propter
1085 3093 1329 3161 pietatem
1365 3092 1411 3144 ι).

1476 3009 1577 3051 nec
1606 3008 1797 3050 eorum
1827 3007 1988 3048 causa
2027 2993 2135 3050 Deo
2190 3005 2274 3052 est
2333 2997 2688 3063 ascribenda;
2721 3010 2776 3053 et
2822 3013 3006 3054 revera
3051 2997 3231 3054 beatus
3289 3008 3366 3052 est
3433 2999 3530 3062 vir,
3584 3001 3672 3067 qui

1827 3185 2058 3242 CAPUT
2106 3181 2265 3240 XVII.

1570 3307 1646 3361 De
1673 3309 1833 3362 variis
1861 3309 2194 3379 Cognitionis
2229 3308 2520 3378 generibus.

501 3419 588 3482 Ὠς
620 3413 712 3471 οῦν
738 3420 771 3489 ἡ
803 3419 1079 3489 ἐπιστήμη
1111 3419 1432 3489 ἐπιστητική
1461 3419 1605 3470 ἐστιν
1633 3417 1764 3481 ἕξις,
1798 3419 1890 3488 ἀφ’
1929 3415 1997 3491 ἧς
2025 3428 2068 3485 c
2172 3419 2272 3486 Qui

1929 3415 1997 3491 ἧς
2025 3428 2068 3485 c
2172 3419 2642 3486 Quemadmodum
2669 3433 2798 3488 ergo
2830 3417 3053 3473 scientia
3084 3426 3170 3474 est
3207 3420 3424 3474 habitus
3447 3420 3672 3481 sciendi.

421 3510 480 3562 τὸ
515 3509 837 3562 ἐπίστασθαι
866 3509 1170 3579 συμϐαίνει·
1208 3509 1414 3577 γίνεται
1447 3508 1504 3560 δέ
1598 3509 1899 3581 κατάληψις
1922 3511 1996 3581 (9)

420 3603 556 3671 αὐτῇ
626 3600 735 3671 (10)
795 3601 1182 3670 ἀμετάπτωτος
1241 3600 1344 3652 ὑπὸ
1391 3600 1569 3668 λόγου·
1631 3600 1772 3652 οὕτω
1821 3602 1914 3653 καὶ
1967 3604 1999 3672 ἡ

420 3692 611 3759 ἄγνοια
671 3693 940 3759 φαντασία
981 3692 1127 3745 ἐστὶν
1170 3691 1412 3756 εἴκουσα,
1466 3692 1846 3763 μεταπτωτικὴ
1899 3693 2004 3748 ὑπὸ

421 3784 595 3853 λόγου
633 3786 694 3838 τὸ
725 3785 781 3838 δέ
807 3786 1163 3856 μεταπίπτον,
1195 3785 1270 3847 ὡς
1308 3785 1402 3837 καί
1440 3785 1500 3838 τὸ
1547 3786 2000 3855 συνασκούμενον,

421 3879 486 3930 ἐκ
516 3878 673 3945 λόγου
707 3880 790 3948 ἐφ’
819 3880 968 3948 ἡμῖν.
1004 3876 1425 3949 Παρὰκειταιιδὲ
1456 3880 1521 3948 τῇ
1568 3879 1846 3949 ἐπιστήμῃ
1882 3879 1916 3948 ἦ
1954 3878 2000 3929 τ’

421 3971 680 4041 ἐμπειρία
714 3971 806 4023 καὶ
847 3972 880 4040 ή
926 3970 1148 4040 εἴδησις,
1195 3968 1406 4032 σύνεσίς
1442 3987 1499 4022 τε
1539 3970 1632 4023 καὶ
1663 3969 1862 4038 νόησις,
1911 3968 2003 4022 καὶ

423 4065 640 4131 γνῶσις.
681 4064 787 4118 Καὶ
818 4065 850 4134 ή
887 4064 984 4133 μὲν
1022 4062 1227 4133 είδησις
1267 4063 1539 4132 ἐπιστήμη
1569 4059 1678 4112 τῶν
1725 4060 1844 4112 καθ’
1880 4060 2000 4113 ὅλου

426 4157 544 4209 κατ’
576 4152 712 4219 εἶδος
758 4155 842 4226 εἴη
889 4154 975 4221 ἂν,
1019 4157 1052 4225 ὴ
1079 4155 1134 4207 δέ
1180 4153 1440 4225 ἐμπειρία
1471 4152 1746 4222 ἐπιστήμη
1784 4152 2004 4222 περιλη-

424 4251 608 4320 πτική·
644 4249 783 4302 ὥστε
817 4249 909 4302 καὶ
935 4245 1046 4301 οἷόν
1079 4250 1222 4300 ἐστιν
1255 4246 1481 4299 ἕκαστον
1512 4243 1998 4314 πολυπραγμονεῖν·

424 4343 607 4412 νόησις
657 4343 713 4396 δὲ
757 4343 1033 4412 ἐπιστήμη
1090 4338 1299 4410 νοητοῦ,
1340 4338 1434 4391 καὶ
1467 4337 1681 4400 σύνεσις
1724 4338 2004 4408 ἐπιστήμη

425 4434 756 4504 συμωητοῦ,
806 4435 839 4504 ἣ
881 4433 1182 4504 σύμϐλησις
1233 4430 1707 4502 ἀμετάπτωτος,ῆ
1763 4429 2005 4500 συμϐλη-

424 4527 550 4595 τικὴ
596 4526 840 4596 δύναμις,
883 4519 956 4578 ὧν
992 4524 1251 4597 φρόνησίς
1283 4525 1397 4576 ἐστι
1432 4521 1524 4575 καὶ⁸
1570 4522 1871 4591 ἐπιστήμη,
1912 4521 2004 4572 καὶ

425 4617 543 4680 ἐνὸς
586 4618 680 4670 καὶ
730 4618 981 4680 ἑκάστου,
1036 4619 1130 4670 καὶ
1184 4618 1400 4671 πάντων
1433 4615 1538 4668 τῶν
1571 4616 1649 4676 εἰς
1698 4613 1792 4666 ἕνα
1825 4613 2000 4680 λόγον·

425 4712 625 4780 γνῶσις
671 4711 726 4763 δέ
772 4711 1048 4779 ἐπιστήμη
1097 4709 1188 4762 τοῦ
1239 4709 1388 4772 ὄντος
1441 4706 1623 4772 αὑτοῦ,
1659 4706 1692 4776 ἢ
1727 4707 2005 4776 ἐπιστήμη

2104 3528 2134 3568 a
2163 3527 2273 3583 quo
2298 3513 2439 3568 scire
2459 3512 2639 3567 evenit
2665 3530 2678 3564 :
2708 3512 2766 3564 lit
2794 3520 2973 3564 autem
3013 3511 3061 3566 ei
3084 3511 3519 3580 comprehensio.
3556 3527 3678 3580 qua:

2103 3604 2367 3660 dimoveri
2397 3619 2503 3658 non
2533 3611 2714 3672 potest
2751 3618 2783 3657 a
2808 3603 3018 3658 ratione
3052 3622 3062 3655 :
3103 3603 3175 3657 ita
3205 3603 3382 3656 etiam-
3405 3602 3676 3672 ignoratio

2101 3706 2186 3753 est
2211 3696 2494 3765 conceptio
2514 3695 2730 3758 cedens,
2754 3711 2876 3764 quae
2895 3696 3154 3750 dimoveri
3179 3703 3413 3765 potesrra
3441 3694 3672 3748 ratione.

2103 3787 2258 3855 Quod
2283 3795 2464 3841 autem
2490 3787 2818 3850 dimovetur,
2850 3798 2910 3842 ut
2943 3787 3018 3853 id,
3048 3788 3195 3859 quod
3224 3787 3577 3842 constituitur
3612 3802 3677 3842 ac

2103 3879 2480 3940 confirmatur,
2540 3892 2573 3930 a
2629 3877 2863 3941 ratione,
2919 3887 3003 3932 est
3055 3878 3108 3932 in
3161 3887 3345 3932 nostra
3389 3883 3673 3946 potestate.

2106 3968 2360 4024 Scientize
2384 3980 2569 4024 autem
2599 3977 2684 4023 est
2729 3970 2983 4039 adjuncta
3011 3977 3063 4024 et
3091 3968 3440 4038 experientia,
3472 3977 3525 4022 et
3555 3985 3678 4038 quae

2104 4061 2290 4117 (ἕηκε
2317 4061 2517 4115 dicitur
2541 4061 2764 4132 εἴδησις,
2788 4071 2842 4116 et
2863 4077 2986 4132 quae
3014 4062 3228 4123 σύνεσις
3276 4071 3330 4115 et
3369 4061 3674 4132 intelligent

2106 4155 2203 4220 tia,
2233 4163 2288 4208 et
2323 4154 2582 4224 cognitio.
2615 4153 2680 4207 Et
2712 4154 2815 4207 erit
2852 4154 3073 4222 quidem
3114 4155 3345 4226 -εἴδησις,
3395 4154 3679 4209 universo-

2107 4261 2228 4299 rum
2257 4245 2484 4300 scientia
2507 4259 2601 4314 per
2634 4245 2862 4314 species.
2888 4245 3235 4314 Experientia
3275 4256 3476 4309 autem,
3503 4246 3685 4301 scien-

2109 4338 2182 4393 tia
2227 4338 2709 4408 comprehensiva,
2780 4355 2902 4409 quae
2964 4339 3256 4407 singularia
3306 4347 3681 4406 perscrutatnr

2106 4430 2380 4499 quomodo
2409 4445 2467 4484 se
2499 4430 2750 4485 habeant.
2790 4429 3147 4500 lntelligentia
3178 4437 3376 4483 autem—-
3391 4438 3474 4483 est
3497 4429 3680 4483 scien-

2108 4524 2181 4577 tia
2207 4524 2346 4592 ejus,
2373 4523 2521 4593 qnod
2555 4524 2670 4578 sola
2707 4531 2886 4576 mente
2913 4521 3228 4592 percipitur.
3265 4521 3330 4574 Et
3356 4520 3569 4582 σύνεσις
3599 4529 3704 4574 est.

2109 4613 2334 4668 scientia
2383 4615 2530 4683 ejus,
2561 4614 2707 4682 quod
2746 4620 2921 4680 potest
2963 4611 3016 4662 in
3074 4627 3240 4664 unum
3289 4608 3546 4670 conferri,
3587 4618 3683 4661 aut

2110 4718 2392 4773 compago,
2424 4721 2546 4774 qua:
2588 4702 2847 4758 dimoveri
2886 4717 2994 4754 non
3039 4707 3216 4770 potest
3258 4718 3269 4752 :
3314 4709 3402 4752 aut
3450 4697 3681 4752 facultas

431 4805 714 4876 σύμφωνος
742 4804 853 4864 τοῖς
875 4801 1197 4870 γινομένοις·
1225 4801 1451 4873 ἀλήθειά
1485 4818 1542 4854 τε
1567 4799 1840 4870 ἐπιστήμη
1879 4799 2013 4868 ἀλη-
2041 4787 2084 4842 Ῑ)
2114 4799 2196 4852 sin

1906 4799 2013 4868 ιλη-
2041 4787 2084 4842 D
2114 4798 2276 4852 simul
2299 4796 2609 4852 conferendi
2634 4810 2719 4861 ea,
2746 4795 2891 4848 circa
2919 4808 3040 4862 quae
3076 4801 3358 4845 versantur
3392 4789 3677 4860 prudentia

509 4971 566 5030 ὦ
599 4965 658 5019 Ρ.
702 4963 807 5019 468
842 4962 949 5018 ΕΙ).
986 4959 1282 5028 POTTER,
1315 4963 1558 5019 592-395
1586 4961 1689 5015 ΕΙ).
1724 4959 1947 5015 PARIS.

429 5173 682 5225 mundum
723 5169 888 5224 Deum
943 5184 1051 5222 esse
1088 5166 1305 5238 dicunt;
1356 5165 1520 5221 Stoici
1554 5167 1759 5238 quidem
1800 5165 2005 5238 prima-7

431 5245 605 5299 rium:
640 5241 908 5295 Platonici
933 5255 1049 5291 vero
1087 5235 1490 5296 secundarium:
1535 5235 1626 5292 nec
1667 5237 1876 5297 desunt,
1911 5237 2003 5304 qui

430 5314 648 5367 tertium
676 5313 814 5365 inter
842 5310 964 5362 deas
988 5309 1159 5361 locum
1186 5308 1233 5360 ei
1255 5309 1544 5377 assignent.
1570 5308 1828 5377 Didymus
1860 5307 2002 5374 apud

429 5382 725 5438 Eusebium
757 5381 834 5435 De
862 5380 1250 5447 praeparatione
1289 5376 1540 5448 Evangel.
1575 5376 1767 5432 Iib.’xv
1791 5395 1813 5448 ;_
1841 5377 2006 5428 Στωϊ-

429 5456 518 5506 κοὶ
549 5453 626 5516 δὲ,
660 5453 779 5506 ὅλον
813 5446 900 5504 τὸν
925 5446 1127 5520 κόσμον
1160 5449 1256 5500 σὺν
1282 5450 1393 5510 τοῖς
1417 5446 1635 5520 μέρεσιν
1656 5446 1838 5508 αὐτοῦ,
1875 5461 2006 5520 προ-

432 5523 786 5594 σαγορεύουσι
836 5522 986 5594 Θεόν.
1030 5517 1208 5594 Stoici
1267 5517 1463 5594 autern,
1489 5517 1684 5594 'totum
1729 5517 2002 5594 mundum,

431 5587 818 5664 cum'partibus
858 5593 996 5662 ejus,
1057 5592 1220 5664 Deum
1259 5587 1549 5656 appellant.
1597 5590 1802 5644 Seneca
1838 5588 1996 5664 epist.

430 5663 499 5716 97
533 5683 547 5718 :
579 5657 766 5718 Totum
789 5657 1006 5732 Itoc'quo
1036 5662 1350 5720 continetur,
1381 5669 1429 5711 et
1455 5675 1617 5713 unum
1659 5670 1756 5725 est,
1778 5669 1827 5712 et
1866 5657 2005 5710 Deus

433 5743 542 5795 est;
569 5747 618 5788 et
645 5737 773 5788 socii
800 5735 935 5802 ejus,
971 5743 1018 5786 et
1053 5733 1284 5802 membra
1305 5746 1506 5802 sumus.

433 5873 451 5930 l
507 5803 583 5872 (4)
648 5796 1253 5926 ᾉΞῖτηλᾏΙοτριωμένων.
1303 5799 1590 5869 Respicere
1644 5802 1857 5857 videtur
1899 5796 2006 5852 Co-

455 5888 569 5928 oss.
600 5890 637 5930 ι,
743 5915 756 5927 .

455 5888 569 5928 05s.
600 5890 637 5932 ι,
666 5876 756 5927 9i.

506 5945 585 6016 (5)
632 5945 756 6010 Τοῖς
795 5944 1161 6016 ὁμογνώμοσι
1201 5943 1388 6014 φιλία.
1433 5941 1661 5997 Catilina
1709 5944 1848 6014 apud
1886 5940 2002 5997 Sal-

2060 4975 2086 5002 ι
2121 4961 2284 5016 Prov.
2333 4978 2386 5026 v,
2439 4959 2527 5012 ‘32.

2609 4958 2637 4996 ιι
2683 4957 2844 5013 Prov.
2881 4970 3069 5015 xxvm,
3099 4954 3182 5008 M.

2107 5168 2330 5222 lustium
2365 5183 2378 5219 :
2415 5162 2561 5216 Idem
2590 5163 2716 5216 velle
2751 5179 2810 5216 ac
2851 5162 3009 5225 nolle,
3043 5176 3104 5213 ea
3133 5161 3342 5213 demum
3368 5158 3524 5226 ﬁrma
3549 5157 3680 5210 ami-

2104 5249 2235 5291 ettta
2258 5248 2354 5288 88L

2181 5308 2256 5376 (6)
2297 5303 2634 5369 Πλουσίως.
2668 5302 2967 5376 Αηωὲνυιι
3003 5300 3274 5376 πλούσιος.
3308 5296 3570 5376 δνιουιιο.

2181 5370 2256 5448 (ἶ)
2303 5376 2694 5448 Ἀτορεύοιίρ-ι.
2813 5371 3031 5427 Rectius
3047 5370 3676 5442 dypatiouctv,,‘venantur,

2111 5441 2464 5503 ex'Proverb.
2497 5461 2554 5509 ν,
2579 5443 2670 5497 2‘2.
2714 5441 2978 5496 Sr-Lnunc.

2189 5518 2264 5586 (8)
2316 5518 2368 5568 '0
2406 5515 2551 5581 Θεὸς
2589 5513 2866 5578 ἀναίτιος.
2902 5513 3144 5586 Re5picit
3182 5509 3412 5586 dictum,
3458 5509 3523 5562 de
3569 5522 3680 5586 quo

2115 5577 2265 5643 conf.
2295 5600 2416 5656 qua:
2445 5577 2700 5640 adnotata
2724 5577 2867 5656 isun_t
2898 5584 2966 5637 ad
2998 5577 3215 5651 Pwdag.
3256 5580 3350 5633 lib.
3393 5595 3432 5642 ι,
3468 5592 3588 5646 cap.
3621 5577 3678 5638 8,

2117 5652 2379 5732 ,ςινρηιξις
2412 5672 2472 5732 p._
2500 5656 2632 5732 g'tl,
2671 5655 2800 5732 edit.
2827 5652 3003 5732 Paris.
3122 5721 3133 5732 _
3215 5721 3248 5732 Α,
3384 5717 3398 5732 ,
3440 5717 3467 5732 η

2187 5729 2264 5799 (9)
2312 5717 2683 5794 Καὲάληψὶς.
2721 5723 2834 5799 __De
2898 5726 3000 5778 hac
3059 5721 3300 5799 scientiae
3368 5717 3684 5799 deﬁnitione

2113 5785 2259 5855 conf:
2279 5814 2399 5868 quae
2428 5785 2680 5868 superius
2701 5794 2846 5868 dicta
2870 5803 2998 5868 sunt
3015 5792 3087 5868 ad
3117 5807 3170 5861 p.
3188 5791 3314 5868 369.,
3337 5789 3467 5868 _edit.
3488 5785 3680 5868 _Paris.
3724 5828 3738 5844 .

2183 5860 2515 5940 (10)Ἀῠτῇ.’
2540 5866 2713 5924 Scribi
2763 5865 2936 5935 possit
2977 5860 3136 5933 αὓτη,
3169 5862 3250 5916 vel
3294 5861 3451 5932 αὐτή,
3487 5860 3542 5914 in
3585 5873 3682 5912 no—

2115 5943 2306 5998 minat.
2349 5955 2500 5995 casu.
