4484 6586
393 507 528 564 1045

1645 504 2074 566 STROMATUM
2099 511 2227 567 LlB.
2271 511 2332 566 ll.

3485 518 3620 576 10.46

389 627 598 702 θήσεως
643 630 728 684 ἀεὶ
758 626 945 697 διθῶν.
979 627 1117 697 Φησὶ
1146 627 1254 704 γὰρ
1280 631 1308 684 ὁ
1341 631 1530 702 νόμος·
1592 629 1812 683 Ὀπίσω
1845 629 1954 703 (40)
1983 639 2030 696 Α
2059 653 2160 690 run

1848 629 1954 703 (40)
1983 639 2030 696 Α
2059 644 2256 690 runtur
2287 633 2352 686 ad
2384 649 2606 704 scopum
2657 633 2922 698 veritatis,
2976 644 3033 688 ut
3058 635 3190 691 dicit
3230 633 3385 690 Philo
3415 635 3619 710 Pytha-

387 724 608 792 Κυρίου
639 721 758 776 τοῦ·
779 719 926 774 Θεοῦ
957 719 1123 789 ὑμῶν
1153 725 1498 791 πορεύεσθε,
1534 721 1630 773 καὶ
1661 721 1766 788 τὰς
1794 723 1957 778 ἐντο-

383 812 500 881 λάς
523 829 640 885 μου
670 811 990 880 φυλάξετε.
1015 814 1125 886 Τὴν
1148 817 1245 886 μὲν
1265 815 1376 885 γὰρ
1404 812 1721 882 ἐξομοίωσιν
1746 815 1774 866 ὁ
1794 816 1954 888 νόμος

384 904 706 961 ἀκολουθίαν
753 904 1039 976 ὀνομάζει·
1077 911 1110 979 ἡ
1133 909 1188 961 δὲ
1222 905 1444 976 τοιαύτη
1473 904 1761 960 ἀκολουθία
1811 909 1952 962 κατὰ

383 997 610 1066 δύναμιν
641 994 894 1067 ἐξομοιοῖ.
920 1001 1191 1064 Γίνεσθε,
1219 998 1381 1068 φησὶν
1401 997 1430 1047 ὁ
1457 995 1676 1066 Κύριος,
1704 999 1950 1069 ἐλεήμο-

382 1105 486 1153 νες
511 1086 609 1140 καὶ
632 1085 742 1158 (ll)
772 1090 1158 1161 οἰκτίρμονες,
1190 1090 1262 1153 ὡς
1298 1090 1330 1140 ὁ
1357 1086 1557 1156 Πατὴρ
1577 1089 1682 1161 (42)
1718 1092 1886 1161 ὑμῶν
1919 1096 1951 1145 ό

381 1175 662 1245 οὐράνιος
684 1182 1000 1252 οἰκτίρμων
1022 1182 1214 1236 ἐστίν.
1235 1177 1511 1232 Ἐντεῦθεν
1535 1183 1627 1235 καὶ
1653 1185 1700 1236 οἱ
1723 1183 1951 1237 Στωϊκοὶ

379 1268 440 1320 τὸ
472 1268 776 1336 ἀκολούθως
808 1277 875 1346 τῇ
917 1274 1075 1344 φύσει
1099 1272 1206 1343 (45)
1242 1271 1341 1342 ζῇν
1366 1271 1517 1336 τέλος
1549 1271 1684 1328 εἶναι
1719 1275 1950 1345 ἐδογμά-

379 1376 555 1424 τισαν,
606 1362 709 1417 τὸν-
747 1365 877 1420 Θεὸν
933 1366 1015 1429 εἰς
1055 1363 1216 1432 φύσιν
1248 1365 1712 1434 μετονομάσαντες
1755 1365 1950 1434 εὐπρε-

377 1449 525 1516 πῶς·
561 1454 747 1526 ἐπειδὴ
779 1459 812 1526 ἡ
847 1457 1005 1527 φύσις
1031 1454 1125 1507 καὶ
1158 1454 1237 1517 είς
1264 1453 1404 1522 φυτὰ
1424 1496 1438 1519 ,
1474 1457 1566 1509 καὶ
1597 1459 1676 1520 είς
1705 1454 1941 1526 σπαρτὰ,

377 1544 471 1598 καὶ
502 1549 580 1610 είς
606 1548 815 1622 δένδρα,
840 1551 932 1604 καὶ
964 1551 1044 1611 εἰς
1059 1547 1238 1611 λίθους
1250 1547 1514 1603 διατείνει.
1545 1549 1738 1620 Σαφῶς
1761 1550 1946 1602 τοίνυν

373 1633 586 1706 εἴρηται
604 1654 618 1668 ’
657 1640 902 1706 ’Ἄνδρες
923 1636 1207 1707 κακοὶ(44)
1224 1641 1294 1692 οὺ
1308 1640 1517 1694 νοοῦσι
1543 1642 1732 1709 νόμον
1751 1656 1764 1669 °
1795 1642 1849 1692 οἱ
1878 1636 1946 1690 δὲ

369 1725 716 1796 ἀγαπῶντες
745 1731 931 1799 νόμον
967 1727 1416 1795 προϐάλλουσιν
1457 1730 1688 1797 ἑαυτοῖς
1725 1729 1938 1798 τεῖχος.

371 1821 559 1886 Σοφία
627 1821 740 1890 (45)
803 1821 912 1890 γὰρ
975 1820 1327 1890 πανούργων
1386 1822 1777 1892 ἐπιγνώσεται
1839 1821 1944 1887 τὰς

370 1909 551 1978 ὀδοὺς
586 1911 773 1980 αὐτῆς
792 1928 807 1941 ·
847 1911 1018 1964 ἄνοια
1043 1910 1111 1964 δὲ
1142 1914 1415 1982 ἀφρόνων
1440 1916 1509 1967 ἐν
1537 1914 1758 1984 πλάνῃ.
1810 1915 1938 1969 Ἐπὶ

2058 739 2276 795 get-eus,
2329 721 2528 794 Moysis
2577 739 2662 778 res
2695 733 2876 793 gestas
2905 723 3262 796 describens),
3313 725 3427 781 sive
3455 729 3616 784 etiam

2056 817 2251 872 doctus
2293 815 2361 867 ab
2406 816 2700 886 aliquibus,
2743 831 2864 884 quae
2907 823 3035 870 tunc
3072 827 3244 885 erant,
3280 818 3482 873 divinis
3505 820 3618 873 elo-

2054 907 2219 976 quiis,
2275 910 2446 977 utqui
2475 909 2736 964 doctrinae
2769 909 2855 962 siti
2887 924 3099 979 semper
3145 921 3439 970 teneretur.
3482 911 3622 966 Dicit

2053 999 2197 1052 enim
2234 998 2316 1052 lex
2346 1017 2360 1052 :
2393 1000 2522 1054 Post
2560 1001 2838 1054 Dominum
2873 1001 3041 1055 Deum
3073 1012 3299 1055 vestrum
3327 1005 3614 1071 ambulate,

2053 1100 2100 1143 et
2128 1093 2382 1148 mandata
2408 1111 2522 1148 mea
2549 1104 2752 1148 servate
2775 1108 2822 1150 α.
2865 1094 3328 1151 Assimilationem
3361 1098 3503 1151 enim
3529 1101 3615 1154 lex

2052 1183 2294 1238 nominat
2331 1188 2807 1241 consectationem.
2851 1186 2996 1242 Talis
3032 1197 3211 1242 autem
3257 1192 3612 1256 consectatio,

2051 1274 2230 1341 quoad
2256 1275 2370 1330 ﬁeri
2415 1285 2609 1346 potest,
2639 1277 2922 1332 assimilat.
2969 1277 3168 1342 Estote,
3216 1279 3394 1348 inquit
3429 1278 3612 1334 Domi-

2048 1379 2174 1430 nus,
2209 1367 2590 1431 misericordes,
2641 1368 2775 1420 sicut
2823 1365 2983 1422 Pater
3012 1379 3177 1422 vester
3213 1369 3434 1424 carlestis
3459 1369 3616 1422 mise-

2048 1454 2213 1509 ricors
2259 1466 2334 1510 est
2360 1458 2422 1511 ι’.
2496 1457 2632 1512 ΙΙὶιιο
2673 1458 2838 1513 Stoici
2872 1474 3108 1528 quoque,
3163 1470 3370 1514 natura:
3413 1473 3613 1514 conse-

2046 1556 2274 1615 quenter
2325 1548 2520 1612 vivere,
2573 1550 2733 1602 ﬁnem
2789 1565 2910 1604 esse
2957 1558 3298 1615 statuerunt,
3337 1553 3613 1623 eleganter

2045 1638 2139 1694 Dei
2190 1641 2409 1694 nomine
2457 1649 2820 1694 transmutato
2868 1642 2922 1694 in
2981 1651 3231 1696 naturam
3285 1661 3297 1696 :
3348 1644 3606 1712 quoniam

2045 1741 2236 1786 natura
2273 1743 2326 1788 et
2359 1734 2424 1787 ad
2471 1734 2707 1803 plantas,
2757 1743 2810 1788 et
2832 1733 2896 1787 ad
2927 1749 2987 1788 ea
3013 1750 3132 1804 quae
3165 1735 3524 1800 seminantur,
3555 1747 3609 1789 et

2045 1823 2112 1878 ad
2147 1824 2388 1892 arbores,
2440 1835 2493 1880 et
2537 1825 2604 1880 ad
2638 1825 2843 1894 lapides
2878 1825 3206 1880 extenditur.
3248 1827 3444 1895 Aperte
3479 1842 3608 1895 ergo

2042 1915 2246 1969 dictum
2278 1927 2361 1970 est
2392 1936 2404 1969 ε
2442 1915 2553 1970 Viri
2574 1917 2701 1969 mali
2729 1918 2888 1987 legem
2913 1933 3012 1970 non
3039 1916 3336 1986 intelligunt
3363 1935 3374 1968 :
3405 1917 3495 1986 qui
3510 1933 3609 1968 au-

367 2002 503 2054 τίνα
529 2003 640 2070 γὰρ
661 1978 984 2068 ἐστιϐλέψω,
1019 2002 1156 2055 ἀλλ’
1250 2004 1346 2056 ἐπὶ
1368 2004 1474 2056 τὸν
1493 2005 1686 2072 πρᾶον
1707 1978 1817 2076 (46)
1841 2007 1936 2060 καὶ
1972 1978 2014 2032 Β
2045 2018 2138 2061 tem

1841 2007 1936 2060 καὶ
1972 1978 2014 2032 Β
2045 2018 2144 2061 tem
2172 2007 2331 2076 legem
2363 2009 2609 2078 diligunt,
2657 1978 2944 2062 sibivmuri
2993 1978 3444 2078 propugnaculum
3489 2025 3606 2062 mu-

365 2094 625 2162 ήσύχιον
651 2091 747 2144 καὶ
776 2090 1061 2160 τρέμοντά
1077 2111 1196 2163 μου
1229 2095 1372 2161 τοὺς
1394 2095 1650 2164 λόγους
1673 2098 1706 2166 ή
1737 2115 1941 2169 προφη-

366 2183 488 2235 τεία
520 2183 686 2249 λέγει.
722 2181 924 2252 Τριττὰ
956 2182 1062 2253 (47)
1095 2183 1152 2237 δὲ
1184 2185 1295 2256 εῖδη
1330 2186 1512 2254 φιλίας
1544 2187 1933 2259 διδασκόμεθαο

364 2276 458 2328 καὶ
487 2273 688 2326 τούτων
720 2273 781 2326 τὸ
817 2274 915 2344 μὲν
959 2276 1171 2346 πρῶτον
1204 2280 1298 2330 καί
1329 2278 1548 2349 ἄριστον
1575 2279 1635 2332 τὸ
1663 2283 1783 2333 κατ’
1809 2283 1937 2352 ἀρε-

359 2367 490 2436 τήν·
529 2365 730 2436 στερρὰ
760 2366 869 2437 γὰρ
903 2369 934 2438 ἡ
969 2369 1032 2420 ἐκ
1050 2367 1206 2437 λόγου
1239 2370 1461 2440 ἀγάπη·
1497 2370 1557 2422 τὸ
1600 2371 1656 2423 δὲ
1686 2371 1935 2444 δεύτερον

361 2457 454 2509 καὶ
482 2456 643 2525 μέσον
666 2457 786 2509 κατ’
810 2456 1407 2529 ἀμοιϐήνομοινωνικδν
1440 2460 1496 2512 δὲ
1530 2459 1685 2512 τοῦτο
1720 2461 1812 2512 καὶ
1848 2475 1935 2529 με·

357 2545 636 2598 ταδοτικὸν
662 2547 755 2599 καὶ
781 2546 1064 2617 βιωφελές·
1102 2548 1250 2618 κοινὴ
1286 2548 1392 2619 γὰρ
1421 2550 1454 2619 η
1489 2549 1552 2600 ἐκ
1586 2549 1809 2620 χάριτος
1846 2565 1934 2616 φι-

356 2636 476 2687 λία·
528 2635 590 2688 τὸ
632 2636 690 2689 δὲ
743 2636 970 2691 ὕστατον
1017 2639 1110 2691 καὶ
1155 2639 1355 2708 τρίτον,
1405 2640 1564 2708 ἡμεῖς
1619 2639 1716 2708 μὲν
1770 2638 1829 2690 τὸ
1869 2640 1933 2690 ὲκ

358 2727 642 2798 συνηθείας
682 2731 880 2799 φαμὲν,
931 2732 981 2782 οἱ
1013 2731 1070 2783 δὲ
1101 2730 1161 2782 τὸ
1193 2729 1314 2782 καθ’
1348 2729 1540 2799 ἡδονὴν
1573 2728 1804 2800 τρεπτδν
1837 2729 1932 2781 καὶ

357 2821 710 2890 μεταϐλητὸν.
749 2823 858 2876 Καί
897 2840 985 2893 μοι
1028 2823 1174 2876 δοκεῖ
1210 2822 1506 2890 παγκάλως
1554 2821 1872 2892 Ἱππόδαμος
1903 2823 1932 2874 ὁ

354 2912 720 2983 Πυθαγόρειος
760 2915 992 2986 γράφειν
1037 2916 1138 2976 τὰς
1191 2915 1402 2984 φιλίας’
1466 2916 1526 2969 Ἀ
1555 2914 1672 2983 μὲν
1702 2915 1810 2986 (48)
1857 2915 1927 2978 ἐξ

349 3003 682 3074 exterritum
743 3005 923 3062 θεῶν’
956 3007 994 3060 ἀ
1043 3007 1094 3058 δ’
1135 3007 1204 3060 ἐκ
1261 3007 1529 3074 παροχᾶς
1569 3006 1922 3074 ἀνθρώπων,

352 3097 390 3150 d
417 3097 484 3149 δὲ
522 3097 591 3162 ἐξ
626 3096 843 3164 ἁδονᾶς
883 3096 1056 3159 ζώων.
1093 3098 1301 3151 Οὐκοῦν
1334 3100 1366 3169 ἡ
1401 3099 1499 3168 μέν
1529 3116 1608 3160 τις
1637 3099 1754 3151 ἐστὶ
1788 3099 1924 3167 φιλο-

355 3190 518 3258 σόφου
571 3191 739 3259 φιλία,
785 3193 816 3261 ὴ
871 3191 928 3244 δὲ
969 3189 1276 3261 ἀνθρώπου,
1320 3192 1352 3260 ἡ
1400 3189 1457 3242 δὲ
1505 3188 1663 3252 ζώου.
1696 3189 1785 3260 Τῷ
1815 3191 1923 3262 γὰρ

350 3277 465 3329 ὖντι
496 3280 656 3331 εἰκὼν
690 3278 785 3331 τοῦ
819 3279 951 3332 Θεοῦ
985 3278 1267 3348 ἄνθρωπος
1295 3279 1596 3349 εὐεργετῶν
1619 3298 1631 3310 ·
1669 3283 1726 3333 ὲν
1759 3276 1802 3349 ᾧ
1830 3284 1923 3336 καὶ

349 3369 511 3432 αὐτὸς
541 3371 935 3440 εὐεργετεῖται’
981 3369 1168 3441 ὥσπερ
1199 3370 1308 3441 γὰρ
1345 3373 1372 3424 ὁ
1403 3370 1768 3442 κυϐερνήτης,
1804 3373 1919 3442 ἅμα

350 3460 508 3526 σώζει
542 3463 632 3514 καὶ
677 3464 924 3526 σώζεται.
972 3461 1070 3515 Διὰ
1103 3461 1259 3515 τοῦτο
1286 3463 1412 3514 ὅταν
1445 3481 1528 3525 τις
1560 3463 1725 3515 αἰτῶν
1757 3462 1914 3534 τύχῃ,

426 3603 483 3659 >14
525 3595 595 3667 Ρ,
641 3597 746 3651 485
797 3597 905 3650 ED.
957 3597 1251 3663 POTTER,
1287 3598 1526 3652 404-405
1555 3598 1662 3653 ΕΙ).
1705 3599 1928 3658 PARIS.
1992 3615 2016 3643 ι
2048 3603 2197 3658 Deut.

681 3597 746 3651 83
797 3597 905 3650 ΕΙ).
957 3597 1251 3663 POTTER,
1287 3598 1526 3652 404-405
1555 3598 1662 3653 ΕΙ).
1705 3599 1928 3658 PARIS.
1992 3615 2016 3643 ι
2048 3603 2199 3658 Deut.
2251 3620 2374 3667 xm,
2401 3605 2452 3657 4.

346 3671 415 3733 ιι,
449 3668 500 3722 5.
572 3665 600 3706 ά
635 3667 793 3722 Prov.
831 3667 999 3733 x1v,8.
1077 3680 1100 3707 ε
1156 3669 1260 3724 lsa.
1310 3685 1470 3733 Lxrt,
1521 3670 1573 3722 2.

345 3824 470 3863 eum
511 3807 722 3864 dicendi
770 3826 1126 3884 genus,quoﬁ
1154 3812 1474 3884 Pythagorei
1511 3814 1910 3883 inclaruerunt,

343 3887 627 3953 t'_ant0pere
679 3883 1048 3953 secutusisit.
1089 3883 1250 3939 Con’l‘.
1303 3900 1424 3953 quae
1474 3885 1617 3940 dicta
1665 3897 1800 3940 sunt
1845 3889 1913 3940 ad

344 3948 544 4004 Strom.
581 3965 618 4014 ι,
651 3965 702 4017 p.
733 3950 991 4005 505'edit.
1029 3951 1200 4008 Paris.

415 4021 528 4096 (Ml)
584 4021 832 4096 ΔὈπίσω.
862 4092 871 4096 _
899 4023 1119 4096 ’Onicno
1163 4023 1366 4096 Κυρίου
1419 4023 1519 4096 τοῦξ
1538 4023 1911 4096 ῌΘεοῦᾲὺμῶν

343 4089 661 4162 πορεύεσθε,
685 4092 917 4162 καὶ-τὰς
947 4094 1165 4155 ἐντολὰς
1191 4089 1353 4146 αὖτοῦ
1388 4093 1674 4162 φυλάξατε,
1707 4089 1904 4150 Strom.

341 4175 394 4225 ν,
496 4159 609 4234 ⁸594
635 4160 762 4234 edit.
796 4159 994 4234 Parisa
1016 4164 1216 4234 ’Oggicrw
1243 4159 1444 4234 Ιςυρίου
1468 4164 1559 4234 τοῦ
1585 4163 1716 4216 Θεοῦ
1753 4166 1906 4234 ὑμῶν

341 4211 638 4305 statim.
652 4211 660 4214 ⁷
674 4211 1063 4305 recusato;
1076 4211 1231 4305 vuig.
1243 4211 1438 4305 ’Βῖίὶιξγ
1475 4211 1582 4305 Qui
1593 4211 1779 4305 ὀῖᾀὲδᾷ
1791 4211 1906 4305 Ἑρῖ

341 4248 412 4283 πο
452 4248 638 4283 ευεσοε
684 4248 775 4300 (πο
815 4248 1033 4285 ευσεσυε
1083 4248 1231 4302 vutg.
1267 4248 1423 4301 mni.)
1475 4248 1566 4286 και
1615 4248 1775 4287 αυτον
1809 4253 1902 4305 φο-

338 4248 678 4372 βηθήσεσθε,
714 4248 811 4354 ita?
841 4302 939 4365 τὰς
971 4303 1188 4365 ἐντολὰς
1222 4301 1382 4355 αὐτοῦ
1412 4301 1732 4372 φυλάξεσθε,
1769 4305 1902 4360 Cod.

340 4369 496 4424 Alex'.
527 4370 681 4424 Deut.
718 4387 836 4434 xm,
864 4374 918 4426 4.

411 4440 524 4511 (41)
569 4440 918 4510 Ἐλεήμονες
951 4444 1067 4496 καί.
1127 4441 1420 4498 Clementis
1455 4442 1904 4512 interpretamen-

338 4518 476 4563 tum.

412 4580 523 4654 (tl?)
567 4580 658 4646 Ὠς
678 4584 746 4654 _o_'_
779 4585 849 4635 Π.
904 4582 990 4654 Ὡς
1038 4584 1130 4636 καὶ
1163 4583 1192 4635 ὁ
1225 4585 1290 4636 Π.
1323 4583 1456 4639 Luc.
1493 4584 1552 4637 Ὀ
1598 4582 1844 4654 οὐράνιος
1873 4599 1904 4640 e

338 4648 592 4704 Matthaeo
627 4649 868 4704 additum
903 4653 1134 4706 videtur.

405 4719 516 4790 (45)
574 4719 932 4797 Ἀκολορθως
960 4719 1034 4797 τῇ
1057 4723 1255 4797 φύσει.
1284 4723 1445 4778 Conf.
1470 4739 1613 4797 quae
1649 4723 1902 4797 superius
1930 4712 1982 4768 Ῑ)
2083 4712 2172 4796 (46

671 4722 932 4797 0.1035693;-
960 4719 1034 4797 τῇ
1057 4723 1255 4797 φύσει.
1284 4723 1445 4778 Coni.
1470 4739 1613 4797 qua:
1649 4723 1902 4797 superius
1930 4712 1982 4768 Ῑ)
2083 4712 2194 4797 (46)
2224 4726 2442 4795 Πρᾶον.

336 4789 592 4864 adnotata
621 4799 748 4864 sunt
777 4790 988 4864 in_illud
1023 4791 1294 4864 adagium,
1324 4810 1434 4862 quo
1461 4789 1908 4864 ju'hetnur’Deum

336 4861 506 4931 sequi,
539 4874 591 4928 p.
620 4858 747 4931 599,
785 4860 916 4914 edit.
949 4858 1121 4914 Paris.

409 4928 520 5000 (44)
585 4928 823 4998 Ἄνδρες
880 4931 1072 4983 κακοί.
1146 4929 1305 4984 Prov.
1359 4949 1552 4998 xxviii,
1608 4935 1661 4995 4,
1709 4933 1793 4988 5:
1843 4935 1906 4987 Οἱ

334 5000 818 5072 ἐγκαταλείποντες
846 5000 936 5072 τὸν
977 5001 1136 5070 νόμον
1165 5003 1595 5072 ἐγκωμιάζουσιν
1619 5002 1868 5057 ἀσέϐειαν
1888 5021 1902 5035 °

333 5073 381 5122 oi
420 5071 476 5122 δὲ
518 5070 838 5138 ἀγαπῶντες
880 5071 968 5123 τὸν
1013 5072 1193 5142 νόμον,
1245 5070 1651 5142 περιϐάλλουσιν
1698 5075 1907 5138 ἑαυτοῖς

332 5143 528 5214 τεῖχος.
576 5142 813 5214 ξΑνδρες
856 5142 1014 5196 κακοὶ
1066 5145 1126 5196 οὐ
1162 5142 1449 5214 συνήσουσι
1501 5147 1594 5213 (al.
1630 5145 1902 5214 νοήσουσι)

336 5212 528 5280 κρῖμα.
573 5209 676 5263 Sed
715 5209 906 5266 auctor
937 5214 1189 5280 superius
1218 5209 1405 5265 eodem
1441 5209 1623 5277 motlo,
1655 5209 1762 5280 quo
1794 5209 1900 5278 hic,

333 5279 479 5400 {iane
505 5283 830 5334 sententiam
875 5279 1160 5349 recitavit,
1197 5281 1395 5337 Strom.
1444 5301 1480 5349 ι,
1532 5302 1585 5354 p.
1612 5279 1734 5348 553,
1770 5286 1896 5338 edit.

379 5363 508 5400 arts.

379 5363 508 5402 ﬂl‘lS.

403 5419 513 5490 (45)
564 5420 783 5490 Σοφία,
827 5419 919 5474 Sic
969 5423 1184 5490 penitus
1238 5421 1464 5489 legimus
1488 5422 1743 5478 Provcrh.
1787 5440 1895 5488 xw,

333 5506 384 5562 γ.
411 5489 464 5552 8,
495 5501 718 5558 excepto
754 5489 846 5562 illo
878 5489 978 5562 τᾲς
1007 5493 1159 5555 ὁδοὺς
1190 5491 1383 5544 αὐτῶν.
1422 5494 1613 5562 Aquila
1646 5504 1699 5549 et
1729 5493 1900 5547 Tln-o-

330 5559 781 5636 dotioﬁgpéva.
817 5559 1080 5636 επίθεσις,
1123 5559 1502 5636 Symmachus
1529 5566 1776 5636 ἀφρόνων
1815 5564 1898 5616 λό-

330 5646 444 5704 γος.
493 5629 681 5686 Latina
740 5629 897 5700 Vulg.
955 5629 1228 5704 Sapientia
1274 5632 1452 5686 callidi
1495 5629 1898 5704 est'intelligere

331 5701 470 5750 riam
499 5719 673 5767 suam,
702 5714 749 5756 et
779 5701 1132 5770 imprudentia
1178 5704 1464 5757 stultorum
1507 5721 1712 5759 errans.
1749 5701 1897 5759 Hanc

330 5770 475 5842 enim
509 5773 690 5842 potius
742 5775 1030 5827 lectionem
1081 5776 1356 5842 postulant
1403 5782 1456 5826 ct
1489 5773 1674 5828 Graeca
1708 5785 1762 5828 et
1795 5776 1898 5828 lle-

332 5839 495 5915 h_raaa.
513 5841 840 5915 EliaIdaica:
869 5839 1217 5915 paraphrasis
1245 5845 1617 5915 interpretatio
1641 5861 1655 5898 :
1682 5843 1899 5915 Sapien-

332 5910 408 5961 tia
440 5909 628 5982 callidi
653 5923 728 5964 est
756 5909 1105 5982 intelligentia
1133 5917 1228 5969 via:
1253 5909 1461 5980 surtu-et
1491 5914 1724 5968 stultitia
1759 5909 1894 5968 stul-

333 5992 507 6034 torum
557 5981 1140 6057 fraudttlt'nta.Itaque
1175 5989 1253 6041 sic
1300 5997 1451 6056 poles
1488 5985 1597 6038 lunt:
1645 5997 1888 6042 vertere:

2041 2094 2191 2146 niunt
2215 2104 2261 2145 ε.
2290 2093 2599 2146 Astntorum
2617 2095 2760 2147 enim
2779 2097 3038 2162 sapientia
3057 2106 3298 2166 agnoscet
3318 2098 3426 2151 vias
3444 2114 3604 2152 suas:

2039 2185 2339 2254 ignorantia
2392 2193 2567 2238 autem
2618 2188 2913 2254 sapientum
2959 2188 3055 2240 erit
3106 2189 3160 2240 in
3207 2203 3382 2242 errore
3404 2187 3455 2243 δ.
3503 2187 3605 2244 Stt-

2037 2291 2128 2344 per
2157 2281 2214 2338 >14
2264 2291 2413 2344 quem
2460 2276 2598 2328 enim
2648 2276 2956 2344 respiciam,
3002 2277 3103 2329 nisi
3145 2293 3298 2346 super
3331 2279 3510 2332 mitem
3549 2287 3602 2332 et

2037 2376 2364 2420 mansuetum
2389 2376 2438 2420 et
2464 2375 2762 2420 trementem
2787 2367 2941 2420 verba
2967 2384 3082 2420 mea
3108 2368 3166 2420 οἳ
3191 2369 3267 2421 ait
3296 2371 3599 2438 prophetia.

2034 2456 2303 2513 Docemur
2343 2467 2558 2522 autem,
2609 2473 2729 2513 esse
2777 2459 2967 2529 triplex
3003 2474 3172 2529 genus
3202 2460 3452 2515 amicitiae
3490 2479 3504 2515 :
3547 2472 3600 2516 et

2032 2564 2218 2603 eorum
2251 2550 2483 2618 primum
2506 2550 2722 2619 quidem
2754 2560 2855 2614 est,
2889 2551 3051 2620 idque
3082 2550 3342 2620 optimum
3370 2567 3432 2606 ac
3463 2567 3598 2621 pra:-

2034 2641 2462 2704 stantissimum,
2511 2641 2563 2694 id
2609 2641 2752 2708 quod
2787 2642 2980 2695 virtute
3022 2643 3384 2696 conciliatur:
3417 2644 3595 2698 valida

2031 2732 2175 2784 enim
2214 2739 2317 2794 est,
2360 2748 2481 2801 qua:
2509 2747 2575 2785 ex
2609 2733 2820 2786 ratione
2855 2732 3048 2798 oritur,
3083 2732 3320 2787 dilectio.
3391 2733 3596 2788 Secum--

2030 2824 2158 2876 dum
2196 2833 2374 2877 autem
2405 2839 2470 2877 ac
2505 2825 2762 2890 medium,
2791 2839 2853 2877 ex
2885 2825 3356 2879 remuneratione:
3384 2833 3469 2880 est
3497 2842 3596 2880 au-

2033 2926 2136 2969 tem
2179 2916 2280 2970 hoc
2315 2931 2484 2985 genus
2531 2927 2715 2985 aptum
2747 2917 2812 2969 ad
2847 2916 3157 2970 societatem
3193 2931 3256 2971 ac
3281 2919 3591 2971 communi-

2028 3007 2319 3071 cationem,
2351 3008 2598 3062 lubenter
2623 3007 2956 3077 impertiens,
2995 3021 3048 3066 et
3076 3012 3197 3065 vitae
3231 3013 3588 3067 conducibile.

2025 3098 2344 3153 Communis
2370 3100 2512 3153 enim
2537 3109 2642 3167 est,
2667 3117 2788 3170 quae
2815 3120 2878 3156 ex
2908 3103 3078 3171 gratia
3103 3103 3295 3170 oritur,
3323 3105 3582 3159 amicitia.

2027 3186 2285 3242 Ultimum
2328 3197 2508 3242 autem
2546 3205 2610 3244 ac
2651 3192 2904 3256 tertium,
2950 3208 3049 3248 nos
3091 3194 3306 3264 quidem
3356 3195 3589 3252 dicimus

2027 3283 2079 3336 id
2133 3281 2276 3351 quod
2319 3291 2402 3335 est
2448 3297 2512 3336 ex
2561 3285 2957 3339 consuetudine
3000 3304 3014 3339 :
3053 3287 3127 3339 illi
3159 3302 3286 3341 vero
3325 3287 3410 3352 id,
3442 3291 3586 3358 quod

2026 3386 2245 3445 propter
2300 3376 2624 3443 voluptatem
2679 3376 2904 3430 vertitur
2945 3393 3008 3431 ac
3047 3388 3305 3432 mutatur.
3342 3381 3419 3435 Ac
3450 3381 3583 3434 mihi

2024 3467 2240 3536 quidem
2287 3467 2647 3535 pulcherrime
2691 3465 3057 3536 Hippodamus
3094 3467 3462 3540 Pythagoreus
3501 3472 3583 3524 vi-

2594 3603 2620 3642 b
2649 3601 2780 3657 Luc.
2812 3619 2886 3670 vr,
2912 3603 3001 3658 '56.
3129 3615 3150 3644 ε
3187 3604 3347 3660 Prov.
3383 3621 3580 3673 xxvnt,

2025 3817 2338 3888 Ignorantia
2366 3827 2541 3870 autem
2570 3819 2906 3887 insipientum
2947 3818 3004 3870 in
3031 3817 3325 3887 deceptione
3356 3833 3375 3881 ,°
3412 3819 3462 3871 id
3499 3832 3582 3878 est

2020 3889 2156 3942 nihil
2191 3888 2336 3958 aliud
2365 3889 2625 3958 cogitant,
2659 3904 2822 3958 quam
2852 3888 3122 3957 quomodo
3157 3891 3434 3957 imponere
3459 3890 3583 3948 aliis

2017 3959 2248 4026 possint.
2282 3957 2610 4012 Praecedenti
2646 3957 2925 4014 sententiae
2954 3973 3061 4011 non
3091 3959 3352 4012 absimilis
3373 3966 3458 4014 est
3491 3961 3579 4016 illa

2013 4029 2273 4100 Proverl).
2310 4044 2502 4100 xxviii,
2534 4029 2567 4082 5
2592 4048 2603 4081 ;
2634 4028 2855 4100 ’ξΛνδρ-ες
2882 4028 3039 4080 κακοὶ
3070 4029 3129 4080 οὐ
3163 4028 3412 4100 νοὴσουσι
3461 4033 3581 4100 κρί-

2016 4113 2119 4151 σιν’
2139 4101 2186 4151 οἱ
2215 4098 2272 4151 δὲ
2303 4098 2589 4168 ζητοῦντες
2614 4099 2702 4151 τὸν
2725 4098 2925 4168 Κύριον
2959 4101 3272 4169 συνήσουσιν
3301 4099 3363 4169 ἐν
3393 4098 3582 4165 παντί,

2013 4170 2120 4234 vel,
2161 4179 2219 4222 ut
2259 4169 2407 4232 alibi,
2446 4169 2735 4238 συνήσουσι
2773 4167 2968 4221 πάντα.
3027 4167 3259 4221 Latina:
3301 4167 3409 4221 Viri
3447 4172 3584 4224 mali

2011 4254 2113 4291 non
2153 4240 2384 4308 cogitant
2409 4238 2718 4306 judicium;
2767 4239 2857 4307 qui
2908 4247 3082 4291 autem
3132 4239 3410 4307 inquirunt
3460 4239 3574 4294 Do-

2011 4309 2231 4374 minum,
2265 4309 2683 4360 animadvertunt
2713 4308 2909 4361 omnia.
2947 4308 3214 4362 Caeterum
3243 4309 3492 4376 quamvis
3522 4312 3576 4364 in

2009 4380 2440 4449 malatn_partetn
2477 4387 2726 4449 sumatur
2759 4393 2861 4430 vox
2907 4377 3230 4449 πανοῦργος,
3275 4388 3481 4449 tamen,
3519 4392 3578 4434 ut

2007 4449 2166 4502 docet
2207 4447 2422 4509 Suidas,
2480 4447 2750 4518 signiﬁcat
2785 4458 2839 4502 et
2867 4447 2962 4500 τὸν
3003 4447 3146 4501 πάνυ
3180 4448 3438 4518 φρόνιμον
3482 4452 3575 4503 καὶ

2009 4520 2186 4572 πάντα
2239 4518 2618 4587 ἐπιστάμενον.
2673 4517 2794 4583 Quo
2841 4518 2963 4572 loco
3005 4529 3058 4570 et
3092 4517 3444 4586 manuscripti
3469 4535 3572 4587 ope

2007 4589 2261 4642 mendum
2319 4587 2624 4657 sustuleris,
2650 4592 2695 4642 si
2748 4588 2912 4657 legas,
2967 4587 3120 4640 καλεῖ
3159 4587 3215 4640 δὲ
3257 4587 3426 4651 οὕτως
3465 4589 3576 4642 ἀπὸ

2006 4659 2279 4747 Διοκλείων⁷
2299 4656 2391 4735 τοῦ
2425 4656 2618 4747 δηρου.
2669 4656 2940 4747 (Bormum.

2480 4675 2618 4780 llpou.
2669 4675 2940 4711 uouecr.

2516 4727 2752 4792 απεινόν,
2778 4726 2908 4793 lsa.,
2936 4727 3028 4782 ubi
3055 4741 3206 4793 mox,
3235 4728 3361 4790 τοὺς
3386 4727 3572 4796 λόγους

2058 4815 2140 4852 Ου.

2018 4817 2196 4939 ῩΟᾶἹ)
2234 4868 2451 4936 Τριττά.
2491 4866 2751 4922 Similiter
2799 4865 3119 4922 Aristoteles
3148 4865 3471 4939 Ethicorum
3499 4871 3570 4924 ad

2010 4934 2400 4993 Nicomachum
2451 4939 2544 4991 lib.
2578 4953 2699 5003 vm,
2757 4952 2877 5006 cap.
2916 4939 2985 5002 5,
3033 4940 3207 5000 docet,
3259 4937 3383 5006 τρία
3429 4934 3569 4992 εὶναι

2009 5009 2123 5080 εἴδη
2155 5010 2252 5079 τῆς
2285 5009 2492 5077 φιλίας,
2531 5017 2631 5060 tres
2665 5025 2773 5080 esse
2803 5009 3052 5080 amicitia:
3079 5007 3289 5080 species.
3325 5006 3567 5080 Quarum

2009 5076 2454 5148 priniameOrum
2491 5093 2614 5132 esse
2641 5079 2751 5141 ait,
2790 5079 2840 5130 οἳ
2867 5077 2956 5130 διὰ
2990 5079 3050 5130 τὸ
3081 5076 3354 5148 χρήσιμον
3383 5078 3563 5147 φιλοῦ-

2011 5147 2093 5201 σιν
2114 5147 2388 5218 ἀλλήλους,
2405 5148 2495 5216 qui
2514 5163 2568 5200 se
2589 5149 2809 5202 invicem
2832 5147 3541 5218 amantpropterrutilitatem

2009 5219 2332 5278 Secundam,
2363 5233 2484 5286 quae
2513 5219 2759 5273 contrahi
2792 5217 2928 5270 solet
2951 5217 3038 5270 διὰ
3069 5217 3167 5285 τὴν
3196 5217 3409 5286 ἡδονήν,
3440 5234 3560 5284 pru-

2005 5298 2121 5356 pter
2156 5287 2469 5358 voluptatem
2492 5303 2510 5338 :
2535 5290 2750 5358 qualem
2787 5287 3107 5358 plerumque
3135 5287 3266 5358 di_eit
3303 5302 3425 5358 esse
3466 5287 3564 5352 τὴν

2005 5355 2110 5411 τῶν
2141 5358 2271 5410 νέων
2297 5356 2496 5424 φιλίαν,
2521 5355 2767 5426 juvenum
2817 5357 3130 5426 amicitiam.
3169 5355 3351 5410 Tertio
3382 5366 3563 5411 autem

2004 5429 2125 5482 loco
2152 5429 2200 5482 ei
2225 5437 2308 5499 est
2336 5425 2576 5499 τελείαίή
2602 5430 2708 5480 τῶν
2735 5425 2953 5494 ἀγαθῶν
2982 5427 3131 5496 φιλία
3163 5429 3254 5478 καὶ
3284 5426 3403 5479 κατ’
3437 5428 3560 5499 ἀρε.

2001 5500 2100 5568 τὴν
2131 5498 2327 5568 ὁμοίων
2347 5515 2358 5526 ·
2395 5498 2644 5567 perfecta,
2669 5513 2785 5568 qua:
2818 5500 3072 5568 bonorum
3095 5507 3174 5550 est
3203 5507 3252 5550 et
3278 5498 3560 5568 secundum

2002 5566 2244 5622 virtutem
2284 5566 2571 5632 similium,
2611 5566 2867 5621 amicitia.
2912 5566 3014 5621 Isti
3054 5569 3210 5629 enim,
3242 5568 3442 5636 inquit,
3476 5567 3547 5618 bt.‘

2001 5641 2169 5691 nevoli
2205 5639 2427 5692 invicem
2461 5649 2606 5698 sunt,
2644 5649 2898 5708 quatenus
2935 5639 3076 5692 boni.
3109 5637 3334 5692 Brevius
3360 5638 3561 5692 dixeris

2000 5711 2293 5763 amicitiam
2321 5710 2533 5778 utilem,
2561 5710 2853 5778 jucundam
2888 5724 2952 5763 ac
2983 5709 3288 5778 honestam.

2071 5780 2180 5848 (48)
2210 5776 2470 5847 Γράφειν
2498 5775 2607 5845 τᾶς
2636 5779 2838 5848 φιλίας
2860 5795 2872 5808 ·
2911 5779 3117 5848 Ἀ
3149 5777 3388 5848 Rectius,
3422 5775 3560 5848 γρά-

1996 5846 2140 5967 ἱρειν,
2166 5846 2282 5913 ’Τᾶς
2312 5846 2488 5919 φιλίας
2530 5851 2565 5904 ἁ
2601 5846 2785 5921 μὲν...
2812 5850 2955 5918 quod
2989 5846 3122 5903 i'idit
3149 5851 3310 5904 etiam
3348 5846 3410 5900 Η.
3445 5847 3569 5918 Syl-

2020 5930 2146 5967 iura.

2020 5930 2146 5984 iurg.
