4484 6586
878 477 1013 531 10ῗὶ9

876 688 1057 744 bonus
1079 688 1258 750 Pater,
1284 690 1682 747 sanctilicatum
1710 703 1814 755 est,
1858 703 1912 747 et
1957 693 2075 746 luce
2108 694 2446 764 resplendet:

877 789 933 833 et
961 779 1042 834 sic
1070 781 1160 850 qui
1193 781 1280 833 tali
1314 781 1478 834 corde
1505 792 1589 836 est
1627 782 1899 852 prasditus,
1930 782 2142 849 beatur,
2192 782 2449 853 quoniam

878 867 1049 924 Deum
1079 869 1297 923 videbit.
1329 889 1348 922 ι
1374 869 1632 937 Quaenam
1666 880 1749 926 est
1778 887 1910 941 ergo
1940 887 2132 937 causa,
2164 874 2311 943 quod
2344 886 2450 925 nou

881 961 951 1014 ab
981 960 1134 1017 initio
1166 962 1295 1019 talis
1328 966 1523 1018 animae
1557 979 1686 1017 cura
1726 978 1789 1017 ac
1827 963 2164 1032 providentia
2202 974 2449 1034 geratur,

879 1050 1066 1104 dicant
1096 1052 1275 1107 nobis.
1314 1054 1412 1106 Aul
1451 1053 1594 1107 enim
1629 1067 1737 1106 non
1776 1061 1854 1107 est
1890 1052 2075 1123 digna,
2110 1065 2165 1108 et
2189 1053 2454 1123 quodam-

880 1136 1044 1193 modo
1074 1137 1219 1195 sicut
1245 1155 1308 1194 ex
1342 1138 1657 1209 pmnitentia
1690 1140 1899 1194 accedit
1930 1141 1997 1195 ad
2026 1157 2145 1195 eam
2176 1140 2457 1211 providen-

878 1228 955 1282 tia
981 1268 996 1292 ,
1032 1229 1117 1284 vel
1151 1237 1341 1284 natura
1362 1268 1377 1291 ,
1408 1242 1469 1282 ut
1500 1230 1616 1297 ipse
1654 1229 1791 1295 vult,
1824 1232 2110 1286 servatur?
2143 1238 2197 1285 et
2233 1245 2457 1286 necesse

878 1329 965 1375 est
993 1336 1136 1387 eam,
1182 1337 1303 1375 cum
1341 1321 1410 1374 ab
1446 1321 1600 1375 initio
1631 1322 1751 1392 ejus
1801 1339 1933 1378 cura
1983 1330 2200 1395 geratur
2234 1332 2458 1393 propter

880 1414 1296 1483 cognationem,
1332 1412 1631 1468 immundis
1654 1415 1935 1485 spiritibus
1957 1415 2164 1469 nullum
2194 1415 2323 1470 dare
2352 1416 2465 1468 adi-

884 1517 1018 1568 tum,
1052 1502 1157 1559 nisi
1187 1501 1240 1557 ei
1270 1503 1355 1559 vis
1386 1503 1665 1570 efferatur,
1695 1515 1750 1561 et
1783 1507 2050 1561 imbecilla
2081 1506 2360 1577 probetur.
2400 1505 2458 1560 Si

876 1594 1024 1648 enim
1054 1593 1287 1663 dederit,
1330 1611 1452 1651 eam
1482 1597 1797 1667 paenitentia
1827 1598 2069 1665 ductam,
2104 1599 2304 1668 eligere
2336 1613 2457 1667 qua:

878 1696 1007 1742 sunt
1033 1687 1258 1742 meliora
1280 1727 1296 1751 ,
1330 1687 1535 1743 invitus
1564 1688 1708 1744 dicet
1740 1689 1814 1755 id,
1856 1690 2000 1758 quod
2033 1688 2298 1751 decernit,
2335 1702 2456 1756 quae

876 1789 963 1833 est
995 1779 1139 1848 apud
1171 1793 1296 1842 nos,
1330 1779 1563 1833 veritas:
1614 1793 1809 1847 nempe
1851 1794 1918 1832 ex
1952 1778 2238 1832 obediente
2279 1785 2458 1830 muta-

877 1871 1048 1935 tione,
1082 1884 1191 1923 non
1215 1878 1390 1923 autem
1409 1884 1475 1923 ex
1503 1879 1723 1932 natura,
1755 1880 1875 1922 esse
1908 1867 2156 1922 salutem.
2188 1866 2457 1932 Quemad-

2038 479 2427 540 CLEMENTIS
2463 479 2934 539 ALEXANDRINI

888 596 1110 651 culum:
1150 606 1439 668 postquam
1477 605 1659 654 autem
1689 600 1741 654 id
1774 600 2037 663 inviserit,
2067 603 2161 671 qui
2199 602 2348 656 solus
2372 607 2459 654 cst
2486 606 2533 661 Α
2559 597 2656 667 δψε

2486 606 2533 661 Α
2559 597 2749 667 δψεται
2773 599 2864 650 τὸν
2899 598 3051 652 Θεόν.
3090 617 3108 649 ι
3140 597 3234 660 Τίς
3265 590 3357 650 οὖν
3388 600 3421 668 ή
3453 602 3602 656 αἰτία
3632 600 3724 655 τοῦ
3770 598 3842 672 μὴ
3882 602 4143 673 προνοεῖ,
4240 610 4254 627 ι

2523 1467 2534 1480 ,
2557 1414 2703 1469 τοῦτ’
2726 1418 2931 1477 ἐκεῖνος
2965 1413 3114 1468 ἄκων
3149 1416 3267 1485 ἑρεῖ
3293 1454 3308 1478 ,

3981 481 4140 539 1060

2559 689 2683 743 σθαι
2717 689 2776 754 ἐξ
2799 691 2973 760 ἀρχῆς
3003 692 3103 761 τὴν
3123 688 3376 758 τοιαύτην
3409 689 3609 762 ψυχὴν,
3631 693 3943 748 εἰπάτωσαν
3968 692 4135 762 ἡμῖν.

2558 781 2713 834 Ἤτοι
2748 781 2855 851 (87)
2877 780 2987 851 γὰρ
3017 781 3119 834 οὐκ
3174 782 3320 835 ἔστιν
3354 779 3480 846 ἀξία
3526 778 3644 849 (καὶ
3683 785 3802 848 πῶς
3843 784 4032 856 ῶσπερ
4064 786 4141 836 ἐκ

2558 872 2847 940 μετανοίας
2874 873 2907 942 ή
2934 871 3158 942 πρόνοια
3200 872 3480 945 πρόσεισιν
3499 871 3711 942 αὐτῇς)
3747 875 3782 946 ἢ
3825 876 3988 945 φύσις
4021 892 4142 930 σω*

2557 962 2782 1034 ζομένη,
2833 964 2908 1026 ὡς
2951 962 3114 1026 αὐτὸς
3147 963 3412 1034 βούλεται,
3459 962 3746 1032 τυγχάνει’
3773 966 3866 1017 καὶ
3915 966 4138 1034 ἀνάγκη

2554 1053 2782 1125 ταύτην,
2812 1052 2870 1120 ἑξ
2898 1053 3073 1123 ἀρχῆς
3105 1054 3194 1108 διὰ
3228 1054 3545 1122 συγγένειαν
3578 1055 4001 1125 προνοουμένην,
4029 1071 4141 1126 μη·-

2556 1145 2751 1216 δεμίαν
2783 1143 3138 1216 παρείσδυσιν
3161 1148 3275 1208 τοῖς
3302 1143 3629 1216 ἀκαθάρτοις
3669 1143 3929 1213 παρέχειν
3964 1144 4136 1200 πνεύ-

2561 1254 2746 1308 μασιν,
2782 1236 2937 1299 ἑκτὸς
2966 1236 3015 1288 εἰ
3047 1236 3122 1306 μὴ
3159 1235 3432 1308 βιασθείη,
3459 1236 3553 1290 καὶ
3572 1234 3802 1306 ἀσθενὴς
3826 1235 4132 1311 ἐλεγχθείη.

2571 1327 2696 1380 Ἐὰν
2723 1327 2829 1397 γὰρ
2844 1325 2918 1395 δῷ
2941 1326 3352 1395 μετανοήσασαν
3365 1324 3532 1397 αὐτὴν
3555 1323 3768 1378 ἑλέσθαι
3783 1322 3852 1376 τὰ
3875 1324 4135 1394 κρείττω,

3351 1419 3490 1488 ὅπερ
3519 1419 3553 1487 ή
3580 1414 3705 1486 παρ’
3741 1415 3874 1484 ἡμῖν
3908 1413 4134 1484 ἀλήθεια

2558 1505 2903 1576 δογματίζει,
2940 1507 3005 1556 ἐκ
3030 1503 3328 1574 μεταϐολῆς
3353 1507 3650 1578 πειθηνίου,
3681 1503 3794 1558 ἀλλ’
3824 1503 3925 1558 οὐκ
3957 1504 4024 1557 ἐκ
4038 1504 4134 1573 φύ-

2559 1612 2717 1658 σεως,
2749 1596 2847 1666 τὴν
2881 1594 3174 1665 σωτηρίαν.
3215 1595 3425 1668 Ὥσπερ
3475 1597 3586 1668 γὰρ
3626 1596 3681 1649 αἱ
3717 1592 4131 1664 ἀναθυμιάσεις,

2557 1686 2618 1737 αἶ
2644 1703 2700 1738 τε
2730 1686 2897 1757 γῆθεν
2926 1686 2987 1738 αἴ
3006 1702 3068 1738 τε
3099 1685 3206 1739 ἀπὸ
3240 1685 3545 1757 τελμάτων,
3579 1689 3659 1752 είς
3710 1684 3939 1757 ὁμίχλας
3980 1685 4131 1737 συνί-

2559 1794 2783 1831 στανται
2809 1777 2903 1831 καὶ
2934 1774 3258 1846 νεφελὼδεις
3315 1780 3655 1849 συστροφάς
3708 1777 3879 1840 οὕτως
3921 1777 3979 1831 αἱ
4024 1774 4136 1831 τῶν

2561 1867 2836 1940 σαρκικῶν
2866 1867 3172 1939 ἐπιθυμιῶν
3200 1867 3480 1932 ἀναδόσεις
3499 1869 3754 1941 καχεξίαν
3785 1867 4138 1941 προστρίϐον-

877 1960 1101 2015 modum
1129 1960 1275 2013 enim
1298 1957 1696 2022 exhalationes,
1724 1971 1853 2012 cum
1873 1965 2083 2024 eterra,
2113 1966 2228 2012 tum
2256 1973 2286 2011 e
2308 1957 2459 2021 palu-
2492 1938 2535 1994 Β
2562 1938 2648 2012 ται

2366 1957 2459 2010 du-
2492 1938 2535 1994 Β
2562 1938 2651 2012 ται
2679 1959 2848 2031 ψυχῇ,
2873 1938 3432 2015 κατασκεδαννύουσαι
3464 1959 3533 2013 τά
3574 1938 3773 2015 εἴδωλα
3805 1938 3906 2031 τῆς
3940 1938 4137 2029 ἡδονῆς

877 2047 1037 2101 dibus
1069 2057 1222 2115 ortae,
1263 2048 1317 2101 in
1359 2048 1645 2119 caliginem
1676 2056 1732 2102 et
1770 2048 1987 2104 nimbos
2022 2048 2454 2119 conglobantur:

878 2139 954 2192 ita
987 2137 1151 2193 etiam
1201 2140 1508 2194 carnalium
1560 2139 1923 2209 cupiditatum
1974 2156 2207 2211 vapores
2255 2140 2456 2195 malam

875 2228 1074 2284 animae
1095 2230 1325 2286 inurunt
1346 2230 1744 2298 habitudinem,
1774 2232 2071 2301 voluptatis
2092 2233 2303 2301 species
2329 2240 2457 2285 ante

875 2321 1118 2374 animam
1175 2321 1419 2391 undique
1464 2332 1801 2393 spargentes.
1851 2322 2227 2393 lntelligentiae
2271 2323 2456 2391 itaque

878 2414 986 2467 luci
1023 2414 1277 2469 tenebras
1311 2413 1615 2477 offundunt,
1652 2413 1957 2467 attrahente
2008 2413 2193 2467 anima
2229 2426 2454 2482 vapores

878 2504 1365 2573 concupiscentiae,
1418 2511 1472 2557 et
1513 2502 1883 2557 eondeusante
1913 2501 2201 2557 aﬂ‘ectuum
2235 2501 2452 2571 globos,

876 2613 943 2652 ex
974 2608 1236 2668 perpetuo
1259 2598 1599 2667 voluptatum
1630 2612 1755 2652 usu.
1792 2595 1965 2651 Gleba
1998 2612 2030 2650 e
2059 2606 2204 2651 terra
2239 2595 2455 2650 sublata

877 2704 986 2744 non
1024 2698 1107 2745 est
1136 2704 1356 2755 aurum,
1386 2688 1481 2743 sed
1511 2688 1770 2758 coquitur
1796 2696 1851 2742 et
1884 2687 2224 2758 percolatur,
2259 2685 2456 2741 deinde

876 2794 1013 2850 pura
1029 2780 1286 2843 evadens,
1316 2794 1513 2833 aurum
1548 2787 1793 2842 vocatur,
1824 2778 2067 2847 quodest
2090 2785 2233 2832 terra
2262 2773 2455 2845 puriﬁ-

876 2882 1023 2929 cata.
1049 2871 1222 2926 Petita
1246 2871 1413 2934 enim,
1440 2878 1491 2924 et
1516 2869 1735 2923 dabitur
1755 2869 1897 2922 vobis
1927 2880 1976 2935 ι,
1999 2868 2087 2932 iis,
2112 2867 2205 2937 qui
2237 2881 2303 2921 ex
2324 2865 2458 2935 seip-

878 2963 958 3017 sis
988 2971 1219 3031 possunt
1261 2976 1324 3015 ea
1344 2999 1359 3022 ,
1398 2975 1521 3029 quae
1540 2966 1668 3012 sunt
1688 2957 1921 3027 optima,
1949 2958 2147 3028 eligere
2168 2998 2183 3023 ,
2228 2955 2452 3010 dicitur.

876 3051 1163 3119 Quomodo
1187 3060 1368 3105 autem
1394 3066 1493 3105 nos
1520 3049 1723 3104 diaboli
1746 3049 2111 3120 operationes,
2143 3059 2198 3102 et
2229 3048 2457 3116 spiritus

878 3143 1190 3198 immundos
1213 3143 1267 3195 in
1299 3141 1599 3211 peccatoris
1625 3142 1863 3194 animam
1889 3139 2163 3195 seminare
2183 3138 2452 3201 dicamus,

878 3249 990 3289 non
1042 3233 1175 3289 mihi
1218 3234 1465 3303 pluribus
1514 3232 1695 3286 verbis
1745 3246 1883 3300 Opus
1915 3239 2030 3294 est,
2085 3230 2131 3285 si
2174 3229 2454 3284 adduxero

878 3334 1076 3382 testem
1122 3324 1425 3380 Barnabam
1468 3322 1824 3393 apostolicum
1870 3322 2028 3392 (erat
2073 3328 2254 3375 autem
2302 3320 2349 3374 is
2389 3336 2455 3374 ex

880 3418 1253 3491 septuaginta.
1282 3429 1336 3470 et
1363 3416 1516 3471 Pauli
1557 3413 1806 3485 adjutor)
1837 3419 1895 3477 ὦ
1939 3413 2025 3467 Itis
2059 3412 2239 3467 verbis
2273 3410 2352 3467 sic
2381 3411 2465 3466 di—

880 3520 1125 3565 centem:
1182 3529 1202 3561 ι
1259 3509 1571 3578 Antequam
1617 3521 1720 3560 nos
1757 3504 1867 3559 Deo
1916 3503 2303 3567 crederemus,
2345 3510 2465 3556 erat

880 3612 1130 3657 nostrum
1171 3601 1355 3657 cordis
1388 3597 1767 3654 habitaculum
1808 3595 2050 3649 interitui
2086 3593 2381 3647 obnoxium
2413 3601 2467 3644 et

882 3693 1241 3756 imbecillum,
1282 3707 1410 3746 vere
1447 3691 1706 3761 templum
1743 3703 1907 3743 manu
1941 3685 2302 3740 aediﬁcatum:
2333 3682 2461 3752 quia

878 3793 998 3838 erat
1023 3785 1242 3854 quidem
1272 3783 1492 3852 plenum
1524 3780 1671 3836 cultu
1706 3780 1974 3834 idolorum
2018 3775 2199 3845 177,
2251 3782 2304 3829 et
2342 3784 2461 3828 erat

879 3875 1078 3929 domus
1134 3873 1467 3937 daemonum,
1507 3872 1653 3941 quod
1707 3869 1909 3925 faceret
1960 3880 2304 3937 quaecunque
2346 3863 2457 3919 Deo

878 3978 1009 4020 sunt
1030 3966 1324 4021 contraria.
1369 3984 1387 4017 ι
1420 3962 1776 4033 Operationes
1804 3975 1935 4030 ergo
1961 3957 2302 4014 daemonibus
2332 3971 2456 4011 con-

877 4057 1155 4110 venientes
1195 4055 1329 4109 dicit
1366 4061 1682 4124 peccatores
1725 4049 1964 4106 efﬁcere:
2010 4064 2120 4103 non
2155 4056 2337 4103 autem
2378 4046 2455 4100 ait

878 4150 1031 4219 ipsos
1060 4146 1285 4217 spiritus
1328 4145 1579 4201 habitare
1625 4143 1680 4197 in
1705 4142 1890 4197 anima
1937 4139 2194 4195 inﬁdelis.
2234 4138 2301 4192 Et
2332 4139 2454 4193 ideo

879 4238 1194 4309 subjungit:
1230 4255 1250 4288 ι
1280 4235 1554 4292 Attendite
1586 4245 1647 4290 ιιι
1682 4233 1945 4303 templum
1978 4230 2197 4286 Domini
2222 4231 2457 4300 gloriose

878 4328 1193 4383 aediﬁcetur.
1241 4326 1435 4383 Discite
1466 4342 1564 4382 vos
1594 4326 1871 4396 accepisse
1906 4322 2291 4378 remissionem
2328 4336 2457 4390 pec-

2562 2048 2892 2120 ἑπίπροσθεν
2916 2049 3017 2120 τῆς
3059 2050 3252 2121 ψυχῆς.
3297 2050 3671 2104 Ἐπισκοτοῦσι
3700 2051 3830 2121 γοῦν
3868 2050 3947 2121 τῷ
3995 2051 4138 2120 φωτὶ

2559 2138 2639 2208 τῷ
2671 2137 2861 2210 νοερῷ,
2894 2139 3283 2210 ἐπισπωμένης
3318 2139 3416 2211 τῆς
3450 2140 3627 2211 ψυχῆς
3661 2143 3760 2204 τὰς
3778 2145 3844 2195 ἑκ
3876 2143 3975 2212 τῆς
4017 2143 4139 2194 ἑπι-

2560 2228 2758 2299 θυμίας
2778 2230 3078 2295 ἀναδόσεις,
3095 2233 3191 2285 κα).
3210 2231 3551 2302 παχυνούσης
3573 2234 3670 2297 τὰς
3694 2234 4002 2306 συστροφάς
4026 2233 4139 2287 τῶν

2559 2318 2766 2383 παθῶν,
2801 2321 3109 2394 ἑνδελεχείᾳ
3138 2323 3363 2394 ἡδονῶν.
3400 2324 3614 2395 Χρυσὸς
3647 2325 3705 2377 δὲ
3751 2327 3859 2379 ἀπὸ
3900 2326 4005 2397 γῆς
4034 2325 4137 2379 οὐκ

2560 2408 2777 2480 αἴρεται
2841 2410 3013 2481 βῶλος
3063 2413 3196 2483 (88),
3252 2412 3367 2467 ἀλλ’
3408 2414 3747 2486 ἁφεψόμενος
3803 2417 4097 2482 διυλίξεται
4119 2434 4133 2447 ’

2558 2499 2747 2554 ἔπειτα
2782 2502 3020 2574 καθαρὸς
3048 2504 3357 2574 γενόμενος,
3386 2506 3586 2576 χρυσὸς
3613 2507 3800 2562 ἀκούει
3820 2547 3834 2569 ,
3871 2510 3943 2579 γῆ
3975 2526 4141 2562 κεκα-

2561 2592 2828 2665 θαρμένη.
2864 2596 3133 2651 Αἱτεῖσθε
3163 2596 3271 2668 (89)
3299 2597 3433 2669 γὰρ,
3478 2600 3578 2653 καὶ
3615 2599 3933 2666 δοθήσεται
3971 2603 4139 2671 ὑμῖν,

2559 2688 2671 2748 τοῖς
2696 2684 2754 2751 ἑξ
2786 2687 2994 2739 ἑαυτῶν
3021 2688 3233 2743 ἑλέσθαι
3266 2690 3333 2743 τά
3364 2690 3619 2744 κάλλιστα
3641 2691 3956 2763 δυναμένοις
3987 2693 4140 2763 λέγε-

2559 2791 2668 2827 ται.
2702 2776 2893 2840 Ὅπως
2924 2777 2971 2829 δ’
3001 2781 3164 2848 ἡμεῖς
3188 2778 3283 2832 τοῦ
3305 2780 3548 2834 διαϐόλου
3581 2781 3678 2845 τὰς
3717 2782 3997 2853 ἐνεργείας
4037 2785 4133 2840 καὶ

2558 2866 2624 2919 τά
2666 2865 2952 2937 πνεύματα
2984 2869 3052 2923 τὰ
3081 2870 3366 2942 ἀκάθαρτα
3412 2873 3492 2936 εἰς
3531 2871 3627 2943 τὴν
3668 2872 3763 2926 τοῦ
3811 2875 4139 2944 ἀμαρτωλοῦ

2556 2956 2730 3028 ψυχὴν
2758 2959 3098 3030 ἑπισπείρειν
3122 2962 3322 3032 φαμὲν,
3339 2962 3399 3015 οὖ
3432 2980 3521 3033 μοι
3551 2963 3633 3016 δεῖ
3666 2963 3921 3018 πλειόνων
3941 2965 4135 3034 λόγων,

2558 3048 2917 3119 παραθεμένῳ
2960 3051 3171 3123 μάρτυν
3235 3053 3326 3106 τὸν
3371 3055 3722 3108 ἀποστολικδν
3764 3056 4045 3128 Βαρνάϐαν
4075 3059 4142 3125 (ὁ

2562 3137 2650 3201 δὲ,
2678 3140 2786 3192 τῶν
2814 3139 3190 3212 ἑϐδομήκοντα
3216 3142 3325 3213 (90)
3354 3139 3442 3213 ἦν,
3463 3146 3557 3197 καὶ
3589 3145 3845 3216 συνεργὸς
3873 3145 3965 3199 τοῦ
3995 3146 4140 3200 Παύ-

2558 3230 2710 3299 λου),
2766 3232 2905 3286 κατά
2928 3232 3070 3287 λέξιν
3094 3228 3196 3287 ὧδέ
3230 3252 3349 3297 πως
3385 3235 3612 3302 λέγοντα
3660 3237 3768 3307 (91)
3798 3254 3813 3267 ο
3841 3257 3860 3289 ι
3902 3237 4017 3308 Πρὸ
4045 3236 4137 3290 τοῦ

2561 3324 2706 3393 ἡμᾶς
2729 3323 3015 3379 πιστεῦσαι
3036 3325 3114 3397 τῷ
3143 3326 3282 3398 Θεῷ,
3307 3323 3373 3398 ἦν
3401 3328 3557 3399 ήμῶν
3590 3328 3649 3380 τὸ
3679 3329 3992 3399 οἰκητήριον
4025 3327 4137 3397 (92)

2559 3412 2656 3481 τῆς
2693 3413 2918 3483 καρδίας
2961 3416 3056 3467 καὶ
3094 3415 3348 3480 ἀσθενὲς,
3392 3416 3607 3487 ἀληθῶς
3638 3418 3746 3487 (95)
3789 3415 4138 3488 οἱκοδομητὺς

2560 3506 2686 3568 ναὸς
2738 3505 2827 3557 διὰ
2863 3507 3069 3577 χειρός*
3095 3508 3177 3559 ὅτι
3210 3502 3277 3577 ἦν
3300 3507 3514 3578 πλήρης
3541 3508 3638 3578 μὲν
3670 3507 4134 3579 εἰδωλολατρείας,

2560 3598 2652 3649 καὶ
2676 3593 2744 3667 ἦν
2769 3592 2916 3660 οἶκος
2940 3598 3208 3669 δαιμόνων
3232 3599 3366 3668 (94),
3387 3598 3476 3652 διὰ
3501 3599 3560 3652 τὸ
3585 3602 3755 3652 ποιεῖν
3769 3601 3869 3652 ὅσα
3892 3596 3960 3670 ἦν
3988 3604 4138 3655 έναν-

2560 3684 2650 3737 τία
2678 3685 2756 3755 τῷ
2778 3686 2916 3756 Θεῷ.
2942 3705 2960 3737 ι
2992 3688 3102 3750 Τὰς
3124 3687 3404 3757 ἑνεργείας
3442 3684 3533 3742 οὖν
3571 3689 3666 3753 τὰς
3704 3691 3815 3751 τοῖς
3842 3689 4139 3760 δαιμονίοις

2564 3775 2928 3847 καταλλήλους
2953 3776 3219 3831 ἐπιτελεῖν
3252 3778 3386 3848 φησὶ
3427 3779 3554 3841 τοὺς
3586 3779 3936 3849 ἁμαρτωλούς
3958 3798 3972 3811 ·
4020 3781 4140 3851 οὐχ).

2561 3864 2772 3921 δὲαύτά
2794 3866 2863 3920 τά
2893 3866 3178 3938 πνεύματα
3217 3869 3276 3920 ἑν
3326 3871 3391 3938 τῇ
3445 3867 3540 3922 τοῦ
3587 3869 3818 3922 ἀπίστου
3870 3874 4140 3925 κατοικεῖν

2558 3960 2702 4031 ψυχῇ
2730 3959 2896 4028 λέγει.
2919 3959 3018 4011 Διά
3037 3959 3198 4012 τοῦτο
3224 3963 3321 4014 κα).
3355 3959 3603 4030 ἐπιφέρει
3622 3959 3732 4031 (95)
3754 3978 3799 4011 Ὶ
3838 3961 4139 4032 Προσέχετε

2560 4052 2645 4104 ἴνα
2672 4052 2700 4103 ὁ
2726 4051 2849 4116 ναὸς
2867 4050 2961 4103 τοῦ
2984 4051 3190 4122 Κυρίου
3213 4050 3440 4117 ἐνδόξως
3467 4050 3576 4122 (96)
3619 4051 3944 4123 οἰκοδομηθῇ
3988 4071 4103 4116 tunc
4119 4067 4137 4085 ο

2564 4142 2762 4212 μάθετε
2788 4141 3045 4199 λαϐόντες
3067 4143 3166 4213 τὴν
3192 4144 3389 4211 ἄφεσιν
3428 4143 3536 4195 τῶν
3576 4143 3886 4215 ἀμαρτιῶνσ
3924 4142 4016 4197 καὶ
4060 4143 4143 4195 ἑλ-

2562 4233 2820 4296 πίσαντες
2842 4234 2933 4285 ἐπὶ
2964 4232 3025 4286 τὸ
3066 4233 3269 4304 ὄνομα,
3298 4232 3584 4303 γενώμεθα
3631 4233 3848 4293 καινοὶ,
3893 4233 4051 4288 πάλιν
4082 4233 4144 4298 ἑξ

2562 4325 2737 4397 ἀρχῆς
2757 4323 3087 4395 κτιζόμενοι.
3114 4326 3189 4378 υὺ
3218 4324 3330 4395 γὰρ
3355 4327 3404 4378 οἱ
3435 4323 3689 4397 δαίμονες
3714 4324 3824 4395 (97)
3844 4324 4000 4397 ἡμῶν
4015 4327 4141 4379 ἀπε-

882 4482 899 4502 ·
934 4465 1122 4520 Matth.
1158 4480 1257 4532 vtt,
1286 4466 1337 4518 Ἰ.
1383 4471 1442 4528 ›Ῑ‹
1474 4463 1536 4518 Ρ.
1570 4464 1673 4519 490
1698 4463 1805 4517 ED.
1838 4459 2132 4527 POTTER,
2181 4460 2415 4515 410-4”
2452 4457 2560 4515 EI).
2588 4460 2811 4515 PARIS.

954 4602 1070 4671 (87)
1088 4603 1270 4657 Ἤτοι.
1309 4600 1434 4655 Haec
1460 4603 1727 4656 sententia
1760 4602 1839 4657 sic
1869 4600 2154 4671 scribenda
2190 4607 2247 4655 et
2296 4599 2471 4669 expli-
2502 4604 2545 4658 D
2643 4598 2725 4671 (915

2192 4607 2247 4655 et
2296 4599 2471 4669 expli—
2502 4604 2545 4658 D
2643 4598 2755 4671 (93)
2793 4597 3063 4671 Ἀληᾷὧς.
3085 4596 3383 4671 Barnabas,
3403 4598 3613 4671 melius
3629 4597 3703 4671 ὡς
3730 4596 3963 4671 ἀληθῶς.

876 4668 1059 4729 cauda
1083 4673 1299 4727 videtur
1326 4691 1339 4725 :
1375 4672 1533 4743 Ἤτοι
1576 4672 1684 4743 γὰρ
1712 4673 1822 4743 οὐκ
1865 4671 2010 4743 ἐστιν
2032 4668 2179 4734 ἀξία,
2213 4671 2307 4743 καί
2338 4668 2457 4743 πως

878 4744 1067 4814 ῶσπερ
1096 4744 1173 4814 ὲκ.
1208 4742 1499 4814 μετανοίας
1546 4743 1589 4814 ἡ»
1619 4740 1839 4814 πρόνοια
1870 4741 2150 4812 πρόσεισιν
2176 4740 2339 4814 ἀὐτῇ
2368 4757 2382 4814 °_
2418 4740 2453 4810 ἢ

881 4808 1046 4883 φύσει
1078 4808 1355 4884 σωζομένη
1375 4852 1391 4876 ,
1425 4811 1502 4874 ὡς
1534 4808 1693 4884 abte};
1726 4808 1993 4879 βούλεται,
2022 4808 2276 4884 τυγχάνει
2294 4808 2455 4865 ε”Αιιέ

875 4879 1019 4938 enim
1049 4882 1171 4935 talis
1196 4879 1371 4936 anima
1401 4898 1503 4935 non
1533 4891 1609 4935 est
1633 4881 1813 4951 digna,
1836 4891 1884 4934 et
1914 4879 2301 4951 quodammodo
2332 4892 2457 4935 acta

879 4954 1043 5008 aetati
1094 4954 1395 5021 paenitentia
1433 4952 1636 5006 accedit
1680 4949 1903 5021 ad_eam
1926 4949 2272 5021 providentia
2296 4965 2314 5003 :
2342 4959 2455 5021 rant

879 5019 1102 5084 natura,
1121 5032 1178 5074 ut
1204 5023 1293 5075 ille
1316 5023 1447 5088 vult,
1471 5030 1733 5076 servatur.
1756 5019 1969 5075 Putavit
1994 5020 2140 5074 enim
2169 5020 2457 5074 haereticus

880 5095 993 5157 ille,
1018 5093 1104 5148 sui
1142 5107 1476 5161 suorumque
1516 5093 1730 5147 animas
1759 5101 1948 5144 natura
1983 5105 2104 5145 esse
2131 5089 2198 5161 ad
2227 5091 2456 5144 salutem

880 5169 1249 5232 comparatas.
1290 5160 1444 5228 Quod
1477 5177 1600 5216 cum
1643 5161 1926 5232 superius,
1960 5170 2073 5215 tum
2101 5160 2266 5213 etiam
2295 5161 2458 5229 paulo

884 5235 1026 5287 infra
1058 5234 1222 5287 latius
1264 5233 1594 5302 explicatum
1623 5243 1727 5302 est.

954 5303 1066 5373 (88)
1105 5298 1353 5371 Χρυσὸξ
1377 5300 1798 5373 δὲ....ᾲ,ϐῶλος.
1844 5298 1964 5353 Non
2012 5299 2459 5373 inconvenienter

880 5370 1077 5443 legeris
1087 5392 1112 5445 ξ
1138 5370 1353 5444 Χρυσοῦ
1382 5373 1440 5426 δὲ
1470 5371 1577 5425 ἀπὺ
1614 5373 1715 5445 γῆς
1744 5373 1843 5426 οὐκ
1865 5373 2075 5442 αἴρεται
2119 5370 2308 5443 βῶλος,
2340 5371 2458 5424 auri

881 5442 1053 5515 gleba.
1082 5442 1344 5515 Sthsunc.

952 5513 1364 5585 (89)Alt§7008.
1401 5511 1714 5585 SieStrom.
1741 5531 1779 5580 ι,
1810 5530 1863 5585 p.
1898 5510 2002 5585 546
2028 5513 2155 5568 edit.
2183 5510 2357 5585 Paris.

952 5580 1065 5654 (90)
1124 5584 1248 5638 Τῶν
1299 5584 1719 5654 ἑϐδομήκοντα.
1775 5580 1958 5654 C'onf,
2003 5599 2123 5653 qua:
2182 5580 2460 5654 adnotavit

880 5652 1183 5778 Cotelgt‘ius
1235 5655 1303 5709 ad
1347 5652 1781 5727 Recognitionum
1827 5654 1888 5710 S.
1927 5652 2223 5708 Clementis
2262 5652 2355 5706 lib.
2399 5668 2457 5717 ι,

881 5741 1002 5778 ean.
1075 5766 1087 5777 .

881 5741 1002 5780 €30.
1046 5741 1087 5778 ι.

952 5742 1219 5861 ῗ91ἶδὩδέ
1249 5811 1375 5860 πως
1401 5795 1676 5865 λέγοντα.
1709 5793 1839 5861 Quae
1884 5801 2217 5865 sequuntur,
2262 5806 2458 5848 occur-

880 5874 1013 5920 runt
1041 5866 1092 5919 in
1123 5864 1293 5934 Epist.
1339 5866 1396 5919 S.
1430 5864 1687 5919 Barnabae
1718 5881 1837 5934 cap.
1868 5864 1954 5919 16.

954 5935 1066 6008 (9‘2)
1108 5932 1473 6006 Οἱκητήμον.
1500 5932 1947 6009 Κατοικητήριον,
1982 5932 2215 5991 Barnab.

2643 4664 2754 4739 (94)
2777 4664 3008 4737 Ὄτιῆν
3041 4671 3194 4739 πλη.
3234 4666 3550 4739 δαιμόνωνζ
3575 4667 3777 4739 Εχίιιοο
3799 4664 3922 4739 loco
3969 4668 4141 4739 corri-

2559 4735 2743 4821 genda
2767 4747 2895 4821 sunt
2925 4735 3012 4821 illa
3049 4737 3313 4821 Bat‘na'ba‘z
3332 4735 3483 4821 i"0~.t
3521 4735 3589 4821 ᾖν
3614 4738 3828 4821 πλήρης
3857 4735 4137 4821 μὲναείδων

2557 4803 2866 4892 λολατρείας
2914 4804 3061 4871 οἶκος
3095 4848 3111 4871 ,
3164 4803 3571 4877 εἰδωλολατρεία
3620 4803 3688 4877 ἦν
3709 4803 3893 4869 ὀἶκος
3950 4806 4139 4877 δαιμο-

2559 4895 2710 4930 νιων.

2629 4947 2746 5014 (95)
2793 4947 3101 5015 ’Emgaépet.
3158 4943 3401 5015 Nempe,
3458 4946 3557 5001 hac
3594 4944 3869 5015 sententia
3920 4944 4140 5015 interja-

2558 5013 2743 5071 cente:
2771 5013 3267 5086 οἰκοδομηθήσεται
3299 5013 3368 5068 ’δὲ
3412 5015 3501 5068 ἐπὶ
3546 5013 3624 5086 τῷ
3654 5014 3874 5086 ρνόματι
3910 5014 4137 5086 Κυρίου·

2560 5087 2915 5153 wdiﬁcabitur
2938 5083 3111 5137 autem
3142 5085 3195 5136 in
3219 5086 3425 5138 nomine
3455 5083 3691 5153 Domini.

2632 5151 2742 5222 (96)
2760 5154 3344 5221 Ἐνδόξως.”Ενδοξος,
3363 5155 3597 5209 Barnab.
3615 5151 3780 5207 Porro
3798 5154 3912 5207 haec
3931 5161 4143 5206 senten-

2561 5227 2634 5281 tia
2649 5226 2705 5279 S.
2725 5223 2983 5280 Barnabte
3015 5227 3334 5278 auctoritate
3356 5226 3457 5277 hoc
3477 5223 3638 5275 modo
3663 5224 3945 5277 scribenda
3971 5231 4024 5274 et
4048 5238 4140 5273 e.\‘v

2559 5297 2803 5368 plicanda
2820 5305 2903 5368 est
2922 5294 3273 5368 είΠροσεχετε,
3293 5295 3379 5368 ἱξνα
3391 5290 3568 5368 ναὸς
3583 5291 3903 5368 τοιῖΑΚυρίου
3920 5288 4141 5368 ἐνδόξως

2560 5359 2578 5438 (
2605 5368 2687 5421 vel
2722 5359 3339 5438 ἑνδοξοςλόίκοδομηθῄ
3391 5362 3553 5438 Πῶς)
3583 5359 3801 5438 matters
3818 5378 3831 5390 ·
3873 5359 4137 5438 Λαϐόντες

2558 5427 2657 5508 τὴν
2703 5427 3039 5508 ἄφεσίνςτῶν
3086 5427 3413 5508 ἀμαρτιῶν,
3449 5432 3543 5508 καὶ
3588 5431 3908 5508 ἐλπίσαντες
3929 5428 4027 5508 ξπ).
4062 5427 4138 5508 τῶ

2504 5552 2507 5553 ,
2559 5496 2780 5577 ὀνόματι
2820 5505 2925 5577 τοῦ,
2958 5496 3161 5573 Κυρίου
3187 5496 3216 5566 ,’
3262 5502 3556 5577 ἐγενόμεθα
3596 5502 3815 5577 καινοὶ)
3872 5496 4033 5577 πάλιν

2558 5567 2735 5650 apii};
2761 5567 3103 5650 _x~tt§6_;_t§vdt.
3159 5567 3468 5650 At‘tet'tdité,
3503 5583 3592 5650 _ut_
3607 5571 3882 5650 _tentplunt
3927 5567 4138 5650 Domini

2559 5638 2834 5717 ιιὶἁξιὶιὶῥεε
2857 5638 3166 5714 aediﬁcetur.
3210 5644 3529 5717 Qnomodo_?_
3550 5641 3783 5717 Discite:
3810 5638 4139 5717 Accepta‘re-

2560 5706 2805 5772 misvsie'ne
2835 5706 3184 5786 peccatorum.
3215 5706 3267 5768 Et
3294 5730 3381 5786 spe
3407 5714 3587 5767 habita
3612 5712 3665 5762 in
3698 5723 3880 5786 nomen
3902 5706 4133 5772 Domini,

2562 5789 2692 5857 [acti
2725 5779 2905 5840 sanius
2933 5786 3073 5848 novi,
3104 5787 3294 5857 iterum
3318 5779 3379 5839 ab
3415 5788 3616 5857 integro
3644 5779 3829 5857 creati:

2632 5857 2744 5929 (97)
2785 5861 2866 5929 ρὺ
2903 5857 3011 5929 γὰρ
3052 5847 3106 5909 οἱ
3138 5854 3181 5929 δλ
3210 5896 3223 5907 .
3260 5896 3274 5908 .
3315 5895 3338 5929 ._
3364 5847 3581 5929 πρζνξιῆ
3626 5847 3963 5929 ξςιστεῇσαι.
4008 5847 4138 5928 Per-

2562 5919 2750 5999 peram
2786 5919 3075 5982 Menardus
3105 5966 3119 5990 ,
3171 5927 3224 5980 in
3257 5926 3372 5981 suis
3403 5919 3468 5978 ad
3516 5921 3572 5977 S.
3628 5919 3927 5977 liarnabaut
3958 5919 4137 5988 notis,
