4484 6586
310 511 330 564 i
345 509 449 565 095

1613 504 2038 562 STROMATUM
2079 504 2206 560 LIB.
2265 504 2306 559 ΙΙ
2319 547 2333 561 .

3430 513 3453 567 ί
3465 513 3571 568 0M

308 636 649 705 ποιήσουσιν,
683 633 777 687 καὶ
811 631 1173 688 καταλύσουσι
1209 634 1306 699 τάς
1342 650 1402 686 τε
1440 630 1638 696 πόλεις,
1676 634 1767 685 καὶ
1800 646 1890 684 τον
1921 638 1963 692 Α
1995 629 2077 684 bet

1800 646 1890 684 τον
1921 638 1963 692 Α
1995 629 2154 685 beros
2201 647 2311 685 non
2373 632 2749 702 susceperint,
2799 642 3069 704 quatenus
3125 636 3180 690 in
3232 635 3299 690 iis
3349 638 3569 707 quidem

308 729 511 800 κόσμον
539 729 630 780 τὸν
666 728 730 778 ὲκ
759 723 990 777 τούτων·
1023 726 1083 779 τὸ
1104 727 1160 782 δὲ
1199 725 1440 780 τοιοῦτον
1468 724 1658 788 ἀσεϐὲς
1683 766 1697 789 ,
1733 725 1886 777 Θείαν

307 819 521 889 γένεσιν
575 817 981 871 καταλυόντων·
1027 819 1126 890 ἤδη
1169 821 1224 872 δὲ
1274 816 1533 888 ἄνανδρον
1579 819 1670 870 καὶ
1721 816 1886 870 deos-

307 912 398 974 νὲς
424 912 525 981 (8),
557 907 654 978 τὴν
689 908 825 979 μετά
849 912 1103 980 γυναικδς
1139 912 1230 964 καὶ
1262 911 1468 962 τέκνοιν
1500 910 1720 979 φεύγειν
1751 926 1891 978 συμ-

309 1001 532 1054 ϐίωσινο
586 990 646 1051 οὗ
701 997 810 1070 γὰρ
862 1002 896 1072 ή
953 999 1193 1069 ἀποϐολὴ
1260 997 1428 1050 κακόν
1485 1001 1634 1063 ἐστι,
1695 997 1888 1051 τούτου

309 1091 528 1151 πάντως
560 1090 592 1159 ἡ
625 1091 814 1162 κτῆσις
847 1091 1080 1160 ἀγαθόν·
1118 1089 1229 1159 ἔχει
1266 1089 1311 1141 δ’
1359 1089 1499 1142 οὕτω
1530 1090 1626 1143 καὶ
1659 1090 1751 1142 ἐπὶ
1780 1088 1889 1141 τῶν

307 1178 529 1232 λοιπῶν.
571 1178 724 1233 Ἀλλά
761 1183 867 1253 μὴν
898 1185 931 1254 ἡ
966 1181 1074 1233 τῶν
1103 1180 1309 1231 τέκνων
1349 1180 1585 1250 ἀποϐολὴ
1611 1179 1722 1233 τῶν
1746 1180 1887 1232 ἀνω-

305 1269 455 1322 τάτω
483 1271 664 1325 κακῶν
699 1274 836 1337 ἐστι,
870 1273 1062 1342 φασίν·
1097 1273 1130 1340 ὴ
1171 1267 1264 1323 οὖν
1305 1271 1412 1325 τῶν
1454 1273 1660 1325 τέκνων
1693 1270 1886 1340 κτῆσις

308 1361 512 1429 ἀγαθόν
531 1380 544 1395 ·
573 1367 619 1435 εξ
641 1366 698 1419 δὲ
724 1365 902 1430 τοῦτο,
948 1364 1042 1416 καὶ
1066 1364 1094 1416 6
1126 1362 1323 1433 γάμος.

1991 725 2156 778 situm
2185 734 2289 787 est,
2323 723 2604 778 hominum
2632 725 2910 780 raritatem
2948 725 3221 790 invehent.
3247 737 3301 782 et
3322 729 3571 784 civitates

1991 816 2314 879 dissolvent,
2347 823 2420 880 et,
2453 817 2546 886 qui
2575 831 2640 870 ex
2680 816 2760 870 eis
2786 826 3024 884 constat,
3053 819 3344 875 mundum.
3380 818 3444 873 Hi
3470 835 3572 875 au-

1994 917 2099 962 tem
2130 908 2296 976 impie
2328 917 2516 976 agunt,
2547 917 2607 961 ut
2638 907 2732 976 qni
2761 908 3027 965 divinitus
3062 910 3367 966 insnitutam
3405 915 3573 981 gena--

1992 1000 2261 1053 rationem
2291 996 2597 1052 destruant.
2645 997 2953 1064 Quinetiam
2987 1000 3172 1072 ignavi
3203 1011 3287 1057 est
3312 1011 3366 1056 et
3395 1003 3570 1058 imbe-

1993 1091 2106 1148 cilli
2143 1090 2333 1153 animi,
2369 1088 2554 1160 fugere
2605 1091 3050 1160 conjunctionem
3089 1093 3214 1148 vitae
3241 1103 3298 1148 et
3335 1109 3568 1150 consue-

1994 1185 2236 1237 tudinem
2283 1198 2410 1238 cum
2465 1199 2636 1239 uxore
2687 1193 2744 1239 et
2793 1184 2996 1240 liberis.
3047 1185 3223 1255 Cujus
3269 1186 3416 1240 enim
3483 1195 3570 1242 est

1990 1275 2216 1328 amissio
2253 1273 2478 1340 malum,
2508 1276 2626 1344 ejus
2655 1277 2885 1331 omnino
2913 1280 3188 1346 possessio
3217 1279 3424 1333 bonum
3448 1288 3570 1346 est;

1989 1364 2063 1418 ita
2089 1375 2267 1419 autem
2306 1381 2365 1420 se
2397 1365 2560 1421 habet
2599 1368 2764 1422 etiam
2802 1368 2856 1421 in
2890 1367 3133 1437 reliquis.
3162 1371 3326 1440 Atqui
3364 1370 3571 1424 liberu-

309 1473 428 1509 rum
492 1459 735 1523 amissio,
775 1457 1050 1527 inquiunt,
1097 1465 1182 1511 est
1222 1472 1286 1512 es
1341 1457 1615 1528 supremis
1681 1455 1874 1521 malis“;
1911 1457 2206 1513 liberorum
2269 1473 2401 1528 ergo
2445 1463 2728 1528 possessio
2758 1502 2773 1526 ,
2822 1459 3030 1516 bonum
3075 1471 3190 1529 est;
3231 1463 3378 1534 quod
3408 1463 3456 1518 si
3493 1463 3568 1518 ita

301 1560 406 1618 est,
439 1554 600 1608 etiam
629 1552 1066 1608 matrimonium.

309 1706 476 1762 Ἄνευ
501 1708 569 1762 δὲ
599 1707 824 1775 πατρὸς
847 1747 862 1771 ,
894 1707 1062 1774 φησὶ,
1093 1707 1306 1760 τέκνον
1343 1710 1453 1760 οὐκ
1484 1709 1577 1774 εἴη
1608 1709 1736 1760 ποτ’
1768 1707 1874 1760 ἂν·

308 1777 476 1831 Ἄνευ
501 1778 567 1831 δὲ
581 1776 810 1845 μητρὸς
838 1777 975 1829 οὐδὲ
1011 1778 1290 1845 συλλαϐὴ
1323 1779 1568 1831 τέκνου·

298 1847 533 1916 Πατέρα
559 1847 627 1900 δὲ
656 1846 842 1916 γάμος
880 1847 950 1918 (9)
981 1848 1153 1909 ποιεῖ,
1185 1847 1266 1913 ὡς
1291 1847 1518 1916 μητέρα
1557 1848 1732 1916 ἀνὴρ.

2063 1706 2308 1780 illamque
2347 1707 2540 1778 absque
2565 1718 2716 1778 patre
2750 1711 2940 1766 liberos
2966 1731 3116 1767 nemo
3157 1715 3314 1780 tulit;

2061 1777 2173 1849 ξτες
2203 1778 2398 1849 absque
2435 1777 2605 1833 matre
2632 1780 2734 1847 filii
2765 1787 3033 1849 conceptio
3063 1801 3081 1836 :
3296 1777 3303 1780 ⁷
3366 1794 3370 1796 ‘

2057 1848 2272 1901 Patrem
2308 1848 2481 1902 autem
2520 1852 2720 1919 nuptia:
2747 1848 3012 1920 efﬁciunt,
3054 1868 3110 1907 ut
3138 1858 3217 1910 uir
3249 1867 3491 1913 matrem.

300 2003 476 2074 Εὑχὴν
504 1999 597 2056 οὖν
634 2001 894 2073 μεγίστην
929 2001 1022 2054 κα)⁵
1059 2001 1306 2074 Ὄμηρος
1334 1999 1560 2063 τίθεται,
1599 1999 1785 2069 ἄνδρα
1816 2018 1877 2054 τε
1915 2031 1952 2083 Β
1983 2001 2064 2054 Ma

1816 2018 1877 2054 τε
1915 2031 1952 2083 Β
1983 2001 2278 2055 Maximum
2312 2005 2497 2072 itaque
2532 2013 2716 2057 votum
2759 2004 2952 2059 statuit
2982 2003 3280 2076 Homerus,
3318 2009 3492 2062 uirum
3517 2015 3571 2064 et

301 2097 396 2148 καὶ
427 2091 612 2154 οἷκον,
642 2093 755 2147 ἀλλ’
793 2094 892 2162 οὑχ
936 2092 1140 2157 ἁπλῶς,
1172 2093 1308 2163 μετά
1350 2091 1727 2164 ὁμοφροσύνης
1769 2094 1876 2162 (εει)

297 2185 353 2236 δὲ
395 2185 494 2253 τῆς
536 2183 750 2252 ἐσθλῆς.
810 2183 867 2234 '0
919 2182 1015 2252 μὲν
1059 2183 1166 2254 γὰρ
1212 2183 1318 2236 τῶν
1362 2183 1538 2240 ἄλλων
1584 2184 1758 2254 γάμος

299 2273 599 2346 ἡδυπαθείᾳ
629 2275 860 2344 ὁμονοεῖ,
895 2273 922 2324 ὁ
953 2273 1008 2324 δὲ
1040 2273 1146 2325 τῶν
1181 2273 1611 2343 φιλοσοςςούντων
1645 2276 1735 2328 ἐπὶ
1781 2277 1878 2346 τὴν

299 2367 437 2420 κατά
467 2365 635 2433 Λόγον
665 2364 915 2434 ὁμόνοιαν
950 2364 1089 2432 ἄγει,
1125 2367 1152 2416 6
1185 2367 1258 2436 μὴ
1293 2367 1352 2419 16
1384 2362 1522 2431 εἶδος
1560 2368 1692 2436 (Η),
1741 2368 1878 2421 ἀλλὰ

298 2459 359 2511 τὺ
399 2453 530 2529 ἦθος
578 2456 887 2528 ἐπιτρέπων
929 2458 1048 2520 ταῖς
1096 2457 1318 2524 γυναιξὶ
1367 2459 1707 2528 κοσμεῖσθαι,
1757 2459 1876 2528 μηδ’

302 2550 377 2614 ὡς
411 2548 712 2621 ὲρωμέναις
764 2546 1000 2620 χρῆσθαι
1051 2550 1170 2610 ταῖς
1216 2551 1482 2617 γαμεταῖς
1529 2549 1877 2618 προστάττων

301 2646 414 2706 τοῖς
460 2643 707 2712 ἀνδράσι,
759 2644 957 2695 σκοπὸν
991 2641 1376 2710 πεποιημένοις
1410 2641 1506 2711 τὴν
1540 2641 1645 2694 τῶν
1691 2641 1876 2712 σωμά-

295 2752 403 2786 των
449 2733 637 2804 ὖὸριν·
682 2734 796 2786 ἀλλ’
846 2737 923 2797 είς
969 2733 1222 2803 βοήθειαν
1266 2733 1465 2796 παντὸς
1509 2731 1602 2784 τοῦ
1641 2731 1756 2801 βίου
1784 2737 1877 2787 καὶ

305 2824 392 2895 τὴν
435 2823 662 2895 ἀρίστην
704 2825 1055 2896 σωφροσύνην
1093 2822 1494 2895 περιποιεῖσθαι
1543 2823 1632 2876 τὸν
1679 2823 1873 2894 γάμον.

295 2913 486 2987 Πυρῶν
520 2917 645 2986 γὰρ,
679 2912 850 2986 οἶμαι,
897 2918 992 2969 καὶ
1033 2915 1233 2988 κριθῶν
1263 2932 1320 2967 τε
1365 2911 1432 2968 αὖ
1464 2915 1606 2968 κατά
1639 2918 1762 2979 τοὺς
1795 2919 1874 2968 οἱ·

296 3009 474 3071 κείους
515 3011 736 3077 καιροὺς
767 3007 1252 3077 καταϐαλλομένων
1285 3007 1634 3076 σπερμάτων,
1681 3008 1874 3077 τιμιώ-

295 3101 448 3171 τερὸς
479 3103 623 3152 ἐστιν
655 3101 684 3151 6
719 3101 1070 3170 σπειρόμενος
1104 3099 1408 3170 ἄνθρωπος,
1445 3093 1490 3166 ᾧ
1531 3101 1708 3154 πάντα
1740 3101 1870 3168 φύε-

294 3209 410 3244 ταιο
446 3191 675 3245 κάκεῖνά
699 3207 760 3258 γε
785 3191 878 3244 καὶ
911 3192 1166 3261 νήφοντες
1196 3189 1593 3243 καταϐάλλουσι
1617 3191 1683 3244 τά
1706 3193 1874 3264 σπέρ-

299 3302 440 3353 ματα
470 3287 520 3336 οἱ
553 3283 806 3354 γεωργοί.
844 3284 960 3336 Πᾶν
991 3279 1104 3347 οὖν,
1139 3283 1262 3335 εἴτι
1299 3284 1539 3353 ῥυπαρὸν
1570 3285 1662 3336 καὶ
1697 3302 1867 3354 μεμο-

1985 2092 2276 2160 familiam,
2310 2093 2401 2147 sed
2433 2108 2541 2146 non
2577 2093 2846 2160 absolute,
2887 2111 3074 2151 verum
3115 2115 3236 2150 cum
3268 2101 3404 2170 bona
3435 2117 3567 2154 con-

1984 2187 2242 2238 sensione.
2294 2182 2429 2238 Nam
2488 2185 2721 2238 aliorum
2771 2187 2991 2255 quidem
3049 2189 3459 2244 matrimonium
3509 2191 3568 2248 in

1984 2277 2260 2345 voluptate
2301 2275 2577 2330 consentit
2622 2284 2677 2328 et
2705 2276 3103 2345 delectatione;
3133 2288 3324 2335 eurum
3357 2292 3565 2348 autem,

1982 2367 2075 2436 qui
2103 2366 2590 2436 pbi1050phantur,
2616 2366 3033 2422 matrimonium
3062 2370 3284 2425 deducit
3320 2371 3388 2425 ad
3415 2388 3567 2440 eum,

1981 2458 2072 2526 qui
2099 2467 2182 2512 est
2208 2457 2510 2512 secundum
2538 2457 2725 2526 Lngon
2749 2474 2846 2514 seu
2873 2461 3168 2524 rationem,
3201 2477 3566 2533 consensum;

1980 2549 2073 2618 qui
2109 2563 2216 2602 non
2253 2549 2508 2612 formam,
2543 2549 2640 2604 sed
2685 2564 2866 2605 mores
2907 2552 3170 2620 permittit
3199 2568 3396 2609 ornare
3441 2571 3566 2610 mn-

1981 2641 2251 2706 lieribus;
2282 2642 2638 2711 prazcipitque
2676 2641 2912 2708 maritis,
2949 2659 3017 2698 ne
3044 2655 3270 2700 utantur
3297 2646 3565 2704 uxoribus

1981 2741 2242 2800 tanquam
2283 2731 2498 2796 amicis,
2533 2747 2702 2784 unum
2750 2731 2853 2786 sibi
2898 2745 3267 2802 proponentes
3311 2751 3564 2808 scopum,

1982 2829 2042 2874 ut
2082 2822 2301 2890 corpori
2347 2819 2611 2890 probrum
2665 2820 2929 2886 afferant,
2978 2826 3073 2881 sed
3115 2826 3182 2879 ad
3233 2823 3400 2882 totius
3441 2834 3566 2884 vita:

1978 2910 2268 2977 auxilium,
2302 2922 2356 2967 et
2379 2911 2638 2982 optimam
2673 2917 3111 2984 temperantiam,
3142 2919 3558 2975 matrimonium

1978 3011 2263 3072 usurpent.
2307 2999 2590 3058 Frumenti
2638 3004 2784 3058 enim
2828 3015 2882 3058 et
2931 3006 3144 3072 hordei,
3189 3018 3250 3063 ut
3297 3010 3560 3079 arbitror,

1975 3095 2302 3158 seminibus,
2329 3109 2451 3163 qua:
2475 3096 2931 3152 convenientibus
2959 3101 3298 3169 temporibus
3319 3106 3376 3165 ὦ
3397 3111 3558 3158 terra:

1975 3186 2423 3252 committuntur,
2459 3188 2808 3256 prazstantior
2849 3197 2936 3242 est
2967 3191 3062 3258 qui
3093 3193 3446 3248 matrimonio
3472 3209 3561 3249 se-

1975 3277 2239 3340 minatur,
2293 3276 2480 3344 homo,
2529 3278 2582 3332 iu
2641 3278 2801 3348 cujus
2832 3295 2994 3334 usum
3044 3282 3228 3336 omnia
3275 3299 3306 3337 a
3360 3295 3557 3342 natura

293 3373 556 3444 λυσμὲνον
606 3374 970 3444 ἐπιτήδευμα,
1017 3374 1374 3442 ἀφαγνιστέον
1421 3373 1512 3426 τοῦ
1554 3375 1755 3445 γάμου,
1791 3376 1866 3440 ὡς
1895 3361 1938 3418 C
1973 3383 2064 3438 1)Γο

1791 3376 1866 3440 ὡς
1895 3361 1938 3418 C
1973 3371 2373 3438 producuntur.
2423 3371 2599 3440 Atque
2637 3371 2728 3425 illa
2777 3372 2998 3442 quidem
3044 3374 3256 3428 semina
3303 3379 3553 3447 agricolae

297 3465 369 3535 μὴ
401 3464 715 3534 ὁνειδισθείη
725 3481 822 3534 μεν
851 3464 947 3534 τὴν
971 3464 1078 3517 τῶν
1104 3465 1311 3533 ἀλόγων
1334 3464 1484 3529 ζώων
1510 3465 1743 3530 σύνοδον,
1768 3466 1867 3537 τῆς

292 3557 635 3627 ἀνθρωπίνης
667 3557 926 3624 συζυγίας
961 3557 1291 3629 συνᾴδουσαν
1324 3560 1390 3628 τῇ
1441 3558 1600 3627 φύσει
1648 3559 1866 3629 μᾶλλον,

293 3650 430 3704 κατά
476 3648 566 3701 τὸν
607 3650 1038 3719 ὁμολογούμενον
1083 3650 1420 3721 θορονθορόν.
1469 3651 1550 3704 Τά
1591 3650 1720 3719 γοῦν
1755 3652 1868 3704 ἔνια

293 3741 504 3802 αὐτῶν,
552 3733 596 3808 ᾧ
641 3741 920 3794 κελεύεται
959 3741 1156 3812 καιρῷ,
1201 3742 1402 3806 εὐθέως
1450 3742 1871 3808 ἀπαλλάττεται,

291 3833 656 3887 καταλιπόντα
715 3832 814 3903 τὴν
872 3833 1232 3904 δημιουργίαν
1284 3836 1351 3904 τῇ
1415 3834 1677 3905 διοικήσει
1740 3835 1873 3907 (12).

291 3927 415 3989 Τοῖς
438 3925 861 3998 τραγῳδοποιοῖς
887 3925 995 3996 (l3)
1025 3925 1082 3978 δὲ
1113 3927 1145 3996 ἡ
1196 3923 1490 3996 Πολυξένη,
1520 3927 1696 3980 καίτοι
1740 3930 1876 3981 ἀπο-

289 4015 634 4088 σφαττομένη
718 4016 1162 4087 ἀναγέγραπται,
1209 4014 1345 4069 ἀλλά
1415 4017 1508 4068 καὶ
1559 4015 1866 4083 θνήσκουσα

365 4184 425 4242 ἧς
466 4177 528 4233 Ρ.
568 4177 671 4233 506
700 4179 785 4233 ed.
825 4175 1118 4243 POTTER,
1150 4175 1257 4231 424
1287 4175 1396 4231 ED.
1429 4175 1658 4233 PARIS.

289 4338 425 4390 vivat
453 4338 507 4388 in
535 4339 766 4402 ciritate,
796 4345 844 4388 et
880 4335 990 4388 sine
1025 4334 1283 4406 connubio
1312 4334 1538 4403 quinque
1564 4343 1614 4388 et
1640 4335 1860 4406 triginta

287 4407 446 4473 egerit
472 4424 658 4470 annos,
693 4406 916 4476 singulis
936 4406 1118 4476 annis,
1143 4405 1188 4457 si
1214 4405 1278 4459 de
1313 4407 1546 4458 maximo
1579 4405 1734 4458 censu
1757 4415 1856 4473 est,

287 4476 553 4528 drachmis
589 4475 797 4530 centum
833 4475 1147 4538 mulctetur;
1183 4476 1229 4528 si
1271 4476 1336 4527 de
1363 4476 1611 4537 secundo,
1646 4486 1859 4544 septua-

289 4547 474 4616 ginta;
497 4547 542 4598 si
577 4548 640 4599 de
665 4548 839 4611 tertio,
871 4548 1143 4616 sexaginta
1171 4561 1188 4608 ;
1213 4545 1342 4597 side
1363 4557 1572 4614 quarto,
1611 4548 1853 4615 triginta.

293 4613 422 4679 Quae
446 4617 652 4684 quidem
677 4619 898 4683 pecunia
923 4613 1031 4671 dere
1059 4613 1260 4667 lunoni
1285 4613 1640 4668 consecranda
1671 4613 1767 4670 est.
1796 4617 1856 4672 Si

289 4687 405 4757 quis
433 4698 608 4757 autem
631 4687 870 4757 singulis
900 4687 1052 4739 annis
1083 4701 1184 4738 non
1216 4684 1542 4757 persoluerit,
1577 4685 1856 4756 decuplum

292 4754 490 4810 debeat.
538 4755 703 4822 Cujus
737 4754 981 4822 pecunia:
1013 4766 1226 4827 exactor
1257 4755 1326 4807 sit
1371 4754 1483 4827 d_e_a:
1517 4757 1688 4822 ipsius
1710 4754 1861 4827 qm—

289 4837 435 4888 stor;
468 4843 530 4879 ac
561 4827 942 4897 nisiexegerit.
989 4830 1096 4893 ipse
1142 4826 1342 4897 debeat.
1368 4823 1637 4897 _Ejustl_em
1675 4823 1859 4897 operis

292 4898 384 4953 lib.
414 4913 483 4961 Iv,
518 4912 570 4965 p.
603 4896 708 4948 855
740 4913 752 4946 :
783 4895 873 4964 Μὴ
905 4890 1231 4968 πειθόμενος
1252 4895 1294 4947 δ’
1330 4890 1437 4968 0.5,;
1459 4894 1599 4968 μηδὲ.
1639 4890 1858 4968 γαμῶν,

289 4969 384 5040 ἔτη
422 4963 710 5040 τριάκοντα
757 4963 1003 5040 γεγονὼς·
1038 4963 1130 5023 καὶ
1166 4967 1356 5033 πέντε,
1407 4963 1730 5040 ζημιούσθω
1765 4971 1862 5039 μὲν

291 5033 411 5096 κατ’
441 5033 679 5094 ἐνιαυτὸν
704 5033 860 5112 Δ’τόσῳ
894 5041 986 5091 καὶ
1031 5042 1192 5112 τόσῳ.
1231 5042 1335 5106 Qui
1380 5055 1480 5092 non
1509 5033 1776 5106 paruerit,
1809 5052 1858 5096 et

289 5115 516 5183 quinque
545 5127 607 5183 ac
646 5109 870 5178 triginta
900 5124 1064 5183 annos
1113 5109 1271 5183 natus
1309 5125 1524 5164 uxorem
1555 5124 1658 5183 non
1695 5112 1862 5165 duxe-

291 5179 382 5248 rit,
419 5179 567 5236 tanta
593 5182 644 5235 in
677 5195 839 5233 annos
881 5179 1114 5248 singulos
1161 5181 1446 5236 mulctetur
1476 5181 1715 5248 pecunia,
1749 5192 1856 5236 etc.

364 5274 441 5342 (8)
479 5273 802 5341 Ἀνανδρον
837 5270 935 5324 καὶ
976 5269 1116 5324 ἁσθ.
1165 5271 1230 5324 H.
1269 5286 1373 5326 ms.
1400 5311 1414 5337 ,
1456 5271 1549 5324 καὶ
1595 5269 1858 5343 ἄνανδρον

289 5347 388 5401 καὶ
411 5344 532 5399 ἀσθ.
566 5344 826 5400 SvLBunc.

362 5435 442 5504 (9)
454 5438 702 5559 1Πατέρα
727 5434 793 5489 δέ
821 5453 874 5504 τ.
910 5430 1138 5487 Metrum
1168 5431 1330 5488 talem
1358 5432 1543 5502 potius
1571 5431 1857 5488 lectionem

362 5517 447 5559 stu
473 5517 528 5559 at
569 5526 582 5559 :

291 5517 528 5577 postulat
569 5526 582 5562 :

430 5646 663 5714 Πατέρα
687 5644 755 5699 δὲ
796 5642 952 5697 ποιεῖ
976 5639 1172 5704 τέκνα,
1199 5638 1398 5708 μητέρ’
1432 5642 1511 5708 ὠς
1541 5639 1714 5709 ἁνήρ.

291 5778 554 5860 ξηιυιιο.
595 5779 695 5835 Hic
739 5778 990 5836 senarius
1040 5775 1264 5830 mutilus
1314 5784 1417 5828 est.
1463 5777 1620 5832 Libet
1646 5778 1725 5832 sic
1754 5773 1858 5830 iul-

288 5866 402 5905 mre
433 5868 444 5902 ζ

396 5961 622 6029 Πατέρα
652 5959 721 6014 δὲ
746 5961 933 6031 γάμος
955 5959 1202 6032 ἐμποιεῖ,
1231 5959 1311 6026 ὡς
1325 5957 1551 6027 μητέρα
1574 5958 1746 6029 ἀνήρ.

1968 3461 2139 3515 sobrii
2198 3461 2498 3530 deponunt.
2557 3461 2613 3516 Si
2667 3463 2812 3532 quod
2862 3465 2934 3519 sit
2985 3479 3117 3535 ergo
3169 3469 3449 3524 sordidum
3497 3481 3554 3527 et

1971 3564 2230 3618 spurcum
2267 3551 2531 3614 studium,
2568 3549 2622 3604 id
2655 3559 2739 3605 est
2771 3567 2801 3604 a
2849 3554 3205 3609 matrimonio
3236 3572 3550 3630 expurgan-

1971 3643 2124 3706 dum,
2169 3657 2236 3696 ne
2279 3643 2439 3697 nobis
2473 3643 2674 3725 pro‘bro
2703 3645 2821 3698 dari
2852 3645 3045 3714 possit,
3083 3649 3226 3717 quod
3261 3651 3548 3706 brutorum

1978 3733 2339 3788 animantium
2386 3749 2718 3804 congressus
2764 3737 2941 3807 magis
2988 3747 3198 3795 natura:
3241 3744 3550 3810 conveniat,

1977 3839 2140 3894 quam
2181 3824 2419 3878 humana
2463 3825 2806 3894 conjunctio,
2841 3826 2896 3880 in
2931 3827 3052 3897 ipso
3084 3830 3268 3886 calore
3303 3829 3549 3889 Veneris.

1977 3911 2248 3968 Nonnulla
2281 3923 2429 3969 certe
2455 3930 2674 3981 eorum,
2707 3931 2816 3986 quo
2848 3927 3091 3987 tempore
3126 3921 3411 3989 jubentur,
3439 3935 3552 3980 sta-

1977 4004 2074 4060 tim
2106 4005 2404 4072 abstinent,
2440 4005 2806 4077 relinquentia
2843 4007 3119 4078 opiﬁcium
3163 4008 3545 4069 Providentia.

1968 4371 2040 4428 Ut
2071 4375 2143 4430 sit
2166 4373 2496 4496 apostmphe
2526 4372 2733 4426 comica
2770 4371 2837 4426 ad
2870 4371 3062 4435 alium,
3096 4373 3199 4429 nisi
3229 4375 3358 4442 quid
3395 4375 3541 4432 docti

1968 4453 2177 4496 contra.
2206 4443 2334 4496 Fed.
2362 4443 2389 4496 θ
2417 4443 2618 4496 nrellus
2644 4441 2705 4496 Ρ.
2736 4440 2804 4496 Β.
2834 4442 3106 4496 COLLECT.
3133 4475 3203 4486 —
3235 4444 3396 4496 Conf.
3434 4445 3541 4496 Ga-

1966 4453 2177 4500 contra.
2205 4440 2334 4498 Fed.
2362 4440 2618 4497 Morellus
2644 4441 2705 4496 ι).
2736 4440 2804 4496 Β.
2834 4442 3106 4498 COLLECT.
3133 4475 3203 4486 —
3235 4440 3396 4500 Cunl.
3434 4445 3544 4503 Ga-

1965 4515 2136 4570 takeri
2170 4515 2386 4568 Advers.
2414 4529 2535 4583 cap.
2573 4511 2654 4566 10.

2034 4611 2141 4683 (10)
2182 4610 2342 4683 Μετὰ
2375 4612 2662 4683 ὁμορροσ.
2709 4606 2766 4662 Si
2815 4606 3222 4683 hemistichium
3257 4611 3430 4683 _velis,
3465 4611 3543 4666 le-

1888 4670 1933 4726 D
1961 4670 2192 4751 gendum
2237 4682 2360 4742 erit,
2404 4670 2540 4751 111:6“
2571 4677 2953 4750 ὁμοφροσύνης
2983 4678 3042 4731 δέ
3083 4696 3141 4751 τε
3187 4670 3428 4751 ὲσθλῆςί
3451 4683 3538 4738 cui

1963 4749 2134 4819 amnis
2165 4752 2318 4806 locus
2349 4749 2492 4804 intra
2524 4765 2592 4804 ex
2615 4749 2806 4804 eodem
2837 4751 3006 4815 fonte,
3033 4766 3085 4819 p.
3113 4749 3236 4802 214.
3270 4750 3531 4806 SvLaunc.

1964 4818 2097 4876 Vide
2128 4838 2251 4890 qua:
2274 4820 2535 4876 adnotata
2571 4828 2702 4875 sunt
2729 4821 2782 4874 in
2811 4836 2864 4890 p.
2910 4818 3163 4875 309.Ουὶ
3197 4820 3376 4876 simile
3400 4823 3534 4878 illud

1964 4891 2239 4962 Euripidis
2275 4891 2511 4947 Medeae:

2106 5003 2295 5076 Ἥπερ
2321 5007 2574 5078 μεγίστη
2607 5005 2835 5078 π’νξετςιι
2865 5003 3143 5078 σωτηρία,

2106 5072 2289 5132 "Om?
2318 5072 2470 5148 γυὶοὴ
2509 5072 2660 5144 πρός
2688 5075 2874 5144 ἄνδρα
2909 5072 2995 5142 μὴ
3039 5072 3392 5144 διχοστατ

2109 5191 2437 5244 Felicitatem
2464 5207 2625 5260 quam
2655 5203 2961 5260 supremam
2984 5188 3256 5256 existimo,

2104 5262 2332 5316 Concors
2366 5258 2564 5314 marito
2595 5261 2782 5314 mulier
2806 5259 2895 5311 ubi
2928 5258 3070 5328 degit
3094 5275 3212 5312 suo.

1962 5334 2230 5390 COLLECT.

1961 5521 2002 5576 Ρ
2035 5451 2146 5521 (Η)
2171 5447 2264 5574 ll?
2311 5445 2376 5500 τὸ
2423 5443 2602 5511 εἷδος.
2640 5444 2885 5516 Respicit
2929 5442 3121 5502 lTim.
3153 5459 3214 5511 ιι,
3243 5444 3299 5512 9,
3338 5446 3422 5502 vel
3486 5444 3531 5502 ιι

2005 5533 2078 5576 et.
2109 5538 2167 5576 ιι.
2239 5561 2253 5573 .

2005 5533 2078 5578 et.
2109 5538 2167 5584 ΙΙ,
2201 5533 2253 5574 ὖ.

2035 5613 2146 5700 (ίὲ)
2194 5609 2269 5700 Τῇ
2320 5609 2635 5700 δέοίκήσεέξ
2683 5605 3160 5700 X9‘--.‘?E.£p“9.
3176 5605 3527 5700 -9??£'1"1’P

1957 5676 2492 5756 signiﬁcat-“natura
2536 5687 2630 5732 aut
2661 5676 3052 5756 "Providentiae
3078 5678 3526 5756 _disp95itioniem

1960 5747 2056 5821 au't
2081 5751 2630 5821 administrationem.
2661 5748 2782 5804 Vid.
2804 5747 3038 5821 p.135,
3062 5747 3456 5821 gi_5‘.’{_l.ovv1u.

2014 5817 2144 5898 ;'(l3)
2196 5821 2323 5898 Τρῖς
2375 5820 2622 5898 τραῖῳδ.
2677 5817 2840 5876 Conf.
2887 5817 3134 5890 Euripid.
3165 5817 3430 5892 .Hecuba,
3477 5829 3534 5877 et

1959 5890 2200 5966 Philop.
2221 5890 2352 5949 604.
2389 5892 2456 5948 ll.
2487 5890 2751 5948 δῑιιιυιις.
