4484 6586
873 451 1012 508 £005

2043 445 2427 502 CLEMENTlS
2466 447 2957 506 ALEXANDRINI?

3974 445 4115 498 1⁸396

873 570 919 624 Δ
946 571 1170 642 tragicus
1198 575 1377 624 autem
1413 569 1678 641 scriptum
1713 576 1815 636 est,
1847 566 2204 639 Polyxenam,
2231 567 2332 620 etsi
2359 567 2448 620 in-
2480 575 2524 630 Α
2553 571 2643 640 ὅμι

2359 567 2448 620 in-
2480 575 2524 630 Α
2553 571 2701 640 ὅμως
2741 567 2982 637 πολλὴν
3008 571 3292 634 πρόνοιαν
3324 567 3649 639 πεποιῆσθαι
3676 562 3779 618 τοῦ
3807 564 4113 631 εὐσχημό-

873 665 1231 724 terliceretur,
1271 662 1557 717 moriendo
1605 674 1784 717 tamen
1832 677 2077 730 magnam
2125 660 2442 715 adhibuisse

880 751 1233 821 diligentiam,
1268 760 1326 804 ut
1369 753 1574 805 honeste
1599 753 1825 804 caderet.

993 860 1102 914 Illa
1144 873 1340 933 tegens,
1373 880 1539 917 mares
1582 879 1701 932 qua:
1729 863 1870 916 haud
1901 861 2050 915 licuit
2088 880 2322 917 cernere.

873 1037 1002 1095 Fuit
1055 1049 1237 1095 autem
1286 1037 1363 1092 illi
1409 1051 1628 1106 quoque
1673 1037 1958 1093 calamitas
2013 1037 2446 1093 matrimonium.

881 1129 1248 1185 Succumbere
1299 1129 1482 1198 itaque
1528 1138 1582 1182 et
1610 1131 1802 1183 cedere
1844 1129 1990 1183 vitiis
2019 1138 2072 1182 et
2115 1129 2286 1182 animi
2332 1145 2453 1198 per-

882 1221 1304 1286 turba:ionilius,
1336 1228 1420 1274 est
1449 1228 1693 1273 extrema
1723 1221 1957 1273 servitus
1984 1237 1998 1272 :
2032 1221 2176 1274 sicut
2201 1235 2266 1274 ea
2303 1229 2454 1275 certe

880 1317 1117 1374 vincere,
1150 1311 1266 1365 sola
1297 1317 1381 1364 est
1420 1311 1666 1363 libertas.
1699 1309 1890 1362 Divina
1935 1311 2121 1379 itaque
2165 1311 2452 1381 Scriptura

877 1418 994 1465 eos,
1023 1404 1115 1470 qui
1149 1411 1411 1470 praecepta
1445 1402 1845 1463 transiliet-unt,
1879 1402 2010 1455 dicit
2038 1417 2159 1457 esse
2187 1403 2455 1456 varianda-

879 1508 957 1548 tos
980 1495 1310 1564 alienigenis,
1338 1493 1441 1546 hoc
1469 1503 1572 1559 est,
1601 1494 1857 1563 peccatis,
1885 1508 2007 1562 qua:
2036 1509 2065 1547 a
2100 1503 2294 1548 natura
2329 1502 2455 1547 sunt

879 1586 1085 1649 aliena,
1111 1587 1284 1639 donec
1317 1587 1568 1638 conversi
1601 1598 1762 1653 agant
1797 1587 2189 1654 pmnitentiam.
2217 1585 2450 1638 Conser-

879 1676 1119 1730 vandum
1171 1685 1256 1731 est
1306 1691 1447 1747 ergo
1498 1677 1941 1741 matrimonium,
1993 1686 2246 1742 tanquam
2296 1689 2448 1728 sacra

887 1770 1070 1838 aliqua
1103 1778 1306 1832 statua,
1335 1769 1600 1824 mundum
1644 1769 1714 1822 ab
1743 1769 1830 1830 iis,
1863 1783 1984 1837 quer
2013 1769 2264 1836 polluunt
2294 1785 2306 1819 :
2341 1775 2386 1819 et
2418 1781 2447 1818 a

2549 681 2669 730 νως
2703 665 2933 730 πεσεῖν,

2553 860 2890 927 Κρύπτουσ’
2955 859 3100 930 (Η),
3162 854 3201 909 ἂ
3254 857 3540 923 κρύπτειν
3593 849 4126 996 ὅμματὶρῤῥὶνωφ

3823 942 3968 994 εχριι
4017 961 4033 975 ο

3823 939 4033 994 εχριιν.

2547 1039 2656 1098 ’Ἤν
2688 1043 2744 1096 δὲ
2773 1042 3004 1114 κάκείνῃ
3032 1043 3204 1112 γάμος
3233 1040 3266 1107 ἡ
3293 1035 3564 1107 συμφορά.
3595 1037 3670 1090 Τὸ
3701 1038 3992 1092 ὑποπεσεῖν
4023 1033 4122 1090 οὖν

2549 1136 2641 1190 καὶ
2661 1132 3060 1204 παραχωρῆσαι
3080 1135 3188 1196 τοῖς
3212 1128 3432 1183 πάθεσιν
3459 1126 3660 1197 ἐσχάτη
3678 1127 3909 1184 δουλεία·
3931 1132 4078 1185 ὥσπε
4088 1149 4122 1201 ρ

2549 1228 2736 1300 ἀμέλει
2768 1225 2828 1276 τὸ
2877 1228 3100 1293 κρατεῖν
3131 1223 3332 1276 τούτων
3375 1219 3653 1290 ἐλευθερία
3689 1220 3846 1290 μόνη,
3892 1222 3957 1276 Ἦ
3986 1221 4122 1290 γοῦν

2551 1320 2669 1374 θεία,
2694 1315 2879 1386 Γραφὴ
2903 1313 3030 1377 τοὺς
3060 1315 3409 1386 παραϐάντας
3433 1312 3528 1371 τὰς
3563 1310 3780 1373 ἐντολὰς
3809 1314 4122 1366 πεποᾶσθαι

2551 1413 2697 1479 λέγει
2717 1412 2827 1472 τοῖς
2848 1406 3182 1474 ἀλλογενέσι,
3206 1407 3477 1460 τουτέστιν
3511 1403 3799 1472 ἁμαρτίαις
3824 1404 4124 1469 ἀνοικείαις

2548 1507 2614 1572 τῇ
2645 1501 2822 1572 φύσει,
2852 1498 3010 1568 ἄχρις
3041 1496 3106 1549 ἂν
3141 1497 3561 1568 ἐπιστρέψαντες
3591 1492 3980 1562 μετανοήσωσι.
4005 1497 4127 1547 Κα-

2549 1593 2709 1662 θαρὸν
2742 1587 2833 1644 οὖν
2866 1592 2955 1642 τὸν
2984 1587 3181 1658 γάμον,
3214 1587 3404 1659 ὥσπερ
3435 1605 3488 1640 τι
3539 1585 3677 1655 ἱερὸν
3725 1583 3967 1653 ἄγαλμα,
4012 1587 4128 1639 τῶν

2551 1682 2865 1752 μιαινόντων
2903 1680 3234 1748 φυλακτέοψ
3285 1677 3715 1749 ἀνεγειρομένοις
3763 1675 3861 1745 μὲν
3904 1677 3970 1726 ἐκ
4011 1676 4129 1730 τῶν

2549 1774 2732 1827 ὕπνων
2779 1771 2915 1842 μετά
2948 1771 3177 1842 Κυρίου,
3208 1769 3433 1823 ἀπιοῦσι
3462 1771 3519 1823 δὲ
3551 1771 3628 1832 είς
3657 1767 3824 1820 ὕπνον
3871 1767 3986 1835 μετ’
4030 1766 4127 1821 εὖ·

885 1861 1095 1915 somnis
1126 1861 1342 1926 quidem
1371 1861 1811 1929 cxpergiscamur
1832 1873 1954 1912 cum
1983 1856 2233 1917 Domino,
2260 1871 2448 1909 eamus
2484 1914 2524 1966 Β
2553 1883 2656 1936 χαρ

1576 1861 1811 1912 iscatnur
1832 1873 1954 1912 cum
1983 1856 2233 1917 Domino,
2260 1871 2448 1909 eamus
2484 1914 2524 1966 Β
2553 1864 2860 1936 χαριστίας,
2895 1864 2990 1915 καὶ
3013 1861 3345 1933 εὐχομένοις,

879 1960 1060 2007 autem
1083 1951 1374 2004 dormitum
1402 1965 1523 2003 cum
1547 1950 1846 2019 gratiarum
1876 1951 2112 2013 actione,
2131 1958 2184 2002 et
2209 1963 2449 2010 oremus,

951 2059 1086 2116 Cum
1130 2077 1313 2114 somno
1335 2060 1598 2130 indulges,
1631 2061 1724 2113 lux
1752 2069 1801 2114 et
1833 2076 1952 2114 cum
1981 2061 2190 2129 fulserit
2223 2061 2384 2122 alma,

881 2182 995 2228 tota
1025 2181 1211 2228 nostra
1247 2175 1357 2227 vita
1388 2173 1682 2227 Dominum
1724 2183 2022 2239 testantes;
2055 2174 2308 2242 pietatem
2337 2171 2456 2240 qui-

885 2267 1009 2321 dem
1045 2281 1110 2320 ac
1157 2266 1472 2336 religionem
1517 2265 1701 2318 anima
1754 2265 2115 2333 possidentes,
2155 2272 2455 2332 temperan-

887 2357 1018 2410 tiam
1068 2365 1247 2410 autem
1297 2356 1461 2408 etiam
1514 2368 1689 2420 usque
1736 2355 1802 2406 ad
1855 2367 2054 2420 corpus
2106 2352 2459 2407 dcducentes.

884 2448 1000 2502 Deo
1034 2449 1178 2500 enim
1231 2461 1416 2499 revera
1467 2453 1682 2513 gratum
1734 2452 1836 2509 est,
1873 2459 1903 2497 a
1954 2443 2138 2512 lingua
2183 2444 2249 2497 ad
2293 2458 2461 2512 opera

884 2542 1170 2592 traducere
1222 2537 1672 2590 moderationem.
1717 2535 1797 2588 Ad
1844 2535 2235 2605 impudentiam
2275 2542 2459 2589 autem

885 2630 975 2682 via
999 2638 1080 2682 est
1109 2628 1283 2696 turpis
1313 2643 1492 2681 sermo
1520 2646 1533 2680 :
1560 2637 1614 2682 et
1645 2628 1927 2694 utriusque
1955 2626 2079 2680 ﬁnis
2104 2635 2188 2680 est
2216 2627 2460 2695 turpium

889 2735 1071 2776 rerum
1115 2719 1465 2788 perpetratio.
1508 2717 1664 2783 Quod
1697 2727 1876 2772 autem
1910 2719 2146 2772 consulit
2173 2717 2460 2787 Scriptura

889 2826 1120 2865 morem
1154 2811 1374 2872 ducere,
1407 2818 1460 2862 et
1496 2825 1595 2864 nec
1620 2824 1651 2863 a
1689 2810 1943 2879 conjugio
1970 2825 2209 2880 unquam
2237 2811 2463 2879 permit-

898 2902 967 2955 tit
996 2899 1294 2962 discedere,
1323 2900 1494 2968 legem
1521 2909 1703 2969 aperte
1729 2901 2051 2955 constituit:
2075 2899 2198 2954 Non
2227 2899 2460 2954 dimittes

898 3007 1136 3057 uxorem,
1167 3002 1517 3061 praeterquam
1537 3001 1747 3062 propter
1772 2991 2175 3060 fornicationem
2207 3004 2254 3045 ι.
2293 2991 2462 3046 Adul-

889 3087 1086 3139 terium
1116 3093 1297 3138 autem
1332 3085 1609 3138 existimat
1638 3084 1894 3155 conjungi
1929 3084 2305 3149 matrimonio,
2333 3085 2461 3138 dum

891 3177 1026 3230 vivit
1058 3178 1193 3230 alter
1218 3192 1284 3230 ex
1321 3179 1605 3246 separatis.
1636 3175 1957 3247 Suspicione
1985 3187 2167 3232 autem
2193 3187 2248 3232 et
2280 3179 2462 3232 crimi-

2569 2063 2749 2131 Ἠμὲν
2791 2062 2874 2114 ὅτ’
2918 2059 3154 2128 εὐνάζῃ,
3187 2059 3282 2113 καὶ
3331 2058 3414 2112 ὅτ’
3456 2059 3535 2112 ἂν
3571 2056 3724 2128 φάος
3755 2055 3913 2125 ἱερὸν
3955 2055 4126 2120 ἔλθῃ,

2560 2175 3020 2248 μαρτυρουμένοις
3079 2174 3169 2224 τὸν
3224 2172 3426 2242 Κύριον
3474 2174 3604 2242 παρ’
3657 2169 3778 2224 ὅλον
3831 2167 3984 2240 ἡμῶν
4034 2170 4132 2220 τὸν

2559 2269 2669 2340 βίον
2694 2284 2707 2297 ·
2741 2268 2803 2319 τὸ
2833 2266 2930 2336 μὲν
2955 2265 3226 2316 θεοσεϐεῖν
3255 2267 3318 2332 τῇ
3347 2265 3491 2334 ψυχῇ
3525 2262 3902 2333 κεκτημένοις,
3935 2259 3994 2313 τὺ
4025 2260 4134 2312 σῶ-

2566 2377 2697 2431 φρον
2727 2358 2782 2410 δὲ
2819 2357 2980 2426 μέχρι
3024 2355 3117 2407 καὶ
3164 2353 3254 2406 τοῦ
3305 2353 3554 2424 σώματος
3597 2355 3841 2419 ἄγουσιν.
3875 2352 4135 2421 Θεοφιλὲς

2559 2452 2666 2522 γὰρ
2697 2449 2774 2518 τῷ
2816 2449 2927 2500 ὄντι
2962 2446 3069 2500 ama
3105 2446 3203 2515 τῆς
3236 2443 3482 2514 γλώττης
3523 2445 3616 2496 ἐπὶ
3646 2443 3714 2495 τε
3744 2444 3884 2514 ἔργα
3927 2443 3988 2496 τὸ
4035 2443 4134 2495 κός

2563 2561 2716 2615 σμιον
2735 2540 3178 2610 διαχειραγωγεῖν
3195 2553 3208 2565 ·
3229 2536 3344 2598 ὁδὸς
3366 2535 3421 2587 δὲ
3448 2535 3534 2604 ἐφ’
3565 2534 3950 2604 ἀναισχυντίαν
3981 2537 4015 2604 ἡ
4049 2536 4137 2587 αξ-

2562 2632 2886 2707 σχρολογίαο
2932 2631 3026 2683 καί
3069 2629 3218 2690 τέλος
3259 2628 3460 2697 ἀμφοῖν
3504 2627 3538 2695 ή
3594 2624 3945 2696 αἱσχρολογία
3992 2623 4131 2696 (15).

2563 2728 2683 2781 Ὅτι
2713 2725 2773 2780 δὲ
2803 2724 2999 2793 γαμεῖν
3034 2723 3070 2791 ή
3124 2718 3307 2790 Γραφὴ
3349 2714 3701 2788 συμϐουλεύει
3733 2715 3853 2768 οὐδὲ
3900 2714 4136 2782 ἀφίστα-

2561 2818 2684 2874 σθαι
2713 2835 2844 2871 ποτε
2868 2816 2969 2884 τῆς
3009 2812 3264 2879 συζυγίας
3294 2810 3596 2882 ἐπιτρέπει,
3628 2809 3883 2878 ἄντικρυς
3911 2807 4139 2879 νομοθε-

2558 2911 2644 2963 τεῖ
2659 2926 2672 2939 ·
2704 2910 2825 2961 Οὐκ
2849 2906 3182 2969 ἀπολύσεις
3198 2901 3470 2972 γυναῖκα,
3498 2899 3664 2967 πλὴν
3684 2901 3736 2952 εὶ
3753 2899 3836 2967 μὴ
3853 2898 3949 2950 ἐπὶ
3975 2898 4139 2965 λόγῳ

2561 2999 2870 3068 πορνείας-⁸
2916 2995 3158 3066 μοιχείαν
3190 2994 3246 3045 δὲ
3275 2995 3489 3062 ἡγεῖται
3519 2991 3579 3043 τὸ
3628 2991 3890 3059 ἐπιγῆμαι
3936 2986 4138 3051 ζῶντος

2564 3090 2791 3160 Θατέρου
2820 3087 2925 3140 τῶν
2962 3085 3403 3156 κεχωρισμένων.
3459 3081 3786 3134 Ἀνύποπτον
3814 3080 3868 3132 δὲ
3899 3081 3976 3141 εἰς
4017 3079 4133 3129 δια-

2566 3182 2722 3252 ϐολὴν
2754 3179 2989 3232 δείκνυσι
3033 3177 3265 3244 γυναῖκα
3309 3173 3419 3242 (16)
3465 3171 3525 3224 τὸ
3577 3172 3648 3242 μὴ
3679 3168 4133 3232 καλλωπίζεσθαι,

894 3266 1115 3319 natione
1153 3265 1378 3319 liberam
1415 3266 1591 3319 reddit
1621 3281 1868 3330 uxorem,
1902 3275 1962 3320 ut
2001 3282 2108 3321 non
2140 3277 2368 3321 ornetur
2403 3283 2466 3321 ac
2491 3251 2533 3306 (ἶ
2570 3275 2665 3346 μ.ηέ

2364 3285 2368 3294 ’
2403 3283 2466 3321 ac
2491 3251 2533 3306 θ
2570 3251 2699 3346 μηδὲ
2723 3272 2829 3343 μὴν
2851 3267 3170 3339 κοσμεῖσθαι
3196 3266 3337 3337 πέρα
3361 3264 3453 3316 τοῦ
3477 3264 3796 3334 πρέποντος,
3820 3262 3998 3330 εὐχαῖς
4026 3262 4135 3330 (Π)

894 3364 1146 3408 comatur
1166 3355 1308 3423 plus,
1335 3369 1497 3423 quam
1536 3357 1606 3409 sit
1626 3355 2016 3419 decorum,sed
2047 3357 2266 3412 assidue
2293 3366 2470 3411 atten-

892 3445 985 3497 dat
1006 3445 1254 3513 precibus
1276 3451 1329 3497 et
1351 3446 1727 3513 orationibus;
1756 3456 1923 3516 utque
1948 3464 1977 3502 e
2001 3448 2166 3503 domo
2190 3463 2332 3519 saepe
2357 3465 2465 3502 non

893 3544 1089 3601 exeat,
1112 3550 1142 3589 a
1162 3537 1246 3590 sui
1269 3547 1450 3591 autem
1474 3551 1715 3608 aspectu,
1737 3541 1913 3610 quoad
1937 3540 2050 3593 ﬁeri
2069 3549 2265 3609 potest,
2288 3541 2472 3594 exclu-

893 3624 985 3678 dat
1016 3640 1131 3690 eos,
1159 3626 1251 3692 qui
1285 3626 1350 3679 ad
1391 3642 1511 3679 eam
1544 3643 1651 3681 non
1683 3631 1933 3693 attinent,
1968 3630 2240 3696 ducatque
2267 3629 2465 3684 domus

895 3717 1200 3770 custodiam
1226 3719 1626 3787 intempestivis
1643 3721 1804 3788 nugis
1835 3720 2332 3774 conducibiliorem.
2359 3720 2464 3784 Qui

898 3817 1073 3862 autem
1099 3809 1374 3862 dimissam
1407 3811 1599 3879 accipit
1629 3826 1868 3877 uxorem,
1896 3810 2202 3877 moechatur,
2239 3812 2414 3880 inquit
2445 3830 2458 3864 :

901 3903 960 3961 ᾧ
985 3900 1032 3950 si
1053 3899 1169 3968 quis
1197 3901 1341 3952 enim
1368 3900 1628 3952 dimiserit
1662 3914 1900 3965 uxorem,
1918 3899 2204 3952 moechatur
2232 3901 2395 3968 ipsam
2411 3900 2462 3964 ιι,

897 3991 1002 4044 hoc
1036 3999 1139 4055 est,
1170 3992 1314 4061 cogit
1341 4007 1458 4045 eam
1493 3991 1777 4046 maechari.
1809 3990 1926 4045 Non
1951 3993 2126 4045 solum
2163 4002 2342 4045 autem
2369 3993 2463 4062 qui

898 4081 1127 4146 dimisit,
1151 4093 1235 4135 est
1259 4083 1378 4150 ejus
1404 4099 1592 4147 causa,
1617 4083 1710 4136 sed
1736 4092 1899 4137 etzam
1922 4087 2014 4152 qui
2049 4100 2169 4138 eam
2203 4085 2461 4153 suscepit,

899 4173 1142 4242 praebens
1166 4175 1380 4227 mulieri
1413 4174 1670 4242 peccandi
1698 4178 2040 4228 occasionem
2067 4194 2081 4241 ;
2106 4177 2150 4231 si
2179 4178 2320 4230 enim
2354 4193 2462 4230 non

897 4268 1182 4338 suscipiat,
1217 4277 1515 4322 revertetur
1548 4268 1615 4320 ad
1668 4268 1865 4321 virum.
1904 4267 2046 4332 Quid
2099 4283 2229 4322 vero
2280 4270 2362 4322 lex
2401 4269 2465 4320 c?

899 4360 974 4414 Ut
999 4363 1254 4430 reprimat
1283 4360 1348 4414 ad
1377 4360 1504 4415 vitia
1535 4360 1980 4430 propensionem,
2007 4359 2161 4426 jubet
2192 4359 2258 4412 de
2287 4361 2462 4414 medio

900 4452 1016 4504 tolli
1049 4467 1192 4517 eam,
1225 4467 1346 4520 qua:
1373 4452 1695 4513 adulterata,
1727 4461 1778 4505 et
1825 4450 2077 4506 adulterii
2125 4450 2290 4504 fuerit
2335 4466 2467 4505 con-

2568 3366 2663 3418 καὶ
2706 3363 2920 3432 δεήσεσι
2967 3359 3408 3431 προσανέχουσαν
3447 3353 3710 3416 ὲκτενῶςο
3741 3353 3839 3415 τὰς
3884 3352 3982 3420 μὲν
4022 3351 4140 3416 ὲξέ-

2565 3457 2686 3519 δους
2739 3456 2837 3522 τῆς
2898 3453 3074 3514 οἰκίας
3121 3449 3529 3519 φυλαττομένην
3589 3447 3687 3509 τὰς
3731 3445 3950 3506 πολλὰς,
4005 3445 4142 3497 ἀπο-

2568 3548 2848 3601 κλείουσαν
2891 3544 2934 3596 δ’
2981 3544 3056 3605 ὡς
3100 3536 3210 3594 οἷόν
3255 3539 3302 3592 θ’
3344 3540 3539 3608 ἑαυτὴν
3584 3538 3682 3607 τῆς
3728 3537 3864 3608 πρὸς
3907 3537 4032 3597 τοὺς
4076 3537 4137 3588 οὐ

2567 3642 2938 3712 προσήκοντας
2988 3634 3324 3704 προσόψεως,
3357 3631 3808 3704 προύργιαίτερον
3849 3628 4140 3698 τιθεμένην

2564 3731 2662 3800 τῆς
2707 3729 2936 3796 ἀκαίρου
2985 3725 3249 3795 φλυαρίας
3297 3722 3395 3792 τὴν
3428 3721 3721 3792 οίκουρίαν.
3773 3722 3826 3773 '0
3875 3720 3943 3772 δὲ
3993 3721 4140 3772 ἀπο-

2564 3819 2908 3889 λελυμένην
2955 3815 3274 3886 λαμϐάνων
3314 3813 3567 3884 γυναῖκα
3593 3812 3890 3881 μοιχᾶται,
3939 3810 4100 3880 φησίν
4121 3826 4135 3838 ι

2565 3910 2674 3964 ἐὰν
2704 3909 2813 3980 γάρ
2855 3926 2944 3973 τις
2973 3906 3256 3972 ἀπολύσῃ
3301 3903 3571 3973 γυναῖκα,
3603 3902 3878 3972 μοιχᾶται
3922 3900 4138 3965 αὐτὴν,

2570 4003 2868 4067 τουτέστιν,
2953 3996 3249 4066 ἀναγκάζει
3304 3993 3669 4064 μοιχευθῆναι.
3715 3993 3790 4045 Οὐ
3833 3993 3990 4061 μόνον
4023 3991 4078 4042 δὲ
4110 3993 4139 4044 ὁ

2569 4091 2841 4153 ἀπολύσας
2881 4089 3050 4152 αἴτιος
3100 4088 3308 4157 γίνεται
3356 4085 3569 4147 τούτου,
3605 4084 3738 4136 ἀλλὰ
3772 4084 3866 4136 καὶ
3906 4085 3935 4135 ὁ
3966 4099 4139 4152 παρα-

2568 4182 2856 4250 δεξάμενος
2891 4180 3081 4250 αὐτὴν,
3116 4176 3370 4248 ἀφορμὴν
3404 4173 3662 4246 παρέχων
3699 4170 3793 4223 τοῦ
3826 4172 4139 4242 ἁμαρτῆσαι

2566 4276 2632 4343 τῇ
2674 4272 2907 4339 γυναικίο
2948 4272 2996 4322 εί
3027 4270 3134 4340 γὰρ
3170 4268 3244 4338 μὴ
3271 4268 3496 4338 δέχοιτο,
3541 4261 3853 4331 ἀνακάμψει
3885 4263 4018 4332 πρὸς
4047 4262 4140 4314 τὸν

2568 4364 2756 4434 ἄνδρα.
2793 4363 2857 4414 Τί
2899 4357 2990 4413 οὖν
3022 4362 3051 4412 ὁ
3079 4361 3271 4429 νόμο;;
3301 4359 3442 4428 Πρὸς
3483 4353 3780 4423 ἀναστολὴν
3824 4352 3922 4422 τῆς
3967 4352 4139 4404 εὐεπιο

2569 4453 2764 4525 φορίας
2804 4451 2912 4503 τῶν
2956 4449 3142 4503 παθῶν
3179 4448 3516 4521 ἀναιρεῖσθαι
3546 4446 3870 4519 προστάττει
3895 4444 3993 4515 τὴν
4025 4460 4130 4513 μοι·

901 4543 1072 4611 victa;
1103 4545 1187 4597 sin
1236 4555 1414 4597 autem
1452 4543 1612 4597 fuerit
1639 4559 1669 4597 e
1712 4542 1920 4598 familia
1961 4542 2285 4604 sacerdotis.
2317 4543 2468 4610 jubet
2497 4557 2539 4611 ι)
2569 4551 2672 4617 χευι

2367 4543 2468 4596 ibet
2497 4557 2539 4611 ι)
2569 4545 2876 4617 χευθεῖσαν,
2907 4543 3001 4596 καὶ
3027 4543 3120 4594 ἐπὶ
3151 4541 3324 4610 τούτῳ
3357 4540 3714 4610 ὲλεγχθεῖσαν·
3745 4537 3840 4590 ὲάν
3878 4536 3935 4588 δὲ
3971 4535 4138 4605 ἱέρεια

901 4651 1020 4690 eam
1069 4635 1178 4703 igni
1222 4633 1360 4688 tradi
1399 4631 1449 4686 ἀ.
1480 4635 1736 4689 Obruitur
1766 4644 1947 4690 autem
1993 4637 2205 4690 adulter
2252 4650 2469 4704 quoque
2563 4633 2634 4709 ᾖ,
2671 4663 2672 4668 η

2366 4650 2469 4703 que
2563 4633 2634 4709 ᾖ,
2671 4637 2802 4706 πυρὶ
2842 4629 3227 4703 παραδίδοσθαι
3281 4631 3623 4700 προστάττει.
3672 4627 4037 4682 Λιοοδολεῖται
4083 4624 4137 4676 δὲ

903 4709 1192 4795 lapidibus,
1227 4726 1320 4780 sed
1352 4741 1458 4778 non
1492 4725 1546 4777 in
1575 4725 1762 4779 eodem
1790 4725 1936 4789 loco,
1969 4742 2034 4780 ne
2063 4741 2212 4781 mors
2243 4727 2467 4796 quidem
2567 4730 2662 4781 καὶ

2367 4727 2467 4779 lem
2567 4730 2662 4781 καὶ
2698 4730 2725 4779 ὁ
2761 4726 2962 4797 μοιχός·
3016 4724 3128 4777 ἀλλ’
3151 4725 3250 4775 οὐκ
3283 4725 3340 4774 ὲν
3383 4722 3462 4792 τῷ
3503 4720 3650 4791 αὐτῷ
3679 4722 3848 4790 τόπῳ,
3878 4720 3965 4771 ἵνα
4009 4716 4138 4786 μηδὲ

904 4821 976 4872 sit
995 4819 1074 4874 eis
1103 4819 1432 4873 communis.
1469 4815 1822 4888 Nequaquam
1851 4817 2011 4886 igitur
2036 4819 2120 4872 lex
2142 4834 2267 4873 cum
2297 4816 2474 4871 Evan-
2567 4822 2596 4872 ὁ
2629 4818 2675 4872 θε

2356 4833 2474 4871 ran-
2567 4822 2596 4872 ὁ
2629 4818 2853 4880 Θάνατος
2886 4818 3068 4880 αὐτοῖς
3103 4816 3280 4868 κοινὸν
3398 4815 3470 4865 Οὐ
3501 4814 3564 4884 δὴ
3598 4814 3826 4884 μάχεται
3853 4809 3933 4880 τῷ
3967 4808 4127 4873 Εὐαγ-

910 4910 1048 4977 gelio
1088 4921 1309 4980 pugnat,
1345 4912 1439 4964 sed
1472 4911 1521 4964 ei
1556 4910 1852 4965 consentit.
1896 4908 2094 4974 Quidni
2142 4911 2311 4977 enim,
2344 4926 2472 4964 cum
2568 4910 2681 4978 γελί

2368 4927 2472 4964 tum
2568 4910 2730 4979 γελίῳ
2763 4913 2790 4962 ὁ
2819 4910 2980 4980 νόμος
3001 4925 3013 4938 ·
3053 4907 3264 4983 συνᾴδει
3295 4905 3352 4960 δὲ
3379 4906 3541 4980 αὐτῷ,
3576 4905 3697 4972 Πῶς
3724 4906 3832 4978 γὰρ
3861 4900 4002 4971 οὐχὶ,
4027 4897 4139 4961 ἐνδί

913 5010 1202 5070 utrumque
1239 5018 1379 5056 unus
1416 5001 1777 5072 suppeditavit
1820 4999 2119 5056 Dominus?
2160 4999 2290 5069 Quae
2322 5003 2468 5058 enim
2576 5001 2684 5056 ὅντε

2366 5003 2468 5057 nim
2576 5001 2722 5067 ὄντος
2756 5003 2954 5075 ἀμφοῖν
2985 5001 3224 5075 χορηγοῦ
3262 4999 3358 5054 τοῦ
3380 5003 3614 5073 Κυρίου;
3659 5003 3724 5054 Ἡ
3757 5001 3864 5068 γάρ
3891 5012 3973 5046 τοι
4007 5011 4137 5065 πορ-

908 5099 993 5144 est
1017 5090 1305 5155 fornicata,
1339 5092 1466 5146 vivit
1492 5091 1709 5162 quidem
1742 5101 1980 5160 peccato,
2015 5090 2110 5145 sed
2143 5101 2352 5147 mortua
2389 5104 2472 5148 est
2579 5098 2679 5148 νεύι

2389 5104 2472 5148 est
2579 5096 2903 5168 νευσασακζῇ
2957 5097 3055 5167 μὲν
3088 5099 3154 5166 τῇ
3199 5095 3466 5168 ἁμαρτίᾳ,
3498 5094 3732 5149 ἀπέθανε
3764 5091 3821 5144 δὲ
3851 5091 3970 5152 ταῖς
4006 5090 4143 5140 ὲν;ο-

982 5222 1142 5301 sane.
1165 5223 1269 5278 507
1295 5224 1413 5301 eo.
1443 5225 1716 5301 POTTEB
1734 5226 1970 5301 tet—425
2000 5226 2367 5301 ED._PABlS.
2446 5242 2472 5270 a
2508 5230 2693 5287 Matth.
2731 5251 2753 5286 ν

2446 5242 2472 5270 ιι
2508 5230 2693 5287 Matth.
2731 5250 2782 5301 ν,
2815 5233 2906 5300 52,
2939 5248 3054 5300 ιιι,
3093 5233 3160 5298 9;
3193 5230 3358 5299 Marc,
3391 5247 3448 5300 ι,
3476 5235 3568 5299 Η,
3596 5233 3696 5298 12;
3735 5226 3866 5283 an.
3897 5241 4008 5293 xvi,
4053 5224 4138 5281 l8.

975 5294 1005 5336 ὕ
1033 5294 1166 5349 Ibid.
1249 5306 1272 5334 ε
1294 5295 1460 5351 Levit.
1495 5315 1586 5364 ιχ,
1619 5298 1714 5364 1’0;
1754 5297 1908 5351 Deut.
1933 5315 2070 5364 χιιι,
2101 5298 2190 5351 22.
2269 5299 2295 5338 ἀ
2323 5299 2493 5354 Levit.
2525 5305 2746 5369 xstx,9.

2055 5298 2190 5364 ,22-
2269 5294 2779 5369 διθνίι.χιικ,9,’
2894 5294 2902 5300 ’
3041 5294 3051 5300 ⁷
3147 5294 3155 5298 '
3345 5294 3443 5300 "
3550 5294 3560 5299 ν
3684 5294 3690 5298 -
3816 5303 3818 5305 -

983 5407 1102 5484 (μιν)⁸
1125 5411 1484 5484 Κρύαςτουσκ
1513 5409 1798 5484 Euripides
1832 5411 2026 5468 Hecub.
2057 5430 2110 5468 v.
2140 5412 2377 5468 569—570
2409 5434 2424 5470 :

910 5479 1471 5553 Ποᾼλὴνπρόνοιαν
1493 5479 1664 5552 εἶχεν
1684 5484 2002 5553 εὐσχήμως
2030 5484 2262 5547 πεσεῖν,

910 5550 1243 5625 (φύπτουθ
1269 5553 1314 5625 γᾷ
1347 5550 1627 5620 κρύπτειν
1649 5550 1855 5625 ὄμματ’
1878 5550 2154 5621 ’ἀρσένων
2176 5557 2382 5624 χρεών.

914 5621 1181 5695 linguam
1199 5623 1604 5676 sollicitudinem
1640 5621 1846 5689 habuit,
1875 5625 2110 5680 decenter
2153 5621 2224 5678 ut
2243 5625 2468 5692 caderet,

912 5690 982 5742 Et
1031 5690 1338 5756 occultaret,
1378 5709 1496 5764 qua:
1539 5696 1800 5750 occultare
1843 5695 2019 5752 oculos
2061 5699 2296 5750 virorum
2346 5690 2473 5750 con—

2247 5779 2398 5820 venit.

984 5830 1096 5902 (15)
1122 5833 1542 5906 Αίσχρολογία.
1584 5833 1793 5893 Sensus
1836 5837 2063 5906 requirit
2101 5764 2474 5909 αίσὲἔὲέιρζία,

2576 5419 2657 5472 vel
2683 5428 2960 5492 contracta
2987 5417 3342 5491 αἰσχρουργία
3367 5438 3379 5451 ’
3419 5417 3570 5492 quod
3607 5411 3744 5471 vidit
3778 5416 3938 5469 etiam
3970 5415 4130 5471 inter-

2581 5506 2722 5558 pres.
2757 5491 3022 5545 Svusunc.
3437 5491 3444 5492 ⁷
3654 5557 3670 5558 ί
3699 5555 3756 5558 ι
3981 5551 4004 5558 ί.
4089 5549 4118 5558 κ.

2649 5562 2759 5631 (16)
2785 5559 3072 5631 Γυναῖκα.
3101 5558 3388 5631 RcSpicere
3415 5560 3628 5631 videtur
3652 5557 3673 5611 ι
3698 5555 3838 5631 Tim.
3871 5573 3929 5624 ιι,
3963 5557 4017 5625 9,
4041 5555 4128 5614 i0;

2646 5626 2760 5700 (17)
2787 5629 3048 5702 νΕὺχαῖς.
3108 5626 3401 5702 Βεέριοειε
3447 5629 3660 5702 videtur
3710 5629 3730 5679 Ι
3775 5626 3912 5682 Tim.
3951 5645 4004 5695 γ,

2575 5697 2878 5775 Προσμένει
2899 5697 3037 5768 παῖς
3063 5697 3276 5775 δεήσεσι
3312 5704 3406 5757 καὶ
3436 5701 3557 5762 ταῖς
3589 5702 3911 5771 προσευχαῖς
3945 5697 4136 5758 νυκτὸς

2577 5771 2671 5826 καὶ
2701 5771 2934 5844 ἡμέρας.
