4484 6586
345 498 476 553 μοι

1596 493 2026 551 STROMATUM
2071 495 2199 552 LIB.
2239 486 2330 549 lli.

3467 494 3605 549 “0‘2

348 637 370 669 ε
410 615 658 685 ’Δντέχου
692 612 803 682 (51)
866 611 1044 666 τοίνυν
1065 653 1080 676 ,
1137 633 1156 666 ι
1199 615 1332 687 φησὶ
1389 611 1530 666 κατὰ
1571 610 1716 676 λέξιν
1748 611 1776 663 ὁ
1811 611 1930 663 Ἰσί-
1958 623 2004 676 Α
2033 629 2062 666 a
2089 632 2115 666 s

1832 611 1930 663 Ισί-
1958 623 2004 676 Α
2033 629 2062 666 a
2089 629 2184 681 spe
2212 622 2295 665 est
2320 610 2511 665 divisa.
2538 631 2657 662 ι-ι
2681 611 3036 680 Apprehende
3065 626 3216 680 ergo,
3243 629 3262 662 ι
3300 612 3477 680 inquit
3515 613 3603 668 his

340 707 510 778 δωρος
536 710 594 759 ὲν
625 705 738 764 τοῖς
767 720 787 751 ‹
810 699 1067 768 Ἠθικοῖς,
1094 723 1111 756 ι
1163 707 1408 776 μαχίμης
1428 702 1705 770 γυναικὸς,
1736 702 1821 754 ἴνα
1845 702 1919 774 μὴ

342 795 700 863 ἀποσπασθῇς
743 794 842 864 τῆς
875 794 1094 865 χάριτος
1132 798 1225 850 τοῦ
1267 794 1425 858 Θεοῦ,
1457 793 1520 845 τό
1551 809 1610 845 τε
1645 792 1755 864 πῦρ
1783 795 1918 848 ἀπο-

344 885 738 959 σπερματίσας,
761 887 1150 959 εὐσυνειδήτως
1175 888 1287 957 (52)
1309 882 1586 956 προσεύχῃ
1600 883 1731 955 (55).
1755 887 1920 938 Ὅταν

339 980 401 1034 δὲ
422 983 455 1050 ἡ
476 979 786 1050 εὐχαριστία
821 996 935 1044 σου,
959 983 1140 1051 φησὶν,
1165 981 1242 1040 εἰς
1268 975 1483 1046 αἴτησιν
1513 977 1758 1049 ὑποπέσῃ
1783 979 1916 1048 (54),

343 1074 438 1126 καὶ
471 1074 599 1140 στῇς
625 1071 686 1124 τὸ
720 1072 904 1125 λοιπὸν
942 1074 1004 1126 οὐ
1043 1067 1406 1140 κατορθῶσαι,
1430 1066 1566 1120 ἀλλὰ
1605 1070 1678 1141 μὴ
1711 1070 1916 1138 σφαλῆ-

339 1183 448 1227 ναι,
473 1165 741 1234 γάμησον.
789 1165 946 1218 Ἀλλὰ
971 1165 1087 1226 νέος
1117 1163 1199 1224 τίς
1219 1162 1387 1224 ἐστιν,
1412 1158 1444 1230 ἦ
1471 1160 1654 1230 πένης,
1683 1161 1715 1230 ἦ
1741 1176 1919 1212 κατω-

342 1257 532 1327 φερὴς,
560 1257 652 1309 καὶ
676 1258 734 1310 οὐ
765 1258 906 1311 θέλει
938 1258 1114 1326 γῆμαι
1137 1252 1278 1304 κατὰ
1316 1251 1406 1306 τὸν
1433 1252 1604 1321 λόγον·
1638 1247 1790 1312 οὗτος
1823 1248 1918 1300 τοῦ

343 1345 570 1414 ἀδελφοῦ
613 1346 685 1418 μὴ
718 1346 1052 1420 χωριζέσθωο
1087 1341 1308 1410 λεγέτω,
1331 1343 1413 1395 ὅτι
1443 1342 1773 1413 Εἰσελήλυθα
1810 1338 1920 1407 ἐγὼ

341 1436 422 1497 εἰς
446 1434 514 1488 τὰ
541 1437 689 1504 ἆγια·
721 1439 874 1490 οὐδὲν
900 1435 1132 1502 δύναμαι
1166 1431 1374 1484 παθεῖν.
1424 1433 1548 1486 Ἐὰν
1580 1433 1638 1484 δὲ
1665 1432 1918 1483 ὑπόνοιαν

340 1523 462 1596 ἔχῃ,
485 1529 706 1581 εἰπάτω·
755 1527 992 1595 Ἀδελφὲ,
1018 1523 1204 1587 ἐπίθες
1238 1541 1328 1594 μοι
1357 1525 1456 1596 τὴν
1483 1523 1592 1594 (55)
1623 1525 1800 1592 χεῖρα,
1831 1523 1916 1575 ἶνα

346 1617 420 1685 μὴ
463 1619 785 1689 ἁμαρτήσω’
831 1616 925 1670 καὶ
967 1614 1191 1684 λήψεται
1243 1614 1524 1685 βοήθειαν,
1566 1614 1660 1666 καὶ
1715 1614 1914 1684 νοητὴν

343 1710 436 1762 καὶ
485 1712 763 1781 αἰσθητήν·
795 1707 1075 1776 θελησάτω
1107 1706 1220 1777 (56)
1251 1708 1409 1776 μόνον
1447 1705 1765 1776 ἁπαρτῆσαι
1805 1706 1914 1776 (57)

341 1799 401 1852 τὸ
426 1801 604 1864 καλὸν,
627 1802 718 1854 καὶ
739 1798 1094 1862 ἐπιτεύξεται.
1134 1799 1330 1850 Ἐνίοτε
1360 1798 1417 1850 δὲ
1446 1795 1523 1866 τῷ
1557 1795 1655 1866 μὲν
1689 1797 1914 1867 στόματι

341 1889 587 1962 λέγομεν,
616 1893 687 1945 Οὺ
716 1890 938 1958 Θέλομεν
970 1889 1306 1960 ἁμαρτῆσαι·
1335 1891 1369 1958 ἡ
1402 1887 1704 1958 δὲ-διάνοια
1735 1888 1914 1957 ἔγκει-

346 2013 404 2071 SB
439 2009 500 2064 Ρ.
534 2010 640 2064 510
667 2007 776 2062 ΕΙ).
801 2007 1098 2062 ΡΟΤΤΕΙὶ.

2021 703 2203 755 verbis
2267 699 2506 755 Isidorus
2560 703 2615 754 in
2663 699 2981 763 Moralibus,
3043 707 3101 764 ᾗ
3153 702 3437 756 robustam
3477 720 3599 757 tnu—

2022 795 2233 856 lierem,
2265 809 2332 848 ne
2361 810 2390 848 a
2435 793 2528 848 Dei
2560 793 2729 863 gratia
2762 794 3062 857 avellaris;
3089 804 3143 848 et
3176 811 3300 849 cum
3333 796 3510 864 ignem
3541 797 3595 849 in

2022 884 2230 937 semine
2279 885 2619 946 excreveris,
2671 899 2793 937 cum
2845 885 2987 939 bona
3048 901 3171 941 ores
3227 886 3594 941 conscientia.

2022 973 2251 1039 Quando
2283 986 2488 1040 autem,
2523 975 2718 1043 inquit,
2745 987 2835 1030 tua
2864 977 3165 1046 gratiarum
3195 978 3336 1031 actio
3369 978 3594 1048 delapsa

2021 1063 2186 1118 fuerit
2213 1065 2264 1118 in
2301 1065 2640 1134 petitionem,
2671 1077 2724 1118 ct
2749 1064 3004 1135 deinceps
3034 1065 3270 1130 steteris,
3305 1078 3364 1121 nt
3409 1078 3589 1123 tamen

2020 1153 2127 1208 labi
2158 1172 2220 1209 ac
2262 1157 2495 1210 titubare
2525 1171 2632 1208 non
2665 1155 2902 1230 desinas,
2932 1159 3038 1212 duc
3083 1174 3331 1212 uxorem.
3369 1157 3465 1214 Sin
3505 1171 3595 1216 est.

2021 1248 2218 1317 aliquis
2243 1249 2481 1319 juvenis,
2505 1249 2590 1302 vel
2633 1264 2858 1317 pauper,
2890 1252 2972 1305 vel
3002 1252 3272 1313 infirmus.
3302 1262 3356 1306 et
3400 1269 3506 1307 non
3538 1255 3589 1309 ei

2021 1337 2150 1392 libet
2195 1341 2338 1410 logo,
2371 1355 2466 1394 seu
2519 1339 2747 1402 rationi,
2780 1343 3163 1396 convenienter
3206 1359 3435 1398 uxorem
3485 1345 3590 1399 du-

2021 1448 2172 1495 cere,
2199 1435 2247 1488 is
2271 1450 2302 1487 a
2341 1433 2506 1488 fratre
2537 1449 2605 1488 ne
2633 1434 2910 1499 discedat;
2943 1435 3088 1490 dicat
3116 1457 3128 1491 :
3155 1438 3436 1509 Ingressus
3463 1456 3587 1496 sum

2021 1527 2075 1577 in
2107 1533 2315 1587 sancta,
2343 1526 2480 1579 nihil
2510 1542 2730 1594 possum
2761 1527 2891 1596 pati.
2929 1526 3084 1593 Quod
3119 1531 3164 1584 si
3193 1547 3315 1584 eum
3346 1534 3588 1602 suspicio

2019 1614 2203 1683 aliqua
2242 1614 2453 1678 subeat,
2484 1615 2629 1669 dicat
2655 1636 2666 1669 :
2694 1616 2902 1681 Frater,
2940 1619 3160 1688 impone
3185 1622 3317 1674 mihi
3343 1639 3586 1692 manum,

2020 1719 2087 1759 ne
2125 1719 2382 1774 peccem;
2429 1709 2489 1758 et
2535 1705 2817 1759 confestim
2867 1718 2980 1762 tum
3030 1709 3082 1763 in
3135 1723 3334 1773 mente,
3367 1722 3480 1766 tum
3533 1715 3589 1769 in

2018 1811 2248 1865 corpore
2275 1809 2434 1864 opem
2481 1796 2808 1863 experietur.
2841 1795 2982 1850 Velit
3012 1800 3175 1852 modo
3210 1802 3351 1869 quod
3385 1803 3586 1856 bonum

2017 1896 2100 1941 est
2149 1887 2430 1956 perlicere,
2473 1893 2527 1939 et
2575 1895 2918 1954 assequetur.
2957 1886 3354 1958 Nonnunquam
3405 1902 3588 1947 autent

409 2127 878 2199 (5l)_’Avrézoy.
927 2129 1162 2198 Ἀνέχου,
1203 2147 1222 2177 ‹
1251 2128 1522 2194 sustine,»
1563 2130 1722 2184 habet
1775 2127 1906 2197 Epi—
1935 2135 1978 2188 Β
2008 2124 2180 2199 intelli

1821 2128 1906 2197 pi-
1935 2135 1978 2188 Β
2008 2124 2328 2199 intelligens
2357 2138 2506 2199 per:
2543 2122 2786 2199 fratrem,
2822 2143 2839 2173 ι
2877 2126 2991 2179 sive
3023 2141 3407 2199 quemcunque
3452 2126 3590 2182 fide-

340 2197 508 2266 pban.
539 2197 711 2251 Porro
735 2200 787 2250 in
817 2197 1005 2251 lsidori
1034 2200 1195 2253 verba
1225 2201 1336 2252 haec
1359 2200 1634 2253 adnotavit
1673 2201 1741 2252 cl.
1773 2199 1904 2252 Gra-

340 2270 464 2322 bius
499 2267 766 2336 Spicilegit'
801 2283 940 2322 saec.-
964 2284 1022 2331 ιι,
1052 2285 1174 2338 pag.
1207 2268 1296 2333 66,
1320 2268 1420 2322 67:
1455 2289 1472 2319 ‹
1505 2269 1608 2324 Ista
1637 2269 1900 2322 emenda-

340 2340 488 2391 tione
524 2347 578 2390 et
607 2338 965 2405 explicatione
990 2351 1166 2403 egent,
1198 2354 1304 2407 qua
1337 2339 1520 2403 allata,
1549 2339 1756 2407 patebit
1789 2338 1904 2392 haec

339 2409 500 2459 verba
546 2407 748 2460 bonum
787 2407 986 2460 habere
1032 2424 1273 2462 sensum.
1307 2407 1386 2462 Ac
1430 2410 1612 2476 priora
1661 2408 1902 2473 quidem,

351 2477 776 2552 'Awréxou‘lsive,
797 2487 854 2552 ut
877 2479 1018 2545 apud
1049 2477 1405 2552 Epiphaniam
1430 2479 1659 2552 legimus
1681 2477 1901 2552 ἀνέχοι»)

383 2546 904 2616 αχίμηξγνναικός,
951 2549 1182 2616 pessime
1231 2549 1423 2610 vertit,
1461 2548 1570 2601 imo
1625 2546 1902 2616 pervertit,

366 2614 624 2686 let-vetus,
655 2614 966 2671 Clementis
986 2618 1252 2685 interpres
1281 2635 1293 2670 :
1327 2636 1344 2667 ι
1376 2614 1744 2686 Apprehepde
1777 2631 1906 2684 ergo

341 2685 617 2738 robustam
649 2688 927 2739 mulierem
953 2705 966 2750 ;
994 2706 1010 2736 ι
1044 2683 1143 2755 pro
1175 2701 1284 2755 quo
1314 2683 1514 2754 repone
1543 2704 1554 2738 :
1584 2703 1602 2734 ι
1633 2683 1908 2755 Patienter

339 2756 547 2807 sustine
578 2757 973 2810 contentiosam
1005 2753 1320 2820 mulier—em;
1351 2753 1541 2808 {sicut
1568 2765 1621 2807 et
1651 2753 1908 2808 Petavius

339 2825 478 2892 apud
513 2824 872 2894 Epiphanium
905 2843 917 2878 :
947 2847 965 2875 ι
997 2824 1271 2878 Patienter
1300 2826 1462 2892 igitur
1498 2825 1589 2877 tibi
1620 2835 1907 2894 contuma-

339 2896 418 2947 cis
451 2893 635 2948 uxoris
680 2911 858 2948 mores
905 2895 1206 2948 sustinendi
1261 2905 1408 2955 sunt,
1448 2911 1514 2946 ne
1547 2895 1774 2961 gratiam
1813 2893 1900 2946 llei

340 2966 574 3016 amittas.
603 2984 620 3013 ι
648 2964 801 3017 Unde
845 2965 1130 3032 sequitur:
1164 2983 1181 3012 ι
1213 2965 1456 3031 Cumque
1512 2980 1615 3016 una
1663 2979 1783 3017 cum
1822 2980 1906 3015 se-

340 3035 484 3085 mine
527 3034 767 3085 libidinis
817 3033 1086 3086 llammam
1130 3034 1394 3100 ejeeeris»
1435 3036 1552 3102 (per
1604 3034 1904 3102 legitimum

341 3103 668 3155 matrimonii
693 3119 872 3165 usum,
890 3113 1144 3171 tanquam
1167 3103 1540 3156 fornicationis
1561 3105 1902 3163 remedium),

343 3189 362 3220 ο
389 3182 500 3224 tum
535 3182 606 3235 te,
653 3176 856 3240 optima
913 3172 1080 3225 fretus
1125 3175 1476 3235 conscientia,
1518 3174 1583 3226 ad
1638 3175 1899 3225 orandum

339 3251 610 3294 converte.
641 3262 657 3290 ι
696 3243 834 3306 Quid
879 3258 1006 3295 vero
1053 3243 1153 3294 sibi
1209 3246 1394 3296 volunt
1444 3245 1593 3295 inec:
1626 3261 1644 3292 ι
1675 3241 1904 3308 Quando

338 3321 517 3363 autem
545 3321 632 3363 tua
667 3312 960 3380 gratiarum
995 3313 1136 3364 actio
1168 3313 1219 3364 iu
1246 3314 1556 3380 petitionum
1594 3313 1896 3374 inciderit,»

339 3381 452 3432 sive
490 3399 504 3430 t
542 3382 760 3448 delapsa
796 3381 999 3434 fuerit?
1028 3401 1044 3430 ι
1081 3380 1301 3434 Videtur
1332 3382 1571 3434 Isidorus
1597 3385 1902 3449 respexisse

338 3451 602 3516 duplicem
629 3453 1068 3504 Christianorum
1095 3461 1318 3517 statum,
1338 3457 1702 3519 per-tectorum
1733 3461 1786 3504 et
1821 3453 1899 3504 in-

341 3522 617 3572 lirmorum
648 3540 658 3573 :
688 3538 750 3572 ex
782 3521 981 3588 quibus
1010 3522 1106 3583 illi,
1134 3521 1186 3572 in
1217 3522 1358 3573 bono
1385 3520 1589 3573 fundati
1621 3535 1685 3574 ac
1710 3522 1904 3575 immo-

337 3590 493 3654 biles,
529 3607 636 3642 non
673 3602 778 3643 tam
806 3606 1012 3657 preces,
1047 3606 1207 3658 quam
1242 3592 1444 3658 gratias
1471 3632 1483 3653 ,
1522 3590 1630 3643 Deo
1670 3591 1904 3644 fundunt

338 3675 436 3726 pro
467 3662 968 3728 concessojustitia:
997 3661 1182 3713 habitu
1209 3678 1223 3726 ;
1252 3662 1304 3712 bi
1333 3676 1484 3721 vero,
1519 3661 1700 3715 minus
1734 3661 1903 3714 stabi-

335 3731 432 3791 les,
469 3745 498 3781 a
525 3733 761 3797 periculo
791 3730 973 3797 lapsus
1001 3731 1102 3783 sibi
1142 3740 1411 3794 metuunt,
1454 3746 1517 3782 ac
1550 3731 1752 3785 idcirco
1783 3747 1902 3799 pre-

335 3800 490 3852 cibus
553 3801 722 3868 magis
781 3800 1060 3865 indigent,
1120 3800 1318 3868 quibus
1379 3802 1638 3853 auxilium
1706 3801 1904 3854 divium

336 3869 520 3939 gratia:
554 3869 850 3936 postulent.
905 3870 1046 3921 ldem
1094 3869 1259 3939 igitur
1303 3881 1405 3933 est,
1456 3886 1520 3922 ac
1568 3871 1612 3923 si
1654 3871 1899 3924 dixerat:

340 3957 357 3987 ι
391 3938 619 4002 Quando
649 3949 827 3992 autem
871 3939 922 3992 in
950 3938 1402 4009 istam’delapsus
1438 3940 1605 3994 fueris
1639 3941 1901 3994 conditio-

337 4024 479 4080 nem,
517 4018 575 4061 ut
621 4021 748 4066 orca
799 4012 1000 4077 potius,
1058 4026 1220 4078 quam
1273 4011 1474 4080 gratias
1530 4027 1680 4078 agas,
1723 4030 1740 4061 ι
1795 4021 1900 4064 etc.

335 4075 505 4143 Quem
530 4093 749 4132 sensum
775 4075 959 4147 aperte
990 4075 1313 4133 confirmant
1340 4075 1648 4132 immediate
1669 4095 1903 4148 sequen-

336 4158 430 4214 tia,
466 4148 606 4217 apud
632 4148 962 4202 Clementem
993 4159 1271 4218 corrupta,
1303 4166 1365 4201 ac
1399 4151 1622 4217 proinde
1670 4166 1733 4202 ex
1771 4150 1902 4217 Epi-

335 4219 537 4286 phanio
561 4219 876 4289 corrigenda
919 4221 1021 4273 hoc
1062 4225 1262 4272 tnodo:
1301 4221 1412 4271 Καὶ
1448 4222 1576 4289 στῇς
1615 4219 1674 4271 τὸ
1699 4219 1901 4289 λοιπὸν

334 4289 393 4340 οὐ
429 4288 776 4360 κατορθώσας
801 4289 862 4341 τὸ
888 4290 966 4360 μὴ
1002 4289 1285 4360 σφαλῆναι,
1320 4287 1587 4359 γάμησον.
1636 4309 1654 4339 «
1694 4287 1762 4342 Et
1791 4298 1901 4343 ste-

337 4360 488 4424 teris,
520 4376 628 4412 non
681 4371 858 4414 tamen
908 4361 1088 4428 quoad
1145 4362 1412 4429 reliquum
1450 4362 1570 4414 vit:e
1621 4370 1891 4429 tempusa

333 4431 573 4495 periculo
621 4431 804 4499 lapsus
857 4427 1114 4484 immunis
1146 4427 1401 4492 sis,7duc
1435 4447 1676 4484 uxorem.
1719 4427 1748 4480 ί
1777 4427 1895 4494 Vel,

334 4509 392 4551 ut
423 4499 674 4554 Petavius
705 4504 864 4554 vertit
905 4503 1046 4570 apud
1101 4502 1498 4570 Epiphanium:
1538 4519 1558 4551 ι
1603 4499 1788 4567 Neque
1845 4501 1895 4553 id

334 4578 511 4622 tamen
536 4571 868 4640 obtinueris,
903 4584 961 4625 ut
990 4572 1096 4627 labi
1135 4588 1362 4640 prorsus
1395 4588 1458 4624 ac
1487 4572 1722 4623 titubare
1746 4570 1894 4623 desi-

333 4653 450 4712 nas,
485 4638 552 4691 ad
587 4642 802 4707 nuptias
829 4638 1150 4712 confugitof
1183 4662 1204 4692 ι
1235 4642 1392 4707 Quo-tl
1434 4642 1728 4712 consilium
1762 4655 1893 4712 sane

329 4709 536 4780 bonum
563 4720 668 4773 est,
724 4712 901 4765 simile
951 4709 1027 4765 illi
1079 4716 1398 4780 apoﬂobeo,
1434 4709 1452 4762 ι
1495 4711 1621 4762 Cor.
1669 4725 1768 4771 vn,
1817 4710 1888 4763 9:

334 4797 354 4829 ι
390 4778 544 4843 Quod
594 4781 638 4831 si
691 4795 795 4832 non
823 4797 882 4834 se
915 4778 1214 4845 continent,
1269 4783 1513 4843 nubant;
1571 4780 1764 4832 melius
1809 4791 1894 4834 est

329 4853 476 4902 ent-tn
505 4848 723 4920 nubere,
758 4865 922 4917 quam
951 4854 1054 4904 uri.
1093 4873 1112 4903 ›
1147 4853 1328 4920 Pergit
1363 4866 1487 4903 vero
1519 4849 1759 4903 Isidorus
1787 4850 1888 4903 do-

330 4936 482 4983 cens,
511 4919 637 4987 quid
655 4921 725 4993 sit
751 4921 1080 4993 laciendum,
1100 4923 1190 4976 ubi
1223 4919 1420 4993 aliquis
1447 4935 1668 4993 uxorem
1693 4920 1891 4993 ducere

331 4999 582 5058 nequeat,
611 4989 693 5040 vel
717 4991 862 5056 quod
889 4991 1066 5044 adhuc
1091 4996 1162 5044 sit
1182 4989 1639 5060 nimiirmjuvenis
1658 4989 1739 5041 vel
1766 5005 1891 5058 pau-

330 5077 446 5129 per,
477 5061 556 5113 vel
589 5060 907 5134 itajmpspr'];
943 5061 1059 5134 sive
1086 5065 1399 5134 καταφερής
1439 5069 1693 5130 (utroque
1743 5061 1886 5134 (χι-εἰμι

332 5128 494 5184 modo
521 5131 796 5202 scribitur)
826 5132 877 5202 id
907 5138 1009 5202 est,
1037 5128 1328 5202 ἀσθενήζ,ἰ
1355 5128 1624 5190 inlirmus,
1650 5148 1666 5178 ι
1688 5138 1745 5181 ut
1763 5128 1891 5202 Epif

331 5202 565 5268 phanius
597 5198 973 5272 explicationis
999 5201 1171 5266 gratia
1199 5198 1368 5267 addit,
1406 5214 1740 5272 quanquam:
1761 5200 1886 5272 alibi

338 5289 354 5318 ι
379 5287 607 5338 pronum
639 5272 704 5324 ad
734 5268 1007 5340 Venerem
1033 5287 1054 5320 ι
1088 5272 1355 5339 signiticet
1386 5268 1468 5326 :si
1504 5272 1666 5340 igitur
1691 5269 1763 5340 ob
1791 5270 1889 5340 has

329 5337 768 5395 circumstantias
794 5338 1106 5407 conjugium
1145 5337 1283 5396 inire
1329 5343 1463 5397 nolit
1504 5337 1640 5396 κάτὰ
1688 5338 1777 5390 τὸν
1806 5337 1890 5390 λό-

329 5425 444 5474 γον,
482 5414 532 5465 id
567 5423 649 5466 est
676 5453 690 5477 ,
746 5428 764 5460 ι
801 5422 859 5463 ut
891 5410 1112 5461 verbum
1159 5407 1257 5463 Dei
1289 5414 1517 5476 suadet,
1554 5429 1572 5462 ι
1608 5408 1690 5462 vel
1724 5410 1888 5461 etiam

336 5497 357 5551 ι
397 5493 454 5533 ut
488 5484 624 5536 ratio
656 5480 842 5551 exigit,
884 5497 902 5529 ι
927 5493 1005 5551 ne
1035 5478 1240 5532 scilicet
1276 5482 1328 5534 in
1358 5485 1461 5537 isto
1493 5489 1634 5537 statu
1664 5493 1886 5533 uxorem

329 5550 512 5614 ducat,
546 5564 682 5616 tum,
717 5549 891 5621 inquit
924 5549 1181 5610 Isidorus,
1217 5566 1236 5598 ι
1277 5551 1380 5605 iste
1409 5555 1575 5606 homo
1607 5559 1888 5621 prepterca

329 5634 360 5671 a
388 5635 418 5670 c
443 5636 655 5675 .nventu
680 5617 910 5676 fratrum
943 5635 1008 5672 ne
1036 5628 1369 5687 segregetur.
1409 5622 1561 5676 Dicat
1590 5617 1751 5675 vero:
1806 5617 1890 5669 ln-

328 5705 550 5760 gressus
585 5693 636 5745 iu
660 5702 869 5756 saneta,
893 5690 968 5746 nil
998 5690 1210 5760 patiar;
1247 5690 1336 5742 rid
1369 5701 1472 5753 est,
1504 5698 1546 5746 si
1581 5690 1886 5760 ecclesiam,

331 5759 420 5811 ubi
455 5759 649 5817 fratres
675 5765 740 5818 ad
775 5779 926 5818 sacra
968 5759 1318 5824 cenveniunt,
1349 5760 1786 5829 frequentavero,
1817 5759 1888 5811 nil

330 5831 507 5898 patiar
565 5834 710 5886 mali.
751 5853 768 5884 t
810 5833 867 5888 Si
892 5849 1020 5888 vero
1077 5830 1275 5883 habeat
1321 5835 1731 5898 suspicionem,
1771 5849 1788 5881 ι
1825 5831 1890 5883 de

331 5901 511 5972 seipse
546 5903 770 5972 scilicet,
823 5921 889 5957 ne
921 5905 975 5956 iu
1006 5909 1282 5972 peccatum
1345 5901 1586 5964 incidat;
1637 5921 1655 5952 ι
1703 5903 1886 5953 dicat:

333 5971 542 6036 Frater,
575 5970 790 6040 impone
836 5975 967 6030 mihi
1006 5970 1270 6039 inanum,
1318 5979 1376 6024 ut
1428 5985 1534 6024 non
1569 5987 1816 6039 peccem;
1866 5989 1882 6019 ι

2008 2196 2166 2256 lium,
2202 2193 2317 2247 sive
2365 2193 2547 2264 potius
2583 2195 2975 2264 sacerdotem,
3025 2193 3111 2249 eui
3151 2193 3367 2264 proprie
3412 2200 3589 2253 oratio

2010 2280 2136 2319 cum
2168 2278 2364 2316 manus
2399 2262 2747 2330 impositirme
2768 2265 3045 2330 competit.
3080 2262 3287 2319 Caetera
3322 2276 3451 2320 sunt
3496 2267 3585 2323 fa-

2011 2334 2212 2388 cillima
2249 2332 2564 2387 intellectu:
2607 2332 2748 2402 unde
2792 2333 2856 2402 ad
2893 2333 2994 2386 alia
3043 2349 3206 2402 pergo
3231 2375 3245 2397 ,
3278 2338 3368 2390 ubi
3410 2339 3588 2391 tribus

2012 2405 2193 2457 verbis
2225 2417 2511 2466 monuero,
2545 2401 2723 2470 quoad
2753 2401 2938 2456 ultima
2971 2401 3162 2458 lsidori
3187 2407 3353 2460 verba
3385 2408 3582 2460 editio.

2013 2489 2136 2526 nem
2177 2472 2462 2544 Epiphanii
2493 2472 2892 2544 dexfClemente
2945 2474 3348 2544 corrigendam.
3399 2485 3452 2530 et
3484 2493 3584 2544 pro

2011 2541 2240 2612 φυσικὸν
2268 2541 2324 2593 δὲ
2357 2542 2417 2594 τὸ
2448 2542 2556 2594 τῶν
2582 2541 2925 2612 ἀφροδισίων.
2959 2541 3291 2611 Ἀναῆοκαίως
3309 2545 3364 2599 δὲ
3384 2541 3586 2612 ταύῖτας

2011 2611 2326 2682 παρεθέμην
2352 2612 2449 2673 τὰς
2465 2611 2678 2682 φωνὰς,
2704 2621 2832 2682 etc.,
2870 2613 3151 2680 legendum
3187 2631 3327 2679 esse,
3359 2611 3585 2682 φυσικὸν

2010 2681 2067 2733 δὲ
2093 2681 2152 2733 τὸ
2183 2681 2288 2733 τῶν
2315 2681 2659 2750 ἀφροδισίων,
2675 2681 2793 2750 κούκ
2815 2682 3109 2750 ἀναγκαῖον
3133 2684 3209 2736 δέ.
3229 2681 3442 2748 Ταύτας
3478 2704 3583 2739 πα·-

2012 2698 2067 2733 οε
2093 2698 2152 2733 το
2183 2698 2288 2733 των
2315 2698 2389 2748 αφ
2428 2698 2659 2739 οοισιων,
2694 2698 2793 2733 ουκ
2815 2698 3109 2750 αναγκαῖον
3133 2698 3209 2736 σε.
3229 2698 3442 2748 ἰἀῡτας
3478 2704 3583 2739 πα-

2012 2751 2249 2822 ρεθέμην
2273 2698 2474 2818 φωνὲς,
2505 2759 2609 2806 etc.
2645 2749 2777 2804 Nam
2806 2752 2879 2804 ita
2908 2754 3051 2822 apud
3079 2753 3414 2810 Clementem
3440 2768 3586 2812 recte

2012 2821 2143 2875 Sunt
2177 2821 2453 2874 distincta.
2498 2838 2515 2870 ι

2086 2890 2196 2965 (52)
2214 2889 2690 2965 Εῠσυνειὸήτῳς.
2713 2890 2963 2965 Nonnulli
2989 2892 3130 2947 hanc
3152 2910 3336 2949 vocem
3358 2896 3424 2949 ad
3444 2911 3582 2965 pra}-

2015 2960 2213 3014 ccden's
2234 2960 2718 3031 ἀποσπερματζσας
2755 2961 3015 3015 referunt.

2086 3033 2196 3104 (55)
2227 3029 2567 3104 Προσεύχῃ.
2593 3029 2954 3104 Seribendum
2986 3032 3576 3104 προσεύχουήηψοιόῑ.

2013 3103 2196 3159 modo,
2226 3101 2368 3168 quod
2396 3101 2556 3153 habet
2592 3098 2861 3168 Epiphan.

2085 3171 2195 3240 (5i)
2239 3170 2551 3238 Ὑποπέσῃ.
2609 3170 2923 3234 Ὑποπέσοι,
2955 3170 3222 3240 Epiplian.

2083 3262 2194 3329 (55)
2237 3261 2372 3325 Τήν.
2414 3261 2583 3314 Abest
2613 3259 2681 3313 ab
2710 3260 3002 3329 Epiplian.,
3038 3262 3128 3316 ubi
3168 3279 3292 3317 mox
3313 3304 3328 3328 ,
3360 3266 3578 3322 inverso

2013 3334 2225 3393 ordine,
2256 3333 2348 3384 καὶ
2373 3330 2638 3400 αἰσθητὴν
2664 3331 2756 3383 καὶ
2786 3334 3000 3403 νοητήν.

2225 3423 2563 3499 esi-nmina,
2598 3422 2971 3499 “Epiphanius,
3027 3426 3184 3494 μόνον
3242 3428 3574 3499 ἁπαρτῆσαι.

2013 3516 2031 3547 ι
2078 3496 2220 3548 Velit
2260 3495 2447 3566 solum
2488 3495 2753 3566 perlicere
2786 3494 3028 3566 bonum,
3065 3503 3119 3548 et
3167 3494 3510 3566 assetiu'etut-.
3551 3519 3570 3552 ι

2005 3567 2210 3622 Ibidem
2259 3565 2456 3632 legitur
2488 3563 2805 3634 As’yopeveb
2841 3563 3085 3634 θέλομεν,
3115 3563 3323 3620 rectius
3347 3568 3454 3629 hic,
3487 3569 3570 3622 λέ-

2005 3651 2204 3706 γομεν·
2230 3634 2465 3706 corrige
2500 3634 2680 3706 itaque
2731 3632 2784 3684 in
2822 3632 3159 3706 interprete:
3211 3655 3228 3685 ι
3266 3637 3574 3701 Aliquando

2005 3703 2098 3760 ore
2149 3704 2367 3772 quidem
2416 3703 2690 3764 dicimus,
2746 3704 2998 3756 nolumus
3021 3720 3266 3771 peccare.
3309 3728 3326 3756 ι
3373 3708 3574 3763 Deinde

2007 3777 2205 3829 ibidem
2251 3773 2465 3840 corrige
2504 3789 2568 3825 ex
2621 3772 2934 3826 Clemente:
2985 3775 3217 3826 Φυσικὸν
3271 3775 3327 3829 δὲ
3366 3777 3426 3829 τὸ
3468 3778 3573 3832 τῶν

2007 3845 2362 3919 ἀφροδισζων,
2390 3844 2490 3919 ob):
2537 3843 2829 3910 ἀναγκαῖον
2865 3843 2941 3895 δέ.
2985 3842 3210 3919 Ταύτας-
3236 3846 3573 3918 παρεθέμην,

2005 3913 2110 3970 etc'.
2152 3935 2169 3964 ι
2208 3913 2465 3966 Naturale
2492 3921 2670 3965 autem
2726 3922 2809 3966 est
2853 3917 3097 3967 venereis
3136 3913 3457 3981 rebus'tni,
3482 3913 3576 3971 ne-

2005 3986 2302 4040 cessarium
2345 4000 2474 4037 vero
2503 3984 2747 4036 minime.
2782 3982 2889 4036 llas
2915 3985 3139 4052 apposui
3173 4001 3364 4051 νυοί-ε,
3411 4007 3428 4037 ι
3465 3999 3570 4042 etc.

2004 4056 2172 4110 Paulo
2202 4063 2323 4123 post
2355 4053 2701 4128 cmendailla
2730 4052 3036 4128 Epipliarrii,
3058 4054 3273 4106 πάντων
3300 4073 3361 4123 γε
3393 4058 3572 4128 σωθη-

2006 4122 2245 4196 σομένων
2274 4123 2534 4196 φυσικῶν,
2566 4124 2646 4176 sic
2670 4132 2730 4196 ut
2763 4122 3215 4196 habetClemens,
3253 4122 3472 4196 πάντως
3509 4122 3572 4195 -ξε

2005 4193 2397 4268 σώθησομένων
2427 4193 2682 4268 emicaret
2712 4194 2828 4268 lege
2852 4194 2904 4245 in
2932 4194 3408 4268 interpretatione:
3435 4217 3451 4246 ι
3473 4193 3574 4251 Do-

2003 4263 2237 4321 cuernnt
2266 4273 2479 4332 propter
2512 4263 2920 4331 perfectionem,
2952 4278 3075 4316 cum
3110 4266 3335 4318 omnino
3378 4277 3574 4323 natura

2003 4338 2138 4390 salvi
2169 4334 2338 4389 futuri
2373 4335 2502 4393 sint,
2550 4343 2605 4385 et
2649 4332 2694 4386 si
2726 4341 2950 4400 peccent
2985 4343 3205 4401 propter
3249 4339 3572 4391 naturaliter

2003 4407 2222 4460 insitam
2253 4404 2592 4476 electionem,
2633 4417 2760 4476 cum
2781 4403 2990 4476 alioqui
3018 4419 3192 4476 neque
3221 4408 3409 4476 eadem
3437 4408 3571 4476 ipsis

2002 4477 2184 4530 facere
2216 4473 2538 4543 permittant
2563 4473 2622 4524 ὴ.
2654 4473 2709 4543 ib
2743 4488 2796 4540 p.
2833 4491 2852 4522 ι
2888 4471 3253 4527 Valentiniani
3277 4491 3336 4528 se
3373 4471 3573 4532 natura

2001 4547 2182 4600 salvos
2217 4541 2335 4596 ﬁeri
2364 4543 2638 4596 dicebant.
2669 4541 3036 4597 Tertullianus
3086 4544 3137 4594 in
3171 4544 3262 4596 Μ).
3306 4547 3571 4601 adversus

2000 4617 2245 4677 eosdem,
2273 4629 2323 4666 c.
2341 4612 2503 4686 29:}
2535 4611 2672 4678 Quae
2691 4629 2837 4686 nunc
2856 4628 3072 4686 quoque
3093 4613 3136 4686 si
3161 4613 3375 4680 plenam
3406 4626 3570 4686 atque

1929 4708 1969 4761 ο
2001 4686 2294 4755 perfectam
2325 4683 3062 4761 notitiam_apprehenderint
3109 4683 3336 4761 istarum
3367 4683 3568 4761 nmn'rav

1999 4752 2144 4817 rum,
2174 4755 2533 4807 naturilieataa
2574 4754 2690 4820 jam
2719 4752 2978 4823 spiritalis
3011 4754 3342 4808 conditionis
3371 4759 3568 4823 germi-

1996 4834 2138 4879 nata:
2179 4825 2306 4892 (vel
2347 4825 2530 4890 potius
2569 4841 2587 4872 ‹
2626 4822 2984 4890 germanitate
3011 4842 3029 4872 ι
3059 4825 3076 4889 )
3110 4833 3311 4877 certam
3355 4822 3566 4878 obtine-

1995 4895 2152 4958 bunt,
2186 4898 2299 4947 imo
2326 4895 2548 4947 omnino
2579 4892 2837 4944 debitam.
2872 4912 2889 4942 ι
2935 4893 3170 4946 Ιτθιιεειιε
3196 4893 3287 4944 li'o.
3320 4909 3358 4956 ι,
3410 4910 3460 4947 c.
3499 4897 3560 4946 l:

2001 4984 2019 5015 α
2055 4968 2401 5033 Quapropter
2425 4973 2478 5015 et
2503 4962 2660 5014 nobis
2687 4962 2908 5028 quidem
2935 4963 3296 5033 necessariam
3325 4979 3446 5018 esse
3477 4964 3564 5016 bo-

1995 5031 2620 5088 nan-conversationem
2676 5033 3046 5099 respondent;
3094 5031 3250 5084 aliter
3284 5036 3428 5086 enim
3463 5036 3564 5088 im-

1994 5106 2253 5173 possibile
2283 5121 2403 5158 csse
2451 5101 2669 5156 salvari.
2724 5101 3054 5168 Semetipsos
3103 5111 3286 5173 autem
3333 5120 3438 5156 non
3471 5119 3563 5171 per

1993 5171 2385 5242 operationem,
2405 5174 2586 5242 sedeo
2610 5173 2753 5240 quod
2778 5181 2901 5225 sunt
2925 5171 3246 5242 naturaliter
3266 5173 3558 5240 spiritales,

1993 5240 2221 5298 omnino
2247 5243 2441 5298 salvari
2477 5241 2687 5295 dicunt.
2708 5240 3173 5307 Quemadmodum
3196 5242 3338 5294 enim
3365 5258 3558 5294 aurum

1993 5315 2048 5368 in
2078 5332 2238 5370 eteno
2286 5315 2522 5384 positum
2555 5328 2670 5384 non
2701 5313 2899 5365 amittit
2945 5311 3196 5364 decorem
3233 5328 3389 5384 suum
3417 5352 3432 5376 ,
3464 5313 3558 5366 sed

1993 5401 2150 5439 suam
2181 5381 2428 5439 naturam
2460 5382 2735 5445 custodit,
2781 5395 2904 5432 cum
2940 5396 3157 5435 ccenum
3193 5381 3326 5432 nihil
3362 5397 3561 5434 nocere

1994 5469 2131 5524 auro
2161 5456 2358 5524 possit;
2393 5453 2473 5506 sic
2499 5463 2552 5506 et
2578 5450 3144 5524 semetipsosdicunt,
3181 5451 3391 5524 lie-etin
3433 5454 3560 5519 qui-

1993 5520 2314 5594 buscunque
2352 5524 2722 5577 materiahbus
2748 5521 3006 5594 operibus
3028 5524 3163 5594 sint,
3195 5520 3328 5573 nihil
3363 5530 3562 5594 semet-

1993 5594 2142 5660 ipsos
2193 5590 2374 5648 noeeri
2402 5633 2417 5657 ,
2473 5609 2650 5661 neque
2679 5593 2929 5644 amittere
2959 5590 3254 5659 spiritalem
3308 5592 3560 5646 substan-

1996 5667 2146 5719 tiam.
2185 5685 2204 5717 ›
2247 5664 2378 5717 Vide
2403 5663 2497 5716 lib.
2539 5662 2746 5728 ιι,59ι),
2782 5661 2872 5712 20.
2915 5661 3182 5715 COLLECT.

2067 5758 2180 5826 (57)
2220 5755 2513 5823 Ἀπαρτῆο
2527 5773 2607 5812 at.
2636 5754 2901 5826 llervetus
2925 5755 3050 5826 legit
3078 5753 3398 5820 ἀπαιτῆσαι,
3426 5769 3445 5801 ί
3473 5765 3557 5819 po-

1993 5833 2130 5881 tere.
2175 5847 2192 5877 »
2234 5829 2335 5881 Sed
2359 5828 2541 5880 verior
2573 5829 2730 5880 lectio
2760 5825 2996 5887 videtur,
3033 5825 3348 5892 ἁπαρτῖσαι,
3387 5839 3405 5872 t
3438 5837 3548 5892 per-

1993 5895 2178 5959 licere,
2213 5897 2492 5952 absolvere
2523 5916 2533 5948 :
2584 5917 2600 5946 ο
2635 5910 2796 5962 quam
2832 5898 3032 5964 prtebet
3064 5891 3419 5962 Epiphanius.
3461 5891 3571 5946 Ea»

1992 5971 2113 6022 dem
2147 5967 2441 6040 Sglburgio
2467 5968 2686 6037 placuit.
