  <div class='ocr_page' id='page_1' title='image "/cluster/home/n/w/nwhite01/storage/ocr_20150623/8/nnc1.0065752333/573.png"; bbox 0 0 4484 6586; ppageno 0'>
   <div class='ocr_carea' id='block_1_1' title="bbox 865 410 1007 468">
    <p class='ocr_par' dir='ltr' id='par_1_1' title="bbox 865 410 1007 468">
     <span class='ocr_line' id='line_1_1' title="bbox 865 410 1007 468; baseline 0.007 -1"><span class='ocrx_word' id='word_1_1' title='bbox 865 410 1007 468; x_wconf 77' lang='lat' dir='ltr'><strong>H07</strong></span> 
     </span>
    </p>
   </div>
   <div class='ocr_carea' id='block_1_2' title="bbox 2041 424 2952 487">
    <p class='ocr_par' dir='ltr' id='par_1_2' title="bbox 2041 424 2952 487">
     <span class='ocr_line' id='line_1_2' title="bbox 2041 424 2952 487; baseline 0.005 -8"><span class='ocrx_word' id='word_1_2' title='bbox 2041 424 2429 482; x_wconf 65' lang='grc' dir='ltr'>οιΕωεαΤιε</span> <span class='ocrx_word' id='word_1_3' title='bbox 2476 427 2952 487; x_wconf 72' lang='lat' dir='ltr'><strong>ALEXANDRINI</strong></span> 
     </span>
    </p>
   </div>
   <div class='ocr_carea' id='block_1_3' title="bbox 3978 437 4120 497">
    <p class='ocr_par' dir='ltr' id='par_1_3' title="bbox 3978 437 4120 497">
     <span class='ocr_line' id='line_1_3' title="bbox 3978 437 4120 497; baseline 0.035 -5"><span class='ocrx_word' id='word_1_4' title='bbox 3978 437 4120 497; x_wconf 79' lang='lat' dir='ltr'><strong>H08</strong></span> 
     </span>
    </p>
   </div>
   <div class='ocr_carea' id='block_1_4' title="bbox 861 529 2632 629">
    <p class='ocr_par' dir='ltr' id='par_1_4' title="bbox 861 529 2632 620">
     <span class='ocr_line' id='line_1_4' title="bbox 861 529 2632 620; baseline 0.014 -34"><span class='ocrx_word' id='word_1_5' title='bbox 861 544 978 586; x_wconf 78' lang='lat' dir='ltr'><strong>rem</strong></span> <span class='ocrx_word' id='word_1_6' title='bbox 1008 529 1096 585; x_wconf 91' lang='lat' dir='ltr'><strong>vel</strong></span> <span class='ocrx_word' id='word_1_7' title='bbox 1126 532 1311 604; x_wconf 78' lang='lat' dir='ltr'><strong>populi</strong></span> <span class='ocrx_word' id='word_1_8' title='bbox 1336 533 1656 607; x_wconf 87' lang='lat' dir='ltr'><strong>principem,</strong></span> <span class='ocrx_word' id='word_1_9' title='bbox 1713 537 2029 609; x_wconf 88' lang='lat' dir='ltr'><strong>insipientes</strong></span> <span class='ocrx_word' id='word_1_10' title='bbox 2054 553 2110 599; x_wconf 89' lang='lat' dir='ltr'><strong>et</strong></span> <span class='ocrx_word' id='word_1_11' title='bbox 2138 547 2429 617; x_wconf 87' lang='lat' dir='ltr'><strong>sapientes,</strong></span> <span class='ocrx_word' id='word_1_12' title='bbox 2459 550 2508 608; x_wconf 82' lang='grc' dir='ltr'><strong>Α</strong></span> <span class='ocrx_word' id='word_1_13' title='bbox 2537 566 2632 620; x_wconf 79' lang='grc' dir='ltr'>φρε</span> 
     </span>
    </p>
   </div>
   <div class='ocr_carea' id='block_1_5' title="bbox 2344 529 4115 629">
    <p class='ocr_par' dir='ltr' id='par_1_5' title="bbox 2344 548 4115 629">
     <span class='ocr_line' id='line_1_5' title="bbox 2344 548 4115 629; baseline 0.005 -29"><span class='ocrx_word' id='word_1_14' title='bbox 2344 563 2429 609; x_wconf 92' lang='lat' dir='ltr'><strong>.es,</strong></span> <span class='ocrx_word' id='word_1_15' title='bbox 2459 550 2508 608; x_wconf 82' lang='grc' dir='ltr'><strong>Α</strong></span> <span class='ocrx_word' id='word_1_16' title='bbox 2537 550 2864 620; x_wconf 79' lang='grc' dir='ltr'>φρονοῦντας</span> <span class='ocrx_word' id='word_1_17' title='bbox 2883 591 2898 614; x_wconf 91' lang='grc'><strong>,</strong></span> <span class='ocrx_word' id='word_1_18' title='bbox 2946 548 3181 620; x_wconf 83' lang='grc' dir='ltr'><strong>θηλείας,</strong></span> <span class='ocrx_word' id='word_1_19' title='bbox 3220 549 3474 621; x_wconf 76' lang='grc' dir='ltr'>ἄρσενας,</span> <span class='ocrx_word' id='word_1_20' title='bbox 3509 555 3846 629; x_wconf 79' lang='grc' dir='ltr'>ἐλευθέρους,</span> <span class='ocrx_word' id='word_1_21' title='bbox 3875 551 4115 620; x_wconf 70' lang='grc' dir='ltr'>δούλους,</span> 
     </span>
    </p>
   </div>
   <div class='ocr_carea' id='block_1_6' title="bbox 860 620 2441 708">
    <p class='ocr_par' dir='ltr' id='par_1_6' title="bbox 860 620 2441 708">
     <span class='ocr_line' id='line_1_6' title="bbox 860 620 2441 708; baseline 0.012 -33"><span class='ocrx_word' id='word_1_22' title='bbox 860 620 1096 679; x_wconf 82' lang='lat' dir='ltr'><strong>feminas</strong></span> <span class='ocrx_word' id='word_1_23' title='bbox 1138 635 1194 680; x_wconf 93' lang='lat' dir='ltr'><strong>et</strong></span> <span class='ocrx_word' id='word_1_24' title='bbox 1231 627 1527 694; x_wconf 85' lang='lat' dir='ltr'><strong>masculos,</strong></span> <span class='ocrx_word' id='word_1_25' title='bbox 1585 628 1806 697; x_wconf 91' lang='lat' dir='ltr'><strong>liberos,</strong></span> <span class='ocrx_word' id='word_1_26' title='bbox 1868 648 2075 688; x_wconf 90' lang='lat' dir='ltr'><strong>servos.</strong></span> <span class='ocrx_word' id='word_1_27' title='bbox 2119 635 2224 693; x_wconf 86' lang='lat' dir='ltr'><strong>Sed</strong></span> <span class='ocrx_word' id='word_1_28' title='bbox 2266 654 2441 708; x_wconf 86' lang='lat' dir='ltr'><strong>neque</strong></span> 
     </span>
    </p>
   </div>
   <div class='ocr_carea' id='block_1_7' title="bbox 859 713 2436 784">
    <p class='ocr_par' dir='ltr' id='par_1_7' title="bbox 859 713 2436 784">
     <span class='ocr_line' id='line_1_7' title="bbox 859 713 2436 784; baseline 0.011 -17"><span class='ocrx_word' id='word_1_29' title='bbox 859 728 1022 768; x_wconf 85' lang='lat' dir='ltr'><strong>secus</strong></span> <span class='ocrx_word' id='word_1_30' title='bbox 1054 713 1184 770; x_wconf 88' lang='lat' dir='ltr'><strong>facit</strong></span> <span class='ocrx_word' id='word_1_31' title='bbox 1212 714 1266 769; x_wconf 93' lang='lat' dir='ltr'><strong>in</strong></span> <span class='ocrx_word' id='word_1_32' title='bbox 1294 716 1491 773; x_wconf 89' lang='lat' dir='ltr'><strong>brutis.</strong></span> <span class='ocrx_word' id='word_1_33' title='bbox 1528 718 1664 773; x_wconf 90' lang='lat' dir='ltr'><strong>Cum</strong></span> <span class='ocrx_word' id='word_1_34' title='bbox 1686 730 1867 777; x_wconf 89' lang='lat' dir='ltr'><strong>autem</strong></span> <span class='ocrx_word' id='word_1_35' title='bbox 1894 724 2149 781; x_wconf 91' lang='lat' dir='ltr'><strong>omnibus</strong></span> <span class='ocrx_word' id='word_1_36' title='bbox 2185 730 2436 784; x_wconf 90' lang='lat' dir='ltr'><strong>animan-</strong></span> 
     </span>
    </p>
   </div>
   <div class='ocr_carea' id='block_1_8' title="bbox 858 805 2439 882">
    <p class='ocr_par' dir='ltr' id='par_1_8' title="bbox 858 805 2439 882">
     <span class='ocr_line' id='line_1_8' title="bbox 858 805 2439 882; baseline 0.012 -24"><span class='ocrx_word' id='word_1_37' title='bbox 858 805 1006 859; x_wconf 84' lang='lat' dir='ltr'><strong>tibus</strong></span> <span class='ocrx_word' id='word_1_38' title='bbox 1047 820 1202 874; x_wconf 71' lang='lat' dir='ltr'><strong>aeque</strong></span> <span class='ocrx_word' id='word_1_39' title='bbox 1244 807 1425 876; x_wconf 90' lang='lat' dir='ltr'><strong>ipsum</strong></span> <span class='ocrx_word' id='word_1_40' title='bbox 1469 825 1818 868; x_wconf 87' lang='lat' dir='ltr'><strong>communem</strong></span> <span class='ocrx_word' id='word_1_41' title='bbox 1864 815 2133 882; x_wconf 85' lang='lat' dir='ltr'><strong>effuderit,</strong></span> <span class='ocrx_word' id='word_1_42' title='bbox 2176 818 2337 876; x_wconf 88' lang='lat' dir='ltr'><strong>bonis</strong></span> <span class='ocrx_word' id='word_1_43' title='bbox 2383 831 2439 877; x_wconf 94' lang='lat' dir='ltr'><strong>et</strong></span> 
     </span>
    </p>
   </div>
   <div class='ocr_carea' id='block_1_9' title="bbox 858 896 2439 982">
    <p class='ocr_par' dir='ltr' id='par_1_9' title="bbox 858 896 2439 982">
     <span class='ocr_line' id='line_1_9' title="bbox 858 896 2439 982; baseline 0.012 -34"><span class='ocrx_word' id='word_1_44' title='bbox 858 896 1020 951; x_wconf 87' lang='lat' dir='ltr'><strong>malis</strong></span> <span class='ocrx_word' id='word_1_45' title='bbox 1057 897 1328 966; x_wconf 87' lang='lat' dir='ltr'><strong>justitiam</strong></span> <span class='ocrx_word' id='word_1_46' title='bbox 1378 916 1530 956; x_wconf 90' lang='lat' dir='ltr'><strong>suam</strong></span> <span class='ocrx_word' id='word_1_47' title='bbox 1575 906 1884 971; x_wconf 81' lang='lat' dir='ltr'><strong>confirmat,</strong></span> <span class='ocrx_word' id='word_1_48' title='bbox 1930 923 2055 962; x_wconf 91' lang='lat' dir='ltr'><strong>cum</strong></span> <span class='ocrx_word' id='word_1_49' title='bbox 2081 924 2243 964; x_wconf 90' lang='lat' dir='ltr'><strong>nemo</strong></span> <span class='ocrx_word' id='word_1_50' title='bbox 2266 915 2439 982; x_wconf 88' lang='lat' dir='ltr'><strong>possit</strong></span> 
     </span>
    </p>
   </div>
   <div class='ocr_carea' id='block_1_10' title="bbox 856 988 2434 1070">
    <p class='ocr_par' dir='ltr' id='par_1_10' title="bbox 856 988 2434 1070">
     <span class='ocr_line' id='line_1_10' title="bbox 856 988 2434 1070; baseline 0.013 -31"><span class='ocrx_word' id='word_1_51' title='bbox 856 988 980 1054; x_wconf 87' lang='lat' dir='ltr'><strong>plus</strong></span> <span class='ocrx_word' id='word_1_52' title='bbox 1008 988 1231 1052; x_wconf 60' lang='lat' dir='ltr'><strong>habere,</strong></span> <span class='ocrx_word' id='word_1_53' title='bbox 1283 1006 1456 1059; x_wconf 90' lang='lat' dir='ltr'><strong>neque</strong></span> <span class='ocrx_word' id='word_1_54' title='bbox 1494 992 1714 1050; x_wconf 84' lang='lat' dir='ltr'><strong>auferre</strong></span> <span class='ocrx_word' id='word_1_55' title='bbox 1755 1012 1787 1050; x_wconf 90' lang='lat' dir='ltr'><strong>a</strong></span> <span class='ocrx_word' id='word_1_56' title='bbox 1819 999 2086 1065; x_wconf 83' lang='lat' dir='ltr'><strong>proximo,</strong></span> <span class='ocrx_word' id='word_1_57' title='bbox 2136 1010 2197 1055; x_wconf 91' lang='lat' dir='ltr'><strong>ut</strong></span> <span class='ocrx_word' id='word_1_58' title='bbox 2227 1003 2341 1070; x_wconf 88' lang='lat' dir='ltr'><strong>ipse</strong></span> <span class='ocrx_word' id='word_1_59' title='bbox 2367 1008 2434 1060; x_wconf 81' lang='lat' dir='ltr'><strong>il—</strong></span> 
     </span>
    </p>
   </div>
   <div class='ocr_carea' id='block_1_11' title="bbox 856 1076 2434 1153">
    <p class='ocr_par' dir='ltr' id='par_1_11' title="bbox 856 1076 2434 1153">
     <span class='ocr_line' id='line_1_11' title="bbox 856 1076 2434 1153; baseline 0.01 -18"><span class='ocrx_word' id='word_1_60' title='bbox 856 1076 964 1135; x_wconf 86' lang='lat' dir='ltr'><strong>lius</strong></span> <span class='ocrx_word' id='word_1_61' title='bbox 1011 1078 1191 1133; x_wconf 85' lang='lat' dir='ltr'><strong>lucem</strong></span> <span class='ocrx_word' id='word_1_62' title='bbox 1238 1080 1436 1136; x_wconf 86' lang='lat' dir='ltr'><strong>habeat</strong></span> <span class='ocrx_word' id='word_1_63' title='bbox 1486 1082 1838 1153; x_wconf 89' lang='lat' dir='ltr'><strong>duplicatam.</strong></span> <span class='ocrx_word' id='word_1_64' title='bbox 1883 1086 1979 1142; x_wconf 88' lang='lat' dir='ltr'><strong>Sol</strong></span> <span class='ocrx_word' id='word_1_65' title='bbox 2015 1089 2144 1146; x_wconf 84' lang='lat' dir='ltr'><strong>facit</strong></span> <span class='ocrx_word' id='word_1_66' title='bbox 2177 1096 2434 1152; x_wconf 90' lang='lat' dir='ltr'><strong>omnibus</strong></span> 
     </span>
    </p>
   </div>
   <div class='ocr_carea' id='block_1_12' title="bbox 855 1170 2435 1249">
    <p class='ocr_par' dir='ltr' id='par_1_12' title="bbox 855 1170 2435 1249">
     <span class='ocr_line' id='line_1_12' title="bbox 855 1170 2435 1249; baseline 0.014 -28"><span class='ocrx_word' id='word_1_67' title='bbox 855 1170 1225 1229; x_wconf 84' lang='lat' dir='ltr'><strong>animantibus</strong></span> <span class='ocrx_word' id='word_1_68' title='bbox 1272 1176 1582 1229; x_wconf 89' lang='lat' dir='ltr'><strong>communia</strong></span> <span class='ocrx_word' id='word_1_69' title='bbox 1631 1178 1837 1233; x_wconf 79' lang='lat' dir='ltr'><strong>exoriri</strong></span> <span class='ocrx_word' id='word_1_70' title='bbox 1883 1183 2237 1249; x_wconf 87' lang='lat' dir='ltr'><strong>nutrimenta,</strong></span> <span class='ocrx_word' id='word_1_71' title='bbox 2284 1202 2435 1242; x_wconf 89' lang='lat' dir='ltr'><strong>com-</strong></span> 
     </span>
    </p>
   </div>
   <div class='ocr_carea' id='block_1_13' title="bbox 854 1256 2428 1341">
    <p class='ocr_par' dir='ltr' id='par_1_13' title="bbox 854 1256 2428 1341">
     <span class='ocr_line' id='line_1_13' title="bbox 854 1256 2428 1341; baseline 0.016 -35"><span class='ocrx_word' id='word_1_72' title='bbox 854 1257 1006 1313; x_wconf 87' lang='lat' dir='ltr'><strong>muni</strong></span> <span class='ocrx_word' id='word_1_73' title='bbox 1050 1256 1262 1325; x_wconf 89' lang='lat' dir='ltr'><strong>justitia</strong></span> <span class='ocrx_word' id='word_1_74' title='bbox 1286 1274 1353 1313; x_wconf 82' lang='lat' dir='ltr'><strong>ex</strong></span> <span class='ocrx_word' id='word_1_75' title='bbox 1403 1277 1562 1331; x_wconf 69' lang='lat' dir='ltr'><strong>aequo</strong></span> <span class='ocrx_word' id='word_1_76' title='bbox 1607 1264 1733 1322; x_wconf 87' lang='lat' dir='ltr'><strong>data</strong></span> <span class='ocrx_word' id='word_1_77' title='bbox 1787 1270 2089 1326; x_wconf 88' lang='lat' dir='ltr'><strong>omnibus:</strong></span> <span class='ocrx_word' id='word_1_78' title='bbox 2129 1282 2183 1327; x_wconf 86' lang='lat' dir='ltr'><strong>et</strong></span> <span class='ocrx_word' id='word_1_79' title='bbox 2224 1275 2295 1329; x_wconf 89' lang='lat' dir='ltr'><strong>ad</strong></span> <span class='ocrx_word' id='word_1_80' title='bbox 2341 1293 2428 1341; x_wconf 86' lang='lat' dir='ltr'><strong>ea,</strong></span> 
     </span>
    </p>
   </div>
   <div class='ocr_carea' id='block_1_14' title="bbox 852 1349 2431 1435">
    <p class='ocr_par' dir='ltr' id='par_1_14' title="bbox 852 1349 2431 1435">
     <span class='ocr_line' id='line_1_14' title="bbox 852 1349 2431 1435; baseline 0.016 -37"><span class='ocrx_word' id='word_1_81' title='bbox 852 1361 975 1415; x_wconf 74' lang='lat' dir='ltr'><strong>qua:</strong></span> <span class='ocrx_word' id='word_1_82' title='bbox 1042 1356 1170 1402; x_wconf 90' lang='lat' dir='ltr'><strong>sunt</strong></span> <span class='ocrx_word' id='word_1_83' title='bbox 1229 1349 1586 1421; x_wconf 79' lang='lat' dir='ltr'><strong>liujusmodi,</strong></span> <span class='ocrx_word' id='word_1_84' title='bbox 1633 1359 1883 1414; x_wconf 88' lang='lat' dir='ltr'><strong>similiter</strong></span> <span class='ocrx_word' id='word_1_85' title='bbox 1928 1378 1989 1417; x_wconf 90' lang='lat' dir='ltr'><strong>se</strong></span> <span class='ocrx_word' id='word_1_86' title='bbox 2034 1364 2197 1418; x_wconf 82' lang='lat' dir='ltr'><strong>habet</strong></span> <span class='ocrx_word' id='word_1_87' title='bbox 2257 1382 2431 1435; x_wconf 86' lang='lat' dir='ltr'><strong>genus</strong></span> 
     </span>
    </p>
   </div>
   <div class='ocr_carea' id='block_1_15' title="bbox 850 1436 2430 1523">
    <p class='ocr_par' dir='ltr' id='par_1_15' title="bbox 850 1436 2430 1523">
     <span class='ocr_line' id='line_1_15' title="bbox 850 1436 2430 1523; baseline 0.016 -33"><span class='ocrx_word' id='word_1_88' title='bbox 850 1436 1038 1502; x_wconf 86' lang='lat' dir='ltr'><strong>boum,</strong></span> <span class='ocrx_word' id='word_1_89' title='bbox 1093 1451 1151 1495; x_wconf 92' lang='lat' dir='ltr'><strong>ut</strong></span> <span class='ocrx_word' id='word_1_90' title='bbox 1184 1441 1387 1511; x_wconf 86' lang='lat' dir='ltr'><strong>boves;</strong></span> <span class='ocrx_word' id='word_1_91' title='bbox 1433 1453 1487 1500; x_wconf 91' lang='lat' dir='ltr'><strong>et</strong></span> <span class='ocrx_word' id='word_1_92' title='bbox 1513 1462 1693 1514; x_wconf 90' lang='lat' dir='ltr'><strong>suum,</strong></span> <span class='ocrx_word' id='word_1_93' title='bbox 1737 1459 1799 1506; x_wconf 90' lang='lat' dir='ltr'><strong>ut</strong></span> <span class='ocrx_word' id='word_1_94' title='bbox 1822 1467 1986 1519; x_wconf 90' lang='lat' dir='ltr'><strong>sues;</strong></span> <span class='ocrx_word' id='word_1_95' title='bbox 2035 1464 2088 1508; x_wconf 90' lang='lat' dir='ltr'><strong>et</strong></span> <span class='ocrx_word' id='word_1_96' title='bbox 2132 1456 2338 1523; x_wconf 90' lang='lat' dir='ltr'><strong>ovium,</strong></span> <span class='ocrx_word' id='word_1_97' title='bbox 2370 1469 2430 1514; x_wconf 91' lang='lat' dir='ltr'><strong>ut</strong></span> 
     </span>
    </p>
   </div>
   <div class='ocr_carea' id='block_1_16' title="bbox 849 1534 2427 1619">
    <p class='ocr_par' dir='ltr' id='par_1_16' title="bbox 849 1534 2427 1619">
     <span class='ocr_line' id='line_1_16' title="bbox 849 1534 2427 1619; baseline 0.014 -38"><span class='ocrx_word' id='word_1_98' title='bbox 849 1542 1011 1594; x_wconf 84' lang='lat' dir='ltr'><strong>oves;</strong></span> <span class='ocrx_word' id='word_1_99' title='bbox 1067 1541 1120 1586; x_wconf 91' lang='lat' dir='ltr'><strong>et</strong></span> <span class='ocrx_word' id='word_1_100' title='bbox 1145 1534 1355 1602; x_wconf 89' lang='lat' dir='ltr'><strong>reliqua</strong></span> <span class='ocrx_word' id='word_1_101' title='bbox 1396 1538 1600 1592; x_wconf 87' lang='lat' dir='ltr'><strong>omnia.</strong></span> <span class='ocrx_word' id='word_1_102' title='bbox 1638 1537 1862 1597; x_wconf 74' lang='lat' dir='ltr'><strong>Iustitia</strong></span> <span class='ocrx_word' id='word_1_103' title='bbox 1891 1544 2036 1598; x_wconf 88' lang='lat' dir='ltr'><strong>enim</strong></span> <span class='ocrx_word' id='word_1_104' title='bbox 2071 1546 2124 1598; x_wconf 93' lang='lat' dir='ltr'><strong>in</strong></span> <span class='ocrx_word' id='word_1_105' title='bbox 2160 1546 2226 1601; x_wconf 90' lang='lat' dir='ltr'><strong>iis</strong></span> <span class='ocrx_word' id='word_1_106' title='bbox 2257 1564 2427 1619; x_wconf 86' lang='lat' dir='ltr'><strong>appa-</strong></span> 
     </span>
    </p>
   </div>
   <div class='ocr_carea' id='block_1_17' title="bbox 846 1627 2423 1704">
    <p class='ocr_par' dir='ltr' id='par_1_17' title="bbox 846 1627 2423 1704">
     <span class='ocr_line' id='line_1_17' title="bbox 846 1627 2423 1704; baseline 0.014 -31"><span class='ocrx_word' id='word_1_107' title='bbox 846 1630 930 1683; x_wconf 80' lang='lat' dir='ltr'><strong>ret</strong></span> <span class='ocrx_word' id='word_1_108' title='bbox 968 1637 1091 1676; x_wconf 89' lang='lat' dir='ltr'><strong>esse</strong></span> <span class='ocrx_word' id='word_1_109' title='bbox 1137 1627 1524 1682; x_wconf 87' lang='lat' dir='ltr'><strong>communitas.</strong></span> <span class='ocrx_word' id='word_1_110' title='bbox 1577 1627 1782 1688; x_wconf 89' lang='lat' dir='ltr'><strong>Deinde</strong></span> <span class='ocrx_word' id='word_1_111' title='bbox 1832 1650 1929 1704; x_wconf 88' lang='lat' dir='ltr'><strong>per</strong></span> <span class='ocrx_word' id='word_1_112' title='bbox 1973 1639 2423 1695; x_wconf 83' lang='lat' dir='ltr'><strong>communitatem</strong></span> 
     </span>
    </p>
   </div>
   <div class='ocr_carea' id='block_1_18' title="bbox 846 1711 2421 1796">
    <p class='ocr_par' dir='ltr' id='par_1_18' title="bbox 846 1711 2421 1796">
     <span class='ocr_line' id='line_1_18' title="bbox 846 1711 2421 1796; baseline 0.012 -32"><span class='ocrx_word' id='word_1_113' title='bbox 846 1711 1032 1765; x_wconf 83' lang='lat' dir='ltr'><strong>omnia</strong></span> <span class='ocrx_word' id='word_1_114' title='bbox 1070 1712 1324 1769; x_wconf 89' lang='lat' dir='ltr'><strong>similiter</strong></span> <span class='ocrx_word' id='word_1_115' title='bbox 1353 1719 1655 1773; x_wconf 89' lang='lat' dir='ltr'><strong>secundum</strong></span> <span class='ocrx_word' id='word_1_116' title='bbox 1691 1736 1788 1775; x_wconf 89' lang='lat' dir='ltr'><strong>sua</strong></span> <span class='ocrx_word' id='word_1_117' title='bbox 1813 1738 2009 1793; x_wconf 90' lang='lat' dir='ltr'><strong>genera</strong></span> <span class='ocrx_word' id='word_1_118' title='bbox 2057 1726 2421 1796; x_wconf 84' lang='lat' dir='ltr'><strong>seminantur,</strong></span> 
     </span>
    </p>
   </div>
   <div class='ocr_carea' id='block_1_19' title="bbox 845 1808 2424 1885">
    <p class='ocr_par' dir='ltr' id='par_1_19' title="bbox 845 1808 2424 1885">
     <span class='ocr_line' id='line_1_19' title="bbox 845 1808 2424 1885; baseline 0.013 -30"><span class='ocrx_word' id='word_1_119' title='bbox 845 1810 902 1856; x_wconf 88' lang='lat' dir='ltr'><strong>et</strong></span> <span class='ocrx_word' id='word_1_120' title='bbox 926 1819 1216 1860; x_wconf 86' lang='lat' dir='ltr'><strong>commune</strong></span> <span class='ocrx_word' id='word_1_121' title='bbox 1247 1808 1636 1863; x_wconf 90' lang='lat' dir='ltr'><strong>nutrimentum</strong></span> <span class='ocrx_word' id='word_1_122' title='bbox 1679 1812 1860 1865; x_wconf 89' lang='lat' dir='ltr'><strong>editur</strong></span> <span class='ocrx_word' id='word_1_123' title='bbox 1892 1814 2042 1869; x_wconf 90' lang='lat' dir='ltr'><strong>humi</strong></span> <span class='ocrx_word' id='word_1_124' title='bbox 2073 1820 2424 1885; x_wconf 86' lang='lat' dir='ltr'><strong>pascentibus</strong></span> 
     </span>
    </p>
   </div>
   <div class='ocr_carea' id='block_1_20' title="bbox 841 1883 2496 1979">
    <p class='ocr_par' dir='ltr' id='par_1_20' title="bbox 841 1883 2496 1979">
     <span class='ocr_line' id='line_1_20' title="bbox 841 1883 2496 1979; baseline 0.011 -31"><span class='ocrx_word' id='word_1_125' title='bbox 841 1893 1107 1963; x_wconf 87' lang='lat' dir='ltr'><strong>jumentis</strong></span> <span class='ocrx_word' id='word_1_126' title='bbox 1148 1898 1425 1959; x_wconf 87' lang='lat' dir='ltr'><strong>omnibus,</strong></span> <span class='ocrx_word' id='word_1_127' title='bbox 1476 1909 1532 1953; x_wconf 90' lang='lat' dir='ltr'><strong>et</strong></span> <span class='ocrx_word' id='word_1_128' title='bbox 1558 1903 1816 1958; x_wconf 90' lang='lat' dir='ltr'><strong>omnibus</strong></span> <span class='ocrx_word' id='word_1_129' title='bbox 1843 1919 1908 1958; x_wconf 84' lang='lat' dir='ltr'><strong>ex</strong></span> <span class='ocrx_word' id='word_1_130' title='bbox 1939 1883 2133 1975; x_wconf 67' lang='lat' dir='ltr'><strong>aequo;</strong></span> <span class='ocrx_word' id='word_1_131' title='bbox 2183 1919 2245 1964; x_wconf 91' lang='lat' dir='ltr'><strong>ut</strong></span> <span class='ocrx_word' id='word_1_132' title='bbox 2272 1911 2417 1979; x_wconf 79' lang='lat' dir='ltr'><strong>quod</strong></span> <span class='ocrx_word' id='word_1_133' title='bbox 2452 1883 2496 1940; x_wconf 70' lang='grc' dir='ltr'><strong>Β</strong></span> 
     </span>
    </p>
   </div>
   <div class='ocr_carea' id='block_1_21' title="bbox 844 1984 2416 2069">
    <p class='ocr_par' dir='ltr' id='par_1_21' title="bbox 844 1984 2416 2069">
     <span class='ocr_line' id='line_1_21' title="bbox 844 1984 2416 2069; baseline 0.012 -33"><span class='ocrx_word' id='word_1_134' title='bbox 844 1984 992 2038; x_wconf 88' lang='lat' dir='ltr'><strong>nulla</strong></span> <span class='ocrx_word' id='word_1_135' title='bbox 1024 1986 1139 2055; x_wconf 85' lang='lat' dir='ltr'><strong>lege</strong></span> <span class='ocrx_word' id='word_1_136' title='bbox 1163 1988 1639 2059; x_wconf 88' lang='lat' dir='ltr'><strong>circumscriptum</strong></span> <span class='ocrx_word' id='word_1_137' title='bbox 1667 1994 1758 2059; x_wconf 81' lang='lat' dir='ltr'><strong>sit,</strong></span> <span class='ocrx_word' id='word_1_138' title='bbox 1796 1996 1889 2049; x_wconf 90' lang='lat' dir='ltr'><strong>sed</strong></span> <span class='ocrx_word' id='word_1_139' title='bbox 1915 1997 2057 2066; x_wconf 91' lang='lat' dir='ltr'><strong>ejus,</strong></span> <span class='ocrx_word' id='word_1_140' title='bbox 2113 2001 2206 2069; x_wconf 92' lang='lat' dir='ltr'><strong>qui</strong></span> <span class='ocrx_word' id='word_1_141' title='bbox 2228 2001 2416 2065; x_wconf 87' lang='lat' dir='ltr'><strong>donat,</strong></span> 
     </span>
    </p>
   </div>
   <div class='ocr_carea' id='block_1_22' title="bbox 836 2072 2419 2159">
    <p class='ocr_par' dir='ltr' id='par_1_22' title="bbox 836 2072 2419 2159">
     <span class='ocr_line' id='line_1_22' title="bbox 836 2072 2419 2159; baseline 0.013 -34"><span class='ocrx_word' id='word_1_142' title='bbox 836 2072 1083 2140; x_wconf 73' lang='lat' dir='ltr'><strong>iubentis</strong></span> <span class='ocrx_word' id='word_1_143' title='bbox 1111 2077 1572 2145; x_wconf 79' lang='lat' dir='ltr'><strong>suppeditatione,</strong></span> <span class='ocrx_word' id='word_1_144' title='bbox 1622 2085 2014 2140; x_wconf 88' lang='lat' dir='ltr'><strong>convenienter</strong></span> <span class='ocrx_word' id='word_1_145' title='bbox 2037 2089 2290 2159; x_wconf 83' lang='lat' dir='ltr'><strong>justeque</strong></span> <span class='ocrx_word' id='word_1_146' title='bbox 2322 2092 2419 2145; x_wconf 90' lang='lat' dir='ltr'><strong>ad-</strong></span> 
     </span>
    </p>
   </div>
   <div class='ocr_carea' id='block_1_23' title="bbox 840 2166 2413 2250">
    <p class='ocr_par' dir='ltr' id='par_1_23' title="bbox 840 2166 2413 2250">
     <span class='ocr_line' id='line_1_23' title="bbox 840 2166 2413 2250; baseline 0.012 -32"><span class='ocrx_word' id='word_1_147' title='bbox 840 2166 910 2218; x_wconf 91' lang='lat' dir='ltr'><strong>sit</strong></span> <span class='ocrx_word' id='word_1_148' title='bbox 932 2166 1211 2221; x_wconf 90' lang='lat' dir='ltr'><strong>omnibus.</strong></span> <span class='ocrx_word' id='word_1_149' title='bbox 1268 2168 1374 2224; x_wconf 85' lang='lat' dir='ltr'><strong>Sed</strong></span> <span class='ocrx_word' id='word_1_150' title='bbox 1406 2187 1584 2242; x_wconf 92' lang='lat' dir='ltr'><strong>neque</strong></span> <span class='ocrx_word' id='word_1_151' title='bbox 1617 2178 1955 2242; x_wconf 87' lang='lat' dir='ltr'><strong>generationi</strong></span> <span class='ocrx_word' id='word_1_152' title='bbox 1992 2181 2167 2248; x_wconf 90' lang='lat' dir='ltr'><strong>posita</strong></span> <span class='ocrx_word' id='word_1_153' title='bbox 2199 2191 2282 2237; x_wconf 93' lang='lat' dir='ltr'><strong>est</strong></span> <span class='ocrx_word' id='word_1_154' title='bbox 2305 2182 2413 2250; x_wconf 72' lang='lat' dir='ltr'><strong>lex,</strong></span> 
     </span>
    </p>
   </div>
   <div class='ocr_carea' id='block_1_24' title="bbox 838 2259 2416 2340">
    <p class='ocr_par' dir='ltr' id='par_1_24' title="bbox 838 2259 2416 2340">
     <span class='ocr_line' id='line_1_24' title="bbox 838 2259 2416 2340; baseline 0.013 -31"><span class='ocrx_word' id='word_1_155' title='bbox 838 2266 987 2310; x_wconf 91' lang='lat' dir='ltr'><strong>esset</strong></span> <span class='ocrx_word' id='word_1_156' title='bbox 1036 2259 1182 2312; x_wconf 91' lang='lat' dir='ltr'><strong>enim</strong></span> <span class='ocrx_word' id='word_1_157' title='bbox 1220 2260 1430 2329; x_wconf 83' lang='lat' dir='ltr'><strong>jamdiu</strong></span> <span class='ocrx_word' id='word_1_158' title='bbox 1472 2266 1672 2320; x_wconf 89' lang='lat' dir='ltr'><strong>abolita</strong></span> <span class='ocrx_word' id='word_1_159' title='bbox 1707 2285 1721 2321; x_wconf 87' lang='lat'><strong>:</strong></span> <span class='ocrx_word' id='word_1_160' title='bbox 1751 2283 1818 2321; x_wconf 80' lang='lat' dir='ltr'><strong>ex</strong></span> <span class='ocrx_word' id='word_1_161' title='bbox 1853 2284 2013 2340; x_wconf 69' lang='lat' dir='ltr'><strong>aequo</strong></span> <span class='ocrx_word' id='word_1_162' title='bbox 2043 2280 2223 2325; x_wconf 91' lang='lat' dir='ltr'><strong>autem</strong></span> <span class='ocrx_word' id='word_1_163' title='bbox 2252 2275 2416 2328; x_wconf 88' lang='lat' dir='ltr'><strong>semi-</strong></span> 
     </span>
    </p>
   </div>
   <div class='ocr_carea' id='block_1_25' title="bbox 840 2354 2414 2432">
    <p class='ocr_par' dir='ltr' id='par_1_25' title="bbox 840 2354 2414 2432">
     <span class='ocr_line' id='line_1_25' title="bbox 840 2354 2414 2432; baseline 0.013 -32"><span class='ocrx_word' id='word_1_164' title='bbox 840 2359 972 2402; x_wconf 89' lang='lat' dir='ltr'><strong>nant</strong></span> <span class='ocrx_word' id='word_1_165' title='bbox 1000 2358 1055 2403; x_wconf 89' lang='lat' dir='ltr'><strong>et</strong></span> <span class='ocrx_word' id='word_1_166' title='bbox 1082 2362 1361 2420; x_wconf 81' lang='lat' dir='ltr'><strong>generant,</strong></span> <span class='ocrx_word' id='word_1_167' title='bbox 1400 2354 1654 2411; x_wconf 86' lang='lat' dir='ltr'><strong>habentia</strong></span> <span class='ocrx_word' id='word_1_168' title='bbox 1694 2359 1935 2414; x_wconf 88' lang='lat' dir='ltr'><strong>innatam</strong></span> <span class='ocrx_word' id='word_1_169' title='bbox 1965 2377 1996 2416; x_wconf 93' lang='lat' dir='ltr'><strong>a</strong></span> <span class='ocrx_word' id='word_1_170' title='bbox 2019 2362 2232 2432; x_wconf 90' lang='lat' dir='ltr'><strong>justitia</strong></span> <span class='ocrx_word' id='word_1_171' title='bbox 2258 2380 2414 2420; x_wconf 91' lang='lat' dir='ltr'><strong>com-</strong></span> 
     </span>
    </p>
   </div>
   <div class='ocr_carea' id='block_1_26' title="bbox 838 2440 2412 2515">
    <p class='ocr_par' dir='ltr' id='par_1_26' title="bbox 838 2440 2412 2515">
     <span class='ocr_line' id='line_1_26' title="bbox 838 2440 2412 2515; baseline 0.015 -24"><span class='ocrx_word' id='word_1_172' title='bbox 838 2440 1147 2495; x_wconf 88' lang='lat' dir='ltr'><strong>munionem</strong></span> <span class='ocrx_word' id='word_1_173' title='bbox 1178 2461 1192 2496; x_wconf 89' lang='lat'><strong>:</strong></span> <span class='ocrx_word' id='word_1_174' title='bbox 1228 2460 1293 2498; x_wconf 84' lang='lat' dir='ltr'><strong>ex</strong></span> <span class='ocrx_word' id='word_1_175' title='bbox 1319 2460 1478 2515; x_wconf 67' lang='lat' dir='ltr'><strong>aequo</strong></span> <span class='ocrx_word' id='word_1_176' title='bbox 1503 2452 1866 2506; x_wconf 88' lang='lat' dir='ltr'><strong>communiter</strong></span> <span class='ocrx_word' id='word_1_177' title='bbox 1891 2455 2149 2511; x_wconf 86' lang='lat' dir='ltr'><strong>omnibus</strong></span> <span class='ocrx_word' id='word_1_178' title='bbox 2192 2460 2412 2513; x_wconf 91' lang='lat' dir='ltr'><strong>oculum</strong></span> 
     </span>
    </p>
   </div>
   <div class='ocr_carea' id='block_1_27' title="bbox 836 2529 2415 2619">
    <p class='ocr_par' dir='ltr' id='par_1_27' title="bbox 836 2529 2415 2619">
     <span class='ocr_line' id='line_1_27' title="bbox 836 2529 2415 2619; baseline 0.015 -38"><span class='ocrx_word' id='word_1_179' title='bbox 836 2529 905 2595; x_wconf 80' lang='lat' dir='ltr'><strong>ad</strong></span> <span class='ocrx_word' id='word_1_180' title='bbox 946 2532 1259 2599; x_wconf 84' lang='lat' dir='ltr'><strong>videndum,</strong></span> <span class='ocrx_word' id='word_1_181' title='bbox 1307 2548 1522 2592; x_wconf 86' lang='lat' dir='ltr'><strong>creator</strong></span> <span class='ocrx_word' id='word_1_182' title='bbox 1563 2549 1619 2594; x_wconf 90' lang='lat' dir='ltr'><strong>et</strong></span> <span class='ocrx_word' id='word_1_183' title='bbox 1656 2552 1807 2610; x_wconf 87' lang='lat' dir='ltr'><strong>pater</strong></span> <span class='ocrx_word' id='word_1_184' title='bbox 1853 2547 2122 2615; x_wconf 90' lang='lat' dir='ltr'><strong>omnium,</strong></span> <span class='ocrx_word' id='word_1_185' title='bbox 2173 2564 2273 2603; x_wconf 91' lang='lat' dir='ltr'><strong>sua</strong></span> <span class='ocrx_word' id='word_1_186' title='bbox 2323 2550 2415 2619; x_wconf 83' lang='lat' dir='ltr'><strong>ju-</strong></span> 
     </span>
    </p>
   </div>
   <div class='ocr_carea' id='block_1_28' title="bbox 837 2623 2411 2701">
    <p class='ocr_par' dir='ltr' id='par_1_28' title="bbox 837 2623 2411 2701">
     <span class='ocr_line' id='line_1_28' title="bbox 837 2623 2411 2701; baseline 0.015 -26"><span class='ocrx_word' id='word_1_187' title='bbox 837 2623 985 2677; x_wconf 87' lang='lat' dir='ltr'><strong>stitia</strong></span> <span class='ocrx_word' id='word_1_188' title='bbox 1040 2626 1211 2697; x_wconf 83' lang='lat' dir='ltr'><strong>legem</strong></span> <span class='ocrx_word' id='word_1_189' title='bbox 1262 2629 1464 2693; x_wconf 84' lang='lat' dir='ltr'><strong>ferens,</strong></span> <span class='ocrx_word' id='word_1_190' title='bbox 1518 2635 1767 2701; x_wconf 71' lang='lat' dir='ltr'><strong>prwbuit,</strong></span> <span class='ocrx_word' id='word_1_191' title='bbox 1820 2653 1929 2691; x_wconf 90' lang='lat' dir='ltr'><strong>non</strong></span> <span class='ocrx_word' id='word_1_192' title='bbox 1967 2639 2285 2697; x_wconf 87' lang='lat' dir='ltr'><strong>discernens</strong></span> <span class='ocrx_word' id='word_1_193' title='bbox 2333 2643 2411 2698; x_wconf 83' lang='lat' dir='ltr'><strong>fe-</strong></span> 
     </span>
    </p>
   </div>
   <div class='ocr_carea' id='block_1_29' title="bbox 836 2715 2412 2806">
    <p class='ocr_par' dir='ltr' id='par_1_29' title="bbox 836 2715 2412 2806">
     <span class='ocr_line' id='line_1_29' title="bbox 836 2715 2412 2806; baseline 0.016 -40"><span class='ocrx_word' id='word_1_194' title='bbox 836 2715 1038 2769; x_wconf 86' lang='lat' dir='ltr'><strong>minam</strong></span> <span class='ocrx_word' id='word_1_195' title='bbox 1058 2733 1087 2771; x_wconf 87' lang='lat' dir='ltr'><strong>a</strong></span> <span class='ocrx_word' id='word_1_196' title='bbox 1107 2722 1373 2787; x_wconf 87' lang='lat' dir='ltr'><strong>masculo,</strong></span> <span class='ocrx_word' id='word_1_197' title='bbox 1400 2739 1506 2777; x_wconf 91' lang='lat' dir='ltr'><strong>non</strong></span> <span class='ocrx_word' id='word_1_198' title='bbox 1528 2726 1579 2779; x_wconf 93' lang='lat' dir='ltr'><strong>id</strong></span> <span class='ocrx_word' id='word_1_199' title='bbox 1610 2729 1755 2796; x_wconf 86' lang='lat' dir='ltr'><strong>quod</strong></span> <span class='ocrx_word' id='word_1_200' title='bbox 1780 2740 1863 2784; x_wconf 83' lang='lat' dir='ltr'><strong>est</strong></span> <span class='ocrx_word' id='word_1_201' title='bbox 1880 2733 2106 2788; x_wconf 85' lang='lat' dir='ltr'><strong>rationis</strong></span> <span class='ocrx_word' id='word_1_202' title='bbox 2121 2736 2412 2806; x_wconf 87' lang='lat' dir='ltr'><strong>particeps,</strong></span> 
     </span>
    </p>
   </div>
   <div class='ocr_carea' id='block_1_30' title="bbox 833 2806 2411 2887">
    <p class='ocr_par' dir='ltr' id='par_1_30' title="bbox 833 2806 2411 2887">
     <span class='ocr_line' id='line_1_30' title="bbox 833 2806 2411 2887; baseline 0.015 -29"><span class='ocrx_word' id='word_1_203' title='bbox 833 2806 903 2859; x_wconf 88' lang='lat' dir='ltr'><strong>ab</strong></span> <span class='ocrx_word' id='word_1_204' title='bbox 918 2818 1137 2876; x_wconf 76' lang='lat' dir='ltr'><strong>experte</strong></span> <span class='ocrx_word' id='word_1_205' title='bbox 1155 2813 1406 2878; x_wconf 87' lang='lat' dir='ltr'><strong>rationis,</strong></span> <span class='ocrx_word' id='word_1_206' title='bbox 1422 2824 1495 2878; x_wconf 92' lang='lat' dir='ltr'><strong>et,</strong></span> <span class='ocrx_word' id='word_1_207' title='bbox 1516 2826 1573 2870; x_wconf 91' lang='lat' dir='ltr'><strong>ut</strong></span> <span class='ocrx_word' id='word_1_208' title='bbox 1593 2821 1760 2873; x_wconf 89' lang='lat' dir='ltr'><strong>semel</strong></span> <span class='ocrx_word' id='word_1_209' title='bbox 1786 2821 1985 2887; x_wconf 86' lang='lat' dir='ltr'><strong>dicam,</strong></span> <span class='ocrx_word' id='word_1_210' title='bbox 2007 2826 2217 2879; x_wconf 90' lang='lat' dir='ltr'><strong>nullum</strong></span> <span class='ocrx_word' id='word_1_211' title='bbox 2237 2843 2268 2880; x_wconf 92' lang='lat' dir='ltr'><strong>a</strong></span> <span class='ocrx_word' id='word_1_212' title='bbox 2287 2828 2411 2881; x_wconf 91' lang='lat' dir='ltr'><strong>nul-</strong></span> 
     </span>
    </p>
   </div>
   <div class='ocr_carea' id='block_1_31' title="bbox 834 2897 2411 2972">
    <p class='ocr_par' dir='ltr' id='par_1_31' title="bbox 834 2897 2411 2972">
     <span class='ocr_line' id='line_1_31' title="bbox 834 2897 2411 2972; baseline 0.014 -22"><span class='ocrx_word' id='word_1_213' title='bbox 834 2897 919 2965; x_wconf 88' lang='lat' dir='ltr'><strong>lo;</strong></span> <span class='ocrx_word' id='word_1_214' title='bbox 959 2900 1052 2953; x_wconf 89' lang='lat' dir='ltr'><strong>sed</strong></span> <span class='ocrx_word' id='word_1_215' title='bbox 1095 2903 1406 2970; x_wconf 68' lang='lat' dir='ltr'><strong>aequalitate</strong></span> <span class='ocrx_word' id='word_1_216' title='bbox 1430 2915 1485 2960; x_wconf 91' lang='lat' dir='ltr'><strong>et</strong></span> <span class='ocrx_word' id='word_1_217' title='bbox 1523 2911 1917 2966; x_wconf 87' lang='lat' dir='ltr'><strong>communitate</strong></span> <span class='ocrx_word' id='word_1_218' title='bbox 1947 2914 2125 2969; x_wconf 79' lang='lat' dir='ltr'><strong>visunt</strong></span> <span class='ocrx_word' id='word_1_219' title='bbox 2159 2917 2411 2972; x_wconf 90' lang='lat' dir='ltr'><strong>similiter</strong></span> 
     </span>
    </p>
   </div>
   <div class='ocr_carea' id='block_1_32' title="bbox 835 2988 2409 3077">
    <p class='ocr_par' dir='ltr' id='par_1_32' title="bbox 835 2988 2409 3077">
     <span class='ocr_line' id='line_1_32' title="bbox 835 2988 2409 3077; baseline 0.015 -37"><span class='ocrx_word' id='word_1_220' title='bbox 835 2988 1103 3057; x_wconf 84' lang='lat' dir='ltr'><strong>dividens,</strong></span> <span class='ocrx_word' id='word_1_221' title='bbox 1131 3008 1240 3048; x_wconf 94' lang='lat' dir='ltr'><strong>uno</strong></span> <span class='ocrx_word' id='word_1_222' title='bbox 1261 2995 1417 3063; x_wconf 90' lang='lat' dir='ltr'><strong>jussu</strong></span> <span class='ocrx_word' id='word_1_223' title='bbox 1447 3001 1701 3056; x_wconf 90' lang='lat' dir='ltr'><strong>omnibus</strong></span> <span class='ocrx_word' id='word_1_224' title='bbox 1722 3012 1806 3056; x_wconf 91' lang='lat' dir='ltr'><strong>est</strong></span> <span class='ocrx_word' id='word_1_225' title='bbox 1845 3004 2091 3074; x_wconf 86' lang='lat' dir='ltr'><strong>largitus.</strong></span> <span class='ocrx_word' id='word_1_226' title='bbox 2119 3004 2288 3077; x_wconf 84' lang='lat' dir='ltr'><strong>Leges</strong></span> <span class='ocrx_word' id='word_1_227' title='bbox 2310 3025 2409 3062; x_wconf 88' lang='lat' dir='ltr'><strong>au-</strong></span> 
     </span>
    </p>
   </div>
   <div class='ocr_carea' id='block_1_33' title="bbox 830 3080 2406 3167">
    <p class='ocr_par' dir='ltr' id='par_1_33' title="bbox 830 3080 2406 3167">
     <span class='ocr_line' id='line_1_33' title="bbox 830 3080 2406 3167; baseline 0.013 -35"><span class='ocrx_word' id='word_1_228' title='bbox 830 3089 962 3143; x_wconf 86' lang='lat' dir='ltr'><strong>tem,</strong></span> <span class='ocrx_word' id='word_1_229' title='bbox 999 3080 1195 3152; x_wconf 90' lang='lat' dir='ltr'><strong>inquit,</strong></span> <span class='ocrx_word' id='word_1_230' title='bbox 1222 3084 1528 3153; x_wconf 88' lang='lat' dir='ltr'><strong>hominum,</strong></span> <span class='ocrx_word' id='word_1_231' title='bbox 1556 3105 1680 3144; x_wconf 90' lang='lat' dir='ltr'><strong>cum</strong></span> <span class='ocrx_word' id='word_1_232' title='bbox 1715 3092 2111 3162; x_wconf 78' lang='lat' dir='ltr'><strong>ignorationem</strong></span> <span class='ocrx_word' id='word_1_233' title='bbox 2139 3097 2406 3167; x_wconf 78' lang='lat' dir='ltr'><strong>castigare</strong></span> 
     </span>
    </p>
   </div>
   <div class='ocr_carea' id='block_1_34' title="bbox 2554 640 4123 714">
    <p class='ocr_par' dir='ltr' id='par_1_34' title="bbox 2554 640 4123 714">
     <span class='ocr_line' id='line_1_34' title="bbox 2554 640 4123 714; baseline 0.005 -22"><span class='ocrx_word' id='word_1_234' title='bbox 2554 640 2692 693; x_wconf 81' lang='grc' dir='ltr'>Ἀλλ’</span> <span class='ocrx_word' id='word_1_235' title='bbox 2727 643 2847 695; x_wconf 77' lang='grc' dir='ltr'>οὐδὲ</span> <span class='ocrx_word' id='word_1_236' title='bbox 2883 640 2991 693; x_wconf 85' lang='grc' dir='ltr'><strong>τῶν</strong></span> <span class='ocrx_word' id='word_1_237' title='bbox 3030 641 3239 710; x_wconf 80' lang='grc' dir='ltr'>ἀλόγων</span> <span class='ocrx_word' id='word_1_238' title='bbox 3265 643 3413 714; x_wconf 86' lang='grc' dir='ltr'><strong>παρά</strong></span> <span class='ocrx_word' id='word_1_239' title='bbox 3446 646 3605 702; x_wconf 78' lang='grc' dir='ltr'>τοῦτο</span> <span class='ocrx_word' id='word_1_240' title='bbox 3629 645 3862 703; x_wconf 81' lang='grc' dir='ltr'>ποιεῖταί</span> <span class='ocrx_word' id='word_1_241' title='bbox 3892 664 3975 701; x_wconf 87' lang='grc' dir='ltr'>τι·</span> <span class='ocrx_word' id='word_1_242' title='bbox 4012 650 4123 700; x_wconf 73' lang='grc' dir='ltr'><strong>πᾶ-</strong></span> 
     </span>
    </p>
   </div>
   <div class='ocr_carea' id='block_1_35' title="bbox 2542 731 4118 811">
    <p class='ocr_par' dir='ltr' id='par_1_35' title="bbox 2542 731 4118 811">
     <span class='ocr_line' id='line_1_35' title="bbox 2542 731 4118 811; baseline 0.006 -29"><span class='ocrx_word' id='word_1_243' title='bbox 2542 745 2593 782; x_wconf 87' lang='grc' dir='ltr'><strong>σι</strong></span> <span class='ocrx_word' id='word_1_244' title='bbox 2624 731 2682 783; x_wconf 90' lang='grc' dir='ltr'><strong>δέ</strong></span> <span class='ocrx_word' id='word_1_245' title='bbox 2719 733 2914 801; x_wconf 83' lang='grc' dir='ltr'><strong>ἐπίσης</strong></span> <span class='ocrx_word' id='word_1_246' title='bbox 2936 734 3049 794; x_wconf 83' lang='grc' dir='ltr'>τοῖς</span> <span class='ocrx_word' id='word_1_247' title='bbox 3077 731 3235 797; x_wconf 78' lang='grc' dir='ltr'>ζώοις</span> <span class='ocrx_word' id='word_1_248' title='bbox 3257 734 3437 788; x_wconf 77' lang='grc' dir='ltr'>κοινὸν</span> <span class='ocrx_word' id='word_1_249' title='bbox 3480 739 3641 793; x_wconf 81' lang='grc' dir='ltr'>αὑτὸν</span> <span class='ocrx_word' id='word_1_250' title='bbox 3670 741 3866 811; x_wconf 86' lang='grc' dir='ltr'>ἐκχέας</span> <span class='ocrx_word' id='word_1_251' title='bbox 3888 738 4118 803; x_wconf 74' lang='grc' dir='ltr'>ἄνωθεν,</span> 
     </span>
    </p>
   </div>
   <div class='ocr_carea' id='block_1_36' title="bbox 2537 820 4123 905">
    <p class='ocr_par' dir='ltr' id='par_1_36' title="bbox 2537 820 4123 905">
     <span class='ocr_line' id='line_1_36' title="bbox 2537 820 4123 905; baseline 0.009 -30"><span class='ocrx_word' id='word_1_252' title='bbox 2537 820 2765 889; x_wconf 82' lang='grc' dir='ltr'><strong>ἀγαθοῖς</strong></span> <span class='ocrx_word' id='word_1_253' title='bbox 2781 842 2841 877; x_wconf 86' lang='grc' dir='ltr'><strong>τε</strong></span> <span class='ocrx_word' id='word_1_254' title='bbox 2866 825 2959 877; x_wconf 61' lang='grc' dir='ltr'><strong>καὶ⁵</strong></span> <span class='ocrx_word' id='word_1_255' title='bbox 2981 825 3223 893; x_wconf 82' lang='grc' dir='ltr'><strong>φαύλοις,</strong></span> <span class='ocrx_word' id='word_1_256' title='bbox 3248 826 3595 901; x_wconf 88' lang='grc' dir='ltr'>δικαιοσύνην</span> <span class='ocrx_word' id='word_1_257' title='bbox 3615 835 3860 904; x_wconf 81' lang='grc' dir='ltr'>ἐμπεδοῖ,</span> <span class='ocrx_word' id='word_1_258' title='bbox 3889 833 4123 905; x_wconf 71' lang='grc' dir='ltr'>μηδενὸς</span> 
     </span>
    </p>
   </div>
   <div class='ocr_carea' id='block_1_37' title="bbox 2536 913 4121 997">
    <p class='ocr_par' dir='ltr' id='par_1_37' title="bbox 2536 913 4121 997">
     <span class='ocr_line' id='line_1_37' title="bbox 2536 913 4121 997; baseline 0.009 -31"><span class='ocrx_word' id='word_1_259' title='bbox 2536 913 2836 986; x_wconf 80' lang='grc' dir='ltr'><strong>δυναμένου</strong></span> <span class='ocrx_word' id='word_1_260' title='bbox 2874 916 3054 971; x_wconf 77' lang='grc' dir='ltr'>πλεῖον</span> <span class='ocrx_word' id='word_1_261' title='bbox 3084 919 3228 989; x_wconf 74' lang='grc' dir='ltr'>ἔχειν</span> <span class='ocrx_word' id='word_1_262' title='bbox 3248 961 3263 985; x_wconf 96' lang='grc'><strong>,</strong></span> <span class='ocrx_word' id='word_1_263' title='bbox 3316 920 3450 991; x_wconf 74' lang='grc' dir='ltr'>μηδὲ</span> <span class='ocrx_word' id='word_1_264' title='bbox 3480 924 3828 992; x_wconf 84' lang='grc' dir='ltr'>ἀφαιρεῖσθαι</span> <span class='ocrx_word' id='word_1_265' title='bbox 3859 928 3953 982; x_wconf 78' lang='grc' dir='ltr'><strong>τὸν</strong></span> <span class='ocrx_word' id='word_1_266' title='bbox 3981 927 4121 997; x_wconf 81' lang='grc' dir='ltr'>πλη-</span> 
     </span>
    </p>
   </div>
   <div class='ocr_carea' id='block_1_38' title="bbox 2538 1006 4115 1091">
    <p class='ocr_par' dir='ltr' id='par_1_38' title="bbox 2538 1006 4115 1091">
     <span class='ocr_line' id='line_1_38' title="bbox 2538 1006 4115 1091; baseline 0.009 -34"><span class='ocrx_word' id='word_1_267' title='bbox 2538 1006 2671 1071; x_wconf 89' lang='grc' dir='ltr'>σίον,</span> <span class='ocrx_word' id='word_1_268' title='bbox 2719 1010 2783 1062; x_wconf 81' lang='grc' dir='ltr'><strong>ἵν’</strong></span> <span class='ocrx_word' id='word_1_269' title='bbox 2831 1009 2993 1071; x_wconf 85' lang='grc' dir='ltr'>αὐτὸς</span> <span class='ocrx_word' id='word_1_270' title='bbox 3022 1010 3084 1062; x_wconf 86' lang='grc' dir='ltr'>τὸ</span> <span class='ocrx_word' id='word_1_271' title='bbox 3123 1013 3376 1066; x_wconf 88' lang='grc' dir='ltr'>κάκείνου</span> <span class='ocrx_word' id='word_1_272' title='bbox 3420 1012 3534 1082; x_wconf 84' lang='grc' dir='ltr'><strong>φῶς</strong></span> <span class='ocrx_word' id='word_1_273' title='bbox 3584 1015 3946 1082; x_wconf 79' lang='grc' dir='ltr'>διπλασιάσας</span> <span class='ocrx_word' id='word_1_274' title='bbox 3991 1020 4115 1091; x_wconf 78' lang='grc' dir='ltr'>ἔχῃ.</span> 
     </span>
    </p>
   </div>
   <div class='ocr_carea' id='block_1_39' title="bbox 2538 1098 4115 1179">
    <p class='ocr_par' dir='ltr' id='par_1_39' title="bbox 2538 1098 4115 1179">
     <span class='ocr_line' id='line_1_39' title="bbox 2538 1098 4115 1179; baseline 0.008 -30"><span class='ocrx_word' id='word_1_275' title='bbox 2538 1098 2726 1163; x_wconf 82' lang='grc' dir='ltr'>’Ἥλιος</span> <span class='ocrx_word' id='word_1_276' title='bbox 2755 1099 2937 1161; x_wconf 80' lang='grc' dir='ltr'>κοινὰς</span> <span class='ocrx_word' id='word_1_277' title='bbox 2965 1102 3170 1171; x_wconf 80' lang='grc' dir='ltr'>τροφὰς</span> <span class='ocrx_word' id='word_1_278' title='bbox 3197 1103 3354 1168; x_wconf 83' lang='grc' dir='ltr'><strong>ζώοις</strong></span> <span class='ocrx_word' id='word_1_279' title='bbox 3387 1103 3587 1156; x_wconf 85' lang='grc' dir='ltr'>ἆπασιν</span> <span class='ocrx_word' id='word_1_280' title='bbox 3619 1105 3930 1160; x_wconf 84' lang='grc' dir='ltr'>ἀνατέλλειν</span> <span class='ocrx_word' id='word_1_281' title='bbox 3971 1108 4115 1179; x_wconf 80' lang='grc'><strong>(55)’</strong></span> 
     </span>
    </p>
   </div>
   <div class='ocr_carea' id='block_1_40' title="bbox 2531 1185 4112 1267">
    <p class='ocr_par' dir='ltr' id='par_1_40' title="bbox 2531 1185 4112 1267">
     <span class='ocr_line' id='line_1_40' title="bbox 2531 1185 4112 1267; baseline 0.008 -29"><span class='ocrx_word' id='word_1_282' title='bbox 2531 1185 2874 1258; x_wconf 82' lang='grc' dir='ltr'><strong>δικαιοσύνης</strong></span> <span class='ocrx_word' id='word_1_283' title='bbox 2919 1204 2979 1239; x_wconf 87' lang='grc' dir='ltr'><strong>τε</strong></span> <span class='ocrx_word' id='word_1_284' title='bbox 3010 1190 3111 1259; x_wconf 83' lang='grc' dir='ltr'>τῆς</span> <span class='ocrx_word' id='word_1_285' title='bbox 3141 1193 3326 1263; x_wconf 81' lang='grc' dir='ltr'>κοινῆς</span> <span class='ocrx_word' id='word_1_286' title='bbox 3367 1192 3568 1245; x_wconf 79' lang='grc' dir='ltr'>ἅπασιν</span> <span class='ocrx_word' id='word_1_287' title='bbox 3608 1194 3803 1264; x_wconf 84' lang='grc' dir='ltr'>ἐπίσης</span> <span class='ocrx_word' id='word_1_288' title='bbox 3828 1197 4112 1267; x_wconf 77' lang='grc' dir='ltr'><strong>δοθείσης·</strong></span> 
     </span>
    </p>
   </div>
   <div class='ocr_carea' id='block_1_41' title="bbox 2532 1279 4113 1353">
    <p class='ocr_par' dir='ltr' id='par_1_41' title="bbox 2532 1279 4113 1353">
     <span class='ocr_line' id='line_1_41' title="bbox 2532 1279 4113 1353; baseline 0.006 -22"><span class='ocrx_word' id='word_1_289' title='bbox 2532 1279 2626 1331; x_wconf 76' lang='grc' dir='ltr'><strong>καὶ</strong></span> <span class='ocrx_word' id='word_1_290' title='bbox 2665 1281 2745 1343; x_wconf 88' lang='grc' dir='ltr'><strong>εἰς</strong></span> <span class='ocrx_word' id='word_1_291' title='bbox 2778 1281 2848 1332; x_wconf 82' lang='grc' dir='ltr'>τὰ</span> <span class='ocrx_word' id='word_1_292' title='bbox 2875 1280 3100 1333; x_wconf 80' lang='grc' dir='ltr'>τοιαῦτα</span> <span class='ocrx_word' id='word_1_293' title='bbox 3134 1281 3271 1352; x_wconf 88' lang='grc' dir='ltr'>βοῶν</span> <span class='ocrx_word' id='word_1_294' title='bbox 3308 1284 3465 1352; x_wconf 84' lang='grc' dir='ltr'>γένος</span> <span class='ocrx_word' id='word_1_295' title='bbox 3492 1283 3691 1353; x_wconf 86' lang='grc' dir='ltr'>ὁμοίως</span> <span class='ocrx_word' id='word_1_296' title='bbox 3717 1286 3923 1353; x_wconf 87' lang='grc' dir='ltr'>γίνεται</span> <span class='ocrx_word' id='word_1_297' title='bbox 3947 1288 4024 1350; x_wconf 85' lang='grc' dir='ltr'><strong>ὡς</strong></span> <span class='ocrx_word' id='word_1_298' title='bbox 4056 1289 4113 1342; x_wconf 75' lang='grc' dir='ltr'>αἱ</span> 
     </span>
    </p>
   </div>
   <div class='ocr_carea' id='block_1_42' title="bbox 2532 1367 4116 1444">
    <p class='ocr_par' dir='ltr' id='par_1_42' title="bbox 2532 1367 4116 1444">
     <span class='ocr_line' id='line_1_42' title="bbox 2532 1367 4116 1444; baseline 0.005 -25"><span class='ocrx_word' id='word_1_299' title='bbox 2532 1367 2677 1436; x_wconf 91' lang='grc' dir='ltr'>βόες,</span> <span class='ocrx_word' id='word_1_300' title='bbox 2702 1371 2795 1421; x_wconf 72' lang='grc' dir='ltr'>καὶ</span> <span class='ocrx_word' id='word_1_301' title='bbox 2821 1368 2962 1422; x_wconf 87' lang='grc' dir='ltr'>συῶν</span> <span class='ocrx_word' id='word_1_302' title='bbox 2986 1370 3062 1433; x_wconf 84' lang='grc' dir='ltr'><strong>ὡς</strong></span> <span class='ocrx_word' id='word_1_303' title='bbox 3092 1373 3141 1423; x_wconf 81' lang='grc' dir='ltr'><strong>οἱ</strong></span> <span class='ocrx_word' id='word_1_304' title='bbox 3168 1372 3313 1436; x_wconf 85' lang='grc' dir='ltr'>σύες,</span> <span class='ocrx_word' id='word_1_305' title='bbox 3352 1373 3447 1426; x_wconf 73' lang='grc' dir='ltr'>καὶ</span> <span class='ocrx_word' id='word_1_306' title='bbox 3470 1372 3751 1444; x_wconf 73' lang='grc' dir='ltr'>προϐάτων</span> <span class='ocrx_word' id='word_1_307' title='bbox 3781 1375 3857 1436; x_wconf 86' lang='grc' dir='ltr'>ὡς</span> <span class='ocrx_word' id='word_1_308' title='bbox 3878 1374 3947 1427; x_wconf 88' lang='grc' dir='ltr'><strong>τά</strong></span> <span class='ocrx_word' id='word_1_309' title='bbox 3978 1376 4116 1444; x_wconf 89' lang='grc' dir='ltr'>πρό-</span> 
     </span>
    </p>
   </div>
   <div class='ocr_carea' id='block_1_43' title="bbox 2530 1456 4115 1536">
    <p class='ocr_par' dir='ltr' id='par_1_43' title="bbox 2530 1456 4115 1536">
     <span class='ocr_line' id='line_1_43' title="bbox 2530 1456 4115 1536; baseline 0.006 -28"><span class='ocrx_word' id='word_1_310' title='bbox 2530 1456 2689 1521; x_wconf 76' lang='grc' dir='ltr'>ϐατα,</span> <span class='ocrx_word' id='word_1_311' title='bbox 2725 1460 2820 1511; x_wconf 76' lang='grc' dir='ltr'>καὶ</span> <span class='ocrx_word' id='word_1_312' title='bbox 2848 1458 2916 1511; x_wconf 83' lang='grc' dir='ltr'><strong>τὰ</strong></span> <span class='ocrx_word' id='word_1_313' title='bbox 2939 1460 3101 1513; x_wconf 85' lang='grc' dir='ltr'>λοιπά</span> <span class='ocrx_word' id='word_1_314' title='bbox 3134 1464 3309 1516; x_wconf 89' lang='grc' dir='ltr'>πάντα</span> <span class='ocrx_word' id='word_1_315' title='bbox 3328 1481 3343 1494; x_wconf 89' lang='grc'><strong>·</strong></span> <span class='ocrx_word' id='word_1_316' title='bbox 3375 1463 3683 1533; x_wconf 79' lang='grc' dir='ltr'>δικαιοσύνη</span> <span class='ocrx_word' id='word_1_317' title='bbox 3705 1463 3813 1536; x_wconf 77' lang='grc' dir='ltr'><strong>γὰρ</strong></span> <span class='ocrx_word' id='word_1_318' title='bbox 3840 1466 3900 1516; x_wconf 91' lang='grc' dir='ltr'><strong>ἐν</strong></span> <span class='ocrx_word' id='word_1_319' title='bbox 3926 1466 4115 1528; x_wconf 83' lang='grc' dir='ltr'>αὐτοῖς</span> 
     </span>
    </p>
   </div>
   <div class='ocr_carea' id='block_1_44' title="bbox 2527 1550 4109 1624">
    <p class='ocr_par' dir='ltr' id='par_1_44' title="bbox 2527 1550 4109 1624">
     <span class='ocr_line' id='line_1_44' title="bbox 2527 1550 4109 1624; baseline 0.004 -23"><span class='ocrx_word' id='word_1_320' title='bbox 2527 1550 2886 1618; x_wconf 80' lang='grc' dir='ltr'>ἀναφαίνεται</span> <span class='ocrx_word' id='word_1_321' title='bbox 2926 1553 2959 1621; x_wconf 82' lang='grc' dir='ltr'>ὴ</span> <span class='ocrx_word' id='word_1_322' title='bbox 3015 1553 3280 1623; x_wconf 86' lang='grc' dir='ltr'>κοινότης.</span> <span class='ocrx_word' id='word_1_323' title='bbox 3345 1554 3573 1607; x_wconf 85' lang='grc' dir='ltr'>Ἔπειτα</span> <span class='ocrx_word' id='word_1_324' title='bbox 3628 1553 3768 1607; x_wconf 82' lang='grc' dir='ltr'><strong>κατά</strong></span> <span class='ocrx_word' id='word_1_325' title='bbox 3821 1554 4109 1624; x_wconf 85' lang='grc' dir='ltr'>κοινότητα</span> 
     </span>
    </p>
   </div>
   <div class='ocr_carea' id='block_1_45' title="bbox 2527 1640 4110 1718">
    <p class='ocr_par' dir='ltr' id='par_1_45' title="bbox 2527 1640 4110 1718">
     <span class='ocr_line' id='line_1_45' title="bbox 2527 1640 4110 1718; baseline 0.005 -26"><span class='ocrx_word' id='word_1_326' title='bbox 2527 1640 2705 1693; x_wconf 87' lang='grc' dir='ltr'>πάντα</span> <span class='ocrx_word' id='word_1_327' title='bbox 2730 1641 2931 1709; x_wconf 83' lang='grc' dir='ltr'>ὁμοίως</span> <span class='ocrx_word' id='word_1_328' title='bbox 2956 1644 3096 1696; x_wconf 73' lang='grc' dir='ltr'>κατὰ</span> <span class='ocrx_word' id='word_1_329' title='bbox 3124 1646 3282 1713; x_wconf 85' lang='grc' dir='ltr'>γένος</span> <span class='ocrx_word' id='word_1_330' title='bbox 3319 1647 3597 1717; x_wconf 82' lang='grc' dir='ltr'>σπείρεται</span> <span class='ocrx_word' id='word_1_331' title='bbox 3615 1663 3629 1676; x_wconf 75' lang='grc'><strong><em>⁸</em></strong></span> <span class='ocrx_word' id='word_1_332' title='bbox 3665 1646 3838 1718; x_wconf 83' lang='grc' dir='ltr'>τροφή</span> <span class='ocrx_word' id='word_1_333' title='bbox 3866 1662 3926 1698; x_wconf 89' lang='grc' dir='ltr'><strong>τε</strong></span> <span class='ocrx_word' id='word_1_334' title='bbox 3954 1646 4110 1718; x_wconf 73' lang='grc' dir='ltr'>κοινὴ</span> 
     </span>
    </p>
   </div>
   <div class='ocr_carea' id='block_1_46' title="bbox 2525 1732 4110 1808">
    <p class='ocr_par' dir='ltr' id='par_1_46' title="bbox 2525 1732 4110 1808">
     <span class='ocr_line' id='line_1_46' title="bbox 2525 1732 4110 1808; baseline 0.006 -26"><span class='ocrx_word' id='word_1_335' title='bbox 2525 1732 2695 1801; x_wconf 77' lang='grc' dir='ltr'>χαμαὶ</span> <span class='ocrx_word' id='word_1_336' title='bbox 2746 1734 3065 1803; x_wconf 77' lang='grc' dir='ltr'>νεμομένοις</span> <span class='ocrx_word' id='word_1_337' title='bbox 3110 1738 3336 1801; x_wconf 84' lang='grc' dir='ltr'>ἀνεῖται,</span> <span class='ocrx_word' id='word_1_338' title='bbox 3387 1739 3521 1790; x_wconf 81' lang='grc' dir='ltr'>πᾶσι</span> <span class='ocrx_word' id='word_1_339' title='bbox 3573 1740 3688 1801; x_wconf 85' lang='grc' dir='ltr'>τοῖς</span> <span class='ocrx_word' id='word_1_340' title='bbox 3726 1738 3968 1808; x_wconf 81' lang='grc' dir='ltr'>κτήνεσι,</span> <span class='ocrx_word' id='word_1_341' title='bbox 4011 1737 4110 1792; x_wconf 81' lang='grc' dir='ltr'>καὶ</span> 
     </span>
    </p>
   </div>
   <div class='ocr_carea' id='block_1_47' title="bbox 2525 1821 4106 1897">
    <p class='ocr_par' dir='ltr' id='par_1_47' title="bbox 2525 1821 4106 1897">
     <span class='ocr_line' id='line_1_47' title="bbox 2525 1821 4106 1897; baseline 0.006 -26"><span class='ocrx_word' id='word_1_342' title='bbox 2525 1821 2688 1872; x_wconf 77' lang='grc' dir='ltr'>πᾶσιν</span> <span class='ocrx_word' id='word_1_343' title='bbox 2730 1821 2947 1891; x_wconf 81' lang='grc' dir='ltr'>ἐπίσης,</span> <span class='ocrx_word' id='word_1_344' title='bbox 2988 1824 3161 1877; x_wconf 77' lang='grc' dir='ltr'>οὐδενὶ</span> <span class='ocrx_word' id='word_1_345' title='bbox 3186 1826 3335 1895; x_wconf 87' lang='grc' dir='ltr'>νόμῳ</span> <span class='ocrx_word' id='word_1_346' title='bbox 3361 1827 3727 1896; x_wconf 83' lang='grc' dir='ltr'>κρατουμένη,</span> <span class='ocrx_word' id='word_1_347' title='bbox 3767 1829 3834 1897; x_wconf 80' lang='grc' dir='ltr'>τῇ</span> <span class='ocrx_word' id='word_1_348' title='bbox 3865 1827 3923 1879; x_wconf 84' lang='grc' dir='ltr'>δὲ</span> <span class='ocrx_word' id='word_1_349' title='bbox 3953 1827 4106 1896; x_wconf 88' lang='grc' dir='ltr'><strong>παρά</strong></span> 
     </span>
    </p>
   </div>
   <div class='ocr_carea' id='block_1_48' title="bbox 2524 1911 4105 1987">
    <p class='ocr_par' dir='ltr' id='par_1_48' title="bbox 2524 1911 4105 1987">
     <span class='ocr_line' id='line_1_48' title="bbox 2524 1911 4105 1987; baseline 0.003 -24"><span class='ocrx_word' id='word_1_350' title='bbox 2524 1911 2616 1964; x_wconf 78' lang='grc' dir='ltr'>τοῦ</span> <span class='ocrx_word' id='word_1_351' title='bbox 2654 1912 2888 1977; x_wconf 87' lang='grc' dir='ltr'>διδόντος</span> <span class='ocrx_word' id='word_1_352' title='bbox 2922 1913 3273 1979; x_wconf 84' lang='grc' dir='ltr'>κελεύσαντος</span> <span class='ocrx_word' id='word_1_353' title='bbox 3314 1917 3545 1987; x_wconf 81' lang='grc' dir='ltr'>χορηγίᾳ</span> <span class='ocrx_word' id='word_1_354' title='bbox 3589 1917 3892 1986; x_wconf 79' lang='grc' dir='ltr'>συμφώνως</span> <span class='ocrx_word' id='word_1_355' title='bbox 3929 1916 4105 1969; x_wconf 77' lang='grc' dir='ltr'>ἅπασι</span> 
     </span>
    </p>
   </div>
   <div class='ocr_carea' id='block_1_49' title="bbox 2523 2003 4108 2077">
    <p class='ocr_par' dir='ltr' id='par_1_49' title="bbox 2523 2003 4108 2077">
     <span class='ocr_line' id='line_1_49' title="bbox 2523 2003 4108 2077; baseline 0.003 -22"><span class='ocrx_word' id='word_1_356' title='bbox 2523 2003 2834 2075; x_wconf 83' lang='grc' dir='ltr'>δικαιοσύνη</span> <span class='ocrx_word' id='word_1_357' title='bbox 2860 2005 3109 2077; x_wconf 80' lang='grc' dir='ltr'>παροῦσα</span> <span class='ocrx_word' id='word_1_358' title='bbox 3138 2007 3269 2075; x_wconf 75' lang='lat'><strong>(56).</strong></span> <span class='ocrx_word' id='word_1_359' title='bbox 3314 2007 3449 2060; x_wconf 83' lang='grc' dir='ltr'>Ἀλλ’</span> <span class='ocrx_word' id='word_1_360' title='bbox 3475 2006 3596 2059; x_wconf 85' lang='grc' dir='ltr'>οὐδέ</span> <span class='ocrx_word' id='word_1_361' title='bbox 3620 2007 3688 2059; x_wconf 85' lang='grc' dir='ltr'>τὰ</span> <span class='ocrx_word' id='word_1_362' title='bbox 3717 2007 3819 2075; x_wconf 82' lang='grc' dir='ltr'>τῆς</span> <span class='ocrx_word' id='word_1_363' title='bbox 3839 2008 4108 2074; x_wconf 87' lang='grc' dir='ltr'>γενέσεως</span> 
     </span>
    </p>
   </div>
   <div class='ocr_carea' id='block_1_50' title="bbox 2523 2092 4106 2168">
    <p class='ocr_par' dir='ltr' id='par_1_50' title="bbox 2523 2092 4106 2168">
     <span class='ocr_line' id='line_1_50' title="bbox 2523 2092 4106 2168; baseline 0.002 -23"><span class='ocrx_word' id='word_1_364' title='bbox 2523 2095 2686 2163; x_wconf 92' lang='grc' dir='ltr'>νόμον</span> <span class='ocrx_word' id='word_1_365' title='bbox 2717 2092 2830 2164; x_wconf 80' lang='grc' dir='ltr'>ἔχει</span> <span class='ocrx_word' id='word_1_366' title='bbox 2861 2098 3244 2167; x_wconf 82' lang='grc' dir='ltr'>γεγραμμένον</span> <span class='ocrx_word' id='word_1_367' title='bbox 3267 2114 3280 2126; x_wconf 94' lang='grc'><strong>·</strong></span> <span class='ocrx_word' id='word_1_368' title='bbox 3336 2098 3651 2168; x_wconf 87' lang='grc' dir='ltr'>μετεγράφη</span> <span class='ocrx_word' id='word_1_369' title='bbox 3690 2096 3796 2167; x_wconf 86' lang='grc' dir='ltr'><strong>γάρ</strong></span> <span class='ocrx_word' id='word_1_370' title='bbox 3827 2098 3890 2150; x_wconf 81' lang='grc' dir='ltr'>ἄν</span> <span class='ocrx_word' id='word_1_371' title='bbox 3909 2114 3921 2126; x_wconf 94' lang='grc'><strong>·</strong></span> <span class='ocrx_word' id='word_1_372' title='bbox 3950 2097 4106 2149; x_wconf 83' lang='grc' dir='ltr'>σπεί-</span> 
     </span>
    </p>
   </div>
   <div class='ocr_carea' id='block_1_51' title="bbox 2525 2186 4107 2260">
    <p class='ocr_par' dir='ltr' id='par_1_51' title="bbox 2525 2186 4107 2260">
     <span class='ocr_line' id='line_1_51' title="bbox 2525 2186 4107 2260; baseline 0.003 -23"><span class='ocrx_word' id='word_1_373' title='bbox 2525 2203 2678 2258; x_wconf 89' lang='grc' dir='ltr'>ρουσι</span> <span class='ocrx_word' id='word_1_374' title='bbox 2719 2186 2775 2240; x_wconf 83' lang='grc' dir='ltr'>δὲ</span> <span class='ocrx_word' id='word_1_375' title='bbox 2809 2189 2903 2241; x_wconf 77' lang='grc' dir='ltr'>καὶ</span> <span class='ocrx_word' id='word_1_376' title='bbox 2926 2189 3185 2256; x_wconf 87' lang='grc' dir='ltr'>γεννῶσιν</span> <span class='ocrx_word' id='word_1_377' title='bbox 3211 2189 3424 2260; x_wconf 89' lang='grc' dir='ltr'>ἐπίσης,</span> <span class='ocrx_word' id='word_1_378' title='bbox 3471 2189 3750 2242; x_wconf 80' lang='grc' dir='ltr'>κοινωνίαν</span> <span class='ocrx_word' id='word_1_379' title='bbox 3782 2189 3887 2240; x_wconf 78' lang='grc' dir='ltr'><strong>ὑπὸ</strong></span> <span class='ocrx_word' id='word_1_380' title='bbox 3903 2188 4107 2241; x_wconf 83' lang='grc' dir='ltr'>δικαιο-</span> 
     </span>
    </p>
   </div>
   <div class='ocr_carea' id='block_1_52' title="bbox 2524 2277 4102 2351">
    <p class='ocr_par' dir='ltr' id='par_1_52' title="bbox 2524 2277 4102 2351">
     <span class='ocr_line' id='line_1_52' title="bbox 2524 2277 4102 2351; baseline 0.002 -22"><span class='ocrx_word' id='word_1_381' title='bbox 2524 2277 2690 2347; x_wconf 82' lang='grc' dir='ltr'>σύνης</span> <span class='ocrx_word' id='word_1_382' title='bbox 2743 2278 2976 2348; x_wconf 77' lang='grc' dir='ltr'>ἔμφυτον</span> <span class='ocrx_word' id='word_1_383' title='bbox 3020 2278 3272 2347; x_wconf 77' lang='grc' dir='ltr'>ἔχοντες·</span> <span class='ocrx_word' id='word_1_384' title='bbox 3331 2282 3482 2350; x_wconf 79' lang='grc' dir='ltr'>κοινῇ</span> <span class='ocrx_word' id='word_1_385' title='bbox 3532 2281 3699 2332; x_wconf 85' lang='grc' dir='ltr'>πᾶσιν</span> <span class='ocrx_word' id='word_1_386' title='bbox 3743 2278 3934 2347; x_wconf 78' lang='grc' dir='ltr'>ἐπίσης</span> <span class='ocrx_word' id='word_1_387' title='bbox 3988 2279 4102 2351; x_wconf 80' lang='grc'><strong>(57)</strong></span> 
     </span>
    </p>
   </div>
   <div class='ocr_carea' id='block_1_53' title="bbox 2520 2368 4104 2441">
    <p class='ocr_par' dir='ltr' id='par_1_53' title="bbox 2520 2368 4104 2441">
     <span class='ocr_line' id='line_1_53' title="bbox 2520 2368 4104 2441; baseline 0.001 -19"><span class='ocrx_word' id='word_1_388' title='bbox 2520 2369 2796 2441; x_wconf 80' lang='grc' dir='ltr'>ὀφθαλμὸν</span> <span class='ocrx_word' id='word_1_389' title='bbox 2843 2372 2922 2433; x_wconf 86' lang='grc' dir='ltr'><strong>είς</strong></span> <span class='ocrx_word' id='word_1_390' title='bbox 2974 2369 3035 2421; x_wconf 76' lang='grc' dir='ltr'>τὸ</span> <span class='ocrx_word' id='word_1_391' title='bbox 3091 2368 3305 2438; x_wconf 80' lang='grc' dir='ltr'>βλέπειν</span> <span class='ocrx_word' id='word_1_392' title='bbox 3365 2372 3394 2422; x_wconf 87' lang='grc' dir='ltr'><strong>ό</strong></span> <span class='ocrx_word' id='word_1_393' title='bbox 3450 2370 3679 2440; x_wconf 79' lang='grc' dir='ltr'>ποιητής</span> <span class='ocrx_word' id='word_1_394' title='bbox 3730 2386 3791 2420; x_wconf 90' lang='grc' dir='ltr'><strong>τε</strong></span> <span class='ocrx_word' id='word_1_395' title='bbox 3839 2369 3933 2421; x_wconf 71' lang='grc' dir='ltr'>καὶ</span> <span class='ocrx_word' id='word_1_396' title='bbox 3995 2386 4104 2423; x_wconf 75' lang='grc' dir='ltr'>πα-</span> 
     </span>
    </p>
   </div>
   <div class='ocr_carea' id='block_1_54' title="bbox 2520 2458 4101 2533">
    <p class='ocr_par' dir='ltr' id='par_1_54' title="bbox 2520 2458 4101 2533">
     <span class='ocr_line' id='line_1_54' title="bbox 2520 2458 4101 2533; baseline 0.001 -19"><span class='ocrx_word' id='word_1_397' title='bbox 2520 2460 2623 2533; x_wconf 80' lang='grc' dir='ltr'>τὴρ</span> <span class='ocrx_word' id='word_1_398' title='bbox 2671 2462 2889 2514; x_wconf 89' lang='grc' dir='ltr'>πάντων</span> <span class='ocrx_word' id='word_1_399' title='bbox 2935 2459 3242 2530; x_wconf 81' lang='grc' dir='ltr'>δικαιοσύνῃ</span> <span class='ocrx_word' id='word_1_400' title='bbox 3297 2458 3663 2529; x_wconf 83' lang='grc' dir='ltr'>νομοθετήσας</span> <span class='ocrx_word' id='word_1_401' title='bbox 3702 2462 3768 2530; x_wconf 84' lang='grc' dir='ltr'><strong>τῇ</strong></span> <span class='ocrx_word' id='word_1_402' title='bbox 3815 2462 3946 2531; x_wconf 83' lang='grc' dir='ltr'>παρ’</span> <span class='ocrx_word' id='word_1_403' title='bbox 3996 2462 4101 2515; x_wconf 80' lang='grc' dir='ltr'>αύ-</span> 
     </span>
    </p>
   </div>
   <div class='ocr_carea' id='block_1_55' title="bbox 2518 2543 4097 2626">
    <p class='ocr_par' dir='ltr' id='par_1_55' title="bbox 2518 2543 4097 2626">
     <span class='ocr_line' id='line_1_55' title="bbox 2518 2543 4097 2626; baseline 0.001 -21"><span class='ocrx_word' id='word_1_404' title='bbox 2518 2553 2613 2606; x_wconf 81' lang='grc' dir='ltr'>τοῦ</span> <span class='ocrx_word' id='word_1_405' title='bbox 2646 2553 2942 2626; x_wconf 87' lang='grc' dir='ltr'>παρέσχεν,</span> <span class='ocrx_word' id='word_1_406' title='bbox 2996 2551 3055 2603; x_wconf 87' lang='grc' dir='ltr'><strong>ού</strong></span> <span class='ocrx_word' id='word_1_407' title='bbox 3108 2543 3390 2621; x_wconf 85' lang='grc' dir='ltr'>διακρίνας</span> <span class='ocrx_word' id='word_1_408' title='bbox 3439 2551 3661 2620; x_wconf 82' lang='grc' dir='ltr'>θήλειαν</span> <span class='ocrx_word' id='word_1_409' title='bbox 3705 2551 3932 2623; x_wconf 75' lang='grc' dir='ltr'>ἄρρενος</span> <span class='ocrx_word' id='word_1_410' title='bbox 3958 2591 3974 2615; x_wconf 87' lang='grc'><strong>,</strong></span> <span class='ocrx_word' id='word_1_411' title='bbox 4033 2554 4097 2607; x_wconf 83' lang='grc' dir='ltr'><strong>οὐ</strong></span> 
     </span>
    </p>
   </div>
   <div class='ocr_carea' id='block_1_56' title="bbox 2519 2640 4099 2717">
    <p class='ocr_par' dir='ltr' id='par_1_56' title="bbox 2519 2640 4099 2717">
     <span class='ocr_line' id='line_1_56' title="bbox 2519 2640 4099 2717; baseline 0.001 -21"><span class='ocrx_word' id='word_1_412' title='bbox 2519 2644 2732 2712; x_wconf 84' lang='grc' dir='ltr'>λογικὸν</span> <span class='ocrx_word' id='word_1_413' title='bbox 2757 2643 2950 2711; x_wconf 84' lang='grc' dir='ltr'>ἀλόγου</span> <span class='ocrx_word' id='word_1_414' title='bbox 2969 2681 2983 2704; x_wconf 88' lang='grc'><strong>,</strong></span> <span class='ocrx_word' id='word_1_415' title='bbox 3012 2642 3106 2695; x_wconf 78' lang='grc' dir='ltr'>καὶ</span> <span class='ocrx_word' id='word_1_416' title='bbox 3142 2640 3393 2708; x_wconf 79' lang='grc' dir='ltr'>καθάπαξ</span> <span class='ocrx_word' id='word_1_417' title='bbox 3419 2641 3629 2706; x_wconf 80' lang='grc' dir='ltr'>οὐδενὸς</span> <span class='ocrx_word' id='word_1_418' title='bbox 3662 2643 3816 2698; x_wconf 86' lang='grc' dir='ltr'>οὐδέν</span> <span class='ocrx_word' id='word_1_419' title='bbox 3835 2660 3848 2672; x_wconf 88' lang='grc'><em>’</em></span> <span class='ocrx_word' id='word_1_420' title='bbox 3887 2643 4099 2717; x_wconf 77' lang='grc' dir='ltr'>ἰσότητι</span> 
     </span>
    </p>
   </div>
   <div class='ocr_carea' id='block_1_57' title="bbox 2518 2734 4098 2808">
    <p class='ocr_par' dir='ltr' id='par_1_57' title="bbox 2518 2734 4098 2808">
     <span class='ocr_line' id='line_1_57' title="bbox 2518 2734 4098 2808; baseline 0.003 -21"><span class='ocrx_word' id='word_1_421' title='bbox 2518 2734 2575 2788; x_wconf 83' lang='grc' dir='ltr'>δὲ</span> <span class='ocrx_word' id='word_1_422' title='bbox 2621 2736 2715 2789; x_wconf 80' lang='grc' dir='ltr'>καὶ</span> <span class='ocrx_word' id='word_1_423' title='bbox 2770 2735 3039 2804; x_wconf 86' lang='grc' dir='ltr'>κοινότητι</span> <span class='ocrx_word' id='word_1_424' title='bbox 3092 2734 3321 2806; x_wconf 86' lang='grc' dir='ltr'>μερίσας</span> <span class='ocrx_word' id='word_1_425' title='bbox 3378 2735 3439 2787; x_wconf 85' lang='grc' dir='ltr'>τὸ</span> <span class='ocrx_word' id='word_1_426' title='bbox 3501 2734 3719 2804; x_wconf 86' lang='grc' dir='ltr'>βλέπειν</span> <span class='ocrx_word' id='word_1_427' title='bbox 3762 2738 3966 2808; x_wconf 86' lang='grc' dir='ltr'>ὁμοίως</span> <span class='ocrx_word' id='word_1_428' title='bbox 4011 2737 4098 2792; x_wconf 67' lang='grc' dir='ltr'><strong>ἑνὶ</strong></span> 
     </span>
    </p>
   </div>
   <div class='ocr_carea' id='block_1_58' title="bbox 2519 2823 4098 2898">
    <p class='ocr_par' dir='ltr' id='par_1_58' title="bbox 2519 2823 4098 2898">
     <span class='ocr_line' id='line_1_58' title="bbox 2519 2823 4098 2898; baseline 0.004 -22"><span class='ocrx_word' id='word_1_429' title='bbox 2519 2823 2809 2896; x_wconf 88' lang='grc' dir='ltr'>κελεύματι</span> <span class='ocrx_word' id='word_1_430' title='bbox 2841 2825 2973 2877; x_wconf 82' lang='grc' dir='ltr'>πᾶσι</span> <span class='ocrx_word' id='word_1_431' title='bbox 3014 2824 3353 2895; x_wconf 82' lang='grc' dir='ltr'>κεχάρισται.</span> <span class='ocrx_word' id='word_1_432' title='bbox 3395 2824 3459 2877; x_wconf 84' lang='grc' dir='ltr'><strong>Οἱ</strong></span> <span class='ocrx_word' id='word_1_433' title='bbox 3495 2825 3648 2895; x_wconf 88' lang='grc' dir='ltr'>νόμοι</span> <span class='ocrx_word' id='word_1_434' title='bbox 3678 2825 3754 2888; x_wconf 91' lang='grc' dir='ltr'><strong>δέ,</strong></span> <span class='ocrx_word' id='word_1_435' title='bbox 3791 2828 3975 2898; x_wconf 81' lang='grc' dir='ltr'>φησὶν,</span> <span class='ocrx_word' id='word_1_436' title='bbox 4001 2829 4098 2882; x_wconf 83' lang='grc' dir='ltr'>ἀν-</span> 
     </span>
    </p>
   </div>
   <div class='ocr_carea' id='block_1_59' title="bbox 2517 2914 4095 2991">
    <p class='ocr_par' dir='ltr' id='par_1_59' title="bbox 2517 2914 4095 2991">
     <span class='ocr_line' id='line_1_59' title="bbox 2517 2914 4095 2991; baseline 0.003 -24"><span class='ocrx_word' id='word_1_437' title='bbox 2517 2914 2749 2985; x_wconf 81' lang='grc' dir='ltr'>θρώπων</span> <span class='ocrx_word' id='word_1_438' title='bbox 2812 2914 3051 2986; x_wconf 83' lang='grc' dir='ltr'>ἀμαθίαν</span> <span class='ocrx_word' id='word_1_439' title='bbox 3109 2915 3356 2979; x_wconf 76' lang='grc' dir='ltr'>κολάζειν</span> <span class='ocrx_word' id='word_1_440' title='bbox 3422 2914 3497 2986; x_wconf 86' lang='grc' dir='ltr'>μὴ</span> <span class='ocrx_word' id='word_1_441' title='bbox 3561 2916 3847 2986; x_wconf 81' lang='grc' dir='ltr'>δυνάμενοι</span> <span class='ocrx_word' id='word_1_442' title='bbox 3911 2937 4095 2991; x_wconf 82' lang='grc' dir='ltr'>παρα-</span> 
     </span>
    </p>
   </div>
   <div class='ocr_carea' id='block_1_60' title="bbox 2514 3003 4094 3077">
    <p class='ocr_par' dir='ltr' id='par_1_60' title="bbox 2514 3003 4094 3077">
     <span class='ocr_line' id='line_1_60' title="bbox 2514 3003 4094 3077; baseline 0.002 -21"><span class='ocrx_word' id='word_1_443' title='bbox 2514 3007 2697 3075; x_wconf 84' lang='grc' dir='ltr'>νομείν</span> <span class='ocrx_word' id='word_1_444' title='bbox 2724 3004 2966 3071; x_wconf 85' lang='grc' dir='ltr'>ἐδίδαξαν</span> <span class='ocrx_word' id='word_1_445' title='bbox 2991 3021 3004 3035; x_wconf 92' lang='grc'><strong>·</strong></span> <span class='ocrx_word' id='word_1_446' title='bbox 3040 3006 3073 3074; x_wconf 87' lang='grc' dir='ltr'><strong>ή</strong></span> <span class='ocrx_word' id='word_1_447' title='bbox 3108 3003 3217 3075; x_wconf 79' lang='grc' dir='ltr'><strong>γὰρ</strong></span> <span class='ocrx_word' id='word_1_448' title='bbox 3252 3003 3450 3073; x_wconf 75' lang='grc' dir='ltr'>ἰδιότης</span> <span class='ocrx_word' id='word_1_449' title='bbox 3480 3005 3589 3057; x_wconf 86' lang='grc' dir='ltr'><strong>τῶν</strong></span> <span class='ocrx_word' id='word_1_450' title='bbox 3621 3006 3820 3076; x_wconf 84' lang='grc' dir='ltr'>νόμων,</span> <span class='ocrx_word' id='word_1_451' title='bbox 3852 3006 3948 3077; x_wconf 81' lang='grc' dir='ltr'>τὴν</span> <span class='ocrx_word' id='word_1_452' title='bbox 3977 3023 4094 3059; x_wconf 87' lang='grc' dir='ltr'>κοι-</span> 
     </span>
    </p>
   </div>
   <div class='ocr_carea' id='block_1_61' title="bbox 2511 3097 4087 3171">
    <p class='ocr_par' dir='ltr' id='par_1_61' title="bbox 2511 3097 4087 3171">
     <span class='ocr_line' id='line_1_61' title="bbox 2511 3097 4087 3171; baseline 0.001 -20"><span class='ocrx_word' id='word_1_453' title='bbox 2511 3099 2707 3152; x_wconf 85' lang='grc' dir='ltr'>νωνίαν</span> <span class='ocrx_word' id='word_1_454' title='bbox 2751 3098 2843 3151; x_wconf 73' lang='grc' dir='ltr'><strong>τοῦ</strong></span> <span class='ocrx_word' id='word_1_455' title='bbox 2877 3099 3022 3151; x_wconf 82' lang='grc' dir='ltr'>θείου</span> <span class='ocrx_word' id='word_1_456' title='bbox 3054 3097 3221 3167; x_wconf 86' lang='grc' dir='ltr'>νόμου</span> <span class='ocrx_word' id='word_1_457' title='bbox 3258 3097 3556 3167; x_wconf 86' lang='grc' dir='ltr'>κατέτεμεν</span> <span class='ocrx_word' id='word_1_458' title='bbox 3586 3099 3680 3151; x_wconf 73' lang='grc' dir='ltr'>καὶ</span> <span class='ocrx_word' id='word_1_459' title='bbox 3703 3099 4051 3171; x_wconf 85' lang='grc' dir='ltr'>παρατρώγει</span> <span class='ocrx_word' id='word_1_460' title='bbox 4070 3120 4087 3133; x_wconf 76' lang='grc' dir='ltr'><strong>ο</strong></span> 
     </span>
    </p>
   </div>
   <div class='ocr_carea' id='block_1_62' title="bbox 831 3181 2602 3287">
    <p class='ocr_par' dir='ltr' id='par_1_62' title="bbox 831 3181 2602 3287">
     <span class='ocr_line' id='line_1_62' title="bbox 831 3181 2602 3287; baseline 0.013 -64"><span class='ocrx_word' id='word_1_461' title='bbox 831 3186 941 3225; x_wconf 84' lang='grc'><strong>11011</strong></span> <span class='ocrx_word' id='word_1_462' title='bbox 971 3183 1218 3241; x_wconf 89' lang='lat' dir='ltr'><strong>possent,</strong></span> <span class='ocrx_word' id='word_1_463' title='bbox 1250 3185 1442 3231; x_wconf 88' lang='lat' dir='ltr'><strong>contra</strong></span> <span class='ocrx_word' id='word_1_464' title='bbox 1472 3184 1530 3242; x_wconf 59' lang='grc' dir='ltr'><strong>ᾖ(</strong></span> <span class='ocrx_word' id='word_1_465' title='bbox 1561 3181 1706 3248; x_wconf 73' lang='lat' dir='ltr'><strong>leges</strong></span> <span class='ocrx_word' id='word_1_466' title='bbox 1735 3183 1912 3238; x_wconf 88' lang='lat' dir='ltr'><strong>facere</strong></span> <span class='ocrx_word' id='word_1_467' title='bbox 1942 3185 2245 3241; x_wconf 85' lang='lat' dir='ltr'><strong>docuerunt</strong></span> <span class='ocrx_word' id='word_1_468' title='bbox 2277 3208 2289 3241; x_wconf 93' lang='lat'><strong>:</strong></span> <span class='ocrx_word' id='word_1_469' title='bbox 2325 3190 2396 3243; x_wconf 87' lang='lat' dir='ltr'><strong>le-</strong></span> <span class='ocrx_word' id='word_1_470' title='bbox 2434 3228 2482 3287; x_wconf 65' lang='grc' dir='ltr'>ο</span> <span class='ocrx_word' id='word_1_471' title='bbox 2515 3190 2602 3261; x_wconf 74' lang='grc' dir='ltr'>μὴ</span> 
     </span>
    </p>
   </div>
   <div class='ocr_carea' id='block_1_63' title="bbox 2316 3181 4087 3287">
    <p class='ocr_par' dir='ltr' id='par_1_63' title="bbox 2325 3188 4087 3287">
     <span class='ocr_line' id='line_1_63' title="bbox 2325 3188 4087 3287; baseline -0.001 -43"><span class='ocrx_word' id='word_1_472' title='bbox 2325 3190 2396 3243; x_wconf 86' lang='lat' dir='ltr'><strong>le-</strong></span> <span class='ocrx_word' id='word_1_473' title='bbox 2434 3228 2482 3287; x_wconf 63' lang='grc' dir='ltr'>ο</span> <span class='ocrx_word' id='word_1_474' title='bbox 2515 3190 2603 3261; x_wconf 49' lang='grc' dir='ltr'>μὴν</span> <span class='ocrx_word' id='word_1_475' title='bbox 2627 3190 2913 3253; x_wconf 80' lang='grc' dir='ltr'>συνιεὶς-τὺ</span> <span class='ocrx_word' id='word_1_476' title='bbox 2943 3189 3038 3242; x_wconf 80' lang='grc' dir='ltr'>τοῦ</span> <span class='ocrx_word' id='word_1_477' title='bbox 3074 3188 3399 3241; x_wconf 81' lang='grc' dir='ltr'>Ἀποστόλου</span> <span class='ocrx_word' id='word_1_478' title='bbox 3447 3188 3628 3259; x_wconf 78' lang='grc' dir='ltr'>ῥητὸν,</span> <span class='ocrx_word' id='word_1_479' title='bbox 3672 3188 3915 3287; x_wconf 84' lang='grc' dir='ltr'>λέγοντος</span> <span class='ocrx_word' id='word_1_480' title='bbox 3938 3209 3959 3241; x_wconf 78' lang='grc'><strong>1</strong></span> <span class='ocrx_word' id='word_1_481' title='bbox 3986 3190 4087 3287; x_wconf 73' lang='grc' dir='ltr'>Διά</span> 
     </span>
    </p>
   </div>
   <div class='ocr_carea' id='block_1_64' title="bbox 827 3266 2412 3348">
    <p class='ocr_par' dir='ltr' id='par_1_64' title="bbox 827 3266 2412 3348">
     <span class='ocr_line' id='line_1_64' title="bbox 827 3266 2412 3348; baseline 0.011 -31"><span class='ocrx_word' id='word_1_482' title='bbox 827 3280 954 3331; x_wconf 76' lang='lat' dir='ltr'><strong>gum</strong></span> <span class='ocrx_word' id='word_1_483' title='bbox 994 3266 1137 3319; x_wconf 91' lang='lat' dir='ltr'><strong>enim</strong></span> <span class='ocrx_word' id='word_1_484' title='bbox 1166 3269 1473 3338; x_wconf 85' lang='lat' dir='ltr'><strong>proprietas</strong></span> <span class='ocrx_word' id='word_1_485' title='bbox 1509 3271 1771 3328; x_wconf 88' lang='lat' dir='ltr'><strong>dissecuit</strong></span> <span class='ocrx_word' id='word_1_486' title='bbox 1790 3275 1986 3331; x_wconf 72' lang='lat' dir='ltr'><strong>divina:</strong></span> <span class='ocrx_word' id='word_1_487' title='bbox 2012 3279 2147 3348; x_wconf 77' lang='lat' dir='ltr'><strong>legis</strong></span> <span class='ocrx_word' id='word_1_488' title='bbox 2172 3296 2412 3334; x_wconf 87' lang='lat' dir='ltr'><strong>commu-</strong></span> 
     </span>
    </p>
   </div>
   <div class='ocr_carea' id='block_1_65' title="bbox 827 3356 2402 3440">
    <p class='ocr_par' dir='ltr' id='par_1_65' title="bbox 827 3356 2402 3440">
     <span class='ocr_line' id='line_1_65' title="bbox 827 3356 2402 3440; baseline 0.011 -32"><span class='ocrx_word' id='word_1_489' title='bbox 827 3356 1042 3410; x_wconf 90' lang='lat' dir='ltr'><strong>nionem</strong></span> <span class='ocrx_word' id='word_1_490' title='bbox 1071 3366 1123 3412; x_wconf 92' lang='lat' dir='ltr'><strong>et</strong></span> <span class='ocrx_word' id='word_1_491' title='bbox 1159 3360 1403 3426; x_wconf 88' lang='lat' dir='ltr'><strong>arrodit;</strong></span> <span class='ocrx_word' id='word_1_492' title='bbox 1442 3378 1548 3417; x_wconf 91' lang='lat' dir='ltr'><strong>non</strong></span> <span class='ocrx_word' id='word_1_493' title='bbox 1586 3365 1891 3434; x_wconf 71' lang='lat' dir='ltr'><strong>intelligens</strong></span> <span class='ocrx_word' id='word_1_494' title='bbox 1913 3367 2120 3423; x_wconf 91' lang='lat' dir='ltr'><strong>dictum</strong></span> <span class='ocrx_word' id='word_1_495' title='bbox 2156 3370 2402 3440; x_wconf 68' lang='lat' dir='ltr'><strong>Apostoli</strong></span> 
     </span>
    </p>
   </div>
   <div class='ocr_carea' id='block_1_66' title="bbox 827 3448 2402 3529">
    <p class='ocr_par' dir='ltr' id='par_1_66' title="bbox 827 3448 2402 3529">
     <span class='ocr_line' id='line_1_66' title="bbox 827 3448 2402 3529; baseline 0.011 -28"><span class='ocrx_word' id='word_1_496' title='bbox 827 3448 1058 3504; x_wconf 88' lang='lat' dir='ltr'><strong>dicentis</strong></span> <span class='ocrx_word' id='word_1_497' title='bbox 1092 3468 1106 3503; x_wconf 88' lang='lat'>:</span> <span class='ocrx_word' id='word_1_498' title='bbox 1144 3468 1162 3500; x_wconf 85' lang='grc'><strong>1</strong></span> <span class='ocrx_word' id='word_1_499' title='bbox 1195 3449 1306 3506; x_wconf 90' lang='lat' dir='ltr'><strong>Per</strong></span> <span class='ocrx_word' id='word_1_500' title='bbox 1335 3453 1505 3522; x_wconf 80' lang='lat' dir='ltr'><strong>legem</strong></span> <span class='ocrx_word' id='word_1_501' title='bbox 1523 3466 1805 3524; x_wconf 85' lang='lat' dir='ltr'><strong>peccatum</strong></span> <span class='ocrx_word' id='word_1_502' title='bbox 1823 3462 2072 3529; x_wconf 83' lang='lat' dir='ltr'><strong>cognovi.</strong></span> <span class='ocrx_word' id='word_1_503' title='bbox 2101 3481 2120 3514; x_wconf 77' lang='grc' dir='ltr'><strong>ι</strong></span> <span class='ocrx_word' id='word_1_504' title='bbox 2143 3461 2402 3520; x_wconf 85' lang='lat' dir='ltr'><strong>Etmeum</strong></span> 
     </span>
    </p>
   </div>
   <div class='ocr_carea' id='block_1_67' title="bbox 825 3541 2404 3626">
    <p class='ocr_par' dir='ltr' id='par_1_67' title="bbox 825 3541 2404 3626">
     <span class='ocr_line' id='line_1_67' title="bbox 825 3541 2404 3626; baseline 0.012 -33"><span class='ocrx_word' id='word_1_505' title='bbox 825 3549 881 3594; x_wconf 89' lang='lat' dir='ltr'><strong>et</strong></span> <span class='ocrx_word' id='word_1_506' title='bbox 906 3550 1057 3594; x_wconf 90' lang='lat' dir='ltr'><strong>tuum</strong></span> <span class='ocrx_word' id='word_1_507' title='bbox 1082 3541 1214 3596; x_wconf 90' lang='lat' dir='ltr'><strong>dicit</strong></span> <span class='ocrx_word' id='word_1_508' title='bbox 1235 3544 1470 3600; x_wconf 90' lang='lat' dir='ltr'><strong>subiisse</strong></span> <span class='ocrx_word' id='word_1_509' title='bbox 1491 3563 1588 3616; x_wconf 89' lang='lat' dir='ltr'><strong>per</strong></span> <span class='ocrx_word' id='word_1_510' title='bbox 1607 3549 1773 3619; x_wconf 83' lang='lat' dir='ltr'><strong>leges,</strong></span> <span class='ocrx_word' id='word_1_511' title='bbox 1793 3559 1853 3604; x_wconf 92' lang='lat' dir='ltr'><strong>ut</strong></span> <span class='ocrx_word' id='word_1_512' title='bbox 1877 3568 2000 3621; x_wconf 67' lang='lat' dir='ltr'><strong>quae</strong></span> <span class='ocrx_word' id='word_1_513' title='bbox 2027 3570 2136 3608; x_wconf 89' lang='lat' dir='ltr'><strong>non</strong></span> <span class='ocrx_word' id='word_1_514' title='bbox 2169 3558 2404 3626; x_wconf 87' lang='lat' dir='ltr'><strong>amplius</strong></span> 
     </span>
    </p>
   </div>
   <div class='ocr_carea' id='block_1_68' title="bbox 824 3632 2397 3718">
    <p class='ocr_par' dir='ltr' id='par_1_68' title="bbox 824 3632 2397 3718">
     <span class='ocr_line' id='line_1_68' title="bbox 824 3632 2397 3718; baseline 0.012 -34"><span class='ocrx_word' id='word_1_515' title='bbox 824 3632 1191 3687; x_wconf 88' lang='lat' dir='ltr'><strong>communiter</strong></span> <span class='ocrx_word' id='word_1_516' title='bbox 1261 3635 1519 3691; x_wconf 79' lang='lat' dir='ltr'><strong>iruantur</strong></span> <span class='ocrx_word' id='word_1_517' title='bbox 1592 3638 1743 3710; x_wconf 92' lang='lat' dir='ltr'><strong>(sunt</strong></span> <span class='ocrx_word' id='word_1_518' title='bbox 1823 3644 1969 3697; x_wconf 91' lang='lat' dir='ltr'><strong>enim</strong></span> <span class='ocrx_word' id='word_1_519' title='bbox 2038 3649 2397 3718; x_wconf 78' lang='lat' dir='ltr'><strong>communia),</strong></span> 
     </span>
    </p>
   </div>
   <div class='ocr_carea' id='block_1_69' title="bbox 826 3732 2402 3809">
    <p class='ocr_par' dir='ltr' id='par_1_69' title="bbox 826 3732 2402 3809">
     <span class='ocr_line' id='line_1_69' title="bbox 826 3732 2402 3809; baseline 0.013 -33"><span class='ocrx_word' id='word_1_520' title='bbox 826 3738 1000 3792; x_wconf 83' lang='lat' dir='ltr'><strong>neque</strong></span> <span class='ocrx_word' id='word_1_521' title='bbox 1050 3732 1225 3792; x_wconf 90' lang='lat' dir='ltr'><strong>terra,</strong></span> <span class='ocrx_word' id='word_1_522' title='bbox 1294 3742 1469 3797; x_wconf 92' lang='lat' dir='ltr'><strong>neque</strong></span> <span class='ocrx_word' id='word_1_523' title='bbox 1533 3732 2017 3800; x_wconf 83' lang='lat' dir='ltr'><strong>possessionibus,</strong></span> <span class='ocrx_word' id='word_1_524' title='bbox 2076 3739 2170 3792; x_wconf 90' lang='lat' dir='ltr'><strong>sed</strong></span> <span class='ocrx_word' id='word_1_525' title='bbox 2225 3756 2402 3809; x_wconf 84' lang='lat' dir='ltr'><strong>neque</strong></span> 
     </span>
    </p>
   </div>
   <div class='ocr_carea' id='block_1_70' title="bbox 824 3815 2396 3895">
    <p class='ocr_par' dir='ltr' id='par_1_70' title="bbox 824 3815 2396 3895">
     <span class='ocr_line' id='line_1_70' title="bbox 824 3815 2396 3895; baseline 0.014 -31"><span class='ocrx_word' id='word_1_526' title='bbox 824 3815 1195 3871; x_wconf 84' lang='lat' dir='ltr'><strong>matrimonio.</strong></span> <span class='ocrx_word' id='word_1_527' title='bbox 1218 3816 1369 3871; x_wconf 90' lang='lat' dir='ltr'><strong>Fecit</strong></span> <span class='ocrx_word' id='word_1_528' title='bbox 1391 3819 1538 3873; x_wconf 91' lang='lat' dir='ltr'><strong>enim</strong></span> <span class='ocrx_word' id='word_1_529' title='bbox 1563 3822 1700 3877; x_wconf 88' lang='lat' dir='ltr'><strong>vites</strong></span> <span class='ocrx_word' id='word_1_530' title='bbox 1734 3828 2098 3881; x_wconf 74' lang='lat' dir='ltr'><strong>communiter</strong></span> <span class='ocrx_word' id='word_1_531' title='bbox 2121 3831 2396 3895; x_wconf 89' lang='lat' dir='ltr'><strong>omnibus,</strong></span> 
     </span>
    </p>
   </div>
   <div class='ocr_carea' id='block_1_71' title="bbox 729 3914 2399 3991">
    <p class='ocr_par' dir='ltr' id='par_1_71' title="bbox 729 3914 2399 3991">
     <span class='ocr_line' id='line_1_71' title="bbox 729 3914 2399 3991; baseline 0.013 -36"><span class='ocrx_word' id='word_1_532' title='bbox 729 3963 743 3975; x_wconf 84' lang='lat'><em>_</em></span> <span class='ocrx_word' id='word_1_533' title='bbox 823 3921 947 3974; x_wconf 70' lang='lat' dir='ltr'><strong>quae</strong></span> <span class='ocrx_word' id='word_1_534' title='bbox 1002 3922 1178 3977; x_wconf 90' lang='lat' dir='ltr'><strong>neque</strong></span> <span class='ocrx_word' id='word_1_535' title='bbox 1227 3924 1530 3977; x_wconf 85' lang='lat' dir='ltr'><strong>passerem,</strong></span> <span class='ocrx_word' id='word_1_536' title='bbox 1567 3929 1743 3983; x_wconf 86' lang='lat' dir='ltr'><strong>neque</strong></span> <span class='ocrx_word' id='word_1_537' title='bbox 1792 3914 1965 3970; x_wconf 83' lang='lat' dir='ltr'><strong>furem</strong></span> <span class='ocrx_word' id='word_1_538' title='bbox 2008 3919 2310 3991; x_wconf 85' lang='lat' dir='ltr'><strong>abnegant;</strong></span> <span class='ocrx_word' id='word_1_539' title='bbox 2344 3933 2399 3977; x_wconf 90' lang='lat' dir='ltr'><strong>et</strong></span> 
     </span>
    </p>
   </div>
   <div class='ocr_carea' id='block_1_72' title="bbox 820 3994 2394 4066">
    <p class='ocr_par' dir='ltr' id='par_1_72' title="bbox 820 3994 2394 4066">
     <span class='ocr_line' id='line_1_72' title="bbox 820 3994 2394 4066; baseline 0.013 -19"><span class='ocrx_word' id='word_1_540' title='bbox 820 3994 1154 4051; x_wconf 89' lang='lat' dir='ltr'><strong>frumentum</strong></span> <span class='ocrx_word' id='word_1_541' title='bbox 1190 4000 1458 4066; x_wconf 81' lang='lat' dir='ltr'><strong>similiter,</strong></span> <span class='ocrx_word' id='word_1_542' title='bbox 1492 4011 1545 4056; x_wconf 91' lang='lat' dir='ltr'><strong>et</strong></span> <span class='ocrx_word' id='word_1_543' title='bbox 1589 4005 1727 4059; x_wconf 90' lang='lat' dir='ltr'><strong>alios</strong></span> <span class='ocrx_word' id='word_1_544' title='bbox 1776 4005 2008 4063; x_wconf 88' lang='lat' dir='ltr'><strong>fructus.</strong></span> <span class='ocrx_word' id='word_1_545' title='bbox 2038 4007 2253 4065; x_wconf 87' lang='lat' dir='ltr'><strong>Violata</strong></span> <span class='ocrx_word' id='word_1_546' title='bbox 2293 4028 2394 4066; x_wconf 83' lang='lat' dir='ltr'><strong>au-</strong></span> 
     </span>
    </p>
   </div>
   <div class='ocr_carea' id='block_1_73' title="bbox 821 4092 2391 4170">
    <p class='ocr_par' dir='ltr' id='par_1_73' title="bbox 821 4092 2391 4170">
     <span class='ocr_line' id='line_1_73' title="bbox 821 4092 2391 4170; baseline 0.011 -28"><span class='ocrx_word' id='word_1_547' title='bbox 821 4096 929 4143; x_wconf 83' lang='lat' dir='ltr'><strong>tem</strong></span> <span class='ocrx_word' id='word_1_548' title='bbox 958 4092 1276 4146; x_wconf 90' lang='lat' dir='ltr'><strong>communio</strong></span> <span class='ocrx_word' id='word_1_549' title='bbox 1302 4103 1354 4147; x_wconf 93' lang='lat' dir='ltr'><strong>et</strong></span> <span class='ocrx_word' id='word_1_550' title='bbox 1377 4094 1680 4164; x_wconf 71' lang='lat' dir='ltr'><strong>aequalitas,</strong></span> <span class='ocrx_word' id='word_1_551' title='bbox 1715 4099 1904 4167; x_wconf 77' lang='lat' dir='ltr'><strong>genuit</strong></span> <span class='ocrx_word' id='word_1_552' title='bbox 1930 4099 2105 4155; x_wconf 78' lang='lat' dir='ltr'><strong>furem</strong></span> <span class='ocrx_word' id='word_1_553' title='bbox 2136 4119 2391 4170; x_wconf 87' lang='lat' dir='ltr'><strong>pecorum</strong></span> 
     </span>
    </p>
   </div>
   <div class='ocr_carea' id='block_1_74' title="bbox 817 4181 2389 4256">
    <p class='ocr_par' dir='ltr' id='par_1_74' title="bbox 817 4181 2389 4256">
     <span class='ocr_line' id='line_1_74' title="bbox 817 4181 2389 4256; baseline 0.012 -23"><span class='ocrx_word' id='word_1_554' title='bbox 817 4191 872 4235; x_wconf 92' lang='lat' dir='ltr'><strong>et</strong></span> <span class='ocrx_word' id='word_1_555' title='bbox 905 4181 1201 4237; x_wconf 90' lang='lat' dir='ltr'><strong>fructuum.</strong></span> <span class='ocrx_word' id='word_1_556' title='bbox 1249 4183 1387 4239; x_wconf 86' lang='lat' dir='ltr'><strong>Cum</strong></span> <span class='ocrx_word' id='word_1_557' title='bbox 1439 4202 1568 4256; x_wconf 83' lang='lat' dir='ltr'><strong>ergo</strong></span> <span class='ocrx_word' id='word_1_558' title='bbox 1606 4188 1750 4245; x_wconf 91' lang='lat' dir='ltr'><strong>Deus</strong></span> <span class='ocrx_word' id='word_1_559' title='bbox 1799 4196 2165 4250; x_wconf 89' lang='lat' dir='ltr'><strong>communiter</strong></span> <span class='ocrx_word' id='word_1_560' title='bbox 2207 4199 2389 4252; x_wconf 89' lang='lat' dir='ltr'><strong>omnia</strong></span> 
     </span>
    </p>
   </div>
   <div class='ocr_carea' id='block_1_75' title="bbox 818 4271 2392 4343">
    <p class='ocr_par' dir='ltr' id='par_1_75' title="bbox 818 4271 2392 4343">
     <span class='ocr_line' id='line_1_75' title="bbox 818 4271 2392 4343; baseline 0.012 -18"><span class='ocrx_word' id='word_1_561' title='bbox 818 4271 1039 4328; x_wconf 86' lang='lat' dir='ltr'><strong>fecisset</strong></span> <span class='ocrx_word' id='word_1_562' title='bbox 1089 4274 1322 4340; x_wconf 90' lang='lat' dir='ltr'><strong>homini,</strong></span> <span class='ocrx_word' id='word_1_563' title='bbox 1355 4286 1409 4332; x_wconf 88' lang='lat' dir='ltr'><strong>et</strong></span> <span class='ocrx_word' id='word_1_564' title='bbox 1438 4277 1695 4335; x_wconf 86' lang='lat' dir='ltr'><strong>feminam</strong></span> <span class='ocrx_word' id='word_1_565' title='bbox 1719 4298 1842 4337; x_wconf 90' lang='lat' dir='ltr'><strong>cum</strong></span> <span class='ocrx_word' id='word_1_566' title='bbox 1876 4288 2118 4342; x_wconf 89' lang='lat' dir='ltr'><strong>masculo</strong></span> <span class='ocrx_word' id='word_1_567' title='bbox 2150 4305 2392 4343; x_wconf 87' lang='lat' dir='ltr'><strong>commu-</strong></span> 
     </span>
    </p>
   </div>
   <div class='ocr_carea' id='block_1_76' title="bbox 818 4363 2386 4436">
    <p class='ocr_par' dir='ltr' id='par_1_76' title="bbox 818 4363 2386 4436">
     <span class='ocr_line' id='line_1_76' title="bbox 818 4363 2386 4436; baseline 0.012 -20"><span class='ocrx_word' id='word_1_568' title='bbox 818 4363 961 4418; x_wconf 90' lang='lat' dir='ltr'><strong>niter</strong></span> <span class='ocrx_word' id='word_1_569' title='bbox 1012 4367 1408 4434; x_wconf 82' lang='lat' dir='ltr'><strong>conjunxisset,</strong></span> <span class='ocrx_word' id='word_1_570' title='bbox 1457 4377 1512 4424; x_wconf 93' lang='lat' dir='ltr'><strong>et</strong></span> <span class='ocrx_word' id='word_1_571' title='bbox 1550 4375 1733 4429; x_wconf 88' lang='lat' dir='ltr'><strong>omnia</strong></span> <span class='ocrx_word' id='word_1_572' title='bbox 1781 4377 2035 4433; x_wconf 79' lang='lat' dir='ltr'><strong>similiter</strong></span> <span class='ocrx_word' id='word_1_573' title='bbox 2086 4381 2386 4436; x_wconf 87' lang='lat' dir='ltr'><strong>animantia</strong></span> 
     </span>
    </p>
   </div>
   <div class='ocr_carea' id='block_1_77' title="bbox 817 4451 2388 4531">
    <p class='ocr_par' dir='ltr' id='par_1_77' title="bbox 817 4451 2388 4531">
     <span class='ocr_line' id='line_1_77' title="bbox 817 4451 2388 4531; baseline 0.013 -26"><span class='ocrx_word' id='word_1_574' title='bbox 817 4451 1284 4520; x_wconf 85' lang='lat' dir='ltr'><strong>conglutinasset,</strong></span> <span class='ocrx_word' id='word_1_575' title='bbox 1317 4460 1690 4523; x_wconf 88' lang='lat' dir='ltr'><strong>pronuntiavit</strong></span> <span class='ocrx_word' id='word_1_576' title='bbox 1727 4462 2016 4531; x_wconf 87' lang='lat' dir='ltr'><strong>justitiam,</strong></span> <span class='ocrx_word' id='word_1_577' title='bbox 2044 4472 2388 4526; x_wconf 51' lang='lat' dir='ltr'><strong>communio-</strong></span> 
     </span>
    </p>
   </div>
   <div class='ocr_carea' id='block_1_78' title="bbox 890 4588 2332 4664">
    <p class='ocr_par' dir='ltr' id='par_1_78' title="bbox 890 4588 2332 4664">
     <span class='ocr_line' id='line_1_78' title="bbox 890 4588 2332 4664; baseline 0.016 -24"><span class='ocrx_word' id='word_1_578' title='bbox 890 4595 947 4653; x_wconf 57' lang='grc' dir='ltr'><strong>ᾖ(</strong></span> <span class='ocrx_word' id='word_1_579' title='bbox 980 4588 1040 4643; x_wconf 86' lang='grc' dir='ltr'>Ρ.</span> <span class='ocrx_word' id='word_1_580' title='bbox 1089 4589 1196 4645; x_wconf 78' lang='grc'><strong>515</strong></span> <span class='ocrx_word' id='word_1_581' title='bbox 1239 4589 1345 4643; x_wconf 85' lang='grc' dir='ltr'>ΕΙ).</span> <span class='ocrx_word' id='word_1_582' title='bbox 1382 4591 1682 4662; x_wconf 85' lang='lat' dir='ltr'><strong>POTTER,</strong></span> <span class='ocrx_word' id='word_1_583' title='bbox 1707 4599 1946 4654; x_wconf 67' lang='lat'><strong>429—450</strong></span> <span class='ocrx_word' id='word_1_584' title='bbox 1974 4602 2082 4659; x_wconf 84' lang='lat' dir='ltr'><strong>ED.</strong></span> <span class='ocrx_word' id='word_1_585' title='bbox 2109 4605 2332 4664; x_wconf 81' lang='lat' dir='ltr'><strong>PARIS.</strong></span> 
     </span>
    </p>
   </div>
   <div class='ocr_carea' id='block_1_79' title="bbox 2510 3280 4087 3353">
    <p class='ocr_par' dir='ltr' id='par_1_79' title="bbox 2510 3280 4087 3353">
     <span class='ocr_line' id='line_1_79' title="bbox 2510 3280 4087 3353; baseline 0.001 -19"><span class='ocrx_word' id='word_1_586' title='bbox 2510 3283 2692 3353; x_wconf 85' lang='grc' dir='ltr'>Νόμου</span> <span class='ocrx_word' id='word_1_587' title='bbox 2747 3282 2843 3353; x_wconf 80' lang='grc' dir='ltr'>τὴν</span> <span class='ocrx_word' id='word_1_588' title='bbox 2905 3281 3177 3353; x_wconf 88' lang='grc' dir='ltr'>ἁμαρτίαν</span> <span class='ocrx_word' id='word_1_589' title='bbox 3221 3280 3393 3349; x_wconf 77' lang='grc' dir='ltr'>ἔγνων</span> <span class='ocrx_word' id='word_1_590' title='bbox 3416 3280 3526 3350; x_wconf 80' lang='grc'><strong>(58)</strong></span> <span class='ocrx_word' id='word_1_591' title='bbox 3548 3297 3563 3310; x_wconf 81' lang='lat'><strong><em>°</em></strong></span> <span class='ocrx_word' id='word_1_592' title='bbox 3596 3300 3616 3332; x_wconf 84' lang='grc'><strong>›</strong></span> <span class='ocrx_word' id='word_1_593' title='bbox 3652 3283 3712 3334; x_wconf 85' lang='grc' dir='ltr'><strong>τό</strong></span> <span class='ocrx_word' id='word_1_594' title='bbox 3743 3285 3792 3334; x_wconf 78' lang='grc' dir='ltr'>τ’</span> <span class='ocrx_word' id='word_1_595' title='bbox 3825 3283 3956 3353; x_wconf 79' lang='grc' dir='ltr'>ἐμὸν</span> <span class='ocrx_word' id='word_1_596' title='bbox 3990 3285 4087 3338; x_wconf 80' lang='grc' dir='ltr'>καὶ</span> 
     </span>
    </p>
   </div>
   <div class='ocr_carea' id='block_1_80' title="bbox 2505 3372 4082 3445">
    <p class='ocr_par' dir='ltr' id='par_1_80' title="bbox 2505 3372 4082 3445">
     <span class='ocr_line' id='line_1_80' title="bbox 2505 3372 4082 3445; baseline 0.001 -17"><span class='ocrx_word' id='word_1_597' title='bbox 2505 3375 2567 3428; x_wconf 81' lang='grc' dir='ltr'>τὸ</span> <span class='ocrx_word' id='word_1_598' title='bbox 2598 3375 2688 3428; x_wconf 82' lang='grc' dir='ltr'>σὸν</span> <span class='ocrx_word' id='word_1_599' title='bbox 2706 3375 2838 3445; x_wconf 74' lang='grc' dir='ltr'>φησὶ</span> <span class='ocrx_word' id='word_1_600' title='bbox 2871 3374 2960 3426; x_wconf 78' lang='grc' dir='ltr'><strong>διὰ</strong></span> <span class='ocrx_word' id='word_1_601' title='bbox 2984 3373 3091 3426; x_wconf 85' lang='grc' dir='ltr'><strong>τῶν</strong></span> <span class='ocrx_word' id='word_1_602' title='bbox 3113 3373 3292 3443; x_wconf 90' lang='grc' dir='ltr'>νόμων</span> <span class='ocrx_word' id='word_1_603' title='bbox 3314 3372 3688 3442; x_wconf 84' lang='grc' dir='ltr'>παρεισελθεῖν</span> <span class='ocrx_word' id='word_1_604' title='bbox 3709 3390 3721 3402; x_wconf 92' lang='grc'><strong>·</strong></span> <span class='ocrx_word' id='word_1_605' title='bbox 3752 3373 3948 3442; x_wconf 87' lang='grc' dir='ltr'>μηκέτι</span> <span class='ocrx_word' id='word_1_606' title='bbox 3972 3374 4082 3444; x_wconf 83' lang='grc'><strong>(59)</strong></span> 
     </span>
    </p>
   </div>
   <div class='ocr_carea' id='block_1_81' title="bbox 2506 3464 4083 3538">
    <p class='ocr_par' dir='ltr' id='par_1_81' title="bbox 2506 3464 4083 3538">
     <span class='ocr_line' id='line_1_81' title="bbox 2506 3464 4083 3538; baseline -0.002 -17"><span class='ocrx_word' id='word_1_607' title='bbox 2506 3471 2585 3530; x_wconf 87' lang='grc' dir='ltr'><strong>εἰς</strong></span> <span class='ocrx_word' id='word_1_608' title='bbox 2629 3467 2913 3538; x_wconf 86' lang='grc' dir='ltr'>κοινότητα</span> <span class='ocrx_word' id='word_1_609' title='bbox 2953 3464 3128 3536; x_wconf 88' lang='grc' dir='ltr'>(κοινά</span> <span class='ocrx_word' id='word_1_610' title='bbox 3175 3482 3233 3517; x_wconf 87' lang='grc' dir='ltr'><strong>τε</strong></span> <span class='ocrx_word' id='word_1_611' title='bbox 3271 3465 3434 3535; x_wconf 76' lang='grc' dir='ltr'>γάρ’)</span> <span class='ocrx_word' id='word_1_612' title='bbox 3480 3466 3891 3536; x_wconf 85' lang='grc' dir='ltr'>καρπουμένων,</span> <span class='ocrx_word' id='word_1_613' title='bbox 3941 3473 4083 3536; x_wconf 77' lang='grc' dir='ltr'>μήτε</span> 
     </span>
    </p>
   </div>
   <div class='ocr_carea' id='block_1_82' title="bbox 2504 3554 4082 3628">
    <p class='ocr_par' dir='ltr' id='par_1_82' title="bbox 2504 3554 4082 3628">
     <span class='ocr_line' id='line_1_82' title="bbox 2504 3554 4082 3628; baseline -0.001 -18"><span class='ocrx_word' id='word_1_614' title='bbox 2504 3558 2629 3627; x_wconf 84' lang='grc' dir='ltr'>γῆν,</span> <span class='ocrx_word' id='word_1_615' title='bbox 2673 3558 2810 3628; x_wconf 86' lang='grc' dir='ltr'>μήτε</span> <span class='ocrx_word' id='word_1_616' title='bbox 2845 3558 3119 3627; x_wconf 84' lang='grc' dir='ltr'>κτήματα,</span> <span class='ocrx_word' id='word_1_617' title='bbox 3153 3554 3290 3608; x_wconf 88' lang='grc' dir='ltr'><strong>ἀλλά</strong></span> <span class='ocrx_word' id='word_1_618' title='bbox 3338 3555 3470 3626; x_wconf 86' lang='grc' dir='ltr'><strong>μηδέ</strong></span> <span class='ocrx_word' id='word_1_619' title='bbox 3506 3556 3681 3625; x_wconf 87' lang='grc' dir='ltr'>γάμον</span> <span class='ocrx_word' id='word_1_620' title='bbox 3705 3573 3719 3584; x_wconf 89' lang='grc'>·</span> <span class='ocrx_word' id='word_1_621' title='bbox 3767 3559 3917 3626; x_wconf 86' lang='grc' dir='ltr'>κοινῇ</span> <span class='ocrx_word' id='word_1_622' title='bbox 3972 3555 4082 3627; x_wconf 86' lang='grc' dir='ltr'>γὰρ</span> 
     </span>
    </p>
   </div>
   <div class='ocr_carea' id='block_1_83' title="bbox 2502 3646 4081 3718">
    <p class='ocr_par' dir='ltr' id='par_1_83' title="bbox 2502 3646 4081 3718">
     <span class='ocr_line' id='line_1_83' title="bbox 2502 3646 4081 3718; baseline -0.002 -16"><span class='ocrx_word' id='word_1_623' title='bbox 2502 3650 2703 3703; x_wconf 78' lang='grc' dir='ltr'>ἃπασιν</span> <span class='ocrx_word' id='word_1_624' title='bbox 2735 3648 2954 3717; x_wconf 86' lang='grc' dir='ltr'>ἐποίησε</span> <span class='ocrx_word' id='word_1_625' title='bbox 2986 3647 3085 3710; x_wconf 75' lang='grc' dir='ltr'><strong>τὰς</strong></span> <span class='ocrx_word' id='word_1_626' title='bbox 3114 3646 3410 3717; x_wconf 82' lang='grc' dir='ltr'>ἀμπέλους,</span> <span class='ocrx_word' id='word_1_627' title='bbox 3449 3646 3503 3699; x_wconf 79' lang='grc' dir='ltr'>αἳ</span> <span class='ocrx_word' id='word_1_628' title='bbox 3536 3646 3609 3717; x_wconf 81' lang='grc' dir='ltr'>μὴ</span> <span class='ocrx_word' id='word_1_629' title='bbox 3642 3646 3918 3718; x_wconf 84' lang='grc' dir='ltr'>στρουθὸν,</span> <span class='ocrx_word' id='word_1_630' title='bbox 3941 3649 4081 3718; x_wconf 78' lang='grc' dir='ltr'>μήτε</span> 
     </span>
    </p>
   </div>
   <div class='ocr_carea' id='block_1_84' title="bbox 2501 3737 4077 3812">
    <p class='ocr_par' dir='ltr' id='par_1_84' title="bbox 2501 3737 4077 3812">
     <span class='ocr_line' id='line_1_84' title="bbox 2501 3737 4077 3812; baseline -0.003 -19"><span class='ocrx_word' id='word_1_631' title='bbox 2501 3741 2735 3812; x_wconf 87' lang='grc' dir='ltr'>κλέπτην</span> <span class='ocrx_word' id='word_1_632' title='bbox 2758 3738 3127 3808; x_wconf 74' lang='grc' dir='ltr'>ἀπαρνοῦνται</span> <span class='ocrx_word' id='word_1_633' title='bbox 3147 3755 3159 3767; x_wconf 91' lang='grc'>·</span> <span class='ocrx_word' id='word_1_634' title='bbox 3187 3738 3281 3791; x_wconf 79' lang='grc' dir='ltr'>καὶ</span> <span class='ocrx_word' id='word_1_635' title='bbox 3311 3737 3399 3789; x_wconf 85' lang='grc' dir='ltr'>τὸν</span> <span class='ocrx_word' id='word_1_636' title='bbox 3429 3738 3573 3790; x_wconf 87' lang='grc' dir='ltr'>σῖτον</span> <span class='ocrx_word' id='word_1_637' title='bbox 3601 3737 3790 3802; x_wconf 75' lang='grc' dir='ltr'>οὕτως,</span> <span class='ocrx_word' id='word_1_638' title='bbox 3825 3738 3919 3791; x_wconf 71' lang='grc' dir='ltr'>καὶ</span> <span class='ocrx_word' id='word_1_639' title='bbox 3950 3738 4077 3800; x_wconf 70' lang='grc' dir='ltr'>τοὺς</span> 
     </span>
    </p>
   </div>
   <div class='ocr_carea' id='block_1_85' title="bbox 2499 3825 4074 3901">
    <p class='ocr_par' dir='ltr' id='par_1_85' title="bbox 2499 3825 4074 3901">
     <span class='ocr_line' id='line_1_85' title="bbox 2499 3825 4074 3901; baseline -0.002 -17"><span class='ocrx_word' id='word_1_640' title='bbox 2499 3832 2688 3895; x_wconf 85' lang='grc' dir='ltr'>ἄλλους</span> <span class='ocrx_word' id='word_1_641' title='bbox 2716 3830 2983 3901; x_wconf 80' lang='grc' dir='ltr'>καρπούς.</span> <span class='ocrx_word' id='word_1_642' title='bbox 3016 3831 3078 3881; x_wconf 83' lang='grc' dir='ltr'><strong>Ἠ</strong></span> <span class='ocrx_word' id='word_1_643' title='bbox 3103 3828 3160 3880; x_wconf 82' lang='grc' dir='ltr'>δὲ</span> <span class='ocrx_word' id='word_1_644' title='bbox 3194 3828 3446 3880; x_wconf 88' lang='grc' dir='ltr'>κοινωνία</span> <span class='ocrx_word' id='word_1_645' title='bbox 3480 3827 3929 3899; x_wconf 81' lang='grc' dir='ltr'>παρανομηθεῖσα</span> <span class='ocrx_word' id='word_1_646' title='bbox 3961 3825 4074 3897; x_wconf 82' lang='grc'><strong>(60)</strong></span> 
     </span>
    </p>
   </div>
   <div class='ocr_carea' id='block_1_86' title="bbox 2499 3919 4073 3993">
    <p class='ocr_par' dir='ltr' id='par_1_86' title="bbox 2499 3919 4073 3993">
     <span class='ocr_line' id='line_1_86' title="bbox 2499 3919 4073 3993; baseline -0.003 -17"><span class='ocrx_word' id='word_1_647' title='bbox 2499 3925 2590 3976; x_wconf 69' lang='grc' dir='ltr'>καὶ</span> <span class='ocrx_word' id='word_1_648' title='bbox 2611 3924 2678 3976; x_wconf 79' lang='grc' dir='ltr'><strong>τὰ</strong></span> <span class='ocrx_word' id='word_1_649' title='bbox 2699 3923 2796 3993; x_wconf 80' lang='grc' dir='ltr'>τῆς</span> <span class='ocrx_word' id='word_1_650' title='bbox 2825 3923 3066 3991; x_wconf 76' lang='grc' dir='ltr'>ἰσότητος</span> <span class='ocrx_word' id='word_1_651' title='bbox 3090 3920 3345 3991; x_wconf 83' lang='grc' dir='ltr'>ἐγέννησε</span> <span class='ocrx_word' id='word_1_652' title='bbox 3369 3919 3694 3991; x_wconf 85' lang='grc' dir='ltr'>θρεμμάτων</span> <span class='ocrx_word' id='word_1_653' title='bbox 3721 3919 3816 3971; x_wconf 74' lang='grc' dir='ltr'>καὶ</span> <span class='ocrx_word' id='word_1_654' title='bbox 3844 3919 4073 3990; x_wconf 79' lang='grc' dir='ltr'>καρπῶν</span> 
     </span>
    </p>
   </div>
   <div class='ocr_carea' id='block_1_87' title="bbox 2498 4012 4071 4087">
    <p class='ocr_par' dir='ltr' id='par_1_87' title="bbox 2498 4012 4071 4087">
     <span class='ocr_line' id='line_1_87' title="bbox 2498 4012 4071 4087; baseline -0.003 -18"><span class='ocrx_word' id='word_1_655' title='bbox 2498 4016 2755 4085; x_wconf 77' lang='grc' dir='ltr'>κλέπτην.</span> <span class='ocrx_word' id='word_1_656' title='bbox 2815 4017 2982 4084; x_wconf 79' lang='grc' dir='ltr'>Κοινῇ</span> <span class='ocrx_word' id='word_1_657' title='bbox 3039 4012 3213 4066; x_wconf 87' lang='grc' dir='ltr'>τοίνυν</span> <span class='ocrx_word' id='word_1_658' title='bbox 3278 4018 3306 4068; x_wconf 91' lang='grc' dir='ltr'><strong>ό</strong></span> <span class='ocrx_word' id='word_1_659' title='bbox 3366 4015 3495 4078; x_wconf 70' lang='grc' dir='ltr'>Θεὸς</span> <span class='ocrx_word' id='word_1_660' title='bbox 3539 4014 3751 4067; x_wconf 74' lang='grc' dir='ltr'>ἅπαντα</span> <span class='ocrx_word' id='word_1_661' title='bbox 3798 4012 4071 4087; x_wconf 83' lang='grc' dir='ltr'>ἀνθρώπῳ</span> 
     </span>
    </p>
   </div>
   <div class='ocr_carea' id='block_1_88' title="bbox 2495 4104 4070 4179">
    <p class='ocr_par' dir='ltr' id='par_1_88' title="bbox 2495 4104 4070 4179">
     <span class='ocr_line' id='line_1_88' title="bbox 2495 4104 4070 4179; baseline 0.003 -21"><span class='ocrx_word' id='word_1_662' title='bbox 2495 4109 2747 4177; x_wconf 80' lang='grc' dir='ltr'>ποιήσας,</span> <span class='ocrx_word' id='word_1_663' title='bbox 2772 4108 2863 4159; x_wconf 75' lang='grc' dir='ltr'>καὶ</span> <span class='ocrx_word' id='word_1_664' title='bbox 2888 4107 2946 4160; x_wconf 78' lang='grc' dir='ltr'>τὸ</span> <span class='ocrx_word' id='word_1_665' title='bbox 2976 4106 3106 4177; x_wconf 83' lang='grc' dir='ltr'>θῆλυ</span> <span class='ocrx_word' id='word_1_666' title='bbox 3127 4105 3203 4176; x_wconf 84' lang='grc' dir='ltr'><strong>τῷ</strong></span> <span class='ocrx_word' id='word_1_667' title='bbox 3227 4108 3414 4179; x_wconf 74' lang='grc' dir='ltr'>ἄρρενι</span> <span class='ocrx_word' id='word_1_668' title='bbox 3436 4109 3587 4177; x_wconf 85' lang='grc' dir='ltr'>κοινῇ</span> <span class='ocrx_word' id='word_1_669' title='bbox 3613 4104 3950 4174; x_wconf 85' lang='grc' dir='ltr'>συναγαγὼν,</span> <span class='ocrx_word' id='word_1_670' title='bbox 3974 4109 4070 4162; x_wconf 75' lang='grc' dir='ltr'>καὶ</span> 
     </span>
    </p>
   </div>
   <div class='ocr_carea' id='block_1_89' title="bbox 2495 4195 4066 4269">
    <p class='ocr_par' dir='ltr' id='par_1_89' title="bbox 2495 4195 4066 4269">
     <span class='ocr_line' id='line_1_89' title="bbox 2495 4195 4066 4269; baseline 0.001 -19"><span class='ocrx_word' id='word_1_671' title='bbox 2495 4198 2652 4252; x_wconf 80' lang='grc' dir='ltr'>πάνθ’</span> <span class='ocrx_word' id='word_1_672' title='bbox 2681 4198 2876 4267; x_wconf 82' lang='grc' dir='ltr'>ὁμοίως</span> <span class='ocrx_word' id='word_1_673' title='bbox 2897 4197 2962 4251; x_wconf 72' lang='grc' dir='ltr'><strong>τὰ</strong></span> <span class='ocrx_word' id='word_1_674' title='bbox 2983 4197 3097 4261; x_wconf 80' lang='grc' dir='ltr'><strong>ζῶα</strong></span> <span class='ocrx_word' id='word_1_675' title='bbox 3120 4196 3381 4269; x_wconf 74' lang='grc' dir='ltr'>κολλήσας</span> <span class='ocrx_word' id='word_1_676' title='bbox 3396 4239 3409 4258; x_wconf 89' lang='grc'><strong>,</strong></span> <span class='ocrx_word' id='word_1_677' title='bbox 3439 4197 3537 4266; x_wconf 77' lang='grc' dir='ltr'>τὴν</span> <span class='ocrx_word' id='word_1_678' title='bbox 3569 4195 3917 4267; x_wconf 85' lang='grc' dir='ltr'>δικαιοσύνην</span> <span class='ocrx_word' id='word_1_679' title='bbox 3939 4199 4066 4251; x_wconf 83' lang='grc' dir='ltr'>ἀνέ-</span> 
     </span>
    </p>
   </div>
   <div class='ocr_carea' id='block_1_90' title="bbox 2494 4285 4063 4358">
    <p class='ocr_par' dir='ltr' id='par_1_90' title="bbox 2494 4285 4063 4358">
     <span class='ocr_line' id='line_1_90' title="bbox 2494 4285 4063 4358; baseline 0.002 -19"><span class='ocrx_word' id='word_1_680' title='bbox 2494 4303 2681 4356; x_wconf 82' lang='grc' dir='ltr'>φηνεν,</span> <span class='ocrx_word' id='word_1_681' title='bbox 2704 4285 2984 4339; x_wconf 88' lang='grc' dir='ltr'>κοινωνίαν</span> <span class='ocrx_word' id='word_1_682' title='bbox 3004 4290 3119 4355; x_wconf 84' lang='grc' dir='ltr'>μετ’</span> <span class='ocrx_word' id='word_1_683' title='bbox 3141 4287 3400 4358; x_wconf 72' lang='grc' dir='ltr'>ἰσότητος.</span> <span class='ocrx_word' id='word_1_684' title='bbox 3426 4287 3487 4340; x_wconf 77' lang='grc' dir='ltr'><strong>Οἱ</strong></span> <span class='ocrx_word' id='word_1_685' title='bbox 3515 4286 3570 4339; x_wconf 85' lang='grc' dir='ltr'><strong>δέ</strong></span> <span class='ocrx_word' id='word_1_686' title='bbox 3599 4286 3878 4354; x_wconf 80' lang='grc' dir='ltr'>γεγονότες</span> <span class='ocrx_word' id='word_1_687' title='bbox 3901 4288 4063 4351; x_wconf 76' lang='grc' dir='ltr'>οὕτω,</span> 
     </span>
    </p>
   </div>
   <div class='ocr_carea' id='block_1_91' title="bbox 2489 4376 4063 4450">
    <p class='ocr_par' dir='ltr' id='par_1_91' title="bbox 2489 4376 4063 4450">
     <span class='ocr_line' id='line_1_91' title="bbox 2489 4376 4063 4450; baseline 0 -19"><span class='ocrx_word' id='word_1_688' title='bbox 2489 4378 2587 4448; x_wconf 78' lang='grc' dir='ltr'>τὴν</span> <span class='ocrx_word' id='word_1_689' title='bbox 2615 4377 2944 4445; x_wconf 82' lang='grc' dir='ltr'>συνάγουσαν</span> <span class='ocrx_word' id='word_1_690' title='bbox 2976 4376 3278 4438; x_wconf 88' lang='grc' dir='ltr'>κοινωνίαν,</span> <span class='ocrx_word' id='word_1_691' title='bbox 3310 4378 3409 4447; x_wconf 79' lang='grc' dir='ltr'>τὴν</span> <span class='ocrx_word' id='word_1_692' title='bbox 3443 4377 3653 4444; x_wconf 84' lang='grc' dir='ltr'>γένεσιν</span> <span class='ocrx_word' id='word_1_693' title='bbox 3681 4377 3857 4430; x_wconf 84' lang='grc' dir='ltr'>αὐτῶν</span> <span class='ocrx_word' id='word_1_694' title='bbox 3881 4380 4063 4450; x_wconf 79' lang='grc' dir='ltr'>ἀπηρ-</span> 
     </span>
    </p>
   </div>
   <div class='ocr_carea' id='block_1_92' title="bbox 2490 4467 4059 4541">
    <p class='ocr_par' dir='ltr' id='par_1_92' title="bbox 2490 4467 4059 4541">
     <span class='ocr_line' id='line_1_92' title="bbox 2490 4467 4059 4541; baseline 0.001 -19"><span class='ocrx_word' id='word_1_695' title='bbox 2490 4470 2727 4541; x_wconf 79' lang='grc' dir='ltr'>νήθησαν</span> <span class='ocrx_word' id='word_1_696' title='bbox 2752 4481 2768 4497; x_wconf 82' lang='grc'><strong><em>⁸</em></strong></span> <span class='ocrx_word' id='word_1_697' title='bbox 2810 4467 2904 4521; x_wconf 71' lang='grc' dir='ltr'><strong>κα)⁸</strong></span> <span class='ocrx_word' id='word_1_698' title='bbox 2944 4467 3125 4538; x_wconf 77' lang='grc' dir='ltr'>φησὶν,</span> <span class='ocrx_word' id='word_1_699' title='bbox 3181 4469 3231 4519; x_wconf 83' lang='grc' dir='ltr'><strong>εί</strong></span> <span class='ocrx_word' id='word_1_700' title='bbox 3265 4467 3395 4537; x_wconf 88' lang='grc' dir='ltr'>μίαν</span> <span class='ocrx_word' id='word_1_701' title='bbox 3442 4467 3705 4534; x_wconf 84' lang='grc' dir='ltr'>ἀγόμενος</span> <span class='ocrx_word' id='word_1_702' title='bbox 3726 4467 3834 4540; x_wconf 81' lang='lat' dir='ltr'><strong>(6i)</strong></span> <span class='ocrx_word' id='word_1_703' title='bbox 3867 4470 4059 4540; x_wconf 85' lang='grc' dir='ltr'>ἐχέτω,</span> 
     </span>
    </p>
   </div>
   <div class='ocr_carea' id='block_1_93' title="bbox 814 4723 4053 4817">
    <p class='ocr_par' dir='ltr' id='par_1_93' title="bbox 814 4723 4053 4817">
     <span class='ocr_line' id='line_1_93' title="bbox 814 4723 4053 4817; baseline 0.008 -37"><span class='ocrx_word' id='word_1_704' title='bbox 814 4726 960 4817; x_wconf 43' lang='lat' dir='ltr'><strong>Sail};</strong></span> <span class='ocrx_word' id='word_1_705' title='bbox 989 4725 1603 4817; x_wconf 43' lang='grc' dir='ltr'><strong>ἰῚεεοάογεξιιυεῐροεραπἒ</strong></span> <span class='ocrx_word' id='word_1_706' title='bbox 1638 4734 1682 4804; x_wconf 83' lang='grc' dir='ltr'>β’</span> <span class='ocrx_word' id='word_1_707' title='bbox 1707 4723 2002 4817; x_wconf 51' lang='grc' dir='ltr'>ξλΗετιηίξιε</span> <span class='ocrx_word' id='word_1_708' title='bbox 2032 4743 2382 4817; x_wconf 78' lang='lat' dir='ltr'><strong>in_lrrisione</strong></span> <span class='ocrx_word' id='word_1_709' title='bbox 2414 4793 2459 4817; x_wconf 54' lang='grc' dir='ltr'>ἢ</span> <span class='ocrx_word' id='word_1_710' title='bbox 2488 4749 2816 4803; x_wconf 88' lang='lat' dir='ltr'><strong>editionibus</strong></span> <span class='ocrx_word' id='word_1_711' title='bbox 2853 4757 2973 4817; x_wconf 91' lang='lat' dir='ltr'><strong>post</strong></span> <span class='ocrx_word' id='word_1_712' title='bbox 3014 4758 3110 4800; x_wconf 85' lang='lat' dir='ltr'><strong>nas</strong></span> <span class='ocrx_word' id='word_1_713' title='bbox 3148 4757 3308 4797; x_wconf 88' lang='lat' dir='ltr'><strong>voces</strong></span> <span class='ocrx_word' id='word_1_714' title='bbox 3341 4746 3610 4808; x_wconf 90' lang='lat' dir='ltr'><strong>occurrit,</strong></span> <span class='ocrx_word' id='word_1_715' title='bbox 3651 4746 3841 4803; x_wconf 89' lang='lat' dir='ltr'><strong>tollere</strong></span> <span class='ocrx_word' id='word_1_716' title='bbox 3878 4748 4053 4804; x_wconf 83' lang='lat' dir='ltr'><strong>visnm</strong></span> 
     </span>
    </p>
   </div>
   <div class='ocr_carea' id='block_1_94' title="bbox 812 4793 2591 4885">
    <p class='ocr_par' dir='ltr' id='par_1_94' title="bbox 812 4793 2591 4885">
     <span class='ocr_line' id='line_1_94' title="bbox 812 4793 2591 4885; baseline 0.014 -39"><span class='ocrx_word' id='word_1_717' title='bbox 812 4797 1107 4885; x_wconf 55' lang='grc' dir='ltr'>ρρὶιοδορίι.</span> <span class='ocrx_word' id='word_1_718' title='bbox 1136 4800 1343 4867; x_wconf 81' lang='lat' dir='ltr'><strong>geutil.,</strong></span> <span class='ocrx_word' id='word_1_719' title='bbox 1367 4793 1793 4860; x_wconf 53' lang='lat' dir='ltr'><strong>Plutarclius&#39;De</strong></span> <span class='ocrx_word' id='word_1_720' title='bbox 1816 4793 2380 4885; x_wconf 36' lang='lat' dir='ltr'><strong>placitis—philosophi:</strong></span> <span class='ocrx_word' id='word_1_721' title='bbox 2414 4793 2459 4846; x_wconf 79' lang='grc' dir='ltr'>Ῑ)</span> 
     </span>
    </p>
   </div>
   <div class='ocr_carea' id='block_1_95' title="bbox 815 4866 1115 4926">
    <p class='ocr_par' dir='ltr' id='par_1_95' title="bbox 815 4866 1115 4926">
     <span class='ocr_line' id='line_1_95' title="bbox 815 4866 1115 4926; baseline 0.007 -8"><span class='ocrx_word' id='word_1_722' title='bbox 815 4866 910 4919; x_wconf 87' lang='lat' dir='ltr'><strong>lib.</strong></span> <span class='ocrx_word' id='word_1_723' title='bbox 942 4882 979 4926; x_wconf 89' lang='grc'><strong>1,</strong></span> <span class='ocrx_word' id='word_1_724' title='bbox 1014 4877 1115 4920; x_wconf 84' lang='lat' dir='ltr'><strong>etc.</strong></span> 
     </span>
    </p>
   </div>
   <div class='ocr_carea' id='block_1_96' title="bbox 882 4935 2378 5014">
    <p class='ocr_par' dir='ltr' id='par_1_96' title="bbox 882 4935 2378 5014">
     <span class='ocr_line' id='line_1_96' title="bbox 882 4935 2378 5014; baseline 0.015 -26"><span class='ocrx_word' id='word_1_725' title='bbox 882 4935 995 5014; x_wconf 53' lang='lat' dir='ltr'><strong>(5b)</strong></span> <span class='ocrx_word' id='word_1_726' title='bbox 1022 4936 1403 5014; x_wconf 60' lang='grc' dir='ltr'>Ἀνατέλλεωτ.</span> <span class='ocrx_word' id='word_1_727' title='bbox 1430 4939 1650 4999; x_wconf 84' lang='lat' dir='ltr'><strong>Rectius</strong></span> <span class='ocrx_word' id='word_1_728' title='bbox 1671 4947 1972 5014; x_wconf 86' lang='grc' dir='ltr'>ἀνατέλλει,</span> <span class='ocrx_word' id='word_1_729' title='bbox 1998 4951 2161 5008; x_wconf 91' lang='lat' dir='ltr'><strong>indic.</strong></span> <span class='ocrx_word' id='word_1_730' title='bbox 2187 4957 2378 5011; x_wconf 90' lang='lat' dir='ltr'><strong>modo:</strong></span> 
     </span>
    </p>
   </div>
   <div class='ocr_carea' id='block_1_97' title="bbox 807 5006 2381 5097">
    <p class='ocr_par' dir='ltr' id='par_1_97' title="bbox 807 5006 2381 5097">
     <span class='ocr_line' id='line_1_97' title="bbox 807 5006 2381 5097; baseline 0.013 -37"><span class='ocrx_word' id='word_1_731' title='bbox 807 5006 1100 5094; x_wconf 46' lang='lat' dir='ltr'><strong>ca.phra&#39;si,</strong></span> <span class='ocrx_word' id='word_1_732' title='bbox 1131 5012 1481 5097; x_wconf 53' lang='lat' dir='ltr'><strong>quaopsalmo</strong></span> <span class='ocrx_word' id='word_1_733' title='bbox 1510 5031 1607 5097; x_wconf 58' lang='lat' dir='ltr'><strong>erit</strong></span> <span class='ocrx_word' id='word_1_734' title='bbox 1635 5035 1675 5097; x_wconf 82' lang='lat'><strong>:_</strong></span> <span class='ocrx_word' id='word_1_735' title='bbox 1702 5017 1759 5071; x_wconf 86' lang='lat'><strong>&#39;0</strong></span> <span class='ocrx_word' id='word_1_736' title='bbox 1794 5006 2158 5097; x_wconf 65' lang='grc' dir='ltr'>ἐξανατέλλων</span> 
     </span>
    </p>
   </div>
   <div class='ocr_carea' id='block_1_98' title="bbox 807 5076 2376 5150">
    <p class='ocr_par' dir='ltr' id='par_1_98' title="bbox 807 5076 2376 5150">
     <span class='ocr_line' id='line_1_98' title="bbox 807 5076 2376 5150; baseline 0.015 -22"><span class='ocrx_word' id='word_1_737' title='bbox 807 5080 919 5150; x_wconf 84' lang='grc' dir='ltr'>τοῖς</span> <span class='ocrx_word' id='word_1_738' title='bbox 954 5076 1192 5150; x_wconf 58' lang='grc' dir='ltr'>κτήνεσι.</span> <span class='ocrx_word' id='word_1_739' title='bbox 1228 5076 1766 5150; x_wconf 54' lang='lat' dir='ltr'><strong>Simonta—Eadem</strong></span> <span class='ocrx_word' id='word_1_740' title='bbox 1803 5076 1962 5146; x_wconf 78' lang='lat' dir='ltr'><strong>lectio</strong></span> <span class='ocrx_word' id='word_1_741' title='bbox 1982 5076 2376 5150; x_wconf 46' lang='lat' dir='ltr'><strong>Grabioheiiain</strong></span> 
     </span>
    </p>
   </div>
   <div class='ocr_carea' id='block_1_99' title="bbox 810 5146 1834 5222">
    <p class='ocr_par' dir='ltr' id='par_1_99' title="bbox 810 5146 1834 5222">
     <span class='ocr_line' id='line_1_99' title="bbox 810 5146 1834 5222; baseline 0.014 -26"><span class='ocrx_word' id='word_1_742' title='bbox 810 5146 1342 5222; x_wconf 67' lang='lat' dir='ltr'><strong>placuit,__8picilcg_.,</strong></span> <span class='ocrx_word' id='word_1_743' title='bbox 1377 5163 1509 5206; x_wconf 88' lang='lat' dir='ltr'><strong>sect.</strong></span> <span class='ocrx_word' id='word_1_744' title='bbox 1536 5155 1624 5219; x_wconf 77' lang='grc'><strong>11,</strong></span> <span class='ocrx_word' id='word_1_745' title='bbox 1667 5170 1721 5222; x_wconf 92' lang='lat' dir='ltr'><strong>p.</strong></span> <span class='ocrx_word' id='word_1_746' title='bbox 1748 5156 1834 5210; x_wconf 80' lang='lat' dir='ltr'><strong>6i.</strong></span> 
     </span>
    </p>
   </div>
   <div class='ocr_carea' id='block_1_100' title="bbox 880 5216 2377 5293">
    <p class='ocr_par' dir='ltr' id='par_1_100' title="bbox 880 5216 2377 5293">
     <span class='ocr_line' id='line_1_100' title="bbox 880 5216 2377 5293; baseline 0.016 -25"><span class='ocrx_word' id='word_1_747' title='bbox 880 5216 991 5284; x_wconf 80' lang='lat'><strong>(56)</strong></span> <span class='ocrx_word' id='word_1_748' title='bbox 1030 5217 1244 5293; x_wconf 58' lang='grc' dir='ltr'>Ἅπασι</span> <span class='ocrx_word' id='word_1_749' title='bbox 1270 5216 1629 5291; x_wconf 66' lang='grc' dir='ltr'>δικαιοσύνη</span> <span class='ocrx_word' id='word_1_750' title='bbox 1654 5216 1950 5293; x_wconf 68' lang='grc' dir='ltr'>ἑταροῦσα.</span> <span class='ocrx_word' id='word_1_751' title='bbox 1984 5230 2146 5289; x_wconf 83' lang='lat' dir='ltr'><strong>Forte</strong></span> <span class='ocrx_word' id='word_1_752' title='bbox 2172 5237 2377 5291; x_wconf 84' lang='lat' dir='ltr'><strong>rectius</strong></span> 
     </span>
    </p>
   </div>
   <div class='ocr_carea' id='block_1_101' title="bbox 808 5284 2376 5375">
    <p class='ocr_par' dir='ltr' id='par_1_101' title="bbox 808 5284 2376 5375">
     <span class='ocr_line' id='line_1_101' title="bbox 808 5284 2376 5375; baseline 0.016 -40"><span class='ocrx_word' id='word_1_753' title='bbox 808 5284 979 5338; x_wconf 79' lang='grc' dir='ltr'>ἅπασι</span> <span class='ocrx_word' id='word_1_754' title='bbox 1013 5288 1282 5375; x_wconf 77' lang='grc' dir='ltr'>παροῦσα,</span> <span class='ocrx_word' id='word_1_755' title='bbox 1318 5303 1590 5375; x_wconf 53' lang='grc' dir='ltr'>θξρυηριο</span> <span class='ocrx_word' id='word_1_756' title='bbox 1614 5284 1962 5375; x_wconf 72' lang='grc' dir='ltr'>δικαιοσύνη,</span> <span class='ocrx_word' id='word_1_757' title='bbox 2097 5284 2376 5375; x_wconf 44' lang='lat' dir='ltr'><strong>lio—equo-</strong></span> 
     </span>
    </p>
   </div>
   <div class='ocr_carea' id='block_1_102' title="bbox 806 5360 2374 5435">
    <p class='ocr_par' dir='ltr' id='par_1_102' title="bbox 806 5360 2374 5435">
     <span class='ocr_line' id='line_1_102' title="bbox 806 5360 2374 5435; baseline 0.013 -28"><span class='ocrx_word' id='word_1_758' title='bbox 806 5370 915 5422; x_wconf 77' lang='lat' dir='ltr'><strong>que</strong></span> <span class='ocrx_word' id='word_1_759' title='bbox 952 5360 1251 5435; x_wconf 69' lang='lat' dir='ltr'><strong>membrum</strong></span> <span class='ocrx_word' id='word_1_760' title='bbox 1301 5360 1669 5435; x_wconf 45' lang='lat' dir='ltr'><strong>referatugad</strong></span> <span class='ocrx_word' id='word_1_761' title='bbox 1705 5360 2036 5435; x_wconf 67' lang='lat' dir='ltr'><strong>superiorem</strong></span> <span class='ocrx_word' id='word_1_762' title='bbox 2076 5360 2374 5429; x_wconf 67' lang='lat' dir='ltr'><strong>nominati-</strong></span> 
     </span>
    </p>
   </div>
   <div class='ocr_carea' id='block_1_103' title="bbox 805 5428 2372 5509">
    <p class='ocr_par' dir='ltr' id='par_1_103' title="bbox 805 5428 2372 5509">
     <span class='ocr_line' id='line_1_103' title="bbox 805 5428 2372 5509; baseline 0.018 -37"><span class='ocrx_word' id='word_1_763' title='bbox 805 5440 933 5478; x_wconf 84' lang='lat' dir='ltr'><strong>vum</strong></span> <span class='ocrx_word' id='word_1_764' title='bbox 966 5428 1158 5496; x_wconf 80' lang='grc' dir='ltr'>τροφή.</span> <span class='ocrx_word' id='word_1_765' title='bbox 1188 5431 1533 5509; x_wconf 77' lang='lat' dir='ltr'><strong>SYLBURG._—</strong></span> <span class='ocrx_word' id='word_1_766' title='bbox 1554 5431 1749 5509; x_wconf 80' lang='lat' dir='ltr'><strong>Verum</strong></span> <span class='ocrx_word' id='word_1_767' title='bbox 1774 5428 1888 5492; x_wconf 75' lang='lat' dir='ltr'><strong>non</strong></span> <span class='ocrx_word' id='word_1_768' title='bbox 1920 5457 2056 5509; x_wconf 89' lang='lat' dir='ltr'><strong>opus</strong></span> <span class='ocrx_word' id='word_1_769' title='bbox 2084 5452 2167 5496; x_wconf 87' lang='lat' dir='ltr'><strong>est</strong></span> <span class='ocrx_word' id='word_1_770' title='bbox 2212 5428 2372 5500; x_wconf 84' lang='lat' dir='ltr'><strong>utea</strong></span> 
     </span>
    </p>
   </div>
   <div class='ocr_carea' id='block_1_104' title="bbox 808 5504 2370 5571">
    <p class='ocr_par' dir='ltr' id='par_1_104' title="bbox 808 5504 2370 5571">
     <span class='ocr_line' id='line_1_104' title="bbox 808 5504 2370 5571; baseline 0.013 -23"><span class='ocrx_word' id='word_1_771' title='bbox 808 5510 909 5571; x_wconf 58' lang='lat' dir='ltr'><strong>yox</strong></span> <span class='ocrx_word' id='word_1_772' title='bbox 956 5510 1318 5571; x_wconf 73' lang='lat' dir='ltr'><strong>expungatur,</strong></span> <span class='ocrx_word' id='word_1_773' title='bbox 1372 5504 1537 5558; x_wconf 88' lang='lat' dir='ltr'><strong>modo</strong></span> <span class='ocrx_word' id='word_1_774' title='bbox 1594 5506 1868 5562; x_wconf 88' lang='lat' dir='ltr'><strong>scribatur</strong></span> <span class='ocrx_word' id='word_1_775' title='bbox 1919 5504 1973 5563; x_wconf 86' lang='lat' dir='ltr'><strong>in</strong></span> <span class='ocrx_word' id='word_1_776' title='bbox 2011 5513 2197 5565; x_wconf 87' lang='lat' dir='ltr'><strong>dativo</strong></span> <span class='ocrx_word' id='word_1_777' title='bbox 2239 5530 2370 5571; x_wconf 84' lang='lat' dir='ltr'><strong>casu</strong></span> 
     </span>
    </p>
   </div>
   <div class='ocr_carea' id='block_1_105' title="bbox 805 5563 2365 5649">
    <p class='ocr_par' dir='ltr' id='par_1_105' title="bbox 805 5563 2365 5649">
     <span class='ocr_line' id='line_1_105' title="bbox 805 5563 2365 5649; baseline 0.017 -35"><span class='ocrx_word' id='word_1_778' title='bbox 805 5563 1166 5649; x_wconf 70' lang='grc' dir='ltr'>δικαιοσύνῃζ</span> <span class='ocrx_word' id='word_1_779' title='bbox 1194 5568 1313 5649; x_wconf 39' lang='lat' dir='ltr'><strong>hoc.</strong></span> <span class='ocrx_word' id='word_1_780' title='bbox 1341 5587 1502 5649; x_wconf 81' lang='lat' dir='ltr'><strong>sensu</strong></span> <span class='ocrx_word' id='word_1_781' title='bbox 1531 5594 1543 5627; x_wconf 92' lang='lat'><strong>:</strong></span> <span class='ocrx_word' id='word_1_782' title='bbox 1592 5593 1611 5626; x_wconf 81' lang='grc'><strong>1</strong></span> <span class='ocrx_word' id='word_1_783' title='bbox 1647 5573 1773 5649; x_wconf 52' lang='grc'><strong>884</strong></span> <span class='ocrx_word' id='word_1_784' title='bbox 1795 5580 1941 5647; x_wconf 90' lang='lat' dir='ltr'><strong>ejus,</strong></span> <span class='ocrx_word' id='word_1_785' title='bbox 1967 5563 2058 5649; x_wconf 80' lang='lat' dir='ltr'><strong>qui</strong></span> <span class='ocrx_word' id='word_1_786' title='bbox 2094 5581 2145 5635; x_wconf 88' lang='lat' dir='ltr'><strong>id</strong></span> <span class='ocrx_word' id='word_1_787' title='bbox 2173 5583 2365 5649; x_wconf 88' lang='lat' dir='ltr'><strong>donat,</strong></span> 
     </span>
    </p>
   </div>
   <div class='ocr_carea' id='block_1_106' title="bbox 802 5633 2367 5711">
    <p class='ocr_par' dir='ltr' id='par_1_106' title="bbox 802 5633 2367 5711">
     <span class='ocr_line' id='line_1_106' title="bbox 802 5633 2367 5711; baseline 0.019 -28"><span class='ocrx_word' id='word_1_788' title='bbox 802 5633 1040 5711; x_wconf 82' lang='lat' dir='ltr'><strong>jubentis</strong></span> <span class='ocrx_word' id='word_1_789' title='bbox 1090 5633 1520 5711; x_wconf 73' lang='lat' dir='ltr'><strong>suppeditatione</strong></span> <span class='ocrx_word' id='word_1_790' title='bbox 1551 5633 1940 5703; x_wconf 43' lang='lat' dir='ltr'><strong>conveniet-iter,</strong></span> <span class='ocrx_word' id='word_1_791' title='bbox 1960 5633 2367 5711; x_wconf 28' lang='lat' dir='ltr'><strong>omnibusne;</strong></span> 
     </span>
    </p>
   </div>
   <div class='ocr_carea' id='block_1_107' title="bbox 802 5705 2367 5796">
    <p class='ocr_par' dir='ltr' id='par_1_107' title="bbox 802 5705 2367 5796">
     <span class='ocr_line' id='line_1_107' title="bbox 802 5705 2367 5796; baseline 0.019 -44"><span class='ocrx_word' id='word_1_792' title='bbox 802 5705 1007 5796; x_wconf 61' lang='lat' dir='ltr'><strong>justitia</strong></span> <span class='ocrx_word' id='word_1_793' title='bbox 1059 5725 1078 5757; x_wconf 76' lang='grc'><strong>1</strong></span> <span class='ocrx_word' id='word_1_794' title='bbox 1109 5705 1271 5763; x_wconf 77' lang='lat' dir='ltr'><strong>adsit.</strong></span> <span class='ocrx_word' id='word_1_795' title='bbox 1312 5728 1330 5759; x_wconf 75' lang='grc' dir='ltr'><strong>ι</strong></span> <span class='ocrx_word' id='word_1_796' title='bbox 1387 5710 1477 5767; x_wconf 90' lang='lat' dir='ltr'><strong>Sic</strong></span> <span class='ocrx_word' id='word_1_797' title='bbox 1505 5717 1668 5784; x_wconf 89' lang='lat' dir='ltr'><strong>paulo</strong></span> <span class='ocrx_word' id='word_1_798' title='bbox 1697 5729 1834 5785; x_wconf 90' lang='lat' dir='ltr'><strong>post,</strong></span> <span class='ocrx_word' id='word_1_799' title='bbox 1864 5705 2367 5796; x_wconf 37' lang='lat' dir='ltr'><strong>6txatosévn‘votte:</strong></span> 
     </span>
    </p>
   </div>
   <div class='ocr_carea' id='block_1_108' title="bbox 804 5777 1049 5840">
    <p class='ocr_par' dir='ltr' id='par_1_108' title="bbox 804 5777 1049 5840">
     <span class='ocr_line' id='line_1_108' title="bbox 804 5777 1049 5840; baseline 0.012 -15"><span class='ocrx_word' id='word_1_800' title='bbox 804 5777 1049 5840; x_wconf 79' lang='grc' dir='ltr'>υετήσας.</span> 
     </span>
    </p>
   </div>
   <div class='ocr_carea' id='block_1_109' title="bbox 874 5843 2363 5931">
    <p class='ocr_par' dir='ltr' id='par_1_109' title="bbox 874 5843 2363 5931">
     <span class='ocr_line' id='line_1_109' title="bbox 874 5843 2363 5931; baseline 0.017 -37"><span class='ocrx_word' id='word_1_801' title='bbox 874 5843 986 5917; x_wconf 60' lang='grc' dir='ltr'><strong>φη)</strong></span> <span class='ocrx_word' id='word_1_802' title='bbox 1044 5847 1303 5919; x_wconf 73' lang='grc' dir='ltr'>Ἐπίσης.</span> <span class='ocrx_word' id='word_1_803' title='bbox 1358 5850 1569 5905; x_wconf 72' lang='lat' dir='ltr'><strong>Periedi</strong></span> <span class='ocrx_word' id='word_1_804' title='bbox 1610 5868 1815 5922; x_wconf 79' lang='lat' dir='ltr'><strong>notam,</strong></span> <span class='ocrx_word' id='word_1_805' title='bbox 1851 5874 1972 5926; x_wconf 66' lang='lat' dir='ltr'><strong>quae</strong></span> <span class='ocrx_word' id='word_1_806' title='bbox 2007 5861 2058 5914; x_wconf 89' lang='lat' dir='ltr'><strong>in</strong></span> <span class='ocrx_word' id='word_1_807' title='bbox 2090 5864 2363 5931; x_wconf 71' lang='lat' dir='ltr'><strong>rrioribus</strong></span> 
     </span>
    </p>
   </div>
   <div class='ocr_carea' id='block_1_110' title="bbox 2563 4881 4051 4959">
    <p class='ocr_par' dir='ltr' id='par_1_110' title="bbox 2563 4881 4051 4959">
     <span class='ocr_line' id='line_1_110' title="bbox 2563 4881 4051 4959; baseline -0.001 -16"><span class='ocrx_word' id='word_1_808' title='bbox 2563 4890 2673 4959; x_wconf 77' lang='grc'><strong>(58)</strong></span> <span class='ocrx_word' id='word_1_809' title='bbox 2702 4889 2795 4957; x_wconf 81' lang='grc' dir='ltr'><strong>Μὴ</strong></span> <span class='ocrx_word' id='word_1_810' title='bbox 2831 4888 3153 4951; x_wconf 69' lang='grc' dir='ltr'>σιννιεὶς....</span> <span class='ocrx_word' id='word_1_811' title='bbox 3184 4884 3391 4959; x_wconf 54' lang='grc' dir='ltr'>ἐχίνων.</span> <span class='ocrx_word' id='word_1_812' title='bbox 3422 4881 3545 4959; x_wconf 62' lang='lat' dir='ltr'><strong>Haec</strong></span> <span class='ocrx_word' id='word_1_813' title='bbox 3568 4883 3861 4959; x_wconf 76' lang='lat' dir='ltr'><strong>Clementis</strong></span> <span class='ocrx_word' id='word_1_814' title='bbox 3891 4886 4051 4959; x_wconf 82' lang='lat' dir='ltr'><strong>verba</strong></span> 
     </span>
    </p>
   </div>
   <div class='ocr_carea' id='block_1_111' title="bbox 2494 4956 4051 5027">
    <p class='ocr_par' dir='ltr' id='par_1_111' title="bbox 2494 4956 4051 5027">
     <span class='ocr_line' id='line_1_111' title="bbox 2494 4956 4051 5027; baseline -0.003 -15"><span class='ocrx_word' id='word_1_815' title='bbox 2494 4956 2663 5014; x_wconf 47' lang='lat' dir='ltr'><strong>sunt.&#39;</strong></span> <span class='ocrx_word' id='word_1_816' title='bbox 2698 4956 2937 5027; x_wconf 76' lang='lat' dir='ltr'><strong>Respicit</strong></span> <span class='ocrx_word' id='word_1_817' title='bbox 2992 4964 3167 5027; x_wconf 79' lang='lat' dir='ltr'><strong>autem</strong></span> <span class='ocrx_word' id='word_1_818' title='bbox 3208 4956 3364 5027; x_wconf 55' lang='lat' dir='ltr'><strong>lio_m.</strong></span> <span class='ocrx_word' id='word_1_819' title='bbox 3400 4970 3482 5016; x_wconf 86' lang='grc'><strong>111,</strong></span> <span class='ocrx_word' id='word_1_820' title='bbox 3513 4956 3729 5011; x_wconf 65' lang='grc' dir='ltr'>ἓθεΔιὰ</span> <span class='ocrx_word' id='word_1_821' title='bbox 3756 4958 3861 5027; x_wconf 79' lang='grc' dir='ltr'>γὰρ</span> <span class='ocrx_word' id='word_1_822' title='bbox 3887 4956 4051 5023; x_wconf 89' lang='grc' dir='ltr'>νόμου</span> 
     </span>
    </p>
   </div>
   <div class='ocr_carea' id='block_1_112' title="bbox 2490 5020 4052 5098">
    <p class='ocr_par' dir='ltr' id='par_1_112' title="bbox 2490 5020 4052 5098">
     <span class='ocr_line' id='line_1_112' title="bbox 2490 5020 4052 5098; baseline -0.003 -17"><span class='ocrx_word' id='word_1_823' title='bbox 2490 5029 2778 5097; x_wconf 86' lang='grc' dir='ltr'>ἐπίγνωσις</span> <span class='ocrx_word' id='word_1_824' title='bbox 2808 5020 3124 5098; x_wconf 37' lang='grc' dir='ltr'>’ἁμαρτίας-⁸</span> <span class='ocrx_word' id='word_1_825' title='bbox 3147 5023 3240 5098; x_wconf 63' lang='lat' dir='ltr'><strong>j&#39;el</strong></span> <span class='ocrx_word' id='word_1_826' title='bbox 3274 5020 3432 5098; x_wconf 66' lang='lat' dir='ltr'><strong>Rom.</strong></span> <span class='ocrx_word' id='word_1_827' title='bbox 3476 5041 3571 5090; x_wconf 81' lang='lat' dir='ltr'><strong>vu,</strong></span> <span class='ocrx_word' id='word_1_828' title='bbox 3617 5027 3647 5078; x_wconf 87' lang='lat'><strong>7</strong></span> <span class='ocrx_word' id='word_1_829' title='bbox 3677 5045 3693 5081; x_wconf 89' lang='lat'><strong>:</strong></span> <span class='ocrx_word' id='word_1_830' title='bbox 3736 5020 3845 5096; x_wconf 77' lang='grc' dir='ltr'><strong>Τὴν</strong></span> <span class='ocrx_word' id='word_1_831' title='bbox 3874 5020 4052 5096; x_wconf 81' lang='grc' dir='ltr'>ἁμαρ-</span> 
     </span>
    </p>
   </div>
   <div class='ocr_carea' id='block_1_113' title="bbox 2487 5092 4017 5177">
    <p class='ocr_par' dir='ltr' id='par_1_113' title="bbox 2487 5092 4017 5177">
     <span class='ocr_line' id='line_1_113' title="bbox 2487 5092 4017 5177; baseline 0.025 -38"><span class='ocrx_word' id='word_1_832' title='bbox 2487 5092 3016 5177; x_wconf 46' lang='lat' dir='ltr'><strong>15¢g_9g,35_§yvg,iv&#39;ei</strong></span> <span class='ocrx_word' id='word_1_833' title='bbox 3041 5094 3111 5173; x_wconf 66' lang='grc' dir='ltr'>μὴ</span> <span class='ocrx_word' id='word_1_834' title='bbox 3142 5092 3228 5146; x_wconf 71' lang='grc' dir='ltr'><strong>διὰ</strong></span> <span class='ocrx_word' id='word_1_835' title='bbox 3256 5094 3440 5177; x_wconf 50' lang='lat' dir='ltr'><strong>vtinam</strong></span> <span class='ocrx_word' id='word_1_836' title='bbox 3800 5092 3842 5177; x_wconf 46' lang='grc'>⁷,</span> <span class='ocrx_word' id='word_1_837' title='bbox 3919 5092 3925 5093; x_wconf 18' lang='grc' dir='ltr'><strong>ί</strong></span> 
     </span>
    </p>
   </div>
   <div class='ocr_carea' id='block_1_114' title="bbox 2558 5162 4049 5239">
    <p class='ocr_par' dir='ltr' id='par_1_114' title="bbox 2558 5162 4049 5239">
     <span class='ocr_line' id='line_1_114' title="bbox 2558 5162 4049 5239; baseline -0.003 -16"><span class='ocrx_word' id='word_1_838' title='bbox 2558 5170 2678 5235; x_wconf 81' lang='lat'><strong>(59)</strong></span> <span class='ocrx_word' id='word_1_839' title='bbox 2705 5162 2948 5236; x_wconf 61' lang='grc' dir='ltr'>Μηκέτι.</span> <span class='ocrx_word' id='word_1_840' title='bbox 2974 5162 3191 5239; x_wconf 56' lang='grc' dir='ltr'>ηνὶοινιξ</span> <span class='ocrx_word' id='word_1_841' title='bbox 3227 5162 3493 5225; x_wconf 78' lang='lat' dir='ltr'><strong>editiones</strong></span> <span class='ocrx_word' id='word_1_842' title='bbox 3521 5182 3800 5239; x_wconf 81' lang='lat' dir='ltr'><strong>perperam</strong></span> <span class='ocrx_word' id='word_1_843' title='bbox 3827 5167 3942 5220; x_wconf 57' lang='lat' dir='ltr'><strong>hate</strong></span> <span class='ocrx_word' id='word_1_844' title='bbox 3967 5166 4049 5239; x_wconf 79' lang='lat' dir='ltr'><strong>di—</strong></span> 
     </span>
    </p>
   </div>
   <div class='ocr_carea' id='block_1_115' title="bbox 2488 5230 4043 5316">
    <p class='ocr_par' dir='ltr' id='par_1_115' title="bbox 2488 5230 4043 5316">
     <span class='ocr_line' id='line_1_115' title="bbox 2488 5230 4043 5316; baseline -0.003 -24"><span class='ocrx_word' id='word_1_845' title='bbox 2488 5230 2731 5309; x_wconf 82' lang='lat' dir='ltr'><strong>stingunt</strong></span> <span class='ocrx_word' id='word_1_846' title='bbox 2760 5230 2805 5316; x_wconf 32' lang='grc' dir='ltr'><strong>’Ξ</strong></span> <span class='ocrx_word' id='word_1_847' title='bbox 2874 5232 3066 5316; x_wconf 57' lang='grc' dir='ltr'>μηκέτι</span> <span class='ocrx_word' id='word_1_848' title='bbox 3122 5235 3213 5316; x_wconf 60' lang='grc' dir='ltr'>εἰς</span> <span class='ocrx_word' id='word_1_849' title='bbox 3259 5230 3577 5316; x_wconf 80' lang='grc' dir='ltr'>κοινότητά’</span> <span class='ocrx_word' id='word_1_850' title='bbox 3617 5230 3795 5316; x_wconf 42' lang='grc' dir='ltr'>ἶκοινά</span> <span class='ocrx_word' id='word_1_851' title='bbox 3834 5236 4043 5316; x_wconf 53' lang='grc' dir='ltr'>τεηγάρ</span> 
     </span>
    </p>
   </div>
   <div class='ocr_carea' id='block_1_116' title="bbox 2485 5304 4039 5380">
    <p class='ocr_par' dir='ltr' id='par_1_116' title="bbox 2485 5304 4039 5380">
     <span class='ocr_line' id='line_1_116' title="bbox 2485 5304 4039 5380; baseline -0.004 -15"><span class='ocrx_word' id='word_1_852' title='bbox 2485 5304 2902 5380; x_wconf 74' lang='grc' dir='ltr'>καρπουμένων,</span> <span class='ocrx_word' id='word_1_853' title='bbox 2941 5306 3067 5374; x_wconf 78' lang='grc' dir='ltr'>μήτ.</span> <span class='ocrx_word' id='word_1_854' title='bbox 3117 5304 3211 5360; x_wconf 84' lang='lat' dir='ltr'><strong>Est</strong></span> <span class='ocrx_word' id='word_1_855' title='bbox 3240 5310 3383 5363; x_wconf 85' lang='lat' dir='ltr'><strong>enim</strong></span> <span class='ocrx_word' id='word_1_856' title='bbox 3430 5304 3860 5380; x_wconf 71' lang='lat' dir='ltr'><strong>parentheticum</strong></span> <span class='ocrx_word' id='word_1_857' title='bbox 3891 5304 4039 5371; x_wconf 77' lang='lat' dir='ltr'><strong>illud,</strong></span> 
     </span>
    </p>
   </div>
   <div class='ocr_carea' id='block_1_117' title="bbox 2483 5378 2877 5433">
    <p class='ocr_par' dir='ltr' id='par_1_117' title="bbox 2483 5378 2877 5433">
     <span class='ocr_line' id='line_1_117' title="bbox 2483 5378 2877 5433; baseline 0.008 -3"><span class='ocrx_word' id='word_1_858' title='bbox 2483 5378 2636 5433; x_wconf 79' lang='grc' dir='ltr'>κοινά</span> <span class='ocrx_word' id='word_1_859' title='bbox 2659 5378 2716 5432; x_wconf 85' lang='grc' dir='ltr'><strong>τε</strong></span> <span class='ocrx_word' id='word_1_860' title='bbox 2749 5378 2877 5433; x_wconf 81' lang='grc' dir='ltr'>γάρ.</span> 
     </span>
    </p>
   </div>
   <div class='ocr_carea' id='block_1_118' title="bbox 2550 5392 4032 5529">
    <p class='ocr_par' dir='ltr' id='par_1_118' title="bbox 2550 5392 4032 5529">
     <span class='ocr_line' id='line_1_118' title="bbox 2550 5392 4032 5529; baseline -0.002 -26"><span class='ocrx_word' id='word_1_861' title='bbox 2550 5392 3197 5529; x_wconf 53' lang='grc' dir='ltr'>ίξῧῧζιῖῗὲἓημηθεῖσα.</span> <span class='ocrx_word' id='word_1_862' title='bbox 3222 5448 3338 5505; x_wconf 81' lang='lat' dir='ltr'><strong>Hoc</strong></span> <span class='ocrx_word' id='word_1_863' title='bbox 3365 5460 3467 5529; x_wconf 79' lang='lat' dir='ltr'><strong>est,</strong></span> <span class='ocrx_word' id='word_1_864' title='bbox 3491 5467 3510 5498; x_wconf 81' lang='grc'><strong>1</strong></span> <span class='ocrx_word' id='word_1_865' title='bbox 3542 5445 3755 5513; x_wconf 86' lang='lat' dir='ltr'><strong>legibus</strong></span> <span class='ocrx_word' id='word_1_866' title='bbox 3782 5458 3987 5529; x_wconf 71' lang='lat' dir='ltr'><strong>eversa.</strong></span> <span class='ocrx_word' id='word_1_867' title='bbox 4011 5465 4032 5500; x_wconf 76' lang='grc' dir='ltr'><strong>ι</strong></span> 
     </span>
    </p>
   </div>
   <div class='ocr_carea' id='block_1_119' title="bbox 2481 5516 4035 5598">
    <p class='ocr_par' dir='ltr' id='par_1_119' title="bbox 2481 5516 4035 5598">
     <span class='ocr_line' id='line_1_119' title="bbox 2481 5516 4035 5598; baseline -0.003 -23"><span class='ocrx_word' id='word_1_868' title='bbox 2481 5521 2609 5574; x_wconf 80' lang='lat' dir='ltr'><strong>Vult</strong></span> <span class='ocrx_word' id='word_1_869' title='bbox 2645 5516 2798 5571; x_wconf 87' lang='lat' dir='ltr'><strong>enim</strong></span> <span class='ocrx_word' id='word_1_870' title='bbox 2854 5533 2872 5564; x_wconf 79' lang='grc'><strong>1</strong></span> <span class='ocrx_word' id='word_1_871' title='bbox 2913 5516 3056 5598; x_wconf 79' lang='lat' dir='ltr'><strong>leges</strong></span> <span class='ocrx_word' id='word_1_872' title='bbox 3118 5537 3138 5569; x_wconf 69' lang='grc' dir='ltr'><strong>ι</strong></span> <span class='ocrx_word' id='word_1_873' title='bbox 3196 5521 3491 5574; x_wconf 81' lang='lat' dir='ltr'><strong>naturalem</strong></span> <span class='ocrx_word' id='word_1_874' title='bbox 3555 5519 4035 5598; x_wconf 48' lang='lat' dir='ltr'><strong>re_rum.om_nium</strong></span> 
     </span>
    </p>
   </div>
   <div class='ocr_carea' id='block_1_120' title="bbox 2476 5585 4033 5670">
    <p class='ocr_par' dir='ltr' id='par_1_120' title="bbox 2476 5585 4033 5670">
     <span class='ocr_line' id='line_1_120' title="bbox 2476 5585 4033 5670; baseline 0 -27"><span class='ocrx_word' id='word_1_875' title='bbox 2476 5588 2917 5670; x_wconf 70' lang='lat' dir='ltr'><strong>communionem</strong></span> <span class='ocrx_word' id='word_1_876' title='bbox 2968 5585 3166 5670; x_wconf 59' lang='lat' dir='ltr'><strong>injuste</strong></span> <span class='ocrx_word' id='word_1_877' title='bbox 3207 5605 3512 5670; x_wconf 76' lang='lat' dir='ltr'><strong>magnoque</strong></span> <span class='ocrx_word' id='word_1_878' title='bbox 3537 5585 4033 5670; x_wconf 60' lang='lat' dir='ltr'><strong>_adeomhorninum</strong></span> 
     </span>
    </p>
   </div>
   <div class='ocr_carea' id='block_1_121' title="bbox 2471 5655 4033 5728">
    <p class='ocr_par' dir='ltr' id='par_1_121' title="bbox 2471 5655 4033 5728">
     <span class='ocr_line' id='line_1_121' title="bbox 2471 5655 4033 5728; baseline 0.002 -16"><span class='ocrx_word' id='word_1_879' title='bbox 2471 5662 2672 5712; x_wconf 89' lang='lat' dir='ltr'><strong>damno</strong></span> <span class='ocrx_word' id='word_1_880' title='bbox 2724 5655 3032 5728; x_wconf 77' lang='lat' dir='ltr'><strong>sustulisse.</strong></span> <span class='ocrx_word' id='word_1_881' title='bbox 3062 5659 3152 5714; x_wconf 88' lang='lat' dir='ltr'><strong>Sic</strong></span> <span class='ocrx_word' id='word_1_882' title='bbox 3183 5655 3343 5728; x_wconf 68' lang='lat' dir='ltr'><strong>paulo</strong></span> <span class='ocrx_word' id='word_1_883' title='bbox 3371 5655 3621 5725; x_wconf 86' lang='lat' dir='ltr'><strong>superius</strong></span> <span class='ocrx_word' id='word_1_884' title='bbox 3651 5673 3664 5707; x_wconf 87' lang='lat'><strong>:</strong></span> <span class='ocrx_word' id='word_1_885' title='bbox 3691 5655 3753 5708; x_wconf 88' lang='grc' dir='ltr'>Οἱ</span> <span class='ocrx_word' id='word_1_886' title='bbox 3786 5657 4033 5728; x_wconf 86' lang='grc' dir='ltr'>νόμοι....</span> 
     </span>
    </p>
   </div>
   <div class='ocr_carea' id='block_1_122' title="bbox 2480 5726 3103 5796">
    <p class='ocr_par' dir='ltr' id='par_1_122' title="bbox 2480 5726 3103 5796">
     <span class='ocr_line' id='line_1_122' title="bbox 2480 5726 3103 5796; baseline 0.005 -18"><span class='ocrx_word' id='word_1_887' title='bbox 2480 5728 2811 5796; x_wconf 83' lang='grc' dir='ltr'>παρανομεῖν</span> <span class='ocrx_word' id='word_1_888' title='bbox 2844 5726 3103 5792; x_wconf 77' lang='grc' dir='ltr'>ἐδίδαξαν.</span> 
     </span>
    </p>
   </div>
   <div class='ocr_carea' id='block_1_123' title="bbox 2545 5795 4036 5871">
    <p class='ocr_par' dir='ltr' id='par_1_123' title="bbox 2545 5795 4036 5871">
     <span class='ocr_line' id='line_1_123' title="bbox 2545 5795 4036 5871; baseline 0.005 -25"><span class='ocrx_word' id='word_1_889' title='bbox 2545 5795 2753 5871; x_wconf 49' lang='lat' dir='ltr'><strong>(6118i</strong></span> <span class='ocrx_word' id='word_1_890' title='bbox 2784 5799 2930 5865; x_wconf 76' lang='grc' dir='ltr'>μίαν</span> <span class='ocrx_word' id='word_1_891' title='bbox 2957 5799 3278 5871; x_wconf 37' lang='grc' dir='ltr'><strong>(ὶγέ-Μιξίίιιὸ</strong></span> <span class='ocrx_word' id='word_1_892' title='bbox 3322 5797 3628 5871; x_wconf 72' lang='lat' dir='ltr'><strong>fo_rtasse_,&lt;_i</strong></span> <span class='ocrx_word' id='word_1_893' title='bbox 3660 5796 3788 5865; x_wconf 87' lang='grc' dir='ltr'>μίαν</span> <span class='ocrx_word' id='word_1_894' title='bbox 3831 5800 4036 5871; x_wconf 71' lang='grc' dir='ltr'>ἀγόμιτ</span> 
     </span>
    </p>
   </div>
   <div class='ocr_carea' id='block_1_124' title="bbox 2473 5865 4034 5940">
    <p class='ocr_par' dir='ltr' id='par_1_124' title="bbox 2473 5865 4034 5940">
     <span class='ocr_line' id='line_1_124' title="bbox 2473 5865 4034 5940; baseline 0.008 -24"><span class='ocrx_word' id='word_1_895' title='bbox 2473 5882 2578 5928; x_wconf 85' lang='grc' dir='ltr'>νος.</span> <span class='ocrx_word' id='word_1_896' title='bbox 2633 5865 2889 5921; x_wconf 73' lang='lat' dir='ltr'><strong>Srwrsc.</strong></span> <span class='ocrx_word' id='word_1_897' title='bbox 2925 5865 3126 5920; x_wconf 42' lang='lat' dir='ltr'><strong>--&#39;\&#39;el</strong></span> <span class='ocrx_word' id='word_1_898' title='bbox 3172 5869 3283 5920; x_wconf 66' lang='lat' dir='ltr'><strong>hmo</strong></span> <span class='ocrx_word' id='word_1_899' title='bbox 3340 5868 3418 5918; x_wconf 60' lang='lat' dir='ltr'><strong>sic</strong></span> <span class='ocrx_word' id='word_1_900' title='bbox 3456 5867 3617 5921; x_wconf 77' lang='lat' dir='ltr'><strong>scribi</strong></span> <span class='ocrx_word' id='word_1_901' title='bbox 3671 5880 3721 5922; x_wconf 88' lang='lat' dir='ltr'><strong>et</strong></span> <span class='ocrx_word' id='word_1_902' title='bbox 3775 5865 4034 5940; x_wconf 70' lang='lat' dir='ltr'><strong>explicari</strong></span> 
     </span>
    </p>
   </div>
  </div>
