4484 6586
460 509 595 566 ι-ιοθ

1723 507 2146 566 ΞΤΒΟΜΑΤΕΜ
2185 510 2312 564 LIB.
2344 509 2429 564 Ill.

3549 507 3685 562 HlO

455 627 764 697 δυναμένων
816 629 1090 680 κοινωνεῖν
1125 628 1399 692 ἁπάντων,
1435 628 1625 696 ὥσπερ
1679 627 1924 697 ἀπέφηνε
1953 626 2018 680 τὰ
2051 634 2092 689 Α
2124 644 2226 681 neu

1912 626 2018 680 ιτὰ
2051 634 2092 689 Α
2124 644 2244 681 nem
2321 644 2444 681 cum
2493 624 2813 694 aequalitate.
2856 619 2958 688 Qui
3003 632 3182 677 autem
3249 622 3330 676 sic
3377 623 3490 677 nati
3535 635 3683 680 sunt.

457 719 618 773 λκπὰ
643 716 752 768 τῶν
781 713 953 780 ζώων.
1002 737 1020 769 3
1048 720 1232 774 Ταῦτα
1273 719 1441 773 εἰπὼν
1473 716 1616 771 κατὰ
1661 716 1823 781 λέξιν,
1863 719 2018 773 πάλιν

456 805 653 876 ὁμοίως
708 805 898 869 αὐταῖς
947 813 1066 873 ταῖς
1114 811 1319 876 λέξεσιν
1367 809 1646 878 ἐπιφέρει·
1691 827 1708 858 ‹
1768 808 1875 879 Τὴν
1913 811 2018 882 γὰρ

454 889 748 963 ἐπιθυμίαν
803 895 1014 952 εὔτονον
1065 902 1160 955 καὶ
1209 899 1569 970 σφοδροτέραν
1603 901 1881 970 ἐνεποίησε
1908 906 2018 964 τοῖς

454 983 680 1053 ἄρρεσιν
706 987 785 1049 εἰς
814 987 910 1059 τὴν
939 990 1046 1043 τῶν
1079 993 1250 1059 γενῶν
1276 990 1593 1060 παραμονήν
1613 1007 1625 1019 ·
1668 991 1733 1062 ἢν
1771 991 1892 1046 οὔτε
1930 995 2016 1045 νό-

457 1089 575 1138 μος,
604 1073 726 1128 οὔτε
757 1077 896 1143 ἔθος,
921 1081 1043 1136 οὔτε
1069 1082 1196 1137 ἄλλο
1219 1098 1270 1132 τι
1307 1079 1414 1132 τῶν
1445 1081 1611 1134 ὄντων
1641 1083 1894 1152 ἁφανῖσαι
1927 1083 2018 1135 δύ-

452 1180 642 1219 ναταιο
671 1168 804 1223 Θεοῦ
836 1173 944 1240 γάρ
984 1177 1096 1227 ἐστι
1129 1173 1324 1241 δόγμα.
1379 1191 1397 1223 3
1446 1175 1554 1226 Καὶ
1601 1175 1717 1239 πῶς
1757 1176 1836 1228 ἔτι
1865 1171 2017 1236 οὗτος

454 1257 512 1309 ἐν
552 1260 632 1331 τῷ
665 1261 786 1313 καθ’
813 1265 962 1334 ἡμᾶς
996 1261 1305 1331 ἐξετασθείη
1328 1260 1488 1332 λόγῳ,
1523 1266 1776 1336 ἄντικρυς
1802 1264 1897 1316 καὶ
1926 1263 2017 1316 τὸν

452 1346 611 1418 νόμον
658 1353 750 1404 καὶ
795 1351 857 1405 τὸ
889 1349 1217 1418 Εὺαῃέλιον
1264 1350 1352 1404 διὰ
1385 1353 1585 1408 τούτων
1611 1355 1920 1424 καθαιρῶν;
1959 1356 2018 1407 '0

453 1437 552 1509 μὲν
583 1443 687 1514 γάρ
721 1461 910 1513 φησιν·
944 1463 960 1492 ι
993 1442 1065 1494 Οὐ
1115 1443 1451 1512 μοιχεύσεις·
1484 1448 1544 1499 τὺ
1576 1447 1653 1509 δὲ,
1691 1448 1804 1509 Πᾶς
1837 1447 1945 1517 (6'2)
1987 1449 2015 1498 6

452 1535 806 1604 προσϐλέπων
825 1537 942 1589 κατ’
966 1534 1282 1605 ἐπιθυμίαν,
1300 1537 1400 1607 ἤδη
1421 1540 1759 1607 ἐμοίχευσεν,
1794 1558 1812 1587 3
1838 1538 1980 1606 λέγει
1995 1556 2009 1570 ⁸

445 1624 506 1676 τὸ
537 1626 641 1697 γὰρ
678 1647 696 1678 ι
742 1630 853 1681 Οὐκ
884 1625 1260 1698 ἐπιθυμήσεις,
1299 1648 1317 1680 3
1356 1630 1490 1699 πρὸς
1527 1628 1618 1681 τοῦ
1653 1629 1814 1700 νόμου
1865 1631 2014 1699 λεγό-

450 1733 627 1784 μενον,
660 1719 746 1770 τὸν
786 1719 883 1770 ’ένα
911 1717 1148 1770 δείκνυσι
1167 1718 1316 1781 Θεὸν,
1357 1720 1444 1773 διὰ
1479 1721 1645 1790 νόμου
1678 1721 1771 1773 καὶ
1800 1739 2009 1793 προφη-

444 1804 552 1858 τῶν
575 1807 668 1858 καὶ
698 1805 1026 1872 Εὑαγγελίου
1062 1808 1464 1877 κηρυσσόμενον
1484 1825 1497 1836 ·
1531 1808 1678 1875 λέγει
1699 1809 1826 1879 γὰρ,
1859 1831 1874 1861 ι
1898 1813 2010 1865 υὺκ

445 1897 802 1968 ἐπιθυμήσεις
830 1896 928 1964 τῆς
961 1897 1054 1949 τοῦ
1104 1897 1329 1968 πλησίον
1349 1916 1362 1928 ·
1405 1919 1422 1950 3
1448 1901 1477 1951 6
1509 1899 1733 1968 πλησίον
1764 1900 1821 1952 δέ
1853 1904 1949 1972 οὺχ
1981 1905 2009 1954 6

455 1985 702 2048 Ἰουδαῖος
853 1984 1120 2054 ἰουδαίῳο
1165 1986 1390 2056 ἀδελφὸς
1445 1987 1553 2059 γὰρ
1599 1990 1690 2042 καὶ
1744 1992 2004 2061 ταυτότης

437 2075 532 2128 τοῦ
572 2074 884 2145 Πνεύματος
913 2062 1052 2143 (65)°
1086 2077 1328 2130 λείπεται
1364 2077 1426 2150 δὴ
1459 2078 1681 2150 πλησίον
1711 2080 1800 2133 τὸν
1829 2080 2008 2134 ἀλλοε-

439 2166 538 2235 θνῆ
585 2166 786 2234 λέγειν·
823 2166 938 2229 πῶς
971 2168 1076 2239 γὰρ
1108 2169 1168 2220 οὑ
1216 2168 1459 2235 πλησίον,
1495 2172 1522 2223 ὁ
1559 2164 1668 2234 οἷός
1710 2189 1768 2224 τε
1813 2189 2004 2225 κοινω-

438 2257 598 2325 νῆσαι
650 2254 744 2308 τοῦ
789 2257 1136 2326 Πνεύματος;
1191 2259 1264 2312 Οὐ
1317 2259 1424 2331 γὰρ
1485 2261 1659 2330 μόνων
1713 2262 2000 2333 Ἑϐραίων,

436 2344 570 2397 ἀλλὰ
593 2343 684 2398 καὶ
720 2344 886 2398 ἐθνῶν
918 2345 1097 2416 πατὴρ
1133 2347 1532 2420 Ἀϐραάμ(64).
1558 2349 1620 2400 Et
1645 2348 1754 2417 δέή
1788 2366 2002 2419 μοιχευ-

437 2435 608 2500 θεῖσα,
641 2437 734 2489 κα“ι
767 2439 795 2489 6
829 2438 907 2499 είς
932 2436 1098 2507 αὐτὴν
1131 2438 1428 2508 πορνεύσας
1457 2437 1673 2508 θανάτῳ
1694 2437 1996 2503 κολάζεται,

434 2526 589 2596 δῆλον
625 2527 794 2598 δήπου
841 2527 936 2598 τὴν
979 2528 1194 2599 ἐντολὴν
1221 2529 1320 2599 τὴν
1356 2529 1634 2596 λέγουσαν,
1677 2548 1694 2579 ι
1736 2529 1849 2580 Οὐκ
1879 2532 2003 2582 ἐπι-

434 2617 696 2690 Θυμήσεις
716 2619 812 2691 τὴν
833 2623 1067 2688 γυναῖκα
1092 2619 1184 2672 τοῦ
1209 2619 1452 2689 πλησίον,
1495 2640 1512 2671 3
1552 2621 1677 2691 περὶ
1700 2619 1806 2676 τῶν
1835 2620 2002 2672 ἐθνῶν

431 2711 764 2782 διαγορεύειν
784 2729 797 2743 ο
831 2713 917 2764 ἵνα
950 2729 1054 2775 τις,
1090 2711 1233 2764 κατὰ
1261 2712 1424 2780 νόμον
1461 2712 1556 2764 καί¹
1597 2712 1696 2781 τῆς
1744 2711 1836 2764 τοῦ
1869 2712 2002 2782 πλη-

435 2805 546 2858 σίον
587 2806 678 2858 καὶ
711 2805 808 2874 τῆς
835 2803 1068 2874 ἀδελφῆς
1098 2803 1488 2872 ἀποσχόμενος,
1512 2805 1770 2873 ἄντικρυς
1795 2804 2000 2876 ἀκούσῃ

433 2894 582 2964 παρὰ
624 2895 714 2947 τοῦ
764 2894 1001 2965 Κυρίου”
1042 2913 1060 2943 ι
1111 2895 1250 2961 Ἐγὼ
1297 2893 1353 2944 δέ
1387 2895 1549 2962 λέγω,
1582 2895 1694 2947 Οὐκ
1735 2895 2002 2966 ἐπιθυμή-

433 3001 600 3047 σεις.»
650 2985 715 3036 Ἦ
750 2983 807 3035 δὲ
846 2983 940 3035 τοῦ
985 3003 1002 3033 ‹
1054 2984 1202 3050 Ἐγὼ
1243 3003 1261 3033 3
1300 2984 1484 3055 μορίου
1523 2986 1805 3056 προσθήκη
1833 3004 1998 3058 προσ-

429 3075 719 3147 εχεστέραν
755 3075 990 3128 δείκνυσι
1037 3075 1135 3146 τῆς
1165 3076 1379 3146 ἐντολῆς
1414 3077 1514 3147 τὴν
1550 3077 1848 3148 ἐνέργειαν.
1879 3079 1987 3140 Καὶ

428 3168 504 3224 ὅτι
548 3167 806 3238 θεομαχεῖ
841 3171 869 3222 ὃ
913 3187 971 3223 τε
1011 3172 1414 3242 Καρποκρὰτης
1444 3173 1472 3225 ὃ
1512 3174 1559 3225 τ’
1605 3173 1903 3245 Ἐπιφάνης
1936 3177 1994 3226 ἐν

427 3261 573 3330 αὑτῷ
601 3261 677 3330 τῷ
707 3261 1122 3356 πολυθρυλλήξῳ
1156 3263 1342 3333 βιϐλίῳ
1385 3263 1463 3332 τῷ
1503 3283 1521 3315 ι
1559 3265 1693 3335 Περὶ
1723 3264 1993 3318 δικαιοσύ-
2020 3300 2062 3356 C

425 3367 523 3419 νης
555 3370 572 3402 3
630 3350 804 3419 λέγων
853 3353 982 3422 (65),
1027 3346 1129 3406 ὧδέ
1167 3371 1283 3416 πως
1327 3354 1571 3424 ἐπιφέρει
1626 3355 1767 3407 κατὰ
1812 3353 1990 3420 λέξιν·

428 3460 449 3492 ι
491 3442 701 3505 Ἔνθεν,
739 3443 814 3506 ὡς
837 3444 1040 3512 γελοῖον
1070 3445 1349 3515 εἰρηκότος
1377 3445 1470 3498 τοῦ
1497 3445 1806 3516 νομοθέτου,
1842 3447 1990 3517 ῥῆμα

419 3530 578 3584 τοῦτο
630 3534 942 3597 ἀκουστέον,
1005 3553 1024 3584 ι
1078 3535 1191 3587 Οὐκ
1237 3535 1632 3606 ἐπιθυμήσεις,
1693 3557 1712 3587 3
1756 3537 1890 3608 πρὸς
1929 3540 1990 3590 τὸ

420 3622 751 3694 γελοιότερον
774 3629 946 3678 εἰπεῖν
965 3667 979 3691 ,
1016 3645 1033 3675 ι
1070 3626 1188 3679 Τῶν
1213 3627 1308 3679 τοῦ
1347 3626 1570 3698 πλησίον
1589 3644 1602 3657 ο
1647 3647 1664 3678 3
1702 3629 1862 3691 αὐτὸς
1884 3629 1988 3700 γὰρ

419 3716 448 3767 ὁ
479 3715 574 3785 τὴν
621 3715 914 3789 ἐπιθυμίαν
947 3716 1090 3781 δοὺς,
1126 3717 1201 3781 ὡς
1259 3719 1586 3790 συνέχουσαν
1611 3718 1677 3772 τὰ
1717 3720 1814 3790 τῆς
1836 3721 1988 3789 γενέ-

421 3821 577 3867 σεως,
631 3804 836 3876 ταύτην
883 3807 1229 3878 ἀφαιρεῖσθαι
1286 3808 1515 3875 κελεύει,
1549 3809 1773 3881 μηδενὸς
1817 3812 1986 3882 αὐτὴν

415 3896 628 3965 ἀφελὼν
669 3895 840 3961 ζώου·
869 3899 929 3950 τὸ
953 3899 1010 3951 δὲ
1045 3918 1063 3949 ι
1094 3900 1204 3970 Τῆς
1241 3918 1260 3950 3
1303 3901 1394 3954 τοῦ
1430 3902 1656 3974 πλησίον
1683 3902 1793 3973 (66)
1831 3923 1847 3953 ι
1891 3919 1987 3971 γυ-

414 3986 598 4048 ναικὸς
638 4005 656 4036 3
711 3987 947 4058 ἰδιότητα
995 3989 1094 4058 τὴν
1157 3992 1441 4045 κοινωνίαν
1497 3995 1842 4062 ἀναγκάζων,
1907 3993 1984 4047 ἐτι

413 4073 744 4146 γελοιότερον
776 4071 949 4130 εἶπεν.
988 4097 1005 4128 3
1039 4079 1147 4130 Kal.
1173 4081 1341 4133 ταῦτα
1375 4081 1470 4151 μὲν
1500 4083 1548 4134 οί
1580 4085 1816 4150 γενναῖοι
1836 4086 1984 4157 Καρ-

413 4166 761 4237 διτοκρατιανοϊ⁹
798 4163 1211 4234 δογματίζουσι·
1252 4170 1474 4234 τούτους
1519 4172 1626 4242 (67)
1685 4175 1833 4243 φασὶ,
1890 4177 1982 4228 καί

489 4313 549 4370 »Β
592 4306 650 4362 Ρ.
683 4307 919 4364 514ΕΙ).
966 4302 1255 4363 ΡΟΤΤΕΒ.
1332 4321 1357 4348 ι
1396 4309 1565 4366 Exod.
1612 4330 1702 4380 xx,
1752 4316 1838 4370 l5.

406 4482 662 4562 poterunt
711 4478 1183 4562 :‘dmpvﬁﬂqaav,
1222 4480 1348 4562 καὶ,
1382 4483 1669 4562 ,φησὶνηεί
1706 4486 1834 4554 μίαν
1884 4490 1973 4562 ἀγ,

637 4565 672 4627 ι·
707 4543 1128 4619 οδηθεὶξνέιύὴι,
1170 4543 1417 4627 etiamsi,
1453 4543 1648 4619 inquit,
1682 4543 1843 4609 tinam
1881 4543 1972 4627 qui

401 4614 554 4692 ducit
587 4616 799 4692 habent,
821 4614 942 4692 eum
957 4636 1162 4692 omnes
1194 4622 1480 4692 participes
1508 4614 1976 4692 esse’p'tssint,'ut

405 4684 622 4763 reliqua
649 4688 902 4763 animalia
937 4684 1234 4763 declarant.
1276 4710 1294 4742 3
1331 4684 1545 4744 Putavit
1572 4684 1738 4763 enim
1796 4684 1970 4752 han-e-

402 4755 658 4835 ticusnille
681 4759 1349 4835 matrimoniumnaturali
1368 4761 1618 4833 κοινωνίᾳ
1639 4779 1967 4835 repugnare.

402 4820 670 4894 Velili'orte
699 4826 905 4894 aliquid
932 4830 1154 4883 excidit.

473 4893 590 4975 (6'2)
632 4893 813 4975 (Ida:
835 4898 1022 4950 Matth.
1073 4917 1130 4975 v1
1175 4899 1263 4953 28.
1321 4900 1473 4975 -Ἐγῲ
1506 4899 1562 4975 δὲ
1598 4899 1756 4975 Αλέγω
1818 4905 1966 4975 ὑμῖν,

398 4965 480 5042 ὅτι
516 4966 622 5042 πῑις
726 4965 938 5042 βλέπων
970 4973 1204 5042 γυναῖκα
1242 4971 1378 5040 πρὸς
1405 4965 1475 5024 τὸ
1501 4965 1829 5042 ἐπιθυμῆσαι
1855 4965 1969 5040 ἀύξ

399 5035 497 5109 τῆς
527 5034 624 5105 ἤδη
659 5035 973 5109 ἐμοίχευσεν
1007 5038 1196 5109 αὐτήν.

473 5107 581 5182 ((3.3)
607 5107 912 5182 fam-6mg
941 5109 1045 5160 τοῦ
1075 5107 1175 5160 mh
1206 5107 1327 5163 Vid.
1366 5125 1528 5182 supra
1583 5125 1638 5178 p.
1685 5111 1789 5165 597
1835 5115 1964 5172 edit.

397 5173 571 5230 Paris.
607 5174 826 5229 Lowru.

467 5246 593 5320 (δὴ
617 5243 847 5320 Ἐθνῶζ
883 5247 1080 5320 mltin
1125 5248 1389 5320 Ἁϐραάμ.
1431 5251 1628 5317 Nempe
1664 5254 1963 5309 secundum

393 5313 671 5392 ifjulGal.
703 5331 782 5392 ut,
809 5314 847 5392 _7
877 5313 1220 5392 E‘Etvmexsté
1264 5313 1390 5392 ἄρά,
1428 5324 1506 5376 ὃτι
1539 5313 1586 5374 οἷ
1619 5323 1680 5373 ἐκ
1711 5322 1962 5389 πίστεως,

393 5382 703 5460 οὗτοίᾼεξσςθ
727 5387 831 5460 υἱοὶ
869 5386 1221 5460 ΔἈθροιόιμηεξι
1246 5382 1359 5460 seq.

465 5458 576 5533 (65)
611 5455 693 5533 Τῷ
747 5457 884 5533 Περὶ
939 5455 1053 5533 δικ.
1089 5455 1543 5533 ⁷λέγωνῄῘΜειὶιιε
1586 5460 1836 5533 fortasse,
1889 5465 1964 5533 τῷ

397 5543 429 5606 ς.
451 5528 585 5606 Περὶ
609 5527 952 5606 δικαιοσύνης
983 5528 1142 5606 λέγω·
1184 5530 1532 5601 eo,inquam,
1595 5530 1775 5599 quiDc
1801 5527 1964 5600 justi-

393 5598 465 5648 tia
494 5599 790 5665 inscriptus
818 5609 918 5651 est.
953 5618 970 5647 3
1007 5598 1163 5651 SrLB.

463 5667 574 5736 (66)
612 5667 681 5720 T6
705 5668 791 5729 δὲ,
828 5669 940 5736 Τῆς
971 5668 1076 5722 τοῦ
1108 5681 1169 5720 π.
1217 5666 1340 5722 Haec
1388 5673 1650 5728 sententia
1697 5671 1774 5725 sic
1824 5677 1961 5724 scri-

392 5733 565 5813 benda
599 5746 651 5790 et
682 5733 996 5813 explicanda
1039 5738 1310 5813 ridetur;
1355 5741 1427 5792 Τὸ
1458 5743 1536 5807 δὲ,
1565 5744 1675 5813 Τῆς
1707 5741 1797 5794 τοῦ
1827 5743 1963 5812 πλη-

390 5805 501 5879 ίξίοσ
531 5805 805 5879 γυναικὸς,
840 5813 917 5872 εἰς
955 5809 1190 5879 ἰδιότητα
1229 5809 1328 5878 τὴν
1353 5805 1670 5879 γκοινωνίσξν
1725 5805 1962 5879 ἀναγκά-

391 5874 516 5938 ζων,
567 5875 645 5927 ἔτι
682 5879 1013 5950 γελοιότερον
1056 5874 1223 5932 εἶπεν.
1275 5874 1292 5926 ἐ
1353 5878 1475 5934 lltuc
1529 5893 1707 5937 autem
1775 5874 1958 5946 verba,

391 5961 602 5998 uxorem
638 5950 865 6013 proximi
899 5953 996 6016 mi,
1029 5950 1225 6020 quibus
1258 5954 1695 6008 connunnionem
1729 5955 1792 6006 ad
1839 5970 1958 6022 pro-

1918 4317 1944 4356 b
1972 4315 2173 4383 Matth.
2206 4331 2257 4377 γ,
2294 4312 2382 4366 28.

2004 4666 2048 4719 D

2121 719 2725 784 communionemque
2757 730 2947 769 eorum
2974 715 3228 770 conciliat
3255 717 3682 784 generationem,

2122 811 2544 879 abnegavcruut.
2594 805 2662 860 Et
2708 805 2857 871 dicit,
2897 807 2942 862 si
3005 821 3165 860 unam
3214 807 3420 862 ducens
3469 806 3682 871 habeat,

2121 916 2244 954 cum
2280 899 2524 953 omnium
2569 899 2778 967 possint
2802 913 2925 953 esse
2964 898 3273 968 participes,
3298 899 3441 954 sicut
3475 898 3684 966 reliqua

2119 993 2247 1046 fecit
2295 991 2613 1046 animantia.
2649 1011 2668 1043 3
2716 990 2843 1046 Haec
2889 1006 3014 1046 cum
3077 990 3162 1043 his
3214 992 3390 1046 verbis
3437 989 3680 1052 dixisset,

2120 1078 2403 1148 subjungit
2441 1095 2631 1134 rursus
2673 1081 2758 1134 his
2792 1080 2971 1133 verbis
3011 1098 3025 1132 :
3067 1098 3084 1130 ι
3136 1078 3407 1132 lntensam
3443 1080 3583 1132 enim
3629 1087 3683 1133 et

2118 1167 2574 1224 vehementiorem
2636 1170 2974 1238 ingeneravit
3019 1169 3276 1224 masculis
3332 1170 3679 1238 cupiditatem

2119 1259 2184 1313 ad
2216 1276 2472 1330 generum
2508 1261 2944 1330 perpetuitatem,
2969 1275 3131 1329 quam
3157 1277 3256 1314 nec
3279 1261 3386 1326 lex,
3411 1275 3510 1315 nec
3538 1277 3678 1328 mos,

2117 1363 2216 1403 nec
2257 1351 2458 1419 aliquid
2492 1352 2637 1406 aliud
2668 1361 2844 1421 petest
2868 1351 3084 1404 abolere
3121 1371 3132 1404 :
3166 1362 3250 1406 est
3283 1353 3431 1406 enim
3467 1351 3557 1406 Dei
3584 1354 3679 1406 dc-

2116 1449 2342 1493 cretum.
2383 1461 2401 1491 3
2443 1440 2507 1494 Et
2533 1428 2806 1510 qdomodo
2852 1443 3083 1511 amplius
3116 1444 3203 1496 hic
3238 1444 3293 1497 in
3326 1453 3514 1498 nostra
3553 1459 3680 1498 exa-

2116 1530 2353 1582 minctur
2394 1532 2657 1594 oratione,
2693 1548 2815 1585 cum
2867 1533 3034 1602 legem
3085 1541 3139 1586 et
3184 1531 3534 1603 Evangelium
3583 1549 3680 1602 per

2116 1623 2231 1676 haec
2263 1631 2447 1691 aperte
2498 1623 2774 1680 destruat?
2802 1626 2895 1678 llla
2943 1626 3090 1678 enim
3131 1625 3262 1678 dicit
3297 1643 3311 1677 :
3345 1644 3362 1677 ι
3395 1625 3510 1679 Non
3543 1643 3678 1679 nne~

2113 1711 2363 1765 chaberis
2381 1723 2427 1763 ι.
2457 1732 2473 1762 3
2511 1710 2625 1766 Hoc
2653 1723 2829 1766 autem
2860 1713 2992 1766 dicit
3017 1732 3028 1765 :
3057 1733 3074 1764 ι
3108 1712 3431 1783 Quicunque
3459 1715 3676 1784 respicit

2111 1803 2178 1856 ad
2233 1805 2765 1873 concupiscentiam,
2815 1805 2928 1873 jam
2987 1806 3290 1860 mtechatns
3335 1806 3484 1860 estb.
3540 1807 3674 1870 Illud

2110 1893 2253 1946 enim
2291 1912 2303 1946 :
2344 1913 2362 1943 ι
2396 1891 2512 1946 Non
2545 1895 2897 1962 concupisces
2916 1905 2961 1958 ο,
2998 1912 3016 1945 3
3063 1895 3206 1964 quod
3240 1910 3268 1947 a
3300 1895 3413 1964 lege
3453 1895 3672 1957 dicitur,

2024 1963 2081 2025 Β
2109 1984 2347 2037 ostendit
2395 2000 2562 2037 unum
2603 2001 2724 2038 esse
2759 1984 2948 2048 Deum,
2976 1963 3094 2054 qui,
3114 1963 3442 2054 praedicatur
3470 2000 3565 2053 per
3607 1985 3666 2037 le-

2107 2089 2226 2143 gem
2263 2083 2312 2127 et
2343 2076 2632 2144 prophetas
2658 2085 2710 2128 et
2733 2075 3100 2146 Evangelium.
3131 2077 3272 2146 Dicit
3292 2078 3434 2131 enim
3462 2095 3478 2132 :
3507 2096 3526 2128 ι
3556 2076 3671 2131 Non

2106 2164 2464 2231 concupisces
2494 2179 2717 2217 uxorem
2747 2167 2977 2233 proximi
3007 2167 3105 2220 tui.
3137 2186 3156 2218 3
3175 2165 3464 2222 Proximus
3489 2175 3673 2221 autem

2105 2267 2212 2306 non
2246 2251 2566 2308 estJudaeus
2587 2251 2808 2309 Iudaeo:
2841 2253 3009 2309 frater
3035 2257 3180 2309 enim
3213 2266 3298 2310 est
3336 2267 3390 2312 et
3417 2259 3668 2312 eumdem

2105 2345 2267 2399 habet
2297 2343 2589 2414 Spiritum;
2636 2355 2807 2401 restat
2838 2362 2988 2416 ergo,
3024 2357 3081 2400 ut
3120 2347 3487 2416 propinquum
3527 2349 3672 2402 dicat

2103 2455 2226 2494 eum
2291 2441 2384 2510 qui
2432 2450 2515 2495 est
2546 2440 2770 2495 alterius
2813 2441 3010 2511 gentis.
3039 2439 3324 2506 Quomodo
3357 2449 3535 2496 autem
3563 2457 3667 2494 non

2104 2529 2460 2599 propinquus,
2505 2531 2598 2600 qui
2629 2529 2796 2600 aptus
2819 2540 2904 2585 est
2941 2545 3062 2584 esse
3101 2530 3335 2600 Spiritus
3368 2531 3671 2599 particeps?

2102 2619 2221 2674 Non
2269 2622 2444 2675 solum
2501 2622 2643 2675 enim
2682 2621 3053 2684 Hebraeorum,
3094 2623 3188 2677 sed
3231 2623 3395 2676 etiam
3427 2621 3668 2691 gentium

2103 2721 2259 2780 pater
2285 2722 2370 2766 est
2394 2712 2695 2768 Abraham.
2751 2715 2808 2768 Si
2842 2721 3020 2765 autem
3059 2727 3180 2782 qum
3224 2719 3308 2766 est
3345 2712 3664 2776 adulterata,

2102 2813 2154 2857 ct
2197 2805 2289 2872 qui
2341 2805 2395 2857 in
2429 2820 2549 2857 eam
2599 2803 2899 2859 fornicatus
2928 2813 3033 2866 est,
3061 2805 3234 2872 capite
3261 2801 3670 2873 puniturdzcla-

2103 2911 2219 2948 rum
2281 2903 2364 2948 cst
2421 2895 2605 2962 utique
2658 2905 3006 2964 praceptum,
3061 2894 3206 2963 quod
3253 2895 3384 2948 dicit
3423 2914 3437 2949 :
3480 2912 3501 2946 ι
3544 2892 3666 2950 Non

2099 2986 2450 3053 concupisces
2491 3001 2712 3039 uxorem
2743 2987 3030 3054 propinqui
3067 2986 3164 3048 tui,
3206 3005 3222 3032 3
3257 2986 3402 3055 loqui
3438 2987 3504 3039 de
3535 3001 3666 3056 gen-

2100 3080 2283 3132 tibus:
2320 3088 2378 3131 ut
2412 3095 2534 3132 cum
2571 3079 2697 3148 quis
2723 3079 3024 3133 secundum
3074 3079 3243 3148 legem
3292 3087 3346 3131 et
3387 3079 3456 3132 ab
3495 3093 3663 3132 uxore

2096 3171 2327 3240 proximi
2374 3181 2428 3224 et
2476 3186 2506 3224 a
2555 3186 2740 3225 sorore
2788 3171 3141 3233 abstinuerit,
3181 3180 3365 3240 aperte
3410 3170 3594 3225 audiat
3631 3187 3659 3224 a

2098 3262 2372 3316 Domino:
2415 3281 2432 3312 ι
2499 3261 2610 3332 Ego
2654 3273 2835 3316 autem
2877 3263 3024 3326 dico,
3085 3279 3190 3316 non
3236 3263 3606 3331 concupisces.
3634 3280 3654 3314 3

2098 3352 2312 3407 Additio
2353 3363 2532 3406 autem
2578 3359 2636 3417 31¢
2686 3354 2850 3422 hujus
2885 3354 3180 3422 particulas,
3219 3373 3236 3404 ι
3270 3371 3391 3422 ego,
3429 3373 3448 3406 3
3489 3356 3658 3423 majo-

2098 3459 2212 3497 rem
2262 3446 2514 3514 przecepti
2556 3445 2661 3498 vim
2697 3445 2950 3500 ostendit.
2978 3444 3131 3510 Quod
3165 3455 3346 3500 autem
3381 3463 3502 3500 cum
3553 3446 3659 3501 Deo

2096 3535 2293 3589 bellum
2344 3545 2492 3605 gerat
2534 3536 2908 3605 Carpocrates,
2938 3548 2991 3590 et
3041 3537 3350 3606 Epiphanes
3394 3539 3556 3591 etiam
3602 3539 3656 3591 in

2089 3641 2177 3689 eo,
2201 3627 2294 3696 qui
2317 3628 2749 3697 vulgojaclatur,
2782 3630 2922 3684 libro
2952 3629 3027 3682 De
3042 3631 3277 3697 justitia,
3303 3640 3448 3699 patet
3469 3646 3532 3684 cx
3589 3646 3656 3685 eo

2088 3719 2232 3786 quod
2271 3719 2552 3790 subjungit
2583 3721 2668 3776 his
2705 3721 2884 3776 verbis
2921 3741 2934 3776 :
2974 3741 2992 3773 ι
3026 3720 3164 3776 Hinc
3216 3732 3273 3775 ut
3307 3723 3399 3791 qui
3448 3724 3655 3777 ridicu-

2089 3813 2214 3866 lum.
2256 3812 2476 3879 dixerit,
2533 3815 2857 3884 legislatoris
2913 3815 3017 3870 hoc
3048 3815 3270 3868 verbum
3323 3816 3652 3871 audiendum

2087 3911 2168 3957 est
2191 3920 2202 3955 :
2226 3921 2244 3952 ι
2271 3901 2390 3956 Non
2429 3903 2782 3972 concupisces
2809 3922 2821 3957 :
2869 3924 2887 3955 3
2917 3919 3090 3974 usque
3112 3904 3177 3957 ad
3212 3904 3288 3968 id,
3319 3905 3462 3974 quod
3484 3906 3653 3975 magis

2088 4000 2313 4055 ridicule
2337 4000 2467 4055 dicit
2504 4019 2515 4054 :
2557 4019 2576 4051 ‹
2618 3999 2725 4054 Res
2756 4000 2988 4068 proximi
3018 4001 3115 4053 tui.
3153 4019 3171 4050 3
3206 3998 3324 4069 Ipse
3357 4000 3525 4065 enim,
3557 4001 3651 4071 qui

2089 4091 2237 4146 dedit
2257 4092 2628 4162 cupiditatem,
2653 4101 2711 4145 ut
2743 4107 2864 4160 quae
2895 4091 3200 4146 contineret
3224 4091 3648 4160 generationem,

2083 4183 2237 4250 jubet
2265 4199 2384 4236 eam
2421 4182 2655 4246 auferre,
2691 4197 2815 4234 cum
2849 4197 2878 4234 a
2913 4181 3064 4234 nullo
3111 4195 3231 4237 eam
3279 4179 3490 4235 auferat
3528 4185 3648 4236 ani-

2464 4322 2485 4348 ο
2518 4309 2688 4366 Exod.
2731 4327 2823 4370 xx,
2854 4311 2937 4365 17.
3015 4311 3042 4350 ἀ
3075 4313 3230 4366 Deut.
3265 4327 3402 4378 xm,
3434 4312 3526 4368 22.

2084 4486 2362 4557 prietatem
2389 4554 2398 4557 _
2423 4481 2854 4557 redigit_,_adhuc
2883 4482 3056 4557 magis
3087 4481 3507 4557 ridicule__dixit.
3545 4503 3568 4557 _3

2155 4555 2265 4626 (67)
2298 4551 2568 4626 Τούτορςζ
2599 4551 3271 4626 Philastrius_Brixiensis
3299 4553 3503 4626 lib._De
3533 4555 3644 4608 hae-

2082 4621 2277 4679 resibus
2328 4643 2341 4677 :
2393 4642 2410 4673 ι
2466 4621 2741 4686 Floriani,
2765 4625 2877 4677 sive
2921 4624 3356 4692 Carpocratiani,
3387 4624 3645 4678 dicuntur

2077 4706 2333 4765 negantes
2364 4694 2632 4761 judicium
2664 4706 2717 4746 et
2749 4697 3225 4765 resurrectionem,
3267 4693 3541 4746 Christum
3576 4696 3644 4749 de

2074 4763 2298 4835 Virgine
2346 4775 2690 4835 natumhnon
2733 4763 3034 4826 credentes,
3080 4777 3642 4835 omnemquebrcsur-

2075 4831 2372 4891 rectionem
2423 4833 2476 4886 in
2530 4833 2760 4886 ﬁlim-unt
2801 4835 3172 4900 procreatione
3217 4831 3435 4884 nefandi
3466 4843 3640 4889 cwtus

2071 4906 2448 4960 existimantes
2475 4903 2791 4965 consistere,
2825 4913 2884 4956 ut
2917 4904 2968 4956 in
2999 4900 3351 4972 ecclesiasua
3389 4915 3506 4972 post
3542 4917 3635 4957 oc-

2071 4991 2259 5030 casum
2288 4976 2419 5029 solis
2450 4972 2683 5025 lucernis
2717 4974 3000 5027 exstinctis
3031 4971 3246 5025 misceri
3269 4971 3400 5026 cum,
3425 4974 3639 5026 mulier-

2070 5047 2208 5101 culis
2249 5062 2356 5098 non
2407 5041 2789 5106 dubitaverint,
2847 5044 2976 5110 legis
3034 5052 3377 5110 pratceptumi
3413 5043 3635 5110 implere

2070 5125 2323 5185 putantes
2358 5133 2370 5167 :
2412 5111 2712 5185 Nascimint'
2757 5123 2806 5165 et
2845 5109 3306 5185 multiplicamini,
3351 5109 3633 5185 Judaismo

2070 5181 2251 5255 potius
2304 5193 2355 5236 et
2381 5183 2704 5255 _paganitati
2759 5197 2946 5251 parere
2993 5182 3258 5248 nefandae,
3287 5197 3445 5255 συθ-[η
3475 5181 3634 5255 Chri-

2069 5250 2260 5310 stianae
2287 5250 2498 5306 veritati
2527 5250 2871 5320 acquiesCere
2927 5261 3308 5320 properantes.
3328 5270 3346 5302 3
3379 5250 3632 5306 Theodo-

2068 5336 2218 5382 retus
2250 5325 2340 5376 lib.
2377 5338 2392 5374 ι
2425 5322 2502 5375 De
2529 5319 2696 5390 faliul.
2725 5319 2992 5390 haeretica
3015 5339 3120 5375 non
3159 5321 3256 5390 ipsi
3285 5319 3628 5389 Carpocrati,

2070 5397 2160 5449 sed
2183 5395 2300 5460 ejus
2321 5387 2586 5461 discipulo
2609 5391 2852 5444 attribuit
2881 5410 2892 5443 :
2923 5387 3088 5454 Οὗτος
3108 5387 3633 5460 προφανῶςλαγνεύ-

2067 5482 2144 5517 ειν
2180 5466 2290 5534 τοῖς
2322 5462 2748 5534 Καρποκρὰτους
2782 5463 3114 5534 προστέθηκέ
3147 5461 3400 5534 δόγμασι.
3434 5463 3630 5534 Κοινὰς

2065 5535 2170 5605 γὰρ
2210 5529 2345 5585 εἶναι
2383 5527 2482 5597 τας
2511 5527 2772 5605 γυναῖκας
2812 5527 3226 5605 ἐνομοθέτησεν,
3249 5527 3333 5586 Ὸῦ
3371 5532 3431 5603 δὴ
3475 5533 3629 5605 χάρ-ιν

2066 5600 2162 5658 οὐκ
2195 5607 2250 5657 ἐν
2280 5605 2390 5665 τοῖς
2437 5600 2631 5665 κοινοῖς
2660 5600 2911 5673 δείπνοις
2941 5600 3097 5673 μόνον
3123 5601 3183 5653 τὸ
3206 5600 3476 5673 λυχνιαῖον
3516 5600 3630 5669 φῶς

2066 5673 2305 5727 ἐκποδὼν
2336 5673 2664 5752 ποιούμενοι,
2688 5666 2832 5744 ᾗπερ
2863 5666 3186 5752 ἄν’ἐκαστος
3219 5666 3444 5752 ἐπέτυχε
3466 5666 3632 5752 ’συνε-

2069 5746 2312 5813 μίγνυτο.
2377 5764 2392 5792 ι
2444 5742 2509 5795 Ιε’
2532 5742 2718 5813 aperte
2745 5742 2813 5796 et'
2846 5743 3018 5813 palam
3049 5743 3276 5796 scortari
3311 5742 3504 5810 adjecit
3532 5743 3628 5793 dc—

2065 5810 2228 5868 eretxs
2255 5810 2623 5881 Carpat-ratis.
2651 5810 2902 5871 Mulieres
2937 5812 3082 5866 enim
3137 5829 3255 5866 esse
3309 5827 3631 5865 communes

2064 5884 2364 5937 constituit.
2396 5883 2754 5948 Quamobrem
2791 5898 2894 5936 non
2934 5883 3106 5936 solum
3140 5885 3189 5935 in
3229 5882 3502 5937 conviviis
3526 5898 3629 5951 pu-

2068 5955 2241 6020 hhris,
2299 5952 2769 6017 (:atttlelatluminc
2819 5954 2981 6023 paulo
3036 5954 3248 6023 longius
3301 5960 3533 6018 remoto,
3575 5953 3629 6004 in
