4484 6586
398 489 529 543 “233

1607 469 2038 535 STROMATUM
2082 478 2207 532 LIB.
2251 478 2337 533 111.

3501 481 3632 535 “Si

393 602 552 656 θόντα
578 600 762 668 φάναι*
791 597 1098 668 Γέγραπται
1123 640 1137 663 ,
1173 621 1190 652 ‹
1231 602 1400 656 Παειτῖ
1430 598 1506 668 τῷ
1530 597 1765 650 αἰτοῦντί
1799 615 1858 650 σε
1888 598 1967 652 δί-
1998 606 2042 660 Α
2073 615 2164 653 cou

1857 640 1858 644 η
1888 598 1967 652 δί-
1998 606 2042 660 Α
2073 599 2511 670 conjunctionem
2543 595 2707 665 impie
2741 608 3069 652 vocaverunt
3093 617 3110 647 ι
3132 599 3628 654 communionem.»

386 700 478 753 ὅου
502 714 518 731 ·
557 716 575 746 ι
617 696 713 763 τὴν
769 694 827 747 δὲ
861 696 1071 765 σεμνῶς
1098 699 1235 753 πάνυ
1261 695 1677 766 ἀποκρίνασθαι,
1734 696 1808 764 μὴ
1840 711 1963 748 συν-

392 792 562 844 ιεῖσαν
595 786 692 857 τὴν
730 786 1046 858 τάνθρώπου
1098 791 1402 859 ἀσέλγειαν·
1452 786 1616 840 Ἀλλά
1632 789 1755 857 περ).
1784 788 1959 858 γάμου

387 883 452 950 τῇ
490 879 657 950 μητρὶ
687 878 955 949 διαλέγου.
986 884 1049 935 Ὠ
1094 884 1193 953 τῆς
1236 881 1562 948 ἀθεότητοςῐ
1594 880 1686 932 καὶ
1719 878 1824 931 τῶν
1866 880 1957 933 τοῦ

386 969 594 1038 Κυρίου
628 969 821 1037 φωνῶν
877 972 1246 1042 διαψεύδονται
1295 972 1343 1022 οἱ
1381 971 1478 1039 τῆς
1520 969 1805 1036 ἀσελγείας
1843 989 1957 1024 κοι-

386 1059 572 1121 νωνοὶ,
607 1061 656 1112 οἱ
701 1062 799 1133 τῆς
836 1064 1089 1134 λαγνείας
1133 1062 1371 1129 ἀδελφοὶ.
1416 1060 1616 1123 ὄνειδος
1659 1061 1719 1113 οὐ
1748 1062 1957 1129 φιλοσο-

387 1150 513 1218 φίας
550 1152 727 1221 μόνον,
764 1155 897 1210 ἀλλὰ
928 1158 1022 1211 καὶ
1062 1156 1263 1216 παντὸς
1310 1152 1404 1204 τοῦ
1440 1151 1587 1221 βίου·
1634 1155 1681 1204 οἱ
1712 1171 1958 1225 παραχα-

389 1242 677 1313 ράσσοντες
717 1248 816 1319 τὴν
852 1248 1107 1320 ἀλήθειαν
1130 1286 1144 1308 ,
1205 1244 1402 1314 μᾶλλον
1450 1244 1507 1297 δὲ
1551 1246 1955 1298 κατασκάπτον-

383 1350 494 1398 τες,
527 1336 601 1399 ὡς
634 1333 743 1392 οἷόν
777 1356 835 1392 τε
866 1340 1052 1401 αὐτοῖς
1077 1354 1090 1367 ·
1119 1336 1171 1388 οἵ
1203 1353 1266 1403 γε
1310 1334 1610 1405 τρισάθλιοι
1637 1336 1745 1412 (72)
1769 1340 1866 1407 τήν
1895 1356 1953 1390 τε

387 1427 649 1501 σαρκίνην
686 1432 828 1485 κατά
874 1431 972 1500 τὴν
1025 1429 1476 1498 συνουσιαστικὴν
1518 1430 1796 1482 κοινωνίαν
1843 1430 1952 1498 (75)

384 1520 776 1589 ίεροφαντοῦσι,
826 1524 919 1575 καὶ
963 1519 1169 1590 ταύτην
1195 1520 1395 1572 οἴονται
1432 1521 1511 1583 εἰς
1550 1520 1646 1591 τὴν
1680 1520 1951 1590 βασιλείαν

383 1613 586 1677 αὐτοὺς
648 1616 867 1684 ἀνάγειν
920 1612 1015 1665 τοῦ
1074 1611 1207 1664 Θεοῦ
1259 1612 1388 1677 (74).
1444 1614 1536 1675 Εἰς
1576 1614 1641 1666 τὰ
1684 1632 1949 1685 χαμαιτυ-

383 1707 510 1758 πεῖα
544 1707 640 1776 μὲν
668 1702 761 1759 οὖν
788 1709 819 1775 ή
848 1703 1022 1756 τοιάδε
1050 1703 1258 1770 εἰσάγει
1288 1704 1539 1756 κοινωνία
1561 1722 1573 1733 °
1611 1708 1704 1757 καὶ
1726 1706 1788 1774 δὴ
1814 1723 1951 1773 συμ-

384 1796 596 1866 μέτοχοι
630 1794 738 1850 εἷεν
766 1798 947 1857 αὐτοῖς
988 1797 1036 1847 οἱ
1077 1794 1201 1857 σύες
1225 1796 1317 1848 καὶ
1346 1799 1393 1848 οἱ
1426 1798 1643 1866 τράγοι·
1684 1794 1792 1850 εἷεν
1813 1799 1857 1850 δ’
1884 1797 1949 1849 ἂν

378 1890 438 1939 ἐν
468 1890 588 1949 ταῖς
645 1886 852 1956 μείζοσι
907 1884 1033 1953 παρ’
1073 1887 1253 1947 αὐτοῖς
1284 1884 1491 1937 ἐλπίσιν
1515 1888 1569 1938 αί
1598 1885 1948 1956 προεστῶσαι

377 1973 471 2028 τοῦ
518 1977 707 2044 τέγους
742 1975 964 2044 πόρναι,
1000 1974 1223 2043 ἀναίδην
1263 1975 1629 2045 εἰσδεχόμεναι
1676 1978 1782 2046 (75)
1822 1976 1948 2032 τοὺς

380 2064 728 2134 βουλομένους
755 2063 1018 2122 ἅπαντας.
1049 2082 1066 2112 ‹
1104 2063 1289 2132 Ὑμεῖς
1321 2064 1376 2115 δέ
1396 2066 1491 2133 οὐχ
1512 2065 1681 2128 οὕτως
1714 2066 1947 2136 ἐμάθετε

378 2158 467 2211 τὸν
504 2157 754 2227 Χριστὸν,
813 2156 868 2208 εἴ
916 2173 978 2223 γε
1036 2157 1195 2209 αὑτὸν
1238 2157 1537 2225 ἠκούσατε,
1580 2161 1672 2211 καὶ
1705 2163 1761 2211 ἐν
1797 2160 1946 2229 αὐτῷ

376 2246 716 2318 ἐδιδάχθητε,
758 2247 939 2310 καθώς
992 2250 1139 2300 ἐστιν
1183 2248 1407 2317 ἀλήθεια
1460 2253 1516 2302 ἐν
1565 2251 1782 2322 Χριστῷ
1843 2254 1945 2322 Ἰη-

377 2337 470 2390 σοῦ
501 2337 632 2407 (76),
668 2337 966 2391 ἀποθέσθαι
987 2339 1132 2408 ὑμᾶς
1164 2339 1229 2391 τὰ
1250 2339 1360 2410 (77)
1383 2341 1521 2393 κατὰ
1552 2342 1647 2411 τὴν
1674 2344 1945 2415 προτέραν

374 2430 735 2501 ἀναστροφὴν,
771 2430 861 2483 τὸν
885 2430 1110 2484 παλαιὸν
1161 2430 1477 2503 ἄνθρωπον,
1525 2434 1614 2485 τὸν
1655 2434 1947 2505 φθειρόμε-

373 2538 460 2573 νον
493 2522 633 2574 κατά
656 2522 751 2584 τὰς
775 2521 1068 2591 ἐπιθυμίας
1101 2521 1200 2590 τῆς
1232 2522 1446 2592 ἀπάτης
1470 2540 1481 2551 ·
1516 2524 1944 2579 ἀνανεοῦσθαιδὲ

373 2611 451 2681 τῷ
490 2611 756 2683 πνεύματι
806 2612 897 2665 τοῦ
954 2613 1069 2675 νοὸς
1130 2613 1312 2681 ὑμῶν,
1368 2615 1462 2667 καὶ
1495 2614 1814 2667 ἐνδύσασθαι
1855 2617 1945 2668 τὸν

372 2703 556 2758 καινὸν
608 2703 925 2776 ἄνθρωπον,
958 2704 1047 2755 τὸν
1081 2703 1218 2755 κατά
1265 2704 1395 2757 Θεὸν
1436 2704 1721 2758 κτισθέντα
1767 2708 1825 2758 ἐν
1870 2707 1947 2759 δι-

372 2793 626 2865 καιοσύνῃ
654 2794 744 2846 καὶ
771 2794 1006 2863 ὁσιότητι
1034 2792 1133 2861 τῆς
1159 2793 1447 2861 ἀληθείας,
1485 2813 1501 2844 ι
1532 2795 1672 2847 κατὰ
1706 2796 1805 2865 τὴν
1828 2798 1944 2860 ἐξο-

376 2887 597 2955 μοίωσιν
632 2884 725 2938 τοῦ
762 2885 921 2937 Θείου
954 2884 1083 2953 (78).
1145 2904 1161 2934 ε
1195 2885 1413 2937 Γίνεσθε
1451 2882 1543 2938 οὖν
1584 2889 1816 2956 μιμηταὶ
1852 2889 1943 2941 τοῦ

372 2977 525 3040 θεῶν
560 2980 634 3039 ὡς
666 2978 830 3029 τέκνα
864 2975 1152 3045 ἀγαπητὰ,
1186 2977 1279 3029 καὶ
1323 2982 1673 3046 περιπατεῖτε
1713 2981 1768 3031 ἐν
1802 2982 1940 3047 ἀγά-

372 3084 449 3139 πῃ
472 3109 485 3129 ,
523 3066 702 3129 καθὼς
732 3068 826 3118 καὶ
868 3068 895 3117 ὁ
928 3066 1159 3135 Χριστὸς
1198 3068 1483 3135 ἠγάπησεν
1520 3069 1660 3137 ὑμᾶς
1685 3070 1814 3139 (79),
1850 3072 1941 3122 καὶ

372 3157 685 3226 παρέδωκεν
714 3156 903 3207 ἐαυτὸν
938 3156 1075 3225 ὑπὲρ
1106 3156 1260 3223 ἡμῶν
1289 3159 1603 3227 προσφορὰν
1639 3161 1730 3213 καὶ
1751 3159 1939 3213 θυσίαν

2070 692 2261 745 Dicunt
2284 691 2466 756 itaque
2488 702 2552 739 ex
2578 688 2644 741 iis
2667 689 2978 756 quemdam,
3003 705 3127 742 cum
3152 688 3218 741 ad
3248 697 3490 743 nostram
3520 691 3629 742 vir-

2065 784 2246 851 ginem
2285 783 2429 834 vultu
2460 780 2755 834 formosam
2783 781 3136 845 accessisset,
3172 780 3420 834 dixisse:
3456 779 3625 849 Scrip

2063 884 2177 927 tum
2225 881 2307 926 est
2340 891 2352 924 :
2389 890 2407 921 ‹
2440 871 2514 926 Da
2558 874 2705 925 omni
2752 881 2804 925 te
2846 872 3050 941 petenti
3095 885 3119 912 ι
3152 892 3167 925 :
3204 893 3223 924 ι
3258 872 3407 925 illam
3450 882 3628 925 autem

2063 966 2290 1018 honeste
2322 965 2611 1019 admodum
2645 964 3029 1034 respondisse,
3064 974 3121 1017 ιιι
3158 980 3278 1033 qua:
3316 980 3425 1019 non
3469 965 3627 1017 intel-

2062 1058 2249 1126 ligeret
2277 1057 2513 1112 hominis
2543 1058 2895 1127 petulantiam
2929 1076 2942 1110 :
2976 1058 3045 1110 At
3071 1065 3128 1110 tu
3158 1064 3383 1112 matrem
3411 1062 3469 1121 ᾖ
3498 1071 3630 1111 con-

2062 1148 2183 1202 veni
2222 1148 2290 1201 de
2334 1148 2706 1202 matrimonio.
2752 1147 2796 1200 Ο
2849 1148 3220 1216 impietatem!
3265 1147 3429 1201 etiam
3463 1162 3627 1201 voces

2061 1239 2280 1292 Domini
2309 1241 2686 1294 ementiuntur
2726 1240 2813 1293 isti
2853 1240 3285 1309 intemperantia:
3323 1242 3624 1293 communi-

2058 1341 2272 1386 catores
2300 1374 2315 1397 ,
2368 1332 2678 1401 fratresque
2710 1331 2951 1386 libidinis
2977 1373 2990 1393 ,
3022 1348 3125 1386 non
3156 1331 3334 1386 solum
3364 1330 3622 1399 probrum

2059 1422 2418 1491 philosophiae
2439 1466 2453 1485 .
2480 1424 2573 1478 sed
2603 1423 2767 1477 etiam
2797 1424 2965 1476 totius
2996 1424 3119 1477 vita:
3144 1443 3158 1489 ;
3190 1423 3284 1492 qui
3318 1422 3620 1483 veritatem,

2056 1526 2320 1579 quantmu
2355 1514 2407 1565 in
2441 1514 2521 1566 eis
2552 1513 2721 1567 situm
2752 1522 2868 1579 est,
2909 1514 3218 1567 adulterant
3260 1528 3324 1569 ac
3369 1527 3623 1567 corrum-

2058 1614 2223 1671 punt,
2274 1605 2355 1657 vel
2385 1606 2564 1673 potius
2592 1605 2914 1670 defodiunt;
2960 1605 3206 1657 homines
3259 1603 3621 1658 infelicissimi

2054 1698 2329 1749 carnalem
2360 1698 2683 1750 concubitus
2714 1698 3157 1751 communionem
3186 1706 3506 1751 constet-ant
3527 1740 3541 1762 ,
3569 1706 3623 1749 et

2053 1787 2195 1841 hanc
2239 1788 2385 1857 ipsos
2424 1796 2620 1856 putant
2654 1788 2721 1841 ad
2765 1804 2990 1857 regnum
3036 1787 3129 1841 Dei
3181 1787 3493 1856 perducere.
3539 1789 3620 1839 Aul

2052 1879 2339 1948 lupanaria
2369 1895 2500 1949 ergo
2525 1880 2747 1934 deducit
2775 1880 2889 1933 haec
2917 1880 3233 1933 communio
3252 1921 3265 1943 ,
3302 1889 3356 1932 et
3383 1894 3506 1932 eum
3540 1881 3620 1931 ei.-

2050 1972 2577 2025 communicaverint
2617 1987 2742 2025 sues
2771 1981 2825 2024 et
2871 1970 3042 2034 hirci,
3091 1971 3435 2039 maximaque
3476 1971 3618 2038 apuzl

2050 2065 2171 2119 illos
2199 2065 2254 2117 in
2287 2079 2382 2132 spe
2413 2064 2614 2118 fuerint
2651 2065 2998 2127 meretrices,
3033 2080 3156 2132 quae
3194 2064 3245 2116 in
3294 2064 3612 2131 prostibulis

2047 2164 2245 2224 prtesto
2281 2163 2436 2217 sunt,
2483 2165 2536 2208 et
2576 2156 2819 2210 volentes
2864 2170 3054 2210 omnes
3102 2156 3419 2209 admittunt.
3448 2174 3466 2206 ι
3500 2153 3613 2209 Vos

2048 2256 2227 2299 autem
2256 2260 2364 2298 non
2396 2244 2477 2298 sic
2502 2244 2778 2298 Christum
2810 2244 3107 2310 didicistis,
3140 2246 3404 2314 siquidem
3440 2246 3615 2314 ipsum

2050 2338 2306 2392 audiistis
2329 2378 2343 2400 ,
2379 2346 2432 2390 et
2459 2338 2512 2390 in
2546 2352 2613 2390 eo
2642 2337 2787 2391 docti
2827 2339 2988 2402 estis,
3034 2338 3492 2406 quemadmodum
3537 2351 3618 2391 es:

2050 2429 2256 2482 veritas
2289 2428 2451 2499 188
2489 2430 2540 2483 in
2574 2427 2795 2483 Christo
2846 2427 2974 2483 Jesu
2999 2471 3014 2494 ,
3062 2438 3120 2481 ut
3166 2429 3448 2498 deponatis
3499 2445 3617 2497 qme

2049 2530 2181 2574 sunt
2223 2521 2519 2574 secundum
2557 2533 2793 2574 veterem
2835 2520 3300 2575 conversationem
3327 2562 3341 2583 ,
3378 2529 3614 2575 veterem

2048 2609 2367 2674 hominem,
2421 2611 2514 2679 qui
2569 2611 2940 2680 corrumpitur
2990 2613 3289 2665 secundum
3348 2611 3617 2665 desideria

2046 2702 2402 2771 deceptionis.
2445 2702 2806 2757 Renovamini
2837 2715 3015 2758 autem
3051 2705 3243 2774 spiritu
3274 2706 3472 2759 mentis
3527 2721 3618 2757 ve-

2047 2804 2194 2859 strm,
2224 2806 2278 2849 et
2309 2796 2546 2850 induatis
2580 2812 2778 2850 novum
2811 2797 3129 2862 hominem,
3164 2797 3256 2867 qui
3291 2809 3507 2851 creatus
3534 2809 3617 2851 ost

2046 2888 2345 2942 secundum
2372 2886 2545 2941 Deum
2573 2888 2626 2941 in
2646 2888 2861 2957 justitia
2880 2898 2939 2943 et
2960 2890 3245 2944 sanctitate
3269 2890 3511 2943 veritatis
3529 2889 3611 2952 ιη»

2044 2979 2108 3033 ad
2135 2978 2226 3032 De—i
2258 2978 2688 3034 similitudinem.
2716 2998 2736 3032 ‹
2756 2980 3041 3036 Eliicimini
3083 2997 3212 3051 ergo
3256 2981 3345 3036 Dei
3376 2982 3617 3036 imitato-

2042 3082 2152 3131 res,
2189 3076 2246 3119 ut
2277 3068 2371 3120 lilii
2397 3069 2613 3134 dilecti,
2639 3078 2693 3122 et
2718 3071 2995 3124 ambulate
3020 3074 3074 3123 in
3106 3070 3425 3135 dilectione,
3464 3071 3611 3125 sicut

2039 3159 2289 3213 Christus
2311 3176 2527 3229 quoque
2552 3160 2743 3215 dilexit
2766 3177 2887 3226 nos,
2910 3170 2965 3214 et
2988 3162 3213 3214 tradidit
3246 3162 3485 3229 seipsutn
3514 3177 3614 3230 pro

372 3250 446 3318 τῷ
477 3250 593 3319 Θεῷ
648 3253 726 3312 είς
759 3250 932 3318 ὀσμὴν
981 3249 1223 3312 εὐωδίας.
1262 3251 1493 3320 Πορνεία
1535 3250 1621 3312 δέ,
1659 3251 1751 3303 καὶ
1791 3253 1937 3302 πᾶσα
1965 3287 2006 3341 C
2042 3252 2143 3305 nob

1843 3253 1937 3302 Ξσα
1965 3287 2006 3341 C
2042 3252 2199 3305 nobis
2225 3252 2555 3305 oblationem
2577 3262 2630 3305 et
2654 3254 2883 3307 hostiam
2910 3253 3019 3306 Deo
3045 3255 3096 3305 in
3119 3254 3343 3307 odorem
3376 3254 3614 3307 suavita-

372 3341 697 3411 ἀκαθαρσία,
731 3343 761 3411 ἢ
805 3341 1102 3407 πλεονεξία,
1151 3342 1283 3411 μηδέ
1313 3340 1660 3410 ὀνομαζέσθω
1697 3344 1753 3393 ἐν
1785 3344 1934 3412 ὑμῖν,

372 3432 551 3493 καθὼς
583 3434 778 3503 πρέπει
812 3433 1006 3499 ἁγίοις,
1050 3434 1141 3484 καὶ
1192 3434 1517 3503 αἰσχρότης,
1571 3433 1661 3484 καὶ
1705 3434 1939 3503 μωρολο-

369 3524 492 3590 γίςν
536 3545 551 3571 ι
610 3526 701 3577 καὶ
734 3526 842 3593 γὰρ
888 3524 994 3576 ἀπὸ
1040 3525 1133 3593 τῆς
1190 3524 1368 3593 φωνῆς
1420 3523 1662 3589 ἁγνεύειν
1712 3523 1937 3594 μελετᾷν

367 3615 631 3672 διδάσκων
663 3619 690 3669 ὁ
732 3617 1067 3679 Ἀπόστολος,
1095 3616 1292 3685 γράφει
1318 3633 1329 3643 -
1362 3615 1529 3667 Τοῦτο
1562 3616 1667 3686 γὰρ
1700 3617 1813 3667 ἴστε
1844 3634 1940 3683 γι-

370 3707 663 3772 νώσκοντες
703 3709 815 3777 (80)
841 3748 855 3771 ,
884 3710 963 3761 ὅτι
997 3709 1103 3770 πᾶς
1134 3708 1347 3777 πόρνος,
1382 3728 1397 3756 ι
1424 3708 1517 3760 καὶ
1552 3707 1618 3759 τὰ
1648 3708 1791 3777 ἑξῆς,
1811 3708 1933 3773 ἕως,

373 3818 393 3848 ‹
432 3800 644 3853 Μᾶλλον
693 3798 749 3853 δὲ
791 3801 883 3852 καὶ
938 3799 1207 3868 ἐλέγχετε.
1240 3818 1256 3849 ι
1310 3798 1507 3869 Ἐρῤύη
1563 3799 1617 3851 δὲ
1657 3800 1837 3861 αὐτοῖς
1878 3799 1938 3851 τὸ

367 3892 541 3960 δόγμα
573 3892 634 3961 ξκ
654 3909 797 3953 τινος
823 3891 1138 3961 ἀποκρύφου
1162 3908 1173 3919 ·
1194 3890 1287 3941 καὶ
1321 3889 1383 3958 δὴ
1418 3890 1807 3960 παραθήσομαι
1840 3888 1937 3959 τὴν

366 3982 511 4046 λέξιν
544 3985 639 4054 τὴν
672 3986 769 4053 τῆς
803 3983 1002 4036 τούτων
1051 3981 1335 4049 ἀσελγείας
1394 3981 1633 4051 μητέρα⁸
1686 3983 1780 4033 καὶ
1825 3982 1934 4034 εἴτε

367 4074 517 4126 αὐτοὶ
544 4076 639 4145 τῆς
670 4074 849 4143 βίϐλου
890 4076 1246 4143 συγγραφεῖς,
1279 4074 1381 4143 ὅρα
1409 4073 1507 4140 τὴν
1548 4072 1837 4135 ἀπόνοιαν,
1889 4074 1937 4124 εί

367 4167 459 4218 καὶ
481 4167 613 4219 Θεοῦ
653 4166 1023 4236 διαψεύδονται
1055 4166 1119 4218 δι’
1152 4164 1456 4235 ἀκρασίαν·
1490 4165 1597 4215 εἴτε
1628 4163 1806 4227 ἄλλοις
1825 4164 1935 4235 (81)

367 4260 764 4329 περιτυχόντες,
787 4259 846 4311 τὸ
880 4257 1045 4312 καλὸν
1094 4257 1249 4309 τοῦτο
1289 4256 1553 4324 ἐνόσησαν
1584 4254 1757 4326 δόγμα
1789 4256 1897 4326 (82)
1919 4298 1933 4321 ,

364 4347 806 4421 διεστραμμένως
860 4349 1176 4420 ἀκηκοότες.
1233 4348 1383 4417 Ἔχει
1425 4347 1481 4400 δὲ
1533 4348 1642 4415 (85)
1698 4347 1839 4400 οὕτω
1869 4347 1935 4400 τὰ

366 4443 462 4510 τῆς
494 4443 687 4509 λέξεως
708 4462 722 4475 ο
754 4464 772 4497 ι
815 4443 911 4499 Ἐν
944 4440 1010 4516 ἦν
1043 4444 1112 4497 τὰ
1136 4443 1345 4496 πάντα“
1384 4442 1505 4494 ἐπεὶ
1537 4442 1594 4494 δὲ
1627 4442 1804 4506 ἔδοξεν
1838 4445 1936 4497 αὑ-

362 4533 456 4583 τοῦ
486 4537 551 4604 τῇ
590 4537 800 4607 ἐνότητι
860 4537 935 4609 μὴ
990 4533 1126 4590 εἶναι
1175 4536 1342 4609 μόνῃ,
1380 4533 1600 4603 ἐξῆλθεν
1629 4534 1723 4585 ἀπ’
1765 4535 1934 4588 αὑτοῦ

439 4719 495 4773 »Β
535 4713 592 4762 Ρ.
618 4715 724 4766 5'24
748 4714 859 4768 EB.
883 4716 1179 4779 POTTEB,
1205 4712 1447 4769 437438
1483 4709 1589 4764 ευ.
1618 4710 1844 4765 PARIS.

366 4792 389 4820 ε
437 4782 635 4851 Ephcs.
663 4786 859 4849 v.14.
932 4787 957 4825 ἀ
984 4787 1121 4841 Ibid.
1143 4787 1293 4840 ειν.

1962 4712 2195 4766 IMatth.
2252 4727 2303 4773 v,
2353 4710 2463 4778 42;
2521 4710 2652 4765 Luc.
2703 4726 2779 4773 Vl,
2833 4708 2921 4763 ὅθ.

2042 3344 2130 3397 tis.
2188 3342 2497 3399 Fornieatio
2533 3355 2713 3399 autem
2737 3385 2751 3407 ,
2806 3356 2860 3398 et
2894 3346 3072 3399 omnis
3105 3346 3445 3400 immunditia
3470 3388 3484 3409 ,
3528 3347 3611 3400 vel

2040 3437 2290 3499 avaritia,
2317 3452 2384 3490 ne
2421 3439 2733 3492 nominetur
2758 3439 2975 3506 quidem
3002 3438 3055 3491 in
3083 3439 3254 3503 vobis,
3288 3440 3430 3494 sicut
3457 3440 3613 3495 decet

2041 3537 2284 3593 sanctos,
2320 3539 2374 3583 et
2402 3530 2680 3598 turpitudo
2703 3572 2717 3595 ,
2756 3540 2809 3583 et
2847 3530 3245 3599 stultiloquium
3277 3543 3323 3583 ε.
3347 3549 3366 3581 ι
3398 3529 3608 3584 Etenim

2039 3620 2243 3693 docens
2261 3620 2553 3688 Apostolus
2575 3621 2825 3675 meditari
2844 3623 2927 3675 vel
2951 3622 3067 3690 ipsa
3090 3637 3222 3675 voce
3248 3637 3367 3676 esse
3391 3630 3571 3676 castos
3595 3666 3610 3684 .

2049 3708 2267 3761 scribit:
2291 3728 2306 3758 ι
2330 3707 2443 3761 Hoc
2472 3709 2613 3761 enim
2642 3710 2857 3771 scitote,
2879 3708 3024 3776 quod
3046 3710 3223 3763 omnis
3248 3708 3558 3774 fornicator,
3586 3730 3603 3759 ι

2049 3805 2103 3852 et
2123 3809 2335 3863 cartera,
2354 3816 2526 3869 usque
2547 3800 2615 3853 ad
2652 3799 2816 3852 illud:
2842 3817 2861 3849 ι
2886 3798 3055 3869 Magis
3079 3808 3257 3853 autem
3279 3804 3484 3870 arguite
3504 3800 3551 3854 τι.
3588 3822 3605 3851 ι

2043 3888 2264 3943 Etlluxit
2308 3900 2488 3944 autem
2528 3891 2608 3945 eis
2650 3891 2844 3960 dogma
2898 3906 2966 3944 ex
3018 3891 3254 3959 quodam
3303 3896 3613 3960 apocrypha

2039 3980 2202 4034 libro.
2239 3982 2416 4050 Atque
2455 3981 2594 4035 adeo
2634 3982 2857 4035 afferam
2892 3982 3230 4043 dictionem,
3271 3998 3393 4050 qua:
3439 3990 3611 4037 mater

2040 4088 2230 4126 eorum
2286 4074 2716 4142 intemperantiae
2750 4085 2804 4129 et
2854 4075 3007 4143 origo
3054 4083 3138 4127 est
3186 4092 3198 4126 :
3246 4083 3301 4127 et
3344 4072 3459 4127 sive
3504 4074 3608 4141 ipsi

2040 4169 2203 4237 hujus
2231 4169 2354 4223 libri
2386 4169 2678 4237 scriptores
2706 4182 2764 4221 se
2790 4166 3082 4231 fateantur,
3111 4182 3177 4219 en
3205 4180 3396 4218 eorum
3420 4179 3610 4218 vecor-

2037 4261 2181 4314 diam
2205 4302 2218 4324 ,
2254 4261 2380 4314 licet
2420 4259 2530 4313 Deo
2567 4274 2690 4313 eum
2733 4259 2872 4312 falso
2902 4257 3179 4312 ascribant
3232 4255 3474 4311 libidinis
3523 4256 3609 4308 in-

2039 4354 2389 4423 temperantia
2421 4352 2571 4406 ducti
2599 4370 2611 4403 :
2649 4352 2764 4405 sive
2796 4351 2866 4405 ab
2896 4351 3058 4416 aliis,
3090 4364 3185 4404 eos
3218 4362 3472 4418 perverse
3508 4362 3608 4401 au—

2037 4447 2246 4499 dientes
2273 4484 2290 4507 ,
2346 4446 2449 4498 hoc
2496 4444 2819 4511 praclarum
2869 4441 3069 4512 dogma
3120 4442 3481 4511 acceperint,
3528 4440 3608 4492 sic

2037 4552 2201 4607 porro
2229 4550 2289 4590 se
2317 4535 2518 4588 habent
2546 4535 2665 4603 ejus
2691 4533 2857 4587 verba
2887 4551 2900 4586 :
2936 4552 2954 4583 ε
2979 4531 3159 4587 Unum
3194 4541 3352 4585 erant
3379 4532 3561 4585 omnia
3589 4549 3602 4582 :

3031 4708 3059 4748 ιι
3088 4706 3282 4778 Ephes.
3316 4723 3388 4773 tv,
3411 4705 3599 4759 20—34.

434 4937 543 5009 (τί)
579 4938 647 5010 οἵ
687 4955 752 5010 ἵε
792 4941 1029 5010 λτρισάθι
1086 4942 1237 4996 Hane
1263 4940 1596 5010 pericopen,_
1623 4952 1799 5010 usque
1843 4938 1920 5010 ad
1957 4943 2001 4996 D
2028 4939 2194 4992 verba
2221 4935 2754 5010 accommodaretad
2785 4948 2847 4987 ea
2886 4948 3007 5002 quae
3045 4932 3111 4985 de
3141 4931 3324 4985 divina
3346 4930 3602 4987 similitu-

362 5005 477 5066 haec
508 5005 666 5061 verba
697 5008 1050 5077 βουλομένους
1086 5005 1352 5075 ἃπαντας,
1380 5005 1625 5062 recitavit
1672 5005 1924 5077 Theodo-

361 5092 508 5135 retus
539 5077 736 5151 Haeret.
758 5076 925 5151 fabul.
959 5081 1051 5133 lib.
1086 5099 1125 5145 ιι,
1156 5097 1279 5151 cap.
1306 5081 1357 5135 6.
1391 5079 1559 5132 Porro
1608 5079 1655 5128 οἱ
1691 5076 1801 5147 γάρ
1824 5093 1923 5146 pro

360 5154 413 5208 οἰ
462 5167 523 5217 γε
551 5150 709 5202 habet
744 5149 851 5201 ille.

434 5220 544 5291 (75)
580 5217 696 5291 Τήν
731 5235 794 5291 τε
836 5220 1129 5291 σαρκίνην
1155 5222 1306 5275 κατά
1332 5221 1444 5287 τὴν
1488 5232 1921 5291 συνουσιαστιῖ

363 5288 481 5363 κήν
507 5310 561 5344 κ.
596 5288 747 5343 Haud
806 5289 920 5363 scio
970 5294 1278 5363 an_verius,
1304 5294 1400 5363 τήν
1418 5307 1489 5363 τε
1526 5288 1787 5363 σαρκίνην
1829 5288 1921 5363 καὶ

360 5358 461 5434 τῆν
490 5358 925 5434 συνουσιαστξᾉῇν
953 5358 1302 5434 κι-ξῑιιιυιισ.
1332 5358 1579 5434 ὲ-ῐξρειο
1612 5376 1625 5409 :
1664 5358 1750 5434 sic
1772 5359 1919 5434 enim

366 5427 509 5488 hunc
536 5434 711 5486 locum
745 5427 961 5485 exhibet
995 5427 1389 5496 Theudor-etus,
1415 5431 1510 5499 τὴν
1536 5427 1801 5497 σαρκικὴν
1823 5428 1919 5479 καὶ

361 5520 458 5557 την
482 5520 692 5557 συνουσ.
719 5520 770 5554 κ.

394 5506 458 5575 ὴν
482 5520 692 5557 συνουσ.
719 5520 770 5554 κ.

433 5576 541 5644 (74)
576 5574 685 5628 Τοῦ
711 5570 885 5644 (Θεοῦ.
924 5567 1027 5621 Τοῦ
1050 5570 1283 5644 {ignosco
1314 5571 1634 5644 Theot.lo_r_et.

454 5576 541 5644 74)
576 5576 685 5628 Τοῦ
723 5576 885 5627 Θεοῦ.
924 5576 1027 5621 ἰὀυ
1050 5576 1283 5637 Χριστοῦ
1314 5576 1634 5625 Theodoret.

433 5576 547 5713 (75)
581 5643 1044 5713 Εὶσδεχόμεναιζ
1069 5636 1825 5713 ᾚξιδεχόμεναιᾷτίιεοᾱοτθι.

456 5708 544 5781 76)
592 5708 1067 5783 Χρισέῷ’Ἰησοῦἶ
1103 5708 1432 5783 ’Τῷ-Ἰησοῦ,
1470 5710 1667 5781 Epltes.

456 5778 546 5847 77)
578 5778 671 5839 Tui.
716 5778 883 5838 Abest
922 5778 953 5835 a
984 5780 1149 5847 \'ulg.,
1180 5778 1377 5847 Epltes.

458 5785 521 5835 77
578 5784 671 5839 Τά.
716 5786 883 5838 Abest
924 5798 953 5835 a
984 5784 1149 5847 vulg.,
1180 5784 1377 5847 Epltes.

458 5784 549 5921 78)
576 5859 737 5909 Κατὰ
769 5854 881 5921 τὴν·
910 5849 1261 5921 ἐξομοίῳσιγ
1295 5851 1403 5921 {of}
1434 5852 1626 5906 Θείου.
1660 5847 1920 5921 Comma-

365 5916 479 5974 tioit
514 5916 643 5992 illud
690 5916 841 5980 abest
874 5940 903 5978 a
941 5916 1083 5992 vulg.
1119 5917 1258 5973 Bibi.
1299 5918 1493 5992 Ephes.
1518 5962 1532 5983 ,
1588 5919 1761 5988 inquit
1803 5916 1921 5992 Syl-

366 5993 520 6063 burg.
557 5991 650 6048 Est
687 6005 862 6049 autem
906 6012 933 6049 a
961 5988 1239 6047 Clétncnte
1270 5990 1538 6057 additum,
1584 6000 1639 6045 ut
1673 5988 1916 6061 Apostoli

433 5716 456 5922 ἓ

2030 5010 2156 5061 dine
2190 5010 2351 5075 paulo
2376 5007 2625 5075 superius
2660 5006 2891 5075 dixerat.

2102 5074 2213 5147 (79)
2257 5074 2457 5146 Ὑμᾱςε
2502 5076 2700 5147 Ἦμᾶς,
2736 5074 2933 5147 Ephes.

2126 5141 2214 5215 80)
2250 5141 2410 5200 Ἵόιτε
2444 5141 2687 5215 rer-dicm.
2730 5141 2880 5197 Ἐστὲ
2913 5141 3144 5215 γινώσκ.
3176 5141 3380 5215 Ephes.

2126 5150 2192 5200 80
2250 5150 2410 5200 Ἵστε
2444 5150 2687 5215 γινώσκ.
2730 5150 2880 5197 Ἐστὲ
2913 5150 3144 5208 γινωσκ.
3180 5150 3380 5212 Ephes.

2102 5150 2214 5283 (81)
2250 5219 2504 5281 Ἄλλως.
2542 5216 2705 5270 Forte
2727 5213 3138 5269 convenientius
3156 5210 3589 5276 dilwgadverb.

2032 5289 2295 5341 SYLBURG.

2100 5359 2207 5429 (82)
2250 5354 2425 5409 Τοῦτο
2465 5352 3009 5429 ἑνόσησανιδότμα..
3038 5352 3411 5429 Scribi_possi_t
3438 5350 3591 5429 ὲνόης

2030 5422 2146 5489 σαν,
2191 5422 2232 5475 ἰ
2262 5428 2655 5496 excogitat-unt.
2690 5443 2723 5496 i_
2768 5423 3030 5496 Quamvis
3079 5426 3258 5496 νοσεῖν
3316 5422 3483 5474 etiam
3526 5422 3590 5496 aii

2029 5504 2270 5553 animum
2318 5492 2601 5551 trabsferri
2648 5494 2803 5549 solet.
2873 5493 3007 5547 Ilinc
3069 5492 3493 5562 Chrysostomus
3537 5492 3591 5542 in

2027 5569 2047 5621 ι
2076 5570 2202 5623 Cor.
2239 5583 2304 5620 xv
2333 5586 2347 5620 ι
2379 5567 2561 5633 ’Ἄξιον
2603 5566 2656 5617 δὲ
2688 5563 2947 5625 ἀκοῦσαι,
2982 5562 3034 5614 τί
3080 5561 3312 5616 ἐνταῦθα
3344 5561 3589 5633 λέγουσιν

2026 5643 2072 5693 οἱ
2100 5640 2164 5693 τά
2192 5630 2507 5707 Μανιχαίών
2538 5635 2856 5708 νοσοῦντες,-
2876 5654 2894 5685 ‹
2925 5633 3111 5708 Operm
3163 5634 3392 5708 pretium
3426 5630 3589 5708 fuerit

2028 5712 2234 5773 audire,
2271 5699 2401 5777 quid
2439 5711 2639 5770 dicant,
2686 5705 2781 5774 qui
2815 5699 3237 5758 Manichaeorum
3279 5700 3469 5756 haeresi
3502 5699 3584 5751 la-

2029 5780 2287 5834 borant.»
3144 5811 3150 5817 -

2026 5850 2205 5973 Θτζ(85)
2240 5847 2330 5902 Δέ.
2366 5847 2457 5903 Vel
2488 5850 2572 5919 δή,
2606 5857 2664 5901 ut
2697 5849 2863 5917 paulo
2887 5844 3155 5915 superius,
3193 5843 3286 5897 mi
3319 5841 3384 5911 δὴ
3410 5854 3591 5915 παρα-

2084 5935 2279 5973 .σου.αι.

2060 5924 2279 5992 ήσομαι.
