4484 6586
857 378 993 434 1155

2050 387 2436 443 CLEMENTIS
2470 389 2935 454 ALEXANDRIM

3961 413 4107 468 H56

851 509 1142 570 postquam
1186 507 1367 556 autem
1412 500 1534 571 ejus
1575 505 1770 560 unitati
1809 506 1984 562 visum
2018 520 2101 564 est
2146 529 2254 568 non
2295 529 2417 569 esse
2445 520 2489 574 A
2520 515 2622 568 ἐπίι

2334 530 2417 568 sse
2445 520 2489 574 Α
2520 515 2808 584 ἐπίπνοια,
2842 523 2933 576 καὶ
2968 520 3320 593 ἐκοινώνησεν
3377 527 3514 599 αὐτῇ
3539 572 3552 595 ,
3614 530 3706 584 καὶ
3749 530 3971 603 ἐποίησε
4005 534 4105 586 τὸν

853 595 1056 676 solam,
1087 593 1222 648 exiit
1248 597 1317 650 ab
1345 610 1408 648 eo
1435 596 1756 666 insipiratio,
1792 613 1844 655 et
1871 618 1992 655 cum
2019 619 2083 656 ea
2114 606 2236 660 iniit
2267 623 2417 661 eom-

854 685 1168 740 munionem
1192 727 1206 746 .
1231 697 1284 739 et
1307 686 1433 739 fecit
1454 687 1734 743 dilectum.
1761 691 1972 746 Exhinc
1991 703 2173 747 autem
2199 713 2414 767 egressa

853 784 936 830 est
962 777 1032 832 ab
1057 779 1174 847 ipso
1202 779 1519 846 inspiratio,
1543 796 1667 835 cum
1695 798 1801 851 qua
1827 800 1949 838 cum
1975 791 2415 843 communionem

855 870 1101 934 iniisset,
1137 870 1265 924 fecit
1300 881 1636 940 potestates,
1676 891 1798 944 qua:
1838 895 1935 931 nec
1974 891 2207 946 possunt
2247 885 2414 937 videri

857 975 956 1014 nec
1005 959 1220 1023 audiri,
1252 980 1270 1012 ι
1308 979 1480 1033 usque
1519 965 1584 1017 ad
1629 965 1790 1028 illud,
1847 987 1865 1020 ι
1894 984 2335 1042 unamquamque
2363 978 2416 1028 in

855 1049 1077 1105 nomine
1117 1054 1356 1122 proprio.
1388 1073 1405 1104 ι
1440 1053 1496 1107 Si
1537 1056 1681 1110 enim
1733 1059 1785 1112 hi
1845 1075 2090 1128 quoque,
2142 1065 2285 1118 sicut
2318 1066 2418 1121 Va-

855 1141 1138 1198 lentiniani
1163 1185 1178 1209 ,
1242 1145 1513 1214 spiritales
1545 1150 1856 1217 posuissent
1885 1157 1942 1214 »Β
1981 1158 2416 1220 communiones,

860 1235 1194 1304 suscepisset
1227 1236 1362 1290 forte
1399 1239 1597 1310 aliquis
1627 1257 1814 1297 eorum
1845 1244 2195 1312 opinionem:
2227 1265 2419 1305 carna-

856 1327 921 1378 lis
955 1337 1135 1382 autem
1169 1331 1412 1386 libidinis
1444 1335 1887 1388 communionem
1933 1335 1999 1389 ad
2046 1347 2292 1394 sanctam
2332 1343 2418 1396 in-

855 1421 1054 1474 ducere
1085 1422 1456 1489 prophetiam,
1482 1435 1565 1478 est
1593 1426 1712 1492 ejus
1763 1427 1858 1494 qui
1885 1427 2136 1498 desperat
2165 1433 2414 1488 salutem.

855 1506 1005 1562 Talia
1040 1510 1204 1562 etiam
1241 1519 1492 1567 statuunt
1531 1511 1746 1569 Prodici
1786 1531 2004 1585 quoque
2034 1521 2287 1587 asseclaa,
2324 1527 2418 1594 qui

854 1599 1065 1668 seipsos
1116 1599 1255 1655 falso
1304 1605 1524 1658 nomine
1575 1616 1775 1660 vocant
1815 1607 2151 1666 Gnosticos:
2205 1616 2416 1686 seipsos

854 1691 1074 1760 quidem
1115 1695 1357 1750 dicentes
1392 1711 1514 1752 esse
1567 1708 1761 1753 natura
1799 1701 1940 1755 ﬁlios
1978 1704 2138 1771 primi
2174 1705 2268 1760 Dei
2299 1725 2313 1772 ;
2355 1724 2416 1761 ea

852 1800 984 1839 vero
1011 1786 1292 1842 nobilitate
1322 1797 1375 1842 et
1401 1789 1649 1844 libertate
1677 1791 1990 1857 abutentes,
2022 1797 2210 1851 vivunt
2238 1806 2296 1851 ut
2327 1815 2417 1852 vo-

2518 609 2820 681 ἀγαπητόν.
2858 614 2950 666 Ἐκ
2974 613 3029 666 δὲ
3054 612 3241 666 τούτου
3264 613 3486 686 ἐξῆλθεν
3503 621 3597 674 ἀπ’
3617 623 3780 677 αὑτοῦ
3817 622 4102 690 ἐπίπνοια,

2518 695 2551 772 ᾗ
2586 707 2917 777 κοινωνήσας
2949 706 3170 777 ἐποίησε
3193 706 3470 778 δυνάμεις.
3501 714 3636 783 μήτε
3653 716 3938 788 ὁραθῆναι,
3957 718 4103 790 μήτε

2519 790 3182 867 ἀκουσθῆναιδυναμένας,
3210 797 3368 861 νέως,
3397 817 3416 848 ι
3445 801 3532 851 ἐπ’
3546 803 3810 873 ὀνόματος
3828 808 3958 861 ἰδίου
3973 807 4106 862 ἐκά-

2521 899 2671 952 στην.
2695 903 2713 935 ι
2742 887 2806 940 Εἰ
2822 886 2930 958 γὰρ
2952 891 3046 942 καὶ
3069 883 3234 954 οὗτοι,
3252 888 3505 962 καθάπερ
3528 894 3578 944 οἱ
3594 894 3700 948 ἀπὸ
3718 899 4100 966 Οὐαλεντίνου,

2520 975 2889 1042 πνευματικὰς
2909 977 3143 1032 ἐτίθεντο
3175 979 3454 1051 κοινωνίας
3472 1021 3487 1043 ,
3524 982 3654 1045 ἴσως
3677 1002 3760 1047 τις
3790 989 3972 1043 αὐτῶν
3997 990 4102 1062 τὴν

2520 1062 2785 1132 ὑπόληψιν
2813 1067 3135 1134 ἐπεδέξατο·
3178 1073 3442 1141 σαρκικῆς
3482 1071 3539 1123 δὲ
3577 1071 3783 1142 ὕϐρεως
3811 1081 4102 1133 κοινωνίαν

2519 1157 2597 1218 εἰς
2626 1161 2958 1226 προφητείαν
2986 1161 3148 1228 ἁγίαν
3176 1163 3394 1230 ἀνάγειν
3427 1163 3810 1230 ἀπεγνωκότος
3844 1169 3962 1220 ἐστὶ
3994 1171 4099 1240 τὴν

2521 1247 2811 1316 σωτηρίαν.
2849 1250 3086 1304 Τοιαῦτα
3126 1253 3235 1323 (84)
3266 1255 3358 1307 καὶ
3395 1256 3441 1306 οἱ
3483 1253 3592 1306 ἀπὸ
3635 1255 3934 1325 Προδίκου,
3961 1259 4100 1327 ψευ-

2517 1338 2778 1408 δωνύμως
2812 1341 3151 1408 Γνωστικοὺς
3179 1347 3291 1414 (85)
3331 1348 3469 1416 σφᾶς
3507 1347 3704 1409 αὐτοὺς
3737 1347 4101 1420 ἀναγορεύον-

2518 1446 2626 1491 τες,
2673 1429 3122 1501 δογματίζουσιν·
3175 1439 3323 1501 υἱοὺς
3372 1440 3468 1509 μὲν
3528 1439 3684 1508 φύσει
3733 1438 3826 1491 τοῦ
3873 1441 4096 1510 πρώτου

2517 1521 2650 1575 Θεοῦ
2681 1522 2929 1589 λέγοντες
2967 1526 3181 1591 αὐτοὺς,
3217 1529 3624 1601 καταχρώμενοι
3652 1530 3709 1582 δὲ
3737 1534 3804 1600 τῇ
3838 1532 4092 1604 εὐγενείᾳ

2519 1613 2611 1666 καὶ
2643 1616 2706 1682 τῇ
2737 1613 3019 1686 ἐλευθερίᾳ
3039 1657 3052 1678 ,
3089 1615 3252 1679 ζῶσιν
3287 1621 3362 1682 ὡς
3387 1621 3662 1690 βούλονται
3681 1638 3694 1651 ·
3725 1620 4004 1692 βούλονται
4033 1623 4092 1676 δὲ

2518 1707 2809 1776 φιληδόνως
2829 1723 2840 1735 ·
2878 1709 3215 1778 κρατηθῆναι
3253 1711 3344 1764 ὑπ’
3370 1713 3581 1776 οὐδενὸς
3613 1714 3988 1785 νενομικότες,
4013 1716 4094 1779 ὡς

2519 1797 2584 1850 ἂν
2617 1817 2634 1848 ι
2665 1797 2843 1868 κύριοι
2866 1800 2959 1852 τοῦ
2995 1800 3265 1853 σαϐϐάτου
3298 1801 3444 1871 (86),
3481 1804 3573 1856 καὶ
3606 1805 3860 1876 ὑπεράνω
3889 1804 4093 1870 παντὸς

852 1877 1012 1942 lunt;
1065 1878 1247 1932 volunt
1289 1889 1464 1933 autem
1505 1881 1792 1936 libidinose
1823 1901 1836 1949 ;
1870 1899 1929 1938 se
1967 1886 2114 1941 nulla
2152 1903 2210 1944 re
2248 1891 2415 1943 teneri
2449 1873 2489 1926 Β
2517 1888 2623 1956 γένι

2314 1891 2415 1943 aeri
2449 1873 2489 1926 Β
2517 1888 2708 1956 γένους
2759 1891 3096 1959 πεφυκότες,
3156 1891 3417 1960 βασίλειοι
3475 1873 3944 1964 παῖδεςίβασιλεῖ
3993 1894 4085 1958 δὲ,

855 1968 1100 2021 arbitrati
1122 2010 1138 2032 ,
1175 1982 1232 2021 ut
1266 1988 1283 2018 ι
1309 1970 1514 2022 domini
1547 1971 1791 2037 sabbati,
1816 1990 1834 2022 ι
1865 1983 1918 2027 ct
1949 1976 2045 2044 qui
2077 1978 2187 2030 sint
2221 1979 2415 2048 quovis

851 2079 1046 2131 genere
1085 2064 1435 2131 superiores,
1480 2065 1576 2118 lilii
1618 2067 1846 2136 regales.
1887 2067 2020 2139 Regi
2071 2079 2282 2136 autem,
2330 2072 2414 2126 in-

849 2155 1046 2223 quiunt
1066 2197 1080 2218 ,
1109 2155 1193 2208 lex
1219 2158 1421 2224 scripta
1451 2172 1557 2210 non
1583 2167 1685 2212 est.
1714 2158 1956 2214 Primum
1984 2162 2240 2230 quidem,
2267 2169 2414 2233 quod

849 2257 958 2298 non
998 2243 1202 2298 faciant
1265 2246 1450 2298 omnia
1496 2261 1628 2314 quae
1663 2246 1890 2300 volunt:
1937 2248 2103 2300 multa
2137 2251 2279 2302 enim
2321 2266 2413 2303 eos

849 2336 1252 2404 prohibebunt,
1285 2338 1384 2390 etsi
1418 2338 1643 2407 cupiant
1680 2346 1734 2392 et
1767 2347 2053 2393 conentur.
2103 2339 2412 2405 Quinetiam

849 2445 971 2496 (μιξε
1009 2427 1249 2494 faciunt,
1291 2447 1396 2482 non
1439 2429 1646 2484 faciunt
1682 2441 1741 2486 ut
1773 2446 1961 2498 reges,
1999 2433 2090 2487 sed
2131 2445 2189 2488 ut
2227 2436 2417 2490 masti-

847 2521 949 2590 giae
972 2538 986 2573 :
1021 2521 1328 2575 clanculum
1352 2522 1497 2575 enim
1521 2523 1872 2577 committunt
1895 2523 2160 2578 adulteria
2180 2568 2194 2591 ,
2221 2528 2416 2581 timcn-

845 2620 932 2666 tcs
959 2628 1026 2667 ne
1054 2611 1546 2682 deprehendantur,
1615 2624 1670 2668 et
1698 2615 1930 2670 vitantes
1963 2633 2029 2668 ne
2055 2619 2417 2672 condemnen-

847 2713 956 2767 tur,
999 2713 1053 2758 et
1104 2713 1407 2759 metuentes
1469 2722 1536 2761 ne
1581 2707 1850 2776 supplicio
1887 2707 2208 2763 alliciantur.
2271 2709 2417 2776 Quo-

849 2797 1014 2851 modo
1045 2797 1210 2850 etiam
1241 2813 1328 2852 res
1359 2809 1443 2852 est
1469 2799 1638 2853 libera
1662 2841 1678 2864 ,
1712 2801 2128 2871 intemperantia
2161 2809 2214 2856 et
2243 2805 2415 2872 turpis

847 2889 1062 2944 sermo?
1088 2909 1104 2940 ι
1131 2887 1325 2945 Omnis
1353 2891 1529 2956 enim,
1564 2893 1656 2960 qui
1695 2901 1901 2962 peccat,
1918 2901 1999 2946 est
2035 2909 2246 2958 servus,
2276 2912 2294 2944 ι
2332 2895 2412 2948 in-

846 2985 966 3051 quit
994 2982 1290 3051 Apostolus
1345 2995 1390 3034 ι.
1445 2981 1548 3037 Sed
1574 2984 1853 3054 quomodo
1885 2985 2050 3037 vitam
2089 3001 2153 3037 ex
2191 2984 2298 3038 Deo
2331 2986 2414 3038 in-

848 3076 1067 3141 stituit,
1099 3075 1194 3144 qui
1225 3077 1464 3144 seipsutn
1493 3075 1724 3145 praebuit
1747 3076 2052 3132 dedititium
2079 3077 2252 3130 cuitis
2282 3092 2412 3131 con-

848 3169 1248 3237 cupiscentiae?
1286 3183 1409 3223 cum
1453 3168 1655 3222 dixerit
1691 3167 1994 3223 Dominus:
2030 3188 2047 3218 ι
2079 3167 2192 3238 Ego
2229 3180 2406 3223 autem

845 3261 968 3314 ilico
995 3278 1008 3314 :
1041 3258 1118 3313 Ne
1146 3259 1504 3328 concupiscas
1535 3259 1582 3312 ιδ.
1609 3278 1627 3310 ι
1658 3258 1854 3315 Vultne
1879 3269 2058 3314 autem
2089 3262 2284 3329 aliquis
2313 3278 2409 3316 sua

846 3361 1041 3420 sponte
1085 3367 1344 3420 peccare,
1386 3359 1440 3405 et
1470 3351 1763 3405 decernere
1797 3352 2063 3407 adulteria
2100 3369 2220 3408 esse
2260 3368 2410 3408 (‘Olll-

843 3439 1153 3507 mittenda,
1204 3441 1684 3511 voluptatibusque
1729 3451 1783 3495 et
1834 3441 2047 3497 deliciis
2091 3459 2148 3498 se
2193 3445 2412 3513 explen-

842 3535 971 3590 dum
994 3577 1008 3600 ,
1041 3543 1095 3588 et
1124 3533 1353 3589 aliorum
1389 3535 1641 3588 violanda
1688 3535 2068 3601 matrimonia,
2107 3551 2230 3590 cum
2271 3538 2408 3590 alio-

843 3643 964 3680 rum
988 3625 1154 3681 etiam
1177 3667 1192 3690 ,
1223 3626 1317 3696 qui
1345 3626 1499 3681 inviti
1528 3637 1792 3696 peccant,
1824 3629 2186 3683 misereamur
2205 3631 2228 3683 ?
2250 3629 2406 3696 Quod

844 3719 891 3773 si
947 3719 1001 3772 in
1049 3729 1339 3774 externum
1381 3721 1648 3773 mundum
1685 3719 1971 3786 venerint,
2003 3722 2094 3790 qui
2138 3722 2190 3774 in
2229 3723 2408 3776 alieno

844 3824 954 3863 non
1011 3808 1217 3864 fuerint
1255 3811 1472 3876 lideles,
1511 3827 1700 3864 verum
1743 3827 1851 3864 non
1894 3813 2191 3867 habebunt.
2230 3814 2407 3867 Allicit

843 3909 1026 3956 autem
1054 3901 1254 3972 hospes
1284 3903 1481 3972 aliquis
1509 3904 1657 3958 cives
1685 3904 2013 3958 contumelia
2035 3947 2048 3968 ,
2081 3913 2135 3958 et
2163 3906 2242 3958 eis
2267 3906 2409 3974 inju-

843 3993 983 4048 riam
1017 3992 1188 4058 facit;
1217 4003 1270 4048 et
1301 4010 1409 4048 non
1445 3998 1628 4064 potius
1656 4005 1714 4050 ut
1745 3997 2090 4064 peregrinus,
2125 4005 2284 4050 utens
2317 4011 2409 4048 ne-

841 4092 1129 4159 cessariis,
1152 4093 1314 4155 vivit,
1350 4093 1499 4147 cives
1527 4109 1636 4147 non
1660 4092 1938 4147 oﬂ'eudens
1959 4093 1983 4145 ?
2007 4091 2294 4158 Quomodo
2314 4107 2412 4145 au-

843 4190 949 4234 tem
972 4222 988 4246 ,
1017 4196 1142 4236 cum
1185 4182 1372 4236 eadem
1415 4181 1620 4236 faciant
1641 4224 1656 4248 ,
1687 4198 1752 4237 ac
1781 4183 1852 4248 ii,
1890 4196 2029 4252 quos
2066 4190 2254 4252 gentes
2286 4181 2411 4235 odio

841 4274 1077 4339 habent,
1109 4275 1255 4344 quod
1304 4275 1513 4344 legibus
1552 4275 1928 4344 obtemperare
1967 4275 2174 4340 nolint,
2217 4290 2408 4344 nempe

845 4363 1048 4432 iniqui,
1081 4373 1133 4416 et
1169 4363 1583 4418 incontinentes
1605 4408 1621 4430 ,
1648 4374 1702 4418 et
1731 4363 1910 4428 avari,
1942 4373 1992 4417 et
2027 4363 2296 4429 adulteri,
2325 4362 2410 4416 di-

841 4465 974 4509 cunt
1017 4470 1073 4509 se
1116 4455 1260 4508 solos
1298 4453 1466 4510 Deum
1514 4455 1722 4508 nosse?
1757 4454 2044 4524 Oporteret
2085 4456 2229 4509 enim
2270 4471 2366 4510 eos
2390 4497 2404 4520 ,

2515 1981 2682 2048 φασὶ,
2734 1981 2897 2051 νόμος
2955 1982 3219 2054 ἄγραφος.
3274 1982 3496 2054 Πρῶτον
3546 1985 3658 2052 (87)
3710 1987 3841 2056 μὲν,
3892 1986 3973 2039 ὅτι
4024 1985 4087 2038 οὐ

2514 2071 2758 2125 ποιοῦσιν
2787 2073 2822 2127 ἃ.
2850 2073 3126 2142 βούλονται
3169 2073 3346 2127 πάντα
3365 2091 3378 2102 ·
3415 2074 3586 2127 πολλά
3611 2075 3718 2148 γάρ
3747 2077 3944 2138 αὐτους
3980 2093 4090 2128 κω-

2513 2163 2663 2217 λύσει
2721 2167 2815 2218 καὶ
2869 2163 3267 2234 ἐπιθυμοῦντας
3313 2165 3408 2217 καὶ
3463 2167 3865 2236 πειρωμένους·
3911 2165 4004 2219 καὶ
4050 2163 4087 2218 ἃ

2515 2257 2727 2310 ποιοῦσι
2755 2257 2842 2320 δὲ,
2897 2259 2992 2326 ούχ
3047 2257 3122 2319 ὼς
3178 2256 3447 2326 βασιλεῖς,
3503 2257 3614 2310 ἀλλ’
3663 2258 3738 2320 ὡς
3799 2255 4085 2327 μαστιγίαι

2515 2348 2755 2402 ποιοῦσι·
2783 2349 2957 2418 λάθρα
2982 2349 3088 2417 γάρ
3106 2370 3108 2372 ·
3125 2347 3486 2417 μοιχεύουσιν,
3521 2349 3579 2399 τὸ
3606 2348 3803 2400 ἁλῶναι
3829 2348 4084 2410 δεδιότες,

2514 2442 2607 2493 καὶ
2638 2442 2699 2494 τὸ
2742 2437 3189 2507 καταγνωσθῆναι
3236 2436 3572 2500 ἐκκλίνοντες
3592 2479 3606 2501 ,
3641 2439 3734 2491 καὶ
3765 2438 4086 2508 φοϐούμενοι

2515 2533 2840 2603 κολασθῆναι
2870 2532 3000 2600 (88).
3039 2530 3160 2591 Πῶς
3189 2529 3243 2582 δὲ
3279 2528 3560 2600 ἐλεύθερον
3601 2531 3632 2599 ἡ
3658 2529 3894 2599 ἀκρασία
3921 2529 4015 2582 καὶ
4049 2531 4082 2600 ἡ

2514 2624 2886 2696 αἰσχρολογίας
2944 2641 2961 2672 ι
3003 2623 3114 2684 Πᾶς
3174 2621 3286 2689 (89)
3347 2621 3490 2691 γάρ,
3540 2640 3556 2670 ι
3589 2622 3751 2690 φησιν
3820 2620 3955 2688 (90),
3988 2638 4007 2670 ι
4053 2622 4084 2672 ὁ

2513 2718 2837 2789 ἁμαρτάνων
2861 2715 3040 2777 δοῦλός
3075 2717 3240 2778 ἐστιν,
3284 2735 3302 2766 ›
3332 2719 3359 2768 ὁ
3389 2714 3705 2777 Ἀπόστολος
3727 2715 3889 2782 λέγει.
3923 2712 4084 2766 Ἀλλὰ

2513 2809 2627 2869 πῶς
2661 2805 2799 2858 κατά
2823 2804 2956 2857 Θεὸν
2987 2804 3324 2857 πολιτεύεται
3358 2807 3386 2857 ὁ
3407 2805 3554 2874 πάσῃ
3582 2803 3738 2856 ἐπιθυ
3749 2803 3846 2873 μία
3869 2801 4079 2854 ἕνδοτον

2513 2897 2702 2950 ἑαυτὸν
2741 2895 3058 2966 παρασχὼν,
3095 2893 3187 2946 τοῦ
3223 2894 3426 2964 Κυρίου
3465 2895 3754 2963 φήσαντος,
3797 2911 3814 2943 ι
3852 2889 3993 2958 Ἐγὼ
4021 2891 4082 2944 δὲ

2511 2986 2679 3052 λέγω,
2713 2985 2805 3054 Μὴ
2847 2984 3190 3054 ἐπιθυμήσῃς
3217 2999 3231 3046 ;
3263 3001 3281 3032 ι
3321 2981 3489 3034 Ἐκὼν
3527 2983 3582 3034 δέ
3621 3000 3701 3044 τις
3744 2982 4082 3052 ἁμαρτάνειν

2513 3075 2779 3145 βούλεται,
2821 3074 2913 3128 καὶ
2954 3075 3126 3144 δόγμα
3151 3073 3328 3144 τίθησι
3357 3074 3414 3126 τὸ
3451 3073 3754 3144 μοιχεύειν,
3790 3075 3883 3126 καὶ
3911 3071 4086 3142 καθηι

2511 3166 2799 3230 δυπαθεῐν,
2863 3167 2957 3219 καὶ
3016 3165 3370 3236 λυμαίνεσθαι
3428 3167 3552 3228 τοὺς
3614 3165 3786 3220 ἄλλων
3845 3167 4079 3236 γάμους,

2514 3261 2643 3312 ὅπου
2662 3277 2724 3328 γε
2750 3259 2842 3312 καὶ
2866 3260 2990 3322 τοὺς
3018 3259 3208 3321 ἀλλους
3230 3258 3457 3321 ἄκοντας
3476 3259 3880 3328 ἁμαρτάνοντας
3895 3257 4079 3309 ἐλεοῦ-

2514 3368 2649 3421 μεν;
2699 3350 2815 3403 Κᾶν
2867 3353 2946 3412 είς
2983 3349 3129 3413 ξένον
3179 3350 3266 3402 τὸν
3332 3350 3534 3420 κόσμον
3595 3350 3880 3419 ἀφιγμένοι
3936 3344 4076 3413 ὦσι,

2511 3444 2691 3496 πιστοὶ
2723 3443 2835 3511 (91)
2886 3444 2942 3495 ἐν
2973 3442 3050 3513 τῷ
3093 3441 3355 3512 ἀλλοτρίῳ
3398 3443 3474 3512 μὴ
3521 3442 3829 3511 γενόμενοι,
3864 3441 3925 3494 τὸ
3953 3440 4082 3510 ἀλη-

2511 3535 2600 3598 θὲς
2659 3535 2755 3604 οὐχ
2787 3533 3018 3599 ἕξουσιν.
3063 3533 3301 3604 ’Υὸρίζει
3328 3533 3382 3586 δέ
3430 3551 3512 3596 τις
3543 3533 3693 3599 ξένος
3718 3533 3958 3596 πολίτας.
3983 3533 4077 3586 καὶ

2507 3629 2728 3691 τούτους
2761 3627 2969 3680 ἀδικεῖ·
3006 3626 3127 3696 οὐχὶ
3171 3624 3230 3677 δὲ
3274 3626 3348 3688 ὡς
3387 3623 3763 3697 παρεπίδημος
3799 3624 3931 3694 (92),
3967 3627 4076 3686 τοῖς

2504 3719 2821 3786 ἀναγκαίοις
2854 3717 3134 3789 χρώμενος
3155 3757 3169 3779 ,
3202 3718 3545 3787 ἀπρόσκοπος
3565 3719 3677 3780 τοῖς
3705 3715 3946 3780 πολίταις
3961 3716 4077 3769 δια-

2507 3809 2643 3873 6ιοί;
2671 3808 2795 3870 Πῶς
2823 3808 2878 3860 δὲ
2907 3809 2999 3860 καὶ
3045 3810 3155 3869 τοῖς
3184 3806 3286 3858 ὑπὸ
3309 3807 3412 3859 τῶν
3447 3807 3616 3860 ἐθνῶν
3649 3808 4072 3882 μεμισημένοις,

2507 3902 2592 3954 διὰ
2622 3902 2681 3954 τὸ
2709 3900 2782 3970 μὴ
2805 3901 3067 3970 πράσσειν
3089 3899 3157 3951 τά
3178 3899 3281 3951 ὑπὸ
3311 3898 3415 3951 τῶν
3446 3901 3626 3969 νόμων
3653 3901 4072 3972 διηγορευμένα,

2509 3994 2750 4045 τουτέστι
2781 3995 2890 4055 τοῖς
2919 3991 3142 4053 ἀδίκοις,
3165 3991 3257 4044 καὶ
3281 3992 3562 4062 ἀκρατέσι,
3587 3991 3679 4044 καὶ
3704 3993 4071 4057 πλεονέκταις,

2510 4085 2601 4136 καὶ
2655 4086 2859 4153 μοιχοῖς
2913 4083 2979 4136 τα
3020 4083 3155 4136 αύτά
3207 4082 3557 4152 πράσσοντες,
3603 4083 3734 4136 Θεὸν
3777 4085 4074 4152 ἐγνωκέναι

2514 4177 2661 4243 μόνοι
2685 4174 2932 4242 λέγουσιν
2959 4192 2972 4237 ;
3024 4175 3222 4245 Ἐχρῆν
3255 4176 3361 4246 γὰρ
3388 4175 3605 4238 αὐτοὺς,
3637 4177 3729 4228 καὶ
3758 4178 3814 4228 ἐν
3843 4181 3955 4240 τοῖς
3978 4177 4074 4230 ἁλ-

2510 4267 2738 4339 ὶστρίοις
2771 4267 3062 4338 παῴντας,
3106 4266 3283 4329 καλῶς
3311 4265 3477 4336 βιοῦν,
3506 4268 3593 4321 ἵνα
3637 4267 3700 4337 δὴ
3730 4268 3806 4337 τῷ
3850 4269 3962 4323 ὄντι
4016 4271 4077 4324 τὺ

2513 4359 2786 4428 βασιλικὸν
2823 4359 3181 4424 ἐπιδείξωνται.
3241 4357 3380 4428 Ἤδη
3413 4358 3468 4410 δὲ
3526 4358 3619 4412 καὶ
3663 4361 3772 4422 τοῖς
3803 4359 4076 4432 ἀνθρωπί-

2510 4471 2618 4516 νοις
2673 4451 2987 4522 νομοθέταις
3033 4452 3125 4503 καὶ
3168 4449 3244 4520 τῷ
3289 4449 3417 4520 θείῳ
3459 4449 3607 4520 νόμῳ
3644 4451 4073 4520 ἀπεχθάνονται,

840 4562 964 4600 cum
985 4545 1256 4611 inalienis
1274 4545 1491 4611 adsunt,
1510 4557 1650 4599 recte
1672 4548 1870 4610 vivere,
1901 4556 1958 4599 ut
1987 4562 2174 4599 revera
2203 4548 2404 4616 regiam
2447 4571 2486 4624 υ
2515 4564 2611 4616 παρ

2304 4548 2404 4598 iam
2447 4571 2486 4624 υ
2515 4545 2845 4616 παρανόμως
2879 4544 3022 4613 βιοῦν
3057 4544 3477 4614 ἐπανῃρημένοι.
3517 4544 3572 4596 Ὀ
3597 4544 3724 4610 γοῦν
3767 4565 3782 4594 ι
3817 4549 4075 4617 ἐκκεντὴ-

919 4769 975 4824 >I<
1020 4761 1077 4813 Ρ.
1118 4764 1221 4816 525
1264 4761 1805 4821 ΡΟΤΤΕῐὶνίὸὃ-όῦθ
1845 4761 1950 4814 ED.
1997 4761 2221 4817 PARlS.

913 4961 1322 5047 (84)“Τοι‹ξῦτα.
1355 5002 1366 5014 .
1405 5002 1416 5014 .
1447 4962 1948 5047 ,δογματίζογσιιπ
2006 4958 2126 5047 llqc
2159 4978 2404 5047 comma-

836 5035 952 5086 tiou
1012 5029 1384 5084 Tlteodoretus
1446 5033 1498 5085 in
1558 5029 1722 5087 suum
1758 5030 1960 5085 Ηίενει.
1998 5031 2188 5084 Fabul.
2221 5033 2314 5087 lib.
2349 5051 2400 5093 ι.

839 5121 955 5170 cap.
986 5101 1036 5166 1,
1073 5117 1124 5168 p.
1161 5099 1256 5170 197
1291 5103 1583 5155 transtulit.

912 5169 1019 5240 (85)
1058 5169 1462 5240 Ψευδωνύμως
1497 5173 1890 5238 Γνωστικούς.
1926 5171 2016 5225 Sic
2052 5169 2244 5225 Strom.
2286 5189 2399 5234 vn,

840 5256 960 5311 pag.
987 5239 1092 5311 ἶἒί
1116 5257 1129 5292 :
1165 5239 1286 5292 Τῶν
1317 5241 1689 5311 ψευδωνύμως)
1711 5242 1916 5296 τούτων
1946 5241 2154 5305 ἀνόσιος
2181 5243 2398 5310 γνῶσις.

841 5309 1236 5382 lltnelrctueus
1268 5311 1434 5382 libros
1471 5309 1599 5364 suos
1623 5314 1832 5382 vocavit
1866 5311 2123 5382 Ἔλεγχον
2147 5309 2240 5366 καὶ
2269 5315 2398 5365 ἁνα-

835 5379 1041 5452 τροπὴν
1068 5381 1165 5452 τῆς
1197 5379 1546 5452 ψευδωνύμου
1567 5381 1835 5452 γνώσεως.

910 5453 1020 5520 (86)
1053 5451 1249 5523 [dripior
1287 5451 1391 5503 τοῦ
1425 5451 1741 5523 σαϐϐάτου.
1776 5451 1894 5515 Hic,
1923 5460 1974 5504 et
2006 5451 2144 5506 infra
2178 5470 2230 5523 p.
2268 5453 2393 5516 ΗΞ,

841 5523 1058 5588 respicit
1079 5520 1266 5594 illatth.
1295 5536 1391 5594 ξιι,
1485 5521 1725 5594 τῇΚύριος
1755 5524 1862 5594 γάρ
1887 5525 2001 5573 ἐστι
2035 5523 2126 5574 καὶ
2154 5520 2244 5577 τοῦ
2269 5523 2399 5576 σαϐ-

840 5595 1004 5662 σαᾴιτου
1033 5594 1061 5644 ό
1080 5591 1203 5662 Υἱδς
1233 5589 1324 5642 τοῦ
1354 5589 1661 5662 ἀνθρώπου.

909 5661 1018 5729 (87)
1051 5661 1307 5734 "ponar.
1341 5661 1832 5734 {rutiliancvocem
1852 5663 2054 5734 aliquid
2081 5663 2394 5734 huiusmodi

834 5733 1022 5784 deesse
1068 5733 1277 5786 videtur
1308 5755 1320 5784 .
1352 5731 1649 5784 Ψεύδονται
1676 5732 1730 5785 δὲ
1781 5737 1838 5788 ἐν
1864 5733 2089 5795 τούτοις.
2147 5731 2166 5784 ἱ
2198 5734 2251 5788 In
2312 5734 2396 5786 his

831 5812 1011 5852 autem
1050 5801 1326 5854 falluntur.
1371 5820 1388 5852 ι
1493 5806 1499 5812 ’

2301 4777 2322 4802 α
2370 4763 2530 4816 Rom.
2570 4781 2660 4825 vt,
2709 4763 2790 4816 l6.

2871 4764 2895 4800 ι’
2941 4762 3201 4823 Μηιιιων,
3249 4761 3332 4815 9.8.

2582 4962 2692 5032 (88)
2714 4959 3112 5036 ﬂamonium.
3136 4961 3386 5018 Fortasse
3417 4969 3621 5021 rectius
3635 4967 3694 5020 τὸ
3723 4968 4072 5036 κολασθῆναι.

2509 5049 2632 5084 cum
2669 5033 2918 5093 articulo,
2945 5044 3000 5084 ut
3023 5033 3074 5083 in
3107 5037 3765 5100 praecedentibusduobus
3791 5033 4070 5091 membris.

2511 5104 2775 5156 SvLeunc.

2581 5173 2692 5246 (89)
2728 5170 3046 5246 Πᾶςζ-ΝοιιΔ
3073 5181 3178 5225 tam
3238 5176 3396 5229 verba
3448 5177 3716 5246 Apostoli,
3781 5187 3838 5229 ut
3863 5245 3869 5246 γ
3899 5187 4071 5240 neque

2507 5241 2680 5314 paulo
2696 5251 2815 5310 post
2849 5241 3072 5314 Christi,
3099 5260 3260 5310 quam
3283 5262 3472 5300 eorum
3499 5241 3724 5302 sensum
3750 5245 3970 5314 profert.

2579 5312 2928 5432 (90)r¢nm'r.
2968 5312 3308 5382 Supervacua
3331 5327 3414 5370 est
3451 5318 3564 5372 haec
3595 5335 3718 5381 vox,
3738 5311 3796 5367 ut
3826 5311 4070 5381 quando-

2584 5400 2612 5432 ιτ
2644 5397 2672 5432 a
2700 5397 2796 5432 ias.

2506 5398 2612 5434 (Illi?
2644 5397 2796 5433 31133.

2524 5399 2944 5523 μ’(θῗϊῗῗίστοί.
2995 5451 3235 5523 Respicit
3284 5456 3415 5510 Luc.
3463 5473 3586 5508 xvi.
3617 5456 3716 5523 ll,
3751 5451 3815 5503 l2
3845 5467 3856 5523 ξ
3893 5451 3954 5523 Ei
3980 5445 4073 5523 οἷον

2505 5522 2562 5593 ἐν
2588 5519 2852 5593 τῷἀδίκῳ
2891 5519 3121 5593 μαμωνᾷ
3155 5527 3335 5578 πιστοὶ
3363 5527 3461 5578 ούκ
3487 5521 3776 5593 ἐγένεσθε,
3809 5519 3868 5571 τδ
3887 5519 4075 5593 *ἀληθι-

2502 5592 2591 5642 νον
2621 5583 2700 5652 τίς
2729 5583 2856 5662 ὑμῖν
2891 5583 3213 5660 πιστεύσεις
3251 5596 3356 5647 Καὶ
3385 5597 3432 5648 εἰ
3465 5583 3628 5661 ἐν’τῷ
3682 5590 3945 5662 ἀλλοτρίῳ
3984 5583 4076 5646 ξει-

2506 5661 2623 5737 arei.
2639 5659 3052 5737 ⁸ούκξέγένεσθε,
3081 5666 3142 5737 τὸ
3163 5659 3428 5737 ὑμέτερον
3451 5666 3534 5737 τίς
3561 5664 3590 5713 ὑ
3599 5659 3690 5737 μῖν
3702 5659 3859 5737 δώσει
3879 5675 3894 5737 ξ

2575 5732 2688 5856 (pie)
2716 5728 2832 5857 132‘;
2861 5728 3288 5806 παρεπίδημὸς.
3324 5728 3612 5802 Respiceie
3644 5731 3853 5783 videtur
3883 5728 4071 5790 lPetr.

2505 5805 2799 5868 12,11,193.
