4484 6586
411 536 547 591 “37

1683 529 2112 587 STROMATUM
2147 528 2275 583 LIB.
2330 528 2409 589 HL

3497 530 3629 581 H55

406 670 506 715 σας
546 652 658 718 (93)
690 668 707 701 ι
747 650 839 701 τὸν
870 651 1062 721 πόρνον
1115 654 1505 722 εὐλαϐούμενος
1541 650 1651 721 (θι)
1701 652 1835 721 πρὸς
1882 653 1971 705 τοῦ
2003 658 2045 711 Α
2079 652 2177 704 indi

1882 653 1971 705 τοῦ
2003 658 2045 711 Α
2079 652 2313 705 indolem
2343 650 2711 707 ostenderent.
2742 647 2860 701 Jani
2893 664 3017 701 vero
3045 659 3097 701 et
3130 649 3399 702 humanos
3423 649 3630 717 legisla-

404 740 535 793 Θεοῦ
551 738 823 792 δείκνυται
844 738 902 793 ἐν
918 746 1027 806 τοῖς
1049 762 1067 795 ι
1105 744 1399 815 Ἀριθμοῖς.
1423 741 1529 794 Καὶ
1547 741 1639 793 ἐὰν
1661 742 1918 812 εἴπωμεν,
1944 762 1961 793 ι

405 828 568 896 φησιν
600 829 628 879 6
671 827 920 901 Ἰωάννης
951 834 1008 884 ἐν
1060 837 1125 903 τῇ
1182 830 1460 901 ἐπιστολῇ,
1520 830 1642 883 ιὸτι
1689 837 1967 885 κοινωνίαν

404 917 597 987 ἔχομεν
628 920 743 988 μετ’
769 922 929 976 αὑτοῦ
950 965 965 987 ,
1008 944 1025 976 ι
1060 924 1305 978 τουτέστι
1338 922 1473 989 μετὰ
1504 920 1595 973 τοῦ
1627 922 1760 976 Θεοῦ
1780 966 1793 988 ,
1825 945 1841 975 ι
1876 925 1969 976 καὶ

404 1009 462 1061 ἰν
509 1008 588 1078 τῷ
650 1012 828 1065 σκότει
898 1016 1323 1087 περιπατῶμεν,
1362 1013 1700 1083 ψευδόμεθα,
1761 1018 1851 1070 καὶ
1906 1016 1967 1067 οὑ

404 1097 662 1168 ποιοῦμεν
692 1102 791 1173 τὴν
831 1104 1113 1174 ἀλήθειαν·
1142 1104 1237 1156 ἐὰν
1257 1102 1314 1153 δὲ
1342 1102 1417 1153 ’ὲν
1458 1101 1535 1171 τῷ
1565 1105 1701 1171 φωτὶ
1742 1122 1970 1175 περιπα-

403 1189 608 1258 τῶμεν,
638 1192 712 1257 ὡς
733 1195 894 1258 αὑτὸς
925 1199 983 1248 ὲν
1023 1195 1100 1264 τῷ
1129 1194 1266 1262 φωτὶ
1301 1192 1433 1261 (95),
1470 1196 1748 1249 κοινωνίαν
1775 1196 1968 1265 ἔχομεν

408 1282 523 1351 μετ’
554 1284 737 1348 αὑτοῦ,
778 1286 872 1338 καὶ
906 1285 965 1338 τὸ
1005 1280 1145 1353 αἷμα
1184 1282 1359 1353 Ἰησοῦ
1385 1285 1476 1337 τοῦ
1523 1286 1637 1339 υἱοῦ
1667 1287 1830 1339 αὑτοῦ
1873 1303 1969 1338 κα-

405 1373 614 1446 θαρίζει
638 1379 787 1448 ἡμᾶς
834 1377 941 1430 ἀπὸ
979 1377 1077 1445 τῆς
1111 1377 1407 1446 ἁμαρτίας.
1446 1380 1651 1432 »Πόθεν
1684 1376 1775 1431 οὖν
1796 1378 1972 1450 κρείτ-

402 1481 527 1531 τους
548 1468 652 1519 είσὶ
662 1468 770 1520 τῶν
794 1466 1072 1536 κοσμικῶν
1087 1469 1133 1518 οἱ
1146 1467 1372 1522 τοιαῦτα
1383 1472 1733 1540 πράσσοντες,
1756 1472 1847 1522 καὶ
1859 1473 1970 1531 τοῖς

402 1557 689 1629 χειρίστοις
699 1560 805 1612 τῶν
824 1557 1097 1628 κοσμικῶν
1120 1560 1324 1629 δμοιοι;
1350 1562 1523 1632 ὅμοιοι
1538 1564 1666 1632 γὰρ,
1682 1560 1853 1633 οἶμαι,
1872 1562 1968 1623 τὰς

403 1645 594 1716 φύσεις
618 1650 668 1701 οἰ
709 1650 803 1701 καὶ
828 1647 926 1709 τὰς
952 1646 1177 1718 πράξεις
1208 1650 1402 1720 ὅμοιοι.
1433 1647 1532 1706 Ὧν
1561 1652 1616 1705 δὲ
1643 1653 1969 1723 ὑπερφέρειν

402 1740 542 1794 κατὰ
572 1741 670 1811 τὴν
694 1738 970 1807 εὐγένειαν
1005 1738 1235 1804 ἀξιοῦσι,
1266 1741 1468 1795 τούτων
1497 1745 1590 1795 καὶ
1636 1746 1749 1805 τοῖς
1783 1742 1969 1812 ἤθεσιν

403 1833 692 1903 ὑπερέχειν
718 1831 1042 1900 ὀφείλουσιν,
1062 1834 1207 1897 ὅπως
1234 1835 1326 1887 τὸν
1355 1838 1433 1898 εἰς
1466 1837 1565 1906 τὴν
1590 1836 1836 1906 φυλακὴν
1858 1838 1968 1903 (96)

405 1924 759 1993 συγκλεισμὸν
797 1923 1148 1993 διαφύγωσιν.
1202 1928 1407 1988 Ὄντως
1432 1928 1540 1997 γὰρ
1561 1966 1575 1990 ,
1606 1929 1680 1990 ὼς
1720 1931 1748 1980 ὁ
1770 1928 1970 1997 Κύριος

2074 751 2250 804 tores,
2278 750 2333 795 et
2356 743 2596 795 divinam
2627 738 2794 804 legem
2825 738 3021 791 habent
3046 738 3147 791 sibi
3177 735 3473 798 infensam,
3504 755 3627 792 cuin

2073 834 2255 901 inique
2280 843 2333 887 et
2361 842 2554 904 praeter
2584 831 2727 898 leges
2760 830 2938 883 vivere
2970 829 3325 883 instituerint.
3364 827 3415 882 Is
3443 840 3587 883 certe
3611 868 3628 893 ,

2071 924 2164 993 qui
2189 934 2542 979 scortatorem
2577 941 2595 973 ι
2620 921 2898 984 confodit,
2920 939 2939 972 ι
2967 935 2997 974 a
3022 919 3134 974 Deo
3159 921 3280 989 pius
3302 935 3424 974 esse
3449 929 3631 972 osten-

2071 1016 2216 1069 ditur
2248 1017 2299 1070 in
2328 1015 2601 1069 Numer-is.
2638 1033 2655 1063 ι
2685 1011 2750 1068 Et
2784 1015 2829 1067 si
2862 1014 3161 1067 dixerimus
3182 1052 3196 1075 ,
3230 1031 3248 1063 ι
3275 1012 3449 1080 inquit
3472 1009 3632 1063 Joan-

2071 1123 2168 1161 nes
2203 1107 2255 1159 in
2298 1107 2525 1175 epistola
2554 1147 2568 1170 ,
2606 1125 2624 1155 ι
2658 1104 2802 1173 quod
2840 1104 3162 1158 societatem
3205 1101 3467 1154 habemus
3503 1115 3627 1153 cum

2069 1211 2165 1262 eo,
2198 1215 2216 1248 ι
2247 1212 2439 1266 nempe
2468 1195 2576 1250 Deo
2599 1236 2613 1259 ,
2649 1214 2666 1245 ι
2697 1202 2753 1248 et
2789 1193 2842 1246 in
2885 1193 3124 1247 tenebris
3154 1196 3212 1253 »Β
3250 1190 3591 1243 ambulamus
3611 1228 3628 1253 ,

2071 1289 2386 1353 mentimur,
2419 1299 2470 1342 et
2505 1288 2787 1342 veritatem
2830 1300 2940 1338 non
2979 1282 3230 1338 facimus.
3271 1279 3330 1334 Si
3364 1290 3543 1334 autem
3574 1281 3630 1333 iu

2069 1381 2190 1434 luce
2218 1382 2598 1444 ambulamus,
2641 1380 2784 1435 sicut
2820 1390 2873 1433 et
2913 1378 3025 1448 ipse
3061 1385 3145 1431 est
3179 1376 3234 1430 in
3274 1375 3426 1437 luce,
3460 1373 3632 1427 socie-

2073 1480 2236 1525 tatem
2278 1472 2539 1524 hahemus
2573 1487 2697 1525 cum
2752 1470 2903 1539 ipso,
2958 1478 3013 1521 et
3072 1468 3296 1537 sanguis
3352 1462 3480 1518 Jesu
3534 1460 3629 1515 ﬁlii

2069 1563 2190 1631 ejus
2216 1562 2474 1615 emundat
2505 1578 2602 1614 nos
2627 1578 2654 1614 a
2686 1570 2905 1629 peccato
2928 1572 2975 1612 ι.
3001 1579 3014 1609 ι
3042 1558 3325 1624 Quomodo
3346 1570 3477 1625 ergo
3504 1560 3632 1608 sunt

2072 1655 2125 1707 hi
2159 1654 2323 1720 hujus
2358 1654 2545 1707 mundi
2584 1652 2897 1705 hominibus
2934 1650 3221 1712 meliores,
3263 1647 3357 1716 qui
3399 1648 3513 1700 hac
3552 1644 3632 1696 fa-

2069 1744 2259 1809 ciunt,
2290 1756 2345 1799 et
2372 1745 2455 1799 vel
2488 1742 2744 1813 pessimis
2784 1741 2947 1810 hujus
2985 1741 3175 1797 mundi
3214 1747 3342 1793 sunt
3378 1736 3587 1791 similes
3608 1737 3632 1786 ?

2071 1848 2199 1893 sunt
2230 1838 2414 1899 enim,
2456 1846 2516 1890 ut
2554 1834 2813 1898 arbitror,
2857 1833 3065 1888 similes
3104 1841 3330 1895 natura,
3370 1829 3463 1897 qui
3504 1839 3631 1881 sunt

2073 1931 2232 1985 factis
2262 1931 2493 1986 similes.
2526 1929 2740 1994 Quibus
2772 1934 2951 1981 autem
2985 1942 3043 1980 se
3074 1939 3195 1980 esse
3222 1931 3448 1979 censent
3486 1923 3633 1974 nobi-

401 2017 527 2086 εφη,
586 2035 603 2067 ι
649 2015 773 2068 Ἐὰν
833 2014 906 2085 μὴ
970 2016 1301 2086 περισσεύσῃ
1354 2019 1387 2086 ἡ
1449 2018 1757 2091 δικαιοσύνη
1814 2019 1967 2087 ὑμῶν
2001 2015 2040 2065 Β
2071 2026 2172 2076 “[31

1857 2019 1967 2087 μῶν
2001 2015 2040 2065 Β
2071 2026 2221 2076 litate
2250 2022 2594 2091 superiores,
2626 2035 2720 2075 eos
2747 2019 2945 2073 debent
2971 2018 3136 2072 etiam
3164 2029 3427 2085 superare
3459 2014 3628 2066 mori-

400 2107 568 2158 πλείω
601 2104 711 2171 (97)
766 2104 871 2157 τῶν
918 2106 1291 2175 γραμματέων
1344 2107 1439 2159 καὶ
1480 2108 1819 2177 Φαρισαίων,
1868 2109 1967 2160 οὑκ

400 2195 769 2248 εἰσελεύσεσθε
802 2198 882 2258 είς
927 2196 1024 2265 τὴν
1060 2196 1335 2264 βασιλείαν
1362 2192 1453 2249 τοῦ
1487 2196 1641 2248 Θεοῦ.
1688 2216 1705 2247 ι
1752 2200 1885 2269 Περὶ
1909 2199 1965 2251 δὲ

400 2290 498 2358 τῆς
552 2288 661 2341 τῶν
710 2288 1015 2359 βρωμάτων
1037 2290 1363 2359 ἐγκρατείας
1382 2289 1652 2342 δείκνυται
1682 2293 1739 2343 ὲν
1765 2291 1841 2360 τῷ
1865 2296 1967 2343 Δα-

398 2379 552 2449 νιηλο
603 2380 873 2434 συνελόντι
931 2382 975 2433 δ’
1006 2383 1202 2444 εἰπεῖν,
1258 2383 1387 2453 περὶ
1444 2383 1688 2451 ὑπακοῆς
1741 2386 1769 2435 ὁ
1808 2384 1969 2436 Δαεὶό

397 2471 611 2539 ψάλλων
650 2471 831 2540 λέγει⁹
883 2491 900 2523 ι
925 2474 1012 2525 Ἐν
1041 2472 1146 2526 τίνι
1188 2472 1521 2544 κατορθώσει
1571 2472 1831 2545 νεώτερος
1871 2475 1969 2545 τὴν

398 2561 514 2614 ὁδὸν
545 2562 744 2625 αὐτοῦς
777 2584 793 2613 ι
831 2566 940 2617 Καὶ
967 2565 1306 2635 παραχρῆμα
1338 2564 1561 2617 ἀκούει·
1606 2584 1623 2614 ι
1661 2565 1747 2617 Ἐν
1767 2565 1843 2634 τῷ
1868 2582 1965 2632 φυ-

400 2650 693 2706 λάσσεσθαι
729 2654 839 2725 (98)
883 2656 977 2709 τὸν
1006 2655 1161 2723 λόγον
1188 2673 1281 2707 σου
1314 2658 1372 2707 ὲν
1399 2656 1495 2728 ὅλῃ
1524 2656 1720 2727 καρδία
1746 2673 1759 2683 '
1798 2674 1815 2706 ι
1860 2658 1887 2708 ὃ
1911 2674 1969 2708 τε

412 2744 678 2813 Ἱερεμίας
721 2747 908 2815 φησί·-
949 2767 966 2795 ι
998 2745 1135 2798 Τάδε
1181 2745 1327 2813 λέγει
1377 2746 1607 2816 Κύριος”
1669 2745 1825 2799 Κατά
1873 2744 1971 2808 τὰς

397 2835 549 2898 ὀδοὺς
570 2836 677 2888 τῶν
709 2835 877 2888 ἐθνῶν
928 2836 1002 2906 μὴ
1026 2836 1366 2907 πορεύσησοε
1390 2839 1523 2907 (99).
1571 2837 1855 2891 Ἐντεῐθεν
1886 2837 1972 2889 ἀλ-

396 2925 480 2979 λοι
532 2927 674 2988 τινὲς
713 2926 1043 2996 κινηθέντες,
1082 2930 1266 2997 μικροὶ
1298 2932 1391 2981 καὶ
1415 2930 1681 2983 οὑτιδανοὶ
1707 2970 1720 2991 ,
1760 2931 1849 2983 τὸν
1880 2932 1971 2983 ἄν·

400 3017 616 3087 θρωπον
650 3018 753 3069 ὑπὸ
791 3018 1058 3088 διαφόρων
1091 3017 1371 3088 δυνάμεων
1419 3020 1722 3091 πλασθῆναι
1781 3020 1969 3087 λέγου-

401 3126 491 3173 σι,
530 3110 624 3161 καὶ
677 3109 745 3161 τὰ
784 3111 881 3179 μὲν
910 3110 1099 3180 μέχρις
1127 3110 1370 3180 ὀμφαλοῦ
1432 3110 1806 3181 θειοδεστέρας
1851 3112 1972 3182 τέχ-

398 3220 496 3271 νης
524 3198 681 3264 εἷναι,
731 3203 799 3255 τὰ
845 3193 1029 3273 ἔνερθε
1060 3203 1116 3255 δὲ
1140 3244 1153 3265 ,
1205 3204 1302 3273 τῆς
1333 3204 1551 3272 ἥττονος
1578 3220 1589 3231 °
1631 3198 1691 3255 οὒ
1719 3204 1780 3274 δὴ
1814 3204 1972 3275 χάριν

396 3293 680 3363 ὀρέγεσθαι
713 3293 1014 3356 συνουσίας.
1052 3294 1259 3365 Δέληθε
1290 3293 1344 3345 δὲ
1386 3295 1601 3357 αὑτοὺς,
1634 3296 1714 3346 ὅτι
1760 3297 1854 3347 καὶ
1901 3298 1968 3349 τά

397 3386 651 3454 ἀνωτέρω
677 3386 817 3455 μέρη
841 3386 936 3455 τῆς
960 3388 1161 3455 τροφῆς
1196 3387 1474 3455 ὀριγνᾶται
1502 3387 1593 3436 καὶ
1615 3387 1860 3452 λαγνεύει
1889 3407 1967 3440 τι-

401 3477 483 3528 σίν
509 3494 521 3507 ο
569 3478 932 3530 ἐναντιοῦνται
951 3479 1007 3530 δὲ
1044 3479 1237 3547 καὶτῷ
1266 3480 1503 3549 Χριστῷ,
1536 3482 1667 3550 πρὸς
1699 3484 1824 3546 τοὺς
1862 3487 1969 3537 Φα-

402 3570 641 3639 ρισαίους
666 3570 910 3640 είρηκότι
929 3571 1027 3639 (1),
1046 3572 1135 3622 τὸν
1157 3571 1318 3623 αὑτὸν
1340 3571 1470 3623 Θεὸν
1490 3574 1583 3624 καὶ
1614 3592 1630 3623 ι
1654 3574 1745 3625 τὸν
1767 3577 1921 3638 ἐκτὸς
1945 3596 1963 3627 ι

398 3660 553 3729 ἡμῶν
577 3661 667 3712 καὶ
709 3682 724 3710 ι
754 3660 844 3712 τὸν
874 3660 981 3711 ἔσω
1016 3679 1033 3708 ι
1065 3659 1345 3727 ἄνθρωπον
1391 3662 1759 3727 πεποιηκέναι.
1812 3664 1969 3716 Ἀλλά

398 3753 496 3805 καὶ
526 3754 557 3821 ἡ
591 3752 768 3822 ὄρεξις
798 3753 859 3805 οὑ
902 3751 995 3805 τοῦ
1022 3750 1271 3820 σώματός
1302 3754 1437 3815 ἐστι,
1476 3752 1577 3805 κᾶν
1601 3752 1687 3806 διά
1720 3755 1779 3807 τὸ
1807 3756 1964 3825 σῶμα

398 3841 632 3911 γίνηται.
663 3841 843 3894 Ἀλλοι
900 3842 1066 3903 τινὲς,
1093 3839 1187 3903 οὒς
1215 3841 1308 3893 καὶ
1356 3842 1704 3906 ’Δντιτάκτας
1754 3846 1831 3915 (2)
1868 3863 1969 3899 κα-

399 3932 616 4003 λοῦμεν,
658 3934 925 4001 λέγουσιν,
983 3934 1118 3985 ὃτιὸ
1150 3932 1247 4002 μὲν
1283 3933 1412 3995 Θεὸς
1449 3935 1477 3985 ὁ
1520 3934 1627 3987 τῶν
1685 3937 1820 3989 ὅλων
1865 3956 1971 3991 πα-

401 4030 502 4100 τὴρ
552 4030 705 4099 ἡμῶν
746 4031 861 4082 ἐστι
899 4028 1078 4096 φύσει,
1110 4029 1204 4081 καὶ
1255 4029 1444 4092 πάνθ’,
1477 4031 1576 4082 ὅσα
1633 4033 1964 4101 πεποίηκεν,

474 4150 531 4205 >3
577 4144 635 4197 P.
673 4142 776 4197 526
824 4141 929 4194 ED.
972 4140 1268 4212 DOTTER.
1346 4154 1371 4181 ι
1394 4134 1702 4208 Νυιηῗχχν,
1729 4146 1781 4209 8;
1810 4148 1823 4199 Ι
1848 4146 2002 4201 Joan.
2032 4148 2070 4212 Ι,
2104 4149 2158 4210 6,
2198 4147 2245 4197 7.

947 4212 963 4248 τ
994 4211 1126 4266 Luc.
1160 4229 1237 4276 x1,
1263 4214 1349 4267 40.

472 4326 1056 4403 (ειὸζᾞλικεντῄσας.
1091 4326 1328 4403 Ιξεερὶοἰι
1353 4328 1573 4403 Numer.
1614 4348 1737 4395 xxv,
1780 4333 1833 4396 8,
1858 4350 1967 4403 quo

403 4398 521 4449 loro
580 4398 811 4451 Phineas
860 4398 1057 4466 dicitur
1106 4396 1269 4449 Zimri
1338 4408 1394 4452 et
1438 4401 1601 4453 Coshi
1664 4396 1966 4455 sem-tantes

404 4466 714 4539 confodisse
738 4487 751 4521 :
778 4469 891 4539 ,Καὶ
914 4467 1279 4539 ἀπεκεντησεν
1292 4470 1659 4539 ἀμφοτέρους,
1684 4474 1772 4525 τόν
1792 4490 1849 4524 τε
1879 4475 1969 4526 ἀν·-

404 4536 732 4624 θρωποντρν
775 4538 1109 4610 Ἰσραηλίτην
1140 4537 1231 4589 καὶ
1253 4536 1352 4607 τὴν
1375 4536 1615 4605 γυκαῖκα
1635 4542 1721 4594 διὰ
1735 4543 1832 4611 τῆς
1868 4546 1968 4613 μή-

401 4622 537 4658 τρας
573 4622 759 4658 αυττὶς.

440 4623 1102 4758 ρῗξῖιιῗδὲἓὲαὸοὐμενος.
1156 4676 1378 4731 Videtur
1460 4680 1744 4747 legendum
1827 4683 1970 4734 εὐλο-

407 4746 502 4814 γού
512 4762 687 4813 μενος.
727 4746 853 4801 Low
863 4746 951 4802 ni.

478 4815 586 4881 (95)
618 4817 808 4880 Αὐτὸς
860 4819 928 4869 ἐν
978 4837 1027 4871 τ.
1083 4818 1252 4879 Αὑτός
1292 4817 1436 4868 ἐστιν
1480 4821 1535 4868 ἐν
1563 4836 1611 4869 τ,
1655 4820 1837 4877 Joan..
1881 4823 1968 4873 nhi

404 4885 679 4964 ωσι-μετ’
713 4885 956 4963 ἀλλήλων
1003 4904 1098 4956 pro
1126 4888 1243 4964 μετ’
1260 4887 1435 4964 ἀὑτοῦ
1459 4904 1470 4914 ·
1502 4888 1624 4964 de_in
1653 4928 1668 4948 ,
1692 4887 1835 4959 αἷμα
1866 4894 1970 4961 Ἰησ-

407 4944 766 5031 σοῦήὶςριστοῦ
786 4971 800 4983 ·
832 4944 885 5031 ἐτι
911 4944 1153 5031 rursum:
1179 4958 1286 5031 ἀπο
1316 4957 1496 5025 πάσης
1521 4956 1623 5031 τῆς
1656 4944 1858 5031 ἀμάρτ.
1929 4944 1939 4961 ’

479 5022 595 5098 (96)
622 5022 1034 5098 Φυλιικήνητὰ
1056 5031 1113 5080 ὲν
1146 5029 1357 5097 φυλακῇ
1404 5022 1725 5098 πνεύματα,
1756 5022 1790 5080 ι’
1814 5033 1973 5098 spiri—

409 5107 499 5150 tus
527 5097 579 5147 in
606 5110 840 5154 carcere,
868 5113 885 5143 ι
916 5096 1051 5148 dixit
1070 5095 1381 5166 Apostolus,
1407 5096 1423 5147 I
1448 5095 1559 5148 Pet.
1588 5112 1671 5157 ιιι,
1696 5098 1779 5151 i9.
1802 5095 1974 5154 Φυλα-

407 5168 511 5237 κῆς
541 5166 705 5218 etiam
754 5167 1070 5233 metaphora
1114 5168 1401 5237 aliquoties
1442 5182 1575 5220 usus
1599 5182 1680 5220 est
1709 5168 1964 5224 Christus

407 5238 477 5291 de
504 5236 888 5289 sceleratorum
938 5236 1112 5291 omnis
1150 5254 1335 5291 agens.

504 5250 888 5289 sceleratorum
938 5250 1112 5301 ptBlllS
1150 5254 1335 5305 agens.

636 5306 844 5385 Πλείω.
893 5304 1119 5385 ἱῐλεῖρν,
1159 5307 1382 5385 _Matt_h.,
1443 5306 1530 5359 ubi
1565 5323 1686 5359 mox
1716 5348 1729 5368 ,
1783 5310 1841 5362 οὑ
1897 5309 1975 5379 μὴ

408 5373 679 5447 εἰσέλθητε
715 5376 872 5447 είς-τ.
906 5373 1091 5447 βζτῷν
1122 5377 1382 5447 οὐρανῶν.

482 5448 591 5518 (98)
610 5443 727 5501 ’Ἑν
750 5443 827 5509 τῷ
852 5462 913 5511 φ.
946 5443 1144 5498 Psalm.
1182 5443 1347 5502 cxvm
1381 5467 1393 5499 :
1425 5447 1509 5498 ‘Ev
1537 5445 1613 5515 τῷ
1636 5446 1973 5513 φυλάξασθαι

409 5519 778 5593 τοὺς-λόγους
806 5532 928 5593 σου·
982 5525 1035 5565 et
1085 5531 1321 5584 sequens
1369 5518 1735 5593 eummation.
1782 5521 1839 5569 ὲν
1871 5520 1974 5593 ﬁli;

410 5589 627 5709 ἰαρδία,
659 5579 939 5655 conjungit
980 5600 1101 5636 cum
1159 5579 1404 5656 sequenti
1460 5588 1702 5639 nicinlu'o
1753 5588 1817 5640 A.
1858 5579 1975 5657 8)·ὶῖ

452 5673 564 5709 ure.

630 5727 1030 5795 Πορεύσησθε.
1070 5723 1409 5795 Μανθάνετε.
1437 5727 1633 5781 Jerem.

484 5796 559 5861 (1)
582 5793 894 5865 Ἐὶρὴκότι.
925 5793 1205 5862 Respicere
1224 5796 1435 5850 videtur
1468 5798 1598 5866 Luc.
1630 5812 1704 5857 XI,
1731 5795 1797 5847 ω
1826 5816 1837 5848 :
1866 5799 1975 5867 0-37

410 5863 442 5917 ὁ
474 5868 699 5920 ποιήσας
734 5868 795 5919 τὸ
830 5866 1025 5920 ἔξωθεν
1057 5865 1150 5916 καὶ
1178 5865 1238 5916 τὸ
1271 5865 1474 5918 ἔσωθεν
1501 5868 1757 5920 ἐποίησεν
1784 5883 1796 5920 :
1966 5858 1977 5867 ”

486 5868 699 5933 ποιήσας
734 5868 795 5919 τὸ
830 5868 1025 5933 ἔξωθεν
1057 5868 1150 5916 καὶ
1178 5868 1238 5916 τὸ
1271 5868 1474 5918 ἔσωθεν
1501 5868 1757 5934 ἐποίησεν
1784 5883 1796 5929 ;

486 5933 563 6003 (2)
595 5935 999 6015 ,Ἁζςιτάκτιξςῖ
1034 5933 1187 6015 Dice,
1222 5937 1410 6004 paucis
1451 5939 1694 6015 mutatis.
1725 5935 1979 6015 Theodo-

414 6013 561 6062 retus
594 6004 647 6058 in
678 6004 875 6060 ﬂeret.
916 6006 1082 6075 fabul.
1134 6006 1226 6060 lib.
1265 6022 1303 6070 ι,
1354 6020 1473 6075 cap.
1512 6007 1607 6075 16,
1657 6008 1975 6061 transtulit:

404 4225 428 4252 ο
456 4222 652 4268 Jeiem.
683 4230 734 4276 κ,
764 4213 817 4265 ‘2.

2072 2114 2199 2173 bus,
2234 2121 2293 2165 ut
2324 2114 2493 2164 vitent
2542 2126 2609 2164 ne
2659 2110 3006 2164 includantur
3046 2109 3100 2162 in
3152 2122 3388 2163 carcere.
3426 2105 3633 2159 Revera

2069 2203 2214 2256 enim
2234 2242 2249 2265 ,
2285 2214 2344 2256 ut
2368 2202 2507 2254 dixit
2547 2199 2811 2254 Dominus
2842 2219 2855 2252 :
2894 2218 2911 2249 ι
2944 2197 3059 2252 Nisi
3088 2198 3446 2252 abundaverit
3472 2196 3635 2265 justi-

2072 2294 2140 2346 tia
2182 2305 2357 2348 vestra
2391 2293 2513 2361 plus
2543 2306 2707 2360 quam
2739 2290 3046 2343 scribarum
3096 2299 3150 2341 et
3196 2287 3592 2341 Pliarisazoruin
3614 2326 3632 2351 ,

2070 2401 2177 2438 non
2227 2384 2500 2438 iutrahitis
2552 2383 2605 2435 in
2656 2398 2880 2452 regnum
2936 2380 3026 2433 Dei
3056 2381 3107 2433 δ.
3140 2398 3158 2431 ι
3190 2378 3264 2432 De
3307 2379 3632 2433 abstinentia

2070 2487 2249 2531 autem
2277 2493 2307 2530 a
2337 2477 2473 2529 cibis
2503 2475 2808 2528 ostenditur
2837 2491 2866 2525 a
2900 2472 3116 2526 Daniele
3147 2482 3200 2525 ο.
3236 2471 3302 2525 Ut
3332 2470 3497 2525 semel
3531 2486 3634 2522 au-

2071 2578 2179 2621 tem
2227 2566 2440 2630 dicam,
2490 2566 2557 2619 de
2610 2565 2917 2619 obedientia
2963 2564 3093 2616 dicit
3138 2562 3375 2630 psallens
3418 2559 3623 2612 David:

2076 2678 2095 2710 ι
2120 2660 2181 2712 In
2211 2672 2323 2727 quo
2351 2657 2549 2725 diriget
2570 2656 2758 2725 junior
2798 2654 2943 2707 viain
2995 2668 3150 2706 suam
3182 2650 3254 2703 αἳ
3283 2670 3302 2701 ι
3334 2648 3402 2703 Et
3444 2650 3628 2703 statim

2071 2750 2223 2805 audit
2251 2770 2264 2804 :
2301 2769 2319 2801 ι
2351 2747 2409 2802 In
2440 2748 2800 2803 custodiendo
2830 2760 3108 2799 sermones
3135 2753 3260 2798 tuos
3289 2744 3341 2796 in
3372 2750 3486 2796 toto
3512 2756 3636 2794 cor-

2071 2843 2159 2899 de.
2194 2862 2212 2893 ι
2260 2842 2323 2895 Ει
2353 2842 2482 2895 dicit
2538 2839 2845 2893 Jeremias:
2908 2858 2926 2889 ι
2952 2838 3075 2891 Hree
3120 2845 3299 2890 autem
3342 2836 3476 2889 dicit
3524 2833 3632 2886 Do-

2072 2936 2294 2988 minus:
2348 2932 2451 2987 Per
2501 2934 2617 2985 vias
2671 2933 2915 3001 gentium
2970 2946 3037 2984 ne
3082 2929 3491 2983 ainhulaveritis
3525 2939 3569 2979 ο.
3607 2948 3625 2979 ι

2072 3026 2208 3080 Hinc
2238 3025 2367 3079 meti
2402 3025 2570 3094 aliqui
2600 3024 2728 3089 alii,
2760 3023 2939 3092 pusilli
2982 3031 3037 3076 ct
3072 3021 3275 3075 nullius
3318 3022 3505 3090 pretii,
3548 3020 3632 3073 di-

2072 3126 2202 3171 cunt
2234 3117 2523 3170 formatum
2557 3115 2727 3168 fuisse
2761 3114 3037 3168 hominem
3066 3128 3097 3165 a
3125 3111 3356 3167 diversis
3398 3120 3634 3179 potesta-

2074 3210 2255 3263 tibus:
2289 3217 2342 3261 et
2374 3222 2497 3276 quae
2544 3215 2674 3260 sunt
2722 3206 2940 3274 quidem
2992 3219 3163 3271 usque
3204 3202 3271 3255 ad
3315 3201 3628 3255 umbilicum

2072 3318 2192 3357 esse
2221 3302 2356 3354 artis
2386 3298 2672 3354 divinioris
2699 3287 2868 3366 {quae
2895 3305 3076 3350 autem
3108 3295 3317 3354 subter,
3356 3293 3588 3345 minoris
3614 3307 3633 3356 δ

2074 3410 2179 3461 qua
2206 3394 2272 3446 de
2300 3407 2465 3445 causa
2510 3391 2712 3445 coitum
2761 3403 2979 3457 quoque
3000 3396 3268 3455 appetere.
3318 3383 3432 3437 Non
3459 3384 3635 3436 anim-

2074 3484 2362 3536 advertnnt
2420 3490 2599 3534 autem
2622 3521 2638 3545 ,
2702 3478 2847 3548 quod
2876 3478 3189 3546 superiores
3215 3492 3430 3545 quoque
3454 3486 3633 3544 partes

2075 3576 2471 3628 nutrimentum
2505 3579 2792 3641 appetunt,
2822 3579 2875 3624 et
2904 3569 3228 3639 quibusdam
3261 3569 3630 3622 lihidinantur.

2075 3664 2448 3717 Adversantur
2478 3671 2657 3714 autem
2684 3660 2904 3713 Christo
2932 3674 3149 3728 quoque
3170 3698 3183 3721 ,
3211 3660 3303 3727 qui
3332 3660 3468 3712 dixit
3494 3658 3634 3711 Pha-

2072 3756 2282 3818 iisazis,
2331 3754 2583 3807 eumdem
2635 3751 2803 3806 Deum
2852 3760 2907 3807 et
2953 3771 2971 3804 ι
3006 3754 3280 3807 internum
3314 3772 3331 3803 ι
3382 3762 3633 3807 nostrum

2076 3848 2237 3916 189
2281 3857 2335 3899 et
2368 3866 2386 3894 ι
2416 3856 2703 3899 externum
2739 3864 2758 3897 ι
2792 3844 2989 3899 fecisse
3040 3845 3319 3897 hominem
3368 3843 3412 3895 ί.
3458 3843 3634 3909 Quin-

2071 3952 2234 3991 rt.am
2263 3938 2521 4007 appetitio
2550 3954 2654 3991 non
2686 3947 2770 3992 est
2793 3937 3074 4005 corporis,
3108 3936 3208 3989 etsi
3243 3937 3334 3988 liat
3375 3950 3472 4003 per
3513 3950 3630 3988 cor.

2076 4049 2197 4102 pus.
2228 4031 2460 4095 Quidam
2494 4029 2583 4082 alii
2610 4070 2624 4094 ,
2654 4045 2792 4098 quos
2820 4030 2983 4083 etiam
3014 4042 3277 4080 vocamus
3301 4026 3628 4088 Antitactas,

2326 4146 2352 4183 ιν
2376 4143 2560 4196 Matth.
2600 4158 2652 4207 v,
2677 4142 2764 4194 20.
2845 4154 2865 4179 ε
2893 4142 3026 4194 Dan.
3054 4159 3091 4196 I.
3165 4141 3192 4180 ἀ
3226 4141 3629 4203 Psal.cxvni,9.

2068 4330 2245 4384 Ἷισαν
2276 4330 2330 4382 δὲ
2362 4330 2455 4381 καὶ
2492 4328 2639 4380 ἄλλοι
2671 4329 2831 4391 τινὲς,
2856 4327 2948 4391 οὓς
2978 4327 3321 4389 Ἀντιτάκτας
3344 4327 3566 4379 ὲκάθουν
3584 4330 3632 4381 oi

2072 4402 2284 4462 ἀσεϐεῖς
2306 4439 2319 4461 ,
2352 4399 2400 4451 οἶ
2432 4399 2522 4451 τὸν
2570 4399 2740 4467 μέγαν
2771 4400 3042 4465 ἄγνωστον
3077 4397 3235 4455 Θεὸν,
3266 4397 3341 4459 ὡς
3372 4398 3523 4450 αὑτοὶ
3552 4398 3637 4451 λέ-

2071 4488 2256 4539 γίουσι,
2293 4470 2504 4539 πατέρα
2550 4466 2747 4521 οἰκεῖον
2791 4468 3095 4539 ὠνόμαζον·
3126 4466 3311 4539 τοῦτρν
3341 4467 3395 4518 δὲ
3436 4468 3636 4534 ἀγαθὸν

2072 4535 2228 4602 εἶναι,
2267 4541 2359 4591 καὶ
2381 4535 2511 4591 Θεὸν
2546 4540 2772 4607 ποιητήν
2797 4554 2809 4565 ·
2843 4535 2936 4607 ἕνα
2964 4537 3168 4607 δέντινα
3202 4535 3307 4607 τῶν
3354 4538 3443 4588 ὑπ’
3474 4537 3635 4589 αὑτοῦ

2073 4610 2377 4678 γεγονότων
2410 4606 2950 4677 ἐπισπείραιζιξάνια
2974 4623 2996 4678 ’ί
3020 4606 3083 4678 ὃς
3106 4608 3199 4658 καὶ
3233 4606 3438 4678 πάντας
3469 4608 3632 4674 ἡμᾶς,

2071 4676 2324 4743 agas-.01
2357 4680 2591 4746 λέγουσι,
2634 4676 2821 4739 κακοῖς
2846 4677 3182 4747 περιέβαλεν,
3203 4676 3635 4747 (ἀντιταξάμενος

2072 4741 2227 4820 ἡμῶν
2261 4748 2361 4823 τῷ-
2382 4741 2715 4823 ἀγ-αθωτάτῳ
2745 4741 2945 4823 πατρὶ,¹
2965 4741 3024 4798 οὗ
3056 4746 3117 4814 δὴ
3150 4746 3324 4823 χάριν,
3364 4746 3456 4823 και
3479 4741 3635 4816 μείς

2074 4814 2506 4889 ἀντιτασσόμεθα
2537 4814 2702 4889 αὑτῷ,
2731 4820 2810 4879 εἰς
2833 4814 3123 4889 Δἐκδίκησιν
3151 4814 3246 4889 τοῦ
3273 4814 3509 4889 Δπατρὸς
3544 4817 3635 4889 ἀν-

2076 4881 2385 4958 θιστάμενοί
2422 4890 2530 4948 τοῖς
2571 4881 2755 4958 νόμοις
2786 4886 2968 4938 αὑτοῦ.
2997 4881 3104 4938 Καὶ
3146 4884 3331 4958 ἐπειδὴ
3364 4881 3524 4946 αὑτὸς
3550 4881 3635 4938 οὗ·

2076 4979 2163 5020 τος
2195 4954 2365 5019 εἶπεν,
2391 4959 2463 5009 Οὑ
2501 4954 2825 5025 μοιχεύσεις.
2862 4958 3017 5025 ἡμεῖς
3037 4994 3057 5025 ,γ
3080 4954 3235 5025 φησὶ,
3268 4955 3636 5023 μοιχεύσωμεν

2077 5034 2169 5084 ἐπὶ
2191 5027 2477 5082 καταλύσει
2504 5024 2623 5095 τῆς
2653 5024 2890 5095 ἐντολῆς
2913 5024 3094 5095 αὑτοῦ.
3138 5024 3369 5095 Τούτους
3415 5025 3637 5095 εἰκότως

2076 5102 2139 5180 ἄν
2174 5116 2252 5180 τις
2277 5093 2568 5180 ἐφευρετὰς
2596 5093 2849 5180 όνοῃμάσοήι
2880 5093 3087 5180 κακῶνζ
3118 5094 3165 5145 οἰ
3188 5096 3306 5156 ταῖς
3332 5093 3634 5180 ἀσελγείαις

2077 5170 2171 5231 τὰς
2202 5162 2545 5236 βλασφημίας
2576 5162 2947 5236 συνάπτουσιν.
2990 5182 3008 5214 ι
3048 5163 3287 5217 Fuerunt
3318 5174 3368 5236 et
3397 5163 3485 5215 alti
3510 5162 3633 5228 quiv

2075 5234 2222 5296 dam,
2249 5234 2722 5305 quosAntitactas
2750 5234 2901 5305 impii
2929 5236 3219 5297 vocabant,
3253 5234 3345 5301 qui
3378 5247 3633 5305 magnum

2079 5302 2547 5377 ignotum_Deum,
2581 5315 2639 5359 ut
2660 5304 2758 5373 ipsi
2782 5304 2995 5377 dicunt,
3026 5314 3228 5377 patrem
3263 5318 3421 5355 suum
3454 5302 3635 5369 appel—

2078 5372 2273 5430 labant.
2301 5375 2455 5429 Hunc
2482 5392 2607 5429 vero
2636 5372 2756 5428 esse
2782 5374 3008 5439 bonum,
3034 5383 3085 5426 et
3112 5372 3275 5424 Deum
3300 5382 3595 5425 creatorem
3620 5389 3631 5422 :

2078 5464 2242 5500 unum
2294 5457 2474 5499 autem
2538 5444 2846 5512 quempiam
2902 5460 2966 5496 ex
3030 5444 3113 5503 iis,
3154 5443 3244 5509 qui
3276 5458 3344 5495 ex
3379 5458 3444 5495 eo
3470 5442 3632 5507 geniti

2078 5532 2252 5579 erant,
2309 5517 2609 5570 seminasse
2657 5515 2898 5578 zizania;
2946 5515 3036 5581 qui
3084 5528 3135 5564 ιιι
3176 5528 3275 5565 nos
3319 5527 3537 5573 omnes,
3577 5524 3635 5560 ut

2080 5588 2180 5656 ipsi
2208 5587 2416 5647 dicunt,
2448 5586 2587 5638 mala
2624 5584 2829 5653 injecit,
2857 5594 2915 5638 ut
2939 5584 3024 5652 qui
3052 5584 3256 5656 optimo
3285 5582 3419 5656 patri
3447 5588 3635 5656 nostro

2083 5647 2355 5710 restiterit.
2385 5656 2504 5721 Quo
2535 5656 2611 5717 lit,
2638 5647 2697 5707 ut
2724 5670 2823 5723 nos
2848 5647 3062 5723 quoque
3090 5647 3169 5704 illi
3197 5647 3538 5723 resistamus,

2083 5728 2337 5779 ultionem
2361 5717 2529 5793 patris
2562 5725 2732 5778 nostri
2767 5717 2991 5793 legi-bus
3010 5724 3131 5791 ejus
3172 5722 3537 5793 adversantes.

2080 5797 2335 5865 quoniam
2364 5788 2481 5863 ipse
2511 5796 2676 5865 dixit:
2703 5788 3248 5865 Non'mmehaberis,
3281 5804 3409 5852 nos,
3432 5788 3633 5865 inquit,

2083 5856 2437 5927 iiimclieniur,
2476 5876 2533 5918 ut
2580 5864 2698 5931 ejus
2725 5856 3051 5933 praeceptum
3101 5862 3477 5931 infringainus.
3528 5856 3635 5933 lies

2083 5939 2348 5991 malorum
2400 5938 2521 6005 jure
2552 5928 2819 6003 quispiam
2863 5928 3057 5987 dixerit
3095 5928 3421 5996 inventores,
3452 5929 3546 6001 qui
3570 5928 3635 5981 li-

2083 6006 2360 6063 bidinibus
2393 6007 2508 6063 suis
2542 6006 2909 6083 blasphemus
2930 6005 3252 6076 adjungunt.
