4484 6586
867 490 997 548 1159

2063 488 2449 547 CLEMENl‘lS
2486 488 2951 547 ALEXANDRINI

3974 484 4132 542 1140

863 619 967 665 hoc
1009 616 1095 666 est
1163 628 1183 661 ι
1215 608 1565 667 adversarios
1599 630 1618 662 ι
1677 620 1732 665 et
1780 619 2178 683 repugnantes,
2251 611 2439 666 dicunt
2468 614 2512 668 Α
2540 609 2634 676 ἀγα

2361 617 2439 664 Int
2468 614 2512 668 Α
2540 609 2721 676 ἀγαθά
2743 613 2893 666 ἐστιν
2912 629 2924 642 ο
2972 604 3052 674 εἷς
3083 608 3143 662 δέ
3194 624 3275 671 τις
3320 610 3429 662 τῶν
3481 609 3573 662 ὑπ’
3601 604 3765 662 αὑτοῦ
3815 600 4132 674 γεγονότων

861 702 1008 772 quod
1031 700 1177 759 Dens
1202 704 1423 774 quidem
1458 703 1843 759 universorum
1889 711 2074 758 noster
2115 713 2200 758 est
2237 711 2432 758 natura

862 802 1054 861 pater,
1106 803 1162 849 et
1212 794 1395 849 omnia
1448 810 1794 865 quaecunque
1848 795 2017 858 fecit,
2070 795 2214 849 bona
2264 803 2432 861 sunt;

866 898 1012 939 unus
1060 892 1242 938 autem
1292 887 1566 956 quispiam
1619 901 1688 939 ex
1731 886 1833 953 iis,
1883 885 1978 957 qui
2018 884 2088 939 ab
2134 885 2257 953 ipso
2303 885 2433 941 facti

859 983 1023 1040 sunt,
1055 975 1341 1032 seminatis
1371 977 1619 1044 zizaniis,
1661 978 1934 1033 malorum
1980 985 2231 1031 naturam
2274 993 2435 1049 gene-

861 1063 1046 1120 ravit:
1083 1066 1287 1135 quibus
1319 1070 1481 1122 etiam
1512 1082 1614 1123 nos
1644 1083 1838 1124 omnes
1870 1067 2202 1138 implicavit,
2240 1078 2301 1122 ut
2334 1084 2433 1123 nos

858 1155 1093 1213 ediceret
1143 1158 1288 1213 Patri
1340 1160 1706 1215 adversarios.
1751 1160 1931 1227 Quare
1974 1175 2075 1214 nos
2119 1158 2282 1213 etiam
2330 1159 2434 1230 ipsi

862 1249 991 1304 huic
1035 1250 1390 1307 adversamur
1429 1252 1498 1305 ad
1550 1251 1770 1307 Patrem
1802 1252 2174 1307 ulciscendum
2197 1292 2213 1317 ,
2242 1262 2432 1307 contra

870 1342 1098 1397 secundi
1139 1343 1476 1398 voluntatem
1518 1344 1800 1400 facientes.
1846 1343 2116 1410 Quoniam
2166 1359 2298 1415 ergo
2343 1345 2434 1399 hic

854 1434 992 1489 dixit
1017 1453 1033 1490 :
1063 1433 1209 1491 «Non
1239 1437 1637 1491 mmchaberis:
1676 1457 1693 1487 ι
1717 1451 1847 1500 nos,
1883 1435 2163 1505 inquiunt,
2191 1436 2434 1491 macha-

855 1538 1012 1590 mur,
1054 1531 1114 1590 ᾖ(
1168 1538 1226 1582 ιιι
1259 1527 1379 1597 ejus
1424 1526 1739 1581 mandatum
1787 1527 2178 1582 dissolvamus.
2223 1526 2433 1594 Quibus

851 1619 1294 1686 responderimus
1334 1635 1572 1689 quoque,
1623 1621 1771 1690 quod
1824 1622 2345 1691 pseudoprophetas,
2380 1633 2434 1676 et

850 1722 946 1763 eos
1006 1711 1099 1780 qui
1146 1713 1428 1767 veritatem
1466 1713 1750 1777 simulant,
1795 1731 1862 1769 ex
1892 1716 2148 1784 operibus
2176 1717 2428 1786 cognosci

850 1802 1204 1872 accepimus:
1243 1805 1288 1859 si
1335 1806 1475 1861 male
1519 1806 1750 1860 audiunt
1794 1817 1974 1861 autem
2030 1816 2210 1861 vestra
2243 1822 2425 1877 opera,

851 1896 1129 1964 quomodo
1197 1897 1379 1952 adhuc
1446 1899 1638 1954 dicetis
1698 1915 1795 1954 vos
1855 1899 2135 1953 veritatem
2203 1900 2429 1954 tenere?

849 1988 958 2042 Aut
982 1988 1126 2041 enim
1160 1989 1370 2042 nullum
1422 1999 1506 2044 est
1532 1989 1760 2055 malum,
1805 2001 1860 2045 et
1886 2006 1994 2044 non
2025 2001 2110 2046 est
2132 1992 2314 2061 utique
2341 1991 2419 2045 di-

848 2095 989 2149 gnus
1038 2081 1458 2150 reprehensione
1513 2083 1579 2148 is,
1622 2099 1784 2152 quem
1828 2099 1928 2139 vos
1974 2084 2323 2147 insimulatis,
2368 2092 2427 2137 ut

849 2172 942 2240 qui
994 2171 1106 2227 Deo
1154 2175 1227 2229 sit
1273 2175 1614 2240 adversatus,
1668 2191 1847 2246 neque
1883 2176 1986 2231 fuit
2029 2177 2257 2246 alicujus
2296 2177 2424 2232 mali

847 2263 1101 2329 eﬂ'ector;
1153 2282 1262 2321 una
1290 2268 1436 2320 enim
1470 2284 1593 2323 cum
1637 2269 1781 2322 malo
1809 2268 1972 2321 arbor
1993 2284 2209 2337 quoque
2237 2269 2426 2322 interi-

846 2355 1016 2411 mitur
1042 2377 1054 2410 :
1086 2370 1181 2412 aut
1212 2358 1259 2414 si
1288 2368 1373 2413 est
1403 2360 1605 2413 malum
1641 2375 1705 2414 ac
1731 2359 2001 2424 consistit,
2031 2359 2216 2414 dicant
2242 2361 2421 2425 nobis,

846 2447 981 2516 quid
1003 2448 1202 2513 dicunt
1250 2465 1373 2503 esse
1394 2465 1478 2515 ea,
1526 2464 1648 2518 qum
1673 2452 1795 2503 data
1827 2460 1974 2515 sunt,
2023 2461 2311 2520 praecepta,
2358 2453 2424 2507 de

843 2537 1075 2607 iustitia,
1111 2539 1179 2594 de
1204 2541 1559 2604 continentia,
1609 2540 1676 2594 de
1708 2541 2014 2596 tolerantia.
2045 2541 2112 2596 de
2142 2545 2420 2611 patientEa,

845 2640 900 2683 et
930 2631 1018 2695 iis,
1071 2647 1193 2701 qua:
1231 2641 1360 2686 sunt
1404 2633 1741 2701 hujusmodi,
1802 2634 1945 2687 bona
1973 2650 2042 2688 an
2069 2636 2253 2689 mala?
2302 2637 2421 2690 etsi

844 2720 1015 2776 fuerit
1057 2722 1276 2791 quidem
1328 2724 1534 2778 malum
1583 2735 1937 2793 praecepttnn.
1992 2728 2137 2795 quod
2190 2727 2418 2796 plurima

844 2811 1096 2881 prohibet
1123 2810 1303 2866 facere
1330 2813 1528 2881 turpia,
1570 2813 1834 2870 adversus
1868 2816 2108 2883 seipsum
2140 2818 2310 2886 legem
2341 2816 2421 2871 fe-

844 2913 925 2958 ret
954 2905 1166 2971 vitium,
1205 2913 1266 2959 ut
1290 2922 1529 2975 seipsum
1562 2907 1846 2972 dissolvat,
1888 2909 2030 2977 quod
2065 2910 2282 2978 quidem
2314 2926 2419 2965 non

844 3003 1022 3063 potest
1062 2994 1215 3062 ﬁeri;
1263 2997 1349 3051 sin
1398 3006 1582 3051 autem
1605 2997 1831 3060 bonum,
1887 3015 2012 3053 eum
2042 3000 2201 3055 bonis
2229 3002 2422 3055 adver-

844 3095 1034 3140 sentur
1084 3088 1389 3156 praeceptis,
1440 3088 1584 3143 bono
1627 3089 1927 3152 adversari,
1977 3101 2030 3145 et
2072 3092 2214 3145 mala
2241 3091 2420 3147 facere

845 3180 1197 3232 conﬁtentur.
1241 3177 1359 3232 lam
1411 3195 1541 3233 vero
1590 3179 1706 3250 ipse
1753 3196 1973 3252 quoque
2004 3180 2280 3248 Servator,
2330 3184 2416 3238 cui

2536 702 2862 775 ἐπέσπειρεν
2895 707 2962 757 τά
3016 702 3247 766 ζιζάνια,
3298 700 3397 770 τὴν
3448 701 3556 755 τῶν
3588 700 3775 756 κακῶν
3804 697 3966 769 φύσιν
3990 712 4131 765 γεν-

2536 794 2703 862 νήσας
2723 811 2735 823 ·
2767 791 2849 859 οἷς
2878 796 2956 867 (5)
2986 796 3080 848 καὶ
3118 792 3182 864 δὴ
3209 790 3285 861 (4)
3317 792 3526 855 πάντας
3560 795 3707 864 ἡμᾶς
3754 784 4122 864 περιέὼλεν,

2537 883 2828 950 ἀντιτάξας
2860 890 3006 959 ἡμᾶς
3036 886 3114 957 (5)
3145 882 3222 954 τῷ
3253 883 3447 954 Πατρί.
3476 883 3568 936 Διὸ
3586 885 3651 954 δὴ
3678 887 3772 939 καὶ
3797 885 3950 938 αὐτοὶ
3973 885 4129 938 ἀντι-ν

2534 977 2845 1047 τασσόμεθα
2872 982 3046 1050 τούτῳ
3073 981 3151 1041 εἰς
3191 976 3431 1030 ἐκδικίαν
3469 976 3563 1028 τοῦ
3595 978 3806 1048 Πατρὸς
3839 978 3938 1048 (6),
3965 978 4126 1031 ἀντι-

2536 1068 2870 1138 πράσσοντες
2924 1072 3004 1142 τῷ
3046 1070 3344 1142 βουλήματι
3377 1068 3470 1122 τοῦ
3503 1067 3775 1137 δευτέρου.
3824 1071 3978 1123 Ἐπεὶ
4018 1064 4120 1122 οὖν

2535 1152 2687 1223 οὗτος
2718 1180 2736 1211 ι
2766 1163 2841 1215 Οὑ
2880 1164 3182 1234 μοιχεύσεις
3206 1163 3480 1231 »εῖρηκεν,
3509 1162 3693 1229 ἡμεῖς,
3716 1161 3969 1231 (Pa-61(7).
3992 1180 4121 1233 μοι·

2533 1251 2763 1323 χεύομεν
2796 1257 2891 1310 ἐπὶ
2935 1258 3223 1312 καταλύσει
3258 1255 3359 1326 τῆς
3394 1253 3613 1321 ἐντολῆς
3644 1252 3830 1306 αὑτοῦ.
3866 1255 4115 1326 Φαίημεν

2533 1344 2576 1396 δ’
2631 1345 2696 1398 ἂν
2748 1348 2843 1401 καὶ
2899 1350 3036 1422 πρὸς
3067 1348 3305 1410 τούτους,
3355 1347 3435 1399 ὅτι
3485 1344 3613 1405 τοὺς
3660 1340 4113 1414 ψευδοπροφήτας

2534 1437 2626 1490 καὶ
2660 1437 2789 1502 τοὺς
2820 1440 2933 1494 ὅσοι
2963 1440 3062 1512 τὴν
3096 1439 3351 1511 ἀλήθειαν
3383 1436 3757 1510 ὑποκρίνονται
3783 1474 3798 1496 ,
3839 1432 3901 1496 ἐξ
3933 1433 4112 1503 ἔργων

2532 1528 2895 1596 γινώσκεσθαι
2942 1531 3357 1603 παρειλήφαμεν
3408 1527 3503 1598 (8).
3553 1526 3616 1579 Ei
3666 1520 4011 1577 διαϐάλλεται
4053 1522 4110 1575 δὲ

2533 1620 2684 1690 ὑμῶν
2729 1621 2888 1690 ἔργα,
2950 1622 3065 1687 πῶς
3101 1623 3181 1677 ἔτι
3230 1623 3303 1693 (9)
3336 1622 3437 1691 τῆς
3489 1619 3746 1692 ἀληθείας
3786 1615 4110 1686 ἀντέχεσθαι

2531 1713 2671 1781 ὑμᾶς
2703 1714 2917 1783 ἐρεῖτε;
2955 1716 3025 1767 Ἣ
3061 1715 3169 1786 γάρ
3200 1715 3353 1767 οὐδέν
3388 1716 3502 1766 ἐστι
3543 1711 3733 1773 κακὸν,
3768 1709 3863 1763 καὶ
3898 1708 4000 1760 οὑκ
4026 1707 4109 1761 ἐτι

2534 1801 2789 1872 μέμψεως
2829 1802 3009 1866 ἄξιος,
3054 1805 3112 1857 ὃν
3146 1804 3390 1858 αἰτιᾶσθε
3423 1803 3499 1866 ὡς
3547 1798 4000 1868 ἀντιτεταγμένον
4031 1796 4108 1868 τῷ

2529 1893 2666 1964 Θεῷ,
2707 1894 2829 1947 οὑδέ
2866 1895 3038 1949 κακοῦ
3071 1914 3215 1960 τινος
3259 1898 3449 1965 γέγονε
3494 1894 3800 1964 ποιητικός·
3852 1910 4107 1948 συναναιη

2533 1986 2703 2053 ρεῖται
2748 1987 2855 2057 γάρ
2888 1986 2965 2057 τῷ
3000 1989 3154 2059 κακῷ
3188 1991 3282 2042 καὶ
3313 1989 3374 2041 τὸ
3405 1988 3619 2058 δένδρον
3653 1986 3764 2056 (10)
3788 2004 3803 2016 ο
3844 1986 3877 2055 ἢ
3909 1988 3957 2038 εί
3991 1985 4106 2038 ἐστι

2526 2076 2589 2128 τὸ
2622 2078 2857 2148 πονηρὸν
2889 2080 3182 2151 ἐνυπάρξει
3218 2080 3364 2149 (11),
3399 2077 3708 2130 εἰπάτωσαν
3740 2078 3906 2147 ἡμῖν,
3939 2076 3993 2128 τί
4019 2075 4107 2128 λέ-

2525 2188 2710 2239 γουσιν
2744 2167 2879 2224 εἶναι
2909 2170 3009 2234 τὰς
3036 2171 3279 2234 δοθείσας
3310 2167 3527 2232 ἐντολὰς
3563 2168 3691 2239 περὶ
3733 2166 4100 2239 δικαιοσύνης,

2526 2261 2653 2331 περὶ
2692 2261 3036 2330 ἐγκρατείας,
3081 2262 3207 2331 περὶ
3257 2260 3551 2330 ὑπομονῆς,
3587 2259 3712 2330 περὶ
3754 2257 4102 2324 ἀνεξικακίας

2525 2355 2618 2407 καὶ
2648 2354 2757 2407 τῶν
2792 2353 3003 2417 τούτοις
3046 2354 3266 2423 ὁμοίων,
3302 2351 3510 2421 φαύλας
3550 2352 3585 2422 ἦ
3626 2352 3882 2419 ἀστείας;
3928 2354 4021 2407 καὶ
4053 2355 4103 2408 εί

2527 2448 2624 2518 μὲν
2648 2446 2824 2517 φαύλη
2861 2447 2969 2517 εἴη,
3002 2447 3071 2501 τὰ
3099 2446 3323 2499 πλεῖστα
3354 2444 3768 2516 ἀπαγορεύουσα
3801 2448 3973 2498 ποιεῖν
3996 2445 4107 2499 τῶν

2525 2538 2766 2610 αἰσχρῶν
2798 2541 2831 2610 ἡ
2866 2538 3071 2609 ἐντολὴ,
3105 2537 3226 2592 καθ’
3266 2538 3459 2606 ἑαυτῆς
3483 2534 3832 2605 νομοθετήσει
3869 2540 3901 2607 ἡ
3935 2537 4106 2590 κακία

2524 2632 2616 2685 ἐπὶ
2643 2631 2938 2685 καταλύσει
2965 2635 3031 2702 τῇ
3070 2631 3194 2700 ἰδία,
3229 2632 3364 2700 ὅπερ
3398 2629 3658 2682 ἀδύνατον
3680 2647 3693 2659 ·
3730 2630 3777 2680 εἰ
3809 2629 3865 2681 δὲ
3897 2628 4104 2699 ἀγαθὴ,

2522 2726 2964 2795 ἀντιτασσόμενοι
3012 2727 3131 2787 ταῖς
3179 2722 3409 2789 ἀγαθαῖς
3450 2720 3690 2785 ἐντολαῖς
3723 2720 3912 2792 ἀγαθῷ
3948 2723 4101 2774 ἀντι-

2522 2818 2815 2871 τάσσεσθαι
2847 2859 2861 2880 ,
2914 2819 3006 2871 καὶ
3054 2817 3120 2870 τὰ
3179 2816 3324 2870 κοινά
3390 2816 3658 2888 πράσσειν
3722 2815 4099 2884 ὁμολογοῦσιν.

2525 2910 2661 2980 Ἤδη
2709 2910 2765 2963 δέ
2811 2910 2903 2963 καὶ
2952 2911 2979 2961 ὁ
3010 2909 3198 2979 Σωτὴρ
3240 2909 3432 2972 αὑτὸς,
3466 2902 3511 2975 ᾧ
3549 2907 3828 2960 πείθεσθαι
3861 2906 4104 2974 ἀξιοῦσιν

2525 3003 2689 3072 μόνῳ,
2744 3002 2804 3053 τὸ
2854 3004 3032 3072 μισεῖν
3080 3002 3189 3071 (19.)
3223 3001 3317 3054 καὶ
3354 3000 3413 3052 τὸ
3458 3000 3716 3071 λοιδορεῖν
3755 2999 4099 3052 κεκώλυκεν*

2521 3097 2634 3157 καὶ,
2666 3115 2685 3145 ι
2724 3097 2879 3149 Μετά
2914 3095 3009 3147 τοῦ
3034 3094 3301 3148 ἀντιδίκου
3327 3093 3578 3163 βαδίζων,
3614 3092 3765 3161 φίλος
3787 3092 3951 3144 αὑτοῦ
3982 3109 4104 3144 πει-

2521 3186 2714 3257 ράθητι
2745 3185 3176 3255 ἀπαλλαγῆναι,ι
3217 3186 3399 3255 φησίν.
3437 3185 3508 3237 Ἦ
3523 3184 3699 3237 τοίνυν
3731 3184 3824 3237 καὶ
3846 3184 3944 3254 τὴν
3960 3184 4101 3254 Χρι-

843 3270 945 3322 soli
971 3278 1192 3324 censent
1216 3284 1338 3324 esse
1364 3269 1691 3338 parendum,
1736 3272 1863 3334 odio
1899 3272 2117 3339 habere,
2166 3284 2219 3328 et
2252 3275 2416 3328 ntale-
2442 3287 2488 3349 ο
2521 3295 2613 3330 στο

2330 3275 2416 3328 ιιιι-
2442 3287 2488 3349 c
2521 3277 2646 3330 στοῦ
2675 3277 2995 3348 παραίνεσιν
3026 3278 3354 3347 ἀρνήσονται
3375 3316 3389 3339 ,
3430 3273 3872 3344 ἀντιτασσόμενοι
3904 3272 3979 3343 τῷ
4009 3275 4101 3326 ἁν-

840 3361 1002 3420 dictis
1048 3360 1260 3430 insequi
1314 3361 1596 3430 prohibuit
1625 3381 1638 3416 :
1670 3373 1743 3429 et,
1786 3382 1804 3413 ι
1837 3362 1973 3417 Cum
2022 3365 2358 3431 adversario,
2391 3384 2409 3416 ι

840 3450 1039 3520 inquit,
1086 3468 1105 3500 ι
1139 3450 1364 3512 vadens,
1389 3449 1509 3518 ejus
1533 3451 1746 3506 amicus
1778 3467 1980 3506 conare
2008 3452 2289 3508 discedere
2312 3466 2359 3507 ιι.
2392 3472 2410 3505 ι

839 3541 947 3594 Aut
979 3555 1109 3611 ergo
1127 3538 1329 3596 Christi
1354 3556 1573 3610 quoque
1617 3542 1889 3611 negabunt
1930 3542 2264 3607 suasionem,
2320 3544 2418 3597 ad-

840 3644 1118 3688 versantes
1142 3633 1484 3687 adversario:
1506 3641 1623 3697 aut,
1656 3633 1703 3686 si
1735 3632 1844 3687 sint
1869 3633 2051 3699 amici,
2072 3643 2258 3688 contra
2288 3649 2412 3688 eum

840 3736 1111 3779 certamen
1164 3726 1442 3794 suscipere
1488 3728 1698 3778 nolunt.
1741 3723 1883 3791 Quid
1927 3725 2094 3780 vero?
2125 3741 2193 3780 an
2242 3727 2415 3782 nesei-

840 3817 933 3882 tis,
967 3817 1067 3869 viri
1093 3817 1291 3887 egregii
1322 3814 1540 3885 (loquor
1564 3821 1710 3870 enim
1736 3826 1992 3885 tanquam
2012 3818 2411 3888 praesentibus),

840 3909 985 3975 quod
1009 3923 1129 3961 cum
1158 3909 1457 3976 praeceptis,
1493 3924 1614 3977 qua:
1644 3923 1703 3962 se
1730 3918 1873 3963 recte
1900 3909 2120 3973 habent,
2169 3927 2413 3981 pugnan-

841 4012 944 4062 tes,
994 4000 1227 4069 propriae
1273 4001 1435 4055 saluti
1488 3999 1777 4055 resistitis?
1837 3999 1953 4053 Non
1988 4002 2131 4054 enim
2163 4017 2247 4063 ea,
2294 4020 2415 4071 qum

842 4103 971 4146 sunt
999 4092 1200 4147 utiliter
1220 4093 1417 4154 edicta,
1469 4091 1560 4146 sed
1601 4108 1699 4146 vos
1729 4093 1877 4161 ipsos
1909 4094 2168 4147 evertitis.
2212 4093 2274 4147 Et
2309 4093 2415 4148 Do-

840 4186 1024 4240 minus
1053 4204 1065 4239 :
1107 4203 1126 4236 ι
1158 4184 1397 4239 Luceant
1430 4204 1450 4236 ι
1479 4185 1721 4254 quidem,
1758 4185 1969 4254 inquit,
2007 4204 2025 4235 ι
2065 4186 2206 4239 bona
2233 4196 2411 4241 vestra

840 4292 1004 4347 opera
1033 4278 1105 4331 δε
1144 4296 1163 4328 ›
1213 4293 1307 4329 vos
1360 4287 1539 4330 autem
1588 4277 1842 4331 libidines
1888 4277 2413 4346 etintemperantias

841 4377 1051 4424 vestras
1095 4369 1410 4424 manifestas
1451 4369 1698 4424 redditis.
1741 4368 1808 4422 Et
1832 4369 2034 4438 alioqui
2061 4369 2105 4422 si
2136 4369 2301 4424 vultis
2332 4370 2411 4423 le-

841 4462 1115 4531 gislatoris
1162 4472 1424 4531 praecepta
1478 4461 1796 4524 dissolvere,
1841 4476 2075 4530 quanam
2119 4462 2185 4514 de
2222 4477 2408 4526 causa,

840 4554 973 4611 illud
1005 4553 1258 4623 quidem:
1297 4573 1314 4603 ι
1351 4551 1467 4606 Non
1495 4552 1883 4617 mcechaheris;
1924 4570 1942 4602 ι
1981 4552 2191 4606 ethoc:
2228 4571 2246 4603 ι
2285 4552 2411 4607 Stu-

2521 3369 2920 3438 τιτεταγμένῳ·
2974 3369 3007 3438 ἦ
3054 3368 3193 3437 φίλοι
3226 3368 3525 3438 γινόμενοι,
3566 3365 3739 3435 τούτῳ
3770 3365 3868 3417 οὐκ
3897 3364 4102 3417 ἀντιδιο

2522 3461 2800 3531 κήσουσιν.
2844 3458 2909 3510 Τί
2946 3458 3066 3523 δαίς
3102 3458 3204 3511 οὑκ
3240 3456 3351 3509 ἴστε
3377 3497 3392 3519 ,
3430 3451 3474 3509 ὧ
3516 3455 3788 3524 γεννάδαι,
3837 3454 3932 3523 (ὡς
3963 3454 4100 3525 πώς

2524 3553 2795 3624 παρόντας
2823 3552 2932 3623 γὰρ
2958 3550 3165 3621 εἴποιμ’
3200 3549 3264 3603 ἄν
3284 3550 3323 3617 ”)
3370 3550 3450 3601 ὃτι
3486 3549 3606 3610 ταῖς
3638 3546 3814 3610 καλῶς
3847 3544 4098 3616 ἐχούσαις

2522 3646 2762 3708 ἐντολαῖς
2812 3644 3130 3715 μαχόμενοι,
3180 3646 3245 3714 τῇ
3298 3641 3404 3714 ἰδία
3443 3640 3766 3695 ἀνθίστασθε
3817 3641 4096 3712 σωτηρίας

2521 3741 2595 3792 Ού
2643 3738 2751 3812 γάρ
2795 3738 2863 3792 τὰ
2904 3736 3319 3807 διαγορευθέντα
3365 3734 3669 3806 χρησίμως,
3720 3733 3833 3786 ἀλλ’
3874 3734 4099 3797 ἐαυτοὺς

2520 3829 2944 3901 καταστρέφετε.
2998 3828 3107 3880 Καὶ
3150 3830 3178 3880 ὁ
3233 3826 3333 3897 μὲν
3374 3825 3599 3895 Κύριος,
3643 3824 3722 3877 Τά
3768 3823 3948 3892 ἀγαθὰ
3987 3824 4094 3893 (15)

2520 3922 2671 3993 ὑμῶν
2695 3922 2831 3993 ἔργα
2862 3920 3147 3990 λαμψάτω,
3190 3938 3209 3970 ι
3246 3918 3371 3988 ἔφη,
3405 3920 3562 3988 ὑμεῖς
3593 3918 3649 3971 δὲ
3679 3918 3777 3981 τὰς
3810 3916 4098 3984 ἀσελγείας

2521 4013 2674 4083 ὑμῶν
2700 4014 2949 4080 ἐκφανεῖς
2977 4014 3198 4064 ποιεῖτε.
3243 4010 3451 4073 Ἀλλως
3473 4027 3530 4062 τε
3554 4012 3602 4062 εἰ
3628 4009 3724 4072 τὰς
3755 4008 3973 4071 ἐντολὰς
3999 4025 4098 4061 κα-

2519 4102 2733 4155 ταλύειν
2765 4103 2858 4155 τοῦ
2881 4102 3166 4172 νομοθέτου
3187 4102 3390 4167 θέλετε,
3420 4102 3471 4154 τί
3501 4102 3697 4173 δήποτε
3730 4102 3790 4154 τὸ
3816 4103 3915 4169 μὲν
3953 4120 3971 4150 1
4018 4099 4094 4152 Οὑ

2524 4192 2860 4263 μοιχεύσεις,
2920 4211 2938 4243 ι
2977 4195 3068 4245 καὶ
3107 4212 3122 4242 ι
3166 4194 3241 4244 Οὑ
3279 4191 3733 4264 παιδοφθορήσεις
3768 4192 3903 4257 (14),
3941 4210 3960 4241 ι
3999 4193 4096 4245 καὶ

2518 4287 2617 4336 ὅσα
2634 4286 2710 4346 εἰς
2728 4284 3048 4354 ἐγκράτειαν
3067 4301 3129 4335 συ
3137 4284 3448 4353 μϐάλλεται,
3468 4284 3753 4337 καταλύειν
3769 4285 4094 4354 ἐπιχειρεῖτε

2518 4378 2583 4429 δι’
2612 4376 2879 4446 ἀκρασίαν
2899 4374 2996 4444 τὴν
3029 4374 3178 4442 σφῶν
3198 4393 3209 4404 ·
3242 4377 3303 4428 οὺ
3329 4374 3624 4428 καταλύετε
3655 4374 3711 4426 δὲ
3734 4375 3975 4444 χειμῶνα
4002 4379 4095 4431 τὸν

2519 4468 2610 4520 ὑπ’
2641 4464 2804 4518 αὑτοῦ
2823 4464 3131 4532 γενόμενον,
3155 4465 3243 4516 ἵνα
3259 4463 3414 4534 θέρος
3431 4465 3689 4534 ποιήσητε
3709 4464 3995 4533 μεσοῦντος
4011 4468 4091 4522 ἔτι

2517 4557 2609 4610 τοῦ
2624 4556 2906 4628 χειμῶνος·
2926 4554 3046 4606 οὑδὲ
3064 4554 3166 4624 γῆν
3184 4553 3419 4625 πλωτὴν,
3435 4553 3601 4624 βατὴν
3620 4554 3677 4607 δέ
3697 4554 3965 4612 θάλασσαν
3978 4558 4088 4630 (15)

914 4740 971 4796 ἧς
1001 4733 1062 4788 Ρ.
1092 4733 1196 4788 527
1221 4732 1331 4786 ED.
1389 4730 1683 4796 POTTER,
1742 4733 1846 4786 410
1869 4732 1975 4785 ED.
2029 4731 2250 4785 PABIS.
2335 4747 2361 4774 ι
2398 4736 2585 4789 Matth.
2622 4749 2676 4798 ν,

2040 4731 2250 4785 PARIS.
2335 4747 2361 4774 ι
2398 4736 2585 4789 Matth.
2622 4749 2676 4798 ν,
2708 4731 2823 4789 25;
2862 4729 2993 4785 Luc.
3056 4747 3153 4796 xu,
3209 4731 3297 4785 58.
3367 4731 3393 4769 δ
3424 4729 3610 4784 Matth.
3639 4747 3689 4795 ν,
3729 4732 3811 4788 16.

908 4874 988 4943 (3)
1020 4867 1140 4943 Οζς.
1164 4872 1273 4943 ζ’ος
1302 4871 1495 4941 legisse
1536 4870 1751 4943 videtur
1780 4867 2176 4943 Theodorct_us.

914 4939 1122 5011 (4),”.
1156 4939 1506 5009 Supervacua
1540 4948 1645 4995 est.
1680 4940 1946 4995 Summo.
1979 4970 2048 4980 ——
2073 4939 2249 4994 Scribi
2283 4956 2412 5011 pos-

841 5009 933 5077 sit,
961 5009 1042 5074 οἷς
1072 5010 1135 5080 δὴ
1159 5013 1251 5064 καὶ
1282 5012 1440 5064 πάντ.

911 5085 987 5154 (5)
1017 5077 1350 5148 Ἀντιτάξας
1371 5081 1547 5149 ἡμᾶς.
1575 5077 2027 5150 Ἀντιταξάμενος
2053 5078 2229 5150 ἡμῶν.
2248 5079 2421 5137 Theo-

840 5157 1116 5294 ἀοῖἓξίςις
1146 5222 1416 5277 ἐκδικίαν
1466 5222 1572 5274 τοῦ
1623 5222 1873 5291 Πατρός.
1932 5219 2049 5275 Hoc
2089 5224 2420 5276 commation

842 5295 1163 5351 Theodoreti
1196 5294 1487 5359 interpres.

910 5365 1192 5437 (Ἰμφαονι.
1218 5357 1716 5437 φησίξῐιιεοόοιει.
1735 5364 1801 5418 ad
1815 5360 2427 5433 sequentia,Clementis
2529 5357 2771 5437 an._'v1,
2807 5363 2896 5437 Ξῖ,
2926 5361 3030 5437 (ἓὸξ
3065 5358 3187 5437 dein

839 5439 903 5493 ad
918 5431 1292 5506 'p’mcedentia'
1321 5431 1503 5487 refert.

916 5501 992 5577 (8)
1033 5504 1533 5577 (Iapet.ltjgaysr._
1567 5501 1792 5577 Nempe
1822 5519 1853 5557 a
1898 5502 2411 5577 Qhri_sto_dicente:

851 5571 984 5631 ’Λπδ
1006 5574 1117 5628 τῶν
1145 5571 1575 5644 καρπῶναὺτῶν
1600 5571 1966 5641 ἐπιγνώσεσθε
1989 5571 2201 5637 αὐτούς,
2220 5573 2410 5627 Matth.

841 5645 1042 5707 vn,i6.

912 5716 987 5779 (9)
1026 5713 1158 5782 Πῶς
1183 5713 1296 5786 ίέτι.
1345 5715 1450 5786 Δὴ,
1481 5714 1580 5786 vel_
1597 5729 1898 5786 synonyma
1925 5707 2039 5777 οὖν,
2075 5713 2298 5779 inserta,
2331 5714 2410 5768 le-

838 5787 1072 5854 gendum
1106 5781 1338 5845 videtur,
1375 5781 1490 5854 πῶς
1523 5781 1790 5837 οὖν’ἐτι..ζ
1826 5783 2086 5854 Sanunc.

911 5853 1019 5922 (1θ)
1060 5852 1500 5921 Συναναιρεῖται
1550 5854 1656 5923 mp
1702 5854 1784 5919 τῷ
1832 5852 1993 5919 κακῷ
2037 5856 2133 5907 καὶ
2181 5855 2248 5908 τὸ
2279 5854 2406 5907 δέν,

840 5923 1006 5990 ἄρον.
1041 5923 1210 5979 «Malo
1243 5926 1386 5979 enim
1416 5923 1646 5989 sublato,
1669 5926 1878 5980 tollitur
1901 5926 2127 5986 arbor,»
2148 5941 2178 5978 e
2206 5939 2317 5992 quo
2350 5923 2403 5976 id

840 5996 1085 6058 nascitur
1113 6013 1125 6048 :
1153 6009 1214 6048 ac
1238 5993 1466 6066 proinde
1497 5993 1542 6048 si
1573 5996 1779 6050 nullum
1807 5997 1880 6052 sit
1908 5997 2130 6061 malum,
2163 5994 2409 6064 sequitur

2523 4871 2735 4926 nullum
2784 4885 2902 4924 esse
2956 4868 3281 4937 principium
3333 4867 3445 4937 Deo
3497 4868 3639 4921 bono
3689 4869 4081 4926 adversarium.

2524 4942 2850 5008 Respexisse
2883 4936 3062 4993 autem
3100 4939 3324 5008 videtur
3349 4936 3551 5008 Matth:
3566 4955 3662 5005 vn,
3688 4939 3777 5001 17,
3803 4939 3890 4995 18.

2596 5007 2707 5081 (11)
2740 5010 2809 5065 Τὸ
2842 5010 3108 5076 πονηρὸν
3136 5007 3476 5081 ἐῖυπᾴρξει.
3509 5007 3603 5081 γει
3637 5009 3817 5081 divise,
3835 5013 3895 5081 ἐν
3925 5011 4092 5079 ὑπάρ-

2526 5077 2624 5146 ξει,
2666 5077 2767 5134 (in
2799 5082 3055 5135 essentia.
3094 5098 3144 5148 »Π
3160 5077 3432 5132 Putabant
3462 5080 3605 5133 enim
3637 5080 3899 5145 haeretici,
3939 5077 4086 5148 prin—

2523 5153 2723 5220 cipium
2758 5152 2912 5214 illud,
2946 5149 3094 5219 quod
3120 5147 3231 5200 Deo
3258 5159 3599 5219 repugnaret,
3634 5164 3758 5204 esse
3801 5169 3820 5201 ι
3851 5147 4084 5204 essentia

2526 5222 2819 5360 ma(llu2l;LT:l
2860 5289 3079 5358 μισεῖν.
3136 5286 3377 5409 Respicit
3421 5289 3608 5345 Matth.
3641 5308 3692 5355 ν,
3723 5289 3823 5351 45,
3850 5286 3952 5350 44,
4003 5284 4086 5335 vel

2529 5360 2661 5414 an.
2699 5379 2771 5414 γι.
2807 5363 2896 5414 '27.
2926 5361 3030 5414 ‘28:
3065 5358 3187 5411 dein
3218 5357 3247 5410 ὑ
3271 5360 3404 5414 atth.
3434 5361 3596 5414 v.25.
3616 5358 3849 5414 velLuc.
3871 5371 3969 5414 xu,
3995 5354 4083 5407 58.

3271 5372 3404 5414 atth.
3434 5378 3487 5424 ν,
3505 5372 3596 5422 ⁸25,
3616 5372 3699 5414 vel
3718 5372 3849 5411 Luc.
3871 5372 3969 5419 XII,
3995 5372 4083 5407 an.

2596 5432 2706 5497 (l5)
2741 5436 2815 5486 Tit
2842 5428 3049 5498 ἀγαθά.
3106 5428 3289 5483 Matth.
3321 5446 3373 5493 ν,
3400 5432 3503 5484 16ε
3541 5431 3695 5484 Οὕτω
3729 5424 3995 5498 λαμψάτω
4028 5424 4087 5475 τὸ

2520 5493 2635 5572 φῶς
2664 5493 2814 5571 ὑμῶν
2860 5493 3165 5572 ἔμπροσθεν
3210 5500 3315 5553 τῶν
3344 5500 3665 5572 ἀνθρώπων,
3701 5493 3848 5557 ὃτανς
3875 5493 4085 5548 εἴδωσιν

2520 5571 2670 5640 ὑμῶν
2698 5573 2765 5623 τά
2797 5571 2934 5625 καλά
2965 5571 3116 5640 ἐργα.

2587 5642 2697 5710 (li)
2742 5646 2822 5693 In)
2851 5634 3365 5707 παιδοερθορήσεις.
3386 5640 3690 5710 (ῖοηΐειιιιαι
3721 5635 3969 5705 superius
4001 5634 4086 5690 div~

2513 5708 2602 5767 cta'
2630 5708 2756 5765 sunt
2789 5711 2852 5764 ad
2887 5710 3150 5777 Protrcpt.
3190 5727 3243 5779 p.
3268 5711 3338 5764 67
3364 5712 3494 5765 edit.
3530 5708 3709 5761 Paris.

2580 5782 2692 5851 (15)
2743 5779 2942 5853 Buchr
2980 5779 3046 5853 δὲ
3075 5774 3438 5853 ’1)ίίλὶλονο-ιῃξἈ
3478 5779 3691 5833 Poetice
3722 5776 3945 5832 dictum.
3984 5774 4086 5853 Ly.

2516 5854 2755 5921 cophron
2786 5850 3101 5904 Cussundrm
3133 5867 3281 5906 vers.
3309 5850 3445 5903 1414
3472 5867 3481 5897 :

3003 5921 3085 5986 Τῷ
3114 5921 3397 5975 θάλασσα
3426 5920 3540 5985 μὲν
3571 5917 3730 5985 ,βατὴ

2621 5990 2776 6057 Πεζῷ
2808 5992 2934 6042 πίστ’
2960 5993 3127 6046 ἔσται
3148 6030 3162 6054 ,
3198 5986 3274 6055 τῇ
3304 5989 3371 6041 δὲ
3396 5988 3937 6058 ιἰιινσθιιωθιξσετσι.
