4484 6586
415 448 541 503 Mil

1677 442 1758 495 ST
1769 442 2109 500 ROMATUM
2140 442 2269 497 LIB.
2329 441 2413 496 ΙΙΙ.

3518 437 3651 492 illi

408 560 703 639 ἐργάζεσθε
731 599 747 623 ,
799 559 1044 633 καθάπερ
1092 566 1137 616 οί
1196 565 1293 629 τὰς
1352 562 1591 632 ἱστορίας
1648 564 1981 636 συνταξάμε-
2011 570 2055 624 Α
2085 578 2179 632 pru

1886 582 1981 636 με-
2011 570 2055 624 Α
2085 578 2243 632 prum
2291 579 2459 632 puero
2508 577 2616 615 non
2646 559 2867 625 inferes,
2903 579 2920 610 ι
2950 569 3003 614 ct
3030 574 3365 630 quaecunque
3390 558 3455 612 ad
3480 556 3656 611 conti-

406 674 489 713 νοι
543 652 689 725 (16),
737 650 825 703 τὸν
889 651 1160 727 βάρϐαρον
1216 655 1470 723 ἐθελῆσαι
1512 652 1749 725 Ξέρξην;
1814 658 1878 711 Τί
1934 658 1979 710 δ’

405 746 525 817 οὐχὶ
580 744 781 807 πάσαις
838 748 960 810 ταῖς
1021 749 1259 813 ἐντολαῖς
1307 746 1729 813 ἀντιτάσσεσθες
1784 750 1980 802 Εἰπόν-

404 851 496 897 τος
534 832 685 904 γάρ,
742 853 761 885 ‹
827 837 1127 902 Αὐξάνεσθε
1177 838 1270 891 καὶ
1324 834 1699 906 πληθύνεσθε,
1754 859 1772 891 ι
1837 840 1981 910 ὑμᾶς

405 926 532 989 τοὺς
570 926 991 1000 ἀντιταγμένους
1045 931 1213 1001 ἐχρῆν
1256 927 1499 999 μηδόλως
1548 932 1800 1002 συνουσίᾳ
1848 930 1981 1003 Χρῆ·

412 1016 551 1069 σθαι.
582 1018 691 1071 Καὶ
710 1020 973 1085 εἰπόντος,
998 1041 1015 1073 ι
1052 1020 1412 1089 Ἔδωκαύμῖν
1432 1020 1607 1075 πάντα
1632 1024 1711 1085 είς
1735 1021 1941 1093 τροφάς
1958 1038 1974 1070 ι

410 1110 503 1162 καὶ
555 1112 876 1176 ἀπολαύσεις
903 1153 917 1176 ,
974 1113 1117 1182 ὑμᾶς
1165 1109 1331 1180 ἐχρῆν
1389 1110 1611 1181 μηδενὸς
1667 1110 1975 1165 ἀπολαύειν.

419 1200 575 1255 Ἀλλά
599 1203 723 1268 καὶ,
763 1223 781 1256 ι
830 1200 1135 1272 Ὀφθαλμὸν
1160 1199 1280 1252 ἀντὶ
1305 1200 1604 1271 ὀφθαλμοῦ,
1644 1222 1662 1253 ›
1705 1202 1975 1268 λέγοντος,

406 1293 551 1364 ὑμᾶς
578 1297 744 1369 ἐχρῆν
773 1297 847 1368 μὴ
878 1292 1184 1350 ἀποδιδόναι
1218 1293 1489 1359 ἀντίταξιν
1535 1291 1835 1357 ἀντιτάξει·
1886 1293 1978 1345 καὶ

402 1386 493 1438 τὸν
525 1387 763 1459 κλέπτην
784 1385 1134 1445 κελεύσαντος
1176 1402 1194 1433 ι
1232 1384 1566 1454 τετραπλοῦν
1606 1402 1623 1433 ι
1647 1381 1974 1444 ἀποδιδόναι,

403 1475 545 1546 ὑμᾶς
586 1478 752 1549 ἐχρῆν
790 1476 885 1530 καὶ
929 1473 1248 1545 προσδοῦναι
1292 1474 1368 1545 τῷ
1400 1475 1641 1543 κλέπτῃ·
1688 1472 1886 1542 ὁμοίως
1916 1489 1974 1524 τε

400 1561 465 1618 αὖ
505 1567 597 1620 καὶ
626 1570 715 1637 τῇ,
754 1584 772 1618 ι
816 1564 1146 1634 Ἀγαπήσεις
1169 1566 1259 1619 τὸν
1287 1567 1511 1638 Κύριον,
1562 1586 1579 1615 ι
1618 1566 1804 1637 ἐντολῇ
1837 1568 1977 1620 ἀντι-

398 1658 781 1727 ταττομένους,
837 1655 942 1708 ἔδει
993 1654 1115 1708 οὔτε
1160 1658 1250 1710 τὸν
1300 1657 1435 1711 ὅλων
1480 1657 1614 1709 Θεὸν
1666 1659 1969 1728 ἀγαπῆσαι.

401 1748 510 1801 Καὶ
552 1747 731 1812 πάλιν,
767 1744 1034 1809 εἰπόντος,
1077 1765 1095 1797 ι
1147 1748 1220 1800 Οὐ
1269 1749 1513 1818 ποιήσεις
1556 1746 1811 1815 γλυπτὸν,
1856 1749 1973 1800 οὐδὲ

399 1839 664 1907 χωνευτὸν
684 1877 697 1900 ,
735 1838 878 1907 ὑμᾶς
922 1836 1213 1891 ἀκόλουθον
1242 1835 1311 1909 ἦν
1344 1840 1436 1891 καὶ
1461 1838 1527 1891 τά
1563 1839 1774 1906 γλυπτά
1808 1856 1974 1911 προσ-

2088 653 2327 707 nentiam
2377 651 2687 713 conferunt,
2736 650 3035 706 dissolvere
3076 647 3371 711 conamini,
3436 657 3654 716 propter

2084 754 2318 799 vestram
2365 743 2841 813 intemperantiam
2884 760 2899 796 :
2946 756 3054 796 non
3105 738 3403 796 dissolvitis
3452 746 3653 803 autem,

2084 850 2205 903 qua:
2252 836 2321 889 ab
2371 835 2490 905 ipso
2512 833 2591 898 ﬁt,
2645 833 2899 895 hiemem,
2944 838 3005 885 ut
3045 831 3221 885 media
3271 829 3450 884 adhuc
3480 827 3657 881 hieme

2083 936 2321 982 aestatem
2350 926 2604 988 faciatis;
2652 941 2825 994 neque
2857 937 3059 980 terram
3092 924 3472 993 navigabilem,
3507 934 3659 973 mare

2082 1029 2260 1073 autem
2304 1019 2535 1088 pedibus
2583 1018 2849 1087 pervium,
2899 1017 3106 1083 facitis,
3164 1016 3342 1084 utqui
3398 1011 3659 1068 historias

2080 1112 2524 1180 composuerunt,
2569 1108 2867 1162 barbarum
2909 1109 3139 1161 Xerxem
3190 1105 3378 1160 dicunt
3421 1105 3658 1159 voluisse

2082 1200 2295 1256 facere?
2322 1200 2433 1255 Cur
2468 1214 2598 1253 vero
2625 1214 2732 1252 non
2769 1198 3022 1252 omnibus
3070 1196 3352 1266 praeceptis
3380 1210 3652 1266 repugnas

2080 1291 2186 1345 tis?
2237 1292 2371 1346 Nam
2404 1307 2527 1346 cum
2560 1290 2651 1343 ille
2672 1289 2818 1342 dicat
2846 1306 2861 1355 ;
2928 1308 2946 1340 ι
2986 1288 3226 1344 Crescite
3251 1296 3304 1342 et
3329 1285 3657 1355 multiplica-

2082 1382 2284 1445 minil,
2335 1402 2352 1433 ι
2388 1391 2659 1452 oporteret
2689 1386 2746 1444 ὦ
2777 1397 2895 1444 vos,
2939 1382 3031 1452 qui
3070 1380 3459 1447 adversamini,
3507 1380 3657 1435 nullo

2081 1475 2243 1528 modo
2274 1475 2351 1528 uti
2384 1476 2551 1529 coitu.
2610 1472 2675 1527 Et
2698 1491 2821 1529 cum
2846 1474 2985 1528 dixit
3026 1491 3039 1525 :
3083 1491 3101 1522 ι
3134 1471 3259 1526 Dedi
3293 1473 3444 1527 vobis
3469 1474 3657 1529 omnia

2078 1568 2144 1621 ad
2180 1566 2507 1620 vescendum
2535 1565 2563 1604 δ
2597 1585 2614 1617 ι
2648 1577 2702 1620 et
2730 1565 3043 1628 fruendum,
3064 1578 3161 1618 vos
3188 1564 3337 1619 nullo
3367 1565 3472 1620 frui
3496 1581 3657 1636 opor-

2078 1659 2201 1712 tuit.
2230 1657 2542 1722 Quinetiam
2561 1672 2627 1709 eo
2646 1656 2858 1709 dicente
2888 1674 2899 1707 ε
2939 1674 2955 1704 ι
2980 1653 3207 1708 Oculum
3238 1670 3338 1724 pro
3363 1656 3522 1710 oculo
3544 1668 3596 1721 ε,
3628 1675 3648 1709 ι

2078 1752 2322 1822 oportuit
2368 1764 2467 1803 vos
2509 1748 2931 1802 decertationem
2986 1746 3258 1801 contraria
3307 1761 3414 1800 non
3460 1763 3651 1816 repen-

2078 1841 2206 1895 dere
2258 1838 2647 1895 decertatione.
2693 1836 2757 1890 Et
2785 1852 2912 1895 cum,
2959 1834 3133 1889 iurem
3176 1835 3401 1904 jusserit
3431 1838 3652 1893 reddere

402 1906 597 1981 κυνεῖν.
646 1906 893 1991 Πῶςοῦν
939 1929 1037 1981 οὐκ
1065 1906 1340 1992 ἀσεϐεῖτε,
1377 1930 1813 2001 ἀντιτασσόμενοι
1849 1906 1970 2001 μὲν,
2005 1906 2046 1960 Β
2082 1952 2098 1982 ε
2139 1949 2171 2002 q

1882 1931 1970 1992 ἐν,
2005 1906 2046 1960 Β
2082 1952 2098 1982 ι
2139 1931 2503 2002 quadruplum
2535 1930 2588 1997 δ,
2628 1950 2647 1981 ι
2685 1930 2927 2000 Oportuit
2960 1942 3057 1981 vos
3109 1926 3214 1980 furi
3250 1928 3453 1996 aliquid
3490 1928 3653 1982 etiam

400 2020 474 2082 ὣς
508 2035 672 2088 φατε,
714 2017 791 2088 τῷ
826 2019 1172 2090 Δημιουργῷ,
1210 2020 1277 2098 τά
1310 2020 1365 2072 δὲ
1400 2022 1557 2090 ὃμοια
1599 2024 1716 2083 ταῖς
1744 2021 1971 2091 πόρναις

400 2112 628 2174 καὶτοῖς
657 2115 862 2182 μοιχοῖς
886 2110 1255 2182 ἐζηλωκότες;
1290 2113 1412 2177 Πῶς
1436 2114 1493 2168 δὲ
1523 2116 1621 2167 οὐκ
1654 2112 1972 2167 αἰσθάνεσθε

403 2200 953 2270 μείζονα-ποιοῦντες,
999 2202 1057 2254 ὃν
1093 2202 1167 2266 ὡς
1208 2204 1408 2273 ἀσθενῆ
1453 2203 1734 2273 νομίζετε;
1774 2203 1969 2273 Εἴπερ,

398 2291 427 2341 ὂ
462 2290 723 2358 βούλεται,
775 2291 932 2345 τοῦτο
974 2292 1202 2362 γίνεται,
1250 2293 1363 2346 ἀλλ’
1414 2295 1533 2364 οὐχὶ
1587 2295 1781 2354 ἐκεῖνο,
1838 2292 1974 2362 ὅπερ

398 2382 660 2453 ἠθέλησεν
688 2386 715 2436 ό
748 2383 968 2453 ἀγαθός.
1010 2384 1281 2454 Ἔμπαλιν
1314 2385 1418 2453 γὰρ
1444 2383 1673 2453 ἀσθενὴς
1705 2382 1974 2439 δείκνυται

398 2492 515 2539 πως
549 2475 699 2545 ὑμῶν
722 2475 896 2528 αὐτῶν
927 2476 1033 2546 (l7)
1070 2478 1098 2528 ὁ
1129 2476 1408 2546 ὑμέτερος,
1448 2475 1525 2537 ὥς
1558 2491 1692 2543 φατε
1721 2512 1735 2537 ,
1763 2474 1970 2544 πατήρ.

414 2566 790 2634 Ἀναλέγονται
823 2567 880 2619 δὲ
916 2567 1007 2618 καὶ
1040 2559 1184 2618 οῦτοι
1212 2566 1274 2617 ἐκ
1303 2583 1461 2618 τινων
1500 2562 1851 2634 προφητικῶν
1881 2580 1975 2615 πε-

401 2658 641 2728 ρικοπῶν
675 2657 851 2721 λέξεις
885 2657 1330 2727 ἀπανθισάμενοι,
1373 2658 1465 2709 καὶ
1505 2654 1975 2723 συγκαττύσαντες

399 2749 603 2813 κακῶς,
649 2750 767 2802 κατ’
804 2749 1130 2820 ἀλληγορίαν
1173 2749 1499 2819 εἰρημένας,
1548 2747 1606 2812 ἐξ
1644 2747 1852 2810 εὐθείας
1883 2748 1975 2799 λα-

398 2842 604 2904 ϐόντες.
641 2841 951 2913 Γεγράφθαι
970 2842 1077 2912 γάρ
1105 2858 1266 2911 φησιν
1291 2858 1302 2869 ·
1350 2860 1367 2890 ι
1418 2842 1778 2911 Ἀντέστησαν
1832 2841 1969 2910 Θεῷ,

402 2938 493 2990 καὶ
523 2936 822 3007 ἐσώθησαν.
856 2955 875 2987 ο
906 2937 966 2989 Οἱ
995 2937 1050 2988 δὲ
1080 2938 1173 2997 καὶ
1204 2954 1222 2987 ι
1252 2936 1341 3007 Τῷ
1366 2936 1572 2989 ἀναιδεῖ
1600 2935 1717 3006 Θεῷ
1758 2954 1775 2986 ι
1812 2953 1974 3005 προσ-

398 3029 635 3080 τιθέασι·
669 3028 909 3099 δέχονται
934 3028 991 3081 δὲ
1020 3028 1095 3091 ὡς
1123 3028 1312 3099 βουλὴν
1338 3028 1793 3101 παρηγγελμένην
1810 3028 1869 3079 τὸ
1890 3027 1973 3079 λό-

398 3137 513 3186 γιον
544 3119 719 3183 τοῦτο,
764 3120 855 3172 καὶ
899 3121 1170 3191 σωτηρίαν
1216 3121 1365 3188 σφίσι
1400 3120 1786 3186 λογίζονται,τὸ
1821 3118 1970 3172 ἀνθί-

2075 2029 2292 2082 addere.
2357 2026 2567 2082 Rursus
2618 2041 2745 2079 vcro
2797 2025 3065 2087 similiter,
3126 2039 3249 2077 cum
3303 2034 3573 2093 przecepto
3638 2043 3651 2078 :

2080 2138 2098 2168 ι
2138 2117 2338 2186 Diliges
2382 2115 2552 2171 Deum
2602 2124 2754 2169 tuum
2787 2130 2853 2169 cx
2890 2124 3003 2168 toto
3023 2115 3187 2169 corde
3215 2124 3309 2168 tuo
3342 2125 3391 2177 ο,
3437 2134 3457 2167 ι
3491 2130 3655 2183 repu-

2074 2209 2271 2279 gnetis,
2336 2208 2576 2278 oportuit
2631 2220 2729 2260 nec
2782 2203 3159 2258 universorum
3218 2203 3435 2274 quidem
3486 2203 3656 2258 Deum

2074 2298 2317 2368 diligere.
2378 2296 2444 2350 Et
2496 2310 2722 2357 rursus.
2790 2308 2913 2348 cum
2968 2292 3164 2347 dixerit
3212 2313 3223 2345 :
3288 2291 3455 2346 «Non
3487 2291 3655 2349 facies

2074 2388 2321 2458 sculptile
2352 2403 2525 2458 neque
2555 2386 2714 2441 fusile
2747 2383 2795 2450 ί,
2831 2404 2849 2436 ι
2895 2399 3239 2455 consequens
3260 2394 3381 2439 erat
3403 2397 3460 2439 ut
3485 2386 3647 2440 etiam

2076 2481 2349 2550 sculptilia
2381 2480 2701 2534 adoraretis.
2752 2477 3039 2543 Quomodo
3084 2494 3215 2547 ergo
3249 2492 3355 2531 non
3379 2478 3543 2547 impie
3564 2476 3649 2531 fa-

2076 2574 2230 2638 citis,
2271 2573 2365 2642 qui
2410 2571 2654 2626 Creatori
2697 2570 2950 2639 quidem,
2998 2578 3057 2621 ut
3094 2569 3307 2634 dicitis,
3350 2570 3647 2632 resistitis;

2075 2682 2199 2735 quae
2244 2673 2373 2719 sunt
2410 2671 2591 2717 autem
2636 2658 3014 2715 meretricibus
3057 2670 3110 2714 et
3141 2661 3401 2716 adulteris
3431 2661 3655 2726 similia,

2078 2756 2401 2812 sectamini?
2443 2753 2728 2821 Quomodo
2767 2763 2947 2807 autem
2996 2769 3103 2808 non
3153 2753 3365 2807 sentitis
3396 2768 3493 2808 vos
3521 2768 3648 2807 eum

2078 2850 2339 2918 majorem
2382 2846 2581 2911 facere,
2636 2862 2795 2915 quem
2848 2860 2946 2916 pro
2993 2846 3262 2900 imbecillo
3308 2846 3549 2912 habetis;
3605 2852 3653 2904 si

2076 2943 2293 3013 quidem
2344 2942 2399 2997 id
2449 2942 2528 3005 tit,
2579 2940 2725 3009 quod
2780 2938 2869 2994 hic
2916 2938 3063 3005 vult;
3120 2954 3227 2993 non
3272 2950 3456 2993 autem
3498 2939 3653 3002 illud,

2075 3037 2219 3104 quod
2248 3034 2419 3087 voluit
2442 3032 2653 3087 bonus?
2687 3042 2877 3086 contra
2908 3031 3053 3085 enim
3081 3030 3387 3086 ostenditur
3413 3033 3653 3102 quodam

2076 3128 2238 3181 modo
2267 3142 2298 3180 a
2325 3124 2480 3181 vobis
2508 3123 2664 3193 ipsis,
2690 3122 3023 3177 imbecillum
3053 3137 3194 3186 esse,
3226 3137 3388 3193 quem
3416 3133 3653 3177 vestrum

400 3210 622 3264 στασθαι
670 3210 745 3281 τῷ
782 3210 1123 3283 Δημιουργῷ.
1159 3230 1176 3261 ι
1220 3210 1308 3279 Τῷ
1349 3230 1366 3261 ι
1415 3212 1513 3281 μὲν
1566 3206 1656 3262 οὖν
1699 3228 1713 3258 ι
1769 3209 1974 3263 ἀναιδεῖ
1997 3246 2041 3304 C
2072 3227 2171 3287 par

1884 3209 1974 3263 ιδεῖ
1997 3246 2041 3304 C
2072 3227 2280 3287 patrem
2323 3215 2525 3270 dicitis.
2568 3211 2873 3268 Recensent
2908 3214 3071 3267 etiam
3111 3229 3173 3267 cx
3206 3213 3539 3282 quibusdam
3576 3215 3655 3268 lo-

399 3303 516 3374 Θεῷ
557 3326 574 3352 ι
610 3305 669 3355 οὺ
698 3303 1036 3373 γέγραπται·
1074 3304 1135 3354 Εἰ
1174 3302 1230 3353 δὲ
1272 3304 1366 3353 καὶ
1398 3300 1567 3362 οῦτως
1595 3300 1727 3368 ἔχοι,
1759 3302 1849 3353 τὸν
1880 3319 1971 3354 κε-

399 3396 667 3465 κλημένον
700 3394 964 3459 διάϐολον,
1018 3388 1063 3447 ὦ
1106 3395 1344 3465 ἀνόητοι,
1386 3392 1712 3458 ἐξακούσατε
1757 3394 1967 3463 ἀναιδῆ,

400 3488 432 3557 ἢ
462 3488 535 3550 ὡς
560 3486 907 3541 ὃιξϐάλλοντα
942 3485 1049 3555 (18)
1087 3486 1177 3537 τὸν
1210 3484 1496 3557 ἄνθρωπον
1519 3524 1532 3547 ,
1569 3485 1602 3553 ἢ
1634 3483 1709 3545 ὡς
1740 3485 1971 3554 κατήγο-

406 3596 493 3652 ρον
528 3577 635 3629 τῶν
676 3578 1130 3649 ἁμαρτανόντων,
1178 3576 1210 3645 ἢ
1243 3575 1316 3637 ὡς
1350 3576 1680 3645 ἀποστάτην.
1744 3578 1800 3629 '0
1844 3576 1971 3644 γοῦν

400 3667 544 3729 λαὸς,
582 3667 663 3734 ἐφ’
702 3659 762 3716 οὗ
804 3665 1017 3735 εἴρηται
1056 3668 1087 3736 ἡ
1125 3665 1417 3736 περικοπή,
1466 3667 1840 3736 παιδευόμενοι
1886 3669 1970 3734 ἐφῗ

400 3753 480 3820 οἷς
523 3758 765 3831 ἥμαρτον
810 3757 1021 3828 βαρέως
1070 3758 1348 3828 φέροντες,
1401 3759 1493 3810 καὶ
1534 3759 1829 3823 στένοντες,
1876 3758 1975 3811 διε-

401 3848 666 3919 γόγγυζον
714 3851 812 3919 τὴν
868 3851 1163 3921 εἰρημένην
1218 3849 1392 3914 λέξιν·
1445 3852 1527 3904 ὅτι
1568 3851 1636 3904 τά
1696 3851 1793 3921 μὲν
1841 3850 1973 3913 ἄλλα

404 3940 529 4011 ἔθνη
578 3941 993 4013 παρανομοῦντα
1038 3944 1095 3993 ού
1141 3942 1468 4006 κολάζεται,
1510 3944 1662 3997 αὐτοὶ
1710 3944 1766 3997 δὲ
1824 3945 1973 4015 μόνοι

402 4032 533 4103 παρ’
579 4032 784 4085 ἕκαστα
826 4032 1167 4086 κολούονται·
1208 4034 1283 4096 ὡς
1316 4036 1411 4086 καὶ
1453 4035 1719 4105 Ἰερεμίαν
1756 4037 1973 4107 εἰρηκέ-

402 4139 517 4176 ναι·
561 4143 579 4173 ι
617 4124 713 4177 Διά
750 4123 802 4175 τί
846 4124 958 4194 (19)
991 4124 1105 4187 ὁδὸς
1144 4124 1355 4178 ἀσεϐῶν
1387 4126 1698 4190 εύοδοῦται;
1736 4147 1755 4178 ι
1790 4128 1973 4197 ὅμοιον

401 4217 572 4287 τούτῳ
595 4216 655 4269 τὸ
686 4215 835 4287 παρὰ
865 4216 942 4285 τῷ
972 4216 1225 4288 Μαλαχία
1248 4218 1308 4269 τὸ
1342 4219 1755 4288 προειρημένον.
1791 4238 1808 4269 ι
1859 4221 1973 4272 Ἀν-

401 4308 668 4377 τέστησαν
692 4307 831 4378 Θεῷ,
855 4308 948 4361 καλ⁵
975 4307 1280 4377 ἐσώθησαν·
1302 4310 1753 4378 χρηματιζόμενοι
1786 4310 1892 4380 γὰρ
1924 4314 1970 4362 οἱ

404 4399 698 4469 προφῆται,
738 4400 798 4451 οὐ
842 4400 1001 4470 μόνον
1044 4398 1165 4450 τινὰ
1214 4397 1429 4451 ἀκούειν
1457 4398 1668 4466 λέγουσι
1699 4398 1844 4469 παρά
1876 4399 1968 4450 τοῦ

400 4489 558 4553 Θεοῦ,
594 4490 727 4543 ἀλλά
759 4492 852 4544 καὶ
884 4493 1036 4544 αὐτοὶ
1074 4491 1474 4559 διαγγέλλοντες
1504 4490 1801 4542 δείκνυνται
1830 4491 1968 4543 κατὰ

2076 3308 2156 3362 cis
2177 3306 2510 3377 propheticis
2541 3305 2823 3372 decerptas
2856 3304 3143 3367 dictiones,
3181 3313 3235 3358 et
3260 3306 3401 3360 male
3426 3321 3653 3360 consar-

2074 3400 2305 3461 cinatas,
2351 3412 2473 3466 qua:
2519 3396 2806 3465 allegorice
2846 3396 2991 3449 dicta
3034 3404 3162 3449 sunt
3213 3404 3473 3465 tanquam
3510 3408 3655 3451 recto

2074 3490 2241 3542 ductu
2273 3497 2328 3541 et
2344 3488 2478 3543 citra
2512 3490 2739 3557 figuram
2772 3488 2914 3541 dicta
2950 3496 3242 3542 sumentes.
3287 3486 3485 3542 Dicunt
3510 3491 3653 3543 enim

2072 3579 2333 3645 scriptum
2388 3592 2547 3631 esse:
2586 3596 2604 3627 ι
2660 3575 2769 3631 Deo
2824 3578 3158 3639 restiterunt,
3216 3590 3268 3631 et
3336 3578 3473 3631 salvi
3526 3577 3654 3631 facti

2073 3680 2202 3724 sunt
2234 3672 2258 3709 ε
2293 3689 2304 3722 :
2340 3687 2359 3720 ι
2399 3668 2476 3722 illi
2506 3677 2686 3723 autem
2722 3688 2741 3720 ι
2780 3669 2889 3724 Deo
2922 3671 3219 3739 impudenti
3258 3690 3276 3721 ι
3314 3670 3555 3735 addunt;
3603 3684 3659 3727 et

2074 3760 2177 3815 hoc
2201 3760 2481 3830 eloquium
2529 3769 2785 3829 tanquam
2820 3761 3111 3815 consilium
3150 3770 3478 3830 praeceptum
3511 3762 3657 3816 acci-

2073 3852 2231 3922 piunt
2255 3872 2267 3908 :
2297 3863 2352 3909 et
2371 3854 2474 3908 hoc
2500 3853 2567 3907 ad
2593 3852 2822 3908 salutem
2852 3852 3107 3913 conferre
3142 3854 3480 3920 existimant,
3508 3855 3652 3923 quod

2072 3946 2317 4001 Creatori
2344 3945 2616 4001 resistant.
2658 3943 2727 3998 At
2762 3962 2778 3995 ι
2805 3943 3105 4013 impudenti
3132 3965 3151 3996 ι
3188 3945 3410 4014 quidem
3436 3963 3456 3996 ι
3481 3943 3646 4007 Deo,»

2074 4056 2183 4095 non
2228 4049 2313 4096 est
2356 4042 2639 4110 scriptum.
2700 4036 2757 4091 Si
2807 4046 2988 4095 autem
3038 4040 3118 4093 sic
3170 4054 3390 4109 quoque
3432 4040 3649 4106 habeat,

2072 4149 2221 4198 eum,
2256 4134 2351 4203 qui
2376 4142 2602 4188 vocatus
2622 4143 2705 4187 est
2729 4132 3001 4197 diabolus,
3049 4132 3331 4203 intelligite
3362 4132 3647 4203 impuden-

2074 4238 2179 4281 tem
2227 4246 2238 4279 :
2276 4226 2361 4280 vel
2407 4226 2551 4295 quod
2605 4224 2880 4280 hominem
2931 4226 3227 4281 calumniis
3270 4226 3511 4294 impetat,
3572 4226 3654 4281 vel

2071 4319 2215 4387 quod
2268 4328 2488 4373 accuset
2532 4327 2883 4386 peccatores,
2945 4318 3028 4371 vel
3076 4316 3221 4386 quod
3264 4316 3335 4371 sit
3380 4325 3652 4385 apostata.

2070 4406 2311 4478 Populus
2355 4425 2505 4479 ergo,
2557 4409 2625 4464 de
2674 4424 2784 4479 quo
2818 4410 2923 4463 hoc
2951 4409 3153 4462 dictum
3183 4417 3287 4471 est,
3335 4423 3457 4461 cum
3491 4408 3657 4463 casti-

2071 4510 2287 4570 garetur
2330 4512 2549 4569 propter
2595 4516 2693 4554 sua
2735 4508 2974 4568 peccata,
3021 4512 3163 4566 aegre
3216 4495 3452 4552 ferentes
3488 4506 3538 4552 et
3563 4512 3655 4567 ge-

403 4581 779 4653 ἀνθυποφοράν
804 4584 872 4636 τὰ
902 4584 1037 4655 πρὸς
1066 4583 1157 4635 τοῦ
1184 4581 1312 4635 λαοῦ
1342 4580 1726 4651 θρυλλούμενα,
1759 4582 1970 4645 ὠςὲπι-
2005 4603 2046 4656 ι)
2077 4604 2174 4644 me.

1884 4600 1970 4635 πι-
2005 4603 2046 4656 ι)
2077 4598 2306 4654 mentes,
2357 4590 2444 4644 bis
2471 4590 2671 4654 verbis,
2700 4604 2820 4656 qua:
2845 4586 2991 4640 dicta
3019 4596 3167 4651 sunt,
3217 4588 3652 4649 murmurabant,

404 4675 688 4745 ζητήματά
733 4692 854 4727 τινα
906 4676 1011 4729 ὑπὸ
1061 4674 1168 4727 τῶν
1222 4672 1521 4743 ἀνθρώπων
1578 4673 1935 4743 ἀναφέροντες
1956 4693 1968 4703 ο

404 4766 463 4833 ἐξ
495 4759 567 4819 ὧν
591 4767 682 4819 καὶ
712 4767 773 4818 τὸ
799 4768 1153 4837 προκείμενον
1183 4766 1437 4835 τυγχάνει
1460 4763 1639 4834 ῥητόν.
1672 4766 1782 4818 Καὶ
1816 4768 1888 4836 μή
1921 4784 1973 4819 τι

406 4861 539 4932 πρὸς
585 4859 804 4921 τούτους
852 4862 887 4912 ὁ
941 4861 1257 4923 Ἀπόστολος
1302 4860 1357 4911 ἐν
1388 4859 1454 4926 τῇ
1501 4856 1637 4925 πρὸς
1674 4858 1973 4927 Ῥωμαίους

480 5004 537 5061 ἧς
570 4994 628 5049 P.
655 4995 758 5050 528
793 4994 903 5048 ΕΙ).
926 4993 1218 5063 POTTEB,
1253 4994 1491 5050 Ml-M!
1514 4991 1621 5063 EQ.
1649 4990 1873 5049 PARIS.
1945 4997 2119 5053 --Gen.
2149 5015 2186 5061 I,
2206 4998 2297 5057 28;
2317 5014 2391 5058 ιι,
2415 4998 2461 5049 1.

1740 5064 1757 5101 ί
1801 5064 1954 5122 Deut.
1988 5086 2153 5133 xxvii,
2188 5069 2273 5119 15.
2355 5070 2379 5106 ε
2415 5065 2644 5124 Malach.
2680 5083 2763 5133 ιιι,
2801 5067 2886 5119 15.

406 5068 625 5135 “1,34.
700 5065 726 5105 ἀ
758 5065 889 5118 Ibid.
924 5081 1054 5131 uti,
1096 5070 1141 5120 1.
1206 5062 1246 5106 re
1279 5068 1434 5121 Deut.
1480 5079 1552 5127 νε,
1589 5062 1641 5116 5.

895 5177 993 5231 Cui
1029 5195 1171 5232 mare
1197 5180 1405 5249 quidem
1434 5179 1666 5248 pervium

515 5252 692 5307 Pediti
716 5252 840 5313 erit,
871 5258 1012 5302 terra
1045 5258 1216 5301 autem
1250 5250 1601 5319 navigabitur.

409 5343 511 5401 Ubi
552 5344 871 5399 scholiastes
913 5340 1025 5392 haec
1065 5340 1325 5395 adnotat:
1387 5343 1444 5393 '0
1477 5338 1679 5410 Ξέρξης
1742 5340 1831 5391 τὸν
1872 5342 1970 5410 μὲν

418 5412 803 5485 Ἑλλήσποντον
827 5411 1045 5485 ἑχῳσεν,
1069 5410 1185 5485 licet
1228 5410 1410 5485 Barhv
1431 5412 1530 5481 γῆν
1575 5411 1972 5485 ἐπο-ίησενεᾳτδν

379 5485 463 5560 ,βξ
502 5479 675 5560 Ἀὀφν
702 5486 821 5560 ὅρος
855 5479 1045 5560 κόψας,
1066 5480 1283 5560 ἐποίησε
1332 5479 1618 5560 θάλασσαν..
1654 5480 1785 5558 ὼςῤ
1818 5480 1974 5551 ’Πρό-

409 5556 558 5618 ιῖοτος
600 5549 814 5626 ἱστορεῖ.
866 5551 1175 5626 C0nl'._quae
1211 5549 1281 5603 ibi
1314 5554 1538 5626 adnotat
1567 5549 1845 5626 hleursiiis.

483 5626 590 5687 (16)
626 5631 687 5679 Ol
716 5618 820 5689 τὰς
846 5621 1107 5687 ἱστορίας
1133 5621 1383 5684 συνταξ.
1424 5621 1720 5673 Herodotus
1751 5618 1974 5688 Polyhy-

412 5698 552 5746 mm'a
583 5713 635 5763 ι).
660 5696 784 5759 249,
815 5694 914 5749 251
943 5690 1345 5763 χΤΙιυυγιίῇιΙθξ-
1379 5692 1469 5763 lib.
1501 5708 1572 5750 Iv,
1611 5706 1660 5756 p.
1692 5689 1789 5740 151i
1818 5708 1829 5751 ;
1872 5692 1969 5741 Ar-

414 5758 600 5815 rianus
636 5768 724 5819 lib.
761 5783 811 5827 ν,
847 5782 896 5832 p.
928 5762 1045 5823 105,
1078 5768 1131 5814 et
1160 5758 1272 5832 alii.
1307 5759 1367 5813 Il.
1400 5762 1662 5832 Srtmtna.

483 5833 590 5899 (Π)
631 5828 936 5887 Δείκνυταί
970 5850 1090 5895 πως
1124 5829 1284 5898 ὑμῶν
1327 5831 1539 5883 (αὐτῶν.
1579 5830 1736 5883 Forte
1767 5828 1975 5879 δείκνυ-

414 5919 501 5957 ται
537 5905 663 5973 πρὸς
703 5905 853 5974 ὑμῶν
894 5903 1090 5967 αὐτῶν,
1130 5902 1459 5955 «ostenditur
1508 5919 1534 5954 ιι
1586 5900 1736 5955 vobis
1770 5900 1917 5968 ipsis.
1952 5919 1970 5951 ι

2080 4681 2224 4749 quod
2253 4682 2375 4735 alia:
2400 4681 2614 4751 quidem
2643 4688 2828 4747 gentes
2866 4694 2990 4732 cum
3019 4679 3206 4747 inique
3238 4692 3296 4732 se
3324 4689 3515 4747 gerant
3547 4694 3654 4732 non

2083 4773 2400 4842 puniantur,
2428 4772 2526 4840 ipsi
2556 4780 2740 4823 autem
2770 4771 2826 4824 in
2860 4771 3089 4841 singulis
3114 4778 3408 4835 vexentur;
3434 4769 3569 4824 adeo
3595 4778 3656 4823 ut

2083 4864 2376 4920 Jeremias'
2415 4878 2633 4932 quoque
2680 4862 2880 4917 dixerit
2931 4882 2945 4917 ι
3000 4881 3018 4912 σ
3062 4862 3171 4915 Cur
3222 4860 3311 4915 via
3362 4860 3653 4931 impiorum

2587 4997 2616 5036 ι·
2637 4995 2832 5051 Genes.
2862 5011 2904 5062 1,
2925 4994 3022 5061 29;
3060 5010 3136 5058 ιι,
3168 4993 3223 5059 2,
3257 4996 3312 5051 3.
3426 5005 3446 5032 ο
3482 4992 3651 5049 Exod.

2077 5182 2216 5253 Πρὸς
2259 5192 2436 5235 autem
2493 5183 2545 5236 in
2596 5184 2697 5237 bac
2746 5181 3140 5253 signiﬁcatione
3187 5181 3383 5250 passim
3438 5182 3509 5236 ab
3543 5184 3648 5239 hoc

2079 5251 2263 5305 nustro
2294 5255 2565 5321 usurpari,
2596 5255 2751 5305 docet
2786 5251 2956 5304 Index
3017 5251 3267 5321 Sylbnrg.

2149 5322 2259 5390 (18)
2308 5322 2402 5387 Ὠς
2432 5319 2857 5390 διαϐάλλοντα.
2905 5319 3150 5390 Justinus
3208 5320 3276 5373 M.
3309 5319 3528 5377 Cohort.
3579 5326 3647 5375 ad

2082 5389 2249 5445 (Ii-mc.
2311 5410 2361 5460 p.
2408 5393 2508 5445 108
2549 5394 2675 5445 edit.
2720 5389 2938 5446 01mm:
2972 5395 3064 5443 Ὃν
3114 5389 3359 5443 διάϐολον
3410 5395 3463 5444 at
3513 5392 3653 5445 θεῖαι

2084 5464 2293 5533 Γραφαὶ
2338 5462 2615 5524 καλοῦσιν,
2666 5461 2774 5533 ἀπὸ
2820 5462 2919 5531 τῆς
2961 5464 3179 5530 πρώτης
3212 5462 3374 5514 αὐτοῦ
3402 5462 3535 5533 πρὸς
3562 5464 3653 5513 τὸν

2085 5532 2367 5603 ἄνθρωπον
2390 5534 2635 5603 διαϐολῆς
2665 5532 2875 5603 ταύτης
2892 5534 2985 5601 τῆς
3012 5533 3379 5602 προσηγορίας
3400 5532 3649 5600 τυχόντα.

2092 5624 2107 5654 ι
2133 5602 2302 5669 Quem
2330 5603 2604 5661 diabolum
2638 5603 2835 5655 divina:
2857 5602 3149 5669 Scriptura:
3178 5611 3390 5662 \ocanl,
3421 5616 3452 5655 a
3480 5602 3653 5669 prima

2086 5691 2179 5725 sua
2231 5674 2493 5726 adversus
2544 5673 2813 5724 hominem
2866 5672 3133 5725 calumnia
3175 5681 3226 5725 ct
3272 5671 3655 5726 criminatioiw

2087 5744 2302 5800 unntine
2338 5754 2575 5812 sumpto.
2610 5762 2625 5789 ι

2155 5814 2265 5884 (l9)
2307 5814 2407 5867 Διὰ
2440 5810 2514 5867 τ’ί.
2553 5813 2614 5864 Τί
2648 5813 2750 5879 ὅτι,
2777 5810 2974 5867 Jcrcm.
