4484 6586
369 453 506 510 Η-ιὸ

1638 446 2066 504 ετιιοιιΑτυΜ
2109 445 2234 501 LIB.
2278 443 2366 502 111.

3490 440 3630 494 Hii}

363 573 673 646 ἦτοιπόιντμ
704 571 823 632 ταῖς
853 568 1172 638 ἐπιθυμίαις
1195 569 1448 622 πειστέον
1479 571 1571 623 καὶ
1600 573 1648 622 εἰ
1670 569 1849 630 τοῦτο,
1877 570 1944 621 τὰ
1973 576 2015 631 Α
2049 571 2134 624 bet

1877 570 1944 621 τὰ
1973 576 2015 631 Α
2049 571 2336 633 bertatem,
2398 567 2452 622 in
2497 565 2842 623 occasionem
2893 564 3136 628 carnia,
3173 581 3192 616 ι
3248 577 3313 616 ex
3361 559 3623 615 sententia

360 663 735 733 ἀσελγέστατα
759 661 852 714 καὶ
877 660 1210 718 ἀνοσιώτατα
1240 664 1515 735 πρακτέον
1539 664 1773 725 ἅπαντα,
1813 663 1938 714 ἑπο-

364 759 560 828 μένους
595 757 710 816 τοῖς
753 754 1134 809 ἀναπείθουσιν
1171 757 1350 826 ἡμᾶς·
1400 755 1431 824 ἢ
1473 756 1580 810 τῶν
1630 754 1936 825 ἐπιθυμιῶν

359 865 512 909 τινας
546 845 919 916 ἐκκλινοῦμεν,
971 848 1066 904 καὶ
1100 849 1200 902 οὐκ
1234 846 1314 898 ἔτι
1354 847 1658 920 ἀδιαφόρως
1692 845 1934 916 βιωτέον.

361 943 479 994 οὐδὲ
533 939 757 1010 ἀναίδην
804 941 1115 996 δουλευτέον
1157 941 1270 1003 τοῖς
1316 941 1660 1012 ἀτιμοτάτοις
1714 940 1935 1012 μέρεσιν

363 1032 538 1103 ἡμῶν,
584 1035 781 1103 γαστρὶ
841 1036 935 1088 κα)⁸
993 1034 1255 1096 αἰδοίοις,
1319 1032 1385 1084 δι’
1435 1031 1729 1101 ἐπιθυμίαν
1785 1031 1937 1084 κολα-

361 1125 627 1177 κευόντων
673 1125 765 1178 τὸν
810 1125 1077 1196 ἡμέτερον
1115 1123 1307 1194 νεκρόν
1337 1123 1466 1195 (24).
1513 1125 1789 1195 Τρέφεται
1826 1123 1934 1194 γὰρ

361 1214 456 1266 καὶ
487 1213 822 1277 ζωοποιεῖται
855 1214 1248 1284 διακονουμένη
1289 1217 1369 1278 εἰς
1411 1215 1713 1269 ἀπόλαυσιν
1749 1212 1934 1266 ἐπιθυ-

364 1305 492 1377 μία,
523 1307 769 1381 καθάπερ
809 1309 1042 1380 ἔμπαλιν
1075 1306 1399 1380 κολουομένη
1435 1307 1775 1380 μαραίνεται.
1810 1305 1934 1368 Πῶς

359 1396 416 1451 δέ
444 1399 558 1453 ἐστι
577 1400 818 1465 δυνατὸν,
855 1401 1158 1472 ἡττηθέντα
1178 1399 1285 1452 τῶν
1310 1400 1402 1454 τοῦ
1433 1399 1686 1470 σώματος
1709 1395 1929 1468 ἡδονῶν,

361 1488 732 1560 ἐξομοιοῦσθαι
761 1492 839 1565 τῷ
882 1493 1092 1564 Κυρίῳ,
1135 1492 1169 1563 ἦ
1223 1492 1418 1561 γνῶσιν
1447 1492 1590 1562 ἔχειν
1623 1488 1759 1543 Θεοῦ
1785 1505 1798 1553 ;
1828 1488 1942 1541 Πά-

361 1599 458 1653 σης
480 1584 586 1657 γὰρ
621 1587 812 1658 ἡδονῆς
840 1585 1107 1655 ἐπιθυμία
1134 1587 1425 1659 κατάρχει·
1462 1583 1730 1654 ἐπιθυμία
1761 1582 1818 1634 δὲ
1843 1581 1935 1633 λύ-

361 1692 433 1744 πη
475 1693 558 1740 τις
613 1679 707 1732 καὶ
747 1678 990 1748 φροντὶς,
1037 1677 1104 1730 δι’
1152 1676 1358 1732 ἔνδειαν
1409 1677 1716 1750 όρεγομένη
1768 1675 1931 1738 τινός.

363 1767 510 1829 ’¹Ωστ’
549 1771 649 1823 οὐκ
681 1770 807 1824 ἄλλο
837 1770 891 1821 τί
922 1787 1012 1839 μοι
1043 1770 1288 1824 δοκοῦσιν
1327 1772 1378 1824 οἰ
1417 1769 1606 1823 τοῦτον
1652 1771 1932 1838 ἐπανῃρη-

361 1859 506 1928 μένοι
533 1861 624 1914 τὺν
659 1863 880 1934 τρόπον,
914 1859 1026 1914 ἀλλ’
1056 1862 1166 1933 ἡτὸ
1195 1861 1486 1934 λεγόμενον
1517 1862 1581 1931 δὴ
1616 1860 1797 1922 τοῦτο,

2041 661 2312 730 Apostoli.
2356 658 2412 716 Si
2441 670 2627 716 autem
2672 660 2957 730 cupiditati
2989 667 3069 712 est
3098 652 3536 724 obsequendum,
3573 661 3626 706 et

2039 768 2161 822 qute
2207 752 2466 821 probrosa
2511 759 2598 808 est
2656 761 2710 806 et
2753 751 2927 822 turpis
2973 748 3083 802 vita
3114 756 3374 817 tanquam
3419 742 3624 796 ἰιιιιίσιιι

2039 860 2167 899 rens
2187 846 2566 916 cst‘eligeuda,
2622 851 2682 899 ut
2712 841 2814 913 ipsi
2845 843 3066 906 dicunt;
3111 849 3206 892 aut
3234 837 3624 908 cupiditatibus

2036 944 2121 991 est
2151 937 2375 992 omnino
2421 936 2748 1005 parendum,
2794 942 2849 988 et
2891 935 2936 986 si
2964 933 3068 986 hoc
3118 931 3192 983 ita
3223 939 3326 985 est.
3377 927 3624 982 facienda

2036 1035 2167 1081 sunt
2212 1029 2415 1096 quaevis
2450 1035 2508 1091 >14
2545 1025 2978 1096 impudicissima
3021 1032 3076 1077 ει
3115 1021 3356 1076 maxime
3393 1020 3599 1073 nefaria

2035 1136 2132 1172 eos
2160 1120 2456 1187 sequendo,
2506 1120 2600 1189 qui
2632 1118 2796 1173 nobis
2845 1116 3173 1183 persuadent
3207 1132 3220 1168 :
3251 1121 3346 1166 aut
3377 1121 3502 1165 Sunt
3527 1112 3625 1164 ali-

2034 1225 2158 1279 qua:
2187 1210 2524 1265 declinanda:
2553 1210 2908 1279 cupiditates,
2947 1215 2999 1260 et
3029 1223 3134 1260 non
3165 1215 3249 1260 est
3275 1205 3510 1274 ampI-us
3550 1203 3628 1254 vi-

2035 1301 2270 1356 vendum
2315 1302 2707 1366 indill‘erenter,
2759 1314 2937 1369 neque
2985 1307 3068 1352 est
3113 1299 3458 1366 impudenter
3505 1309 3624 1348 scr-

2032 1395 2288 1450 viendum
2338 1394 2619 1449 vilissimis
2665 1403 2722 1448 et
2763 1390 3156 1460 abjectissimis
3205 1389 3404 1442 nostris
3450 1386 3623 1455 pmti-

2033 1489 2159 1554 bus,
2206 1487 2381 1540 ventri
2413 1489 2467 1540 et
2495 1487 2782 1556 pudendis,
2830 1485 2962 1539 dum
3016 1482 3316 1551 cupiditate
3348 1479 3494 1532 ducti
3529 1492 3628 1529 no-

2034 1589 2152 1635 stro
2185 1577 2502 1634 blandimur
2527 1578 2799 1634 cadaveri.
2851 1575 3105 1632 Nutritur
3131 1574 3277 1630 enim
3310 1581 3361 1627 et
3386 1569 3628 1624 vivifica-

2034 1673 2126 1727 lur
2179 1670 2477 1740 cupiditas,
2543 1669 2673 1723 dum
2726 1669 2774 1723 ei
2830 1669 3133 1738 voluptates
3188 1665 3622 1720 miuistrantur:

2040 1762 2503 1832 quemadmodum
2545 1777 2743 1817 rursus
2777 1760 2823 1816 si
2855 1759 3183 1829 impediatur
3211 1766 3266 1810 et
3289 1755 3623 1810 interturbe-

1967 1852 2014 1910 B
2043 1867 2150 1923 tur,
2190 1855 2482 1911 llaccescit.
2507 1854 2799 1922 Quomodo
2829 1862 3010 1908 autem
3047 1851 3162 1904 fieri
3192 1857 3393 1919 potest,
3441 1856 3503 1900 ut
3531 1844 3626 1916 qui

357 1957 532 2012 victus
584 1966 669 2014 est
725 1971 755 2009 a
805 1957 1172 2026 voluptatibus
1218 1957 1487 2026 corporis,
1529 1955 1763 2010 Domino
1810 1952 2162 2014 assimiletur,
2211 1962 2306 2006 aut
2359 1949 2454 2006 Dei
2506 1950 2704 2004 haheat
2779 1944 3187 2018 cognitionem?
3236 1941 3428 1997 Omnis
3477 1943 3624 1996 enim

352 2048 647 2118 voluptatis
697 2048 1022 2118 principium
1072 2056 1158 2103 est
1185 2048 1457 2118 cupiditas
1487 2061 1502 2099 :
1531 2047 1804 2117 cupiditas
1832 2053 2014 2099 autem
2045 2051 2128 2097 est
2175 2041 2423 2095 molestia
2451 2049 2504 2095 et
2561 2040 2899 2102 sollicitudo,
2952 2052 3076 2108 quae
3128 2043 3350 2104 propter
3400 2043 3623 2102 egesta-

354 2150 461 2195 tem
500 2141 705 2212 aliquid
733 2141 956 2211 appetit.
999 2141 1180 2207 Quare
1225 2141 1363 2196 nihil
1405 2140 1552 2196 aliud
1605 2140 1741 2194 mihi
1796 2139 2071 2202 videntur,
2103 2133 2196 2205 qui
2228 2133 2370 2188 hanc
2413 2132 2538 2187 vita
2594 2133 2862 2186 rationem
2910 2129 3246 2199 suscipiunt,
3279 2143 3446 2198 quam
3470 2122 3619 2196 quod

355 2231 576 2296 dicitur,

427 2384 440 2394 .
487 2384 500 2396 .
544 2382 557 2394 .
604 2384 617 2395 .
663 2382 677 2397 .
707 2344 863 2412 Πρός
881 2343 929 2396 τ’
956 2344 1239 2413 αἴσχεσιν
1253 2342 1439 2414 ἄλγεα
1463 2341 1753 2412 πάσχειν·

352 2476 685 2529 ἐπίσπαστον
723 2474 937 2537 ἑαυτοῖς
970 2473 1282 2545 αἱρούμενοι
1323 2475 1492 2528 κακὸν
1525 2472 1661 2544 (25),
1705 2471 1802 2524 νῦν
1839 2470 1935 2525 καὶ

350 2569 408 2631 ἐς
454 2566 695 2637 ὕστερον.
753 2566 815 2618 Εἰ
865 2565 965 2636 μὲν
1003 2562 1094 2618 οὖν
1130 2567 1307 2619 πάντα
1343 2565 1470 2636 ἐξῆν
1492 2607 1504 2630 ,
1539 2566 1632 2618 καὶ
1666 2565 1834 2636 μηδὲν
1865 2561 1933 2637 ἦν

347 2661 464 2724 δέος
506 2661 794 2730 ἀποτυχεῖν
842 2659 941 2729 τῆς
988 2658 1200 2722 ἐλπίδος
1245 2658 1333 2712 διὰ
1386 2659 1615 2730 πράξεις
1663 2657 1929 2729 πονηρὰς,

349 2755 478 2816 ῐσως
504 2751 570 2826 ἦν
601 2752 664 2805 ἄν
698 2769 782 2814 τις
821 2751 1004 2813 αὐτοῖς
1035 2751 1306 2822 πρόφασις
1346 2751 1438 2804 τοῦ
1467 2752 1616 2821 βιοῦν
1652 2752 1838 2814 κακῶς
1864 2769 1924 2804 τε

2115 2307 2270 2363 Ultra
2298 2309 2642 2381 ignominiam
2670 2311 2862 2365 sentire
2891 2309 3134 2373 dolores;

2039 2430 2100 2476 ut
2127 2423 2220 2493 qui
2249 2423 2452 2478 malum
2490 2439 2522 2478 a
2556 2439 2616 2480 se
2645 2425 2993 2488 accersitum,
3043 2438 3192 2479 nunc
3235 2429 3288 2476 et
3330 2421 3384 2476 in
3427 2427 3620 2491 poste-

2035 2530 2157 2568 rum
2207 2515 2428 2586 eligant.
2473 2514 2529 2570 Si
2564 2531 2697 2587 ergo
2755 2535 2774 2568 ι
2814 2515 2999 2572 omnia
3047 2516 3296 2578 licereut,
3329 2532 3349 2566 ι
3411 2529 3513 2569 ηεε
3552 2514 3622 2570 ti-

2034 2604 2294 2660 mendum
2345 2615 2490 2660 esset
2539 2623 2608 2661 ne
2642 2622 2672 2662 a
2705 2623 2802 2676 spe
2824 2608 3206 2662 cxcideremus
3257 2615 3478 2676 propter
3505 2623 3624 2661 ma-

2029 2696 2112 2750 las
2158 2696 2426 2762 actiones,
2473 2705 2621 2750 esset
2667 2697 2899 2751 fortasse
2947 2698 3029 2751 eis
3057 2696 3256 2765 aliquis
3303 2705 3620 2765 pralcxtus,

2029 2803 2128 2842 cur
2151 2787 2294 2840 male
2323 2785 2570 2840 viverent
2598 2795 2652 2840 et
2679 2786 3082 2840 miserabiliter.
3125 2784 3399 2851 Quoniam
3436 2794 3618 2840 autem

347 2847 439 2899 καὶ
469 2844 748 2908 ἐλεεινῶς·
790 2846 910 2896 ἐπεὶ
938 2845 993 2897 δὲ
1028 2844 1140 2913 βίος
1170 2862 1254 2908 τις
1285 2847 1414 2915 ἡμῖν
1456 2845 1724 2915 μακάριος
1749 2844 1815 2896 δι’
1848 2847 1925 2898 ὲν-

345 2938 513 2990 τολῶν
561 2937 942 3002 ἐπιδέδεικται,
995 2930 1039 3004 ᾧ
1084 2936 1188 3007 χρὴ
1222 2937 1429 2999 πάντας
1471 2937 1788 3006 ἑπομένους,
1847 2936 1922 3008 μὴ

347 3031 753 3103 παρακούοντας
778 3031 884 3085 τῶν
909 3032 1212 3103 εἰρημένων
1236 3033 1397 3096 τινὸς,

2026 2877 2140 2930 vita
2185 2876 2344 2930 beata
2391 2875 2550 2929 nobis
2592 2885 2813 2930 ostensa
2852 2887 2937 2931 est
2988 2892 3082 2945 per
3123 2887 3410 2946 praecepta,
3445 2892 3612 2946 quam

1609 2968 1788 3045 f'W"
1833 2968 1922 3042 3‘"
2026 2975 2240 3036 oportet
2287 2982 2480 3022 omnes
2513 2977 2828 3037 sequentes,
2858 2983 2957 3022 nec
2983 2968 3189 3036 aliquid
3221 2982 3436 3028 eorum,
3491 2982 3616 3034 quae

515 3033 753 3095 ιούοντας
778 3033 884 3085 τῶν
909 3033 1212 3103 εἰρημένων
1236 3033 1397 3096 τινὸς,
1430 3033 1565 3103 μηδὲ
1597 3033 1920 3104 ὀλιγωροῦν-
2023 3033 2170 3111 diem
2196 3072 2286 3111 sum

515 3126 540 3138 ..
845 3127 857 3139 .
1114 3126 1135 3139 ..
1209 3126 1248 3139 ..
1280 3127 1291 3139 .
1520 3122 1541 3139 τ
1629 3126 1650 3139 ..
1770 3125 1794 3139 ..
1889 3119 1918 3139 τ

1845 3033 1920 3139 5":
2023 3033 2170 3111 dicta
2196 3064 2344 3122 sunt,
2375 3033 2660 3127 perperam
2695 3033 3207 3129 intelligentes,'nec
3229 3073 3446 3123 eorum,
3493 3033 3616 3128 quae

345 3144 444 3190 τας
473 3126 580 3179 τῶν
615 3127 997 3198 προσηκόντων
1016 3165 1030 3188 ,
1074 3126 1174 3179 κᾶν
1205 3126 1483 3196 ἐλάχιστον
1515 3122 1584 3198 ᾖ,
1629 3125 1855 3179 ἕπεσθαι
1947 3149 1988 3204 C
2022 3165 2116 3204 con

1844 3119 1988 3204 ιῇϐ
2022 3151 2298 3216 convenit,
2353 3149 2582 3220 aliquid,
2629 3153 2730 3206 etsi
2769 3152 2841 3207 sit
2869 3119 2957 3206 vel
2997 3151 3312 3214 minimum,
3369 3159 3615 3205 conten.-

342 3219 409 3272 ἂν
449 3222 477 3272 ό
517 3219 670 3288 λόγος
714 3220 943 3290 ἡγῆται·
979 3221 1027 3271 εἰ
1071 3218 1400 3289 σφαλείημεν
1433 3217 1618 3282 αὑτοῦ,
1663 3218 1918 3289 ἀθανάτῳ
2020 3257 2113 3295 ne,

2020 3250 2232 3307 nentes,
2289 3242 2443 3311 sequi
2472 3257 2583 3311 quo
2614 3242 2772 3314 logos
2793 3244 2974 3310 ducit;
2997 3244 3151 3313 quia,
3183 3243 3228 3298 si
3258 3244 3328 3298 ab
3354 3258 3420 3297 eo
3455 3244 3614 3298 abero

344 3311 497 3383 κακῷ
526 3312 634 3383 (26)
679 3315 991 3384 περιπεσεῖν
1030 3311 1270 3382 ἀνάγκη·
1320 3311 1825 3382 κατακολουθήσασι
1861 3310 1918 3364 δὲ
2021 3344 2115 3382 ην

1861 3310 1918 3364 δὲ
2021 3329 2350 3392 raverimus,
2382 3329 2436 3382 in
2467 3331 2670 3384 malum
2704 3332 3012 3386 immortale
3040 3332 3348 3386 incidamus
3386 3348 3611 3387 necesse

343 3406 407 3472 τῇ
440 3402 558 3472 θείᾳ
591 3403 803 3472 Γραφῇ,
848 3403 915 3455 δι’
949 3398 1017 3474 ἦς
1053 3401 1325 3456 ὁδεύουσιν
1373 3404 1420 3455 οἰ
1472 3404 1916 3466 πεπιστευκότες,
2020 3429 2102 3472 ρει

1839 3420 1916 3466 ες,
2020 3429 2138 3486 est;
2167 3419 2212 3473 si
2244 3418 2485 3473 divinam
2517 3432 2699 3473 autem
2742 3419 3080 3490 Scripturam
3111 3421 3283 3476 secuti
3319 3421 3606 3489 fuerimus,

343 3493 719 3563 ἐξομοιοῦσθαι
746 3496 885 3548 κατά
915 3494 1140 3562 δύναμιν
1160 3493 1236 3562 τῷ
1257 3495 1463 3565 Κυρίῳ,
1491 3495 1589 3546 οὐκ
1612 3494 1919 3564 ἀδιαφόρως
2021 3528 2114 3580 μοι.

1838 3511 1919 3556 ’ως
2021 3528 2115 3580 per
2142 3527 2307 3581 quam
2339 3511 2745 3582 ingrediuntur,
2794 3513 2888 3582 qui
2923 3511 3292 3579 crediderunt,
3329 3523 3387 3568 ut
3417 3513 3609 3569 Domi-

346 3587 589 3656 βιωτέον,
637 3587 772 3639 ἀλλὰ
805 3588 1169 3658 καθαρευτέον
1210 3589 1289 3651 είς
1321 3586 1542 3657 δύναμιν
1574 3587 1680 3638 τῶν
1714 3587 1916 3656 ἡδονῶν
2020 3618 2110 3664 ,ιο⁹

1836 3587 1916 3639 ’ὧν
2020 3618 2110 3664 no,
2147 3601 2325 3670 quoad
2359 3601 2476 3655 fieri
2504 3611 2707 3670 potest,
2741 3602 3138 3669 assimilentur,
3168 3612 3384 3658 nonest
3421 3607 3607 3661 viven-

345 3681 435 3731 καὶ
479 3678 586 3731 τῶν
632 3679 960 3749 ἐπιθυμιῶν,
998 3679 1352 3750 ἐπιμελητέον
1399 3697 1457 3732 τε
1512 3679 1610 3748 τῆς
1645 3678 1844 3749 ψυχῆς,
2017 3691 2116 3744 (ιω

1836 3673 1916 3753 »ᾖ
2017 3691 2146 3744 dum
2195 3690 2589 3755 indill'crenter,
2644 3691 2738 3745 sed
2789 3706 2892 3760 pro
2941 3691 3156 3745 viribus
3204 3692 3442 3748 mundos
3486 3708 3607 3748 esse

344 3769 481 3839 πρὸς
521 3769 667 3839 μόνῳ
706 3769 782 3839 τῷ
821 3770 963 3840 Θείῳ
992 3770 1376 3823 διατελεστέον.
1415 3768 1663 3838 Καθαρὸς
1690 3767 1798 3838 γὰρ
1840 3767 1915 3820 ὢν
2018 3795 2115 3849 θρα

1840 3767 1915 3820 ὧν
2018 3787 2232 3849 oportet
2257 3796 2288 3836 a
2313 3779 2687 3850 voluptatibus
2712 3791 2766 3833 et
2796 3781 3210 3850 cupiditatibus,
3258 3797 3500 3852 curaque
3524 3792 3606 3838 est

344 3865 435 3916 καὶ
478 3865 656 3933 πάσης
710 3865 905 3928 κακίας
954 3865 1373 3934 ἀπηλλαγμένος
1409 3867 1438 3917 ὁ
1481 3863 1624 3926 νοῦς,
1669 3862 1917 3924 δεκτικός
2019 3887 2115 3940 ger

1835 3862 1917 3924 ιὸς
2019 3872 2257 3940 gerenda
2309 3871 2528 3938 animae,
2583 3887 2690 3942 qua
2737 3873 2880 3941 apud
2928 3871 3101 3926 solum
3153 3872 3320 3927 Deum
3355 3891 3606 3944 perseve-

343 3971 460 4018 πως
503 3955 734 4025 ὑπάρχει
771 3956 872 4025 τῆς
902 3955 996 4008 τοῦ
1041 3955 1174 4009 Θεοῦ
1217 3955 1519 4025 δυνάμεως,
1552 3952 1916 4023 ἀνισταμένης
2019 3979 2114 4018 mn

1830 3970 1916 4023 mc
2019 3966 2250 4019 randum
2304 3975 2407 4020 est.
2473 3963 2624 4019 Mens
2678 3965 2845 4030 enim,
2909 3980 3030 4034 qua:
3074 3975 3158 4019 est
3199 3967 3400 4020 munda
3443 3975 3498 4020 et
3531 3968 3601 4020 ab

343 4053 401 4104 ἐν
447 4051 596 4121 αὐτῷ
649 4051 748 4121 τῆς
807 4050 958 4114 θείας
1004 4051 1243 4116 εἰκόνος·
1313 4069 1330 4102 ι
1392 4052 1501 4104 Καὶ
1557 4051 1662 4112 πᾶς
1699 4051 1728 4102 ὁ
1778 4047 1918 4119 ἔχων
2019 4071 2108 4111 om

1829 4063 1918 4118 [ων
2019 4057 2170 4111 omni
2197 4057 2330 4111 vitio
2355 4058 2547 4120 libera,
2578 4066 2658 4110 cst
2686 4055 3090 4126 quodaminodo
3119 4064 3241 4125 apta
3271 4054 3334 4109 ad
3362 4066 3600 4125 potesta-

340 4145 440 4213 τὴν
483 4143 669 4196 ἐλπίδα
717 4144 922 4215 ταύτην
973 4144 1064 4197 ἐπὶ
1119 4144 1196 4214 τῷ
1257 4143 1447 4214 Κυρίῳ
1493 4141 1633 4214 (27),
1685 4139 1914 4209 ἁγνίζει,
2019 4159 2111 4204 te"

1830 4141 1914 4206 ζει,
2019 4159 2127 4204 ιειη
2164 4149 2257 4204 Dei
2288 4151 2718 4220 suscipiendam,
2766 4165 2892 4203 cum
2931 4149 3114 4203 divina
3161 4149 3215 4201 in
3258 4165 3320 4203 ea
3349 4161 3601 4220 assurgat

345 4237 530 4305 φησὶν,
579 4237 769 4289 ἑαυτὸν
821 4235 952 4307 (28),
1000 4236 1181 4298 καθὼς
1222 4238 1427 4299 ἐκεῖνος
1473 4235 1633 4303 ἁγνός
1682 4237 1846 4288 ἐστιν.
1893 4253 1910 4285 ι
2020 4243 2116 4296 im;

1835 4277 1846 4287 -
1893 4253 1910 4285 ι
2020 4243 2245 4312 imago:
2303 4261 2322 4294 ι
2353 4242 2418 4295 Ει
2453 4244 2771 4312 quicunque
2819 4241 2982 4295 habet
3028 4241 3169 4295 hanc
3206 4256 3358 4310 spem
3407 4241 3461 4296 in
3494 4241 3599 4297 Do-

342 4327 474 4380 Θεοῦ
507 4328 563 4380 δὲ
596 4329 796 4394 γνῶ-σιν
826 4329 1006 4382 λαϐεῖν
1039 4331 1148 4391 τοῖς
1180 4327 1258 4379 ἔτι
1295 4327 1400 4380 ὑπὸ
1431 4329 1538 4380 τῶν
1568 4327 1754 4380 παθῶν
1786 4328 1914 4394 ἀγο-
2016 4333 2111 4385 mit

1826 4343 1914 4394 γο-
2016 4333 2188 4399 mino,
2258 4333 2526 4402 seipsum,
2565 4351 2582 4382 ι
2645 4330 2848 4400 inquit,
2910 4349 2928 4380 ‹
2964 4331 3224 4383 mundum
3273 4341 3597 4402 castumque

345 4419 523 4490 μένοις
573 4421 863 4474 ἀδύνατον·
912 4420 1103 4475 οὐκοῦν
1142 4420 1259 4472 οὐδὲ
1310 4421 1408 4491 τῆς
1458 4421 1670 4483 ἐλπίδος
1707 4421 1908 4490 τυχεῖν,
2015 4422 2116 4477 fuci

1822 4421 1908 4481 εῖν,
2015 4422 2164 4490 facit,
2215 4431 2484 4492 quatenus
2523 4423 2612 4475 ille
2638 4431 2721 4475 est
2751 4430 2936 4475 castus
2969 4421 3018 4474 δ.
3064 4420 3135 4474 Ut
3164 4422 3199 4476 ii
3225 4432 3410 4477 autem
3446 4425 3593 4478 acci-

347 4511 614 4582 μηδεμίαν
659 4513 754 4565 τοῦ
797 4513 931 4566 Θεοῦ
969 4513 1165 4582 γνῶσιν
1210 4510 1629 4579 πεποιημένοις·
1678 4510 1771 4561 καὶ
1819 4507 1911 4560 τοῦ
1945 4500 1990 4558 D
2019 4513 2118 4582 pia]

1825 4507 1911 4560 τοῦ
1945 4500 1990 4558 D
2019 4513 2171 4582 piant
2201 4510 2294 4565 Dei
2328 4512 2714 4582 cognitionem,
2745 4512 2836 4582 qui
2863 4513 3041 4568 adhuc
3066 4514 3343 4570 ducuntur
3371 4517 3441 4572 ab
3465 4517 3596 4572 all‘e-

346 4603 444 4674 μὲν
485 4602 952 4672 ἀποτυγχάνοντος
997 4604 1144 4658 τοῦδε
1193 4601 1287 4654 τοῦ
1334 4601 1522 4664 τέλους
1566 4602 1598 4671 ἡ
1633 4598 1727 4653 τοῦ
1777 4599 1911 4653 Θεοῦ
2020 4605 2117 4660 ctit

1822 4599 1911 4653 εοῦ
2020 4605 2216 4672 ctibus,
2244 4605 2467 4660 minime
2492 4615 2667 4676 potest
2693 4605 2806 4659 ﬁeri
2840 4624 2852 4659 :
2886 4621 3014 4678 ergo
3041 4623 3142 4664 nec
3170 4617 3228 4663 ut
3251 4609 3411 4663 linem
3443 4625 3593 4664 asse-

342 4693 528 4761 ἄγνοια
558 4697 884 4764 κατηγορεῖν
915 4696 1084 4748 ἔοικε·
1113 4694 1174 4747 τὸ
1198 4693 1252 4745 δὲ
1276 4693 1487 4760 ἀγνοεῖν
1501 4693 1589 4746 τὸν
1605 4691 1736 4745 Θεὸν
1761 4693 1795 4762 ἡ
1817 4690 1910 4744 τοῦ
2019 4716 2113 4770 (μη

1819 4690 1910 4744 τοῦ
2019 4710 2278 4770 quantur,
2309 4716 2434 4755 cum
2472 4700 2674 4754 nullam
2699 4701 2939 4755 habeant
2962 4699 3059 4755 Dei
3104 4690 3486 4772 cognitionem.
3525 4701 3590 4756 Et

345 4787 458 4860 βίου
490 4785 729 4841 πολιτεία
763 4789 1108 4861 παρίστησιν.
1161 4789 1477 4843 Παντάπασι
1509 4787 1619 4860 γὰρ
1656 4787 1912 4842 ἀδύνατον
2019 4805 2116 4844 eutt

1818 4804 1912 4841 ιτον
2019 4805 2142 4844 eum
2161 4791 2404 4861 quidem,
2421 4791 2511 4861 qui
2527 4791 2669 4846 hunc
2683 4790 2844 4847 linem
2861 4809 2973 4848 non
2987 4794 3314 4863 assequitur,
3329 4808 3589 4848 accusare

344 4881 461 4954 ἅμα
489 4896 546 4935 τε
576 4881 669 4934 καὶ
699 4881 1042 4950 ἐπιστήμονα
1090 4878 1228 4935 εἶναι
1247 4921 1260 4945 ,
1295 4880 1386 4934 καὶ
1409 4879 1503 4950 τὴν
1536 4880 1630 4933 τοῦ
1661 4879 1913 4950 σώματος
2020 4883 2115 4937 vidi

1818 4897 1913 4941 ,τος
2020 4883 2233 4939 videtur
2254 4883 2346 4938 Dei
2371 4884 2663 4955 ignoratio;
2697 4893 2755 4939 ut
2775 4883 2920 4942 Deus
2947 4896 3124 4942 autem
3148 4883 3449 4956 ignoretur,
3476 4885 3589 4940 eili-

417 5007 476 5065 νβ
503 4987 864 5054 ﬁfsso'en.
911 4995 1206 5066 POTTER,
1261 5000 1366 5054 Mt
1408 4997 1514 5050 ED.
1554 4996 1781 5055 PARIS.
1855 5015 1879 5042 ι
1911 4999 2087 5058 Galat.
2119 5021 2170 5073 ν,

1070 4998 1206 5066 ΓΕΒ,
1261 5000 1366 5054 444
1408 4997 1514 5050 ED.
1554 4996 1781 5055 PARIS.
1855 5015 1879 5042 ι
1911 4999 2087 5058 Galat.
2119 5021 2170 5073 ν,
2205 5007 2291 5060 15.
2380 5006 2407 5044 δ
2432 5060 2444 5070 ,
2487 5008 2643 5062 Joan.
2675 5021 2758 5071 Ill,
2790 5008 2841 5061 '5.

415 5116 528 5183 (24)
565 5114 808 5184 Νεκρςζν.
849 5110 941 5165 Sic
966 5113 1264 5184 humanum
1317 5129 1512 5184 corpus
1560 5115 1814 5182 appellat,
1849 5127 1906 5174 ut

343 5190 595 5256 superius
626 5200 678 5256 p.
707 5183 812 5235 456
842 5184 969 5237 edit.
1006 5183 1179 5237 Paris.

416 5255 530 5326 (25)
589 5255 1097 5326 Ἐπίσπαστον....
1151 5257 1362 5326 κακόν.
1408 5256 1627 5312 Phrasis
1672 5261 1903 5326 poetica.

345 5324 848 5401 lio‘tuc'ruSJOdyss.
882 5325 939 5386 Σ,
977 5341 1118 5379 vers.
1151 5324 1247 5378 7‘2:

2081 5118 2190 5192 (26)
2264 5121 2550 5189 Ἀθανάτῳ
2614 5121 2797 5186 κακῷ.
2870 5120 3090 5192 Phrasis
3139 5117 3464 5192 Homerica,
3496 5136 3584 5192 ex

2016 5190 2205 5316 Odyss.
2253 5193 2329 5255 M,
2378 5209 2516 5248 vers.
2566 5193 2668 5257 18,
2725 5193 2811 5246 ubi
2855 5192 2922 5244 de
2966 5190 3241 5263 Charybdi
3289 5193 3402 5246 haec
3453 5191 3588 5246 dicit

2015 5277 2114 5330 poe
2143 5279 2200 5316 1:

2092 5379 2159 5432 Ἦ
2183 5375 2247 5430 δέ
2272 5393 2358 5430 τοι
2383 5381 2456 5433 οὐ
2481 5381 2695 5448 θνητὴ,
2731 5380 2866 5432 ἀλλ’
2889 5379 3188 5434 ἀθάνατον
3213 5377 3402 5431 κακόν
3429 5377 3584 5433 ἐστι.

415 5437 490 5497 Ἦ
511 5443 663 5511 τάχα
685 5438 845 5510 Ἶρος
873 5438 1035 5507 ἇῖρος
1066 5439 1448 5496 ἐπίσπαστον
1478 5443 1662 5495 κακὸν
1690 5442 1835 5506 ἕξει.
2083 5471 2186 5526 ma

1806 5463 1835 5497 ⁵·
2083 5471 2188 5526 Illa
2217 5488 2342 5525 sane
2376 5489 2480 5526 non
2507 5472 2764 5535 mortalis,
2795 5473 2886 5525 sed
2919 5469 3214 5525 immortale
3241 5470 3444 5525 malum
3480 5480 3577 5526 eu.

417 5532 569 5589 Certe
608 5536 712 5588 cito
759 5533 878 5589 Irus
931 5531 1118 5600 infelix
1179 5536 1495 5588 accersitum
1549 5537 1907 5657 atgebngalum

1582 5634 1590 5657 ι
1639 5621 1668 5656 α
1705 5621 1732 5657 Θ
1769 5615 1830 5657 η.

1582 5615 1830 5662 ἰηαυεῡίι.

347 5716 649 5792 Hesychius
686 5741 696 5774 :
743 5724 1119 5792 Ἐπίσπαστον.
1172 5720 1508 5792 αὐθαίρετον.
1549 5723 1679 5792 ὅπερ
1731 5721 1908 5791 ἑαυτῷ

346 5806 430 5850 νος
480 5790 776 5845 ἐπισπᾶται
825 5793 1009 5848 κακόν.
1062 5791 1426 5860 Mctapboram
1489 5790 1659 5845 aiunt
1693 5793 1908 5846 ductam

347 5871 457 5931 ἀπο
509 5860 613 5910 τῶν
672 5863 895 5931 ὀρνίθιον
956 5860 1369 5931 δελεαζομένων,
1435 5863 1526 5912 καὶ
1570 5864 1774 5925 ἑαυτοῖς
1821 5862 1911 5914 τὸν

351 5928 561 5999 δλεθρον
597 5928 1005 6000 ἐπισπωμένων.

2085 5585 2193 5656 (27)
2232 5585 2356 5640 Ἐπὶ
2388 5587 2468 5653 τῷ
2494 5588 2701 5655 Κυρίῳ.
2748 5586 2866 5640 Ἐπ’
2896 5587 3060 5657 αὐτῷ,
3095 5584 3294 5641 Joann.

2087 5657 2192 5728 (28)
2235 5657 2561 5725 ’Λγνίζει....
2586 5658 2818 5712 ἑαυτόν.
2869 5659 3128 5728 Didymus
3170 5659 3222 5710 in
3251 5657 3579 5728 Comment.:

2024 5747 2039 5800 ι
2082 5727 2212 5780 Dum
2264 5746 2392 5793 ergo
2441 5739 2618 5800 speret
2665 5727 3040 5800 unusquisque
3092 5729 3323 5800 similem
3379 5743 3437 5779 te
3469 5727 3584 5780 fore

2018 5797 2163 5858 Deo,
2197 5821 2212 5848 ι
2271 5797 2534 5855 castificct
2581 5797 2965 5868 semetipsum,
3016 5817 3034 5847 ι
3070 5799 3230 5852 sicuti
3272 5807 3354 5853 est
3396 5807 3584 5854 castus

2019 5869 2124 5922 illc.
2162 5889 2178 5919 ι
2225 5868 2491 5923 (ἶιιιιεετ.
