4484 6586
347 525 486 580 “49

1623 523 2048 582 STROMATI'M
2082 523 2208 580 LIB.
2241 521 2328 576 lll.

3469 515 3609 572 “50

337 656 582 731 κράτορα
609 659 767 728 μῧνον
790 655 944 715 Θεὸν,
983 655 1076 708 καὶ
1101 654 1409 708 διδάσκουσι
1444 653 1518 724 μὴ
1546 654 1654 706 δεῖν
1690 649 1922 722 παραδέ-
1953 655 1994 708 Α
2026 666 2108 702 ere

1835 649 1922 702 ,δὲ-
1953 655 1994 708 Α
2026 658 2356 706 creaturam,
2387 653 2497 699 tum
2532 645 2586 698 in
2624 652 2873 698 sanctum
2901 641 3182 711 Opiti'eem,
3219 637 3312 710 qui
3347 649 3431 692 est
3457 639 3606 694 solus

337 752 529 821 χεσθαι
567 749 750 817 γάμον.
786 745 879 798 καὶ
913 746 1252 801 παιδοποιίαν
1300 745 1434 818 μηδὲ
1475 746 1812 812 ἀντεισάγειν
1845 742 1920 812 τῷ

340 846 531 914 κόσμῳ
569 839 998 907 δυστυχήσαντας
1025 841 1266 913 ἐτέρους,
1299 836 1431 907 μηδὲ
1465 838 1814 908 ἐπιχορηγεῖν
1846 833 1922 904 τῷ

340 937 556 1004 θανάτῳ
586 935 811 1004 τροφὴν,
852 937 1033 988 ἐκεῖνα
1071 933 1321 986 λεκτέον·
1374 929 1586 1000 πρῶτον
1614 931 1711 1000 μὲν
1744 928 1804 979 τὸ
1828 927 1919 980 τοῦ
1954 982 1957 983 ,

339 1026 637 1082 ἀποστόλου
694 1028 968 1081 Ἰωάννου·
1019 1047 1036 1077 ι
1088 1027 1199 1079 Καὶ
1231 1021 1327 1076 νῦν
1360 1023 1696 1096 ἀντίχριστοι
1736 1021 1919 1074 πολλοὶ

337 1120 656 1189 γεγόνασιν·
717 1121 835 1174 ὅθεν
880 1121 1204 1190 ἐγνώκαμεν
1252 1117 1380 1187 (40),
1441 1119 1522 1171 ὅτι
1551 1117 1754 1187 ἐσχάτη
1803 1114 1918 1187 ὥρα

341 1213 507 1265 ἐστίν.
549 1211 636 1280 Ἐξ
663 1215 816 1284 ἡμῶν
851 1213 1094 1284 ἐξῆλθον,
1131 1208 1243 1262 ἀλλ’
1277 1211 1375 1262 ούκ
1404 1207 1543 1281 ἦσαν
1565 1209 1627 1273 ἐξ
1651 1207 1808 1279 ἡμῶν
1829 1225 1841 1237 ο
1869 1211 1916 1260 εί

340 1304 448 1374 γὰρ
471 1300 608 1374 ἦσαν
645 1305 701 1372 ἐξ
757 1306 948 1377 ήμῶν,
987 1303 1388 1372 μεμενήκεισαν
1432 1303 1499 1356 ἂν
1546 1301 1665 1372 μεθ’
1693 1300 1867 1371 ἡμῶν.
1893 1320 1912 1352 ι

344 1395 572 1448 Ἔπειτα
605 1400 695 1450 καὶ
737 1393 1127 1466 διαστρεπτέον
1159 1395 1381 1457 αὐτοὺς,
1409 1394 1476 1446 τά
1503 1395 1594 1446 ὑπ’
1625 1392 1804 1446 αὐτῶν
1834 1410 1920 1460 φε-

344 1486 541 1556 ρόμενα
579 1487 912 1549 διαλύοντας,
965 1478 1067 1536 ὧδέ
1107 1502 1252 1548 πωςο
1315 1505 1331 1535 ι
1375 1487 1450 1557 Τῇ
1489 1484 1721 1555 Σαλώμῃ
1745 1486 1773 1537 ὁ
1805 1483 1917 1536 Κύ-

342 1598 453 1652 ριος
485 1582 880 1652 πυνθανομένη,
914 1579 1076 1648 μέχρι
1107 1579 1238 1630 πότε
1265 1578 1489 1642 Θάνατος
1516 1579 1745 1649 ἰσχύσει,
1777 1595 1795 1627 ι
1822 1576 1919 1646 οὐχ

339 1670 414 1734 ὡς
451 1671 558 1743 (41)
595 1669 767 1726 κακοῦ
803 1668 895 1722 τοῦ
931 1667 1045 1737 βίου
1080 1668 1229 1731 ὄντος
1263 1669 1356 1719 καὶ
1403 1669 1500 1738 τῆς
1547 1667 1779 1729 κτίσεως
1819 1683 1916 1718 πο-

339 1767 528 1835 νηρᾶς,
578 1784 596 1816 ι
633 1764 847 1833 Μέχρις
881 1760 966 1823 ἂν,
1013 1756 1185 1821 εἶπεν,
1237 1760 1394 1828 ὑμεῖς
1423 1761 1476 1810 αἱ
1504 1762 1760 1826 γυναῖκες
1803 1758 1920 1810 τίκ-

334 1873 485 1909 τετε”
542 1877 560 1908 ι
600 1855 713 1909 ἀλλ’
747 1855 824 1916 ὡς
856 1852 953 1923 τὴν
993 1850 1314 1904 ἀκολουθίαν
1347 1849 1445 1920 τὴν
1487 1852 1721 1921 φυσικὴν
1771 1850 1916 1904 διδά-

337 1963 514 1999 σκων·
552 1946 764 2014 γενέσει
799 1943 907 2014 γὰρ
949 1943 1163 2005 πάντως
1204 1942 1394 1993 ἕπεται
1433 1941 1525 1992 καὶ
1559 1940 1749 2012 φθορά.
1787 1943 1918 2012 Τρυ-

2024 737 2166 791 Dens
2195 734 2576 803 omnipotens;
2603 742 2659 786 et
2693 731 2880 786 dicunt
2907 746 3015 784 non
3064 745 3180 784 esse
3207 727 3604 783 admittendum

2022 827 2430 882 matrimonium
2458 836 2510 880 et
2533 825 2828 879 liberorum
2859 821 3430 894 procreationem,nec
3463 824 3521 884 υἷι
3551 818 3606 872 in

2021 921 2285 974 mundum
2330 934 2449 973 esse
2486 914 2828 972 inducendos
2885 915 3023 968 alios
3072 911 3316 966 infelices
3352 911 3604 970 futuros.

2022 1029 2121 1066 nec
2154 1011 2604 1081 suppeditandum
2653 1007 2813 1085 morti
2868 1008 3261 1062 nutrimentum
3290 1046 3305 1069 ,
3337 1005 3451 1058 haec
3477 1012 3611 1059 sunt

2020 1103 2374 1174 opponenda:
2423 1104 2658 1173 primum
2715 1099 2935 1169 quidem
2984 1098 3118 1154 illud
3165 1095 3431 1150 Joannis:
3471 1114 3490 1146 ‹
3538 1093 3606 1150 Et

2020 1213 2165 1252 nunc
2186 1197 2491 1252 antichristi
2517 1195 2674 1250 multi
2701 1193 2827 1246 facti
2858 1202 3001 1256 sunt,
3035 1192 3180 1246 unde
3201 1190 3411 1244 scimus
3457 1188 3603 1258 quod

2018 1288 2317 1343 novissima
2354 1289 2482 1341 hora
2534 1296 2635 1341 est.
2698 1284 2776 1337 Ex
2824 1283 2980 1337 nobis
3027 1284 3305 1345 exierunt,
3359 1280 3452 1336 sed
3495 1296 3606 1334 non

2019 1388 2176 1434 erant
2203 1395 2266 1432 ex
2298 1380 2472 1432 nobis.
2502 1377 2638 1432 Nam
2673 1379 2718 1432 si
2751 1375 2982 1430 fuissent
3029 1392 3092 1429 ex
3143 1374 3323 1440 nobis,
3350 1387 3608 1443 perman-

2019 1473 2224 1525 sissent
2246 1471 2431 1538 utique
2461 1471 2742 1523 nobiscum
2764 1483 2801 1517 -.
2836 1484 2854 1516 ι
2889 1464 3089 1518 Deinde
3117 1473 3240 1519 sunt
3261 1465 3425 1518 etiam
3450 1477 3610 1517 ever-

2019 1562 2162 1617 tendi
2193 1603 2207 1626 ,
2250 1571 2303 1614 et
2347 1561 2685 1615 dissolvenda
2713 1603 2728 1626 ,
2762 1574 2886 1630 qua:
2928 1558 2998 1611 ab
3042 1557 3120 1610 eis
3154 1557 3469 1621 afferuntur,
3497 1556 3604 1610 hoc

2019 1654 2224 1708 modo:
2279 1672 2296 1704 ‹
2351 1651 2582 1705 Saloma
2623 1650 3023 1722 interroganti,
3071 1663 3359 1718 quousque
3404 1645 3607 1716 vigebit

2019 1763 2200 1808 mors,
2248 1765 2266 1795 ι
2303 1759 2412 1798 non
2439 1744 2595 1811 quasi
2629 1745 2732 1796 vita
2773 1752 2917 1798 esset
2965 1741 3136 1800 mala,
3175 1746 3228 1792 et
3273 1738 3419 1792 mala
3455 1753 3606 1791 erea-

2019 1847 2162 1904 ttn'a,
2202 1857 2220 1888 ‹
2259 1833 2952 1903 Dominus,Quoadusque,
2992 1831 3196 1901 inquit,
3227 1845 3323 1883 vos
3352 1829 3609 1882 mulieres

2020 1929 2241 1998 par-itis,
2283 1947 2302 1978 ι
2337 1927 2431 1982 sed
2467 1925 2622 1995 quasi
2663 1927 2964 1978 naturalem
3017 1924 3222 1978 docens
3265 1935 3609 1986 consequen-

334 2039 439 2107 φῆς
470 2007 574 2108 μὲν
601 2035 693 2091 οὖν
729 2007 822 2088 καί
860 2007 1038 2105 πάσης
1069 2033 1338 2112 ἀκοσμίας
1366 2033 1511 2101 ἡμᾶς
1541 2007 1579 2084 όν
1600 2007 1760 2102 νόμος
1788 2007 1913 2098 ἐξά-
1954 2007 1992 2054 Β
2020 2023 2105 2075 lia]

1838 2007 1913 2098 ξά-
1954 2007 1992 2054 ⁸
2020 2023 2179 2075 tiam:
2213 2030 2393 2074 ortum
2423 2019 2568 2073 enim
2613 2017 2836 2068 omnino
2877 2017 3120 2085 sequitur
3159 2013 3437 2068 interitus.
3487 2009 3609 2065 Vult

331 2139 448 2189 γειν
478 2124 803 2195 προῄρηται.
836 2122 945 2174 Καὶ
976 2121 1133 2173 τοῦτό
1161 2124 1309 2173 ἐστιν
1340 2119 1506 2172 αὑτοῦ
1539 2121 1707 2185 τέλος,
1735 2125 1798 2175 ὲκ
1814 2123 1911 2192 τῆς

332 2215 543 2278 ἀδικίας
590 2217 737 2285 ἡμᾶς
777 2217 856 2277 εἰς
902 2213 1245 2284 δικαιοσύνην
1295 2212 1563 2280 ὑπάγειν,
1609 2214 1818 2285 γάμους
1849 2233 1909 2267 τε

331 2308 691 2376 αἱρουμένους
739 2304 1039 2377 σώφρονας,
1090 2307 1181 2358 καὶ
1225 2304 1587 2370 παιδοποιίας,
1624 2308 1716 2359 καὶ
1761 2305 1911 2359 πολι-

331 2397 502 2461 τείας.
553 2400 609 2450 'O
652 2399 708 2450 δὲ
757 2397 961 2470 Κύριος
1014 2399 1074 2449 οὐ
1121 2398 1409 2450 καταλύειν
1455 2397 1566 2466 (42)
1609 2397 1697 2450 τὸν
1747 2399 1911 2468 νόμον

330 2491 660 2558 ἀφικνεῖται,
714 2489 849 2544 ἀλλά
895 2489 1213 2561 πληρῶσαιο
1271 2490 1555 2560 πληρῶσαι
1586 2489 1640 2542 δὲ
1684 2490 1780 2559 ούχ
1835 2490 1910 2552 ὡς

329 2581 500 2633 ἐνδεεῖ
545 2582 680 2651 (45),
737 2581 874 2634 ἀλλά
925 2581 1003 2651 τῷ
1041 2581 1140 2645 τὰς
1185 2582 1324 2634 κατά
1367 2582 1529 2651 νόμον
1574 2582 1911 2650 προφητείας

330 2674 597 2738 ἐπιτελεῖς
633 2674 887 2742 γενέσθαι
921 2675 1063 2728 κατά
1087 2677 1182 2746 τὴν
1220 2676 1384 2730 αὑτοῦ
1421 2674 1756 2746 παρουσίανο
1791 2675 1912 2727 ἐπεὶ

329 2767 393 2817 τὰ
425 2766 525 2834 τῆς
574 2765 741 2836 ὀρθῆς
774 2766 1048 2828 πολιτείας
1078 2769 1170 2819 καὶ
1203 2771 1314 2829 τοῖς
1354 2767 1584 2830 δικαίως
1627 2764 1912 2834 βεϐιωκόσι

329 2858 434 2928 πρὸ
466 2858 558 2910 τοῦ
595 2859 761 2928 νόμου
791 2859 877 2910 διὰ
917 2859 1009 2910 τοῦ
1041 2859 1199 2926 λόγου
1237 2861 1593 2929 ὲκηρύσσετο.
1630 2860 1693 2911 Οἱ
1732 2859 1912 2910 τοίνυν

328 2949 528 3014 πολλοὶ,
575 2951 673 3021 τὴν
712 2951 1044 3021 ἐγκράτειαν
1095 2953 1194 3002 οὐκ
1239 2952 1459 3014 εἰδότες,
1499 2951 1711 3021 σώματι
1758 2950 1909 3004 πολι-

325 3045 592 3103 τεύονται,
628 3041 741 3093 ἀλλ’
770 3042 828 3093 οὐ
863 3044 1154 3111 πνεύματι.
1191 3043 1266 3110 Γῆ
1293 3043 1348 3094 δὲ
1384 3043 1474 3095 καὶ
1496 3043 1689 3106 σποδὸς
1712 3043 1770 3095 τὸ
1803 3042 1908 3095 σῶ-

329 3146 403 3195 μα
454 3131 582 3185 ἄνευ
628 3133 960 3203 πνεύματος,
1009 3135 1200 3187 αὐτίκα
1239 3137 1485 3204 μοιχείαν
1517 3135 1628 3205 (44)
1665 3135 1722 3199 ἐξ
1757 3135 1910 3188 ἐνθυ-

329 3223 542 3290 μήσεως
590 3225 764 3294 κρίνει
794 3225 822 3275 ὁ
855 3224 1073 3294 Κύριος.
1119 3225 1182 3276 Τί
1222 3227 1328 3295 γάρ
1357 3242 1370 3288 ;
1406 3226 1505 3278 οὐκ
1542 3226 1654 3278 ἔστι
1687 3226 1776 3280 καὶ
1809 3226 1908 3293 γά-

2015 2127 2143 2181 ergo
2174 2112 2257 2164 lex
2287 2109 2507 2179 quidem
2551 2123 2654 2161 nos
2701 2122 2728 2156 a
2766 2105 2977 2158 deliciis
3022 2106 3283 2172 omnique
3317 2102 3519 2171 probro
3552 2109 3608 2155 et

2013 2202 2276 2256 dedecore
2318 2199 2568 2255 educere.
2626 2198 2691 2250 Et
2726 2197 2816 2250 hic
2847 2206 2929 2250 est
2964 2195 3080 2264 ejus
3120 2195 3261 2258 ﬁnis,
3314 2203 3373 2247 ut
3403 2208 3503 2246 nos
3535 2193 3607 2246 ab

2015 2293 2279 2361 injustitia
2324 2291 2388 2345 ad
2411 2292 2682 2360 justitiam
2713 2289 3070 2352 deducantur,
3115 2289 3336 2340 ltonesta
3359 2285 3609 2355 eligendo

2015 2385 2382 2446 matrimonia,
2415 2393 2466 2437 et
2491 2384 2784 2436 liberorum
2810 2381 3269 2450 procreationem,
3301 2379 3612 2447 bonamque

2016 2477 2140 2528 vitae
2180 2476 2599 2528 institutionem.
2647 2472 2914 2526 Dominus
2943 2481 3125 2526 autem
3165 2489 3184 2521 ι
3223 2487 3332 2524 non
3363 2470 3507 2524 venit
3537 2469 3607 2524 ad

2013 2565 2327 2621 solvendam
2378 2568 2579 2635 legcm,
2631 2565 2726 2620 sed
2761 2564 2829 2617 ad
2864 2564 3192 2634 implendam
3235 2564 3297 2616 δε
3348 2581 3366 2613 ι
3405 2563 3471 2616 ad
3501 2562 3609 2616 im-

2013 2659 2268 2730 plendam
2307 2667 2526 2724 autem,
2577 2673 2684 2711 non
2730 2667 2791 2711 ut
2835 2658 2922 2712 cui
2973 2657 3174 2726 aliquid
3222 2656 3470 2718 deesset,
3512 2655 3608 2709 sed

2013 2750 2162 2821 quod
2193 2751 2326 2820 legis
2357 2750 2656 2820 prophetia:
2700 2765 2795 2818 per
2829 2750 2950 2818 ejus
2995 2751 3288 2802 adventum
3328 2747 3611 2816 completa:

2012 2843 2234 2897 fuerint.
2272 2839 2408 2895 Nam
2451 2851 2595 2894 recta
2646 2841 2770 2894 vita:
2823 2840 3112 2903 institutio,
3168 2840 3234 2893 iis
3274 2839 3460 2902 etiam,
3510 2837 3606 2906 qui

2005 2936 2154 3004 juste
2180 2935 2435 2989 vixerunt
2469 2946 2595 2988 ante
2625 2935 2817 3004 legem,
2862 2950 2960 3002 per
2993 2934 3151 3002 logon
3189 2931 3602 3001 prwdieabatur.

2014 3029 2222 3100 Vulgus
2255 3043 2386 3099 ergo
2432 3028 2738 3091 hominum,
2779 3024 2923 3094 quod
2975 3039 3080 3078 non
3121 3023 3271 3076 novit
3314 3022 3604 3076 continen-

2009 3122 2169 3183 tiam,
2213 3134 2444 3190 corpore
2477 3118 2640 3172 vitam
2684 3116 2868 3186 degit,
2923 3117 3016 3170 sed
3057 3131 3164 3169 non
3211 3113 3404 3184 spiritu
3436 3131 3451 3166 :
3488 3113 3606 3167 sine

2010 3235 2202 3304 spiritu
2238 3243 2420 3288 autem
2469 3245 2671 3299 corpus
2697 3229 2834 3282 nihil
2874 3228 3022 3282 aliud
3067 3237 3152 3282 est
3186 3242 3352 3297 quam
3383 3235 3525 3282 terra
3553 3237 3607 3282 et

327 3327 411 3382 μέν
437 3314 723 3407 ἐγκρατῶς
759 3314 1010 3385 χρῆσθαι,
1041 3316 1134 3367 καὶ
1169 3315 1242 3384 μὴ
1281 3317 1570 3386 πειρᾶσθαι
1609 3317 1846 3369 διαλύειν
1879 3317 1907 3369 ὃ
1935 3353 1976 3407 C
2012 3330 2098 3383 οίη

1836 3335 1846 3365 '
1879 3317 1907 3369 δ
1935 3353 1976 3407 ρ
2012 3330 2172 3383 cinis.
2206 3327 2326 3381 Jam
2367 3325 2696 3379 adulterium
2733 3323 2944 3392 judicat
2979 3321 3244 3376 Dominus
3288 3337 3354 3375 ex
3401 3322 3607 3390 cogita—

331 3424 346 3453 ι
388 3405 704 3471 συνέζευξεν
736 3405 848 3475 (45)
877 3408 904 3458 ὀ
930 3405 1096 3470 Θεὸς;
1138 3426 1156 3455 ι
1197 3407 1434 3460 Τοιαῦτα
1491 3409 1597 3478 γὰρ
1629 3407 1909 3461 διδάσκου-

325 3516 407 3550 σιν
441 3499 488 3550 οἱ
531 3497 630 3566 τῆς
666 3497 924 3566 συζυγίας
959 3499 1215 3568 μερισταὶ
1242 3537 1256 3560 ,
1302 3499 1368 3552 δι’
1403 3499 1495 3562 οὓς
1524 3500 1618 3552 καὶ
1648 3500 1710 3552 τὸ
1741 3499 1910 3569 ὄνομα

328 3590 728 3659 βλασφημεῖται
778 3590 908 3658 (46).
957 3590 1170 3660 Μιαράν
1211 3591 1267 3642 δὲ
1306 3587 1445 3645 εἶναι
1480 3593 1578 3663 τὴν
1623 3592 1907 3644 συνουσίαν

323 3682 572 3749 λέγοντες
605 3675 788 3746 οὗτοι,
823 3686 871 3735 οἱ
919 3684 1016 3753 τὴν
1062 3683 1318 3737 σύστασιν
1349 3686 1443 3737 καὶ
1486 3685 1638 3738 αὐτοὶ
1687 3683 1798 3755 (47)
1841 3687 1905 3737 ὲκ

324 3775 610 3837 συνουσίας
647 3775 962 3844 εἰληφότες,
1001 3777 1117 3839 πῶς
1154 3778 1251 3831 οὐκ
1284 3777 1350 3831 ἂν
1383 3773 1493 3830 εἷεν
1529 3779 1714 3849 μιαροί
1735 3797 1750 3842 ;
1787 3777 1907 3830 Τῶν

320 3867 377 3918 δὲ
411 3866 780 3934 ἀγιασθέντων
812 3867 985 3936 ἀγιον,
1013 3865 1184 3938 οἶμαι,
1220 3871 1313 3922 καὶ
1344 3869 1406 3921 τὸ
1437 3871 1678 3940 σπέρμα.
1721 3871 1906 3939 Ἠγιά-

325 3957 446 4010 σθαι
475 3958 574 4027 μὲν
604 3953 697 4012 οὖν
730 3961 860 4030 ἡμῖν
894 3961 1096 4029 ὀξείλει
1124 3962 1181 4012 οὐ
1223 3961 1381 4030 μόνον
1412 3963 1472 4014 τὸ
1499 3962 1736 4033 πνεῦμα,
1771 3963 1904 4016 ἀλλά

321 4052 414 4103 καὶ
445 4053 473 4102 ὁ
511 4050 735 4120 τρόπος,
770 4053 865 4105 καὶ
910 4055 938 4106 ό
973 4053 1101 4122 βίος,
1147 4054 1239 4106 καὶ
1271 4055 1332 4107 τὸ
1376 4055 1555 4126 σῶμα.
1613 4057 1764 4109 Ἐπεὶ
1800 4058 1906 4109 τίνι

321 4142 464 4212 λόγῳ
517 4144 544 4194 ὁ
609 4143 908 4207 ἀπόστολος
959 4143 1166 4207 Παῦλος
1222 4144 1481 4214 ἡγιάσθαι
1538 4146 1687 4215 λέγει
1752 4167 1768 4198 ι
1810 4149 1907 4218 τὴν

319 4237 552 4299 γυναῖκα
589 4237 693 4288 ὑπὸ
729 4236 823 4288 τοῦ
868 4237 1080 4306 ἀνδρὸς,
1127 4237 1158 4305 ἣ
1202 4237 1292 4288 τὸν
1327 4237 1496 4309 ἄνδρα
1538 4239 1644 4292 ὑπὸ
1678 4241 1776 4310 τῆς
1806 4258 1904 4309 γυ-

319 4328 540 4392 ναικός;
582 4347 600 4379 ι
631 4329 694 4381 Τί
743 4328 799 4382 δέ
830 4332 975 4382 ἐστιν
1009 4329 1147 4399 ὅπερ
1171 4333 1200 4382 ὁ
1225 4331 1430 4402 Κύριος
1457 4328 1576 4386 εἷπε
1614 4335 1748 4406 πρὸς
1781 4336 1905 4398 τοὺς

321 4419 444 4490 περὶ
468 4419 561 4471 τοῦ
587 4423 914 4476 ἀποστασίου
945 4424 1400 4495 πυνθανομένους,
1425 4453 1442 4478 ι
1468 4428 1530 4480 Εἰ
1556 4428 1765 4492 ἔξεστιν
1790 4429 1900 4499 (48)

319 4511 580 4565 ἀπολῦσαι
596 4517 847 4579 γυναῖκα,
870 4517 1145 4578 Μωῦσέως
1175 4517 1597 4588 ἐπιτρέψαντος;
1630 4538 1648 4569 ι
1693 4538 1711 4570 ‹
1760 4521 1900 4592 Πρὸς

319 4607 412 4674 τὴν
431 4603 859 4674 σκληροκαρδίαν
877 4609 906 4659 ὑ
914 4608 1049 4677 μῶν,
1069 4610 1247 4678 φησιν,
1263 4612 1290 4662 ὁ
1309 4611 1544 4679 Μωῦσῆς
1555 4609 1724 4662 ταῦτα
1739 4611 1902 4684 ἔγρα-

2012 3422 2180 3475 tione.
2217 3419 2358 3485 Quid
2383 3417 2569 3473 enim?
2599 3431 2782 3469 annon
2814 3415 2938 3470 licet
2967 3415 3131 3469 etiam
3162 3413 3500 3467 continenter
3523 3413 3603 3467 uti

2013 3514 2388 3577 matrimonio,
2415 3521 2469 3565 et
2497 3528 2602 3566 non
2628 3508 2815 3566 conari
2839 3507 3158 3570 dissolvere,
3177 3506 3319 3574 quod
3342 3505 3604 3574 «conjun-

2012 3609 2090 3659 xit
2125 3605 2266 3660 Deus
2299 3605 2362 3658 οἳ
2391 3623 2410 3656 ι
2440 3603 2589 3657 Talia
2617 3603 2759 3657 enim
2802 3601 3000 3654 docent
3037 3598 3277 3667 conjugii
3309 3598 3599 3664 divisores,

2012 3707 2229 3766 propter
2250 3695 2395 3766 quod
2421 3710 2618 3749 nomen
2652 3693 2867 3764 probris
2892 3706 2957 3744 ac
2987 3689 3296 3744 maledictis
3329 3690 3603 3760 appetitur

2010 3789 2151 3844 inter
2204 3799 2416 3860 gentes.
2466 3787 2804 3842 Sceleratum
2852 3791 3032 3838 autem
3062 3783 3305 3837 dicentes
3346 3782 3438 3836 isti
3482 3797 3606 3837 esse

2009 3884 2244 3948 coitum,
2283 3883 2374 3951 qui
2421 3882 2522 3951 ipsi
2559 3895 2779 3950 quoque
2821 3893 2976 3934 suam
3008 3877 3302 3932 essentiam
3347 3890 3415 3930 ex
3457 3874 3601 3930 coitu

2011 3990 2298 4045 accepere,
2346 3974 2625 4044 quomodo
2674 3988 2782 4026 non
2832 3971 3035 4026 iuerint
3071 3967 3354 4022 scelerati?
3396 3966 3598 4022 Eorum

2011 4075 2216 4133 autem,
2259 4067 2352 4137 qui
2386 4074 2514 4120 sunt
2545 4064 2892 4130 sanctiﬁcati,
2945 4071 3194 4117 sanctum
3241 4074 3495 4131 quoque,
3539 4066 3603 4113 ut

2009 4167 2161 4227 puto,
2199 4173 2384 4212 semen
2411 4166 2513 4212 est.
2559 4158 2637 4212 Ac
2672 4157 2831 4210 nobis
2865 4155 3084 4225 quidem
3116 4153 3275 4208 debet
3315 4168 3436 4207 esse
3473 4167 3604 4207 san-

2009 4251 2299 4314 ctiﬁcatus,
2335 4264 2442 4302 non
2469 4249 2643 4302 solum
2678 4249 2924 4316 spiritus,
2959 4247 3050 4300 sed
3078 4254 3131 4298 et
3156 4260 3356 4310 mores,
3390 4254 3442 4298 et
3467 4245 3596 4309 vita,

2006 4352 2059 4395 et
2084 4357 2303 4410 corpus.
2342 4338 2476 4392 Nam
2502 4355 2738 4408 quanam
2766 4339 2974 4390 ratione
2997 4337 3130 4389 dicit
3151 4335 3355 4389 Paulus
3376 4345 3599 4404 aposto-

2005 4427 2090 4481 lus
2126 4444 2247 4482 esse
2275 4427 2697 4481 «sanctilicatam
2726 4426 3011 4479 mulierem
3039 4441 3069 4478 a
3088 4423 3598 4491 Vil‘O,)3llllVil‘Ulll

2004 4534 2032 4570 a
2058 4517 2322 4572 muliered
2341 4518 2364 4569 ?
2385 4536 2403 4568 ι
2422 4515 2563 4582 Quid
2588 4527 2671 4571 est
2693 4527 2898 4574 autem.
2921 4520 3065 4589 quod
3090 4518 3358 4573 Dominus
3381 4533 3601 4588 quoque

2002 4610 2142 4664 dixit
2172 4609 2260 4671 iis,
2296 4609 2389 4678 qui
2425 4608 2838 4677 interrogabant
2861 4611 2928 4663 de
2957 4609 3224 4664 divortio:
3265 4628 3284 4660 ‹
3326 4613 3409 4662 An
3445 4608 3602 4662 liceat

318 4698 432 4765 ςιεν·
458 4696 614 4766 ὑμεῖς
627 4695 681 4748 δὲ
698 4695 796 4747 οὐκ
815 4699 1190 4766 ἀνέγνωτε,ὅτι
1205 4700 1283 4771 τῷ
1299 4701 1704 4773 πρωτοπλάστῳ
1719 4705 1747 4755 ὁ
1761 4703 1892 4767 Θεὸς
1923 4697 1970 4755 Ι)
1996 4716 2089 4757 ιιι(

1824 4703 1892 4767 ;ὸς
1923 4697 1970 4755 D
1996 4716 2222 4757 uxorem
2237 4702 2527 4765 dimittere,
2548 4718 2672 4756 cum
2696 4700 2910 4774 Moyses
2925 4701 2976 4756 id
3003 4703 3354 4773 permiserit?
3391 4721 3411 4751 ι
3454 4718 3471 4749 ι
3494 4699 3595 4782 Ἀιι

393 4824 448 4892 gi
484 4816 673 4892 esse
702 4816 808 4871 ED.
841 4817 1139 4892 nomen,
1174 4826 1278 4879 445
1308 4823 1412 4880 ED.
1448 4824 1671 4880 PARIS.
1731 4840 1755 4867 ι
1790 4827 1806 4880 l
1837 4826 1996 4884 Joan.
2031 4843 2092 4892 ιι,
2131 4825 2219 4892 ιε,
2247 4826 2332 4880 t9.

322 4909 375 4954 Χ,
403 4891 453 4944 9.
527 4887 551 4926 δ
582 4890 601 4940 l
633 4888 759 4941 Cor.
784 4905 878 4955 vn,
913 4891 997 4944 14.

541 5023 924 5104 Ἐγνῴκαιξν-
955 5027 1324 5104 Γ,ι“ζιτ›σκομεν,
1355 5034 1546 5104 Joann.

392 5097 648 5194 (11).ξῖὺᾶ
680 5097 1302 5194 95:33l'l‘ﬂiEiI’LOid?
1339 5115 1452 5192 θὲίν
1480 5102 1648 5185 εἶπεΐ
1684 5106 1894 5194 Mil?“

317 5171 381 5250 ξιν
413 5168 578 5250 ὑμεῖς
600 5170 933 5250 αἱῢγυναῖκες
956 5168 1168 5221 τίκτετε
1187 5189 1211 5250 ξ
1231 5176 1328 5246 οὐχ
1359 5168 1447 5240 ὼςν
1465 5175 1632 5230 κακοῦ
1660 5175 1752 5228 τοῦ
1771 5168 1890 5242 βῖού

315 5238 466 5318 ὅνῖφέ
499 5238 968 5318 ωὶ,τῆςηξτὲσεῳς
987 5243 1261 5318 ,πρ-κληροῖς,
1283 5238 1396 5318 ἀλλ’
1414 5238 1500 5310 ib;
1615 5238 1878 5301 Srt.suno.

319 5312 564 5364 --~-l’orro
587 5307 686 5363 hoc
709 5307 908 5362 Christi
935 5309 999 5362 ad
1043 5307 1294 5365 Salomcn
1326 5307 1530 5371 dictum
1571 5321 1760 5373 iterum
1794 5333 1884 5371 oc-

318 5382 490 5456 currit
539 5383 593 5434 in
643 5379 888 5456 Erret-121.
929 5396 962 5456 _c_
1013 5378 1263 5456 Τρεοᾴοι.
1289 5401 1412 5456 pag.
1443 5388 1564 5456 799,
1598 5392 1720 5443 item
1760 5389 1883 5442 libri

318 5448 544 5530 hujusce
575 5466 698 5530 pag.
879 5451 1006 5503 edit.
1044 5449 1245 5517 Paris.,
1269 5448 1454 5511 tibivex
1486 5448 1774 5530 Evangelia
1808 5475 1896 5514 se-

315 5523 553 5592 cundum
593 5521 874 5592 {Egyptios
907 5530 1206 5592 sitmptum,
1245 5540 1514 5584 memorat
1545 5521 1752 5586 auctor.

315 5588 496 5672 τ,(4⁵2)
526 5588 900 5672 Κατᾷᾆῦεινκ
923 5588 1108 5672 Matth.
1147 5609 1223 5672 ν,
1248 5595 1363 5672 17]
1401 5599 1492 5672 Μὴ
1531 5603 1783 5672 νομίσητε
1815 5601 1897 5652 ὃτι

313 5653 484 5744 item}
509 5662 814 5744 καταλξσαι
854 5663 1147 5744 τδνὶνόμον
1261 5667 1387 5730 τοὺς
1797 5674 1897 5725 οὐκ

311 5725 492 5809 ἦλφξὶχὶ
507 5731 833 5809 κξςαλύσαι,
853 5733 985 5788 ἀλλά
1019 5725 1123 5804 πλη
1134 5725 1324 5805 ρῶσαι.

321 5879 363 5919 Π
388 5794 496 5919 (465)
544 5797 777 5855 Ἐνδεεῖ.
809 5794 1208 5878 (ὲυιιει-ιιρῐιίῖυε
1235 5808 1411 5879 ἐνδεῆ,
1446 5816 1528 5866 vel
1558 5815 1730 5868 ἐνδεᾶ.
1764 5812 1895 5867 Su.-

370 5883 412 5918 ιιι
459 5907 470 5918 .

370 5883 470 5918 ῐΙζῧ.

389 5935 498 6001 t-ii)
540 5940 844 6021 Μοιχείαιο.
888 5945 1125 6021 Respicit
1156 5947 1340 6002 Matth.
1372 5968 1421 6013 ι’,
1467 5953 1548 6006 ιιι.
1586 5957 1704 6019 Πᾶς
1734 5960 1760 6009 ὁ

315 6022 426 6054 πμ)
463 6009 686 6071 γυναῖκα
723 6013 852 6076 πρὸς
883 6015 938 6065 τὲ
970 6009 1298 6086 ἐπιθυμῆσαι
1329 6009 1494 6087 αύέἦς
1530 6026 1628 6089 ἤδη
1656 6009 1900 6094 ἐμοίχευο

2413 4827 2439 4864 b
2467 4825 2655 4880 Matth.
2691 4842 2741 4890 ν,
2772 4825 2856 4878 Π.
2936 4835 2958 4862 ο
2985 4823 3116 4877 Ibid.
3146 4838 3259 4888 xu,
3293 4821 3348 4876 6.
3421 4819 3595 4878 Marc.

2005 5054 2096 5090 σεν
2134 5035 2302 5107 αὐτὴν
2332 5037 2396 5106 τῇ
2424 5034 2616 5107 καρδία
2647 5033 2832 5107 αὐτοῦ.

2074 5108 2185 5178 (ιε)
2223 5090 2299 5178 “67
2327 5090 2706 5178 σ’ὑνέξευξεις.
2736 5102 3060 5178 Matllmux,
3093 5121 3179 5166 vr;
3213 5104 3478 5178 Μαι-ουκ.
3513 5104 3587 5159 9:

2006 5174 2183 5256 ὐ
2212 5177 2404 5256 ὁ-βερς
2430 5174 2769 5256 συνέζευξεν,
2801 5176 3196 5256 ἄνθρωποςυμὴ
3224 5175 3519 5256 χωριζέτωτ

2076 5249 2184 5320 (46)
2226 5247 2294 5301 Τὸ
2329 5247 2516 5314 ὄνομα
2561 5245 3037 5318 βλασφημεῖται.
3085 5245 3594 5320 lfittitéttllhristia-

1998 5315 2129 5375 num
2159 5315 2289 5384 vult,
2317 5327 2374 5370 ut
2406 5321 2660 5389 superius
2684 5315 2890 5389 p.128,
2922 5320 3051 5372 edit.
3085 5317 3258 5389 Paris.
3295 5315 3482 5389 Simile
3509 5326 3595 5389 est

2004 5392 2136 5446 illud
2170 5389 2399 5458 apostoli
2455 5385 2572 5446 Jac.
2607 5385 2733 5455 ιι,’7
2757 5411 2768 5444 :
2793 5390 2908 5444 Ούκ
2941 5389 3092 5442 αὐτοὶ
3125 5385 3508 5458 βλασφημοῦσι
3533 5386 3596 5439 τὸ

2006 5463 2168 5516 καλὸν
2198 5457 2370 5532 ὄνομα
2404 5459 2464 5512 τὸ
2497 5462 2788 5532 ἐπικληθὲν
2820 5461 3096 5532 ἐφ’ύμᾷςο
3130 5469 3184 5512 et
3203 5457 3368 5511 Rom.
3392 5474 3464 5532 ⁸ιι,
3487 5457 3591 5532 ‘24;

2005 5535 2078 5658 ’ἐξ
2104 5533 2209 5604 γάρ
2239 5529 2407 5602 ὄνομα
2438 5533 2531 5584 τοῦ
2557 5529 2693 5586 Θεοῦ
2710 5533 2775 5585 δι’
2801 5531 2944 5600 ὑμᾶς
2963 5529 3366 5599 βλασφημεῖται
3388 5529 3445 5582 ὲν
3482 5530 3594 5590 τοῖς

2072 5621 2236 5658 νεσιν.

2072 5621 2236 5658 νεσιν.

2079 5677 2190 5747 (47)
2225 5672 2561 5747 Καμὶναὺτοί.
2609 5673 2813 5747 Eodem
2862 5681 3189 5747 argumen_lo
3243 5669 3594 5747 Marcionitas

2006 5739 2416 5815 matrimonium
2442 5746 2792 5815 prohibentes
2809 5739 3089 5815 oppugnat
3106 5739 3594 5815 Tertulliannssub

2007 5818 2170 5872 tinent
2207 5815 2297 5868 lib.
2332 5808 2565 5869 tCohlra
2594 5808 2901 5868 Marciam—2'
2928 5808 3178 5884 (Utique
3210 5817 3353 5869 enim
3375 5820 3429 5865 et
3450 5808 3594 5863 Mar-

2012 5889 2136 5941 cion
2169 5905 2231 5940 ex
2271 5887 2474 5953 nuptiis
2510 5897 2671 5940 natus
2702 5895 2802 5938 est.
2839 5905 2857 5936 ι

2084 5959 2194 6026 (48)
2233 5960 2297 6010 El
2347 5951 2609 6020 ἔξεστιν.
2663 5954 2808 6020 Haec,
2847 5957 3029 6012 verbis
3081 5957 3305 6025 paulum
3340 5951 3592 6020 mutatis,

2010 6039 2223 6083 exstant
2262 6026 2448 6082 Matth.
2481 6045 2592 6092 tux,
2645 6028 2677 6082 5
2704 6037 2753 6081 et
2785 6044 2936 6098 seq.;
2968 6027 3132 6082 Marc.
3165 6043 3218 6092 χ,
3259 6026 3294 6079 2
3317 6037 3369 6081 et
3402 6040 3517 6096 seq.
