4484 6586
771 419 905 478 “Si

1913 422 2303 477 CLEMENTIS
2340 420 2807 477 ALEXANDRINI

3894 419 4035 475 ιιεε

772 541 1034 596 duritiam
1077 541 1255 597 cordis
1290 542 1478 607 vestri,
1502 542 1697 612 inquit.
1729 542 1940 612 Moyses
1970 547 2084 600 haec
2114 544 2352 613 scripsit.
2393 550 2428 604 Α
2458 540 2543 598 sic

2267 545 2352 599 sit.
2393 550 2428 604 Α
2458 540 2638 598 εἶπεν*
2681 561 2700 595 ι
2733 542 2962 598 Ἐσεσθε
2988 545 3039 595 οἱ
3061 541 3154 595 δύο
3174 543 3254 604 εἰς
3274 543 3452 614 σάρκα
3480 544 3643 615 ait»;
3670 541 3828 594 Ὥστε
3850 540 3880 592 6
3900 541 4038 592 ἁπο-

776 626 889 688 Vos
942 640 1120 688 autem
1160 647 1267 685 non
1311 632 1540 701 legistis,
1606 633 1752 703 quod
1809 637 2146 705 protoplasto
2205 634 2348 691 Deus

779 726 841 786 ἧι
867 723 1040 778 dixit:
1071 740 1090 772 ι
1115 719 1283 778 Erilis
1310 723 1420 776 duo
1459 725 1512 775 in
1553 738 1719 777 carne
1753 725 1895 778 una?
1923 723 2105 791 Quare
2134 726 2225 796 qui
2262 725 2349 780 di-

776 816 939 868 mittit
975 828 1222 879 uxorem,
1254 825 1610 884 prmterquam
1644 815 2024 871 fornicationis
2050 833 2238 884 causa,
2269 815 2351 870 fa—

773 903 846 958 cit
873 917 993 957 eam
1024 904 1326 958 mmcharit
1360 940 1375 955 .
1428 899 1533 956 Sed
1566 913 1690 967 post
1736 906 2214 970 resurrectionem,
2268 907 2343 959 in-

772 992 912 1061 quit,
961 1009 1062 1048 nec
1108 1009 1326 1048 uxorem
1369 993 1598 1058 ducunt,
1668 1009 1766 1049 nec
1817 995 2095 1050 nubuntb.
2141 996 2348 1051 Etenim

769 1084 841 1139 de
882 1096 1069 1139 ventre.
1110 1095 1163 1139 et
1203 1084 1339 1138 cibis
1384 1084 1589 1138 dictum
1633 1096 1712 1140 est
1762 1102 1776 1139 :
1817 1105 1837 1136 ι
1865 1084 2019 1141 Esca:
2057 1090 2250 1155 ventri,
2298 1094 2352 1142 et

775 1190 962 1231 ve..ter
982 1177 1155 1241 escis;
1181 1174 1324 1229 Deus
1348 1184 1527 1229 autem
1550 1184 1603 1229 et
1628 1176 1776 1230 illum
1797 1186 1849 1231 et
1867 1177 1968 1233 has
1990 1180 2268 1235 destruetc
2288 1199 2302 1247 ;
2324 1198 2344 1231 ι

773 1265 879 1321 bos
933 1268 1220 1334 impetens,
1273 1268 1366 1335 qui
1421 1267 1598 1321 instar
1636 1284 1929 1339 caprorum
1978 1282 2034 1326 et
2076 1271 2349 1327 hircorum

773 1357 877 1412 sibi
918 1358 1206 1412 vivendum
1242 1374 1365 1414 esse
1399 1370 1646 1423 censent,
1678 1379 1746 1417 ne
1772 1379 1964 1419 secure
2000 1381 2065 1421 ac
2096 1367 2214 1422 sine
2246 1376 2350 1421 ter-

774 1464 897 1503 rore
925 1460 1236 1506 comessent
1260 1462 1314 1506 et
1343 1453 1575 1509 coirent.
1604 1454 1661 1509 Si
1691 1459 2142 1514 resurrectionem
2172 1460 2351 1530 itaque

773 1541 1099 1609 receperint,
1131 1552 1192 1596 ut
1220 1542 1320 1612 ipsi
1353 1545 1563 1612 dicunt,
1595 1556 1646 1601 et
1673 1548 1794 1602 ideo
1829 1550 2232 1604 matrimonium
2267 1551 2352 1605 in-

771 1630 995 1685 firmant
1030 1642 1084 1686 et
1131 1635 1432 1704 abrogant;
1478 1652 1575 1690 nec
1615 1639 1922 1703 comedant,
1968 1655 2067 1693 nec
2105 1639 2291 1693 bibant
2332 1658 2346 1695 :

776 1738 796 1769 ι
821 1721 1029 1776 destrui
1062 1742 1081 1774 ι
1120 1724 1265 1777 enim
1302 1743 1320 1776 ι
1347 1735 1587 1780 ventrem
1619 1736 1672 1780 et
1702 1728 1872 1786 cibos.
1899 1746 1918 1777 ι
1955 1727 2087 1782 dicit
2110 1726 2350 1797 Aposto-

771 1806 860 1861 lus
885 1809 938 1862 in
975 1813 1397 1866 resurrectione.
1434 1813 1720 1878 Qstomodo
1741 1829 1869 1883 ergo
1896 1818 2167 1881 esuriunt,
2196 1827 2250 1872 et
2277 1818 2352 1873 si-

2452 635 2592 690 λύων
2618 633 2717 706 τὴν
2747 638 2982 702 γυναῖκα
3007 632 3173 705 χωρὶς
3196 630 3359 699 λόγου
3396 634 3653 706 πορνείας
3684 633 3826 687 ποιεῖ
3856 630 4031 701 αὐτὴν

2456 725 2826 799 μοιχευθῆναι.
2870 727 3030 780 Ἀλλά
3065 724 3171 797 (49)
3201 724 3339 795 μετὰ
3369 725 3468 795 τὴν
3497 727 3789 782 ἀνάστασιν
3813 767 3828 791 ,
3863 725 4031 794 φησιν

2454 818 2588 890 (50),
2624 815 2747 870 οὔτε
2792 816 3064 887 γαμοῦσιν
3092 858 3108 882 ,
3146 815 3269 869 οὔτε
3315 813 3661 883 γαμίζονται.
3704 837 3722 870 ι
3770 817 3879 871 Καὶ
3917 814 4031 886 γὰρ

2452 910 2580 981 περὶ
2616 910 2715 972 τῆς
2746 906 2958 971 κοιλίας
2985 910 3080 963 καὶ
3110 908 3217 961 τῶν
3266 904 3570 977 βρωμάτων
3602 909 3850 980 εἴρηταιο
3889 926 3910 959 ιι
3946 906 4030 959 Τὰ

2451 998 2713 1071 βρώματα
2744 1002 2811 1070 τῇ
2842 999 3052 1069 κοιλίᾳ,
3109 999 3203 1053 καί
3239 1001 3272 1071 ἡ
3307 997 3479 1052 κοιλία
3505 1000 3617 1059 τοῖς
3651 998 3965 1071 βρώμασιν
3997 997 4041 1052 ὀν

2447 1088 2504 1142 δὲ
2531 1089 2662 1154 Θεὸς
2686 1088 2780 1143 καὶ
2805 1086 3009 1157 ταύτην
3036 1089 3131 1142 καὶ
3154 1088 3324 1142 ταῦτα
3350 1087 3684 1157 καταργήσει
3703 1104 3717 1117 ·
3750 1110 3767 1139 ι
3804 1089 4031 1155 τούτους

2449 1179 2825 1255 ἑπιρῤαπίζων
2874 1179 3002 1241 τοὺς
3051 1179 3207 1251 δίκην
3251 1181 3472 1252 κάπρων
3519 1177 3612 1230 καὶ
3658 1179 3876 1249 τράγων
3929 1180 4030 1252 ζῇν

2449 1272 2749 1342 οἰομένους,
2771 1270 2860 1323 ἶνα
2886 1268 2961 1340 μὴ
3004 1269 3178 1336 ἀδεῶς
3209 1270 3456 1334 ἐσθίοιεν,
3504 1268 3598 1323 καὶ
3641 1268 3908 1338 ὀχεύοιεν.
3962 1273 4032 1327 ΕΙ

2448 1360 2581 1430 γοῦν
2606 1361 2703 1432 τὴν
2733 1359 3030 1414 ἀνάστασιν
3066 1361 3433 1432 ἀπειλήφασιν
3459 1358 3590 1429 (51),
3638 1357 3713 1421 ὡς
3759 1361 3916 1414 αὐτοί
3938 1361 4030 1415 λέ-

2448 1468 2625 1521 γουσι,
2657 1450 2750 1503 καὶ
2773 1447 2863 1502 διά
2887 1446 3047 1502 τοῦτο
3074 1450 3330 1504 ἀθετοῦσι
3344 1451 3434 1504 τὸν
3458 1452 3632 1520 γάμον
3650 1465 3664 1479 ⁸
3699 1449 3832 1519 μηδὲ
3849 1452 4039 1506 ἔσθιε-ν

2448 1557 2648 1605 τωσαν,
2686 1539 2818 1611 μηδὲ
2844 1539 3148 1594 πινέτωσαν
3169 1557 3185 1572 ο
3226 1560 3246 1593 ι
3288 1540 3675 1616 καταργείσθαι
3726 1558 3744 1590 ι
3775 1540 3885 1612 γὰρ
3922 1542 4028 1614 ἔφη

2455 1653 2474 1684 ι
2510 1631 2607 1703 τὴν
2639 1631 2844 1685 κοιλίαν
2874 1630 3062 1684 καὶτὰ
3095 1631 3361 1703 βρώματα
3393 1654 3411 1685 ι
3437 1636 3467 1687 ό
3502 1631 3817 1693 Ἀπόστολος
3856 1633 3914 1684 ἐν
3959 1636 4028 1705 τῇ

2450 1723 2763 1778 ἀναστάσει.
2797 1721 2923 1786 Πῶς
2944 1717 3037 1776 οὖν
3058 1722 3152 1775 καὶ
3183 1724 3432 1787 πεινῶσι,
3455 1724 3549 1778 καὶ
3572 1722 3784 1792 διψῶσι,
3807 1724 3901 1777 καὶ
3927 1724 4031 1793 τὴν

2454 1815 2631 1885 σάρκα
2660 1813 2948 1884 πάσχουσι,
2982 1813 3075 1866 καὶ
3101 1813 3170 1867 τὰ
3202 1813 3356 1877 ἄλλα,
3384 1816 3484 1868 ὅσα
3515 1817 3544 1868 ὁ
3574 1814 3663 1868 διὰ
3687 1812 3920 1885 Χριστοῦ
3942 1830 4033 1865 τε-

770 1901 936 1958 tiunt.
972 1909 1023 1954 et
1061 1905 1244 1958 carnis
1279 1905 1558 1972 patiuntur
1596 1905 1934 1972 affectiones,
1977 1919 2033 1965 et
2071 1912 2201 1974 alia,
2231 1930 2354 1983 quae
2383 1896 2426 1951 Β
2453 1907 2541 1960 λείε

2261 1930 2354 1982 μιω
2383 1896 2426 1951 Β
2453 1907 2600 1960 λείαν
2620 1905 2717 1977 τὴν
2744 1903 3200 1978 προσδοκωμένην
3222 1903 3519 1959 ἀνάστασιν
3550 1903 3725 1959 λαὸὼν
3753 1905 3814 1957 ού
3842 1903 4032 1956 πείσε-

770 2007 879 2045 ιιοιι
910 1991 1166 2060 patietur,
1205 1995 1297 2062 qui
1340 2011 1434 2063 per
1463 1997 1743 2052 tibi-istum
1780 2002 1991 2071 accepit
2029 2004 2351 2073 perfectam,

768 2097 893 2150 quae
925 2098 1196 2152 speratur,
1245 2088 1736 2142 resurrectionem?
1768 2089 1911 2157 Quin
1947 2093 2112 2147 etiam
2157 2094 2217 2159 ii,
2259 2094 2353 2165 qui

765 2174 952 2227 colunt
985 2175 1147 2231 idola.
1179 2190 1210 2229 ιι
1238 2176 1375 2231 cibis
1396 2187 1451 2231 et
1490 2190 1686 2234 venere
1712 2182 2007 2239 abstinent.
2039 2204 2056 2235 ι
2081 2184 2198 2241 Νοιι
2225 2197 2306 2242 est
2327 2205 2347 2239 ι

765 2277 972 2328 autem,
999 2268 1198 2336 inquit,
1227 2287 1245 2320 ι
1272 2284 1496 2339 regnum
1522 2270 1612 2325 Dei
1639 2274 1793 2329 cilius
1814 2285 1868 2328 et
1892 2287 2049 2345 potus
2069 2278 2118 2332 ἀ.
2146 2298 2165 2329 ι
2193 2279 2352 2335 Certe

770 2356 945 2423 magis
984 2372 1203 2427 quoque
1235 2373 1382 2413 cura:
1410 2368 1514 2424 est,
1558 2363 1650 2429 qui
1683 2363 1905 2432 angelos
1938 2367 2123 2420 colunt
2151 2375 2207 2421 et
2238 2368 2350 2423 da:-

770 2463 984 2511 mones,
1020 2449 1184 2502 simul
1217 2465 1246 2502 a
1282 2449 1408 2503 vino
1438 2459 1492 2504 et
1520 2452 1776 2506 animatis
1803 2463 1857 2508 et
1884 2455 2047 2510 rebus
2075 2457 2350 2515 abstinere

762 2538 1032 2593 Venercis.
1109 2536 1580 2604 Quemadmodum
1668 2552 1848 2596 autem
1916 2544 2199 2602 humilitas
2265 2559 2348 2603 est

767 2630 1172 2692 mansuetudo,
1225 2646 1335 2684 non
1389 2640 1572 2685 autem
1628 2633 1846 2688 amictio
1896 2638 2144 2705 corporis
2206 2658 2219 2693 :
2276 2640 2349 2694 ita

769 2722 941 2774 etiam
971 2722 1307 2775 continentia
1333 2731 1416 2776 est
1442 2723 1638 2778 anima:
1667 2725 1862 2789 virtus,
1897 2742 2018 2795 quae
2050 2744 2157 2781 non
2188 2739 2269 2783 est
2295 2730 2348 2782 in

774 2810 1087 2873 manifesto,
1125 2813 1217 2867 sed
1255 2813 1307 2865 in
1349 2814 1585 2867 occulto.
1635 2815 1775 2869 Sunt
1805 2826 1986 2869 autem
2023 2819 2208 2884 etiam,
2255 2818 2348 2888 qui

767 2902 1179 2956 matrimonium
1225 2914 1410 2972 aperte
1452 2907 1642 2961 dicunt
1680 2906 2127 2974 fornicationem,
2164 2922 2217 2965 et
2254 2912 2350 2965 de-

764 3000 999 3044 cernunt
1029 2989 1081 3044 it'
1130 2992 1386 3045 traditum
1427 3009 1550 3049 esse
1586 3009 1616 3048 a
1656 2995 1894 3051 diabolo.
1935 2995 2131 3052 Dicunt
2162 3011 2344 3054 autem

768 3079 994 3150 gloriosi
1050 3080 1139 3135 isti
1192 3080 1483 3139 iactatorcs
1531 3102 1591 3140 se
1634 3087 1834 3141 imitari
1887 3087 2200 3155 Dominum,
2251 3093 2345 3162 qui

770 3186 948 3240 neque
983 3186 1211 3225 uxorem
1244 3173 1422 3233 duxit,
1456 3191 1633 3245 neque
1666 3178 1720 3230 in
1756 3179 1959 3231 mundo
1986 3180 2188 3250 aliquid
2223 3197 2349 3250 pos-

770 3263 942 3328 sedit;
975 3277 1035 3323 se
1076 3264 1251 3333 magis
1284 3280 1450 3334 quam
1494 3266 1586 3319 alii
1628 3266 1978 3339 Evangelium
2022 3269 2351 3328 intellexisse

765 3351 1091 3425 gloriantes.
1133 3351 1226 3408 Eis
1269 3362 1452 3408 antem
1495 3356 1627 3411 dicit
1657 3356 1937 3425 Scriptura
1972 3379 1987 3414 :
2031 3379 2051 3413 ι
2082 3362 2224 3417 Deus
2257 3379 2354 3418 su-

769 3442 954 3513 perbis
1001 3439 1228 3507 resistit,
1277 3443 1577 3501 humilibus
1622 3457 1803 3503 autem
1854 3451 1950 3505 dat
1998 3455 2226 3522 gratiam
2250 3465 2346 3510 ο.)

766 3530 974 3587 Deinde
997 3533 1247 3588 nesciunt
1279 3549 1502 3589 causam
1556 3551 1654 3591 cur
1681 3538 1944 3595 Dominus
1977 3558 2202 3598 uxorem
2240 3560 2349 3599 non

771 3625 1010 3679 duxerit.
1042 3624 1287 3680 Primum
1319 3628 1562 3697 quidem,
1589 3631 1862 3699 prepriam
1901 3633 2060 3703 192
2090 3650 2347 3704 sponsam

772 3715 965 3771 habuit
1018 3715 1317 3772 Ecclesiam
1364 3735 1379 3772 :
1416 3718 1612 3775 deinde
1662 3736 1819 3784 vero,
1866 3739 1967 3778 nec
2023 3726 2187 3779 homo
2232 3736 2350 3781 erat

772 3807 1112 3872 communis,
1149 3819 1209 3863 ut
1243 3823 1381 3877 opus
1421 3809 1643 3865 haberet
1676 3812 1838 3867 etiam
1874 3814 2121 3882 adjutore
2166 3818 2350 3887 aliquo

773 3899 1074 3954 secundum
1100 3914 1354 3966 carnem;
1387 3916 1563 3972 neque
1586 3913 1706 3957 erat
1730 3903 1780 3957 ei
1816 3919 2038 3960 necesse
2064 3921 2351 3975 procreare

772 3988 938 4052 ﬁlios,
970 3988 1065 4058 qui
1096 3999 1279 4043 manet
1301 3989 1357 4043 in
1391 4002 1680 4057 aeternum,
1703 4001 1759 4047 et
1783 4004 1946 4048 natus
1968 4004 2052 4049 est
2079 3997 2229 4051 solus
2259 3996 2352 4053 Dei

776 4077 972 4133 Fdius.
1004 4077 1235 4146 Hicipsc
1270 4087 1451 4133 autem
1484 4080 1745 4137 Dominus
1773 4083 1900 4137 dicit
1929 4102 1942 4137 :
1979 4104 1997 4136 ι
2027 4083 2179 4151 Quod
2208 4086 2351 4143 Deus

774 4169 1078 4238 conjunxit,
1114 4169 1278 4223 homo
1312 4185 1379 4223 ne
1412 4182 1627 4239 separet
1647 4170 1692 4225 ι.
1718 4190 1738 4224 ι
1770 4171 1836 4228 Et
1867 4191 2059 4230 rursus
2095 4194 2108 4228 :
2151 4196 2169 4227 ι
2198 4176 2350 4233 Sicut

776 4256 963 4315 autem
993 4269 1111 4315 erat
1134 4260 1188 4314 in
1215 4261 1410 4316 diebus
1432 4258 1568 4325 Noe,
1592 4273 1750 4318 erant
1773 4265 2057 4333 nubentes,
2082 4276 2135 4321 et
2162 4270 2355 4338 nuptui

772 4354 987 4419 dantes,
1017 4354 1365 4419 aedificantes,
1403 4361 1457 4408 et
1500 4354 1837 4424 plantantes;
1870 4366 1923 4411 ct
1950 4358 2090 4413 sicut
2129 4368 2248 4414 erat
2299 4362 2353 4415 in

775 4445 971 4504 diebus
1015 4441 1139 4509 Lot,
1169 4443 1243 4496 ita
1273 4443 1378 4496 erit
1411 4443 1677 4499 adventus
1723 4443 1845 4499 Filii
1891 4447 2131 4503 hominis
2151 4450 2197 4504 ε.
2225 4469 2244 4502 ι
2288 4450 2355 4506 Ει

2451 2014 2575 2062 ται;
2615 1996 2752 2050 Ἀλλ’
2789 1999 2837 2049 oi
2871 1998 2967 2050 καὶ
3004 1997 3073 2050 τὰ
3096 1995 3289 2049 εἰδωλα
3322 1996 3607 2068 σεϐόμενοι
3635 1996 3941 2069 βρωμάτων
3967 2011 4031 2048 τε

2454 2087 2569 2158 ἅμα
2594 2088 2688 2142 καὶ
2706 2087 3028 2159 ἀφροδισίων
3060 2087 3353 2157 ἀπέχονται
3371 2104 3385 2118 ⁸
3422 2108 3440 2139 ι
3466 2089 3580 2142 Οὐκ
3604 2088 3718 2141 ἔστι
3736 2087 3790 2140 δὲ
3812 2089 3844 2157 ἠ
3870 2086 4033 2157 βασι-

2451 2179 2568 2232 λεία
2590 2177 2724 2231 Θεοῦ
2760 2177 2963 2248 βρῶσις
3006 2178 3099 2230 καὶ
3145 2177 3331 2241 πόσις,
3388 2197 3407 2229 ι
3438 2178 3620 2249 φησίν.
3682 2178 3895 2247 Ἀμέλει
3939 2177 4030 2231 διὰ

2450 2270 2727 2341 φροντίδος
2753 2269 2868 2321 ἐστὶ
2889 2268 2983 2321 καὶ
3011 2269 3125 2330 τοῖς
3153 2266 3368 2337 μάγοις,
3387 2266 3531 2320 οἴνου
3558 2284 3618 2319 τε
3650 2267 3784 2337 ὁμοῦ
3817 2268 3911 2320 καὶ
3930 2268 4033 2337 ἐμ-

2447 2360 2633 2431 ψύχων
2665 2360 2761 2413 καὶ
2781 2358 3108 2430 ἀφροδισίων
3131 2358 3452 2428 ἀπέχεσθαι,
3483 2358 3837 2428 λατρεύουσιν
3866 2356 4032 2426 ἀγγέ-

2448 2451 2561 2514 λοις
2594 2450 2688 2504 καὶ
2728 2448 2996 2519 δαίμοσιν.
3062 2448 3160 2526 Ὦς.
3199 2445 3257 2500 δὲ
3312 2449 3346 2515 ἠ
3391 2446 3855 2517 ταπεινοφροσύνη
3917 2446 4031 2516 (52)

2452 2541 2696 2611 πραότης
2721 2541 2892 2602 ἐστὶν,
2916 2539 3034 2609 οὐχ).
3066 2537 3124 2591 δὲ
3152 2537 3418 2607 κακουχία
3453 2535 3700 2607 σώματος
3720 2554 3733 2566 ·
3764 2536 3905 2588 οῦτω
3933 2536 4032 2589 καὶ

2449 2633 2482 2702 ἠ
2509 2630 2804 2701 ἐγκράτεια
2830 2629 3010 2701 ψυχῆς
3038 2626 3228 2700 ἀρετὴ,
3263 2628 3297 2698 ἠ
3326 2627 3426 2680 οὐκ
3459 2628 3519 2680 ὲν
3552 2625 3769 2699 φανερῷ
3789 2667 3803 2689 ,
3823 2625 3939 2679 ἀλλ’
3974 2628 4036 2679 ἐν

2451 2720 2772 2792 ἀποκρύφῳ.
2802 2720 2952 2773 Είσίν
2978 2719 3024 2773 θ’
3058 2720 3107 2773 οἱ
3141 2719 3397 2791 πορνείαν
3431 2716 3690 2789 ἄντικρυς
3730 2718 3821 2770 τὸν
3851 2718 4034 2786 γάμον

2449 2813 2664 2882 λέγουσι
2700 2812 2794 2865 καί
2826 2813 2932 2865 ὑπὸ
2971 2810 3065 2864 τοῦ
3107 2810 3353 2864 διαϐόλου
3398 2808 3602 2879 ταύτην
3642 2808 4030 2881 παραδίδοσθαι

2446 2905 2831 2976 δογματίζουσι
2849 2921 2864 2935 ο
2889 2902 3172 2974 μιμεῖσθαι
3189 2903 3233 2956 δ’
3256 2903 3451 2965 αὐτοὺς
3483 2905 3530 2955 oi
3551 2899 3871 2972 μεγαλοῦχοί
3893 2916 4029 2969 φασι

2446 2996 2536 3049 τὸν
2566 2994 2789 3065 Κύριον,
2845 2993 2982 3063 μήτε
3023 2993 3308 3062 γήμαντα,
3363 2991 3500 3061 μήτε
3540 3008 3591 3043 τι
3642 2991 3699 3042 ὲν
3732 2988 3809 3059 τῷ
3838 2989 4033 3059 κόσμῳ

2448 3085 2792 3158 κτησάμενον
2818 3099 2832 3113 ⁸
2868 3082 3067 3154 μᾶλλον
3092 3080 3246 3154 παρὰ
3269 3082 3394 3145 τους
3419 3080 3612 3144 ἄλλους
3637 3080 3951 3148 νενοηκέναι
3973 3080 4034 3132 τὸ

2447 3176 2775 3245 Εὑαγγέλιον
2804 3171 3169 3244 καυχώμενοι.
3219 3172 3384 3239 Λέγει
3415 3170 3471 3224 δὲ
3504 3172 3687 3234 αὐτοῖς
3722 3172 3753 3240 ἡ
3801 3170 3991 3240 Γραφή
4015 3186 4032 3199 ο

2459 3290 2478 3323 ι
2527 3265 2925 3339 ’Υπερηφάνοις
2965 3268 2994 3318 ὁ
3038 3264 3173 3327 Θεὸς
3202 3264 3614 3324 ἀντιτάσσεται,
3663 3264 3936 3324 ταπεινοῖς
3975 3260 4037 3315 δὲ

2455 3361 2635 3414 δίδωσι
2661 3359 2839 3429 χάριν.
2883 3374 2903 3408 ι
2942 3352 3052 3408 Εἶτ’
3073 3357 3173 3408 οὐκ
3200 3354 3346 3407 ἴσασι
3368 3353 3466 3424 τὴν
3490 3352 3669 3406 αἰτίαν
3699 3351 3791 3405 τοῦ
3828 3352 3901 3423 μὴ
3927 3350 4031 3421 γῆ-

2461 3469 2559 3523 μαι
2590 3451 2682 3504 τὸν
2721 3448 2924 3519 Κύριον
2945 3465 2958 3479 ·
2992 3447 3205 3517 πρῶτον
3233 3446 3331 3516 μὲν
3364 3446 3494 3516 γὰρ,
3529 3445 3627 3515 τὴν
3655 3444 3788 3497 ἰδίαν
3814 3443 4037 3516 νύμφην

2458 3537 2621 3612 εἶχεν,
2649 3541 2747 3611 τὴν
2790 3536 3115 3607 Ἐκκλησίαν
3139 3553 3153 3567 ’
3184 3536 3372 3588 ἔπειτα
3403 3536 3461 3588 δὲ
3501 3535 3622 3587 οὐδὲ
3647 3534 3937 3605 ἄνθρωπος
3965 3530 4036 3605 ἦν

2458 3630 2654 3695 κοινὸς,
2684 3630 2771 3682 ἵνα
2802 3629 2897 3682 καὶ
2940 3626 3134 3699 βοηθοῦ
3168 3643 3312 3690 τινος
3334 3624 3478 3678 κατὰ
3498 3624 3678 3695 σάρκα
3703 3623 3864 3694 δεηθῇ
3884 3624 4036 3677 ὀὐδὲ

2453 3720 2946 3792 τεκνοποιήσασθαι
2968 3716 3034 3790 ἦν
3069 3717 3217 3788 αὐτῷ
3249 3719 3545 3784 ἀναγκαῖον
3576 3715 3760 3778 ἀϊδίως
3800 3715 4034 3785 μένοντι,

2455 3817 2549 3870 καὶ
2575 3815 2718 3887 μόνῳ
2745 3812 2856 3882 Υίῷ
2874 3811 3011 3865 Θεοῦ
3037 3811 3301 3879 γεγονότι.
3329 3809 3501 3871 Αὐτὸς
3518 3807 3575 3860 δὲ
3605 3801 3757 3869 οὗτος
3781 3809 3810 3859 ὁ
3834 3806 4037 3877 Κύριος

2455 3906 2600 3973 λέγει
2618 3923 2631 3935 ·
2655 3925 2674 3956 ι
2710 3906 2769 3957 ’0
2792 3903 2924 3967 Θεὸς
2942 3901 3283 3966 συνέζευξεν,
3300 3899 3584 3971 ἄνθρωπος
3608 3897 3682 3968 μὴ
3697 3895 3994 3970 χωριζέτω.
4011 3916 4029 3947 ι

2458 3998 2566 4050 Καὶ
2622 3997 2814 4050 πάλιν·
2857 4017 2874 4047 ι
2903 3997 3112 4066 ’Ὠσπερ
3156 3994 3267 4065 (55)
3314 3992 3371 4045 δὲ
3418 3987 3486 4062 ἦν
3531 3992 3590 4043 ὲν
3636 3992 3756 4053 ταῖς
3809 3990 4036 4061 ἡμέραις

2457 4088 2603 4151 Νῶε,
2634 4085 2773 4159 ἦσαν
2804 4088 3138 4157 γαμοῦντες,
3186 4084 3512 4155 γαμίζοντες
3539 4120 3555 4145 ,
3592 4079 3997 4150 οίκοδομοῦντες
4017 4120 4034 4141 ,

2455 4178 2792 4247 φυτεύοντες,
2810 4179 2903 4231 καὶ
2924 4178 2997 4241 ὡς
3009 4173 3072 4247 ἦν
3091 4178 3147 4230 ἐν
3162 4178 3277 4238 ταῖς
3292 4178 3324 4244 ἡ
3335 4175 3529 4244 μέραις
3544 4170 3687 4234 Λὼτ,
3703 4170 3873 4232 οὕτως
3884 4170 4034 4226 ἔσται

2458 4274 2492 4341 ὴ
2528 4270 2799 4342 παρουσία
2847 4267 2941 4322 τοῦ
2975 4267 3104 4321 Υἱοῦ
3140 4267 3234 4321 τοῦ
3274 4263 3584 4336 ἀνθρώπου.
3629 4282 3648 4314 ι
3695 4264 3803 4316 Καὶ
3845 4264 3926 4317 ὃτι
3968 4264 4032 4318 οὔ

2462 4362 2599 4433 πρὸς
2623 4359 2692 4413 τὰ
2721 4360 2845 4430 ἔθνη
2877 4358 3057 4427 λέγει,
3090 4358 3341 4429 ἐπιφέρει
3360 4371 3374 4385 ·
3418 4373 3437 4405 ι
3471 4349 3618 4424 Ἄρα
3643 4351 3810 4407 ὲλθὼν
3844 4356 3874 4407 ό
3903 4354 4033 4419 Υίδς

2460 4452 2553 4506 τοῦ
2586 4450 2871 4522 ἀνθρώπου
2898 4450 3270 4521 (54),εὐρήσει
3302 4444 3401 4516 τὴν
3420 4444 3599 4498 πίστιν
3615 4446 3705 4498 ἐπὶ
3740 4446 3839 4515 τῆς
3870 4446 4029 4516 γῆςςι

775 4538 924 4607 quod
949 4537 1052 4591 hoc
1075 4550 1181 4589 non
1209 4535 1339 4588 dicit
1359 4535 1424 4589 ad
1454 4545 1658 4604 gentes,
1684 4538 1938 4605 ostendit,
1964 4555 2092 4596 cum
2119 4542 2359 4612 subjun-
2385 4540 2435 4598 ιι
2461 4547 2546 4601 Κα

2259 4560 2359 4600 ιω·
2385 4540 2435 4598 D
2461 4546 2573 4601 Καὶ
2601 4544 2762 4598 πάλιν
2781 4561 2794 4575 ο
2842 4564 2861 4597 ι
2893 4545 3028 4598 Οὐαὶ
3060 4543 3118 4594 δὲ
3150 4541 3272 4601 ταῖς
3317 4540 3376 4590 ὲν
3408 4537 3602 4607 γαστρὶ
3648 4536 3896 4607 ἐχούσαις
3936 4538 4030 4589 καὶ

856 4636 915 4695 ί.
939 4628 1001 4699 ι»,
1029 4628 1135 4700 5.35
1158 4625 1268 4682 ED.
1293 4624 1587 4700 eo'r'rsu,
1613 4627 1718 4700 tto
1743 4628 1851 4700 eo.
1881 4630 2101 4686 PARIS.
2137 4645 2163 4674 -
2197 4633 2389 4691 Matth.
2430 4652 2544 4700 nx,
2578 4636 2612 4690 δ

2253 4636 2389 4691 atth.
2430 4652 2544 4700 nx,
2578 4636 2612 4690 5
2645 4653 2658 4696 ;
2691 4634 2851 4688 Marc.
2886 4652 2942 4699 ι,
2969 4634 3061 4687 2.3)
3083 4629 3271 4700 Matth.
3309 4642 3439 4700 iisti.
3470 4625 3569 4691 50;
3599 4625 3762 4700 Marc.
3798 4642 3894 4688 xii,
3923 4626 4024 4700 273;

778 4700 916 4757 Luc.
944 4695 1034 4764 xi,
1063 4699 1153 4754 55.
1244 4710 1264 4737 ε
1291 4695 1312 4749 ι
1341 4698 1467 4750 Cor.
1500 4712 1551 4749 ιι
1597 4698 1677 4751 l5.

784 4786 812 4827 ι
838 4772 1028 4827 Matth.
1076 4784 1226 4835 xx",
1253 4767 1354 4835 37;
1376 4765 1511 4821 Luc.
1545 4781 1684 4832 χιιι,
1707 4766 1802 4824 28.

856 4859 967 4930 (49)
1014 4856 1209 4930 Ἀλλά.
1240 4855 1392 4930 βίος,
1416 4855 1596 4930 verbis
1616 4871 1820 4930 _r_ursus
1848 4855 2069 4930 paulum
2095 4858 2351 4930 variatis,

776 4924 1081 5015 ueteri-unt
1107 4927 1295 4981 Matth.
1320 4941 1459 4992 nn,
1488 4927 1588 4993 50;
1616 4924 1785 4981 Mare.
1820 4924 1920 4993 xit,
1957 4925 2030 4979 25
2056 4943 2071 4993 ;
2096 4925 2231 4984 Luc.
2260 4924 2353 4996 xx,

779 4999 1209 5155 ῗοίᾷθλρῡησίν.
1240 5066 1298 5120 Si
1329 5066 1452 5135 quis
1484 5062 1772 5137 pluraliter
1786 5067 1939 5121 malit
1963 5067 2120 5140 φασί,
2147 5086 2243 5140 per
2268 5083 2357 5123 me

781 5138 929 5195 licet.
949 5138 1214 5193 'Srcuuao
1974 5138 1983 5140 ‘
2148 5138 2164 5140 “

855 5209 966 5277 (51)
1007 5205 1481 5276 Τὶινάνάστασιν
1503 5209 1607 5263 ἀπ.
1655 5205 1722 5261 Hi
1752 5206 1987 5263 heretici
2010 5207 2354 5262 afﬁrmabant

784 5278 862 5340 id,
896 5282 1040 5347 quod
1076 5290 1204 5349 ante
1228 5292 1349 5349 eos,
1402 5278 1460 5331 S.
1491 5279 1661 5334 Paulo
1694 5279 1750 5330 in
1804 5280 1940 5349 vivis
1986 5287 2179 5349 agente
2208 5319 2223 5344 ,
2261 5277 2354 5331 alii

779 5345 1066 5421 dixerant,
1106 5348 1204 5421 τὴν
1245 5345 1540 5421 ἀνάστασιν
1589 5345 2356 5421 ῆδῃῇγεγονέναιή-ιιεειιινιοο-

782 5420 1018 5488 ctionem
1044 5416 1296 5488 esse'jam
1318 5419 1551 5473 factum:
1583 5416 1837 5475 i'll'Tim.
1865 5433 1925 5481 ιι,
1949 5420 2034 5474 l8.
2066 5416 2159 5473 Sic
2189 5419 2351 5472 etiam

680 5493 700 5512 ‘
779 5487 1081 5544 Menander
1123 5487 1305 5544 docuit
1368 5505 1388 5541 ι
1425 5493 1879 5545 resurrectionem
1938 5505 2030 5558 per
2082 5490 2159 5553 id,
2207 5488 2354 5557 quod

780 5566 866 5615 est
890 5560 944 5612 in
971 5574 1098 5613 eum
1125 5599 1141 5620 ,
1188 5561 1455 5629 baptisma
1503 5562 1749 5630 accipere
1800 5559 1921 5628 ejus
1952 5560 2277 5630 discipulos,
2307 5567 2362 5611 et

784 5631 930 5683 ultra
971 5644 1082 5683 non
1118 5643 1278 5699 posse
1318 5630 1494 5692 mori,
1534 5633 1626 5685 sed
1666 5645 2012 5700 perseverare
2057 5647 2167 5684 non
2203 5643 2363 5700 sene-

782 5708 997 5754 scentes
1039 5709 1094 5754 et
1152 5700 1524 5756 immortales:
1564 5718 1582 5750 ι
1631 5698 1690 5754 ut
1720 5700 1963 5756 referunt
1995 5698 2231 5755 lrena-us
2266 5698 2359 5751 lib.

783 5783 969 5840 [.Aeap.
995 5770 1084 5835 21,
1116 5780 1172 5824 et
1203 5769 1574 5826 Tertullianus
1607 5772 1700 5826 lib.
1746 5771 1819 5825 De
1853 5772 2062 5831 anima,
2111 5787 2232 5840 cap.

1786 4697 1813 4738 ἀ
1839 4700 1995 4756 Rom.
2031 4719 2142 4768 xiv,
2164 4705 2250 4757 Π.
2331 4716 2355 4744 ε
2377 4704 2494 4761 Jac.
2526 4697 2602 4773 iv,
2629 4705 2693 4769 6;
2725 4697 2952 4771 lPet.v',
2989 4707 3040 4756 5.

3160 4699 3179 4739 ῐ
3212 4696 3399 4751 Matth.
3426 4713 3556 4763 xux,.
3593 4699 3654 4760 6;
3699 4695 3847 4751 Marc
3877 4713 3933 4760 ιι,
3969 4695 4023 4749 9.

2460 4860 2663 4923 carnis,
2692 4874 2812 4928 cap.
2850 4855 3127 4928 l9,7alios
3176 4852 3354 4928 fuisse
3391 4855 3829 4928 h_:ercticos,qui
3879 4857 4028 4928 dicc-

2462 4928 2591 4982 hant
2629 4947 2651 4980 ι
2681 4924 3139 4995 resurrectionem
3162 4940 3287 4977 eam
3307 4924 3685 4979 vindicandam
3707 4967 3722 4985 ,
3747 4924 3857 4995 oua
3896 4925 4028 4995 quis

2463 5000 2603 5052 adita
2659 5004 2891 5053 veritate
2937 4994 3306 5050 redauimatus
3363 5002 3419 5048 et
3481 4993 3841 5050 reviviﬁratus
3893 4993 4025 5055 Deo,

2463 5067 2783 5147 ignorantia;
2805 5075 2980 5121 mone
3005 5066 3273 5147 diseussa,
3308 5065 3448 5144 velut
3468 5064 3548 5147 _d‘e
3591 5067 3853 5147 sepulcro
3872 5072 4021 5147 vete-

2463 5134 2540 5212 ris
2574 5138 2810 5192 hominis
2851 5134 3096 5203 eruperit
3117 5152 3149 5212 Ξ
3166 5173 3180 5187 .
3320 5134 3517 5187 exinde
3565 5134 4020 5212 resurrectionem

2460 5206 2562 5261 ﬁde
2588 5216 2916 5263 consecutos
2957 5201 3091 5257 cum
3114 5202 3353 5258 Domino
3369 5217 3510 5270 esse,
3542 5218 3671 5258 cum
3694 5218 3825 5257 eum
3845 5203 3899 5254 in
3932 5201 4024 5254 ba-

2460 5278 2710 5345 ptismate
2743 5275 3038 5331 induerint.
3077 5292 3096 5326 ι

2532 5348 2640 5417 (52)
2673 5345 3216 5420 Ταπεινοφροονιξνη.
3252 5343 3540 5420 Respieere
3571 5342 3784 5420 videtur
3804 5337 4017 5420 Qolcss.

2463 5409 2654 5479 ".23:
2688 5415 2880 5471 "Atwa
2910 5409 3023 5467 ἔστι
3052 5409 3207 5483 λόγον
3236 5417 3333 5486 μὲν
3363 5409 3552 5486 ἔχοντα
3597 5409 3878 5486 σοφίαςιξν
3908 5409 4025 5486 €05:-

2454 5486 2813 5571 λορρησκείᾳ,
2858 5486 2953 5539 καὶ
2988 5478 3484 5558 ταπεινοφροσύνῂ,
3528 5481 3622 5535 καὶ
3663 5478 3882 5551 ἀφειδίᾳ
3931 5481 4022 5535 τοῦ

2463 5573 2730 5612 σωματος.

2531 5577 2921 5697 (ἓξὲῗοὲὁσπερ.
2971 5623 3175 5681 Horum
3211 5639 3407 5683 sensus
3430 5620 3672 5677 occurrit
3714 5617 3846 5676 Luc.
3884 5637 4018 5683 xvn.

2461 5696 2562 5763 28';
2604 5700 2788 5752 Matth.
2825 5696 3080 5755 “H.237.

2535 5760 2645 5839 ('54)
2682 5765 3031 5839 'quexqor
3055 5770 3090 5839 ε
3108 5766 3241 5832 nec
3271 5766 3376 5821 τοῦ
3400 5765 3528 5819 ἀνθ.
3569 5762 3626 5815 'o
3642 5760 3763 5828 Υἱὸς
3803 5760 3896 5817 τοῦ
3928 5761 4023 5815 ἀν-

789 5828 1081 5894 Νειιίοι-ιιι’
1116 5842 1281 5896 etiam
1316 5841 1684 5897 Tertullianns
1728 5843 1820 5897 lib.
1877 5840 1951 5894 De
1986 5828 2367 5896 resurrectione
2468 5828 2560 5910 θρίξ

1431 5842 1684 5897 tullianns
1728 5843 1820 5897 lib.
1877 5840 1951 5894 De
1986 5828 2367 5896 resurrectione
2468 5828 2685 5910 θρῶπου
2717 5828 2886 5890 ἐλθὼν
2918 5828 3044 5907 ἄρα,
3074 5837 3202 5891 Luc.
