4484 6586
318 390 451 443 ΗΞἹ

1568 392 2010 452 ΒΤΒΟΜΑΤΒΜ
2048 398 2174 453 LlB.
2219 398 2302 454 Ill.

3418 408 3553 463 “58

311 529 729 603 προσαγορεύειν
756 527 864 597 (76)
899 527 1148 596 σύζυγον,
1185 529 1248 600 ἢν
1305 531 1363 583 οὐ
1406 533 1753 604 περιεκόμιζε
1789 533 1878 586 διὰ
1905 522 1951 578 Α
1979 534 2082 588 l"fl"

1789 533 1878 586 διὰ
1905 522 1951 578 Α
1979 520 2268 588 reprobaut
2292 521 2607 589 apostolos?
2636 519 2827 576 Petrus
2856 522 2997 576 enim
3026 534 3077 578 et
3106 521 3386 593 Philippus
3408 523 3548 581 filios

305 619 369 675 τὸ
401 622 497 693 τῆς
531 618 833 694 ὑπηρεσίας
882 620 1134 687 εὐσταλές
1182 624 1314 695 (7.7).
1367 623 1529 691 Λέγει
1556 623 1648 680 οὖν
1680 628 1737 679 ἕν
1771 644 1874 679 τινι

306 711 599 782 ἐπιστολῇ·
648 728 667 761 ι
704 710 818 763 Οὐκ
860 709 1050 783 ἔχομεν
1082 715 1327 782 ἐξουσίαν
1366 714 1595 790 ἀδελφὴν
1641 722 1875 785 γυναῖκα

306 804 613 875 περιάγειν,
648 801 723 864 ὡς
761 802 855 855 καὶ
884 807 931 858 oi
959 805 1132 859 λοιποὶ
1160 805 1479 872 ἀπόστολοι;
1506 828 1525 860 ι
1558 802 1717 863 Οὗτοι
1753 809 1871 878 μὲν,

307 895 523 954 οἰκείως
579 894 645 963 τῇ
687 892 924 966 διακονίᾳ
982 895 1376 969 ἀπερισπάστῳ
1415 898 1491 969 τῷ
1555 899 1872 969 κηρύγματι

308 984 731 1057 προσανέχοντες
761 988 866 1061 (78)
893 1032 908 1056 ,
941 992 1037 1062 οὐχ
1069 992 1144 1055 ὼς
1173 990 1437 1060 γαμετὰς,
1467 993 1581 1047 ἀλλ’
1612 993 1689 1056 ὡς
1716 992 1871 1046 ἀδελ-

310 1077 416 1146 φάς
445 1074 552 1145 (79)
584 1076 841 1148 περιῆγον
873 1083 970 1146 τὰς
1000 1083 1294 1150 γυναῖκας,
1334 1082 1707 1144 συνδιακόνους
1750 1084 1871 1135 ἐσο-

312 1170 479 1241 μένας
505 1168 639 1240 πρὸς
664 1170 760 1235 τὰς
788 1173 1069 1244 οἰκουροὺς
1101 1173 1360 1240 γυναῖκας
1384 1213 1399 1238 ,
1443 1173 1509 1225 δι’
1552 1166 1628 1225 ὧν
1669 1174 1761 1226 καὶ
1792 1177 1871 1240 είς

305 1263 406 1330 τὴν
438 1265 809 1329 γυναικωνῖτιν
840 1263 1172 1333 ἀδιαὸλήτως
1193 1261 1299 1333 (80)
1324 1265 1753 1336 παρεισεδύετοή
1777 1267 1868 1319 τοῦ

308 1353 512 1423 Κυρίου
539 1352 866 1408 διδασκαλία.
903 1356 1092 1423 Ἴσμεν
1124 1353 1350 1424 γὰρ.καὶ
1386 1356 1486 1409 ὅσα
1514 1356 1642 1426 περὶ
1693 1355 1870 1408 διακό-

305 1462 411 1497 νων
438 1448 701 1513 γυναικῶν
728 1450 785 1501 ἐν
811 1451 878 1519 τῇ
914 1447 1079 1516 ἑτέρᾳ
1110 1446 1244 1517 πρὸς
1269 1448 1529 1513 Τιμόθεον
1559 1447 1811 1517 ἐπιστολῇ
1841 1449 1868 1500 ὁ

301 1539 546 1602 γενναῖος
569 1537 913 1592 διατάσσεται
940 1536 1171 1600 Παῦλος.
1221 1538 1374 1592 Ἀλλά
1406 1542 1513 1613 μὴν
1540 1542 1569 1593 ὁ
1598 1538 1759 1602 αὐτὸς
1782 1531 1868 1591 οῦ-

304 1643 396 1689 τος
424 1629 713 1701 κέκραγεν,
740 1630 815 1693 ὡς
863 1648 881 1679 ι
915 1629 1015 1681 οὐκ
1058 1628 1202 1681 ἔστιν
1250 1632 1283 1701 ἡ
1324 1632 1566 1701 βασιλεία
1605 1630 1700 1682 τοῦ
1733 1630 1866 1683 Θεοῦ

302 1721 505 1794 βρῶσις
533 1726 625 1777 καὶ
654 1725 838 1787 πόσις·
866 1741 884 1772 ι
909 1721 1028 1774 οὐδὲ
1049 1723 1152 1793 μὴν
1179 1725 1354 1797 ἀποχὴ
1376 1726 1518 1779 οἴνου
1544 1726 1641 1779 καὶ
1671 1726 1863 1795 κρεῶν⁵

296 1832 328 1864 -ι
360 1814 495 1868 ἀλλά
522 1813 853 1883 δικαιοσύνη,
884 1811 977 1865 καὶ
1006 1816 1212 1887 εἰρήνη,
1231 1818 1325 1870 καὶ
1350 1818 1493 1889 χαρὰ
1514 1819 1571 1869 ἐν
1592 1816 1867 1886 Πνεύματι

303 1906 459 1975 ἁγίῳ.
501 1925 519 1957 ι
556 1908 651 1969 Τίς
682 1905 883 1971 αὐτῶν,
915 1906 1163 1979 μηλωτὴν
1191 1910 1283 1962 κα)⁵
1325 1910 1501 1979 ζώνην
1541 1910 1869 1981 δερματίνην

300 1995 473 2066 ἔχων,
525 1996 874 2068 περιέρχεται
904 1997 980 2061 ὡς
1014 1999 1195 2063 Ἠλίας
1243 2001 1389 2071 (81);
1425 2000 1520 2063 Τίς
1559 2000 1616 2053 δὲ
1672 2001 1869 2054 σάκκον

300 2088 707 2159 περιὸέϐληται,
738 2089 941 2157 γυμνὸς
966 2090 1034 2142 τὰ
1065 2090 1197 2143 ἄλλα
1217 2131 1231 2154 ,
1273 2093 1365 2144 καὶ
1404 2091 1730 2155 ἀνυπόδετος
1751 2134 1766 2157 ,
1794 2092 1867 2157 ὡς

308 2178 572 2242 Ἠσαΐαςς
620 2178 965 2250 ἢπερίζωμα
992 2182 1150 2250 μόνον
1196 2183 1408 2249 λινοῦν,
1450 2183 1526 2246 ὡς
1575 2184 1867 2254 Ἰερεμίας;

309 2269 553 2322 Ἰωάννου
580 2269 637 2321 δὲ
669 2268 766 2339 τὴν
791 2269 1039 2323 ἔνστασιν
1067 2272 1160 2343 τὴν
1176 2276 1479 2346 γνωστικὴν
1506 2276 1600 2328 τοῦ
1636 2276 1753 2347 βίου
1785 2279 1868 2341 τίς

301 2361 598 2428 μιμήσεται
618 2376 631 2424 ;
676 2360 833 2413 Ἀλλά
856 2363 949 2414 καὶ
966 2362 1105 2415 οὕτω
1127 2364 1380 2433 βιοῦντες,
1410 2368 1770 2439 ηὐχαρίστουν
1788 2369 1865 2439 τῷ

296 2450 541 2502 κτίσαντι
566 2452 614 2503 οἱ
643 2453 901 2523 μακάριοι
931 2455 1221 2523 προφῆται.
1267 2458 1328 2508 Ἠ
1344 2458 1398 2510 δὲ
1426 2461 1865 2532 Καρποκρὰτους

292 2540 628 2612 δικαιοσύνη,
656 2544 749 2595 κα)⁸
778 2544 883 2597 τῶν
916 2546 1112 2615 ἐπίσης
1144 2547 1290 2617 αὐτῷ
1321 2549 1416 2619 τὴν
1442 2552 1737 2604 ἀκόλαστον
1770 2571 1865 2623 με·

293 2635 515 2686 τιόντων
550 2636 829 2687 κοινωνίαν
853 2675 867 2699 ,
912 2630 1017 2689 ὧδέ
1046 2653 1163 2701 πως
1213 2640 1569 2696 καταλύεται·
1607 2644 1724 2713 ἅμα
1754 2645 1861 2716 γὰρ

292 2722 369 2791 τῷ
415 2724 611 2790 φάναι,
669 2744 686 2775 ι
725 2725 815 2795 Τῷ
845 2727 1086 2779 αἰτοῦντί
1116 2727 1227 2798 (8'2)
1262 2746 1319 2781 σε
1341 2730 1451 2793 δός·
1506 2749 1526 2782 ι
1572 2734 1818 2804 ἐπιφέρει
1846 2752 1859 2764 θ

296 2832 316 2863 ι
348 2815 459 2865 Καὶ
496 2815 585 2867 τὸν
623 2814 841 2870 Θέλοντα
883 2817 1231 2871 δανείσασθαι
1290 2820 1363 2889 μὴ
1409 2821 1795 2892 ἀποστραφῇς
1838 2843 1855 2875 ι

288 2904 492 2975 ταύτην
515 2906 778 2959 διδάσκων
810 2907 907 2978 τὴν
941 2909 1248 2973 κοινωνίαν,
1282 2912 1401 2980 οὐχὶ
1426 2912 1482 2964 δὲ
1513 2912 1607 2984 τὴν
1645 2914 1856 2982 λάγνον.

290 2998 415 3061 Πῶς
455 2997 510 3050 δὲ
534 3000 562 3050 ὁ
592 3000 785 3062 αἰτῶν,
826 3001 919 3052 καὶ
970 3000 1287 3070 λαμϐάνων,
1333 3003 1425 3055 καὶ
1462 3003 1857 3071 δανειζόμενος,

288 3091 396 3143 ἀπὸ
422 3090 646 3161 μηδενὸς
683 3092 1014 3163 ὑπάρχοντος
1047 3093 1140 3145 τοῦ
1190 3093 1433 3163 ἔχοντος,
1485 3097 1579 3149 καὶ
1604 3094 1858 3158 διδόντος,

1979 619 2359 678 procrearunt:
2381 610 2657 681 Philippus
2676 623 2853 668 autem
2875 613 3013 669 filias
3030 631 3247 685 quoque
3276 632 3402 672 suas
3417 619 3549 672 viris

1978 702 2195 757 locavit.
2224 702 2290 756 Et
2310 703 2507 761 Paulus
2531 705 2751 775 quidem
2778 716 2926 763 certe
2956 725 3060 763 non
3085 718 3304 765 veretur
3331 709 3387 764 in
3412 726 3547 782 qua-

1976 797 2099 853 dam
2147 798 2372 867 epistola
2418 815 2576 854 suam
2624 802 2893 869 appellare
2933 803 3282 874 «conjugem,
3310 820 3330 856 ›
3380 818 3546 873 quam

1976 904 2084 943 non
2121 888 2567 956 circumferebat,
2607 892 2752 960 quod
2791 909 2897 948 non
2936 908 3135 963 magno
3160 896 3209 948 ei
3235 905 3378 951 esset
3406 910 3547 965 opus

1974 981 2301 1035 ministerio.
2331 981 2471 1037 Dicit
2499 984 2686 1052 itaque
2716 984 2769 1037 in
2797 987 3035 1055 quadam
3067 986 3293 1056 epistola
3324 1008 3337 1042 :
3378 1009 3398 1041 ι
3421 987 3543 1043 Non

1975 1073 2241 1128 habemus
2291 1084 2610 1143 potestatem
2661 1091 2903 1131 sororem
2951 1095 3178 1133 uxorem
3229 1080 3542 1135 circumdu-

1974 1166 2152 1231 cendi,
2180 1164 2320 1220 sicut
2345 1176 2397 1220 et
2425 1167 2620 1236 reliqui
2651 1170 2880 1236 apostoli
2903 1171 2961 1222 εἳ
2991 1169 3095 1225 Sed
3122 1172 3178 1225 hi
3212 1171 3453 1240 quidem,
3483 1180 3545 1227 ut

1972 1269 2089 1313 erat
2117 1267 2562 1325 consentaneum,
2596 1266 2654 1324 >3
2687 1260 3013 1328 ministerio,
3044 1266 3187 1333 quod
3220 1264 3401 1319 divelli
3434 1281 3544 1319 non

1970 1362 2201 1421 poterat,
2241 1353 2609 1420 praedicationi
2651 1355 2878 1420 scilicet,
2921 1357 3279 1424 attendentes,
3325 1374 3432 1412 non
3480 1365 3545 1414 ut

1972 1460 2193 1511 uxores,
2236 1445 2331 1498 sed
2382 1457 2438 1499 ut
2482 1462 2698 1501 sorores
2739 1448 3221 1502 circumducebant
3262 1450 3542 1514 mulieres,

1970 1552 2092 1607 quae
2126 1551 2234 1589 una
2272 1536 2657 1593 ministratura:
2693 1550 2877 1595 essent
2916 1540 3062 1611 apud
3125 1541 3382 1597 mulieres
3423 1559 3544 1613 qua:

1970 1629 2163 1683 domos
2194 1625 2573 1683 custodiebant
2599 1649 2611 1681 :
2641 1646 2734 1698 per
2762 1648 2898 1701 quas
2926 1633 3091 1686 etiam
3124 1632 3178 1685 in
3206 1649 3538 1704 gynteceum,

1972 1721 2175 1790 absque
2218 1721 2327 1774 ulla
2369 1721 2787 1790 reprehensione
2825 1725 3034 1778 malave
3080 1724 3413 1794 suspicione,
3456 1726 3542 1778 in-

1971 1813 2118 1881 gredi
2153 1821 2337 1882 posset
2376 1813 2627 1868 doctrina
2663 1812 2898 1870 Domini.
2939 1814 3158 1871 Scimus
3202 1818 3349 1870 enim
3394 1831 3544 1886 quae-

1968 1919 2180 1973 cunque
2208 1904 2274 1958 de
2302 1904 2519 1960 feminis
2545 1906 2792 1960 diaconis
2816 1906 2869 1959 in
2896 1907 3063 1961 altera
3090 1909 3156 1962 ad
3190 1906 3541 1964 Timotheum

1969 1996 2449 2066 praistantissimus
2472 1997 2628 2052 docet
2648 1997 2873 2052 Paulus.
2900 1998 3062 2067 Atqui
3089 1998 3177 2051 hic
3210 1999 3325 2067 ipse
3354 2000 3539 2054 excla-

1969 2087 2135 2141 mavit
2163 2106 2175 2139 :
2206 2106 2222 2137 ι
2249 2085 2365 2141 Non
2389 2096 2473 2142 est
2495 2103 2721 2158 regnum
2748 2089 2840 2143 Dei
2864 2104 2993 2143 esca
3019 2099 3074 2144 et
3099 2090 3292 2158 potus:
3319 2109 3337 2141 ι
3368 2106 3544 2160 neque

1968 2195 2096 2233 vero
2133 2178 2458 2232 abstinentia
2492 2196 2522 2233 a
2555 2181 2768 2234 vinO'et
2804 2182 3095 2247 carnibus;
3131 2200 3149 2232 ι
3175 2182 3269 2235 sed
3302 2182 3539 2251 justitia,

1966 2282 2019 2323 et
2075 2284 2202 2338 pax,
2253 2278 2309 2323 et
2356 2271 2612 2340 gaudium
2673 2272 2731 2326 in
2793 2266 2997 2342 Spiritu
3054 2283 3242 2328 sancto
3262 2276 3356 2329 δ.»
3404 2275 3540 2341 Quis

1966 2375 2176 2425 eorum,
2202 2361 2364 2415 ovilla
2397 2362 2531 2430 pelle
2558 2363 2802 2428 indutus,
2826 2380 2963 2419 zona
2992 2365 3213 2433 pellicea
3239 2367 3541 2430 accinctus,

1966 2454 2160 2507 circuit
2206 2461 2268 2506 ut
2314 2452 2496 2508 Elias?
2528 2452 2661 2519 Quis
2694 2454 2931 2509 cilicium
2975 2455 3171 2521 induit,
3215 2467 3407 2511 caetera
3439 2474 3543 2510 nu-

1965 2545 2087 2607 dus,
2136 2554 2190 2598 et
2228 2545 2610 2609 discalceatus,
2660 2554 2721 2599 ut
2766 2547 2968 2600 Isaias?
3008 2549 3090 2602 vel
3141 2548 3540 2618 subligaculum

1966 2644 2174 2689 tantum
2216 2637 2379 2690 habet
2413 2637 2639 2701 lineum,
2676 2647 2735 2691 ut
2770 2636 3072 2692 Jercmias?
3099 2638 3325 2693 Joannis
3356 2648 3539 2693 autem

1965 2728 2085 2781 vitae
2115 2728 2421 2782 institutum
2455 2728 2758 2797 guosticum
2791 2730 2916 2797 quis
2948 2731 3282 2784 imitabitur?
3320 2730 3424 2783 Sed
3462 2732 3541 2785 sic

1963 2835 2177 2889 quoque
2200 2821 2464 2881 viventes,
2491 2822 2693 2888 gratias
2717 2819 2960 2874 Creatori
2984 2822 3220 2892 agebant
3244 2822 3384 2875 beati
3414 2837 3541 2891 pror-

1961 2911 2152 2980 phetae.
2189 2912 2532 2981 Carpocratis
2568 2915 2761 2977 (autem
2809 2913 3043 2982 justitia,
3090 2922 3144 2967 et
3190 2928 3401 2978 eorum,
3440 2915 3536 2982 qui

1962 3016 2113 3069 mque
2149 3009 2315 3069 atque
2356 3000 2472 3069 ipse
2503 2999 2827 3069 impudicam
2861 3009 3263 3068 prosequuntur
3296 3013 3540 3053 commu-

1962 3093 2201 3154 nionem,
2257 3092 2359 3145 hoc
2421 3090 2582 3144 modo
2638 3090 2984 3154 dissolvitur;
3047 3090 3213 3144 simul
3267 3090 3410 3144 enim
3473 3104 3541 3145 ac

287 3187 382 3237 κα)¹
414 3183 773 3249 δανείζοντοςς
807 3185 869 3236 Τί
894 3185 973 3250 δ’;
1003 3187 1131 3239 ὅταν
1164 3190 1192 3239 ό
1220 3188 1423 3258 Κύριος
1470 3192 1541 3259 φῇ
1565 3228 1579 3252 ,
1618 3208 1637 3240 ι
1686 3189 1863 3240 Ἐπεί·
1890 3222 1931 3277 C
1963 3182 2058 3235 dixi

1765 3189 1863 3240 τεί-
1890 3222 1931 3277 C
1963 3182 2156 3235 dixerit
2189 3200 2201 3234 :
2246 3199 2263 3231 ι
2286 3179 2361 3233 Te
2401 3180 2603 3248 petenti
2647 3180 2777 3245 des;
2804 3198 2822 3230 ι
2864 3179 3148 3277 subiungit
3186 3198 3199 3233 :
3247 3178 3356 3277 (Et
3388 3195 3536 3277 eum,

287 3292 444 3341 νασα,
481 3278 573 3329 καὶ
600 3277 925 3347 ἐχορτάσατέ
952 3295 1018 3348 με
1049 3278 1156 3350 (85)
1176 3296 1189 3309 ⁸
1223 3279 1473 3351 ἐδίψησα,
1542 3280 1637 3333 καὶ¹
1679 3280 1861 3335 ἐποτί-

363 3464 421 3520 ›Ῑ‹
456 3456 517 3512 Ρ.
552 3456 655 3513 556
680 3457 791 3511 ΕΙ).
824 3456 1116 3524 POTTER,
1144 3457 1384 3512 448449
1410 3458 1517 3511 ED.
1547 3457 1769 3511 PARIS.
1815 3470 1838 3497 ει
1868 3457 1887 3510 Ι
1914 3456 2039 3511 Cor.
2078 3473 2153 3523 Ix,
2189 3456 2239 3509 5.

326 3630 427 3669 uos
473 3617 749 3685 apostolos
784 3632 980 3671 uxores
1026 3616 1278 3669 habuisse
1309 3615 1538 3670 allirmat
1584 3617 1841 3681 Basilius,

308 3686 363 3738 De
398 3686 628 3739 abdicat.
674 3704 800 3749 ser.,
839 3690 1017 3740 statim
1057 3686 1125 3739 ab
1158 3687 1332 3738 initio.
1371 3686 1437 3740 Et
1476 3688 1589 3755 ipse
1629 3703 1845 3755 quoque

285 3755 562 3827 lguatius:
618 3757 703 3820 Ὠς
737 3757 961 3827 Πέτρου,
994 3757 1088 3809 καὶ
1120 3756 1350 3827 Παύλου,
1391 3757 1484 3808 καὶ
1523 3755 1630 3809 τῶν
1675 3757 1845 3809 ἄλλων

282 3826 626 3896 ἀποστόλων,
678 3827 786 3879 τῶν
833 3828 1025 3896 γάμοις
1076 3826 1611 3896 προσομιλησάντων.
1673 3827 1842 3895 lgnal.

286 3894 457 3969 Epist.
483 3899 550 3948 ad
576 3894 937 3969 Philadelph.,
978 3913 1028 3965 p.
1056 3894 1128 3950 98’
1162 3898 1287 3949 edit.
1327 3895 1512 3969 Us§er.
1546 3894 1723 3969 Hunc:
1761 3897 1844 3969 fa;

283 3975 422 4025 teor,
448 3967 637 4034 lgnatii
670 3968 846 4020 locum
867 3975 1181 4034 corruptum
1210 3981 1348 4028 esse,
1373 3965 1434 4020 ac
1467 3980 1662 4020 nomen
1691 3965 1845 4021 Pauli

282 4036 351 4087 ab
384 4034 652 4089 haereticis
680 4038 1020 4090 intersertum
1055 4052 1197 4099 esse,
1228 4051 1402 4090 emss.
1436 4036 1619 4089 nescio
1647 4038 1845 4104 quibus

283 4106 483 4175 acriter
516 4108 850 4160 contendunt
874 4106 1171 4174 pontiﬁcii;
1203 4106 1295 4160 sed
1320 4106 1614 4175 incassum,
1638 4116 1696 4159 ut
1719 4122 1845 4175 pro-

284 4174 377 4227 bat
410 4172 525 4245 Jac.
553 4172 930 4245 Armachanus
958 4177 1009 4229 in
1046 4175 1438 4245 Prolegomenis
1464 4175 1528 4229 ad
1556 4172 1841 4245 [gnati—um,

281 4260 402 4312 cap.
438 4243 523 4297 l7.
570 4244 892 4300 Ambrosius
941 4256 1117 4299 autem
1163 4243 1414 4311 Paulum,
1450 4243 1841 4309 cum’Joanne,

281 4329 483 4385 eosque
503 4316 685 4385 solos,
723 4317 952 4384 excipit:
989 4336 1006 4367 ι
1043 4313 1307 4378 Omnes,»
1351 4317 1541 4385 inquit,
1565 4318 1843 4384 «apostoli,

282 4384 518 4452 eXCeptis
548 4382 755 4438 Joanne
772 4397 825 4439 et
848 4382 1037 4448 Paulo,
1069 4402 1265 4439 uxores
1292 4382 1600 4441 habuerunt
1620 4382 1676 4439 ξ»
1715 4387 1844 4439 Am-

284 4455 427 4507 bros.
468 4453 518 4504 in
574 4453 613 4504 ll
643 4454 768 4507 Cor.
805 4474 854 4509 χι
881 4496 895 4520 ,
941 4458 994 4511 ‘2.
1045 4456 1111 4509 At
1150 4456 1400 4510 Clemens
1444 4457 1843 4510 Alexandrinus

283 4523 505 4577 Paulum
533 4524 693 4575 etiam
737 4542 962 4580 uxorem
1008 4527 1261 4580 habuisse
1304 4527 1491 4578 scrihit
1528 4527 1725 4579 Strom.
1759 4541 1836 4589 Ill,

1968 3274 2060 3343 qui
2085 3274 2211 3327 velit
2234 3283 2424 3325 mutuo
2447 3271 2713 3340 accipere,
2739 3286 2807 3325 ne
2835 3271 3106 3326 averseris
3125 3282 3180 3337 c;
3211 3290 3228 3322 ι
3264 3272 3406 3326 hanc
3434 3273 3537 3326 do-

2324 3454 2349 3492 δ
2380 3454 2537 3508 Rom.
2576 3470 2686 3516 xw,
2726 3451 2811 3506 Π.
2894 3464 2915 3489 ε
2948 3451 3137 3506 Matth.
3169 3469 3221 3517 v,
3252 3451 3343 3506 42.

1952 3613 2102 3666 mino
2145 3630 2163 3661 ι
2208 3611 2327 3663 sine
2359 3609 2467 3661 ulla
2520 3606 2897 3661 distractione.

2024 3682 2132 3749 (79)
2179 3682 2298 3746 Οὐχ
2332 3680 2424 3749 ,ὡς
2454 3677 2726 3744 γαμετὰς,
2760 3677 2907 3749 ἀλιρξ
2941 3676 3034 3749 ὡς
3404 3677 3530 3749 Cle-

1952 3745 2514 3819 mensinl'ra,Strom.
2546 3764 2618 3819 vi,
2654 3762 2773 3819 pag.
2811 3745 2942 3819 664:
2996 3746 3221 3819 ’ᾼδελφὴ
3268 3746 3533 3819 δὲ-τούτῳ

1951 3824 1983 3892 ἡ
2010 3821 2147 3890 γυνὴ
2173 3819 2309 3889 μετά
2338 3818 2433 3888 τὴν
2460 3816 2819 3892 παιδοποιίαν,
2949 3816 3043 3866 καὶ
3070 3816 3378 3892 ὁμοπατρία
3412 3816 3532 3892 κρίέ-

1954 3886 2281 3955 νεται,’τότε
2313 3886 2468 3958 μόνον
2493 3886 2587 3938 τοῦ
2616 3886 3381 3958 ἀνδρ-δς-ἀναμιμνησκομένη,
3404 3886 3535 3957 eam-

1954 3909 2123 3955 νεται,
2162 3902 2281 3941 τοτε
2313 3902 2468 3958 μονον
2493 3904 2587 3938 του
2616 3902 2804 3955 ανορος
2828 3902 3381 4008 αναμιῧνησκομενη,
3404 3902 3531 3957 οπη-

1953 3961 2080 4014 νίκα
2110 3961 2176 4013 ἂν
2209 3962 2319 4021 τοῖς
2344 3958 2553 4019 τέκνοις
2582 3955 2912 4026 προσϐλέπῃ.
2961 3974 2978 4005 ι
3060 3970 3154 4007 xor
3176 3967 3353 4009 autem
3391 3958 3439 4012 ei
3471 3961 3531 4011 iit

1954 4046 2115 4084 soror
2140 4038 2262 4099 post
2297 4030 2595 4082 liberorum
2633 4028 3057 4099 susceptionem,
3092 4033 3145 4079 et
3179 4028 3368 4079 eodem
3404 4026 3527 4099 loco

1952 4097 2204 4161 habetur,
2238 4115 2302 4152 ac
2341 4099 2386 4153 si
2420 4106 2563 4150 esset
2605 4097 2793 4149 eodem
2834 4104 2987 4163 patre
3014 4104 3159 4157 nata,
3190 4106 3317 4149 tunc
3348 4098 3524 4149 solum

1951 4170 2054 4222 viri
2084 4169 2403 4231 recordans,
2433 4167 2651 4236 quando
2707 4165 2849 4217 ﬁlios
2894 4166 3186 4233 aspexerit,
3225 4183 3243 4215 ι
3281 4174 3385 4219 etc.
3421 4164 3525 4221 Ubi

1951 4238 2095 4293 conl‘.
2144 4240 2420 4291 adnotata.

2021 4309 2132 4378 (80)
2189 4304 2589 4378 Ἄδιαϐλῄτως.
2632 4305 2931 4378 Δ(ἰοίιιιιὶῑιιι.
2991 4302 3215 4378 apostal.
3272 4304 3380 4378 lib.
3424 4322 3520 4378 nt,

1951 4372 2066 4447 cap.
2102 4372 2202 4430 l5:
2232 4375 2578 4447 Προχεὶρισαι
2611 4372 2682 4447 -δὲ
2709 4372 3188 4447 διάκονον-’πιστὴν
3214 4376 3338 4447 μκαι
3358 4376 3520 4447 ἁγίαν

1951 4442 2031 4510 είς
2056 4448 2151 4509 τὰς
2176 4442 2575 4516 τῶνγυναζικῶν
2602 4443 2709 4516 ἠπη
2721 4442 2921 4511 ρεσίας-
2962 4443 3117 4516 ἜσῖΡ
3148 4442 3275 4516 PYan
3300 4442 3520 4516 ,ὁπόταν

1949 4518 2003 4569 ἐν
2031 4535 2165 4570 τισιν
2198 4516 2395 4577 οἰκίαις
2420 4514 2585 4583 ἄνδρα
2620 4512 2864 4564 διάκονον
2908 4512 3149 4579 γυναιξὶν
3178 4512 3256 4583 ού
3293 4512 3521 4569 δύνασαι

284 4568 969 4664 biissekiifiiaFiZ-T;Sili
998 4568 1836 4664 ἔιᾚῆἶῖἷῇρᾶἧί’Ξέὶιιιῐὶῗόὶΐὶήὶἱῖ
1877 4568 1919 4622 ι)
1946 4568 2055 4664 ςτέμέ

1877 4568 1919 4622 D
1946 4588 2179 4658 πέμπειν
2206 4586 2292 4637 διὰ
2324 4568 2445 4648 τοῦς
2475 4568 2737 4664 ἀπίστους
2765 4598 2777 4611 ·
2816 4568 3135 4664 ἀποστελεῖς
3162 4579 3253 4664 οῦν
3287 4589 3519 4652 γυναῖκα

284 4666 429 4737 lippo
452 4665 587 4718 idem
610 4664 805 4737 asserit
829 4666 963 4737 etii).
981 4668 1401 4737 Chrysostnmus
1423 4666 1513 4726 Εἰς
1538 4666 1628 4716 τὸν
1663 4664 1843 4737 ’ρζίαν

282 4731 397 4805 λόγ.
440 4736 497 4791 δ’,
532 4731 758 4805 ιοιημν,
790 4750 843 4801 p.
876 4735 974 4787 147
1002 4731 1284 4791 ράίὸδνὶί.
1321 4745 1370 4788 et
1401 4744 1525 4787 autc
1546 4734 1845 4805 eum_Poly-

284 4803 460 4861 crates
498 4804 887 4874 Ephesium-um
914 4807 1202 4875 episcopus
1228 4809 1279 4859 in
1312 4806 1535 4874 epistola
1576 4807 1640 4858 ad
1665 4803 1842 4859 Victo-

283 4890 397 4929 rem
440 4877 762 4939 Romanum,
788 4874 925 4942 apud
961 4874 1156 4931 Euseb.
1214 4876 1354 4929 Hist.
1383 4875 1561 4929 eccles.
1610 4875 1701 4927 lib.
1758 4892 1839 4939 in,

286 4960 335 4998 ι’.
353 4948 443 5000 51.
462 4952 527 5000 At
545 4944 845 5015 Philippum
870 4944 1042 5008 illum,
1067 4949 1159 5013 qui
1186 4956 1417 5015 quttuor
1437 4945 1686 4997 habuisse
1703 4946 1842 5000 tilias

285 5015 482 5071 dicitur
507 5018 624 5072 Act.
659 5031 746 5068 xxi
769 5054 781 5075 ,
823 5014 1020 5075 9,-non
1049 5014 1354 5083 apostolum
1381 5058 1394 5082 ,
1430 5018 1518 5069 sed
1549 5016 1838 5068 diaconum

286 5082 680 5158 fuisse,probat
704 5085 935 5158 Isidorus
960 5082 1233 5158 Pelusiota
1262 5090 1354 5140 lib.
1390 5104 1426 5151 ι,
1456 5086 1609 5158 epist.
1644 5084 1763 5158 H7.
1815 5105 1833 5137 ι

356 5156 466 5275 (I76)
494 5155 975 5227 Προσαγορεύειν.
1013 5155 1480 5230 Προσαγορεύει-λε,
1507 5155 1719 5221 Euseb,
1745 5156 1840 5211 Ni-

356 5239 381 5275 ι)
405 5243 440 5275 ι-

284 5236 440 5290 cepn.

353 5294 464 5365 (77)
499 5299 566 5352 Τὸ
597 5297 704 5366 τῆς
732 5296 1056 5369 ὑπηρεσίας
1080 5298 1396 5365 εὐσταλές.
1427 5300 1540 5356 Hoc
1578 5301 1688 5369 ipse
1718 5298 1838 5351 Cle-

284 5378 439 5438 mens
474 5371 705 5438 explicat
741 5368 897 5429 iul'ra,
927 5365 1125 5438 Strom.
1168 5384 1241 5432 iv,
1273 5385 1323 5436 p.
1357 5373 1461 5425 515
1500 5365 1623 5425 edit.
1664 5368 1834 5422 Paris.

356 5432 467 5503 (78)
491 5432 1124 5511 ,Ἄπερισπάστῳτῷκ
1162 5453 1223 5490 π.
1251 5432 1392 5503 Quid
1419 5444 1509 5505 sit,
1538 5439 1838 5511 ἀπερίσπα-

285 5517 417 5581 στον.
442 5508 731 5581 κήρυγμα,
771 5512 909 5565 haud
950 5508 1102 5581 facile
1148 5511 1406 5581 explicari
1454 5508 1657 5579 potest.
1696 5508 1840 5581 Scri-

282 5571 529 5628 bcnduni'
563 5571 976 5652 ἀπερισπάστως
1021 5577 1096 5648 τῷ
1126 5571 1842 5652 κηρύγματιίπροσανέχονο

282 5658 391 5707 τες,
433 5662 450 5693 ι
488 5649 857 5712 praedicationi
896 5672 913 5704 ι
944 5653 1059 5706 sine
1098 5649 1203 5703 ulla
1233 5649 1589 5707 distractione
1617 5669 1635 5699 ι
1666 5649 1840 5705 aucu-

281 5714 490 5792 dentcs.
531 5734 550 5765 ι
589 5718 679 5774 Sic
708 5721 771 5776 D.
805 5722 1005 5776 Paulus
1028 5719 1047 5772 l
1071 5720 1197 5775 Cor.
1228 5734 1344 5792 fit,
1365 5719 1467 5792 55:
1515 5720 1675 5792 ’ᾼλλὰ
1708 5720 1841 5792 πρὸς

279 5784 341 5829 ei;
378 5783 647 5865 εὔσχημον
672 5795 765 5844 καὶ
808 5792 1158 5865 εὐπρόσεδρον
1186 5788 1262 5859 τῷ
1306 5790 1495 5865 κυρίῳ
1536 5783 1841 5865 ἀπερισπά-

284 5870 439 5916 mag.
483 5872 503 5904 ι
540 5856 641 5912 Sed
683 5874 739 5913 ut
763 5856 1012 5919 decoriter
1045 5856 1097 5921 εἰ
1140 5856 1259 5930 apte
1311 5856 1694 5915 adhaerescatis
1737 5861 1840 5913 Do—

1946 4652 2185 4711 διάκονον
2206 4657 2292 4709 διὰ
2326 4656 2421 4718 τάς
2444 4654 2551 4707 τῶν
2575 4653 2793 4722 φαύλων
2820 4653 3078 4717 διανοίας.
3115 4672 3133 4703 ι
3169 4652 3317 4722 Elige
3340 4666 3517 4709 autem

1946 4730 2308 4783 diaconissam
2345 4726 2556 4779 ﬁdelem
2594 4734 2647 4777 et
2688 4734 2954 4787 sanctam,
2997 4725 3063 4777 ad
3100 4725 3387 4777 mulierum
3425 4727 3520 4779 mi-

1946 4801 2188 4854 nisteria.
2234 4797 2321 4852 Fit
2347 4797 2491 4851 enim
2545 4810 2961 4861 nonnunquam,
2996 4804 3055 4847 ut
3086 4795 3141 4847 in
3188 4795 3510 4863 quibusdam

1944 4871 2198 4925 domibus
2228 4870 2404 4921 virum
2438 4866 2726 4919 diaconum
2762 4864 2828 4915 ad
2871 4864 3126 4919 mulieres
3179 4880 3282 4917 non
3334 4865 3509 4931 possis

1945 4942 2158 4994 mittere
2182 4949 2397 5008 propter
2422 4935 2693 5008 inﬁdeles:
2720 4933 3019 5008 destinabis
3045 4936 3207 5008 igitur
3232 4934 3512 4987 mulierem

1944 5005 2307 5065 diaconus—sani
2335 5009 2405 5061 ob
2435 5006 2804 5072 improborum
2854 5005 3229 5072 cogitationes.

2016 5081 2127 5151 (81)
2168 5080 2379 5151 Ἠλίας,
2406 5070 2560 5151 _Coul'.
2596 5073 2615 5125 l
2653 5072 2784 5143 Reg.
2822 5070 3047 5137 χιιιξίὸ,
3078 5073 3174 5137 19;
3206 5070 3252 5125 ιι
3294 5071 3433 5144 Reg.
3472 5091 3516 5142 ι,

1945 5147 2204 5207 81'ibid..
2234 5152 2320 5207 15.
2362 5147 2445 5200 14.

2617 5212 2889 5294 Apud
2935 5210 3139 5294 Lucam
3193 5214 3268 5269 ita
3316 5215 3515 5294 legitur

1944 5283 2065 5363 cap.
2087 5283 2140 5356 6,
2165 5283 2220 5344 ut
2242 5292 2316 5344 ait
2337 5288 2401 5342 G.
2424 5285 2711 5363 ﬂervetus,
2730 5285 2821 5363 sed
2842 5283 3241 5363 Ma.t_th_a2i_cap‘._
3258 5302 3307 5346 ν,
3338 5283 3390 5336 v.
3415 5285 3507 5363 ξω,

1943 5354 2027 5418 sic
2055 5354 2308 5431 reperies,
2328 5369 2387 5432 ut
2415 5357 2664 5432 Clemens
2700 5355 2892 5432 habet:
2918 5356 3143 5432 Καὶᾼτὸν
3165 5355 3383 5407 θέλοντα
3404 5354 3513 5432 ἀπὸ

1943 5434 2038 5487 σοῦ
2074 5425 2410 5487 δανείσασθαι
2447 5427 2522 5499 μὴ
2552 5428 2924 5496 ἀποστραφῇς.
2966 5442 2985 5476 ι
3023 5425 3126 5492 Qui
3167 5434 3346 5479 autent
3383 5425 3514 5490 petit

1942 5521 1972 5556 a
2001 5515 2073 5568 te,
2099 5505 2165 5558 da
2205 5504 2276 5564 ei,
2299 5508 2352 5554 et
2377 5500 2578 5571 volenti
2633 5505 2880 5571 mutuare
2886 5511 2932 5571 ἐι
2982 5504 3032 5549 te
3052 5511 3123 5571 _ne
3158 5502 3505 5571 avertans.)

1941 5565 2068 5638 Vel,
2096 5584 2151 5627 ut
2183 5575 2241 5627 Ι).
2267 5570 2603 5639 Augustinus
2637 5565 2789 5634 legit:
2822 5585 2839 5615 ι
2882 5565 3320 5639 Et_qui_voluerit
3359 5566 3514 5615 acci-

1939 5631 2069 5712 pere
2095 5631 2415 5712 mutuum'a
2438 5650 2509 5702 te,
2545 5655 2611 5712 ne
2640 5631 2921 5712 aversatus
2958 5631 3142 5712 fueris.
3181 5652 3200 5683 ι
3235 5631 3514 5712 Cous-1cm

2013 5714 2124 5789 (8ξῑ)
2185 5707 2570 5789 Ἐχορτάσιιτέ
2622 5723 2715 5789 με.
2789 5703 3083 5789 Ἐδιέδκατδέὶ
3126 5720 3216 5784 μοι
3269 5705 3474 5784 φαγεῖν
3499 5744 3515 5769 ,

1940 5773 2154 5845 Matth,"
2186 5773 2277 5839 ubi
2306 5773 2453 5844 inox,
2489 5781 2568 5830 ἐνὶ
2605 5773 2807 5829 τούτων
2844 5775 2949 5828 τῶν
2976 5773 3213 5841 ἀδελφῶν
3251 5789 3353 5844 μου
3406 5773 3516 5829 τῶν

1940 5854 2178 5927 ἐλαχίστ.
