4484 6586
911 369 1041 425 1159

2035 380 2424 440 ειειιεΝιιε
2459 382 2921 439 ΑιειΑΝοιιιλι

4017 384 4160 440 “60

903 506 1036 546 cens
1061 495 1526 562 communionem,
1562 515 1671 555 non
1712 511 1890 557 autem
1925 504 2074 560 illam
2124 507 2386 562 incestam
2429 513 2484 570 et
2511 513 2558 569 Α
2588 522 2674 560 σαι

2385 549 2386 555 η
2429 513 2484 570 et
2511 513 2558 569 Α
2588 508 2716 560 σατέ
2760 525 2853 578 με·
2889 507 3033 571 ξένος
3060 509 3207 576 ήμην
3238 549 3250 566 ,
3291 513 3382 564 καὶ
3418 508 3746 582 συνηγάγετέ
3775 523 3840 578 με
3862 522 3877 535 ’
3911 504 4156 574 γυμνὸς.

905 581 1260 670 impudicam.
1297 585 1588 670 Quomodo
1620 603 1800 649 autem
1843 594 2005 650 fuerit
2030 597 2078 653 is
2125 599 2220 669 qui
2263 594 2396 666 petit
2431 606 2486 649 et

908 676 1130 746 accipit,
1156 687 1209 732 et
1238 678 1283 732 is
1313 681 1410 749 qui
1443 693 1746 751 mutuatur,
1781 689 1826 743 si
1861 688 2042 742 nullus
2068 691 2142 745 sit
2165 691 2260 762 qui
2289 688 2484 742 habeat

907 776 964 820 et
991 766 1082 822 det
1104 771 1330 825 mutuo?
1352 771 1491 839 Quid
1521 778 1681 830 vero?
1711 778 1867 850 193
1897 782 2117 850 quando
2141 783 2274 838 dicit
2300 780 2483 835 Domi-

910 875 1015 915 nus
1056 877 1070 913 :
1111 880 1131 913 ‹
1178 860 1431 934 Esurivi,
1477 877 1532 922 et
1580 885 1668 924 me
1712 875 1965 940 pavistis;
2014 875 2147 939 sitii,
2199 886 2254 932 et
2298 889 2481 948 potum

909 952 1045 1006 mihi
1077 954 1339 1024 dedistis;
1377 959 1573 1028 hospes
1602 977 1778 1030 eram,
1809 975 1862 1019 et
1901 981 1986 1019 me
2024 967 2349 1037 collegistis;
2380 987 2484 1024 nu-

905 1043 1033 1106 dus,
1051 1053 1106 1099 et
1123 1062 1210 1129 me
1227 1049 1484 1106 vestiistis
1499 1063 1558 1119 ll;
1586 1071 1604 1103 ι
1621 1053 1815 1110 deinde
1831 1056 2107 1127 subiungit
2128 1077 2141 1112 :
2167 1079 2184 1108 ‹
2207 1059 2486 1126 Quatenus

911 1132 1122 1193 fecistis
1175 1139 1264 1192 uni
1319 1139 1515 1196 borum
1556 1145 1934 1215 niinimorum,
1966 1149 2096 1202 mihi
2136 1150 2341 1206 fecistis
2371 1151 2424 1208 δ.
2461 1174 2479 1206 ι

911 1223 1166 1296 Nunquid
1199 1229 1418 1286 easdem
1450 1249 1667 1305 quoque
1697 1239 1816 1293 tulit
1838 1238 1980 1307 leges
2012 1239 2065 1294 in
2094 1239 2275 1296 Veteri
2298 1243 2486 1299 Testa-

913 1319 1135 1372 mento?
1182 1338 1202 1370 ‹
1245 1319 1351 1388 Qui
1400 1324 1492 1378 dat
1546 1328 1826 1394 mendico,
1876 1328 2178 1386 faeneratur
2214 1335 2323 1388 Deo
2363 1345 2412 1386 ο.
2459 1354 2478 1386 ›

904 1407 1010 1462 Et:
1054 1428 1074 1461 ι
1117 1409 1193 1465 Ne
1241 1413 1568 1473 abstinueris
1625 1434 1656 1472 a
1711 1417 2106 1479 benefaciendo
2153 1440 2326 1496 egeno
2368 1425 2414 1489 δ,
2458 1446 2476 1477 ι

901 1500 1100 1572 inquit.
1131 1502 1196 1558 Et
1227 1521 1421 1563 rursus
1454 1527 1468 1563 :
1503 1529 1522 1560 ‹
1555 1509 1927 1584 Eleemosynae
1955 1522 2010 1569 et
2044 1515 2176 1570 fides
2207 1532 2274 1569 ne
2308 1525 2360 1569 te
2387 1517 2480 1570 de-

902 1594 1184 1664 ﬂciant°,s
1219 1599 1418 1671 inquit.
1459 1622 1478 1655 ς
1503 1602 1834 1675 Paupertas»
1861 1616 2039 1662 autem
2070 1609 2274 1661 «virum
2303 1608 2480 1661 humi-

899 1687 1030 1756 liat,
1077 1691 1254 1746 ditant
1297 1703 1480 1748 autem
1525 1711 1722 1752 manus
1769 1696 2013 1751 virorum
2041 1698 2082 1752 ί.
2119 1716 2139 1749 ι
2192 1697 2479 1768 Suhjungit

902 1790 1086 1836 autem
1119 1800 1134 1837 :
1172 1781 1320 1849 «Qui
1357 1787 1642 1854 pecuniam
1687 1803 1844 1842 suam
1891 1803 1997 1842 non
2037 1788 2185 1842 dedit
2227 1787 2294 1842 ad
2342 1804 2476 1842 usu-

900 1887 1055 1938 ram,
1107 1873 1167 1928 (lt
1195 1887 1470 1944 acceptus.
1508 1894 1527 1926 ι
1561 1875 1626 1930 Et
1662 1895 1677 1931 :
1727 1897 1746 1929 ι
1796 1878 2037 1932 Pretium
2088 1880 2477 1950 redemptionis

901 1967 960 2026 ἧς
993 1962 1205 2029 anima,
1257 1966 1491 2035 propriae
1529 1966 1848 2034 iudicantur
1897 1968 2101 2023 divitiae
2130 1971 2178 2024 ε.
2217 1989 2238 2022 ι
2279 1971 2474 2024 Annon

894 2067 1080 2124 aperte
1118 2057 1356 2121 indicat,
1390 2059 1536 2128 quod
1577 2059 1720 2114 sicut
1755 2061 1997 2116 mundus
2025 2064 2379 2132 componitur
2409 2078 2472 2118 ex

893 2147 1224 2214 contrariis,
1255 2163 1450 2218 nempe
1479 2165 1544 2203 ex
1580 2151 1762 2205 calido
1800 2161 1855 2207 et
1892 2151 2126 2223 frigido,
2162 2154 2387 2208 humido
2423 2161 2478 2208 et

895 2238 1066 2304 sicco,
1103 2239 1181 2293 ita
1215 2240 1381 2294 etiam
1421 2257 1488 2295 ex
1526 2242 1594 2295 iis
1616 2243 1712 2312 qui
1740 2243 1892 2310 dant,
1929 2253 1982 2298 et
2007 2259 2073 2298 ex
2115 2246 2182 2298 iis
2207 2246 2302 2314 qui
2330 2246 2476 2300 acci-

895 2331 1097 2399 piunt?
1122 2330 1188 2386 Et
1212 2347 1407 2387 rursus
1435 2348 1558 2388 cum
1593 2335 1731 2387 dixit
1755 2353 1768 2388 :
1794 2354 1812 2385 ι
1836 2333 1892 2388 Si
1920 2335 2002 2390 vis
2027 2336 2301 2406 perfectus
2330 2352 2473 2402 esse,

896 2423 1064 2477 vende
1089 2439 1211 2491 qua:
1239 2423 1425 2490 habes,
1453 2433 1506 2477 et
1532 2423 1600 2478 da
1628 2425 1988 2493 pauperibus,
2023 2445 2042 2476 ι
2105 2424 2303 2480 refellit
2347 2442 2472 2480 eum

891 2513 985 2582 qui
1017 2513 1353 2582 gloriabatur
1383 2514 1529 2584 quod
1586 2533 1606 2566 ι
1629 2515 1814 2570 omnia
1839 2531 1869 2569 a
1895 2515 2178 2584 iuventute.
2206 2527 2473 2586 praaccpta

893 2613 1246 2672 servaverat;
1276 2625 1296 2658 ι
1323 2620 1436 2660 non
1469 2606 1616 2660 enim
1651 2606 1976 2675 impleverat
2009 2607 2144 2661 illud
2173 2626 2188 2663 :
2219 2627 2237 2658 ‹
2269 2606 2472 2676 Diliges

891 2694 1204 2762 proximum
1239 2705 1391 2750 tuum
1427 2697 1569 2750 sicut
1598 2697 1878 2766 teipsumh
1901 2715 1915 2751 :
1941 2717 1960 2750 i
1982 2708 2112 2754 tunc
2135 2711 2316 2753 autem
2344 2716 2468 2754 cum

891 2799 924 2838 a
952 2783 1188 2838 Domino
1230 2785 1608 2855 perficeretur,
1642 2788 1942 2842 docebatur
1985 2791 2389 2845 communicare
2417 2802 2470 2843 et

890 2875 1158 2944 impertiri
1194 2891 1292 2945 per
1321 2877 1673 2935 eharitatem.
1704 2877 1946 2935 Honeste
1974 2896 2105 2951 ergo
2139 2897 2247 2936 non
2283 2881 2470 2950 prohi-

889 2966 1010 3020 buit
1036 2981 1161 3022 esse
1189 2966 1411 3021 divitem
1431 3007 1445 3032 ,
1476 2970 1570 3023 sed
1598 2983 1722 3023 esse
1749 2969 1973 3025 divitem
2007 2971 2211 3039 injuste
2237 2983 2292 3026 et
2316 2973 2469 3026 inex-

890 3059 1184 3128 plebiliter.
1215 3077 1237 3111 ι
1266 3057 1550 3114 Possessio
1579 3059 1762 3131 (enim
1786 3064 1839 3131 ,)
1869 3079 1992 3132 quae
2020 3077 2146 3116 cum
2180 3064 2467 3133 iniquitate

2588 597 2684 650 καὶ
2732 598 3080 668 ⁴περιεϐάλετέ
3121 615 3222 667 με’
3274 619 3291 649 ι
3341 598 3461 655 εἶτα
3489 605 3764 676 ἐπιφέρειο
3819 619 3838 651 ε
3889 599 4003 669 Ἐφ’
4032 598 4161 651 ὅσον

2585 689 2876 761 ἐποιήσατε
2915 691 2994 744 ἐνὶ
3021 689 3220 742 τούτων
3263 689 3370 742 τῶν
3419 693 3746 764 ἐλαχίστων,
3801 692 3921 764 ἐμοὶ
3971 691 4162 761 ὲποιήο

2587 793 2736 830 σατε.
2772 798 2790 830 ι
2820 782 2954 850 οὐχὶ
2981 782 3038 834 δὲ
3070 780 3136 834 τὰ
3169 779 3318 838 αὐτὰ.
3332 781 3426 833 καὶ
3462 785 3519 836 ἐν
3556 791 3622 856 τῇ
3662 786 3874 856 Παλαιᾷ
3912 779 4158 852 morm

2584 869 2898 937 νομοθετεῖς
2940 891 2958 923 ι
3009 874 3068 926 ’0
3093 873 3263 935 διδοὺς
3295 871 3406 942 (84)
3437 877 3639 945 πτωχῷ
3680 877 3911 940 δανείζει
3947 872 4099 944 Θεῷ’
4131 888 4154 926 ι

2585 961 2710 1022 καὶ,
2745 979 2764 1010 ι
2799 963 2890 1032 Μή
2936 966 3152 1036 ἀπόσχῃ
3198 960 3254 1018 εὖ
3292 967 3462 1016 ποιεῖν
3507 965 3679 1018 ἐνδεεῖ
3721 969 3829 1040 (85)
3855 1009 3870 1032 ,
3917 987 3936 1019 ι
3967 963 4154 1037 φησίν.

2585 1051 2693 1102 Καὶ
2723 1049 2886 1102 πάλιν
2905 1068 2918 1080 ·
2973 1070 2993 1102 σ
3043 1052 3425 1125 Ἐλεημοσύναι
3471 1052 3564 1104 καὶ
3595 1054 3808 1118 πίστεις
3839 1056 3913 1126 μὴ
3941 1049 4162 1107 ἐκλιπέ-

2583 1142 2763 1196 τωσάν
2795 1159 2854 1194 σε
2875 1181 2889 1204 ,
2927 1161 2946 1194 ι
2995 1140 3168 1198 εἶπεν.
3205 1166 3223 1196 ε
3267 1143 3430 1197 Πενία
3467 1160 3485 1193 ι
3515 1141 3572 1193 δὲ
3601 1160 3618 1192 ι
3667 1143 3838 1212 ἄνδρα
3871 1144 4118 1197 ταπεινοῖ
4139 1157 4155 1171 ⁶

2585 1238 2764 1306 χεῖρες
2788 1233 2843 1286 δέ
2873 1233 3083 1304 ἀνδρῶν
3113 1237 3245 1304 (86),
3271 1233 3654 1297 πλουτίξουσιν.
3683 1251 3704 1284 ι
3737 1235 4022 1308 Ἐπιφέρει
4045 1233 4158 1304 (87)

2584 1328 2642 1380 δέ
2662 1345 2675 1358 ·
2700 1329 2770 1380 Ἢ
2793 1327 2836 1380 δ’
2853 1325 2917 1379 ἂν
2935 1325 3069 1395 (88),
3087 1327 3146 1390 ὂς
3169 1328 3268 1382 οὐκ
3287 1328 3478 1380 ἔδωκεν
3505 1325 3598 1376 ἐπὶ
3622 1324 3768 1394 τόκῳ
3809 1327 3870 1378 τὸ
3896 1326 4160 1399 ἀργύριον

2582 1418 2768 1482 αὐτοῦ,
2799 1415 3092 1480 ἀποδεκτὸς
3119 1418 3328 1485 γίνεται
3353 1435 3369 1451 ο
3397 1437 3413 1467 ι
3437 1415 3549 1477 καὶ,
3571 1433 3589 1464 ι
3620 1413 3830 1483 Λύτρον
3855 1413 3966 1486 (89)
3980 1413 4159 1485 ψυχῆς

2582 1509 2793 1581 ἀνδρὸς,
2813 1511 2842 1562 6
2866 1507 2990 1570 ῐδιος
3014 1506 3245 1572 πλοῦτος
3273 1508 3530 1580 κρίνεται.
3561 1525 3579 1556 ι
3604 1504 3740 1574 Οὐχὶ
3777 1504 4032 1572 διασαφεῖ
4066 1507 4160 1558 άν-

2579 1619 2789 1674 τικρυς,
2841 1601 2918 1664 ὡς
2961 1595 3053 1653 οὖν
3105 1598 3165 1663 ἐξ
3214 1601 3469 1654 ἐναντίων
3513 1601 3540 1652 6
3593 1597 3798 1667 κόσμος
3847 1596 4156 1664 σύγκειται,

2580 1692 2768 1764 ὥσπερ
2785 1693 2848 1745 ἐκ
2864 1690 3067 1763 Θερμοῦ
3084 1693 3178 1744 καὶ
3199 1692 3409 1764 ψυχροῦ
3431 1691 3558 1762 (90),
3587 1687 3749 1761 ξηροῦ
3771 1705 3831 1740 τε
3845 1688 3940 1740 καὶ
3963 1687 4155 1760 ὑγροῦ,

2578 1783 2721 1836 οὓτω
2742 1785 2851 1836 κάκ
2874 1783 2982 1836 τῶν
3006 1782 3277 1846 διδόντων,
3307 1786 3418 1838 κάκ
3450 1783 3556 1836 τῶν
3592 1779 4006 1851 λαμϐανόντων;
4044 1779 4160 1831 Πά-

2577 1875 2661 1928 λιν
2692 1891 2751 1928 cs
2791 1870 2858 1928 αὖ
2897 1875 3026 1928 ὅταν
3064 1874 3227 1946 εἴπῃ,
3271 1892 3289 1925 ι
3323 1875 3386 1927 Et
3424 1874 3598 1937 θέλεις
3640 1872 3838 1933 τέλειος
3876 1867 4156 1935 γενέσθαι,

2575 1966 2832 2034 πωλήσας
2867 1964 2936 2016 τὰ
2978 1963 3312 2034 ὑπάρχοντα,
3349 1963 3440 2027 δὸς
3477 1966 3740 2033 πτωχοῖς,
3773 1981 3792 2013 ι
3824 1960 4038 2029 ἐλέγχει
4065 1959 4159 2012 τὸν

2574 2056 2928 2128 καυχώμενον
2969 2057 3061 2109 ἐπὶ
3100 2056 3178 2125 τῷ
3216 2055 3397 2119 πάσας
3428 2055 3526 2119 τὰς
3561 2055 3777 2119 ἐντολὰς
3804 2056 3868 2106 ἐκ
3901 2052 4157 2124 νεότητος

2573 2149 2960 2220 τετηρηκέναιο
3007 2149 3068 2200 οὐ
3111 2149 3221 2218 γὰρ
3265 2147 3617 2219 πεπληρὼκει
3655 2148 3738 2211 τό,
3766 2165 3785 2198 ι
3817 2146 4155 2216 Ἀγαπήσεις

2573 2241 2664 2295 τὸν
2689 2241 2916 2312 πλησίον
2942 2257 3035 2293 σου
3062 2240 3138 2303 ὼς
3163 2241 3372 2292 ἐαυτὸνο
3402 2260 3420 2292 ι
3445 2240 3565 2294 τότε
3595 2241 3672 2304 δὲ,
3697 2241 3803 2294 ὑπὸ
3824 2240 3917 2294 τοῦ
3945 2239 4153 2312 Κυρίου

2575 2331 3065 2402 συντελειούμενοςξ
3094 2331 3402 2384 ὲδιδάσκετο
3437 2331 3506 2383 δι’
3537 2333 3759 2403 ἀγάπην
3791 2331 4149 2403 μεταδιδόναι.

2575 2424 2767 2488 Καλῶς
2812 2419 2903 2477 οὖν
2941 2423 3189 2476 πλουτεῖν
3259 2424 3320 2476 οὐ
3376 2423 3703 2488 κεκώλυκεν,
3759 2425 3894 2480 ἀλλὰ
3937 2426 4045 2500 γὰρ
4093 2426 4156 2479 τὺ

2573 2517 2772 2580 ἀδίκως
2811 2517 2905 2570 καὶ
2949 2516 3236 2586 ἀπλήστως
3284 2516 3561 2569 πλουτεῖν·
3599 2535 3617 2565 ι
3661 2517 3869 2586 Κτῆσις
3894 2517 4002 2588 γὰρ
4031 2520 4156 2570 ἐπι-ι

2574 2608 2910 2678 σπευδομένη
2943 2607 3052 2677 (91)
3091 2606 3224 2676 μετὰ
3267 2607 3496 2675 ἀνομίας
3535 2606 3774 2659 ἐλάττων
3803 2607 4030 2675 γίνεται.
4061 2609 4155 2661 El-

2573 2699 2628 2749 σὶ
2675 2699 2784 2768 (92)
2827 2699 2935 2769 γάρ
2965 2699 3012 2751 οἳ
3073 2697 3384 2767 σπείροντες
3430 2696 3647 2750 πλείονα
3691 2696 3925 2761 ποιοῦσι,
3968 2699 4064 2749 καὶ
4102 2699 4154 2750 οἱ

2571 2791 2896 2858 συνάγοντες
2911 2789 3276 2844 ἐλαττοῦνταυ
3306 2808 3324 2840 ι
3347 2806 3413 2841 πε
3425 2790 3476 2859 ρ).
3491 2783 3564 2842 ὧν
3580 2788 3909 2859 γέγραπται·
3930 2788 4155 2857 Ἐσκόρ-

2570 2898 2726 2933 πισεν
2747 2920 2762 2944 ,
2789 2880 2988 2934 ἔδωκεν
3029 2883 3140 2943 τοῖς
3163 2881 3406 2951 πένησιν·
3450 2882 3483 2950 ἡ
3514 2880 3826 2950 δικαιοσύνη
3851 2877 4019 2932 αὑτοῦ
4048 2879 4152 2949 μέ-

2570 2989 2650 3024 νει
2674 2973 2753 3036 είς
2777 2972 2867 3024 τὸν
2893 2971 3086 3026 αἰῶναο
3120 2993 3138 3024 ι
3170 2977 3198 3026 6
3226 2975 3327 3045 μὲν
3361 2974 3468 3043 γὰρ
3505 2972 3740 3042 σπείρων
3785 2971 3882 3024 καὶ
3925 2971 4154 3023 πλείονα

2573 3063 2822 3131 συνάγων
2857 3055 3011 3126 οὗτός
3053 3066 3200 3117 ἐστιν
3235 3066 3264 3116 6
3303 3064 3391 3117 διὰ
3429 3064 3528 3133 τῆς
3567 3064 3808 3131 ἐπιγείου
3841 3064 3936 3116 καὶ
3975 3079 4150 3133 προσο

889 3148 1249 3215 acceleratur,
1281 3150 1459 3204 minor
1491 3151 1740 3205 redditur
1772 3152 1816 3206 ἱ.
1853 3170 1872 3204 ι
1901 3151 2043 3207 Sunt
2071 3153 2256 3221 (enim
2279 3194 2295 3218 ,
2320 3153 2336 3219 )
2364 3155 2458 3222 qui
2488 3181 2530 3238 ε
2568 3153 2660 3206 καί

2375 3155 2458 3222 qui
2488 3181 2530 3238 ρ
2568 3153 2758 3224 καίρου
2785 3153 3123 3224 μεταδόσεως
3151 3154 3221 3206 τὰ
3252 3155 3482 3226 οὐράνια
3510 3154 3782 3224 κτώμενος
3802 3156 3895 3206 καὶ
3921 3155 3987 3207 τά
4013 3154 4146 3207 αἰώ-

888 3239 1226 3294 seminantes
1262 3239 1658 3309 multiplicant,
1689 3250 1745 3296 et
1783 3243 1878 3312 qui
1918 3244 2238 3312 colligentes
2277 3243 2464 3298 minus

890 3329 1169 3384 habenti.
1201 3349 1221 3382 ι
1258 3330 1332 3384 De
1385 3333 1588 3400 quibus
1636 3333 1902 3401 scriptum
1951 3343 2071 3388 est:
2101 3352 2120 3385 ‹
2160 3333 2460 3402 Dispersit,

824 3479 839 3489 ς
887 3420 1038 3474 dedit
1067 3421 1441 3490 pauperibus,
1474 3422 1692 3488 iustitia
1725 3425 1846 3494 ejus
1884 3435 2069 3480 manet
2107 3427 2164 3479 in
2205 3427 2466 3480 saeculum

889 3513 1086 3566 sazculi
1120 3512 1172 3565 ι.
1211 3531 1230 3564 ι
1271 3511 1376 3578 Qui
1407 3514 1553 3568 enim
1583 3532 1602 3564 ‹
1634 3517 1869 3569 seminat
1900 3526 1953 3570 et
1980 3518 2136 3586 plura
2165 3518 2399 3588 colligit,
2445 3538 2463 3570 ι

886 3603 936 3658 is
963 3614 1084 3666 est,
1114 3603 1208 3673 qui
1242 3619 1339 3672 per
1372 3613 1646 3659 terrenam
1677 3614 1735 3660 et
1768 3609 2120 3676 temporalem
2150 3609 2465 3662 communi-

885 3697 1160 3750 cationem
1197 3712 1264 3752 ac
1297 3697 1780 3765 distributionem,
1828 3701 2073 3754 caelestia
2121 3701 2359 3770 acquirit
2407 3711 2463 3755 et

885 3797 1110 3841 acterna.
1148 3785 1244 3842 Est
1279 3799 1461 3842 autem
1508 3790 1686 3855 alius,
1716 3792 1810 3860 qui
1857 3792 2061 3846 nemini
2093 3793 2366 3861 impertit,
2403 3802 2458 3846 et

887 3879 1166 3936 incassum
1201 3899 1221 3933 ς
1252 3881 1542 3937 thesauros
1587 3882 1640 3935 in
1683 3893 1829 3936 terra
1874 3883 2116 3953 colligit,
2147 3883 2239 3936 ubi
2271 3899 2456 3952 aerugo

883 3981 940 4028 ct
968 3973 1110 4027 tinea
1141 3974 1432 4028 destruunt
1463 3971 1506 4028 ὶ.
1539 3993 1558 4026 ι
1595 3973 1671 4027 De
1703 3989 1814 4044 quo
1843 3975 2107 4043 scriptum
2138 3982 2223 4028 est
2249 3992 2263 4028 :
2302 3993 2322 4025 ι
2352 3974 2454 4039 Qui

885 4065 1094 4135 colligit
1119 4067 1421 4130 mercedes,
1445 4067 1650 4136 colligit
1676 4068 1732 4121 in
1755 4082 1972 4122 saccum
1995 4066 2327 4137 perforatum
2346 4079 2404 4120 ιη.
2433 4087 2450 4118 ι

888 4156 1063 4227 Hujus
1091 4177 1110 4210 α
1131 4174 1323 4228 agrum
1349 4179 1368 4211 ι
1398 4159 1662 4215 Dominus
1688 4160 1742 4213 in
1769 4159 2064 4230 Evangelio
2091 4161 2223 4215 dicit
2245 4179 2264 4210 ι
2288 4159 2459 4214 fuisse

2565 3259 2672 3296 νια·
2702 3241 2887 3313 ἔτερος
2924 3243 2980 3296 δὲ
3019 3246 3047 3297 6
3080 3243 3271 3314 μηδενὶ
3305 3243 3637 3313 μεταδιδοὺς,
3673 3264 3692 3296 ι
3725 3245 3892 3308 κενῶς
3927 3247 4023 3300 καὶ
4047 3246 4151 3316 θη-

2567 3333 2833 3405 σαυρίζων
2874 3335 2966 3386 ἐπὶ
3011 3335 3107 3403 τῆς
3131 3334 3264 3403 γῆς,
3305 3334 3439 3386 ὅπου
3476 3334 3573 3404 σὴς
3598 3335 3692 3386 καὶ
3719 3335 3920 3405 βρῶσις
3947 3337 4149 3404 ἀφανίο

2567 3423 2669 3487 ζει·
2712 3443 2730 3473 ι
2770 3423 2898 3494 περὶ
2943 3418 3002 3476 οὗ
3027 3423 3338 3492 γέγραπται
3383 3443 3400 3473 ι
3445 3425 3699 3491 Συνάγων
3731 3427 3854 3489 τοὺς
3896 3428 4146 3495 μισθοὺς,

2568 3515 2870 3584 συνήγαγεν
2903 3513 2982 3574 είς
3004 3513 3199 3582 δεσμὸν
3225 3516 3650 3584 τετρυπημένον.
3698 3536 3714 3565 ι
3757 3517 3956 3569 Τούτου
3996 3538 4013 3568 ι
4049 3520 4150 3590 τὴν

2566 3604 2750 3676 χώραν
2781 3605 2887 3674 (93)
2929 3605 3227 3675 εὐφορῆσαι
3273 3624 3290 3654 ι
3334 3605 3480 3672 λέγει
3530 3608 3587 3658 ἐν
3627 3606 3703 3676 τῷ
3758 3608 4074 3680 Εὐαγγελίῳ
4120 3615 4149 3665 6

2567 3696 2788 3768 Κύριος·
2819 3697 3014 3749 ἔπειτα
3040 3698 3163 3758 τοὺς
3191 3697 3434 3766 καρποὺς
3467 3698 3764 3751 ἀποθέσθαι
3792 3699 4144 3771 βουληθέντα,

2562 3788 3051 3859 οίκοὸομησὸμενον
3067 3786 3351 3858 ἀποθήκας
3387 3789 3660 3858 μείζονας,
3688 3793 3828 3844 κατὰ
3854 3793 3949 3863 τὴν
3974 3810 4144 3863 προσ-

2563 3880 2861 3933 ωποποιίαν
2903 3882 3074 3946 εἰπεῖν
3109 3880 3246 3950 πρὸς
3285 3881 3492 3932 ἑαυτόν.
3529 3901 3546 3930 ε
3575 3883 3758 3951 Ἔχεις
3780 3884 3956 3948 ἀγαθὰ
3972 3884 4145 3940 πολλά

2557 3973 2894 4042 ἀποκείμενα
2920 3990 3002 4026 σοι
3029 3975 3110 4038 εἰς
3134 3973 3228 4044 ἔτη
3253 3972 3440 4026 πολλά·
3473 3975 3636 4042 φάγε,
3675 3975 3788 4036 πίε,
3821 3976 4141 4046 εὐφραίνου.

2566 4070 2772 4140 Ἀφρον
2803 4065 3064 4142 οὗν,ἒφη·
3102 4066 3276 4140 ταύτῃ
3292 4067 3401 4139 γὰρ
3437 4071 3502 4138 τῇ
3541 4068 3698 4120 νυκτὶ
3719 4067 3814 4138 τὴν
3840 4068 4016 4142 ψυχήν
4044 4087 4141 4123 σου

2563 4159 2878 4212 ἀπαιτοῦσιν
2909 4157 3017 4213 ἀπὸ
3033 4157 3155 4212 σοῦ’
3173 4158 3208 4212 ἃ
3238 4155 3329 4212 οὖν
3347 4159 3679 4230 ἡτοίμασας,
3715 4159 3818 4212 τίνι
3835 4160 4087 4232 γένηταις
4115 4181 4134 4215 ι

886 4252 1426 4308 fertilem-“deinde
1454 4271 1580 4309 cum
1628 4256 1782 4310 vellet
1827 4254 2040 4310 fructus
2071 4270 2370 4325 reponere,
2403 4263 2451 4308 et
2485 4265 2628 4308 esset
2651 4255 2890 4322 miajora
2930 4255 3118 4309 horrea
3163 4255 3562 4317 aediﬁcaturus,
3597 4273 3616 4306 ι
3644 4255 3746 4308 sibi
3792 4257 3997 4313 dixisse
4041 4275 4140 4327 per

885 4346 1358 4415 prosopopoeiam:
1419 4366 1436 4394 ι
1471 4345 1645 4402 llabes
1690 4347 1832 4402 bona
1877 4347 2046 4401 multa
2101 4347 2339 4417 reposita
2386 4345 2480 4400 tibi
2523 4346 2574 4398 in
2623 4346 2820 4397 multus
2850 4360 3057 4412 annos,
3117 4345 3247 4412 ede,
3295 4347 3452 4408 bibe,
3503 4345 3720 4407 laetare;
3756 4344 3930 4404 Stulte
3966 4366 4086 4420 ergr
4120 4395 4134 4417 ,

885 4440 1086 4506 inquit,
1123 4439 1224 4493 hac
1269 4450 1424 4494 nocte
1473 4445 1711 4495 animum
1763 4452 1910 4496 tuam
1957 4460 1986 4497 a
2015 4457 2064 4497 te
2095 4453 2346 4498 repetunt
2373 4461 2388 4506 ;
2419 4457 2540 4510 qua:
2563 4456 2691 4507 ergo
2725 4443 2956 4508 parasti,
2990 4442 3148 4511 cujus
3183 4452 3346 4496 erunt
3369 4454 3393 4482 δ
3421 4441 3444 4493 ?
3470 4459 3489 4491 ι

954 4574 1116 4651 par.
1159 4576 1408 4651 551,120.
1451 4577 1748 4651 POT'fElt,
1780 4580 2026 4651 tta-450
2065 4581 2171 4636 eo.
2216 4581 2442 4636 l’AltlS.
2521 4594 2544 4622 -
2579 4580 2725 4634 Mattl

2361 4581 2442 4634 IS.
2521 4594 2544 4622 ι
2579 4580 2765 4635 Matth.
2801 4601 2926 4648 xxv,
2953 4585 3042 4649 55,
3069 4585 3157 4639 56.
3236 4585 3265 4623 δ
3302 4582 3437 4638 lhid.
3461 4583 3549 4637 ιο.
3627 4595 3649 4624 ε
3685 4583 3848 4642 Prov.
3889 4603 4002 4651 xxx,
4037 4583 4129 4641 17.

874 4645 906 4688 δ
935 4645 1094 4702 Prov.
1132 4664 1216 4713 ιιι,
1248 4647 1340 4702 27.

882 4719 902 4760 ὶ
939 4718 1097 4774 Prov.
1137 4735 1258 4783 xm,
1293 4719 1377 4774 il.
1461 4717 1475 4768 ι
1518 4719 1676 4773 Prov.
1714 4718 1902 4781 11,23.
1982 4719 2007 4759 Ιι
2039 4721 2181 4775 Psal.
2207 4739 2320 4786 cu,
2341 4724 2394 4775 9.

2481 4722 2490 4757 ¹
2529 4723 2714 4775 Μιιιίίι.
2746 4742 2816 4785 vi,
2858 4726 2939 4776 ιιι.
3082 4727 3190 4784 Ᾱςιι

1421 4660 1443 4686 ε
1466 4649 1607 4722 _|b_id.
1641 4651 1692 4702 5.
1773 4649 1791 4686 ί
1821 4650 1992 4722 Prov.
2016 4669 2068 4722 ιι,
2093 4653 2146 4705 4.
2227 4655 2250 4692 ⁸
2276 4653 2434 4706 Prov.
2468 4667 2582 4706 Xl'l.
2613 4653 2662 4705 8.
2743 4653 2766 4691 δ
2801 4653 2990 4707 Matth.
3029 4673 3138 4710 \tx.
3169 4656 3186 4705 l

2365 4669 2434 4704 ιν.
2468 4667 2582 4706 va.
2613 4653 2662 4705 8.
2743 4653 2766 4691 δ
2801 4653 2990 4707 Matth.
3029 4673 3138 4710 \tx.
3169 4653 3263 4716 l6;
3295 4653 3457 4705 Marc.
3491 4653 3677 4720 Χ,17;
3702 4657 3831 4712 an.
3859 4649 4012 4722 xviii,
4040 4654 4132 4715 18.

3247 4741 3288 4782 ις
3309 4725 3359 4774 6.
3439 4733 3463 4759 ο
3493 4723 3618 4779 Luc.
3651 4743 3751 4786 xu,
3794 4729 3967 4783 lli-2t).

949 4859 1058 4936 (84)
1100 4863 1155 4913 '0
1188 4859 1303 4915 διδ.
1333 4859 1494 4916 Prov.
1535 4877 1658 4925 nx,
1693 4861 1794 4915 l7:
1826 4861 2068 4927 Δανείζει
2092 4865 2211 4936 Θεῷ
2243 4863 2454 4918 ὁέλεῶν
2476 4839 2532 4920 ’1)
2560 4863 2706 4932 legit,

2353 4839 2532 4920 εῶνβ
2560 4863 2706 4932 legit,
2755 4865 3012 4936 ἐπιφέρει
3061 4861 3120 4913 δε
3159 4860 3234 4912 ὅδ’
3267 4857 3360 4917 αὖ.
3407 4864 3671 4936 ltitcrprcs
3705 4870 4035 4924 commatiun
4074 4875 4124 4927 id

879 4932 1107 4985 πτωγόν.

947 4949 1350 5079 ἒὶὲῗρίιίιςδεξῆ.Δ
1369 5002 1573 5079 Ἐνδεῆ,
1600 5001 1980 5079 _Proverb.§ie
1993 5007 2263 5079 superius
2292 5005 2448 5079 ἐνδεῆ

876 5081 1143 5127 mutatum
1180 5075 1232 5127 in
1266 5073 1464 5136 ἐνδεεῖ,
1497 5072 1549 5138 νζ
1587 5072 1693 5126 445
1719 5074 1848 5128 edit.
1884 5073 2055 5130 Paris.

949 5140 1062 5218 (8b)
1099 5144 1366 5218 ’_A_r8pdir.
1405 5144 1724 5218 Ἀνδρείων,
1760 5141 2018 5218 Provcrb.

946 5213 1059 5282 (87)
1100 5213 1416 5286 Ἑπιφέρει.
1467 5213 1599 5281 Quis
1628 5219 1743 5270 lnec
1801 5236 1818 5267 ς
1859 5217 2173 5286 subjungit?
2217 5241 2236 5272 ι
2283 5218 2444 5274 Certe

873 5299 981 5336 non
1022 5285 1438 5357 Salomoniuco
1465 5287 1914 5354 proverbiorum,
1962 5285 2120 5357 quem
2169 5301 2330 5345 antea
2366 5307 2442 5344 rc-

874 5365 1087 5427 Speixti
1123 5372 1248 5409 nam
1285 5355 1340 5409 in
1377 5371 1442 5408 eo
1471 5358 1580 5410 lucc
1614 5375 1719 5411 non
1753 5355 2111 5427 reperiuntur.
2153 5361 2316 5415 Forte
2352 5377 2438 5413 re-

871 5424 1032 5498 spicit
1059 5424 1202 5480 Psal.
1233 5442 1320 5489 xv,
1344 5442 1454 5494 quo
1485 5443 1604 5480 cum
1635 5445 1685 5480 v.
1725 5430 1747 5482 1
1785 5424 2172 5498 interrogatum
2204 5433 2433 5486 fuisset:

871 5511 894 5544 ι
932 5492 1067 5558 Quis
1099 5492 1436 5572 habitabitin
1469 5509 1648 5572 monte
1672 5499 1922 5572 Domini?
1957 5492 2226 5572 {Aliquis
2249 5502 2436 5569 ἐπιφέ-

867 5579 984 5636 ρει,
1026 5583 1046 5636 i
1086 5571 1394 5634 respondet,
1421 5586 1440 5616 ι
1470 5582 1520 5619 v.
1548 5570 1600 5630 5,
1631 5588 1754 5624 eum
1792 5571 1861 5622 ibi
1891 5569 2260 5626 liahilalurum
2292 5589 2430 5634 esse,

865 5634 958 5714 qui
989 5634 1052 5689 τὸ
1082 5637 1338 5714 ἀργύριον
1371 5637 1536 5692 αὑτοῦ
1568 5640 1663 5691 οὑκ
1703 5642 1904 5714 ξδωκεν
1944 5643 2034 5694 ἐπὶ
2065 5644 2226 5714 τόκῳ.
2271 5641 2432 5695 Sinti-

864 5702 934 5758 lia
967 5702 1263 5761 occurrunt
1288 5709 1483 5762 Ezeeh.
1518 5725 1668 5773 ιιι-ιιι,
1705 5713 1758 5766 8.

938 5776 1050 5852 (8-8)
1257 5781 1350 5852 (ir.
1385 5778 1554 5852 Pro_i)
1584 5780 1721 5852 6’_6’tv
1749 5800 1854 5835 non
1888 5783 2230 5836 incommode
2276 5799 2430 5852 repo-

860 5848 1035 5901 meris
1097 5846 1204 5899 ἰδοὺ
1253 5851 1410 5918 ἀνήρ.
1473 5846 1560 5902 Fr.
1614 5849 1808 5904 Junius
1876 5856 2071 5906 minori
2132 5846 2430 5908 mutatione

2559 4937 2831 5002 praeteriit.
2863 4936 3126 5002 Susum.

2628 5006 2738 5083 (89)
2777 5007 3046 5083 μίέτρον.
3065 5072 3080 5083 ι
3099 5001 3353 5083 Ρξοτεή.
3423 5023 3544 5083 ιιι-ιι,
3571 5007 3637 5083 ι
3680 5007 3890 5083 Λυτρον
3920 5009 4124 5083 ,ἀνδρὺς

2553 5072 2729 5150 ψυχῆς
2764 5080 2794 5133 ὁ
2839 5075 2968 5140 ἴδιος
3024 5072 3266 5140 πλοῦτος,
3319 5079 3532 5148 πτωχὸς
3588 5077 3645 5131 δὲ
3695 5072 3808 5147 οὐχ’
3837 5072 4132 5144 ὑφίσταται.

2551 5153 2800 5205 ἀπειλήν.
3023 5163 3039 5182 ⁸

2621 5197 3046 5293 (99ἶῖϊυχροῦ.
3089 5217 3219 5293 _Iloc
3256 5220 3309 5273 in
3366 5217 3512 5274 Flor.
3543 5221 3675 5274 edit.
3721 5217 3986 5273 omissum
4017 5239 4120 5293 ρυ-

2548 5289 2722 5345 stulat
2745 5289 3050 5343 antithesis.
3083 5289 3344 5344 SrLuunc.

2614 5363 2726 5429 (9|)
2759 5358 3005 5432 Κτήσις.
3031 5401 3050 5432 ι
3091 5401 3104 5414 .
3151 5359 3653 5430 ἐπισπευδομένη.
3699 5357 3968 5432 ’Υπαρξις
3998 5365 4119 5418 ἐπι-

2544 5430 2954 5507 σπουδαζομένη
2976 5469 2990 5488 ,
3030 5430 3285 5507 Proverb.
3335 5433 3536 5507 inﬁci;
3568 5429 4074 5507 ἐπισπουδαζομένη
4096 5479 4111 5500 ,

2539 5506 2794 5556 Clemens
2830 5500 3041 5567 μαίας).
3078 5503 3170 5556 lib.
3211 5519 3292 5567 ιιι,
3323 5500 3444 5569 cap.
3487 5502 3583 5554 ult.

2611 5573 2726 5637 (9:2)
2765 5572 2919 5624 Εἰσί.
2964 5574 3112 5625 Εἰσὶν
3147 5573 3196 5625 οἳ
3241 5575 3309 5627 τὰ
3363 5573 3470 5644 ἴδια
3501 5572 3846 5644 σπείροντες,
3895 5575 4118 5632 πλείονα

2537 5643 2814 5716 ποιοῦσιν·
2874 5643 2976 5696 εἰσὶ
3010 5644 3064 5696 δὲ
3103 5644 3194 5697 κα)⁸
3251 5646 3300 5698 οἳ
3347 5641 3672 5709 συνάγοντες
3729 5644 4115 5716 ἐλαττοῦνται,

2539 5713 2798 5766 Proverb.

2610 5785 2722 5852 (95)
2760 5783 2978 5852 Χώραγ.
3025 5783 3185 5837 Luae
3207 5799 3429 5840 sensum
3457 5824 3471 5848 ,
3521 5784 3698 5842 verbis

3731 5789 3954 5858 paulum
3989 5805 4116 5846 tnu-

2540 5859 2664 5909 tazis
2721 5856 2932 5909 exhibet
2963 5868 3174 5908 auctor.
3733 5856 3752 5858 ’
3781 5884 3786 5887 -
