4484 6586
357 411 489 467 1131

1644 412 2080 468 ςτιιοΜΑτυιι
2119 415 2251 470 LlB.
2289 413 2352 467 lii
2365 457 2377 469 .

3489 439 3624 491 1151

1749 552 1983 609 CAPUT
2025 552 2135 606 VII.

731 666 852 731 Qua
884 667 938 718 in
968 683 1021 720 re
1051 668 1477 727 Christianorum
1513 671 1838 726 continentia
1867 685 1983 723 eam
2012 687 2172 739 quam
2202 671 2303 726 sibi
2342 676 2610 728 vindicant
2645 676 2941 746 philosophi
2974 686 3276 740 antecellat.

433 785 501 838 Ἦ
527 783 624 854 μὲν
645 775 740 833 οὖν
759 779 1072 854 ἀνθρωπίνη
1107 786 1424 857 ἐγκράτεια,
1453 788 1486 856 ή
1522 783 1663 839 κατά
1689 782 1815 874 τοὺς
1849 800 1936 851 φι-
1965 789 2010 844 Α
2109 782 2204 840 "Ill

1849 800 1936 851 φι-
1965 789 2010 844 Α
2109 782 2360 844 Humana
2389 804 2522 859 ergo
2551 791 2884 848 continentia
2903 837 2918 861 ,
2947 812 3010 851 ea
3038 839 3055 864 ,
3087 799 3310 870 inquam
3329 844 3344 869 ,
3373 819 3495 874 qua:
3534 817 3619 862 est

350 871 612 938 λοσόφους
633 907 649 931 ,
684 867 828 936 λέγω
877 872 1002 936 τοὺς
1033 874 1298 946 Ἐλλήνων
1318 876 1408 941 ,τὸ
1454 871 1818 943 διαμάχεσθαι
1869 875 1934 943 τῇ

349 960 635 1030 ἐπιθυμίᾳ,
679 959 776 1014 καὶ
817 963 892 1034 μὴ
937 966 1293 1040 ἐξυπηρετεῖν
1337 967 1476 1036 αὐτῇ
1525 965 1606 1026 εἰς
1648 963 1718 1016 τὰ
1762 963 1933 1036 ἔργα,

347 1050 769 1119 ἐπαγγέλλεται·
795 1057 828 1128 ἡ
867 1058 989 1112 καθ’
1023 1062 1171 1132 ήμᾶς
1195 1061 1274 1124 δὲ,
1303 1059 1365 1112 τὺ
1391 1058 1467 1128 μὴ
1503 1057 1813 1128 ἐπιθυμεῖν,
1838 1058 1935 1129 οὐχ

348 1144 438 1197 ἶνα
454 1159 538 1206 τις
563 1144 848 1218 ἐπιθυμῶν
869 1155 1136 1224 καρτερῇ,
1172 1150 1288 1205 ἀλλ’
1321 1150 1473 1211 ὅπως
1496 1147 1592 1202 καὶ
1615 1149 1708 1202 τοῦ
1746 1149 1934 1203 ἐπιθυ-

350 1237 472 1305 μεῖν
516 1236 934 1314 ὲγκρατεύηται.
984 1243 1182 1298 Λαὸεῖν
1228 1241 1287 1295 δὲ
1331 1239 1508 1304 ἄλλως
1541 1241 1643 1293 οὐκ
1689 1241 1800 1295 ἐστι
1835 1246 1932 1314 τὴν

345 1327 671 1398 ἐγκράτειαν
703 1335 903 1406 ταύτην
927 1337 961 1407 ἦ
987 1336 1170 1407 χάριτι
1180 1331 1274 1386 τοῦ
1289 1331 1445 1385 Θεοῦ.
1463 1333 1562 1387 Διὰ
1574 1333 1730 1387 τοῦτο
1754 1332 1925 1389 εἶπεν·

350 1439 371 1471 ί
397 1422 626 1488 Αἰτεῖτε,
658 1428 752 1480 καὶ
782 1428 1070 1500 δοθήσεται
1114 1427 1266 1496 ὑμῖν.
1314 1443 1334 1476 ι
1366 1424 1587 1497 Ταύτην
1625 1426 1784 1481 ἔλαϐε
1830 1431 1928 1500 τὴν

344 1511 503 1582 χάριν
530 1516 625 1569 καὶ
661 1518 690 1568 ό
729 1519 970 1589 Μωῡσῆς
989 1557 1004 1579 ,
1029 1517 1090 1569 τὸ
1121 1515 1300 1578 ἐνδεὲς
1333 1515 1495 1586 σῶμα
1530 1520 1925 1590 περικείμενος,

344 1601 434 1656 ἵνα
456 1608 867 1679 τεσσαράκοντα
895 1608 1112 1679 ἡμέρας
1135 1607 1274 1678 μήτε
1308 1607 1540 1682 πεινάσῃ
1559 1649 1573 1671 τ
1605 1611 1736 1682 μήτε
1772 1611 1926 1684 διψή-

343 1713 432 1770 σῃ.
471 1701 557 1765 Ὠς
582 1703 637 1755 δὲ
659 1704 924 1772 ὑγιαίνειν
950 1702 1172 1770 ἄμεινον
1214 1699 1308 1753 τοῦ
1343 1701 1600 1756 νοσοῦντα
1634 1705 1760 1776 περὶ
1810 1707 1926 1773 ὑγι-

339 1791 458 1854 είας
481 1792 850 1863 διαλέγεσθαι,
874 1791 1017 1845 οὕτω
1047 1791 1107 1844 τὸ
1141 1787 1281 1844 εἶναι
1311 1791 1427 1860 φῶς
1452 1793 1544 1846 τοῦ
1581 1795 1708 1867 περὶ
1747 1796 1924 1866 φωτὸς

335 1882 541 1948 λαλεῖν,
565 1887 661 1940 καὶ
694 1889 725 1956 ἡ
764 1884 906 1938 κατά
936 1882 1194 1955 ἀλήθειαν
1227 1886 1523 1956 ἐγκράτεια
1553 1888 1650 1958 τῆς
1683 1889 1788 1942 ὑπὸ
1812 1889 1921 1941 τῶν

338 1974 644 2044 φιλοσόφων
665 1974 1071 2044 διδασκομένης.
1101 1974 1176 2028 Οὐ
1202 1975 1311 2046 γάρ
1337 1977 1471 2029 ὅπου
1497 1979 1630 2046 φῶς,
1665 1982 1778 2033 ἐκεῖ
1800 1980 1925 2033 σκό-

335 2087 444 2133 τος·
479 2070 607 2123 ἔνθα
633 2071 691 2123 δέ
715 2073 862 2122 ἐστιν
889 2068 1156 2139 ἐπιθυμία
1182 2070 1617 2143 ὲγκαθεζομένη,
1643 2072 1776 2144 μόνη
1800 2089 1925 2140 τυγ-

335 2161 592 2232 χάνουσα,
621 2161 725 2213 κᾶν
750 2163 816 2231 τῇ
844 2160 1096 2232 ἐνεργείᾳ
1119 2161 1368 2235 ἡσυχάζῃ
1393 2165 1458 2234 τῇ
1497 2162 1584 2215 διὰ
1610 2164 1703 2216 τοῦ
1740 2163 1926 2234 σώμα-

331 2267 444 2315 τος,
476 2254 542 2322 τῇ
574 2253 764 2324 μνήμῃ
790 2251 1132 2316 συνουσιάζει
1158 2253 1295 2325 πρὸς
1328 2253 1388 2305 τὺ
1422 2253 1498 2324 μή
1526 2253 1718 2326 παρόν.
1748 2254 1926 2308 Καθό-

331 2343 424 2398 λου
473 2344 530 2397 δὲ
577 2347 706 2415 ἡμῖν
752 2346 988 2416 προείτω
1041 2345 1153 2416 (94)
1201 2348 1230 2399 ό
1271 2345 1430 2416 λόγος
1457 2348 1581 2419 περί
1619 2365 1676 2400 τε
1717 2349 1922 2417 γάμου,

332 2437 461 2508 περί
479 2454 538 2490 τε
571 2439 812 2509 τροφῆς,
847 2438 944 2492 καὶ
981 2439 1088 2492 τῶν
1130 2440 1327 2503 ἄλλων,
1368 2441 1536 2512 μηδὲν
1583 2441 1704 2494 κατ’
1734 2441 1922 2494 ἐπιθυ-

334 2529 462 2600 μίαν
497 2533 687 2594 ποιεῖν,
730 2530 904 2584 θέλειν
944 2531 1002 2584 δὲ
1039 2531 1178 2601 μόνα
1208 2534 1392 2584 ἐκεῖνα
1427 2531 1497 2584 τὰ
1521 2534 1816 2600 ἀναγκαῖα.
1847 2533 1922 2584 Οὐ

329 2621 440 2692 γάρ
469 2623 634 2692 ἐσμεν
669 2621 968 2693 ἐπιθυμίας
1007 2621 1121 2693 (95)
1162 2621 1358 2686 τέκνα,
1395 2620 1531 2674 ἀλλά
1577 2619 1916 2691 θελήματος·

328 2714 426 2767 καὶ
460 2713 549 2766 τὸν
584 2714 676 2766 ἐπὶ
717 2715 1028 2784 παιδοποιίᾳ
1067 2715 1326 2785 γήμαντα
1369 2712 1700 2784 ἐγκράτειαν
1733 2713 1920 2765 ἀσκεῖν

328 2806 454 2878 χρὴ,
476 2807 551 2870 ὼς
578 2807 710 2877 μηδὲ
744 2807 1030 2877 ἐπιθυμεῖν
1056 2807 1157 2875 τῆς
1189 2806 1445 2874 γυναικὸς
1473 2806 1574 2876 τῆς
1611 2805 1824 2867 ἑαυτοῦ,
1851 2806 1917 2876 ἣν

330 2899 549 2968 ἀγαπᾷν
573 2897 797 2966 ὀφείλει,
834 2895 1017 2967 σεμνῷ
1045 2897 1140 2949 καὶ
1171 2895 1410 2966 σώφρονι
1436 2894 1918 2966 παιδοποιούμενος

326 2986 615 3059 θελήματι.
665 2988 738 3040 Οὐ
783 2987 892 3059 γὰρ
933 3009 950 3039 ι
997 2989 1096 3059 τῆς
1126 2988 1331 3060 σαρκὸς
1364 2987 1622 3059 πρόνοιαν
1646 2987 1915 3042 ποιεῖσθαι

328 3087 407 3147 είς
430 3081 724 3152 ἐπιθυμίας
754 3103 771 3134 ι
801 3082 1130 3153 ἐμάθομεν·«
1160 3081 1517 3152 εὐσχημόνως
1541 3081 1597 3134 δὲ
1621 3081 1698 3144 ὡς
1712 3083 1917 3152 ἐνήμε-

328 3191 419 3247 ρᾳ,
453 3193 470 3224 ι
508 3173 586 3243 τῷ
612 3172 864 3246 Χριστῷ,
902 3172 996 3226 καὶ
1036 3175 1100 3243 τῇ
1133 3173 1383 3241 Κυριακῇ
1408 3173 1474 3242 τῇ
1513 3174 1743 3242 φωτεινῇ
1776 3173 1914 3240 ἀγω-

325 3271 418 3339 γῇ,
447 3287 466 3319 ι
499 3267 941 3339 περιπατοῦντες,
977 3266 1050 3337 μὴ
1084 3264 1292 3336 κώμοις
1315 3264 1410 3318 καὶ
1440 3263 1656 3334 μέθαις,
1693 3265 1767 3336 μὴ
1799 3265 1912 3318 κοί-

324 3377 444 3423 ταις
475 3359 566 3414 καὶ
615 3359 952 3428 ἀσελγείαις,
998 3357 1070 3428 μὴ
1114 3357 1254 3428 ἔρισι
1291 3356 1386 3409 καὶ
1431 3355 1634 3427 ζήλοις.
1677 3376 1694 3408 ι
1742 3356 1908 3410 Ἀλλά

2038 891 2106 932 ex
2139 881 2410 936 sententia
2446 880 2897 952 philosophorum
2931 887 3246 947 Graecorum
3275 937 3290 961 ,
3325 895 3616 966 profitetur

2036 984 2281 1042 pugnare
2308 987 2436 1027 eum
2467 972 2765 1042 cupiditate
2787 1015 2802 1038 ,
2833 987 2887 1030 et
2914 977 2968 1031 in
3001 978 3164 1036 factis
3199 985 3247 1037 ei
3289 1001 3398 1041 non
3439 988 3615 1044 inser-

2035 1064 2188 1131 vire;
2225 1079 2350 1133 qua:
2375 1073 2461 1119 est
2490 1075 2672 1121 autem
2703 1082 2772 1122 ex
2805 1079 2993 1125 nostra
3022 1075 3295 1131 sententia
3323 1081 3619 1136 continen-

2032 1155 2140 1222 tia,
2173 1170 2285 1209 non
2329 1159 2757 1228 concupiscere;
2802 1178 2911 1217 non
2952 1173 3013 1219 ut
3051 1167 3176 1236 quis
3219 1172 3614 1239 concupiscens

2033 1261 2092 1300 se
2121 1245 2337 1302 fortiter
2370 1258 2557 1319 gerat,
2589 1252 2685 1305 sed
2714 1262 2776 1307 ut
2811 1255 2974 1309 etiam
3009 1272 3043 1310 a
3082 1260 3528 1330 concupiscendo
3554 1280 3615 1320 se

2032 1339 2332 1396 contineat.
2385 1340 2505 1394 Non
2557 1350 2734 1410 potest
2772 1356 2951 1401 autem
2988 1364 3051 1403 ea
3097 1351 3254 1406 aliter
3301 1355 3612 1424 comparari

2029 1430 2393 1494 continentia,
2419 1431 2527 1485 nisi
2560 1433 2733 1501 gratia
2762 1433 2877 1489 Dei.
2913 1435 2980 1490 Et
3004 1439 3126 1494 ideo
3155 1442 3330 1498 dixit:
3365 1465 3383 1496 ι
3414 1445 3608 1510 Petite.

2029 1529 2084 1576 et
2116 1521 2337 1576 dabitur
2369 1523 2526 1579 vobis
2560 1539 2610 1579 ι.
2646 1545 2665 1577 ι
2694 1525 2846 1582 lianc
2883 1531 3114 1599 gratiam
3148 1531 3360 1602 Moyses
3391 1552 3614 1607 quoque

2028 1613 2277 1682 accepit,
2308 1614 2402 1683 qui
2442 1615 2630 1686 indigo
2661 1633 2893 1687 corpore
2930 1631 3048 1675 erat
3085 1623 3346 1691 indutus,
3389 1638 3446 1682 ut
3476 1646 3613 1700 qua-

2027 1704 2281 1775 draginta
2303 1706 2496 1760 diebus
2520 1723 2695 1776 neque
2715 1710 2969 1776 csuriret,
2994 1729 3170 1783 neque
3193 1716 3390 1772 sitiret.
3410 1717 3614 1783 Qui-m-

2025 1799 2320 1854 admodum
2369 1809 2554 1854 autem
2608 1800 2807 1856 melius
2856 1811 2940 1857 est
2985 1819 3179 1858 sanum
3231 1823 3388 1872 esse,
3443 1827 3608 1879 quam

2033 1900 2388 1960 aegrotantem
2432 1890 2705 1946 disserere
2748 1892 2815 1947 de
2845 1895 3078 1950 sanitate
3103 1914 3116 1949 :
3148 1896 3221 1950 ita
3250 1899 3423 1954 lucem
3453 1917 3577 1958 es:e
3597 1944 3610 1964 .

2025 1994 2188 2049 quam
2225 1980 2373 2049 loqui
2407 1979 2475 2034 de
2514 1980 2678 2047 luce;
2716 1991 2772 2036 et
2802 1998 2926 2052 qua:
2955 1993 3132 2040 estex
3167 1989 3399 2045 veritate
3425 1994 3609 2046 conti-

2028 2070 2246 2134 nentia,
2280 2086 2345 2123 ea
2388 2086 2509 2139 qua:
2559 2071 2788 2126 docetur
2827 2089 2858 2127 a
2905 2076 3268 2146 philosophis.
3307 2079 3425 2136 Non
3457 2084 3606 2137 enim

2031 2161 2121 2214 ubi
2155 2169 2240 2214 est
2270 2161 2364 2214 lux
2386 2200 2401 2223 ,
2438 2161 2551 2215 illic
2578 2165 2856 2231 tenebrae;
2889 2167 2984 2220 ubi
3017 2179 3201 2223 autem
3241 2171 3358 2226 sola
3403 2174 3609 2230 insidet

2026 2251 2329 2320 cupiditas,
2360 2253 2574 2308 etiamsi
2605 2255 2856 2323 quiescat
2885 2272 2918 2310 a
2948 2273 3215 2328 corporea
3247 2265 3567 2332 operatione
3587 2307 3605 2336 ,

2026 2351 2084 2396 at
2117 2343 2382 2397 memoria
2418 2359 2544 2397 eum
2579 2359 2647 2398 eo
2669 2386 2682 2408 ,
2718 2346 2866 2416 quod
2913 2363 3023 2403 non
3053 2360 3137 2405 est
3165 2367 3405 2421 praesens
3426 2398 3442 2421 ,
3472 2373 3605 2413 con-

2024 2435 2287 2505 greditur.
2332 2434 2642 2490 Generatim
2679 2443 2736 2500 >I<
2794 2447 2976 2494 autem
3011 2442 3171 2497 nobis
3203 2445 3456 2512 procedat
3484 2463 3609 2502 ora-

2027 2525 2103 2577 tio
2132 2524 2199 2578 de
2231 2526 2614 2588 matrimonio,
2645 2529 3020 2595 nutrimento,
3064 2543 3117 2584 et
3160 2534 3314 2601 aliis,
3371 2546 3431 2590 ut
3465 2537 3606 2592 nihil

2024 2615 2287 2672 faciamus
2311 2632 2376 2672 ex
2404 2618 2722 2687 cupiditate,
2750 2620 2984 2676 velimus
3014 2631 3194 2678 autem
3223 2640 3284 2680 ea
3312 2628 3451 2692 sola,
3476 2646 3603 2700 quso

2025 2718 2152 2765 sunt
2179 2711 2511 2764 necessaria.
2551 2709 2670 2764 Non
2705 2726 2899 2766 sumus
2932 2715 3079 2767 enim
3113 2717 3208 2769 lilii
3240 2720 3558 2789 cupiditatis
3582 2764 3598 2787 ,

2029 2799 2127 2853 Sed
2161 2801 2500 2866 voluntatis;
2533 2811 2740 2870 etcum
2764 2842 2778 2866 ,
2813 2805 2908 2873 qui
2942 2821 3169 2861 uxorem
3201 2809 3355 2865 duxit
3382 2823 3602 2883 propter

2019 2891 2316 2944 liberorum
2346 2895 2822 2961 procreationem,
2866 2912 3122 2954 exercere
3158 2912 3374 2970 oportet
3421 2910 3600 2960 conti-

2016 2984 2258 3038 nentiam
2281 3025 2296 3047 ,
2326 2993 2385 3038 ut
2415 3000 2483 3039 ne
2514 3002 2670 3041 suam
2700 2987 2922 3056 quidem
2954 2994 3309 3062 concupiscat
3339 3013 3594 3058 uxorem.

2014 3092 2178 3146 quam
2205 3078 2364 3132 debet
2388 3078 2645 3148 diligere,
2671 3080 2901 3136 honesta
2925 3093 2979 3138 et
3004 3086 3288 3141 moderata
3317 3089 3600 3145 voluntate

2012 3184 2234 3236 Operam
2260 3171 2398 3224 dans
2428 3171 2638 3226 liberis.
2673 3172 2792 3227 Non
2828 3176 2974 3229 enim
3007 3195 3028 3227 ι
3059 3179 3247 3236 carnis
3273 3195 3465 3236 curam
3498 3200 3594 3254 ge-

2013 3276 2140 3315 rere
2165 3261 2233 3315 ad
2261 3263 2736 3332 concupiscentiae
2773 3284 2794 3317 ι
2817 3266 3149 3336 didicimus;
3181 3289 3200 3322 ι
3236 3272 3462 3329 honeste
3492 3293 3594 3329 nu-

2018 3361 2130 3405 tem
2162 3364 2418 3423 tanquam
2457 3355 2512 3407 in
2549 3355 2658 3420 die,
2691 3376 2710 3408 ι
2737 3356 2978 3427 Christo,
3008 3372 3066 3416 et
3095 3361 3375 3422 Dominiea
3411 3367 3591 3423 lucida

324 3452 433 3523 γάρ
463 3452 523 3505 οὐ
567 3451 724 3521 μόνον
757 3451 882 3522 περί
912 3466 962 3501 τι
997 3448 1054 3500 ἒν
1091 3444 1227 3510 εἶδος
1261 3447 1357 3516 τὴν
1397 3448 1720 3518 ἐγκράτειαν
1753 3465 1904 3502 συνο-
1930 3469 1972 3526 C
2010 3444 2095 3498 vit:

1819 3466 1904 3502 νο-
1930 3469 1972 3526 c
2010 3444 2134 3498 vita:
2167 3445 2535 3514 institutione,
2561 3465 2580 3499 ι
2620 3451 2960 3508 ambulantes
2983 3495 2999 3521 ,
3047 3471 3156 3510 non
3209 3458 3263 3510 in
3312 3475 3588 3516 comessa-

326 3547 424 3616 ρᾷν
450 3546 736 3616 προσήκει.
760 3542 1006 3595 τουτέστι
1034 3541 1100 3593 τὰ
1129 3541 1417 3612 ἀφροδίσια
1443 3580 1456 3602 ,
1489 3539 1626 3592 ἀλλά
1669 3540 1776 3612 γάρ
1811 3541 1906 3593 καὶ

324 3639 450 3708 περὶ
469 3637 535 3689 τὰ
557 3635 710 3696 ἀλλα,
739 3637 841 3687 ὅσα
870 3631 1204 3685 σπαταλῶσα
1226 3630 1483 3701 ἐπιθυμεῖ
1503 3631 1700 3702 ἡψυχὴ
1729 3631 1903 3701 ήμῶν,

321 3729 422 3782 οὐκ
455 3727 764 3798 ἀρκουμένη
799 3728 910 3788 τοῖς
945 3723 1289 3792 ἀναγκαίοις,
1333 3724 1804 3794 περιεργαζομένη
1849 3724 1904 3777 δὲ

321 3820 418 3890 τὴν
438 3819 638 3889 χλιδήν.
663 3817 990 3888 Ἐγκράτειά
1019 3818 1167 3869 ἐστιν
1210 3816 1474 3887 ἀργυρίου
1522 3820 1901 3887 καταφρονεῖν

321 3912 548 3981 τρυφῆς,
591 3911 854 3981 κτήσεως,
885 3907 1018 3972 θέας
1051 3908 1624 3980 καταμεγαλοφρονεῖν
1649 3925 1661 3938 ’
1701 3909 1901 3979 στόμα-

319 4019 410 4064 τος
439 4003 681 4073 κρατεῖν,
725 3999 1000 4070 κυριεύειν
1032 3998 1278 4069 λογισμῷ
1313 3998 1419 4050 τῶν
1457 3997 1728 4069 πονηρῶν.
1760 3998 1898 4067 Ἤδη

318 4093 375 4145 δὲ
406 4093 500 4146 καὶ
520 4090 734 4160 ἄγγελοί
763 4091 873 4160 (96)
905 4108 1078 4154 τινες,
1109 4093 1369 4162 ἀκρατεῖς
1412 4091 1694 4162 γενόμενοι
1715 4130 1729 4153 ,
1779 4091 1900 4144 ἐπι-

319 4183 491 4255 θυμίᾳ
529 4183 775 4247 ἁλόντες,
823 4181 1112 4254 οὐρανόθεν
1162 4182 1322 4253 δεῦρο
1380 4182 1897 4237 καταπεπτὼκασιν.

318 4276 670 4340 Οὐαλεντίνος
695 4276 751 4329 δὲ
781 4278 840 4329 ὲν
866 4278 931 4346 τῇ
960 4276 1095 4347 πρὸς
1113 4274 1451 4344 Ἀγαθόποδα
1481 4275 1591 4346 (97)
1618 4277 1896 4347 ἐπιστολῇ,

324 4385 340 4414 ι
368 4366 556 4419 Πάντα
576 4407 590 4429 ,
635 4367 830 4438 φησὶν,
869 4365 1169 4437 ὑπομείνας
1190 4405 1204 4428 ,
1248 4364 1523 4436 ἐγκρατὴς
1553 4361 1640 4436 ἦν,
1668 4365 1895 4436 θεότητα

317 4457 526 4524 Ἰησοῦς
556 4460 857 4530 εἰργάζετο·
883 4458 1036 4530 ἤσθιε
1062 4457 1157 4511 καὶ
1186 4456 1369 4510 ἔπινεν
1412 4457 1560 4520 ἰδίως
1580 4497 1594 4521 ,
1631 4459 1730 4511 οὐκ
1760 4459 1894 4512 ἀπο-

314 4548 489 4611 διδοὺς
531 4549 607 4602 τὰ·
647 4549 929 4622 βρώματα.
980 4549 1227 4620 Τοσαύτη
1272 4544 1340 4620 ἦν
1387 4549 1536 4620 αὐτῷ
1568 4550 1895 4622 ἐγκρατείας

2010 3537 2252 3593 tionibus
2293 3547 2348 3594 et
2387 3541 2777 3610 ebrietatibus,
2830 3563 2937 3600 non
2981 3548 3034 3602 in
3091 3549 3368 3607 cubilibus
3396 3561 3450 3607 ct
3485 3554 3591 3607 im-

2008 3630 2320 3699 pudicitiis,
2353 3647 2461 3687 non
2492 3634 2547 3688 in
2592 3635 2779 3691 litibus
2807 3649 2864 3693 et
2893 3643 3338 3698 contentionibus
3360 3649 3402 3698 υ.
3437 3665 3456 3696 ι
3487 3645 3595 3698 γε»-

2011 3722 2418 3778 rumenimvero
2446 3739 2551 3779 non
2577 3737 2790 3796 oportet
2815 3733 3166 3786 considerare
3191 3736 3585 3791 continentiam

2011 3813 2064 3867 in
2091 3831 2198 3868 uno
2226 3816 2399 3869 solum
2429 3832 2651 3887 genere,
2684 3836 2879 3890 nempe
2908 3823 2962 3876 in
2997 3825 3160 3878 rebus
3191 3828 3462 3894 venereis,
3491 3831 3586 3883 sed

2009 3908 2174 3962 etiam
2218 3909 2274 3963 in
2323 3910 2747 3983 quibuscunque
2788 3915 2948 3983 aliis,
2978 3932 3096 3985 quae
3141 3919 3422 3976 luxuriosa
3454 3937 3588 3976 con-

2007 4000 2246 4070 cupiscit
2275 4003 2456 4056 anima
2481 4045 2497 4068 ,
2533 4020 2638 4058 non
2668 4015 2924 4062 contenta
2954 4012 3282 4066 necessariis
3301 4053 3317 4077 ,
3355 4013 3447 4067 sed
3478 4015 3588 4068 sol-

2006 4093 2155 4149 licita
2185 4094 2254 4149 de
2280 4095 2506 4150 deliciis.
2545 4095 2896 4153 Continentia
2937 4111 3020 4156 cst
3079 4104 3366 4171 pecuniam
3403 4105 3590 4174 ἀωρὶ-ι

2007 4201 2130 4241 cere
2159 4203 2173 4251 ;
2203 4186 2534 4256 voluptatem
2560 4230 2573 4253 ,
2605 4191 3004 4258 possessionem
3028 4233 3042 4256 ,
3073 4195 3446 4263 spectaculum
3476 4213 3587 4252 ma-

2006 4290 2114 4346 gno
2147 4285 2201 4332 et
2228 4277 2444 4332 excelso
2473 4278 2656 4331 animo
2706 4291 3060 4337 contemnere
3090 4301 3105 4348 ;
3153 4297 3218 4338 os
3261 4286 3544 4341 continere
3568 4331 3583 4349 .

2006 4369 2215 4424 ratione
2257 4385 2378 4439 qua
2422 4379 2554 4425 sunt
2601 4373 2746 4426 mala
2792 4373 3032 4429 vincere.
3071 4373 3190 4430 Jam
3236 4392 3368 4431 vero
3404 4381 3581 4448 angeli

2003 4474 2220 4528 quoque
2252 4459 2473 4528 quidam
2501 4504 2516 4526 ,
2549 4477 2674 4517 cum
2710 4461 2945 4518 fuissent
2976 4466 3417 4534 incontinentes,
3452 4472 3579 4524 victi

2001 4551 2340 4620 cupiditate,
2370 4553 2480 4608 huc
2505 4569 2540 4608 ε
2567 4555 2712 4609 οωίό
2743 4557 3092 4611 deciderunt.
3127 4556 3454 4615 Valentinus
3485 4579 3581 4615 an—

314 4642 562 4711 δύναμις,
602 4639 742 4695 ὥστε
781 4647 876 4698 καὶ
922 4647 996 4716 μῆ
1032 4642 1313 4716 φθαρῆναι
1335 4642 1433 4713 τὴν
1465 4643 1674 4714 τροφὴν
1709 4647 1770 4697 ὲν
1800 4646 1894 4697 αὖ-
1924 4639 1974 4692 D
1999 4655 2085 4698 ten

1804 4646 1894 4697 αὖ·
1924 4639 1974 4692 D
1999 4655 2112 4698 tem
2155 4644 2216 4698 in
2254 4643 2498 4715 Epistula
2543 4647 2610 4700 ad
2653 4647 3105 4717 Agathopodem:
3139 4670 3157 4701 ι
3190 4652 3326 4707 Cum
3357 4658 3538 4710 omnia
3561 4698 3575 4720 ,

398 4825 456 4883 »Β
497 4817 567 4873 Ρ,
599 4819 708 4873 553-
743 4821 852 4873 El).
889 4823 1187 4888 POTTER,
1219 4821 1448 4877 4-50-45!
1492 4822 1599 4876 Εἰ).
1645 4823 1864 4877 ΡᾹιῖΙδ.
1942 4836 1968 4864 ι
2001 4823 2168 4880 Matth

1438 4822 1448 4874 l
1492 4822 1599 4876 Εἰ).
1645 4823 1864 4877 Ρλιιιδ.
1942 4836 1968 4864 ι
2001 4823 2192 4880 Matth.
2225 4845 2317 4893 vn,
2351 4829 2398 4882 7.
2479 4831 2506 4869 b
2535 4831 2692 4887 Rom.
2734 4850 2847 4892 xm.
2883 4835 2968 4897 ἸΞ,
3004 4834 3090 4897 l5,
3123 4835 3209 4887 14.

395 4984 504 5054 (94)
538 4983 809 5058 Προείτω.
842 4979 899 5032 In
941 4984 1178 5058 προείτω
1211 4979 1441 5058 vestigia
1487 4987 1616 5033 sunt
1652 4978 1888 5058 duplicis

323 5052 1190 5134 εειέίιηυτειζ»πεοέῖωθίπρθῖτὲἒο
1232 5054 1496 5134 $399939-
1721 5132 1734 5134 -
1784 5052 1845 5134 I-

395 5115 506 5197 (θὸ)
541 5125 621 5200 035
650 5115 760 5200 τᾶρ
791 5122 981 5200 ἐσμετς
997 5115 1098 5200 ξπ,
1119 5122 1360 5200 Respicit
1378 5121 1513 5175 forte
1539 5115 1698 5200 Joan.
1721 5132 1758 5181 ι,
1781 5118 1883 5200 [ἷξε

324 5186 514 5254 οῖὀὐκ
545 5194 602 5263 ἐξ
630 5186 896 5264 αἱμάτων,
930 5192 1148 5264 οὐδελεκ
1176 5186 1478 5264 θελήματος
1506 5186 1703 5264 σαρκὸς
1723 5226 1738 5248 ,
1765 5189 1889 5241 οὐδὲ

324 5274 388 5327 ὲκ
416 5269 540 5340 θελή
551 5257 710 5336 uaros
737 5263 961 5340 dumos.
992 5260 1116 5340 ἀλλ’,
1138 5265 1203 5316 ὲκ
1227 5257 1362 5318 Θέὸῦ
1399 5257 1778 5330 ἐγεννήθησαν.

395 5341 508 5411 (θϋ)
531 5329 1063 5416 ’ᾎγγελοιίυρίιιὶο
1105 5329 1489 5416 istavet‘erum
1521 5329 1886 5416 quioru'mldam

323 5399 411 5467 de‘
445 5399 690 5482 angelis;
705 5399 1034 5482 hausta—cst.
1057 5416 1123 5455 ex
1176 5403 1266 5482 illo
1304 5405 1502 5482 (ἱεράς,
1543 5415 1597 5482 vt
1622 5418 1646 5482 ε,
1673 5399 1891 5482 ’ἰδόντες

321 5481 379 5536 δὲ
405 5482 454 5535 οἱ
471 5471 576 5536 υἱοὶ
599 5476 694 5532 τού
717 5473 852 5531 Θεοῦ
881 5471 978 5536 τὰς
1010 5471 1314 5544 θυγατέρας
1346 5474 1455 5528 τῶν
1480 5471 1800 5544 ἀνθρώπων,
1837 5477 1892 5521 ct

364 5568 446 5607 ua:
468 5557 770 5622 sequuntur
793 5564 807 5601 :
834 5545 927 5600 sed
946 5543 1166 5622 decepit
1197 5543 1320 5622 illos
1355 5543 1706 5622 Hebraisjpus
1733 5557 1749 5620 ξ
1775 5554 1889 5608 qua

364 5568 446 5607 11$
468 5566 770 5622 sequuntur
793 5566 807 5601 ἓ
834 5566 927 5600 seu
955 5566 1166 5612 ueccpu.
1199 5566 1320 5599 IIIOS
1355 5566 1706 5600 ηευηιιδιιιυδ
1775 5566 1889 5608 qua

323 5566 392 5674 ἓξ,
430 5639 486 5676 re
517 5631 571 5676 et
600 5620 907 5675 Munsterus
946 5615 1001 5693 in
1031 5628 1158 5693 etim
1210 5613 1391 5669 locum
1414 5658 1429 5681 ,
1476 5611 1889 5693 (Etupo'lilllﬂneﬁ

326 5701 526 5746 nostra:
569 5693 622 5744 in
675 5689 925 5743 humilias
959 5685 1017 5738 ὃ.
1053 5683 1274 5738 Patrum
1319 5679 1441 5756 pag.
1492 5683 1616 5740 550.
1653 5680 1718 5736 ﬂ.
1754 5679 1888 5732 Su.-

605 5788 877 5846 PtTnOL.
934 5783 976 5838 (ἶ
992 5787 1058 5842 n.’
1116 5779 1280 5838 ΗΠ.

1998 4992 2158 5034 nunc.
2205 5007 2275 5017 —
2299 4971 2459 5026 Conf.
2482 4987 2605 5041 qua:
2626 4973 3014 5029 adnotavimus
3043 4975 3109 5030 ad
3134 4974 3295 5030 ﬁnem
3329 4975 3580 5049 Pa-dag..

2001 5048 2096 5094 lih-
2130 5065 2211 5094 In-
2249 5059 2369 5094 can.
2403 5042 2457 5094 2.

2000 5048 2096 5102 lib.
2130 5065 2212 5102 In.
2249 5059 2369 5102 can-
2403 5048 2457 5094 2ο

2075 5059 2621 5189 ξθῗξκῗξξῗᾴθῖἓεοδει.
2656 5112 2738 5166 Cl.
2777 5114 3012 5189 Grabius
3060 5113 3312 5189 Spicileg.
3348 5131 3573 5189 saeuit,

2002 5206 2058 5260 p.
2083 5182 2204 5260 '53,
2233 5182 2312 5240 ad
2351 5184 2506 5260 hunc
2547 5182 2844 5260 Clementis
2869 5184 3051 5260 locum
3101 5182 3220 5260 haec
3247 5182 3527 5260 adnotavit
3559 5205 3574 5244 :

2008 5252 2415 5328 'tAgatltepus,_
2440 5253 2508 5306 ad
2567 5269 2727 5328 quem
2786 5252 3108 5328 Valentinus
3144 5258 3352 5310 litteras
3384 5259 3531 5312 dedit
3558 5299 3577 5325 ,

2002 5323 2145 5383 idem
2179 5327 2314 5381 forte
2337 5323 2445 5396 fuit
2485 5339 2612 5396 cum
2661 5323 2751 5376 illo
2812 5325 2905 5394 qui
2946 5325 3003 5378 S.
3041 5327 3302 5396 Ignatium
3345 5323 3577 5384 Romam

2001 5399 2070 5454 ad
2128 5395 2447 5469 martyrith
2512 5395 2806 5469 a_bductum
2865 5395 3160 5469 comitatus
3214 5406 3312 5452 cst.
3351 5416 3369 5449 ι
3426 5399 3574 5454 luem

1999 5464 2331 5523 existimavit
2387 5464 2468 5517 Cl.
2530 5465 2840 5520 Pearsonns
2879 5464 3087 5520 Adnot.
3136 5469 3189 5520 in
3249 5469 3362 5522 haec
3407 5473 3575 5528 verba

2001 5541 2289 5608 lgltatianrz'
2332 5535 2579 5608 epistoite
2627 5535 2697 5589 ad
2737 5535 3197 5608 §myrnaeosucap
3231 5537 3338 5594 10:
3369 5541 3571 5594 Φίλωνα

2146 5609 2311 5662 Ῥέων
2331 5583 2686 5674 ’Ᾰγαθοπουψ
2713 5605 2763 5662 οἳ
2791 5583 3236 5681 ἐπηκολούθηό-άν
3257 5627 3367 5681 μοι’
3398 5630 3418 5660 ε
3447 5609 3574 5665 Ριιὶ-

1998 5683 2174 5735 lunem
2201 5690 2252 5732 et
2276 5675 2450 5730 Reum
2484 5677 2859 5747 Agatbopo'in,
2885 5675 2984 5746 qui
3039 5675 3130 5733 me
3168 5675 3337 5735 secuti
3385 5689 3569 5736 sunt»

3214 5778 3289 5836 37
