  <div class='ocr_page' id='page_1' title='image "/cluster/home/n/w/nwhite01/storage/ocr_20150623/8/nnc1.0065752333/601.png"; bbox 0 0 4484 6586; ppageno 0'>
   <div class='ocr_carea' id='block_1_1' title="bbox 937 490 1077 546">
    <p class='ocr_par' dir='ltr' id='par_1_1' title="bbox 937 490 1077 546">
     <span class='ocr_line' id='line_1_1' title="bbox 937 490 1077 546; baseline 0 0"><span class='ocrx_word' id='word_1_1' title='bbox 937 490 1077 546; x_wconf 78' lang='lat' dir='ltr'><strong>M63</strong></span> 
     </span>
    </p>
   </div>
   <div class='ocr_carea' id='block_1_2' title="bbox 2013 482 2916 567">
    <p class='ocr_par' dir='ltr' id='par_1_2' title="bbox 2013 482 2916 567">
     <span class='ocr_line' id='line_1_2' title="bbox 2013 482 2916 567; baseline 0.017 -14"><span class='ocrx_word' id='word_1_2' title='bbox 2013 482 2400 558; x_wconf 63' lang='lat' dir='ltr'><strong>CLEMENTIS</strong></span> <span class='ocrx_word' id='word_1_3' title='bbox 2441 505 2916 567; x_wconf 70' lang='lat' dir='ltr'><strong>ALEXANDRINI</strong></span> 
     </span>
    </p>
   </div>
   <div class='ocr_carea' id='block_1_3' title="bbox 4046 525 4183 581">
    <p class='ocr_par' dir='ltr' id='par_1_3' title="bbox 4046 525 4183 581">
     <span class='ocr_line' id='line_1_3' title="bbox 4046 525 4183 581; baseline 0 -1"><span class='ocrx_word' id='word_1_4' title='bbox 4046 525 4183 581; x_wconf 62' lang='lat'><strong>“64</strong></span> 
     </span>
    </p>
   </div>
   <div class='ocr_carea' id='block_1_4' title="bbox 932 611 2703 713">
    <p class='ocr_par' dir='ltr' id='par_1_4' title="bbox 932 611 2684 706">
     <span class='ocr_line' id='line_1_4' title="bbox 932 611 2684 706; baseline 0.009 -36"><span class='ocrx_word' id='word_1_5' title='bbox 932 611 1146 683; x_wconf 87' lang='lat' dir='ltr'><strong>inquit,</strong></span> <span class='ocrx_word' id='word_1_6' title='bbox 1194 617 1582 688; x_wconf 73' lang='lat' dir='ltr'><strong>sustinuisset,</strong></span> <span class='ocrx_word' id='word_1_7' title='bbox 1633 629 1752 676; x_wconf 89' lang='lat' dir='ltr'><strong>erat</strong></span> <span class='ocrx_word' id='word_1_8' title='bbox 1788 623 2114 690; x_wconf 88' lang='lat' dir='ltr'><strong>continens,</strong></span> <span class='ocrx_word' id='word_1_9' title='bbox 2159 627 2500 683; x_wconf 74' lang='lat' dir='ltr'><strong>divinitatem</strong></span> <span class='ocrx_word' id='word_1_10' title='bbox 2531 642 2577 694; x_wconf 72' lang='grc' dir='ltr'>Α</span> <span class='ocrx_word' id='word_1_11' title='bbox 2607 634 2684 706; x_wconf 79' lang='grc' dir='ltr'>τῷ</span> 
     </span>
    </p>
   </div>
   <div class='ocr_carea' id='block_1_5' title="bbox 2415 611 4186 713">
    <p class='ocr_par' dir='ltr' id='par_1_5' title="bbox 2415 634 4186 713">
     <span class='ocr_line' id='line_1_5' title="bbox 2415 634 4186 713; baseline 0.008 -31"><span class='ocrx_word' id='word_1_12' title='bbox 2415 644 2500 683; x_wconf 96' lang='lat' dir='ltr'><strong>em</strong></span> <span class='ocrx_word' id='word_1_13' title='bbox 2531 642 2577 694; x_wconf 73' lang='grc' dir='ltr'>Α</span> <span class='ocrx_word' id='word_1_14' title='bbox 2607 634 2716 706; x_wconf 58' lang='lat' dir='ltr'><strong>up-</strong></span> <span class='ocrx_word' id='word_1_15' title='bbox 2757 637 2878 690; x_wconf 69' lang='grc' dir='ltr'>ἐπεὶ</span> <span class='ocrx_word' id='word_1_16' title='bbox 2909 638 2969 690; x_wconf 81' lang='grc' dir='ltr'>τὸ</span> <span class='ocrx_word' id='word_1_17' title='bbox 3003 635 3316 708; x_wconf 79' lang='grc' dir='ltr'><strong>φθείρεσθαι</strong></span> <span class='ocrx_word' id='word_1_18' title='bbox 3376 641 3538 706; x_wconf 76' lang='grc' dir='ltr'>αὐτὸς</span> <span class='ocrx_word' id='word_1_19' title='bbox 3594 643 3694 696; x_wconf 82' lang='grc' dir='ltr'><strong>οὐκ</strong></span> <span class='ocrx_word' id='word_1_20' title='bbox 3733 637 3895 712; x_wconf 74' lang='grc' dir='ltr'>εἶχεν.</span> <span class='ocrx_word' id='word_1_21' title='bbox 3940 660 3960 694; x_wconf 73' lang='grc' dir='ltr'><strong>ι</strong></span> <span class='ocrx_word' id='word_1_22' title='bbox 3993 642 4186 713; x_wconf 80' lang='grc' dir='ltr'>Ἦμεῑς</span> 
     </span>
    </p>
   </div>
   <div class='ocr_carea' id='block_1_6' title="bbox 931 709 2500 792">
    <p class='ocr_par' dir='ltr' id='par_1_6' title="bbox 931 709 2500 792">
     <span class='ocr_line' id='line_1_6' title="bbox 931 709 2500 792; baseline 0.01 -30"><span class='ocrx_word' id='word_1_23' title='bbox 931 709 1034 763; x_wconf 83' lang='lat' dir='ltr'><strong>sibi</strong></span> <span class='ocrx_word' id='word_1_24' title='bbox 1071 713 1408 781; x_wconf 86' lang='lat' dir='ltr'><strong>comparavit</strong></span> <span class='ocrx_word' id='word_1_25' title='bbox 1433 710 1596 771; x_wconf 82' lang='lat' dir='ltr'><strong>Jesus</strong></span> <span class='ocrx_word' id='word_1_26' title='bbox 1623 733 1638 782; x_wconf 89' lang='lat'><strong>;</strong></span> <span class='ocrx_word' id='word_1_27' title='bbox 1669 713 1865 771; x_wconf 85' lang='lat' dir='ltr'><strong>edebat</strong></span> <span class='ocrx_word' id='word_1_28' title='bbox 1890 726 1944 773; x_wconf 92' lang='lat' dir='ltr'><strong>et</strong></span> <span class='ocrx_word' id='word_1_29' title='bbox 1971 717 2193 775; x_wconf 87' lang='lat' dir='ltr'><strong>bibebat</strong></span> <span class='ocrx_word' id='word_1_30' title='bbox 2239 723 2500 792; x_wconf 85' lang='lat' dir='ltr'><strong>peculiari</strong></span> 
     </span>
    </p>
   </div>
   <div class='ocr_carea' id='block_1_7' title="bbox 931 801 2504 876">
    <p class='ocr_par' dir='ltr' id='par_1_7' title="bbox 931 801 2504 876">
     <span class='ocr_line' id='line_1_7' title="bbox 931 801 2504 876; baseline 0.01 -22"><span class='ocrx_word' id='word_1_31' title='bbox 931 801 1134 870; x_wconf 88' lang='lat' dir='ltr'><strong>modo,</strong></span> <span class='ocrx_word' id='word_1_32' title='bbox 1165 820 1272 859; x_wconf 89' lang='lat' dir='ltr'><strong>non</strong></span> <span class='ocrx_word' id='word_1_33' title='bbox 1305 805 1537 861; x_wconf 85' lang='lat' dir='ltr'><strong>reddens</strong></span> <span class='ocrx_word' id='word_1_34' title='bbox 1569 808 1722 864; x_wconf 88' lang='lat' dir='ltr'><strong>cibos</strong></span> <span class='ocrx_word' id='word_1_35' title='bbox 1750 825 1765 876; x_wconf 90' lang='lat'><strong>;</strong></span> <span class='ocrx_word' id='word_1_36' title='bbox 1796 816 1949 865; x_wconf 88' lang='lat' dir='ltr'><strong>tanta</strong></span> <span class='ocrx_word' id='word_1_37' title='bbox 1977 812 2025 865; x_wconf 80' lang='lat' dir='ltr'><strong>ei</strong></span> <span class='ocrx_word' id='word_1_38' title='bbox 2061 811 2238 868; x_wconf 89' lang='lat' dir='ltr'><strong>inerat</strong></span> <span class='ocrx_word' id='word_1_39' title='bbox 2267 817 2351 871; x_wconf 85' lang='lat' dir='ltr'><strong>vis</strong></span> <span class='ocrx_word' id='word_1_40' title='bbox 2379 833 2504 872; x_wconf 88' lang='lat' dir='ltr'><strong>con-</strong></span> 
     </span>
    </p>
   </div>
   <div class='ocr_carea' id='block_1_8' title="bbox 933 899 2503 968">
    <p class='ocr_par' dir='ltr' id='par_1_8' title="bbox 933 899 2503 968">
     <span class='ocr_line' id='line_1_8' title="bbox 933 899 2503 968; baseline 0.01 -17"><span class='ocrx_word' id='word_1_41' title='bbox 933 899 1203 964; x_wconf 68' lang='lat' dir='ltr'><strong>tinentiae,</strong></span> <span class='ocrx_word' id='word_1_42' title='bbox 1253 908 1315 954; x_wconf 90' lang='lat' dir='ltr'><strong>ut</strong></span> <span class='ocrx_word' id='word_1_43' title='bbox 1353 902 1520 957; x_wconf 90' lang='lat' dir='ltr'><strong>etiam</strong></span> <span class='ocrx_word' id='word_1_44' title='bbox 1561 906 1958 961; x_wconf 84' lang='lat' dir='ltr'><strong>nutrimentum</strong></span> <span class='ocrx_word' id='word_1_45' title='bbox 2002 908 2057 962; x_wconf 91' lang='lat' dir='ltr'><strong>in</strong></span> <span class='ocrx_word' id='word_1_46' title='bbox 2085 922 2291 964; x_wconf 90' lang='lat' dir='ltr'><strong>conon</strong></span> <span class='ocrx_word' id='word_1_47' title='bbox 2338 913 2503 968; x_wconf 90' lang='lat' dir='ltr'><strong>inter-</strong></span> 
     </span>
    </p>
   </div>
   <div class='ocr_carea' id='block_1_9' title="bbox 940 989 2501 1062">
    <p class='ocr_par' dir='ltr' id='par_1_9' title="bbox 940 989 2501 1062">
     <span class='ocr_line' id='line_1_9' title="bbox 940 989 2501 1062; baseline 0.013 -22"><span class='ocrx_word' id='word_1_48' title='bbox 940 989 1097 1054; x_wconf 87' lang='lat' dir='ltr'><strong>ierit,</strong></span> <span class='ocrx_word' id='word_1_49' title='bbox 1145 991 1404 1058; x_wconf 85' lang='lat' dir='ltr'><strong>qnoniam</strong></span> <span class='ocrx_word' id='word_1_50' title='bbox 1443 993 1559 1062; x_wconf 87' lang='lat' dir='ltr'><strong>ipse</strong></span> <span class='ocrx_word' id='word_1_51' title='bbox 1607 1011 1716 1050; x_wconf 93' lang='lat' dir='ltr'><strong>non</strong></span> <span class='ocrx_word' id='word_1_52' title='bbox 1759 996 1950 1053; x_wconf 84' lang='lat' dir='ltr'><strong>habuit</strong></span> <span class='ocrx_word' id='word_1_53' title='bbox 1992 998 2291 1054; x_wconf 89' lang='lat' dir='ltr'><strong>interitum.</strong></span> <span class='ocrx_word' id='word_1_54' title='bbox 2325 1022 2345 1054; x_wconf 70' lang='grc' dir='ltr'><strong>ι</strong></span> <span class='ocrx_word' id='word_1_55' title='bbox 2391 1003 2501 1060; x_wconf 87' lang='lat' dir='ltr'><strong>Nos</strong></span> 
     </span>
    </p>
   </div>
   <div class='ocr_carea' id='block_1_10' title="bbox 929 1085 2502 1166">
    <p class='ocr_par' dir='ltr' id='par_1_10' title="bbox 929 1085 2502 1166">
     <span class='ocr_line' id='line_1_10' title="bbox 929 1085 2502 1166; baseline 0.014 -36"><span class='ocrx_word' id='word_1_56' title='bbox 929 1095 1064 1149; x_wconf 85' lang='lat' dir='ltr'><strong>ergo</strong></span> <span class='ocrx_word' id='word_1_57' title='bbox 1095 1092 1319 1152; x_wconf 86' lang='lat' dir='ltr'><strong>propter</strong></span> <span class='ocrx_word' id='word_1_58' title='bbox 1348 1085 1697 1141; x_wconf 86' lang='lat' dir='ltr'><strong>dilectionem</strong></span> <span class='ocrx_word' id='word_1_59' title='bbox 1733 1088 1786 1142; x_wconf 91' lang='lat' dir='ltr'><strong>in</strong></span> <span class='ocrx_word' id='word_1_60' title='bbox 1825 1089 2150 1156; x_wconf 90' lang='lat' dir='ltr'><strong>Dominum,</strong></span> <span class='ocrx_word' id='word_1_61' title='bbox 2183 1101 2237 1146; x_wconf 91' lang='lat' dir='ltr'><strong>et</strong></span> <span class='ocrx_word' id='word_1_62' title='bbox 2279 1107 2502 1166; x_wconf 87' lang='lat' dir='ltr'><strong>propter</strong></span> 
     </span>
    </p>
   </div>
   <div class='ocr_carea' id='block_1_11' title="bbox 925 1174 2500 1251">
    <p class='ocr_par' dir='ltr' id='par_1_11' title="bbox 925 1174 2500 1251">
     <span class='ocr_line' id='line_1_11' title="bbox 925 1174 2500 1251; baseline 0.011 -25"><span class='ocrx_word' id='word_1_63' title='bbox 925 1174 1109 1241; x_wconf 91' lang='lat' dir='ltr'><strong>ipsum</strong></span> <span class='ocrx_word' id='word_1_64' title='bbox 1142 1174 1465 1244; x_wconf 90' lang='lat' dir='ltr'><strong>honestum,</strong></span> <span class='ocrx_word' id='word_1_65' title='bbox 1498 1179 1880 1247; x_wconf 80' lang='lat' dir='ltr'><strong>amplectimur</strong></span> <span class='ocrx_word' id='word_1_66' title='bbox 1906 1184 2295 1239; x_wconf 84' lang='lat' dir='ltr'><strong>continentiam</strong></span> <span class='ocrx_word' id='word_1_67' title='bbox 2318 1227 2333 1251; x_wconf 95' lang='lat'><strong>,</strong></span> <span class='ocrx_word' id='word_1_68' title='bbox 2367 1197 2500 1243; x_wconf 84' lang='lat' dir='ltr'><strong>tem-</strong></span> 
     </span>
    </p>
   </div>
   <div class='ocr_carea' id='block_1_12' title="bbox 933 1267 2498 1346">
    <p class='ocr_par' dir='ltr' id='par_1_12' title="bbox 933 1267 2498 1346">
     <span class='ocr_line' id='line_1_12' title="bbox 933 1267 2498 1346; baseline 0.01 -25"><span class='ocrx_word' id='word_1_69' title='bbox 933 1269 1089 1336; x_wconf 82' lang='lat' dir='ltr'><strong>plum</strong></span> <span class='ocrx_word' id='word_1_70' title='bbox 1121 1267 1360 1339; x_wconf 87' lang='lat' dir='ltr'><strong>Spiritus</strong></span> <span class='ocrx_word' id='word_1_71' title='bbox 1389 1273 1819 1331; x_wconf 83' lang='lat' dir='ltr'><strong>sanctiﬁcantes.</strong></span> <span class='ocrx_word' id='word_1_72' title='bbox 1861 1275 2157 1334; x_wconf 81' lang='lat' dir='ltr'><strong>Honestum</strong></span> <span class='ocrx_word' id='word_1_73' title='bbox 2201 1280 2346 1333; x_wconf 89' lang='lat' dir='ltr'><strong>enim</strong></span> <span class='ocrx_word' id='word_1_74' title='bbox 2385 1292 2498 1346; x_wconf 83' lang='lat' dir='ltr'><strong>est,</strong></span> 
     </span>
    </p>
   </div>
   <div class='ocr_carea' id='block_1_13' title="bbox 924 1365 2502 1445">
    <p class='ocr_par' dir='ltr' id='par_1_13' title="bbox 924 1365 2502 1445">
     <span class='ocr_line' id='line_1_13' title="bbox 924 1365 2502 1445; baseline 0.012 -33"><span class='ocrx_word' id='word_1_75' title='bbox 924 1378 944 1408; x_wconf 74' lang='grc' dir='ltr'><strong>ι</strong></span> <span class='ocrx_word' id='word_1_76' title='bbox 978 1370 1207 1430; x_wconf 89' lang='lat' dir='ltr'><strong>propter</strong></span> <span class='ocrx_word' id='word_1_77' title='bbox 1240 1378 1469 1432; x_wconf 86' lang='lat' dir='ltr'><strong>regnum</strong></span> <span class='ocrx_word' id='word_1_78' title='bbox 1519 1365 1783 1422; x_wconf 63' lang='lat' dir='ltr'><strong>caelorum</strong></span> <span class='ocrx_word' id='word_1_79' title='bbox 1813 1375 2052 1445; x_wconf 83' lang='lat' dir='ltr'><strong>scipsum</strong></span> <span class='ocrx_word' id='word_1_80' title='bbox 2073 1377 2313 1422; x_wconf 83' lang='lat' dir='ltr'><strong>castrare</strong></span> <span class='ocrx_word' id='word_1_81' title='bbox 2333 1378 2359 1406; x_wconf 75' lang='grc'>⁸</span> <span class='ocrx_word' id='word_1_82' title='bbox 2388 1386 2406 1420; x_wconf 78' lang='grc' dir='ltr'><strong>ι</strong></span> <span class='ocrx_word' id='word_1_83' title='bbox 2433 1376 2502 1430; x_wconf 90' lang='lat' dir='ltr'><strong>ab</strong></span> 
     </span>
    </p>
   </div>
   <div class='ocr_carea' id='block_1_14' title="bbox 913 1452 2499 1523">
    <p class='ocr_par' dir='ltr' id='par_1_14' title="bbox 913 1452 2499 1523">
     <span class='ocr_line' id='line_1_14' title="bbox 913 1452 2499 1523; baseline 0.009 -19"><span class='ocrx_word' id='word_1_84' title='bbox 913 1452 1066 1505; x_wconf 78' lang='lat' dir='ltr'><strong>omni</strong></span> <span class='ocrx_word' id='word_1_85' title='bbox 1112 1452 1447 1523; x_wconf 83' lang='lat' dir='ltr'><strong>cupiditate,</strong></span> <span class='ocrx_word' id='word_1_86' title='bbox 1521 1463 1577 1508; x_wconf 91' lang='lat' dir='ltr'><strong>et</strong></span> <span class='ocrx_word' id='word_1_87' title='bbox 1637 1476 1656 1511; x_wconf 82' lang='grc' dir='ltr'><strong>ι</strong></span> <span class='ocrx_word' id='word_1_88' title='bbox 1697 1461 1994 1517; x_wconf 92' lang='lat' dir='ltr'><strong>emundare</strong></span> <span class='ocrx_word' id='word_1_89' title='bbox 2043 1464 2433 1519; x_wconf 86' lang='lat' dir='ltr'><strong>conscientiam</strong></span> <span class='ocrx_word' id='word_1_90' title='bbox 2470 1483 2499 1520; x_wconf 91' lang='lat' dir='ltr'><strong>a</strong></span> 
     </span>
    </p>
   </div>
   <div class='ocr_carea' id='block_1_15' title="bbox 918 1541 2494 1612">
    <p class='ocr_par' dir='ltr' id='par_1_15' title="bbox 918 1541 2494 1612">
     <span class='ocr_line' id='line_1_15' title="bbox 918 1541 2494 1612; baseline 0.011 -22"><span class='ocrx_word' id='word_1_91' title='bbox 918 1541 1157 1596; x_wconf 81' lang='lat' dir='ltr'><strong>mortuis</strong></span> <span class='ocrx_word' id='word_1_92' title='bbox 1191 1544 1482 1612; x_wconf 86' lang='lat' dir='ltr'><strong>operibus,</strong></span> <span class='ocrx_word' id='word_1_93' title='bbox 1511 1547 1578 1602; x_wconf 85' lang='lat' dir='ltr'><strong>ad</strong></span> <span class='ocrx_word' id='word_1_94' title='bbox 1624 1549 1971 1604; x_wconf 91' lang='lat' dir='ltr'><strong>serviendum</strong></span> <span class='ocrx_word' id='word_1_95' title='bbox 2014 1551 2123 1606; x_wconf 91' lang='lat' dir='ltr'><strong>Deo</strong></span> <span class='ocrx_word' id='word_1_96' title='bbox 2153 1554 2355 1608; x_wconf 81' lang='lat' dir='ltr'><strong>viventi</strong></span> <span class='ocrx_word' id='word_1_97' title='bbox 2394 1557 2443 1610; x_wconf 71' lang='grc' dir='ltr'>δ.</span> <span class='ocrx_word' id='word_1_98' title='bbox 2477 1575 2494 1608; x_wconf 84' lang='grc'>›</span> 
     </span>
    </p>
   </div>
   <div class='ocr_carea' id='block_1_16' title="bbox 915 1630 2500 1706">
    <p class='ocr_par' dir='ltr' id='par_1_16' title="bbox 915 1630 2500 1706">
     <span class='ocr_line' id='line_1_16' title="bbox 915 1630 2500 1706; baseline 0.011 -21"><span class='ocrx_word' id='word_1_99' title='bbox 915 1630 1022 1697; x_wconf 86' lang='lat' dir='ltr'><strong>Qui</strong></span> <span class='ocrx_word' id='word_1_100' title='bbox 1060 1644 1241 1690; x_wconf 91' lang='lat' dir='ltr'><strong>autem</strong></span> <span class='ocrx_word' id='word_1_101' title='bbox 1270 1647 1490 1706; x_wconf 86' lang='lat' dir='ltr'><strong>propter</strong></span> <span class='ocrx_word' id='word_1_102' title='bbox 1515 1638 1702 1694; x_wconf 91' lang='lat' dir='ltr'><strong>odium</strong></span> <span class='ocrx_word' id='word_1_103' title='bbox 1741 1642 2006 1699; x_wconf 91' lang='lat' dir='ltr'><strong>adversus</strong></span> <span class='ocrx_word' id='word_1_104' title='bbox 2051 1659 2269 1699; x_wconf 88' lang='lat' dir='ltr'><strong>carnem</strong></span> <span class='ocrx_word' id='word_1_105' title='bbox 2313 1663 2500 1702; x_wconf 83' lang='lat' dir='ltr'><strong>susce-</strong></span> 
     </span>
    </p>
   </div>
   <div class='ocr_carea' id='block_1_17' title="bbox 917 1728 2498 1806">
    <p class='ocr_par' dir='ltr' id='par_1_17' title="bbox 917 1728 2498 1806">
     <span class='ocr_line' id='line_1_17' title="bbox 917 1728 2498 1806; baseline 0.009 -29"><span class='ocrx_word' id='word_1_106' title='bbox 917 1731 1070 1793; x_wconf 88' lang='lat' dir='ltr'><strong>ptum</strong></span> <span class='ocrx_word' id='word_1_107' title='bbox 1116 1741 1148 1780; x_wconf 88' lang='lat' dir='ltr'><strong>a</strong></span> <span class='ocrx_word' id='word_1_108' title='bbox 1194 1728 1470 1798; x_wconf 86' lang='lat' dir='ltr'><strong>conjugali</strong></span> <span class='ocrx_word' id='word_1_109' title='bbox 1503 1731 1914 1800; x_wconf 86' lang='lat' dir='ltr'><strong>conjunctione,</strong></span> <span class='ocrx_word' id='word_1_110' title='bbox 1943 1743 1998 1788; x_wconf 90' lang='lat' dir='ltr'><strong>et</strong></span> <span class='ocrx_word' id='word_1_111' title='bbox 2022 1749 2210 1788; x_wconf 90' lang='lat' dir='ltr'><strong>eorum</strong></span> <span class='ocrx_word' id='word_1_112' title='bbox 2240 1738 2336 1806; x_wconf 90' lang='lat' dir='ltr'><strong>qui</strong></span> <span class='ocrx_word' id='word_1_113' title='bbox 2368 1754 2498 1792; x_wconf 86' lang='lat' dir='ltr'><strong>con-</strong></span> 
     </span>
    </p>
   </div>
   <div class='ocr_carea' id='block_1_18' title="bbox 917 1815 2500 1891">
    <p class='ocr_par' dir='ltr' id='par_1_18' title="bbox 917 1815 2500 1891">
     <span class='ocr_line' id='line_1_18' title="bbox 917 1815 2500 1891; baseline 0.011 -25"><span class='ocrx_word' id='word_1_114' title='bbox 917 1815 1148 1871; x_wconf 86' lang='lat' dir='ltr'><strong>veniunt</strong></span> <span class='ocrx_word' id='word_1_115' title='bbox 1195 1817 1450 1872; x_wconf 86' lang='lat' dir='ltr'><strong>ciborum</strong></span> <span class='ocrx_word' id='word_1_116' title='bbox 1502 1821 1957 1891; x_wconf 89' lang='lat' dir='ltr'><strong>participatione,</strong></span> <span class='ocrx_word' id='word_1_117' title='bbox 2009 1823 2231 1878; x_wconf 88' lang='lat' dir='ltr'><strong>liberari</strong></span> <span class='ocrx_word' id='word_1_118' title='bbox 2281 1827 2500 1883; x_wconf 88' lang='lat' dir='ltr'><strong>deside-</strong></span> 
     </span>
    </p>
   </div>
   <div class='ocr_carea' id='block_1_19' title="bbox 917 1910 2498 1984">
    <p class='ocr_par' dir='ltr' id='par_1_19' title="bbox 917 1910 2498 1984">
     <span class='ocr_line' id='line_1_19' title="bbox 917 1910 2498 1984; baseline 0.008 -22"><span class='ocrx_word' id='word_1_119' title='bbox 917 1918 1079 1974; x_wconf 90' lang='lat' dir='ltr'><strong>rant,</strong></span> <span class='ocrx_word' id='word_1_120' title='bbox 1115 1910 1319 1964; x_wconf 86' lang='lat' dir='ltr'><strong>indocti</strong></span> <span class='ocrx_word' id='word_1_121' title='bbox 1351 1920 1481 1966; x_wconf 90' lang='lat' dir='ltr'><strong>sunt</strong></span> <span class='ocrx_word' id='word_1_122' title='bbox 1509 1921 1563 1966; x_wconf 90' lang='lat' dir='ltr'><strong>et</strong></span> <span class='ocrx_word' id='word_1_123' title='bbox 1591 1913 1741 1982; x_wconf 87' lang='lat' dir='ltr'><strong>impii</strong></span> <span class='ocrx_word' id='word_1_124' title='bbox 1767 1953 1780 1978; x_wconf 95' lang='lat'><strong>,</strong></span> <span class='ocrx_word' id='word_1_125' title='bbox 1811 1922 1863 1968; x_wconf 93' lang='lat' dir='ltr'><strong>et</strong></span> <span class='ocrx_word' id='word_1_126' title='bbox 1886 1915 2095 1984; x_wconf 91' lang='lat' dir='ltr'><strong>absque</strong></span> <span class='ocrx_word' id='word_1_127' title='bbox 2122 1917 2334 1973; x_wconf 89' lang='lat' dir='ltr'><strong>ratione</strong></span> <span class='ocrx_word' id='word_1_128' title='bbox 2364 1934 2498 1974; x_wconf 93' lang='lat' dir='ltr'><strong>con-</strong></span> 
     </span>
    </p>
   </div>
   <div class='ocr_carea' id='block_1_20' title="bbox 917 2001 2498 2076">
    <p class='ocr_par' dir='ltr' id='par_1_20' title="bbox 917 2001 2498 2076">
     <span class='ocr_line' id='line_1_20' title="bbox 917 2001 2498 2076; baseline 0.008 -23"><span class='ocrx_word' id='word_1_129' title='bbox 917 2001 1189 2067; x_wconf 90' lang='lat' dir='ltr'><strong>tinentes,</strong></span> <span class='ocrx_word' id='word_1_130' title='bbox 1227 2003 1369 2058; x_wconf 89' lang='lat' dir='ltr'><strong>sicut</strong></span> <span class='ocrx_word' id='word_1_131' title='bbox 1414 2004 1535 2058; x_wconf 71' lang='lat' dir='ltr'><strong>alia:</strong></span> <span class='ocrx_word' id='word_1_132' title='bbox 1577 2015 1764 2074; x_wconf 83' lang='lat' dir='ltr'><strong>gentes</strong></span> <span class='ocrx_word' id='word_1_133' title='bbox 1806 2005 2078 2076; x_wconf 77' lang='lat' dir='ltr'><strong>plurimze.</strong></span> <span class='ocrx_word' id='word_1_134' title='bbox 2131 2009 2498 2066; x_wconf 89' lang='lat' dir='ltr'><strong>Brachmanes</strong></span> 
     </span>
    </p>
   </div>
   <div class='ocr_carea' id='block_1_21' title="bbox 915 2095 2498 2172">
    <p class='ocr_par' dir='ltr' id='par_1_21' title="bbox 915 2095 2498 2172">
     <span class='ocr_line' id='line_1_21' title="bbox 915 2095 2498 2172; baseline 0.004 -23"><span class='ocrx_word' id='word_1_135' title='bbox 915 2095 1133 2164; x_wconf 83' lang='lat' dir='ltr'><strong>quidem</strong></span> <span class='ocrx_word' id='word_1_136' title='bbox 1184 2104 1331 2149; x_wconf 84' lang='lat' dir='ltr'><strong>certe</strong></span> <span class='ocrx_word' id='word_1_137' title='bbox 1354 2111 1554 2165; x_wconf 76' lang='lat' dir='ltr'><strong>,neque</strong></span> <span class='ocrx_word' id='word_1_138' title='bbox 1598 2097 1899 2152; x_wconf 89' lang='lat' dir='ltr'><strong>animatum</strong></span> <span class='ocrx_word' id='word_1_139' title='bbox 1949 2100 2276 2168; x_wconf 86' lang='lat' dir='ltr'><strong>comedunt,</strong></span> <span class='ocrx_word' id='word_1_140' title='bbox 2324 2117 2498 2172; x_wconf 91' lang='lat' dir='ltr'><strong>neque</strong></span> 
     </span>
    </p>
   </div>
   <div class='ocr_carea' id='block_1_22' title="bbox 911 2187 2496 2264">
    <p class='ocr_par' dir='ltr' id='par_1_22' title="bbox 911 2187 2496 2264">
     <span class='ocr_line' id='line_1_22' title="bbox 911 2187 2496 2264; baseline 0.008 -27"><span class='ocrx_word' id='word_1_141' title='bbox 911 2187 1106 2240; x_wconf 80' lang='lat' dir='ltr'><strong>vinum</strong></span> <span class='ocrx_word' id='word_1_142' title='bbox 1141 2187 1336 2241; x_wconf 92' lang='lat' dir='ltr'><strong>bibunt</strong></span> <span class='ocrx_word' id='word_1_143' title='bbox 1365 2205 1380 2253; x_wconf 91' lang='lat'><strong>;</strong></span> <span class='ocrx_word' id='word_1_144' title='bbox 1415 2187 1509 2242; x_wconf 86' lang='lat' dir='ltr'><strong>sed</strong></span> <span class='ocrx_word' id='word_1_145' title='bbox 1540 2189 1711 2259; x_wconf 86' lang='lat' dir='ltr'><strong>aliqui</strong></span> <span class='ocrx_word' id='word_1_146' title='bbox 1741 2189 1961 2260; x_wconf 83' lang='lat' dir='ltr'><strong>quidem</strong></span> <span class='ocrx_word' id='word_1_147' title='bbox 1997 2207 2063 2246; x_wconf 77' lang='lat' dir='ltr'><strong>ex</strong></span> <span class='ocrx_word' id='word_1_148' title='bbox 2127 2193 2195 2248; x_wconf 92' lang='lat' dir='ltr'><strong>iis</strong></span> <span class='ocrx_word' id='word_1_149' title='bbox 2253 2195 2496 2264; x_wconf 86' lang='lat' dir='ltr'><strong>quotidie</strong></span> 
     </span>
    </p>
   </div>
   <div class='ocr_carea' id='block_1_23' title="bbox 915 2277 2488 2351">
    <p class='ocr_par' dir='ltr' id='par_1_23' title="bbox 915 2277 2488 2351">
     <span class='ocr_line' id='line_1_23' title="bbox 915 2277 2488 2351; baseline 0.004 -19"><span class='ocrx_word' id='word_1_150' title='bbox 915 2277 1060 2332; x_wconf 84' lang='lat' dir='ltr'><strong>sicut</strong></span> <span class='ocrx_word' id='word_1_151' title='bbox 1087 2293 1189 2333; x_wconf 91' lang='lat' dir='ltr'><strong>nos</strong></span> <span class='ocrx_word' id='word_1_152' title='bbox 1221 2278 1384 2351; x_wconf 62' lang='grc'><strong>194.</strong></span> <span class='ocrx_word' id='word_1_153' title='bbox 1404 2280 1590 2334; x_wconf 90' lang='lat' dir='ltr'><strong>cibum</strong></span> <span class='ocrx_word' id='word_1_154' title='bbox 1625 2282 1853 2351; x_wconf 87' lang='lat' dir='ltr'><strong>capiunt</strong></span> <span class='ocrx_word' id='word_1_155' title='bbox 1879 2299 1893 2347; x_wconf 93' lang='lat'>;</span> <span class='ocrx_word' id='word_1_156' title='bbox 1939 2285 2185 2338; x_wconf 89' lang='lat' dir='ltr'><strong>nonnulli</strong></span> <span class='ocrx_word' id='word_1_157' title='bbox 2215 2295 2394 2338; x_wconf 92' lang='lat' dir='ltr'><strong>autem</strong></span> <span class='ocrx_word' id='word_1_158' title='bbox 2423 2301 2488 2340; x_wconf 77' lang='lat' dir='ltr'><strong>ex</strong></span> 
     </span>
    </p>
   </div>
   <div class='ocr_carea' id='block_1_24' title="bbox 910 2371 2492 2448">
    <p class='ocr_par' dir='ltr' id='par_1_24' title="bbox 910 2371 2492 2448">
     <span class='ocr_line' id='line_1_24' title="bbox 910 2371 2492 2448; baseline 0.004 -22"><span class='ocrx_word' id='word_1_159' title='bbox 910 2371 982 2428; x_wconf 89' lang='lat' dir='ltr'><strong>iis</strong></span> <span class='ocrx_word' id='word_1_160' title='bbox 1016 2372 1183 2427; x_wconf 84' lang='lat' dir='ltr'><strong>tertio</strong></span> <span class='ocrx_word' id='word_1_161' title='bbox 1215 2389 1438 2444; x_wconf 88' lang='lat' dir='ltr'><strong>quoque</strong></span> <span class='ocrx_word' id='word_1_162' title='bbox 1466 2374 1588 2440; x_wconf 91' lang='lat' dir='ltr'><strong>die,</strong></span> <span class='ocrx_word' id='word_1_163' title='bbox 1625 2383 1685 2428; x_wconf 93' lang='lat' dir='ltr'><strong>ut</strong></span> <span class='ocrx_word' id='word_1_164' title='bbox 1711 2375 1787 2429; x_wconf 90' lang='lat' dir='ltr'><strong>ait</strong></span> <span class='ocrx_word' id='word_1_165' title='bbox 1830 2375 2141 2430; x_wconf 79' lang='lat' dir='ltr'><strong>Alexander</strong></span> <span class='ocrx_word' id='word_1_166' title='bbox 2183 2376 2492 2448; x_wconf 89' lang='lat' dir='ltr'><strong>Polyhistor</strong></span> 
     </span>
    </p>
   </div>
   <div class='ocr_carea' id='block_1_25' title="bbox 913 2461 2494 2532">
    <p class='ocr_par' dir='ltr' id='par_1_25' title="bbox 913 2461 2494 2532">
     <span class='ocr_line' id='line_1_25' title="bbox 913 2461 2494 2532; baseline 0.004 -15"><span class='ocrx_word' id='word_1_167' title='bbox 913 2468 975 2526; x_wconf 52' lang='grc' dir='ltr'>ὦ</span> <span class='ocrx_word' id='word_1_168' title='bbox 1007 2463 1061 2517; x_wconf 93' lang='lat' dir='ltr'><strong>in</strong></span> <span class='ocrx_word' id='word_1_169' title='bbox 1091 2461 1334 2529; x_wconf 76' lang='lat' dir='ltr'><strong>Indicis;</strong></span> <span class='ocrx_word' id='word_1_170' title='bbox 1362 2473 1590 2519; x_wconf 88' lang='lat' dir='ltr'><strong>mortem</strong></span> <span class='ocrx_word' id='word_1_171' title='bbox 1619 2473 1798 2519; x_wconf 88' lang='lat' dir='ltr'><strong>autem</strong></span> <span class='ocrx_word' id='word_1_172' title='bbox 1825 2475 2200 2532; x_wconf 90' lang='lat' dir='ltr'><strong>contemnunt,</strong></span> <span class='ocrx_word' id='word_1_173' title='bbox 2237 2476 2291 2521; x_wconf 92' lang='lat' dir='ltr'><strong>et</strong></span> <span class='ocrx_word' id='word_1_174' title='bbox 2313 2469 2494 2524; x_wconf 89' lang='lat' dir='ltr'><strong>vivere</strong></span> 
     </span>
    </p>
   </div>
   <div class='ocr_carea' id='block_1_26' title="bbox 908 2555 2489 2627">
    <p class='ocr_par' dir='ltr' id='par_1_26' title="bbox 908 2555 2489 2627">
     <span class='ocr_line' id='line_1_26' title="bbox 908 2555 2489 2627; baseline 0.003 -17"><span class='ocrx_word' id='word_1_175' title='bbox 908 2556 1068 2610; x_wconf 85' lang='lat' dir='ltr'><strong>nihili</strong></span> <span class='ocrx_word' id='word_1_176' title='bbox 1104 2555 1348 2623; x_wconf 82' lang='lat' dir='ltr'><strong>faciunt;</strong></span> <span class='ocrx_word' id='word_1_177' title='bbox 1389 2556 1617 2611; x_wconf 83' lang='lat' dir='ltr'><strong>credunt</strong></span> <span class='ocrx_word' id='word_1_178' title='bbox 1643 2557 1788 2611; x_wconf 91' lang='lat' dir='ltr'><strong>enim</strong></span> <span class='ocrx_word' id='word_1_179' title='bbox 1828 2573 1953 2613; x_wconf 85' lang='lat' dir='ltr'><strong>esse</strong></span> <span class='ocrx_word' id='word_1_180' title='bbox 1987 2560 2489 2627; x_wconf 83' lang='lat' dir='ltr'><strong>regenerationem;</strong></span> 
     </span>
    </p>
   </div>
   <div class='ocr_carea' id='block_1_27' title="bbox 910 2647 2492 2719">
    <p class='ocr_par' dir='ltr' id='par_1_27' title="bbox 910 2647 2492 2719">
     <span class='ocr_line' id='line_1_27' title="bbox 910 2647 2492 2719; baseline 0.001 -17"><span class='ocrx_word' id='word_1_181' title='bbox 910 2648 1082 2719; x_wconf 85' lang='lat' dir='ltr'><strong>aliqui</strong></span> <span class='ocrx_word' id='word_1_182' title='bbox 1134 2656 1316 2702; x_wconf 85' lang='lat' dir='ltr'><strong>autem</strong></span> <span class='ocrx_word' id='word_1_183' title='bbox 1353 2649 1541 2702; x_wconf 89' lang='lat' dir='ltr'><strong>colunt</strong></span> <span class='ocrx_word' id='word_1_184' title='bbox 1574 2647 1860 2702; x_wconf 85' lang='lat' dir='ltr'><strong>Herculem</strong></span> <span class='ocrx_word' id='word_1_185' title='bbox 1891 2657 1944 2702; x_wconf 93' lang='lat' dir='ltr'><strong>et</strong></span> <span class='ocrx_word' id='word_1_186' title='bbox 1976 2647 2199 2704; x_wconf 88' lang='lat' dir='ltr'><strong>Panem.</strong></span> <span class='ocrx_word' id='word_1_187' title='bbox 2247 2649 2350 2716; x_wconf 85' lang='lat' dir='ltr'><strong>Qui</strong></span> <span class='ocrx_word' id='word_1_188' title='bbox 2393 2667 2492 2704; x_wconf 94' lang='lat' dir='ltr'><strong>au-</strong></span> 
     </span>
    </p>
   </div>
   <div class='ocr_carea' id='block_1_28' title="bbox 911 2739 2487 2808">
    <p class='ocr_par' dir='ltr' id='par_1_28' title="bbox 911 2739 2487 2808">
     <span class='ocr_line' id='line_1_28' title="bbox 911 2739 2487 2808; baseline 0 -14"><span class='ocrx_word' id='word_1_189' title='bbox 911 2750 1020 2794; x_wconf 87' lang='lat' dir='ltr'><strong>tem</strong></span> <span class='ocrx_word' id='word_1_190' title='bbox 1053 2755 1119 2793; x_wconf 80' lang='lat' dir='ltr'><strong>ex</strong></span> <span class='ocrx_word' id='word_1_191' title='bbox 1152 2739 1297 2794; x_wconf 86' lang='lat' dir='ltr'><strong>Indis</strong></span> <span class='ocrx_word' id='word_1_192' title='bbox 1326 2747 1592 2793; x_wconf 85' lang='lat' dir='ltr'><strong>vocantur</strong></span> <span class='ocrx_word' id='word_1_193' title='bbox 1622 2739 1820 2808; x_wconf 86' lang='grc' dir='ltr'>Σεμνοί</span> <span class='ocrx_word' id='word_1_194' title='bbox 1841 2779 1855 2803; x_wconf 94' lang='grc'><strong>,</strong></span> <span class='ocrx_word' id='word_1_195' title='bbox 1895 2739 2000 2793; x_wconf 86' lang='lat' dir='ltr'><strong>hoc</strong></span> <span class='ocrx_word' id='word_1_196' title='bbox 2040 2748 2146 2806; x_wconf 91' lang='lat' dir='ltr'><strong>est,</strong></span> <span class='ocrx_word' id='word_1_197' title='bbox 2187 2741 2487 2807; x_wconf 83' lang='lat' dir='ltr'><strong>venerandi,</strong></span> 
     </span>
    </p>
   </div>
   <div class='ocr_carea' id='block_1_29' title="bbox 909 2831 2490 2901">
    <p class='ocr_par' dir='ltr' id='par_1_29' title="bbox 909 2831 2490 2901">
     <span class='ocr_line' id='line_1_29' title="bbox 909 2831 2490 2901; baseline 0 -15"><span class='ocrx_word' id='word_1_198' title='bbox 909 2833 1046 2886; x_wconf 82' lang='lat' dir='ltr'><strong>nudi</strong></span> <span class='ocrx_word' id='word_1_199' title='bbox 1107 2840 1274 2886; x_wconf 88' lang='lat' dir='ltr'><strong>totam</strong></span> <span class='ocrx_word' id='word_1_200' title='bbox 1318 2831 1484 2885; x_wconf 88' lang='lat' dir='ltr'><strong>vitam</strong></span> <span class='ocrx_word' id='word_1_201' title='bbox 1537 2832 1878 2901; x_wconf 84' lang='lat' dir='ltr'><strong>transigunt:</strong></span> <span class='ocrx_word' id='word_1_202' title='bbox 1934 2831 1972 2885; x_wconf 89' lang='lat' dir='ltr'><strong>ii</strong></span> <span class='ocrx_word' id='word_1_203' title='bbox 2021 2833 2299 2887; x_wconf 80' lang='lat' dir='ltr'><strong>veritatem</strong></span> <span class='ocrx_word' id='word_1_204' title='bbox 2332 2849 2490 2888; x_wconf 77' lang='lat' dir='ltr'><strong>exer-</strong></span> 
     </span>
    </p>
   </div>
   <div class='ocr_carea' id='block_1_30' title="bbox 910 2921 2488 2993">
    <p class='ocr_par' dir='ltr' id='par_1_30' title="bbox 910 2921 2488 2993">
     <span class='ocr_line' id='line_1_30' title="bbox 910 2921 2488 2993; baseline 0.001 -18"><span class='ocrx_word' id='word_1_205' title='bbox 910 2933 1068 2985; x_wconf 57' lang='lat' dir='ltr'><strong>cent,</strong></span> <span class='ocrx_word' id='word_1_206' title='bbox 1132 2932 1185 2977; x_wconf 91' lang='lat' dir='ltr'><strong>et</strong></span> <span class='ocrx_word' id='word_1_207' title='bbox 1224 2922 1405 2978; x_wconf 82' lang='lat' dir='ltr'><strong>futura</strong></span> <span class='ocrx_word' id='word_1_208' title='bbox 1469 2921 1807 2991; x_wconf 77' lang='lat' dir='ltr'><strong>pnedicunt,</strong></span> <span class='ocrx_word' id='word_1_209' title='bbox 1871 2930 1925 2976; x_wconf 92' lang='lat' dir='ltr'><strong>et</strong></span> <span class='ocrx_word' id='word_1_210' title='bbox 1975 2922 2159 2976; x_wconf 91' lang='lat' dir='ltr'><strong>colunt</strong></span> <span class='ocrx_word' id='word_1_211' title='bbox 2198 2923 2488 2993; x_wconf 89' lang='lat' dir='ltr'><strong>quamdam</strong></span> 
     </span>
    </p>
   </div>
   <div class='ocr_carea' id='block_1_31' title="bbox 899 3014 2489 3087">
    <p class='ocr_par' dir='ltr' id='par_1_31' title="bbox 899 3014 2489 3087">
     <span class='ocr_line' id='line_1_31' title="bbox 899 3014 2489 3087; baseline 0.002 -21"><span class='ocrx_word' id='word_1_212' title='bbox 899 3016 1266 3087; x_wconf 67' lang='lat' dir='ltr'><strong>pyramidem,</strong></span> <span class='ocrx_word' id='word_1_213' title='bbox 1319 3015 1421 3070; x_wconf 91' lang='lat' dir='ltr'><strong>sub</strong></span> <span class='ocrx_word' id='word_1_214' title='bbox 1449 3030 1557 3084; x_wconf 90' lang='lat' dir='ltr'><strong>qua</strong></span> <span class='ocrx_word' id='word_1_215' title='bbox 1605 3015 1925 3070; x_wconf 81' lang='lat' dir='ltr'><strong>existimant</strong></span> <span class='ocrx_word' id='word_1_216' title='bbox 1973 3014 2204 3084; x_wconf 89' lang='lat' dir='ltr'><strong>alicujus</strong></span> <span class='ocrx_word' id='word_1_217' title='bbox 2249 3015 2336 3068; x_wconf 90' lang='lat' dir='ltr'><strong>dei</strong></span> <span class='ocrx_word' id='word_1_218' title='bbox 2366 3031 2489 3070; x_wconf 90' lang='lat' dir='ltr'><strong>ossa</strong></span> 
     </span>
    </p>
   </div>
   <div class='ocr_carea' id='block_1_32' title="bbox 910 3106 2493 3180">
    <p class='ocr_par' dir='ltr' id='par_1_32' title="bbox 910 3106 2493 3180">
     <span class='ocr_line' id='line_1_32' title="bbox 910 3106 2493 3180; baseline -0.001 -18"><span class='ocrx_word' id='word_1_219' title='bbox 910 3111 1166 3180; x_wconf 88' lang='lat' dir='ltr'><strong>reposita.</strong></span> <span class='ocrx_word' id='word_1_220' title='bbox 1215 3107 1402 3178; x_wconf 87' lang='lat' dir='ltr'><strong>Neque</strong></span> <span class='ocrx_word' id='word_1_221' title='bbox 1437 3122 1567 3162; x_wconf 84' lang='lat' dir='ltr'><strong>vero</strong></span> <span class='ocrx_word' id='word_1_222' title='bbox 1597 3106 2072 3178; x_wconf 71' lang='lat' dir='ltr'><strong>Gymnosophistze</strong></span> <span class='ocrx_word' id='word_1_223' title='bbox 2092 3145 2106 3169; x_wconf 93' lang='lat'><strong>,</strong></span> <span class='ocrx_word' id='word_1_224' title='bbox 2154 3121 2254 3161; x_wconf 90' lang='lat' dir='ltr'><strong>nec</strong></span> <span class='ocrx_word' id='word_1_225' title='bbox 2283 3107 2377 3177; x_wconf 91' lang='lat' dir='ltr'><strong>qui</strong></span> <span class='ocrx_word' id='word_1_226' title='bbox 2409 3107 2493 3162; x_wconf 91' lang='lat' dir='ltr'><strong>di-</strong></span> 
     </span>
    </p>
   </div>
   <div class='ocr_carea' id='block_1_33' title="bbox 2608 724 4185 807">
    <p class='ocr_par' dir='ltr' id='par_1_33' title="bbox 2608 724 4185 807">
     <span class='ocr_line' id='line_1_33' title="bbox 2608 724 4185 807; baseline 0.006 -30"><span class='ocrx_word' id='word_1_227' title='bbox 2608 726 2707 795; x_wconf 79' lang='grc' dir='ltr'><strong>μὲν</strong></span> <span class='ocrx_word' id='word_1_228' title='bbox 2739 724 2831 782; x_wconf 83' lang='grc' dir='ltr'><strong>οῦν</strong></span> <span class='ocrx_word' id='word_1_229' title='bbox 2861 728 2924 782; x_wconf 83' lang='grc' dir='ltr'>δι’</span> <span class='ocrx_word' id='word_1_230' title='bbox 2960 729 3180 799; x_wconf 78' lang='grc' dir='ltr'><strong>ἀγάπην</strong></span> <span class='ocrx_word' id='word_1_231' title='bbox 3205 729 3303 799; x_wconf 78' lang='grc' dir='ltr'>τὴν</span> <span class='ocrx_word' id='word_1_232' title='bbox 3343 731 3481 801; x_wconf 80' lang='grc' dir='ltr'>πρὸς</span> <span class='ocrx_word' id='word_1_233' title='bbox 3510 733 3600 787; x_wconf 83' lang='grc' dir='ltr'><strong>τὸν</strong></span> <span class='ocrx_word' id='word_1_234' title='bbox 3632 735 3836 807; x_wconf 85' lang='grc' dir='ltr'>Κύριον</span> <span class='ocrx_word' id='word_1_235' title='bbox 3866 733 3960 787; x_wconf 77' lang='grc' dir='ltr'>καὶ</span> <span class='ocrx_word' id='word_1_236' title='bbox 3993 732 4058 786; x_wconf 81' lang='grc' dir='ltr'>δι’</span> <span class='ocrx_word' id='word_1_237' title='bbox 4087 735 4185 787; x_wconf 81' lang='grc' dir='ltr'>αύ-</span> 
     </span>
    </p>
   </div>
   <div class='ocr_carea' id='block_1_34' title="bbox 2603 817 4184 894">
    <p class='ocr_par' dir='ltr' id='par_1_34' title="bbox 2603 817 4184 894">
     <span class='ocr_line' id='line_1_34' title="bbox 2603 817 4184 894; baseline 0.004 -24"><span class='ocrx_word' id='word_1_238' title='bbox 2603 817 2664 868; x_wconf 66' lang='lat' dir='ltr'><strong>cs</strong></span> <span class='ocrx_word' id='word_1_239' title='bbox 2687 819 2749 871; x_wconf 82' lang='grc' dir='ltr'><strong>τὸ</strong></span> <span class='ocrx_word' id='word_1_240' title='bbox 2782 821 2941 873; x_wconf 72' lang='grc' dir='ltr'>καλὸν</span> <span class='ocrx_word' id='word_1_241' title='bbox 2984 819 3307 891; x_wconf 78' lang='grc' dir='ltr'>ἐγκράτειαν</span> <span class='ocrx_word' id='word_1_242' title='bbox 3351 823 3744 894; x_wconf 74' lang='grc' dir='ltr'><strong>ἀσπαζόμεθα,</strong></span> <span class='ocrx_word' id='word_1_243' title='bbox 3783 827 3876 880; x_wconf 85' lang='grc' dir='ltr'><strong>τὸν</strong></span> <span class='ocrx_word' id='word_1_244' title='bbox 3917 823 4055 879; x_wconf 88' lang='grc' dir='ltr'>νεὼν</span> <span class='ocrx_word' id='word_1_245' title='bbox 4089 826 4184 878; x_wconf 90' lang='grc' dir='ltr'><strong>τοῦ</strong></span> 
     </span>
    </p>
   </div>
   <div class='ocr_carea' id='block_1_35' title="bbox 2604 905 4187 989">
    <p class='ocr_par' dir='ltr' id='par_1_35' title="bbox 2604 905 4187 989">
     <span class='ocr_line' id='line_1_35' title="bbox 2604 905 4187 989; baseline 0.01 -33"><span class='ocrx_word' id='word_1_246' title='bbox 2604 905 2920 978; x_wconf 81' lang='grc' dir='ltr'>Πνεύματος</span> <span class='ocrx_word' id='word_1_247' title='bbox 2951 912 3058 982; x_wconf 89' lang='lat'><strong>(98)</strong></span> <span class='ocrx_word' id='word_1_248' title='bbox 3095 909 3408 979; x_wconf 81' lang='grc' dir='ltr'>ἀγιάζοντες</span> <span class='ocrx_word' id='word_1_249' title='bbox 3427 929 3439 940; x_wconf 92' lang='grc'><strong>·</strong></span> <span class='ocrx_word' id='word_1_250' title='bbox 3470 915 3632 967; x_wconf 79' lang='grc' dir='ltr'>καλὸν</span> <span class='ocrx_word' id='word_1_251' title='bbox 3663 917 3774 989; x_wconf 86' lang='grc' dir='ltr'>γὰρ</span> <span class='ocrx_word' id='word_1_252' title='bbox 3799 937 3818 970; x_wconf 80' lang='grc' dir='ltr'><strong>ι</strong></span> <span class='ocrx_word' id='word_1_253' title='bbox 3851 918 3940 972; x_wconf 82' lang='grc' dir='ltr'>διὰ</span> <span class='ocrx_word' id='word_1_254' title='bbox 3969 918 4070 989; x_wconf 78' lang='grc' dir='ltr'>τὴν</span> <span class='ocrx_word' id='word_1_255' title='bbox 4095 917 4187 988; x_wconf 81' lang='grc' dir='ltr'><strong>βα-</strong></span> 
     </span>
    </p>
   </div>
   <div class='ocr_carea' id='block_1_36' title="bbox 2604 997 4186 1079">
    <p class='ocr_par' dir='ltr' id='par_1_36' title="bbox 2604 997 4186 1079">
     <span class='ocr_line' id='line_1_36' title="bbox 2604 997 4186 1079; baseline 0.011 -31"><span class='ocrx_word' id='word_1_256' title='bbox 2604 997 2809 1053; x_wconf 88' lang='grc' dir='ltr'>σιλείαν</span> <span class='ocrx_word' id='word_1_257' title='bbox 2835 1002 2942 1056; x_wconf 90' lang='grc' dir='ltr'><strong>τῶν</strong></span> <span class='ocrx_word' id='word_1_258' title='bbox 2968 1002 3209 1074; x_wconf 83' lang='grc' dir='ltr'>οὐρανῶν</span> <span class='ocrx_word' id='word_1_259' title='bbox 3235 1002 3563 1072; x_wconf 75' lang='grc' dir='ltr'>εὐνουχίζειν</span> <span class='ocrx_word' id='word_1_260' title='bbox 3590 1007 3700 1076; x_wconf 81' lang='lat'><strong>(99)</strong></span> <span class='ocrx_word' id='word_1_261' title='bbox 3727 1011 3918 1064; x_wconf 81' lang='grc' dir='ltr'>ἐαυτὸν</span> <span class='ocrx_word' id='word_1_262' title='bbox 3956 1031 3974 1063; x_wconf 75' lang='grc' dir='ltr'><strong>ι</strong></span> <span class='ocrx_word' id='word_1_263' title='bbox 4006 1010 4186 1079; x_wconf 81' lang='grc' dir='ltr'><strong>πάσης</strong></span> 
     </span>
    </p>
   </div>
   <div class='ocr_carea' id='block_1_37' title="bbox 2599 1091 4187 1172">
    <p class='ocr_par' dir='ltr' id='par_1_37' title="bbox 2599 1091 4187 1172">
     <span class='ocr_line' id='line_1_37' title="bbox 2599 1091 4187 1172; baseline 0.008 -30"><span class='ocrx_word' id='word_1_264' title='bbox 2599 1091 2898 1162; x_wconf 78' lang='grc' dir='ltr'>ἐπιθυμίας</span> <span class='ocrx_word' id='word_1_265' title='bbox 2917 1136 2931 1159; x_wconf 93' lang='grc'><strong>,</strong></span> <span class='ocrx_word' id='word_1_266' title='bbox 2973 1115 2992 1148; x_wconf 79' lang='grc' dir='ltr'><strong>ι</strong></span> <span class='ocrx_word' id='word_1_267' title='bbox 3037 1098 3131 1150; x_wconf 63' lang='grc' dir='ltr'><strong>καὶ⁸</strong></span> <span class='ocrx_word' id='word_1_268' title='bbox 3154 1094 3466 1168; x_wconf 79' lang='grc' dir='ltr'>καθαρίζειν</span> <span class='ocrx_word' id='word_1_269' title='bbox 3504 1097 3604 1166; x_wconf 85' lang='grc' dir='ltr'><strong>τὴν</strong></span> <span class='ocrx_word' id='word_1_270' title='bbox 3630 1102 3929 1172; x_wconf 72' lang='grc' dir='ltr'><strong>συνείδησιν</strong></span> <span class='ocrx_word' id='word_1_271' title='bbox 3959 1104 4069 1157; x_wconf 85' lang='grc' dir='ltr'><strong>ἀπὸ</strong></span> <span class='ocrx_word' id='word_1_272' title='bbox 4102 1120 4187 1155; x_wconf 86' lang='grc' dir='ltr'>νε-</span> 
     </span>
    </p>
   </div>
   <div class='ocr_carea' id='block_1_38' title="bbox 2601 1181 4182 1260">
    <p class='ocr_par' dir='ltr' id='par_1_38' title="bbox 2601 1181 4182 1260">
     <span class='ocr_line' id='line_1_38' title="bbox 2601 1181 4182 1260; baseline 0.009 -27"><span class='ocrx_word' id='word_1_273' title='bbox 2601 1181 2748 1252; x_wconf 89' lang='grc' dir='ltr'>κρῶν</span> <span class='ocrx_word' id='word_1_274' title='bbox 2775 1183 2949 1254; x_wconf 77' lang='grc' dir='ltr'>ἔργων</span> <span class='ocrx_word' id='word_1_275' title='bbox 2974 1190 3054 1251; x_wconf 88' lang='grc' dir='ltr'><strong>είς</strong></span> <span class='ocrx_word' id='word_1_276' title='bbox 3083 1188 3146 1241; x_wconf 85' lang='grc' dir='ltr'><strong>τὸ</strong></span> <span class='ocrx_word' id='word_1_277' title='bbox 3169 1185 3444 1260; x_wconf 75' lang='grc' dir='ltr'>λατρεύειν</span> <span class='ocrx_word' id='word_1_278' title='bbox 3468 1187 3587 1258; x_wconf 85' lang='grc' dir='ltr'><strong>Θεῷ</strong></span> <span class='ocrx_word' id='word_1_279' title='bbox 3621 1189 3802 1252; x_wconf 76' lang='grc' dir='ltr'>ζῶντι.</span> <span class='ocrx_word' id='word_1_280' title='bbox 3843 1213 3862 1244; x_wconf 72' lang='grc' dir='ltr'><strong>ι</strong></span> <span class='ocrx_word' id='word_1_281' title='bbox 3896 1197 3960 1248; x_wconf 86' lang='grc' dir='ltr'><strong>Οἱ</strong></span> <span class='ocrx_word' id='word_1_282' title='bbox 3998 1196 4057 1248; x_wconf 82' lang='grc' dir='ltr'>δὲ</span> <span class='ocrx_word' id='word_1_283' title='bbox 4097 1195 4182 1248; x_wconf 75' lang='grc' dir='ltr'>διὰ</span> 
     </span>
    </p>
   </div>
   <div class='ocr_carea' id='block_1_39' title="bbox 2600 1274 4181 1352">
    <p class='ocr_par' dir='ltr' id='par_1_39' title="bbox 2600 1274 4181 1352">
     <span class='ocr_line' id='line_1_39' title="bbox 2600 1274 4181 1352; baseline 0.01 -27"><span class='ocrx_word' id='word_1_284' title='bbox 2600 1274 2661 1326; x_wconf 87' lang='grc' dir='ltr'><strong>τὸ</strong></span> <span class='ocrx_word' id='word_1_285' title='bbox 2691 1277 2846 1343; x_wconf 84' lang='grc' dir='ltr'>μῖσος</span> <span class='ocrx_word' id='word_1_286' title='bbox 2861 1277 2921 1328; x_wconf 86' lang='grc' dir='ltr'><strong>τὸ</strong></span> <span class='ocrx_word' id='word_1_287' title='bbox 2953 1279 3092 1349; x_wconf 86' lang='grc' dir='ltr'>πρὸς</span> <span class='ocrx_word' id='word_1_288' title='bbox 3117 1280 3213 1349; x_wconf 85' lang='grc' dir='ltr'>τὴν</span> <span class='ocrx_word' id='word_1_289' title='bbox 3251 1281 3428 1351; x_wconf 82' lang='grc' dir='ltr'>σάρκα</span> <span class='ocrx_word' id='word_1_290' title='bbox 3470 1280 3566 1349; x_wconf 80' lang='grc' dir='ltr'><strong>τῆς</strong></span> <span class='ocrx_word' id='word_1_291' title='bbox 3601 1279 3741 1332; x_wconf 84' lang='grc' dir='ltr'><strong>κατά</strong></span> <span class='ocrx_word' id='word_1_292' title='bbox 3776 1282 3951 1352; x_wconf 81' lang='grc' dir='ltr'>γάμον</span> <span class='ocrx_word' id='word_1_293' title='bbox 3984 1286 4181 1340; x_wconf 83' lang='grc' dir='ltr'>συναλ-</span> 
     </span>
    </p>
   </div>
   <div class='ocr_carea' id='block_1_40' title="bbox 2600 1366 4181 1448">
    <p class='ocr_par' dir='ltr' id='par_1_40' title="bbox 2600 1366 4181 1448">
     <span class='ocr_line' id='line_1_40' title="bbox 2600 1366 4181 1448; baseline 0.024 -37"><span class='ocrx_word' id='word_1_294' title='bbox 2600 1366 2769 1436; x_wconf 77' lang='grc' dir='ltr'>λαγῆς</span> <span class='ocrx_word' id='word_1_295' title='bbox 2803 1368 3012 1440; x_wconf 76' lang='grc' dir='ltr'>καὶτῆς</span> <span class='ocrx_word' id='word_1_296' title='bbox 3047 1373 3154 1426; x_wconf 90' lang='grc' dir='ltr'><strong>τῶν</strong></span> <span class='ocrx_word' id='word_1_297' title='bbox 3199 1373 3542 1444; x_wconf 82' lang='grc' dir='ltr'>καθηκόντων</span> <span class='ocrx_word' id='word_1_298' title='bbox 3597 1370 3902 1442; x_wconf 67' lang='grc' dir='ltr'>βρωμάτων</span> <span class='ocrx_word' id='word_1_299' title='bbox 3942 1379 4181 1448; x_wconf 72' lang='grc' dir='ltr'><strong>μεταλή·</strong></span> 
     </span>
    </p>
   </div>
   <div class='ocr_carea' id='block_1_41' title="bbox 2599 1457 4182 1536">
    <p class='ocr_par' dir='ltr' id='par_1_41' title="bbox 2599 1457 4182 1536">
     <span class='ocr_line' id='line_1_41' title="bbox 2599 1457 4182 1536; baseline 0.009 -28"><span class='ocrx_word' id='word_1_300' title='bbox 2599 1457 2744 1525; x_wconf 50' lang='lat' dir='ltr'><strong>quem;</strong></span> <span class='ocrx_word' id='word_1_301' title='bbox 2789 1459 3097 1530; x_wconf 79' lang='grc' dir='ltr'>ἀχαρίστως</span> <span class='ocrx_word' id='word_1_302' title='bbox 3134 1464 3570 1518; x_wconf 81' lang='grc' dir='ltr'>ἀπαλλάττεσθαι</span> <span class='ocrx_word' id='word_1_303' title='bbox 3615 1462 3906 1526; x_wconf 78' lang='grc' dir='ltr'>ποθοῦντες</span> <span class='ocrx_word' id='word_1_304' title='bbox 3951 1469 4182 1536; x_wconf 82' lang='grc' dir='ltr'>ἀμαθεῖς</span> 
     </span>
    </p>
   </div>
   <div class='ocr_carea' id='block_1_42' title="bbox 2598 1549 4180 1629">
    <p class='ocr_par' dir='ltr' id='par_1_42' title="bbox 2598 1549 4180 1629">
     <span class='ocr_line' id='line_1_42' title="bbox 2598 1549 4180 1629; baseline 0.009 -29"><span class='ocrx_word' id='word_1_305' title='bbox 2598 1565 2657 1600; x_wconf 91' lang='grc' dir='ltr'><strong>τε</strong></span> <span class='ocrx_word' id='word_1_306' title='bbox 2692 1549 2786 1602; x_wconf 73' lang='grc' dir='ltr'><strong>καὶ</strong></span> <span class='ocrx_word' id='word_1_307' title='bbox 2829 1550 2998 1615; x_wconf 80' lang='grc' dir='ltr'>ἄθεοι,</span> <span class='ocrx_word' id='word_1_308' title='bbox 3049 1553 3258 1622; x_wconf 82' lang='grc' dir='ltr'><strong>ἀλόγως</strong></span> <span class='ocrx_word' id='word_1_309' title='bbox 3295 1553 3781 1626; x_wconf 84' lang='grc' dir='ltr'>ὲγκρατευόμενοι,</span> <span class='ocrx_word' id='word_1_310' title='bbox 3830 1554 4083 1629; x_wconf 87' lang='grc' dir='ltr'>καθάπερ</span> <span class='ocrx_word' id='word_1_311' title='bbox 4113 1562 4180 1614; x_wconf 76' lang='grc' dir='ltr'>τὰ</span> 
     </span>
    </p>
   </div>
   <div class='ocr_carea' id='block_1_43' title="bbox 2600 1636 4180 1717">
    <p class='ocr_par' dir='ltr' id='par_1_43' title="bbox 2600 1636 4180 1717">
     <span class='ocr_line' id='line_1_43' title="bbox 2600 1636 4180 1717; baseline 0.011 -29"><span class='ocrx_word' id='word_1_312' title='bbox 2600 1636 2829 1692; x_wconf 81' lang='grc' dir='ltr'>πλεῖστα</span> <span class='ocrx_word' id='word_1_313' title='bbox 2861 1641 2968 1693; x_wconf 89' lang='grc' dir='ltr'><strong>τῶν</strong></span> <span class='ocrx_word' id='word_1_314' title='bbox 2991 1641 3165 1696; x_wconf 78' lang='grc' dir='ltr'>ἄλλων</span> <span class='ocrx_word' id='word_1_315' title='bbox 3197 1644 3385 1698; x_wconf 83' lang='grc' dir='ltr'>ἐθνῶν.</span> <span class='ocrx_word' id='word_1_316' title='bbox 3421 1646 3742 1717; x_wconf 84' lang='grc' dir='ltr'>Βραχμᾶναι</span> <span class='ocrx_word' id='word_1_317' title='bbox 3777 1645 3855 1714; x_wconf 80' lang='grc'><strong>(1)</strong></span> <span class='ocrx_word' id='word_1_318' title='bbox 3889 1646 4021 1713; x_wconf 90' lang='grc' dir='ltr'>γοῦν</span> <span class='ocrx_word' id='word_1_319' title='bbox 4057 1650 4180 1706; x_wconf 75' lang='grc' dir='ltr'>οῦτι</span> 
     </span>
    </p>
   </div>
   <div class='ocr_carea' id='block_1_44' title="bbox 2600 1728 4181 1810">
    <p class='ocr_par' dir='ltr' id='par_1_44' title="bbox 2600 1728 4181 1810">
     <span class='ocr_line' id='line_1_44' title="bbox 2600 1728 4181 1810; baseline 0.009 -30"><span class='ocrx_word' id='word_1_320' title='bbox 2600 1728 2840 1799; x_wconf 70' lang='grc' dir='ltr'>ἔμψυχον</span> <span class='ocrx_word' id='word_1_321' title='bbox 2873 1732 3141 1788; x_wconf 77' lang='grc' dir='ltr'>ἐσθίουσιν</span> <span class='ocrx_word' id='word_1_322' title='bbox 3160 1776 3176 1800; x_wconf 93' lang='grc'><strong>,</strong></span> <span class='ocrx_word' id='word_1_323' title='bbox 3222 1734 3344 1788; x_wconf 81' lang='grc' dir='ltr'>οῦτε</span> <span class='ocrx_word' id='word_1_324' title='bbox 3375 1733 3513 1790; x_wconf 80' lang='grc' dir='ltr'>οἶνον</span> <span class='ocrx_word' id='word_1_325' title='bbox 3539 1738 3782 1790; x_wconf 78' lang='grc' dir='ltr'>πίνουσιν</span> <span class='ocrx_word' id='word_1_326' title='bbox 3801 1754 3814 1767; x_wconf 86' lang='lat'><strong><em>°</em></strong></span> <span class='ocrx_word' id='word_1_327' title='bbox 3857 1737 3972 1791; x_wconf 86' lang='grc' dir='ltr'>ἀλλ’</span> <span class='ocrx_word' id='word_1_328' title='bbox 3998 1742 4047 1792; x_wconf 79' lang='lat' dir='ltr'><strong>oi</strong></span> <span class='ocrx_word' id='word_1_329' title='bbox 4084 1743 4181 1810; x_wconf 78' lang='grc' dir='ltr'>μὲν</span> 
     </span>
    </p>
   </div>
   <div class='ocr_carea' id='block_1_45' title="bbox 2599 1821 4180 1902">
    <p class='ocr_par' dir='ltr' id='par_1_45' title="bbox 2599 1821 4180 1902">
     <span class='ocr_line' id='line_1_45' title="bbox 2599 1821 4180 1902; baseline 0.009 -31"><span class='ocrx_word' id='word_1_330' title='bbox 2599 1821 2777 1875; x_wconf 85' lang='grc' dir='ltr'>αὐτῶν</span> <span class='ocrx_word' id='word_1_331' title='bbox 2811 1825 2933 1878; x_wconf 89' lang='grc' dir='ltr'>καθ’</span> <span class='ocrx_word' id='word_1_332' title='bbox 2969 1827 3204 1897; x_wconf 81' lang='grc' dir='ltr'>ἑκάστην</span> <span class='ocrx_word' id='word_1_333' title='bbox 3239 1829 3471 1898; x_wconf 78' lang='grc' dir='ltr'>ἡμέραν,</span> <span class='ocrx_word' id='word_1_334' title='bbox 3497 1829 3570 1893; x_wconf 84' lang='grc' dir='ltr'>ὡς</span> <span class='ocrx_word' id='word_1_335' title='bbox 3613 1831 3805 1898; x_wconf 85' lang='grc' dir='ltr'>ἡμεῖς,</span> <span class='ocrx_word' id='word_1_336' title='bbox 3846 1830 3946 1901; x_wconf 81' lang='grc' dir='ltr'>τὴν</span> <span class='ocrx_word' id='word_1_337' title='bbox 3975 1832 4180 1902; x_wconf 77' lang='grc' dir='ltr'>τροφὴν</span> 
     </span>
    </p>
   </div>
   <div class='ocr_carea' id='block_1_46' title="bbox 2602 1912 4181 1992">
    <p class='ocr_par' dir='ltr' id='par_1_46' title="bbox 2602 1912 4181 1992">
     <span class='ocr_line' id='line_1_46' title="bbox 2602 1912 4181 1992; baseline 0.006 -29"><span class='ocrx_word' id='word_1_338' title='bbox 2602 1912 2936 1982; x_wconf 85' lang='grc' dir='ltr'>προσίενται,</span> <span class='ocrx_word' id='word_1_339' title='bbox 2991 1916 3119 1970; x_wconf 78' lang='grc' dir='ltr'>ἔνιοι</span> <span class='ocrx_word' id='word_1_340' title='bbox 3150 1917 3192 1969; x_wconf 87' lang='grc' dir='ltr'>δ’</span> <span class='ocrx_word' id='word_1_341' title='bbox 3225 1918 3401 1970; x_wconf 79' lang='grc' dir='ltr'>αὐτῶν</span> <span class='ocrx_word' id='word_1_342' title='bbox 3449 1919 3536 1972; x_wconf 87' lang='grc' dir='ltr'><strong>διὰ</strong></span> <span class='ocrx_word' id='word_1_343' title='bbox 3587 1921 3754 1992; x_wconf 83' lang='grc' dir='ltr'>τριῶν</span> <span class='ocrx_word' id='word_1_344' title='bbox 3806 1919 4054 1991; x_wconf 84' lang='grc' dir='ltr'>ἡμερῶν,</span> <span class='ocrx_word' id='word_1_345' title='bbox 4107 1923 4181 1986; x_wconf 77' lang='grc' dir='ltr'>ὥς</span> 
     </span>
    </p>
   </div>
   <div class='ocr_carea' id='block_1_47' title="bbox 2601 2006 4175 2082">
    <p class='ocr_par' dir='ltr' id='par_1_47' title="bbox 2601 2006 4175 2082">
     <span class='ocr_line' id='line_1_47' title="bbox 2601 2006 4175 2082; baseline 0.007 -28"><span class='ocrx_word' id='word_1_346' title='bbox 2601 2020 2762 2073; x_wconf 83' lang='grc' dir='ltr'>φησιν</span> <span class='ocrx_word' id='word_1_347' title='bbox 2793 2006 3137 2080; x_wconf 81' lang='grc' dir='ltr'>Ἀλέξανδρος</span> <span class='ocrx_word' id='word_1_348' title='bbox 3166 2009 3193 2060; x_wconf 87' lang='grc' dir='ltr'>ὁ</span> <span class='ocrx_word' id='word_1_349' title='bbox 3227 2009 3542 2082; x_wconf 80' lang='grc' dir='ltr'>Πολυΐστωρ</span> <span class='ocrx_word' id='word_1_350' title='bbox 3605 2013 3662 2064; x_wconf 82' lang='grc' dir='ltr'><strong>ἐν</strong></span> <span class='ocrx_word' id='word_1_351' title='bbox 3702 2013 3812 2074; x_wconf 91' lang='grc' dir='ltr'>τοῖς</span> <span class='ocrx_word' id='word_1_352' title='bbox 3869 2011 4175 2078; x_wconf 73' lang='grc' dir='ltr'><strong>Ἰνδικοῖς·</strong></span> 
     </span>
    </p>
   </div>
   <div class='ocr_carea' id='block_1_48' title="bbox 2598 2099 4178 2174">
    <p class='ocr_par' dir='ltr' id='par_1_48' title="bbox 2598 2099 4178 2174">
     <span class='ocr_line' id='line_1_48' title="bbox 2598 2099 4178 2174; baseline 0.007 -27"><span class='ocrx_word' id='word_1_353' title='bbox 2598 2099 2999 2169; x_wconf 70' lang='grc' dir='ltr'>καταφρονοῦσι</span> <span class='ocrx_word' id='word_1_354' title='bbox 3046 2100 3102 2153; x_wconf 82' lang='grc' dir='ltr'>δὲ</span> <span class='ocrx_word' id='word_1_355' title='bbox 3147 2099 3410 2166; x_wconf 89' lang='grc' dir='ltr'>θανάτου,</span> <span class='ocrx_word' id='word_1_356' title='bbox 3443 2103 3537 2155; x_wconf 76' lang='grc' dir='ltr'><strong>καὶ</strong></span> <span class='ocrx_word' id='word_1_357' title='bbox 3570 2103 3701 2174; x_wconf 79' lang='grc' dir='ltr'>παρ’</span> <span class='ocrx_word' id='word_1_358' title='bbox 3733 2103 3882 2156; x_wconf 78' lang='grc' dir='ltr'>οὐδὲν</span> <span class='ocrx_word' id='word_1_359' title='bbox 3920 2103 4178 2173; x_wconf 80' lang='grc' dir='ltr'>ἡγοῦνται</span> 
     </span>
    </p>
   </div>
   <div class='ocr_carea' id='block_1_49' title="bbox 2593 2187 4176 2265">
    <p class='ocr_par' dir='ltr' id='par_1_49' title="bbox 2593 2187 4176 2265">
     <span class='ocr_line' id='line_1_49' title="bbox 2593 2187 4176 2265; baseline 0.006 -25"><span class='ocrx_word' id='word_1_360' title='bbox 2593 2188 2651 2240; x_wconf 83' lang='grc' dir='ltr'><strong>τὸ</strong></span> <span class='ocrx_word' id='word_1_361' title='bbox 2685 2187 2815 2258; x_wconf 79' lang='grc' dir='ltr'><strong>ζῇν·</strong></span> <span class='ocrx_word' id='word_1_362' title='bbox 2858 2191 3128 2246; x_wconf 84' lang='grc' dir='ltr'>πείθονται</span> <span class='ocrx_word' id='word_1_363' title='bbox 3171 2191 3279 2262; x_wconf 81' lang='grc' dir='ltr'>γὰρ</span> <span class='ocrx_word' id='word_1_364' title='bbox 3312 2188 3448 2246; x_wconf 77' lang='grc' dir='ltr'>εἶναι</span> <span class='ocrx_word' id='word_1_365' title='bbox 3481 2193 3922 2262; x_wconf 82' lang='grc' dir='ltr'>παλιγγενεσίαν·</span> <span class='ocrx_word' id='word_1_366' title='bbox 3958 2194 3995 2249; x_wconf 81' lang='grc' dir='ltr'><strong>ἀ</strong></span> <span class='ocrx_word' id='word_1_367' title='bbox 4015 2195 4073 2248; x_wconf 78' lang='grc' dir='ltr'><strong>δὲ</strong></span> <span class='ocrx_word' id='word_1_368' title='bbox 4102 2198 4176 2265; x_wconf 76' lang='grc'><strong>(2)</strong></span> 
     </span>
    </p>
   </div>
   <div class='ocr_carea' id='block_1_50' title="bbox 2594 2280 4176 2356">
    <p class='ocr_par' dir='ltr' id='par_1_50' title="bbox 2594 2280 4176 2356">
     <span class='ocr_line' id='line_1_50' title="bbox 2594 2280 4176 2356; baseline 0.003 -24"><span class='ocrx_word' id='word_1_369' title='bbox 2594 2280 2843 2334; x_wconf 73' lang='grc' dir='ltr'>σέϐουσιν</span> <span class='ocrx_word' id='word_1_370' title='bbox 2877 2283 3150 2355; x_wconf 81' lang='grc' dir='ltr'>Ἠρακλέα</span> <span class='ocrx_word' id='word_1_371' title='bbox 3180 2284 3275 2337; x_wconf 75' lang='grc' dir='ltr'>καὶ</span> <span class='ocrx_word' id='word_1_372' title='bbox 3307 2284 3481 2338; x_wconf 79' lang='grc' dir='ltr'>Πᾶνα.</span> <span class='ocrx_word' id='word_1_373' title='bbox 3516 2286 3579 2338; x_wconf 84' lang='grc' dir='ltr'>Οἱ</span> <span class='ocrx_word' id='word_1_374' title='bbox 3604 2285 3926 2356; x_wconf 87' lang='grc' dir='ltr'>καλούμενοι</span> <span class='ocrx_word' id='word_1_375' title='bbox 3951 2286 4010 2340; x_wconf 81' lang='grc' dir='ltr'>δὲ</span> <span class='ocrx_word' id='word_1_376' title='bbox 4035 2286 4176 2355; x_wconf 81' lang='grc' dir='ltr'>Σεμ-</span> 
     </span>
    </p>
   </div>
   <div class='ocr_carea' id='block_1_51' title="bbox 2593 2373 4172 2448">
    <p class='ocr_par' dir='ltr' id='par_1_51' title="bbox 2593 2373 4172 2448">
     <span class='ocr_line' id='line_1_51' title="bbox 2593 2373 4172 2448; baseline 0.004 -24"><span class='ocrx_word' id='word_1_377' title='bbox 2593 2374 2675 2426; x_wconf 78' lang='grc' dir='ltr'>νο¹ι</span> <span class='ocrx_word' id='word_1_378' title='bbox 2701 2373 2808 2427; x_wconf 91' lang='grc' dir='ltr'><strong>τῶν</strong></span> <span class='ocrx_word' id='word_1_379' title='bbox 2840 2375 3018 2429; x_wconf 85' lang='grc' dir='ltr'>Ἰνδῶν</span> <span class='ocrx_word' id='word_1_380' title='bbox 3062 2375 3254 2446; x_wconf 80' lang='grc' dir='ltr'>γυμνοὶ</span> <span class='ocrx_word' id='word_1_381' title='bbox 3300 2373 3612 2432; x_wconf 83' lang='grc' dir='ltr'>διαιτῶνται</span> <span class='ocrx_word' id='word_1_382' title='bbox 3655 2377 3746 2431; x_wconf 83' lang='grc' dir='ltr'><strong>τὸν</strong></span> <span class='ocrx_word' id='word_1_383' title='bbox 3798 2379 3974 2432; x_wconf 90' lang='grc' dir='ltr'>πάντα</span> <span class='ocrx_word' id='word_1_384' title='bbox 4025 2377 4172 2448; x_wconf 84' lang='grc' dir='ltr'>βίον·</span> 
     </span>
    </p>
   </div>
   <div class='ocr_carea' id='block_1_52' title="bbox 2593 2459 4176 2541">
    <p class='ocr_par' dir='ltr' id='par_1_52' title="bbox 2593 2459 4176 2541">
     <span class='ocr_line' id='line_1_52' title="bbox 2593 2459 4176 2541; baseline 0.003 -25"><span class='ocrx_word' id='word_1_385' title='bbox 2593 2459 2737 2519; x_wconf 81' lang='grc' dir='ltr'>οῦτοι</span> <span class='ocrx_word' id='word_1_386' title='bbox 2765 2467 2863 2538; x_wconf 84' lang='grc' dir='ltr'><strong>τὴν</strong></span> <span class='ocrx_word' id='word_1_387' title='bbox 2895 2468 3154 2540; x_wconf 83' lang='grc' dir='ltr'>ἀλήθειαν</span> <span class='ocrx_word' id='word_1_388' title='bbox 3180 2465 3433 2530; x_wconf 78' lang='grc' dir='ltr'>ἀσκοῦσι,</span> <span class='ocrx_word' id='word_1_389' title='bbox 3461 2470 3556 2522; x_wconf 70' lang='grc' dir='ltr'><strong>καὶ</strong></span> <span class='ocrx_word' id='word_1_390' title='bbox 3580 2469 3708 2541; x_wconf 72' lang='grc' dir='ltr'>περὶ</span> <span class='ocrx_word' id='word_1_391' title='bbox 3734 2468 3841 2522; x_wconf 91' lang='grc' dir='ltr'><strong>τῶν</strong></span> <span class='ocrx_word' id='word_1_392' title='bbox 3875 2468 4176 2540; x_wconf 76' lang='grc' dir='ltr'>μελλόντων</span> 
     </span>
    </p>
   </div>
   <div class='ocr_carea' id='block_1_53' title="bbox 2594 2560 4176 2632">
    <p class='ocr_par' dir='ltr' id='par_1_53' title="bbox 2594 2560 4176 2632">
     <span class='ocr_line' id='line_1_53' title="bbox 2594 2560 4176 2632; baseline 0.001 -21"><span class='ocrx_word' id='word_1_393' title='bbox 2594 2560 3004 2630; x_wconf 81' lang='grc' dir='ltr'>προμηνύουσι,</span> <span class='ocrx_word' id='word_1_394' title='bbox 3052 2560 3144 2614; x_wconf 77' lang='grc' dir='ltr'><strong>καὶ</strong></span> <span class='ocrx_word' id='word_1_395' title='bbox 3184 2561 3400 2614; x_wconf 75' lang='grc' dir='ltr'>σέϐουσί</span> <span class='ocrx_word' id='word_1_396' title='bbox 3450 2577 3572 2614; x_wconf 89' lang='grc' dir='ltr'>τινα</span> <span class='ocrx_word' id='word_1_397' title='bbox 3619 2560 3936 2632; x_wconf 84' lang='grc' dir='ltr'>πυραμίδα,</span> <span class='ocrx_word' id='word_1_398' title='bbox 3979 2560 4082 2628; x_wconf 77' lang='grc' dir='ltr'>ὑφ’</span> <span class='ocrx_word' id='word_1_399' title='bbox 4109 2560 4176 2629; x_wconf 76' lang='grc' dir='ltr'>ἣν</span> 
     </span>
    </p>
   </div>
   <div class='ocr_carea' id='block_1_54' title="bbox 2595 2649 4176 2722">
    <p class='ocr_par' dir='ltr' id='par_1_54' title="bbox 2595 2649 4176 2722">
     <span class='ocr_line' id='line_1_54' title="bbox 2595 2649 4176 2722; baseline 0 -21"><span class='ocrx_word' id='word_1_400' title='bbox 2595 2649 2758 2703; x_wconf 88' lang='grc' dir='ltr'>ὀστέα</span> <span class='ocrx_word' id='word_1_401' title='bbox 2789 2651 2935 2715; x_wconf 84' lang='grc' dir='ltr'>τινὸς</span> <span class='ocrx_word' id='word_1_402' title='bbox 2981 2651 3102 2704; x_wconf 88' lang='grc' dir='ltr'>θεοῦ</span> <span class='ocrx_word' id='word_1_403' title='bbox 3145 2652 3455 2722; x_wconf 75' lang='grc' dir='ltr'>νομίζουσιν</span> <span class='ocrx_word' id='word_1_404' title='bbox 3494 2650 3836 2705; x_wconf 83' lang='grc' dir='ltr'>ἀποκεῖσθαι.</span> <span class='ocrx_word' id='word_1_405' title='bbox 3873 2649 4009 2703; x_wconf 83' lang='grc' dir='ltr'>Οῦτε</span> <span class='ocrx_word' id='word_1_406' title='bbox 4046 2650 4102 2702; x_wconf 83' lang='grc' dir='ltr'>δὲ</span> <span class='ocrx_word' id='word_1_407' title='bbox 4127 2650 4176 2702; x_wconf 75' lang='lat' dir='ltr'><strong>ei</strong></span> 
     </span>
    </p>
   </div>
   <div class='ocr_carea' id='block_1_55' title="bbox 2600 2739 4177 2811">
    <p class='ocr_par' dir='ltr' id='par_1_55' title="bbox 2600 2739 4177 2811">
     <span class='ocr_line' id='line_1_55' title="bbox 2600 2739 4177 2811; baseline -0.001 -20"><span class='ocrx_word' id='word_1_408' title='bbox 2600 2740 3033 2810; x_wconf 71' lang='grc' dir='ltr'>Γυμνοσοφισταὶ</span> <span class='ocrx_word' id='word_1_409' title='bbox 3052 2740 3162 2795; x_wconf 79' lang='grc' dir='ltr'>οὔθ’</span> <span class='ocrx_word' id='word_1_410' title='bbox 3184 2744 3231 2795; x_wconf 89' lang='grc' dir='ltr'>οἱ</span> <span class='ocrx_word' id='word_1_411' title='bbox 3257 2741 3536 2811; x_wconf 86' lang='grc' dir='ltr'>λεγόμενοι</span> <span class='ocrx_word' id='word_1_412' title='bbox 3553 2742 3618 2793; x_wconf 88' lang='grc' dir='ltr'>Σε</span> <span class='ocrx_word' id='word_1_413' title='bbox 3628 2741 3748 2811; x_wconf 51' lang='grc' dir='ltr'><strong>μνον¹</strong></span> <span class='ocrx_word' id='word_1_414' title='bbox 3764 2739 3977 2807; x_wconf 75' lang='grc' dir='ltr'>γυναιξὶ</span> <span class='ocrx_word' id='word_1_415' title='bbox 3998 2739 4177 2809; x_wconf 86' lang='grc' dir='ltr'>χρῶν-</span> 
     </span>
    </p>
   </div>
   <div class='ocr_carea' id='block_1_56' title="bbox 2597 2831 4172 2906">
    <p class='ocr_par' dir='ltr' id='par_1_56' title="bbox 2597 2831 4172 2906">
     <span class='ocr_line' id='line_1_56' title="bbox 2597 2831 4172 2906; baseline -0.001 -22"><span class='ocrx_word' id='word_1_416' title='bbox 2597 2849 2704 2885; x_wconf 88' lang='grc' dir='ltr'>ται·</span> <span class='ocrx_word' id='word_1_417' title='bbox 2745 2832 2895 2904; x_wconf 77' lang='grc' dir='ltr'>παρὰ</span> <span class='ocrx_word' id='word_1_418' title='bbox 2921 2833 3078 2903; x_wconf 88' lang='grc' dir='ltr'>φύσιν</span> <span class='ocrx_word' id='word_1_419' title='bbox 3129 2835 3236 2906; x_wconf 81' lang='grc' dir='ltr'>γὰρ</span> <span class='ocrx_word' id='word_1_420' title='bbox 3267 2833 3425 2887; x_wconf 86' lang='grc' dir='ltr'>τοῦτο</span> <span class='ocrx_word' id='word_1_421' title='bbox 3457 2833 3550 2887; x_wconf 78' lang='grc' dir='ltr'><strong>καὶ</strong></span> <span class='ocrx_word' id='word_1_422' title='bbox 3590 2834 3899 2904; x_wconf 85' lang='grc' dir='ltr'>παράνομον</span> <span class='ocrx_word' id='word_1_423' title='bbox 3923 2831 4172 2884; x_wconf 85' lang='grc' dir='ltr'>δοκοῦσι·</span> 
     </span>
    </p>
   </div>
   <div class='ocr_carea' id='block_1_57' title="bbox 2596 2923 4174 2996">
    <p class='ocr_par' dir='ltr' id='par_1_57' title="bbox 2596 2923 4174 2996">
     <span class='ocr_line' id='line_1_57' title="bbox 2596 2923 4174 2996; baseline -0.001 -20"><span class='ocrx_word' id='word_1_424' title='bbox 2596 2923 2662 2976; x_wconf 87' lang='grc' dir='ltr'>δι’</span> <span class='ocrx_word' id='word_1_425' title='bbox 2702 2925 2768 2996; x_wconf 78' lang='grc' dir='ltr'>ἦν</span> <span class='ocrx_word' id='word_1_426' title='bbox 2793 2926 2970 2979; x_wconf 84' lang='grc' dir='ltr'>αἰτίαν</span> <span class='ocrx_word' id='word_1_427' title='bbox 3025 2927 3165 2993; x_wconf 78' lang='grc' dir='ltr'>σφᾶς</span> <span class='ocrx_word' id='word_1_428' title='bbox 3196 2927 3389 2990; x_wconf 70' lang='grc' dir='ltr'>αὐτοὺς</span> <span class='ocrx_word' id='word_1_429' title='bbox 3425 2927 3620 2994; x_wconf 67' lang='grc' dir='ltr'>ἁγνοὺς</span> <span class='ocrx_word' id='word_1_430' title='bbox 3655 2924 3910 2996; x_wconf 80' lang='grc' dir='ltr'>τηροῦσι·</span> <span class='ocrx_word' id='word_1_431' title='bbox 3964 2923 4174 2994; x_wconf 81' lang='grc' dir='ltr'>παρθε-</span> 
     </span>
    </p>
   </div>
   <div class='ocr_carea' id='block_1_58' title="bbox 2597 3015 4174 3088">
    <p class='ocr_par' dir='ltr' id='par_1_58' title="bbox 2597 3015 4174 3088">
     <span class='ocr_line' id='line_1_58' title="bbox 2597 3015 4174 3088; baseline -0.001 -21"><span class='ocrx_word' id='word_1_432' title='bbox 2597 3015 2810 3068; x_wconf 90' lang='grc' dir='ltr'>νεύουσι</span> <span class='ocrx_word' id='word_1_433' title='bbox 2841 3018 2897 3070; x_wconf 81' lang='grc' dir='ltr'>δὲ</span> <span class='ocrx_word' id='word_1_434' title='bbox 2923 3016 3018 3068; x_wconf 72' lang='grc' dir='ltr'>καὶ</span> <span class='ocrx_word' id='word_1_435' title='bbox 3049 3017 3267 3086; x_wconf 86' lang='grc' dir='ltr'>Σεμναί.</span> <span class='ocrx_word' id='word_1_436' title='bbox 3293 3017 3591 3071; x_wconf 80' lang='grc' dir='ltr'>Δοκοῦσιδὲ</span> <span class='ocrx_word' id='word_1_437' title='bbox 3626 3019 3964 3088; x_wconf 81' lang='grc' dir='ltr'>παρατηρεῖν</span> <span class='ocrx_word' id='word_1_438' title='bbox 3991 3015 4063 3067; x_wconf 80' lang='grc' dir='ltr'><strong>τὰ</strong></span> <span class='ocrx_word' id='word_1_439' title='bbox 4081 3016 4174 3066; x_wconf 77' lang='grc' dir='ltr'>ού-</span> 
     </span>
    </p>
   </div>
   <div class='ocr_carea' id='block_1_59' title="bbox 2603 3106 4175 3180">
    <p class='ocr_par' dir='ltr' id='par_1_59' title="bbox 2603 3106 4175 3180">
     <span class='ocr_line' id='line_1_59' title="bbox 2603 3106 4175 3180; baseline -0.001 -20"><span class='ocrx_word' id='word_1_440' title='bbox 2603 3108 2782 3177; x_wconf 90' lang='grc' dir='ltr'>ράνια,</span> <span class='ocrx_word' id='word_1_441' title='bbox 2815 3110 2908 3160; x_wconf 69' lang='grc' dir='ltr'><strong>καὶ</strong></span> <span class='ocrx_word' id='word_1_442' title='bbox 2938 3109 3025 3162; x_wconf 79' lang='grc' dir='ltr'>διὰ</span> <span class='ocrx_word' id='word_1_443' title='bbox 3049 3109 3148 3178; x_wconf 73' lang='grc' dir='ltr'>τῆς</span> <span class='ocrx_word' id='word_1_444' title='bbox 3178 3107 3379 3161; x_wconf 87' lang='grc' dir='ltr'>τούτων</span> <span class='ocrx_word' id='word_1_445' title='bbox 3413 3109 3760 3180; x_wconf 73' lang='grc' dir='ltr'>σημειώσεως</span> <span class='ocrx_word' id='word_1_446' title='bbox 3805 3108 3910 3160; x_wconf 91' lang='grc' dir='ltr'><strong>τῶν</strong></span> <span class='ocrx_word' id='word_1_447' title='bbox 3949 3106 4175 3176; x_wconf 81' lang='grc' dir='ltr'>μελλόν-</span> 
     </span>
    </p>
   </div>
   <div class='ocr_carea' id='block_1_60' title="bbox 909 3173 2680 3272">
    <p class='ocr_par' dir='ltr' id='par_1_60' title="bbox 909 3173 2680 3272">
     <span class='ocr_line' id='line_1_60' title="bbox 909 3173 2680 3272; baseline -0.003 -16"><span class='ocrx_word' id='word_1_448' title='bbox 909 3173 1110 3256; x_wconf 71' lang='lat' dir='ltr'><strong>cuittur</strong></span> <span class='ocrx_word' id='word_1_449' title='bbox 1138 3173 1352 3272; x_wconf 78' lang='grc' dir='ltr'>Σεμνοί,</span> <span class='ocrx_word' id='word_1_450' title='bbox 1387 3206 1614 3253; x_wconf 88' lang='lat' dir='ltr'><strong>utuntur</strong></span> <span class='ocrx_word' id='word_1_451' title='bbox 1645 3173 1987 3263; x_wconf 78' lang='lat' dir='ltr'><strong>mulieribus,</strong></span> <span class='ocrx_word' id='word_1_452' title='bbox 2034 3198 2138 3253; x_wconf 91' lang='lat' dir='ltr'><strong>hoc</strong></span> <span class='ocrx_word' id='word_1_453' title='bbox 2175 3173 2320 3252; x_wconf 83' lang='lat' dir='ltr'><strong>enim</strong></span> <span class='ocrx_word' id='word_1_454' title='bbox 2356 3213 2494 3268; x_wconf 66' lang='grc' dir='ltr'>ιιι-ωσ-</span> <span class='ocrx_word' id='word_1_455' title='bbox 2519 3173 2561 3230; x_wconf 73' lang='lat' dir='ltr'><strong>C</strong></span> <span class='ocrx_word' id='word_1_456' title='bbox 2592 3173 2680 3250; x_wconf 70' lang='grc' dir='ltr'>τωε</span> 
     </span>
    </p>
   </div>
   <div class='ocr_carea' id='block_1_61' title="bbox 1590 3173 3361 3272">
    <p class='ocr_par' dir='ltr' id='par_1_61' title="bbox 1590 3173 3361 3271">
     <span class='ocr_line' id='line_1_61' title="bbox 1590 3173 3361 3271; baseline 0.001 -21"><span class='ocrx_word' id='word_1_457' title='bbox 1590 3213 1614 3250; x_wconf 92' lang='lat' dir='ltr'><strong>r</strong></span> <span class='ocrx_word' id='word_1_458' title='bbox 1645 3197 1987 3263; x_wconf 88' lang='lat' dir='ltr'><strong>mulieribus,</strong></span> <span class='ocrx_word' id='word_1_459' title='bbox 2034 3198 2138 3253; x_wconf 91' lang='lat' dir='ltr'><strong>hoc</strong></span> <span class='ocrx_word' id='word_1_460' title='bbox 2175 3197 2320 3252; x_wconf 90' lang='lat' dir='ltr'><strong>enim</strong></span> <span class='ocrx_word' id='word_1_461' title='bbox 2356 3213 2494 3268; x_wconf 66' lang='grc' dir='ltr'>ιιι-ωσ-</span> <span class='ocrx_word' id='word_1_462' title='bbox 2519 3173 2561 3230; x_wconf 73' lang='lat' dir='ltr'><strong>C</strong></span> <span class='ocrx_word' id='word_1_463' title='bbox 2592 3215 2702 3252; x_wconf 83' lang='grc' dir='ltr'><strong>των</strong></span> <span class='ocrx_word' id='word_1_464' title='bbox 2729 3199 3199 3271; x_wconf 77' lang='grc' dir='ltr'>προμαντεύεσθαι</span> <span class='ocrx_word' id='word_1_465' title='bbox 3225 3217 3361 3252; x_wconf 85' lang='grc' dir='ltr'>τινα.</span> 
     </span>
    </p>
   </div>
   <div class='ocr_carea' id='block_1_62' title="bbox 911 3291 4172 3366">
    <p class='ocr_par' dir='ltr' id='par_1_62' title="bbox 911 3291 4172 3366">
     <span class='ocr_line' id='line_1_62' title="bbox 911 3291 4172 3366; baseline -0.003 -13"><span class='ocrx_word' id='word_1_466' title='bbox 911 3308 994 3353; x_wconf 92' lang='lat' dir='ltr'><strong>ter</strong></span> <span class='ocrx_word' id='word_1_467' title='bbox 1021 3306 1271 3353; x_wconf 88' lang='lat' dir='ltr'><strong>naturam</strong></span> <span class='ocrx_word' id='word_1_468' title='bbox 1315 3305 1369 3350; x_wconf 91' lang='lat' dir='ltr'><strong>et</strong></span> <span class='ocrx_word' id='word_1_469' title='bbox 1420 3296 1668 3366; x_wconf 86' lang='lat' dir='ltr'><strong>iniquum</strong></span> <span class='ocrx_word' id='word_1_470' title='bbox 1731 3310 1853 3350; x_wconf 87' lang='lat' dir='ltr'><strong>esse</strong></span> <span class='ocrx_word' id='word_1_471' title='bbox 1898 3296 2256 3361; x_wconf 81' lang='lat' dir='ltr'><strong>existimant;</strong></span> <span class='ocrx_word' id='word_1_472' title='bbox 2310 3311 2416 3366; x_wconf 87' lang='lat' dir='ltr'><strong>qua</strong></span> <span class='ocrx_word' id='word_1_473' title='bbox 2473 3295 2540 3350; x_wconf 91' lang='lat' dir='ltr'><strong>de</strong></span> <span class='ocrx_word' id='word_1_474' title='bbox 2589 3311 2754 3350; x_wconf 89' lang='lat' dir='ltr'><strong>causa</strong></span> <span class='ocrx_word' id='word_1_475' title='bbox 2819 3300 3027 3365; x_wconf 82' lang='lat' dir='ltr'><strong>seipsos</strong></span> <span class='ocrx_word' id='word_1_476' title='bbox 3085 3306 3265 3350; x_wconf 86' lang='lat' dir='ltr'><strong>castos</strong></span> <span class='ocrx_word' id='word_1_477' title='bbox 3313 3302 3658 3351; x_wconf 87' lang='lat' dir='ltr'><strong>conservant.</strong></span> <span class='ocrx_word' id='word_1_478' title='bbox 3697 3291 3940 3366; x_wconf 73' lang='lat' dir='ltr'><strong>Virgines</strong></span> <span class='ocrx_word' id='word_1_479' title='bbox 3987 3303 4172 3348; x_wconf 91' lang='lat' dir='ltr'><strong>autem</strong></span> 
     </span>
    </p>
   </div>
   <div class='ocr_carea' id='block_1_63' title="bbox 909 3385 4174 3457">
    <p class='ocr_par' dir='ltr' id='par_1_63' title="bbox 909 3385 4174 3457">
     <span class='ocr_line' id='line_1_63' title="bbox 909 3385 4174 3457; baseline -0.001 -12"><span class='ocrx_word' id='word_1_480' title='bbox 909 3398 1038 3444; x_wconf 75' lang='lat' dir='ltr'><strong>sunt</strong></span> <span class='ocrx_word' id='word_1_481' title='bbox 1058 3390 1220 3444; x_wconf 91' lang='lat' dir='ltr'><strong>etiam</strong></span> <span class='ocrx_word' id='word_1_482' title='bbox 1250 3387 1530 3450; x_wconf 89' lang='lat' dir='ltr'><strong>mulieres,</strong></span> <span class='ocrx_word' id='word_1_483' title='bbox 1569 3387 1692 3456; x_wconf 73' lang='lat' dir='ltr'><strong>qua:</strong></span> <span class='ocrx_word' id='word_1_484' title='bbox 1737 3385 1996 3441; x_wconf 92' lang='lat' dir='ltr'><strong>dicuntur</strong></span> <span class='ocrx_word' id='word_1_485' title='bbox 2053 3386 2292 3457; x_wconf 80' lang='grc' dir='ltr'>Σεμναί,</span> <span class='ocrx_word' id='word_1_486' title='bbox 2334 3387 2438 3441; x_wconf 82' lang='lat' dir='ltr'><strong>hoc</strong></span> <span class='ocrx_word' id='word_1_487' title='bbox 2485 3395 2590 3448; x_wconf 88' lang='lat' dir='ltr'><strong>est,</strong></span> <span class='ocrx_word' id='word_1_488' title='bbox 2649 3389 2975 3442; x_wconf 76' lang='lat' dir='ltr'><strong>t&#39;cneranda&#39;.</strong></span> <span class='ocrx_word' id='word_1_489' title='bbox 3005 3386 3268 3442; x_wconf 76' lang='lat' dir='ltr'><strong>Videntur</strong></span> <span class='ocrx_word' id='word_1_490' title='bbox 3328 3397 3507 3442; x_wconf 88' lang='lat' dir='ltr'><strong>autem</strong></span> <span class='ocrx_word' id='word_1_491' title='bbox 3561 3387 3851 3442; x_wconf 90' lang='lat' dir='ltr'><strong>observare</strong></span> <span class='ocrx_word' id='word_1_492' title='bbox 3901 3386 4174 3456; x_wconf 72' lang='lat' dir='ltr'><strong>caelestia,</strong></span> 
     </span>
    </p>
   </div>
   <div class='ocr_carea' id='block_1_64' title="bbox 908 3479 2665 3552">
    <p class='ocr_par' dir='ltr' id='par_1_64' title="bbox 908 3479 2665 3552">
     <span class='ocr_line' id='line_1_64' title="bbox 908 3479 2665 3552; baseline -0.001 -16"><span class='ocrx_word' id='word_1_493' title='bbox 908 3495 961 3536; x_wconf 92' lang='lat' dir='ltr'><strong>et</strong></span> <span class='ocrx_word' id='word_1_494' title='bbox 989 3497 1084 3552; x_wconf 92' lang='lat' dir='ltr'><strong>per</strong></span> <span class='ocrx_word' id='word_1_495' title='bbox 1106 3497 1298 3537; x_wconf 88' lang='lat' dir='ltr'><strong>eorum</strong></span> <span class='ocrx_word' id='word_1_496' title='bbox 1349 3479 1802 3552; x_wconf 81' lang='lat' dir='ltr'><strong>signiﬁcationem</strong></span> <span class='ocrx_word' id='word_1_497' title='bbox 1855 3481 2102 3551; x_wconf 81' lang='lat' dir='ltr'><strong>quaedam</strong></span> <span class='ocrx_word' id='word_1_498' title='bbox 2138 3479 2318 3536; x_wconf 82' lang='lat' dir='ltr'><strong>futura</strong></span> <span class='ocrx_word' id='word_1_499' title='bbox 2353 3482 2665 3552; x_wconf 70' lang='lat' dir='ltr'><strong>praedicere.</strong></span> 
     </span>
    </p>
   </div>
   <div class='ocr_carea' id='block_1_65' title="bbox 2327 3657 2732 3715">
    <p class='ocr_par' dir='ltr' id='par_1_65' title="bbox 2327 3657 2732 3715">
     <span class='ocr_line' id='line_1_65' title="bbox 2327 3657 2732 3715; baseline -0.002 0"><span class='ocrx_word' id='word_1_500' title='bbox 2327 3657 2555 3715; x_wconf 83' lang='lat' dir='ltr'><strong>CAPUT</strong></span> <span class='ocrx_word' id='word_1_501' title='bbox 2596 3659 2732 3714; x_wconf 79' lang='lat' dir='ltr'><strong>Vlll.</strong></span> 
     </span>
    </p>
   </div>
   <div class='ocr_carea' id='block_1_66' title="bbox 902 3775 4162 3850">
    <p class='ocr_par' dir='ltr' id='par_1_66' title="bbox 902 3775 4162 3850">
     <span class='ocr_line' id='line_1_66' title="bbox 902 3775 4162 3850; baseline -0.002 -15"><span class='ocrx_word' id='word_1_502' title='bbox 902 3781 1045 3836; x_wconf 88' lang='lat' dir='ltr'><strong>Loca</strong></span> <span class='ocrx_word' id='word_1_503' title='bbox 1079 3780 1139 3835; x_wconf 89' lang='lat' dir='ltr'><strong>S.</strong></span> <span class='ocrx_word' id='word_1_504' title='bbox 1176 3781 1464 3850; x_wconf 66' lang='lat' dir='ltr'><strong>Scriptura</strong></span> <span class='ocrx_word' id='word_1_505' title='bbox 1491 3781 1554 3833; x_wconf 88' lang='lat' dir='ltr'><strong>ab</strong></span> <span class='ocrx_word' id='word_1_506' title='bbox 1585 3781 1844 3834; x_wconf 77' lang='lat' dir='ltr'><strong>luereticis</strong></span> <span class='ocrx_word' id='word_1_507' title='bbox 1878 3782 1930 3834; x_wconf 85' lang='lat' dir='ltr'><strong>in</strong></span> <span class='ocrx_word' id='word_1_508' title='bbox 1965 3781 2283 3849; x_wconf 79' lang='lat' dir='ltr'><strong>vituperium</strong></span> <span class='ocrx_word' id='word_1_509' title='bbox 2313 3781 2642 3833; x_wconf 79' lang='lat' dir='ltr'><strong>matrimonii</strong></span> <span class='ocrx_word' id='word_1_510' title='bbox 2672 3779 2905 3833; x_wconf 85' lang='lat' dir='ltr'><strong>adducta</strong></span> <span class='ocrx_word' id='word_1_511' title='bbox 2935 3779 3196 3846; x_wconf 71' lang='lat' dir='ltr'><strong>explicat;</strong></span> <span class='ocrx_word' id='word_1_512' title='bbox 3235 3787 3284 3831; x_wconf 87' lang='lat' dir='ltr'><strong>et</strong></span> <span class='ocrx_word' id='word_1_513' title='bbox 3326 3779 3495 3848; x_wconf 85' lang='lat' dir='ltr'><strong>primo</strong></span> <span class='ocrx_word' id='word_1_514' title='bbox 3533 3776 3684 3830; x_wconf 82' lang='lat' dir='ltr'><strong>verba</strong></span> <span class='ocrx_word' id='word_1_515' title='bbox 3727 3776 3966 3845; x_wconf 80' lang='lat' dir='ltr'><strong>Apostuli</strong></span> <span class='ocrx_word' id='word_1_516' title='bbox 4011 3775 4162 3829; x_wconf 83' lang='lat' dir='ltr'><strong>Rom.</strong></span> 
     </span>
    </p>
   </div>
   <div class='ocr_carea' id='block_1_67' title="bbox 1591 3851 3284 3919">
    <p class='ocr_par' dir='ltr' id='par_1_67' title="bbox 1591 3851 3284 3919">
     <span class='ocr_line' id='line_1_67' title="bbox 1591 3851 3284 3919; baseline -0.001 -16"><span class='ocrx_word' id='word_1_517' title='bbox 1591 3867 1665 3917; x_wconf 78' lang='lat' dir='ltr'><strong>v1,</strong></span> <span class='ocrx_word' id='word_1_518' title='bbox 1701 3852 1790 3914; x_wconf 67' lang='lat' dir='ltr'><strong>l4,</strong></span> <span class='ocrx_word' id='word_1_519' title='bbox 1813 3851 1877 3904; x_wconf 86' lang='lat' dir='ltr'><strong>ab</strong></span> <span class='ocrx_word' id='word_1_520' title='bbox 1909 3853 2277 3905; x_wconf 65' lang='lat' dir='ltr'><strong>Itazreticontm</strong></span> <span class='ocrx_word' id='word_1_521' title='bbox 2307 3865 2547 3919; x_wconf 75' lang='lat' dir='ltr'><strong>perversa</strong></span> <span class='ocrx_word' id='word_1_522' title='bbox 2576 3851 3004 3918; x_wconf 85' lang='lat' dir='ltr'><strong>interpretatione</strong></span> <span class='ocrx_word' id='word_1_523' title='bbox 3037 3851 3284 3903; x_wconf 84' lang='lat' dir='ltr'><strong>vindicat.</strong></span> 
     </span>
    </p>
   </div>
   <div class='ocr_carea' id='block_1_68' title="bbox 977 3961 2476 4030">
    <p class='ocr_par' dir='ltr' id='par_1_68' title="bbox 977 3961 2476 4030">
     <span class='ocr_line' id='line_1_68' title="bbox 977 3961 2476 4030; baseline 0 -15"><span class='ocrx_word' id='word_1_524' title='bbox 977 3961 1246 4029; x_wconf 78' lang='lat' dir='ltr'><strong>Quoniam</strong></span> <span class='ocrx_word' id='word_1_525' title='bbox 1287 3969 1466 4014; x_wconf 90' lang='lat' dir='ltr'><strong>autem</strong></span> <span class='ocrx_word' id='word_1_526' title='bbox 1501 3961 1594 4030; x_wconf 92' lang='lat' dir='ltr'><strong>qui</strong></span> <span class='ocrx_word' id='word_1_527' title='bbox 1635 3962 1993 4015; x_wconf 91' lang='lat' dir='ltr'><strong>introducunt</strong></span> <span class='ocrx_word' id='word_1_528' title='bbox 2024 3961 2439 4016; x_wconf 77' lang='lat' dir='ltr'><strong>indifferentiam</strong></span> <span class='ocrx_word' id='word_1_529' title='bbox 2461 4003 2476 4024; x_wconf 91' lang='lat'><strong>,</strong></span> 
     </span>
    </p>
   </div>
   <div class='ocr_carea' id='block_1_69' title="bbox 900 4052 2476 4125">
    <p class='ocr_par' dir='ltr' id='par_1_69' title="bbox 900 4052 2476 4125">
     <span class='ocr_line' id='line_1_69' title="bbox 900 4052 2476 4125; baseline 0.001 -18"><span class='ocrx_word' id='word_1_530' title='bbox 900 4068 1109 4123; x_wconf 87' lang='lat' dir='ltr'><strong>paucas</strong></span> <span class='ocrx_word' id='word_1_531' title='bbox 1134 4054 1399 4122; x_wconf 90' lang='lat' dir='ltr'><strong>quasdam</strong></span> <span class='ocrx_word' id='word_1_532' title='bbox 1442 4052 1752 4122; x_wconf 86' lang='lat' dir='ltr'><strong>Scripturas</strong></span> <span class='ocrx_word' id='word_1_533' title='bbox 1787 4054 2199 4125; x_wconf 84' lang='lat' dir='ltr'><strong>detorquentes,</strong></span> <span class='ocrx_word' id='word_1_534' title='bbox 2243 4055 2476 4109; x_wconf 87' lang='lat' dir='ltr'><strong>titillanti</strong></span> 
     </span>
    </p>
   </div>
   <div class='ocr_carea' id='block_1_70' title="bbox 901 4143 2476 4217">
    <p class='ocr_par' dir='ltr' id='par_1_70' title="bbox 901 4143 2476 4217">
     <span class='ocr_line' id='line_1_70' title="bbox 901 4143 2476 4217; baseline 0.001 -18"><span class='ocrx_word' id='word_1_535' title='bbox 901 4160 1015 4199; x_wconf 74' lang='lat' dir='ltr'><strong>suae</strong></span> <span class='ocrx_word' id='word_1_536' title='bbox 1042 4143 1304 4213; x_wconf 91' lang='lat' dir='ltr'><strong>voluptati</strong></span> <span class='ocrx_word' id='word_1_537' title='bbox 1343 4159 1437 4199; x_wconf 88' lang='lat' dir='ltr'><strong>eas</strong></span> <span class='ocrx_word' id='word_1_538' title='bbox 1482 4145 1768 4215; x_wconf 71' lang='lat' dir='ltr'><strong>suffragari</strong></span> <span class='ocrx_word' id='word_1_539' title='bbox 1796 4146 2142 4213; x_wconf 85' lang='lat' dir='ltr'><strong>existimant;</strong></span> <span class='ocrx_word' id='word_1_540' title='bbox 2183 4159 2296 4201; x_wconf 89' lang='lat' dir='ltr'><strong>tum</strong></span> <span class='ocrx_word' id='word_1_541' title='bbox 2336 4163 2476 4217; x_wconf 43' lang='lat' dir='ltr'><strong>praep</strong></span> 
     </span>
    </p>
   </div>
   <div class='ocr_carea' id='block_1_71' title="bbox 899 4234 2476 4307">
    <p class='ocr_par' dir='ltr' id='par_1_71' title="bbox 899 4234 2476 4307">
     <span class='ocr_line' id='line_1_71' title="bbox 899 4234 2476 4307; baseline 0.002 -17"><span class='ocrx_word' id='word_1_542' title='bbox 899 4238 1060 4306; x_wconf 84' lang='lat' dir='ltr'><strong>cipue</strong></span> <span class='ocrx_word' id='word_1_543' title='bbox 1109 4234 1253 4290; x_wconf 85' lang='lat' dir='ltr'><strong>illam</strong></span> <span class='ocrx_word' id='word_1_544' title='bbox 1296 4252 1547 4307; x_wconf 87' lang='lat' dir='ltr'><strong>quoque:</strong></span> <span class='ocrx_word' id='word_1_545' title='bbox 1590 4257 1608 4288; x_wconf 81' lang='grc' dir='ltr'><strong>ι</strong></span> <span class='ocrx_word' id='word_1_546' title='bbox 1647 4237 1936 4293; x_wconf 90' lang='lat' dir='ltr'><strong>Peccatum</strong></span> <span class='ocrx_word' id='word_1_547' title='bbox 1978 4239 2122 4294; x_wconf 90' lang='lat' dir='ltr'><strong>enim</strong></span> <span class='ocrx_word' id='word_1_548' title='bbox 2154 4240 2316 4294; x_wconf 89' lang='lat' dir='ltr'><strong>vestri</strong></span> <span class='ocrx_word' id='word_1_549' title='bbox 2370 4256 2476 4293; x_wconf 89' lang='lat' dir='ltr'><strong>non</strong></span> 
     </span>
    </p>
   </div>
   <div class='ocr_carea' id='block_1_72' title="bbox 900 4329 2479 4399">
    <p class='ocr_par' dir='ltr' id='par_1_72' title="bbox 900 4329 2479 4399">
     <span class='ocr_line' id='line_1_72' title="bbox 900 4329 2479 4399; baseline 0.001 -17"><span class='ocrx_word' id='word_1_550' title='bbox 900 4329 1302 4390; x_wconf 87' lang='lat' dir='ltr'><strong>dominabitur;</strong></span> <span class='ocrx_word' id='word_1_551' title='bbox 1334 4345 1437 4382; x_wconf 91' lang='lat' dir='ltr'><strong>non</strong></span> <span class='ocrx_word' id='word_1_552' title='bbox 1467 4330 1597 4384; x_wconf 93' lang='lat' dir='ltr'><strong>estis</strong></span> <span class='ocrx_word' id='word_1_553' title='bbox 1621 4331 1765 4384; x_wconf 91' lang='lat' dir='ltr'><strong>enim</strong></span> <span class='ocrx_word' id='word_1_554' title='bbox 1797 4331 1900 4384; x_wconf 88' lang='lat' dir='ltr'><strong>sub</strong></span> <span class='ocrx_word' id='word_1_555' title='bbox 1928 4331 2065 4399; x_wconf 83' lang='lat' dir='ltr'><strong>lege,</strong></span> <span class='ocrx_word' id='word_1_556' title='bbox 2099 4330 2190 4384; x_wconf 88' lang='lat' dir='ltr'><strong>sed</strong></span> <span class='ocrx_word' id='word_1_557' title='bbox 2227 4331 2327 4384; x_wconf 90' lang='lat' dir='ltr'><strong>sub</strong></span> <span class='ocrx_word' id='word_1_558' title='bbox 2358 4345 2479 4399; x_wconf 82' lang='lat' dir='ltr'><strong>gra—</strong></span> 
     </span>
    </p>
   </div>
   <div class='ocr_carea' id='block_1_73' title="bbox 899 4420 2482 4489">
    <p class='ocr_par' dir='ltr' id='par_1_73' title="bbox 899 4420 2482 4489">
     <span class='ocr_line' id='line_1_73' title="bbox 899 4420 2482 4489; baseline 0.001 -17"><span class='ocrx_word' id='word_1_559' title='bbox 899 4421 974 4474; x_wconf 88' lang='lat' dir='ltr'><strong>tia</strong></span> <span class='ocrx_word' id='word_1_560' title='bbox 1013 4431 1080 4487; x_wconf 75' lang='lat' dir='ltr'><strong>c;</strong></span> <span class='ocrx_word' id='word_1_561' title='bbox 1123 4439 1143 4472; x_wconf 73' lang='grc' dir='ltr'><strong>ι</strong></span> <span class='ocrx_word' id='word_1_562' title='bbox 1176 4428 1233 4476; x_wconf 85' lang='lat' dir='ltr'><strong>et</strong></span> <span class='ocrx_word' id='word_1_563' title='bbox 1264 4421 1476 4489; x_wconf 88' lang='lat' dir='ltr'><strong>aliquas</strong></span> <span class='ocrx_word' id='word_1_564' title='bbox 1517 4421 1652 4474; x_wconf 90' lang='lat' dir='ltr'><strong>alias</strong></span> <span class='ocrx_word' id='word_1_565' title='bbox 1698 4420 2049 4489; x_wconf 72' lang='lat' dir='ltr'><strong>huiusmodi,</strong></span> <span class='ocrx_word' id='word_1_566' title='bbox 2085 4436 2316 4488; x_wconf 91' lang='lat' dir='ltr'><strong>quarum</strong></span> <span class='ocrx_word' id='word_1_567' title='bbox 2359 4429 2482 4488; x_wconf 86' lang='lat' dir='ltr'><strong>post</strong></span> 
     </span>
    </p>
   </div>
   <div class='ocr_carea' id='block_1_74' title="bbox 2655 3957 4164 4034">
    <p class='ocr_par' dir='ltr' id='par_1_74' title="bbox 2655 3957 4164 4034">
     <span class='ocr_line' id='line_1_74' title="bbox 2655 3957 4164 4034; baseline -0.005 -18"><span class='ocrx_word' id='word_1_568' title='bbox 2655 3963 2808 4016; x_wconf 71' lang='grc' dir='ltr'>Ἐπεὶ</span> <span class='ocrx_word' id='word_1_569' title='bbox 2839 3963 2894 4016; x_wconf 85' lang='grc' dir='ltr'>δὲ</span> <span class='ocrx_word' id='word_1_570' title='bbox 2931 3963 2980 4016; x_wconf 87' lang='grc' dir='ltr'>οἱ</span> <span class='ocrx_word' id='word_1_571' title='bbox 3014 3963 3112 4034; x_wconf 79' lang='grc' dir='ltr'><strong>τὴν</strong></span> <span class='ocrx_word' id='word_1_572' title='bbox 3139 3959 3457 4032; x_wconf 77' lang='grc' dir='ltr'>ἀδιαφορίαν</span> <span class='ocrx_word' id='word_1_573' title='bbox 3482 3961 3808 4027; x_wconf 76' lang='grc' dir='ltr'>εἰσάγοντες,</span> <span class='ocrx_word' id='word_1_574' title='bbox 3852 3957 4164 4027; x_wconf 77' lang='grc' dir='ltr'>βιαζομενοί</span> 
     </span>
    </p>
   </div>
   <div class='ocr_carea' id='block_1_75' title="bbox 2583 4048 4173 4126">
    <p class='ocr_par' dir='ltr' id='par_1_75' title="bbox 2583 4048 4173 4126">
     <span class='ocr_line' id='line_1_75' title="bbox 2583 4048 4173 4126; baseline -0.004 -18"><span class='ocrx_word' id='word_1_575' title='bbox 2583 4072 2735 4118; x_wconf 85' lang='grc' dir='ltr'>τινας</span> <span class='ocrx_word' id='word_1_576' title='bbox 2773 4054 2954 4123; x_wconf 83' lang='grc' dir='ltr'>ὀλίγας</span> <span class='ocrx_word' id='word_1_577' title='bbox 2993 4053 3246 4126; x_wconf 76' lang='grc' dir='ltr'>Γραφάς,</span> <span class='ocrx_word' id='word_1_578' title='bbox 3293 4055 3610 4124; x_wconf 86' lang='grc' dir='ltr'>συνηγορεῖν</span> <span class='ocrx_word' id='word_1_579' title='bbox 3642 4048 3818 4102; x_wconf 75' lang='grc' dir='ltr'>αὐτῶν</span> <span class='ocrx_word' id='word_1_580' title='bbox 3858 4051 3923 4119; x_wconf 82' lang='grc' dir='ltr'>τῇ</span> <span class='ocrx_word' id='word_1_581' title='bbox 3959 4049 4173 4118; x_wconf 76' lang='grc' dir='ltr'>ἡδυπα-</span> 
     </span>
    </p>
   </div>
   <div class='ocr_carea' id='block_1_76' title="bbox 2585 4138 4166 4216">
    <p class='ocr_par' dir='ltr' id='par_1_76' title="bbox 2585 4138 4166 4216">
     <span class='ocr_line' id='line_1_76' title="bbox 2585 4138 4166 4216; baseline -0.002 -19"><span class='ocrx_word' id='word_1_582' title='bbox 2585 4144 2706 4216; x_wconf 73' lang='grc' dir='ltr'>θείᾳ</span> <span class='ocrx_word' id='word_1_583' title='bbox 2735 4146 2953 4198; x_wconf 83' lang='grc' dir='ltr'>οίονται’</span> <span class='ocrx_word' id='word_1_584' title='bbox 2989 4145 3128 4216; x_wconf 85' lang='grc' dir='ltr'><strong>άτάρ</strong></span> <span class='ocrx_word' id='word_1_585' title='bbox 3159 4146 3221 4215; x_wconf 84' lang='grc' dir='ltr'><strong>δὴ</strong></span> <span class='ocrx_word' id='word_1_586' title='bbox 3254 4145 3529 4215; x_wconf 80' lang='grc' dir='ltr'>κάκείνην·</span> <span class='ocrx_word' id='word_1_587' title='bbox 3565 4161 3584 4193; x_wconf 78' lang='grc' dir='ltr'><strong>ι</strong></span> <span class='ocrx_word' id='word_1_588' title='bbox 3629 4141 3897 4213; x_wconf 80' lang='grc' dir='ltr'>Ἀμαρτία</span> <span class='ocrx_word' id='word_1_589' title='bbox 3939 4138 4050 4211; x_wconf 85' lang='grc' dir='ltr'>γὰρ</span> <span class='ocrx_word' id='word_1_590' title='bbox 4087 4141 4166 4208; x_wconf 82' lang='lat'><strong>(5)</strong></span> 
     </span>
    </p>
   </div>
   <div class='ocr_carea' id='block_1_77' title="bbox 2587 4229 4165 4308">
    <p class='ocr_par' dir='ltr' id='par_1_77' title="bbox 2587 4229 4165 4308">
     <span class='ocr_line' id='line_1_77' title="bbox 2587 4229 4165 4308; baseline -0.003 -18"><span class='ocrx_word' id='word_1_591' title='bbox 2587 4236 2741 4306; x_wconf 85' lang='grc' dir='ltr'>ὑμῶν</span> <span class='ocrx_word' id='word_1_592' title='bbox 2788 4237 2846 4289; x_wconf 80' lang='grc' dir='ltr'><strong>οὐ</strong></span> <span class='ocrx_word' id='word_1_593' title='bbox 2891 4237 3206 4308; x_wconf 87' lang='grc' dir='ltr'>κυριεύσει·</span> <span class='ocrx_word' id='word_1_594' title='bbox 3247 4237 3307 4288; x_wconf 80' lang='grc' dir='ltr'><strong>ού</strong></span> <span class='ocrx_word' id='word_1_595' title='bbox 3341 4237 3449 4306; x_wconf 88' lang='grc' dir='ltr'><strong>γάρ</strong></span> <span class='ocrx_word' id='word_1_596' title='bbox 3483 4237 3602 4286; x_wconf 86' lang='grc' dir='ltr'>ἐστε</span> <span class='ocrx_word' id='word_1_597' title='bbox 3637 4234 3740 4286; x_wconf 79' lang='grc' dir='ltr'><strong>ὑπὸ</strong></span> <span class='ocrx_word' id='word_1_598' title='bbox 3803 4232 4000 4301; x_wconf 90' lang='grc' dir='ltr'>νόμον,</span> <span class='ocrx_word' id='word_1_599' title='bbox 4047 4229 4165 4285; x_wconf 77' lang='grc' dir='ltr'>ἀλλ’</span> 
     </span>
    </p>
   </div>
   <div class='ocr_carea' id='block_1_78' title="bbox 2588 4319 4166 4399">
    <p class='ocr_par' dir='ltr' id='par_1_78' title="bbox 2588 4319 4166 4399">
     <span class='ocr_line' id='line_1_78' title="bbox 2588 4319 4166 4399; baseline -0.002 -17"><span class='ocrx_word' id='word_1_600' title='bbox 2588 4329 2692 4382; x_wconf 83' lang='grc' dir='ltr'><strong>ὑπὸ</strong></span> <span class='ocrx_word' id='word_1_601' title='bbox 2727 4329 2905 4399; x_wconf 86' lang='grc' dir='ltr'>χάριν·</span> <span class='ocrx_word' id='word_1_602' title='bbox 2949 4349 2965 4380; x_wconf 78' lang='grc' dir='ltr'><strong>ι</strong></span> <span class='ocrx_word' id='word_1_603' title='bbox 2995 4330 3085 4382; x_wconf 86' lang='grc' dir='ltr'><strong>καί</strong></span> <span class='ocrx_word' id='word_1_604' title='bbox 3116 4347 3263 4391; x_wconf 85' lang='grc' dir='ltr'>τινας</span> <span class='ocrx_word' id='word_1_605' title='bbox 3295 4329 3457 4391; x_wconf 77' lang='grc' dir='ltr'>ἄλλας</span> <span class='ocrx_word' id='word_1_606' title='bbox 3482 4327 3752 4388; x_wconf 81' lang='grc' dir='ltr'>τοιαύτας,</span> <span class='ocrx_word' id='word_1_607' title='bbox 3780 4319 3855 4377; x_wconf 85' lang='grc' dir='ltr'>ὧν</span> <span class='ocrx_word' id='word_1_608' title='bbox 3882 4327 3974 4378; x_wconf 75' lang='grc' dir='ltr'><strong>ἐπὶ</strong></span> <span class='ocrx_word' id='word_1_609' title='bbox 4001 4325 4166 4381; x_wconf 80' lang='grc' dir='ltr'>τοιού-</span> 
     </span>
    </p>
   </div>
   <div class='ocr_carea' id='block_1_79' title="bbox 2587 4417 4162 4490">
    <p class='ocr_par' dir='ltr' id='par_1_79' title="bbox 2587 4417 4162 4490">
     <span class='ocr_line' id='line_1_79' title="bbox 2587 4417 4162 4490; baseline -0.005 -16"><span class='ocrx_word' id='word_1_610' title='bbox 2587 4438 2696 4484; x_wconf 86' lang='grc' dir='ltr'>τοις</span> <span class='ocrx_word' id='word_1_611' title='bbox 2716 4419 3026 4490; x_wconf 76' lang='grc' dir='ltr'>μεμνῆσθαι</span> <span class='ocrx_word' id='word_1_612' title='bbox 3054 4420 3152 4472; x_wconf 80' lang='grc' dir='ltr'><strong>οὐκ</strong></span> <span class='ocrx_word' id='word_1_613' title='bbox 3177 4418 3410 4486; x_wconf 74' lang='grc' dir='ltr'>εῦλογοψ</span> <span class='ocrx_word' id='word_1_614' title='bbox 3433 4419 3514 4486; x_wconf 82' lang='grc' dir='ltr'>(οῦ</span> <span class='ocrx_word' id='word_1_615' title='bbox 3547 4417 3653 4485; x_wconf 81' lang='grc' dir='ltr'><strong>γὰρ</strong></span> <span class='ocrx_word' id='word_1_616' title='bbox 3677 4417 4018 4478; x_wconf 75' lang='grc' dir='ltr'>ἐπισκευάζω</span> <span class='ocrx_word' id='word_1_617' title='bbox 4035 4417 4162 4468; x_wconf 80' lang='grc' dir='ltr'>ναῦν</span> 
     </span>
    </p>
   </div>
   <div class='ocr_carea' id='block_1_80' title="bbox 898 4498 2669 4582">
    <p class='ocr_par' dir='ltr' id='par_1_80' title="bbox 898 4498 2669 4570">
     <span class='ocr_line' id='line_1_80' title="bbox 898 4498 2669 4570; baseline -0.003 -2"><span class='ocrx_word' id='word_1_618' title='bbox 898 4517 1015 4570; x_wconf 56' lang='lat' dir='ltr'><strong>haec</strong></span> <span class='ocrx_word' id='word_1_619' title='bbox 1055 4531 1165 4569; x_wconf 90' lang='lat' dir='ltr'><strong>non</strong></span> <span class='ocrx_word' id='word_1_620' title='bbox 1189 4523 1272 4569; x_wconf 89' lang='lat' dir='ltr'><strong>est</strong></span> <span class='ocrx_word' id='word_1_621' title='bbox 1301 4513 1495 4568; x_wconf 90' lang='lat' dir='ltr'><strong>rationi</strong></span> <span class='ocrx_word' id='word_1_622' title='bbox 1527 4522 1952 4567; x_wconf 87' lang='lat' dir='ltr'><strong>consentaneum</strong></span> <span class='ocrx_word' id='word_1_623' title='bbox 2008 4524 2066 4565; x_wconf 90' lang='lat' dir='ltr'><strong>ut</strong></span> <span class='ocrx_word' id='word_1_624' title='bbox 2103 4511 2294 4566; x_wconf 80' lang='lat' dir='ltr'><strong>faciant</strong></span> <span class='ocrx_word' id='word_1_625' title='bbox 2328 4529 2477 4566; x_wconf 90' lang='lat' dir='ltr'><strong>men-</strong></span> <span class='ocrx_word' id='word_1_626' title='bbox 2513 4498 2554 4550; x_wconf 79' lang='lat' dir='ltr'><strong>D</strong></span> <span class='ocrx_word' id='word_1_627' title='bbox 2587 4529 2669 4563; x_wconf 84' lang='grc' dir='ltr'><strong>πει</strong></span> 
     </span>
    </p>
   </div>
   <div class='ocr_carea' id='block_1_81' title="bbox 2389 4498 4160 4582">
    <p class='ocr_par' dir='ltr' id='par_1_81' title="bbox 2389 4498 4160 4582">
     <span class='ocr_line' id='line_1_81' title="bbox 2389 4498 4160 4582; baseline -0.003 -16"><span class='ocrx_word' id='word_1_628' title='bbox 2389 4529 2477 4566; x_wconf 83' lang='lat' dir='ltr'><strong>ett-</strong></span> <span class='ocrx_word' id='word_1_629' title='bbox 2513 4498 2554 4550; x_wconf 79' lang='lat' dir='ltr'><strong>D</strong></span> <span class='ocrx_word' id='word_1_630' title='bbox 2587 4511 2953 4582; x_wconf 77' lang='grc' dir='ltr'>πειρατικήν·)</span> <span class='ocrx_word' id='word_1_631' title='bbox 2987 4510 3117 4579; x_wconf 81' lang='grc' dir='ltr'>φέρε</span> <span class='ocrx_word' id='word_1_632' title='bbox 3141 4509 3204 4579; x_wconf 80' lang='grc' dir='ltr'>δὴ</span> <span class='ocrx_word' id='word_1_633' title='bbox 3227 4509 3312 4562; x_wconf 85' lang='grc' dir='ltr'><strong>διά</strong></span> <span class='ocrx_word' id='word_1_634' title='bbox 3341 4509 3587 4580; x_wconf 86' lang='grc' dir='ltr'>βραχέων</span> <span class='ocrx_word' id='word_1_635' title='bbox 3611 4507 3950 4577; x_wconf 71' lang='grc' dir='ltr'>διακόψωμεν</span> <span class='ocrx_word' id='word_1_636' title='bbox 3983 4509 4160 4561; x_wconf 72' lang='grc' dir='ltr'>αὐτῶν</span> 
     </span>
    </p>
   </div>
   <div class='ocr_carea' id='block_1_82' title="bbox 898 4604 2478 4675">
    <p class='ocr_par' dir='ltr' id='par_1_82' title="bbox 898 4604 2478 4675">
     <span class='ocr_line' id='line_1_82' title="bbox 898 4604 2478 4675; baseline -0.001 -16"><span class='ocrx_word' id='word_1_637' title='bbox 898 4607 1101 4660; x_wconf 86' lang='lat' dir='ltr'><strong>tionem</strong></span> <span class='ocrx_word' id='word_1_638' title='bbox 1138 4606 1282 4675; x_wconf 87' lang='lat' dir='ltr'><strong>(non</strong></span> <span class='ocrx_word' id='word_1_639' title='bbox 1321 4607 1465 4660; x_wconf 88' lang='lat' dir='ltr'><strong>enim</strong></span> <span class='ocrx_word' id='word_1_640' title='bbox 1500 4620 1692 4658; x_wconf 87' lang='lat' dir='ltr'><strong>navem</strong></span> <span class='ocrx_word' id='word_1_641' title='bbox 1735 4605 1946 4658; x_wconf 87' lang='lat' dir='ltr'><strong>instruo</strong></span> <span class='ocrx_word' id='word_1_642' title='bbox 1987 4604 2342 4673; x_wconf 85' lang='lat' dir='ltr'><strong>piraticam),</strong></span> <span class='ocrx_word' id='word_1_643' title='bbox 2379 4618 2478 4672; x_wconf 87' lang='lat' dir='ltr'><strong>age</strong></span> 
     </span>
    </p>
   </div>
   <div class='ocr_carea' id='block_1_83' title="bbox 896 4696 2472 4766">
    <p class='ocr_par' dir='ltr' id='par_1_83' title="bbox 896 4696 2472 4766">
     <span class='ocr_line' id='line_1_83' title="bbox 896 4696 2472 4766; baseline -0.001 -16"><span class='ocrx_word' id='word_1_644' title='bbox 896 4697 1086 4765; x_wconf 85' lang='lat' dir='ltr'><strong>paucis</strong></span> <span class='ocrx_word' id='word_1_645' title='bbox 1107 4713 1307 4751; x_wconf 82' lang='lat' dir='ltr'><strong>eorum</strong></span> <span class='ocrx_word' id='word_1_646' title='bbox 1327 4706 1703 4765; x_wconf 84' lang='lat' dir='ltr'><strong>argumentum</strong></span> <span class='ocrx_word' id='word_1_647' title='bbox 1734 4696 2146 4766; x_wconf 81' lang='lat' dir='ltr'><strong>perfringamus.</strong></span> <span class='ocrx_word' id='word_1_648' title='bbox 2185 4697 2302 4766; x_wconf 87' lang='lat' dir='ltr'><strong>Ipse</strong></span> <span class='ocrx_word' id='word_1_649' title='bbox 2329 4697 2472 4749; x_wconf 90' lang='lat' dir='ltr'><strong>enim</strong></span> 
     </span>
    </p>
   </div>
   <div class='ocr_carea' id='block_1_84' title="bbox 893 4788 2471 4861">
    <p class='ocr_par' dir='ltr' id='par_1_84' title="bbox 893 4788 2471 4861">
     <span class='ocr_line' id='line_1_84' title="bbox 893 4788 2471 4861; baseline -0.002 -18"><span class='ocrx_word' id='word_1_650' title='bbox 893 4789 1144 4861; x_wconf 85' lang='lat' dir='ltr'><strong>egregius</strong></span> <span class='ocrx_word' id='word_1_651' title='bbox 1174 4790 1464 4860; x_wconf 83' lang='lat' dir='ltr'><strong>Apostolus</strong></span> <span class='ocrx_word' id='word_1_652' title='bbox 1489 4789 1543 4843; x_wconf 89' lang='lat' dir='ltr'><strong>in</strong></span> <span class='ocrx_word' id='word_1_653' title='bbox 1567 4789 1767 4851; x_wconf 88' lang='lat' dir='ltr'><strong>verbis,</strong></span> <span class='ocrx_word' id='word_1_654' title='bbox 1799 4804 1920 4857; x_wconf 73' lang='lat' dir='ltr'><strong>qua:</strong></span> <span class='ocrx_word' id='word_1_655' title='bbox 1951 4789 2220 4856; x_wconf 58' lang='lat' dir='ltr'><strong>praedictae</strong></span> <span class='ocrx_word' id='word_1_656' title='bbox 2248 4788 2471 4842; x_wconf 89' lang='lat' dir='ltr'><strong>dictioni</strong></span> 
     </span>
    </p>
   </div>
   <div class='ocr_carea' id='block_1_85' title="bbox 895 4875 2466 4951">
    <p class='ocr_par' dir='ltr' id='par_1_85' title="bbox 895 4875 2466 4951">
     <span class='ocr_line' id='line_1_85' title="bbox 895 4875 2466 4951; baseline -0.003 -17"><span class='ocrx_word' id='word_1_657' title='bbox 895 4880 1212 4951; x_wconf 73' lang='lat' dir='ltr'><strong>subiungit,</strong></span> <span class='ocrx_word' id='word_1_658' title='bbox 1267 4878 1518 4933; x_wconf 88' lang='lat' dir='ltr'><strong>intentati</strong></span> <span class='ocrx_word' id='word_1_659' title='bbox 1565 4877 1812 4931; x_wconf 88' lang='lat' dir='ltr'><strong>criminis</strong></span> <span class='ocrx_word' id='word_1_660' title='bbox 1860 4875 2046 4930; x_wconf 77' lang='lat' dir='ltr'><strong>aﬂ‘eret</strong></span> <span class='ocrx_word' id='word_1_661' title='bbox 2097 4877 2466 4931; x_wconf 89' lang='lat' dir='ltr'><strong>solutionem:</strong></span> 
     </span>
    </p>
   </div>
   <div class='ocr_carea' id='block_1_86' title="bbox 900 4967 2470 5042">
    <p class='ocr_par' dir='ltr' id='par_1_86' title="bbox 900 4967 2470 5042">
     <span class='ocr_line' id='line_1_86' title="bbox 900 4967 2470 5042; baseline -0.003 -18"><span class='ocrx_word' id='word_1_662' title='bbox 900 4992 919 5024; x_wconf 75' lang='grc' dir='ltr'><strong>ι</strong></span> <span class='ocrx_word' id='word_1_663' title='bbox 956 4972 1095 5038; x_wconf 87' lang='lat' dir='ltr'><strong>Quid</strong></span> <span class='ocrx_word' id='word_1_664' title='bbox 1143 4972 1316 5042; x_wconf 81' lang='lat' dir='ltr'><strong>ergo?</strong></span> <span class='ocrx_word' id='word_1_665' title='bbox 1364 4969 1756 5041; x_wconf 86' lang='lat' dir='ltr'><strong>.peccabimus,</strong></span> <span class='ocrx_word' id='word_1_666' title='bbox 1809 4968 1938 5038; x_wconf 87' lang='lat' dir='ltr'><strong>quia</strong></span> <span class='ocrx_word' id='word_1_667' title='bbox 1978 4983 2086 5022; x_wconf 89' lang='lat' dir='ltr'><strong>non</strong></span> <span class='ocrx_word' id='word_1_668' title='bbox 2131 4983 2324 5022; x_wconf 89' lang='lat' dir='ltr'><strong>sumus</strong></span> <span class='ocrx_word' id='word_1_669' title='bbox 2368 4967 2470 5020; x_wconf 91' lang='lat' dir='ltr'><strong>sub</strong></span> 
     </span>
    </p>
   </div>
   <div class='ocr_carea' id='block_1_87' title="bbox 892 5059 2468 5133">
    <p class='ocr_par' dir='ltr' id='par_1_87' title="bbox 892 5059 2468 5133">
     <span class='ocr_line' id='line_1_87' title="bbox 892 5059 2468 5133; baseline -0.005 -15"><span class='ocrx_word' id='word_1_670' title='bbox 892 5064 1030 5133; x_wconf 84' lang='lat' dir='ltr'><strong>iege,</strong></span> <span class='ocrx_word' id='word_1_671' title='bbox 1060 5063 1152 5118; x_wconf 90' lang='lat' dir='ltr'><strong>sed</strong></span> <span class='ocrx_word' id='word_1_672' title='bbox 1177 5063 1279 5118; x_wconf 90' lang='lat' dir='ltr'><strong>sub</strong></span> <span class='ocrx_word' id='word_1_673' title='bbox 1302 5062 1510 5131; x_wconf 85' lang='lat' dir='ltr'><strong>gratia?</strong></span> <span class='ocrx_word' id='word_1_674' title='bbox 1542 5061 1696 5116; x_wconf 78' lang='lat' dir='ltr'><strong>Absit</strong></span> <span class='ocrx_word' id='word_1_675' title='bbox 1723 5059 1773 5114; x_wconf 75' lang='grc' dir='ltr'><strong>ἀ.</strong></span> <span class='ocrx_word' id='word_1_676' title='bbox 1813 5080 1830 5112; x_wconf 74' lang='grc' dir='ltr'><strong>ι</strong></span> <span class='ocrx_word' id='word_1_677' title='bbox 1866 5060 2018 5115; x_wconf 85' lang='lat' dir='ltr'><strong>Adeo</strong></span> <span class='ocrx_word' id='word_1_678' title='bbox 2043 5059 2224 5114; x_wconf 87' lang='lat' dir='ltr'><strong>divine</strong></span> <span class='ocrx_word' id='word_1_679' title='bbox 2259 5067 2313 5112; x_wconf 91' lang='lat' dir='ltr'><strong>et</strong></span> <span class='ocrx_word' id='word_1_680' title='bbox 2343 5073 2468 5127; x_wconf 88' lang='lat' dir='ltr'><strong>pro-</strong></span> 
     </span>
    </p>
   </div>
   <div class='ocr_carea' id='block_1_88' title="bbox 889 5149 2458 5225">
    <p class='ocr_par' dir='ltr' id='par_1_88' title="bbox 889 5149 2458 5225">
     <span class='ocr_line' id='line_1_88' title="bbox 889 5149 2458 5225; baseline -0.005 -16"><span class='ocrx_word' id='word_1_681' title='bbox 889 5154 1104 5224; x_wconf 75' lang='lat' dir='ltr'><strong>phetico</strong></span> <span class='ocrx_word' id='word_1_682' title='bbox 1130 5169 1161 5209; x_wconf 90' lang='lat' dir='ltr'><strong>e</strong></span> <span class='ocrx_word' id='word_1_683' title='bbox 1186 5154 1412 5225; x_wconf 78' lang='lat' dir='ltr'><strong>vestigio</strong></span> <span class='ocrx_word' id='word_1_684' title='bbox 1449 5153 1697 5208; x_wconf 82' lang='lat' dir='ltr'><strong>dissolvit</strong></span> <span class='ocrx_word' id='word_1_685' title='bbox 1736 5162 1908 5209; x_wconf 90' lang='lat' dir='ltr'><strong>artem</strong></span> <span class='ocrx_word' id='word_1_686' title='bbox 1941 5151 2234 5222; x_wconf 87' lang='lat' dir='ltr'><strong>voluptatis</strong></span> <span class='ocrx_word' id='word_1_687' title='bbox 2277 5149 2458 5220; x_wconf 85' lang='lat' dir='ltr'><strong>sophi-</strong></span> 
     </span>
    </p>
   </div>
   <div class='ocr_carea' id='block_1_89' title="bbox 1025 5269 1562 5336">
    <p class='ocr_par' dir='ltr' id='par_1_89' title="bbox 1025 5269 1562 5336">
     <span class='ocr_line' id='line_1_89' title="bbox 1025 5269 1562 5336; baseline 0 -12"><span class='ocrx_word' id='word_1_688' title='bbox 1025 5281 1049 5308; x_wconf 72' lang='grc' dir='ltr'><strong>α</strong></span> <span class='ocrx_word' id='word_1_689' title='bbox 1093 5269 1285 5326; x_wconf 86' lang='lat' dir='ltr'><strong>Matth.</strong></span> <span class='ocrx_word' id='word_1_690' title='bbox 1319 5287 1443 5336; x_wconf 72' lang='lat' dir='ltr'><strong>xu,</strong></span> <span class='ocrx_word' id='word_1_691' title='bbox 1476 5271 1562 5324; x_wconf 68' lang='lat'><strong>12.</strong></span> 
     </span>
    </p>
   </div>
   <div class='ocr_carea' id='block_1_90' title="bbox 887 5340 1224 5408">
    <p class='ocr_par' dir='ltr' id='par_1_90' title="bbox 887 5340 1224 5408">
     <span class='ocr_line' id='line_1_90' title="bbox 887 5340 1224 5408; baseline 0 -14"><span class='ocrx_word' id='word_1_692' title='bbox 887 5340 914 5379; x_wconf 74' lang='grc'><strong><em>⁸</em></strong></span> <span class='ocrx_word' id='word_1_693' title='bbox 946 5343 1105 5408; x_wconf 87' lang='lat' dir='ltr'><strong>lbid.,</strong></span> <span class='ocrx_word' id='word_1_694' title='bbox 1138 5341 1224 5396; x_wconf 84' lang='grc'><strong>15.</strong></span> 
     </span>
    </p>
   </div>
   <div class='ocr_carea' id='block_1_91' title="bbox 958 5454 2454 5529">
    <p class='ocr_par' dir='ltr' id='par_1_91' title="bbox 958 5454 2454 5529">
     <span class='ocr_line' id='line_1_91' title="bbox 958 5454 2454 5529; baseline -0.002 -16"><span class='ocrx_word' id='word_1_695' title='bbox 958 5458 1068 5529; x_wconf 77' lang='lat'><strong>(98)</strong></span> <span class='ocrx_word' id='word_1_696' title='bbox 1105 5460 1216 5513; x_wconf 82' lang='grc' dir='ltr'><strong>Τὸν</strong></span> <span class='ocrx_word' id='word_1_697' title='bbox 1239 5460 1393 5511; x_wconf 75' lang='grc' dir='ltr'><strong>νεὼν</strong></span> <span class='ocrx_word' id='word_1_698' title='bbox 1412 5454 1517 5508; x_wconf 85' lang='grc' dir='ltr'><strong>τοῦ</strong></span> <span class='ocrx_word' id='word_1_699' title='bbox 1547 5456 1908 5524; x_wconf 76' lang='grc' dir='ltr'>Πνεῦματος.</span> <span class='ocrx_word' id='word_1_700' title='bbox 1941 5454 2100 5513; x_wconf 81' lang='lat' dir='ltr'><strong>Conf.</strong></span> <span class='ocrx_word' id='word_1_701' title='bbox 2140 5455 2159 5510; x_wconf 89' lang='lat' dir='ltr'><strong>l</strong></span> <span class='ocrx_word' id='word_1_702' title='bbox 2195 5455 2322 5510; x_wconf 89' lang='lat' dir='ltr'><strong>Cor.</strong></span> <span class='ocrx_word' id='word_1_703' title='bbox 2362 5473 2454 5521; x_wconf 86' lang='lat' dir='ltr'><strong>tn,</strong></span> 
     </span>
    </p>
   </div>
   <div class='ocr_carea' id='block_1_92' title="bbox 955 5569 2456 5669">
    <p class='ocr_par' dir='ltr' id='par_1_92' title="bbox 955 5569 2456 5669">
     <span class='ocr_line' id='line_1_92' title="bbox 955 5569 2456 5669; baseline -0.003 -17"><span class='ocrx_word' id='word_1_704' title='bbox 955 5569 1500 5669; x_wconf 67' lang='grc' dir='ltr'>Ἐὺνουχίζειν.</span> <span class='ocrx_word' id='word_1_705' title='bbox 1532 5593 1997 5669; x_wconf 63' lang='lat' dir='ltr'><strong>RespicitMattl-t.</strong></span> <span class='ocrx_word' id='word_1_706' title='bbox 2028 5612 2140 5669; x_wconf 63' lang='grc' dir='ltr'>ιιιιι,</span> <span class='ocrx_word' id='word_1_707' title='bbox 2185 5595 2251 5669; x_wconf 72' lang='lat' dir='ltr'><strong>l2</strong></span> <span class='ocrx_word' id='word_1_708' title='bbox 2277 5597 2456 5669; x_wconf 67' lang='lat' dir='ltr'><strong>:Eis&#39;w</strong></span> 
     </span>
    </p>
   </div>
   <div class='ocr_carea' id='block_1_93' title="bbox 885 5666 2457 5739">
    <p class='ocr_par' dir='ltr' id='par_1_93' title="bbox 885 5666 2457 5739">
     <span class='ocr_line' id='line_1_93' title="bbox 885 5666 2457 5739; baseline -0.003 -17"><span class='ocrx_word' id='word_1_709' title='bbox 885 5666 1164 5739; x_wconf 80' lang='grc' dir='ltr'>εὐνοῦχοι,</span> <span class='ocrx_word' id='word_1_710' title='bbox 1199 5669 1399 5739; x_wconf 67' lang='grc' dir='ltr'>οἵτινες</span> <span class='ocrx_word' id='word_1_711' title='bbox 1429 5666 1743 5737; x_wconf 76' lang='grc' dir='ltr'>εὐνούχισαν</span> <span class='ocrx_word' id='word_1_712' title='bbox 1777 5667 2000 5730; x_wconf 73' lang='grc' dir='ltr'>ἑαυτοὺς</span> <span class='ocrx_word' id='word_1_713' title='bbox 2023 5667 2108 5719; x_wconf 73' lang='grc' dir='ltr'><strong>διὰ</strong></span> <span class='ocrx_word' id='word_1_714' title='bbox 2155 5667 2256 5736; x_wconf 68' lang='grc' dir='ltr'><strong>τὴν</strong></span> <span class='ocrx_word' id='word_1_715' title='bbox 2307 5667 2457 5735; x_wconf 74' lang='grc' dir='ltr'>βασι-</span> 
     </span>
    </p>
   </div>
   <div class='ocr_carea' id='block_1_94' title="bbox 886 5735 1458 5808">
    <p class='ocr_par' dir='ltr' id='par_1_94' title="bbox 886 5735 1458 5808">
     <span class='ocr_line' id='line_1_94' title="bbox 886 5735 1458 5808; baseline 0 -22"><span class='ocrx_word' id='word_1_716' title='bbox 886 5740 1030 5800; x_wconf 71' lang='grc' dir='ltr'>λείαν</span> <span class='ocrx_word' id='word_1_717' title='bbox 1045 5735 1169 5791; x_wconf 74' lang='grc' dir='ltr'>’τῶν</span> <span class='ocrx_word' id='word_1_718' title='bbox 1199 5738 1258 5788; x_wconf 77' lang='grc' dir='ltr'><strong>οὐ</strong></span> <span class='ocrx_word' id='word_1_719' title='bbox 1267 5735 1458 5808; x_wconf 73' lang='grc' dir='ltr'>ρανῶν.</span> 
     </span>
    </p>
   </div>
   <div class='ocr_carea' id='block_1_95' title="bbox 959 5803 2450 5876">
    <p class='ocr_par' dir='ltr' id='par_1_95' title="bbox 959 5803 2450 5876">
     <span class='ocr_line' id='line_1_95' title="bbox 959 5803 2450 5876; baseline -0.001 -16"><span class='ocrx_word' id='word_1_720' title='bbox 959 5811 1030 5873; x_wconf 77' lang='grc' dir='ltr'><strong>(ι)</strong></span> <span class='ocrx_word' id='word_1_721' title='bbox 1076 5803 1440 5876; x_wconf 66' lang='grc' dir='ltr'>Βραχμᾶναι.</span> <span class='ocrx_word' id='word_1_722' title='bbox 1517 5804 1588 5858; x_wconf 85' lang='lat' dir='ltr'><strong>De</strong></span> <span class='ocrx_word' id='word_1_723' title='bbox 1632 5805 2002 5876; x_wconf 22' lang='lat' dir='ltr'><strong>,philosophis</strong></span> <span class='ocrx_word' id='word_1_724' title='bbox 2054 5803 2251 5858; x_wconf 89' lang='lat' dir='ltr'><strong>Indicis</strong></span> <span class='ocrx_word' id='word_1_725' title='bbox 2307 5807 2450 5860; x_wconf 78' lang='lat' dir='ltr'><strong>conf.</strong></span> 
     </span>
    </p>
   </div>
   <div class='ocr_carea' id='block_1_96' title="bbox 884 5875 2450 5948">
    <p class='ocr_par' dir='ltr' id='par_1_96' title="bbox 884 5875 2450 5948">
     <span class='ocr_line' id='line_1_96' title="bbox 884 5875 2450 5948; baseline 0.001 -20"><span class='ocrx_word' id='word_1_726' title='bbox 884 5875 1460 5948; x_wconf 23' lang='lat' dir='ltr'><strong>Strabo,’Geogr.Alib.</strong></span> <span class='ocrx_word' id='word_1_727' title='bbox 1495 5892 1594 5948; x_wconf 80' lang='lat' dir='ltr'><strong>xv;</strong></span> <span class='ocrx_word' id='word_1_728' title='bbox 1630 5875 2166 5948; x_wconf 71' lang='lat' dir='ltr'><strong>Euseltius,Prwpt_t_r.</strong></span> <span class='ocrx_word' id='word_1_729' title='bbox 2197 5879 2450 5945; x_wconf 46' lang='lat' dir='ltr'><strong>evangel”</strong></span> 
     </span>
    </p>
   </div>
   <div class='ocr_carea' id='block_1_97' title="bbox 855 5945 2447 6017">
    <p class='ocr_par' dir='ltr' id='par_1_97' title="bbox 855 5945 2447 6017">
     <span class='ocr_line' id='line_1_97' title="bbox 855 5945 2447 6017; baseline -0.004 -11"><span class='ocrx_word' id='word_1_730' title='bbox 855 5949 981 6006; x_wconf 61' lang='grc' dir='ltr'><strong>κω).</strong></span> <span class='ocrx_word' id='word_1_731' title='bbox 1015 5963 1089 6014; x_wconf 77' lang='lat' dir='ltr'><strong>VI,</strong></span> <span class='ocrx_word' id='word_1_732' title='bbox 1113 5962 1161 6002; x_wconf 87' lang='lat' dir='ltr'><strong>c.</strong></span> <span class='ocrx_word' id='word_1_733' title='bbox 1201 5945 1298 6014; x_wconf 67' lang='lat'><strong>10;</strong></span> <span class='ocrx_word' id='word_1_734' title='bbox 1327 5945 1690 6016; x_wconf 78' lang='lat' dir='ltr'><strong>Recognition.</strong></span> <span class='ocrx_word' id='word_1_735' title='bbox 1727 5946 2020 6001; x_wconf 86' lang='lat' dir='ltr'><strong>Clementis</strong></span> <span class='ocrx_word' id='word_1_736' title='bbox 2076 5945 2168 5997; x_wconf 90' lang='lat' dir='ltr'><strong>lib.</strong></span> <span class='ocrx_word' id='word_1_737' title='bbox 2208 5963 2254 5999; x_wconf 76' lang='lat' dir='ltr'><strong>Ix</strong></span> <span class='ocrx_word' id='word_1_738' title='bbox 2278 5986 2292 6011; x_wconf 96' lang='lat'><strong>,</strong></span> <span class='ocrx_word' id='word_1_739' title='bbox 2329 5965 2447 6017; x_wconf 79' lang='lat' dir='ltr'><strong>cap.</strong></span> 
     </span>
    </p>
   </div>
   <div class='ocr_carea' id='block_1_98' title="bbox 2587 4599 4156 4672">
    <p class='ocr_par' dir='ltr' id='par_1_98' title="bbox 2587 4599 4156 4672">
     <span class='ocr_line' id='line_1_98' title="bbox 2587 4599 4156 4672; baseline -0.002 -19"><span class='ocrx_word' id='word_1_740' title='bbox 2587 4601 2684 4671; x_wconf 82' lang='grc' dir='ltr'>τὴν</span> <span class='ocrx_word' id='word_1_741' title='bbox 2719 4601 3048 4672; x_wconf 70' lang='grc' dir='ltr'>ἐγχείρησιν·</span> <span class='ocrx_word' id='word_1_742' title='bbox 3083 4601 3244 4662; x_wconf 72' lang='grc' dir='ltr'>αὐτὸς</span> <span class='ocrx_word' id='word_1_743' title='bbox 3278 4599 3386 4672; x_wconf 82' lang='grc' dir='ltr'>γὰρ</span> <span class='ocrx_word' id='word_1_744' title='bbox 3416 4601 3444 4650; x_wconf 89' lang='grc' dir='ltr'>ὁ</span> <span class='ocrx_word' id='word_1_745' title='bbox 3472 4602 3716 4668; x_wconf 88' lang='grc' dir='ltr'>γενναῖος</span> <span class='ocrx_word' id='word_1_746' title='bbox 3744 4600 4069 4664; x_wconf 83' lang='grc' dir='ltr'>Ἀπόστολος</span> <span class='ocrx_word' id='word_1_747' title='bbox 4091 4605 4156 4672; x_wconf 78' lang='grc' dir='ltr'>τῇ</span> 
     </span>
    </p>
   </div>
   <div class='ocr_carea' id='block_1_99' title="bbox 2585 4689 4154 4764">
    <p class='ocr_par' dir='ltr' id='par_1_99' title="bbox 2585 4689 4154 4764">
     <span class='ocr_line' id='line_1_99' title="bbox 2585 4689 4154 4764; baseline 0.001 -20"><span class='ocrx_word' id='word_1_748' title='bbox 2585 4692 2952 4763; x_wconf 82' lang='grc' dir='ltr'>προειρημένῃ</span> <span class='ocrx_word' id='word_1_749' title='bbox 2979 4691 3120 4755; x_wconf 81' lang='grc' dir='ltr'>λέξει</span> <span class='ocrx_word' id='word_1_750' title='bbox 3149 4693 3423 4764; x_wconf 82' lang='grc' dir='ltr'>ἐπιφέρων</span> <span class='ocrx_word' id='word_1_751' title='bbox 3445 4689 3770 4744; x_wconf 83' lang='grc' dir='ltr'>ἀπολύσεται</span> <span class='ocrx_word' id='word_1_752' title='bbox 3792 4692 3852 4744; x_wconf 81' lang='grc' dir='ltr'><strong>τὸ</strong></span> <span class='ocrx_word' id='word_1_753' title='bbox 3880 4692 4154 4764; x_wconf 77' lang='grc' dir='ltr'>ἔγκλημα·</span> 
     </span>
    </p>
   </div>
   <div class='ocr_carea' id='block_1_100' title="bbox 2589 4780 4158 4856">
    <p class='ocr_par' dir='ltr' id='par_1_100' title="bbox 2589 4780 4158 4856">
     <span class='ocr_line' id='line_1_100' title="bbox 2589 4780 4158 4856; baseline 0.002 -23"><span class='ocrx_word' id='word_1_754' title='bbox 2589 4802 2605 4833; x_wconf 80' lang='grc' dir='ltr'><strong>ι</strong></span> <span class='ocrx_word' id='word_1_755' title='bbox 2637 4783 2699 4834; x_wconf 89' lang='grc' dir='ltr'>Τί</span> <span class='ocrx_word' id='word_1_756' title='bbox 2731 4780 2855 4848; x_wconf 73' lang='grc' dir='ltr'>οῦνς</span> <span class='ocrx_word' id='word_1_757' title='bbox 2891 4785 3292 4856; x_wconf 80' lang='grc' dir='ltr'>ἁμαρτήσωμεν</span> <span class='ocrx_word' id='word_1_758' title='bbox 3339 4783 3442 4852; x_wconf 73' lang='grc'><strong>(4),</strong></span> <span class='ocrx_word' id='word_1_759' title='bbox 3487 4783 3568 4834; x_wconf 83' lang='grc' dir='ltr'>ὅτι</span> <span class='ocrx_word' id='word_1_760' title='bbox 3607 4782 3705 4835; x_wconf 80' lang='grc' dir='ltr'><strong>οῦκ</strong></span> <span class='ocrx_word' id='word_1_761' title='bbox 3736 4785 3901 4854; x_wconf 83' lang='grc' dir='ltr'>ἐσμεν</span> <span class='ocrx_word' id='word_1_762' title='bbox 3938 4785 4044 4837; x_wconf 72' lang='grc' dir='ltr'><strong>ὑπὸ</strong></span> <span class='ocrx_word' id='word_1_763' title='bbox 4083 4784 4158 4836; x_wconf 73' lang='grc' dir='ltr'>νός</span> 
     </span>
    </p>
   </div>
   <div class='ocr_carea' id='block_1_101' title="bbox 2583 4873 4154 4946">
    <p class='ocr_par' dir='ltr' id='par_1_101' title="bbox 2583 4873 4154 4946">
     <span class='ocr_line' id='line_1_101' title="bbox 2583 4873 4154 4946; baseline 0.001 -19"><span class='ocrx_word' id='word_1_764' title='bbox 2583 4892 2699 4943; x_wconf 82' lang='grc' dir='ltr'>μον.</span> <span class='ocrx_word' id='word_1_765' title='bbox 2729 4875 2840 4928; x_wconf 82' lang='grc' dir='ltr'>ἀλλ’</span> <span class='ocrx_word' id='word_1_766' title='bbox 2880 4877 2985 4929; x_wconf 76' lang='grc' dir='ltr'>ὑπὸ</span> <span class='ocrx_word' id='word_1_767' title='bbox 3016 4878 3208 4946; x_wconf 84' lang='grc' dir='ltr'>χάριν;</span> <span class='ocrx_word' id='word_1_768' title='bbox 3250 4876 3341 4945; x_wconf 82' lang='grc' dir='ltr'><strong>Μὴ</strong></span> <span class='ocrx_word' id='word_1_769' title='bbox 3385 4873 3608 4942; x_wconf 89' lang='grc' dir='ltr'>γένοιτο.</span> <span class='ocrx_word' id='word_1_770' title='bbox 3663 4897 3679 4927; x_wconf 77' lang='grc' dir='ltr'><strong>ι</strong></span> <span class='ocrx_word' id='word_1_771' title='bbox 3730 4879 3916 4942; x_wconf 85' lang='grc' dir='ltr'>Οῦτως</span> <span class='ocrx_word' id='word_1_772' title='bbox 3957 4879 4154 4939; x_wconf 84' lang='grc' dir='ltr'>ἐνθέως</span> 
     </span>
    </p>
   </div>
   <div class='ocr_carea' id='block_1_102' title="bbox 2578 4965 4152 5042">
    <p class='ocr_par' dir='ltr' id='par_1_102' title="bbox 2578 4965 4152 5042">
     <span class='ocr_line' id='line_1_102' title="bbox 2578 4965 4152 5042; baseline 0.001 -25"><span class='ocrx_word' id='word_1_773' title='bbox 2578 4967 2670 5018; x_wconf 67' lang='grc' dir='ltr'><strong>κα)⁵</strong></span> <span class='ocrx_word' id='word_1_774' title='bbox 2708 4969 3057 5039; x_wconf 69' lang='grc' dir='ltr'>προφητικῶς</span> <span class='ocrx_word' id='word_1_775' title='bbox 3097 4965 3354 5021; x_wconf 87' lang='grc' dir='ltr'>καταλύει</span> <span class='ocrx_word' id='word_1_776' title='bbox 3399 4969 3736 5041; x_wconf 78' lang='grc' dir='ltr'>παραχρῆμα</span> <span class='ocrx_word' id='word_1_777' title='bbox 3781 4972 3880 5042; x_wconf 75' lang='grc' dir='ltr'><strong>τὴν</strong></span> <span class='ocrx_word' id='word_1_778' title='bbox 3912 4985 4152 5037; x_wconf 81' lang='grc' dir='ltr'>σοφιστι-</span> 
     </span>
    </p>
   </div>
   <div class='ocr_carea' id='block_1_103' title="bbox 2575 5059 4148 5132">
    <p class='ocr_par' dir='ltr' id='par_1_103' title="bbox 2575 5059 4148 5132">
     <span class='ocr_line' id='line_1_103' title="bbox 2575 5059 4148 5132; baseline -0.018 4"><span class='ocrx_word' id='word_1_779' title='bbox 2575 5059 2674 5128; x_wconf 60' lang='grc' dir='ltr'><strong>κὴν</strong></span> <span class='ocrx_word' id='word_1_780' title='bbox 2710 5062 2804 5131; x_wconf 67' lang='grc' dir='ltr'><strong>τῆς</strong></span> <span class='ocrx_word' id='word_1_781' title='bbox 2839 5063 3032 5132; x_wconf 75' lang='grc' dir='ltr'>ἡδονῆς</span> <span class='ocrx_word' id='word_1_782' title='bbox 3063 5061 3277 5130; x_wconf 80' lang='grc' dir='ltr'>τέχνην.</span> <span class='ocrx_word' id='word_1_783' title='bbox 3310 5061 3383 5113; x_wconf 75' lang='grc' dir='ltr'><strong>Οὐ</strong></span> <span class='ocrx_word' id='word_1_784' title='bbox 3425 5063 3677 5116; x_wconf 83' lang='grc' dir='ltr'>συνίεισιν</span> <span class='ocrx_word' id='word_1_785' title='bbox 3715 5060 3826 5126; x_wconf 85' lang='grc' dir='ltr'>οῦν,</span> <span class='ocrx_word' id='word_1_786' title='bbox 3853 5065 3926 5127; x_wconf 85' lang='grc' dir='ltr'>ὠς</span> <span class='ocrx_word' id='word_1_787' title='bbox 3954 5064 4148 5116; x_wconf 78' lang='grc' dir='ltr'>ἔοικεν,</span> 
     </span>
    </p>
   </div>
   <div class='ocr_carea' id='block_1_104' title="bbox 2570 5151 4150 5228">
    <p class='ocr_par' dir='ltr' id='par_1_104' title="bbox 2570 5151 4150 5228">
     <span class='ocr_line' id='line_1_104' title="bbox 2570 5151 4150 5228; baseline 0.002 -27"><span class='ocrx_word' id='word_1_788' title='bbox 2570 5151 2652 5202; x_wconf 76' lang='grc' dir='ltr'>ὅτι</span> <span class='ocrx_word' id='word_1_789' title='bbox 2699 5171 2717 5203; x_wconf 81' lang='grc' dir='ltr'><strong>ι</strong></span> <span class='ocrx_word' id='word_1_790' title='bbox 2757 5156 2894 5217; x_wconf 71' lang='grc' dir='ltr'>Τοὺς</span> <span class='ocrx_word' id='word_1_791' title='bbox 2913 5155 3117 5215; x_wconf 82' lang='grc' dir='ltr'>πάντας</span> <span class='ocrx_word' id='word_1_792' title='bbox 3145 5153 3290 5222; x_wconf 78' lang='grc' dir='ltr'>ἡμᾶς</span> <span class='ocrx_word' id='word_1_793' title='bbox 3317 5157 3690 5228; x_wconf 80' lang='grc' dir='ltr'>φανερωθῆναι</span> <span class='ocrx_word' id='word_1_794' title='bbox 3732 5157 3813 5209; x_wconf 90' lang='grc' dir='ltr'><strong>δεῖ</strong></span> <span class='ocrx_word' id='word_1_795' title='bbox 3841 5152 4150 5225; x_wconf 74' lang='grc' dir='ltr'>ἔμπροσθεν</span> 
     </span>
    </p>
   </div>
   <div class='ocr_carea' id='block_1_105' title="bbox 1667 5266 3438 5338">
    <p class='ocr_par' dir='ltr' id='par_1_105' title="bbox 1667 5266 3438 5338">
     <span class='ocr_line' id='line_1_105' title="bbox 1667 5266 3438 5338; baseline -0.001 -14"><span class='ocrx_word' id='word_1_796' title='bbox 1667 5271 1695 5310; x_wconf 71' lang='lat' dir='ltr'><strong>b</strong></span> <span class='ocrx_word' id='word_1_797' title='bbox 1737 5269 1900 5324; x_wconf 82' lang='lat' dir='ltr'><strong>Hebr.</strong></span> <span class='ocrx_word' id='word_1_798' title='bbox 1929 5286 2014 5338; x_wconf 80' lang='lat' dir='ltr'><strong>lx,</strong></span> <span class='ocrx_word' id='word_1_799' title='bbox 2050 5272 2135 5326; x_wconf 77' lang='lat' dir='ltr'><strong>M.</strong></span> <span class='ocrx_word' id='word_1_800' title='bbox 2177 5277 2235 5334; x_wconf 63' lang='lat'><strong>&gt;11</strong></span> <span class='ocrx_word' id='word_1_801' title='bbox 2301 5268 2361 5322; x_wconf 86' lang='lat' dir='ltr'><strong>P.</strong></span> <span class='ocrx_word' id='word_1_802' title='bbox 2388 5268 2492 5321; x_wconf 71' lang='lat'><strong>559</strong></span> <span class='ocrx_word' id='word_1_803' title='bbox 2523 5266 2627 5320; x_wconf 74' lang='lat' dir='ltr'><strong>El).</strong></span> <span class='ocrx_word' id='word_1_804' title='bbox 2660 5269 2957 5336; x_wconf 81' lang='lat' dir='ltr'><strong>POTTER,</strong></span> <span class='ocrx_word' id='word_1_805' title='bbox 2991 5269 3116 5335; x_wconf 72' lang='grc'><strong>451,</strong></span> <span class='ocrx_word' id='word_1_806' title='bbox 3149 5270 3253 5324; x_wconf 71' lang='grc'><strong>452</strong></span> <span class='ocrx_word' id='word_1_807' title='bbox 3280 5271 3386 5328; x_wconf 80' lang='grc' dir='ltr'><strong>ΕΙ),</strong></span> <span class='ocrx_word' id='word_1_808' title='bbox 3413 5273 3438 5326; x_wconf 71' lang='lat' dir='ltr'>E</span> 
     </span>
    </p>
   </div>
   <div class='ocr_carea' id='block_1_106' title="bbox 2371 5266 4142 5338">
    <p class='ocr_par' dir='ltr' id='par_1_106' title="bbox 2388 5266 4142 5336">
     <span class='ocr_line' id='line_1_106' title="bbox 2388 5266 4142 5336; baseline 0 -16"><span class='ocrx_word' id='word_1_809' title='bbox 2388 5268 2492 5321; x_wconf 68' lang='grc' dir='ltr'>ὅδε)</span> <span class='ocrx_word' id='word_1_810' title='bbox 2523 5266 2627 5320; x_wconf 76' lang='lat' dir='ltr'><strong>El).</strong></span> <span class='ocrx_word' id='word_1_811' title='bbox 2660 5269 2957 5336; x_wconf 81' lang='lat' dir='ltr'><strong>POTTER,</strong></span> <span class='ocrx_word' id='word_1_812' title='bbox 2991 5269 3116 5335; x_wconf 73' lang='grc'><strong>451,</strong></span> <span class='ocrx_word' id='word_1_813' title='bbox 3149 5270 3253 5324; x_wconf 72' lang='grc'><strong>452</strong></span> <span class='ocrx_word' id='word_1_814' title='bbox 3280 5271 3386 5328; x_wconf 80' lang='grc' dir='ltr'><strong>ΕΙ).</strong></span> <span class='ocrx_word' id='word_1_815' title='bbox 3413 5273 3634 5329; x_wconf 77' lang='lat' dir='ltr'><strong>PARIS.</strong></span> <span class='ocrx_word' id='word_1_816' title='bbox 3693 5285 3714 5313; x_wconf 75' lang='grc' dir='ltr'><strong>ε</strong></span> <span class='ocrx_word' id='word_1_817' title='bbox 3750 5273 3904 5326; x_wconf 83' lang='lat' dir='ltr'><strong>Rom.</strong></span> <span class='ocrx_word' id='word_1_818' title='bbox 3941 5285 4017 5331; x_wconf 72' lang='grc' dir='ltr'><strong>γι,</strong></span> <span class='ocrx_word' id='word_1_819' title='bbox 4064 5267 4142 5321; x_wconf 77' lang='grc'><strong>14.</strong></span> 
     </span>
    </p>
   </div>
   <div class='ocr_carea' id='block_1_107' title="bbox 2562 5448 4138 5577">
    <p class='ocr_par' dir='ltr' id='par_1_107' title="bbox 2562 5448 4138 5577">
     <span class='ocr_line' id='line_1_107' title="bbox 2562 5448 4138 5577; baseline -0.004 -69"><span class='ocrx_word' id='word_1_820' title='bbox 2562 5456 2684 5577; x_wconf 44' lang='grc' dir='ltr'><strong>ἓθλ</strong></span> <span class='ocrx_word' id='word_1_821' title='bbox 2715 5454 2970 5574; x_wconf 56' lang='lat' dir='ltr'><strong>Clenttens</strong></span> <span class='ocrx_word' id='word_1_822' title='bbox 3018 5451 3445 5517; x_wconf 86' lang='lat' dir='ltr'><strong>noster,Strom.</strong></span> <span class='ocrx_word' id='word_1_823' title='bbox 3497 5471 3556 5518; x_wconf 89' lang='grc' dir='ltr'><strong>ι,</strong></span> <span class='ocrx_word' id='word_1_824' title='bbox 3616 5467 3740 5523; x_wconf 88' lang='lat' dir='ltr'><strong>pag.</strong></span> <span class='ocrx_word' id='word_1_825' title='bbox 3808 5448 3947 5512; x_wconf 77' lang='lat'><strong>505,</strong></span> <span class='ocrx_word' id='word_1_826' title='bbox 4007 5448 4138 5502; x_wconf 87' lang='lat' dir='ltr'><strong>edit-</strong></span> 
     </span>
     <span class='ocr_line' id='line_1_108' title="bbox 2608 5536 2904 5577; baseline -0.01 0"><span class='ocrx_word' id='word_1_827' title='bbox 2608 5541 2768 5577; x_wconf 85' lang='lat' dir='ltr'><strong>arts..</strong></span> <span class='ocrx_word' id='word_1_828' title='bbox 2798 5539 2828 5574; x_wconf 92' lang='lat' dir='ltr'><strong>e</strong></span> <span class='ocrx_word' id='word_1_829' title='bbox 2855 5536 2904 5575; x_wconf 92' lang='lat' dir='ltr'><strong>c.</strong></span> 
     </span>
    </p>
   </div>
   <div class='ocr_carea' id='block_1_108' title="bbox 2608 5536 2904 5585">
    <p class='ocr_par' dir='ltr' id='par_1_108' title="bbox 2608 5536 2904 5585">
     <span class='ocr_line' id='line_1_109' title="bbox 2608 5536 2904 5585; baseline -0.014 -7"><span class='ocrx_word' id='word_1_830' title='bbox 2608 5541 2768 5585; x_wconf 86' lang='lat' dir='ltr'><strong>arts.,</strong></span> <span class='ocrx_word' id='word_1_831' title='bbox 2798 5536 2904 5575; x_wconf 91' lang='lat' dir='ltr'><strong>etc.</strong></span> 
     </span>
    </p>
   </div>
   <div class='ocr_carea' id='block_1_109' title="bbox 2638 5588 4135 5664">
    <p class='ocr_par' dir='ltr' id='par_1_109' title="bbox 2638 5588 4135 5664">
     <span class='ocr_line' id='line_1_110' title="bbox 2638 5588 4135 5664; baseline -0.002 -18"><span class='ocrx_word' id='word_1_832' title='bbox 2638 5595 2713 5663; x_wconf 61' lang='grc' dir='ltr'><strong>(εἰ)</strong></span> <span class='ocrx_word' id='word_1_833' title='bbox 2742 5596 2801 5664; x_wconf 74' lang='grc' dir='ltr'><em>ᾋ</em></span> <span class='ocrx_word' id='word_1_834' title='bbox 2841 5590 2929 5642; x_wconf 83' lang='grc' dir='ltr'>δέ.</span> <span class='ocrx_word' id='word_1_835' title='bbox 2957 5590 3147 5658; x_wconf 83' lang='lat' dir='ltr'><strong>Aptius</strong></span> <span class='ocrx_word' id='word_1_836' title='bbox 3184 5592 3427 5664; x_wconf 89' lang='lat' dir='ltr'><strong>legemus</strong></span> <span class='ocrx_word' id='word_1_837' title='bbox 3461 5596 3511 5646; x_wconf 85' lang='grc' dir='ltr'>οἱ</span> <span class='ocrx_word' id='word_1_838' title='bbox 3541 5594 3620 5656; x_wconf 86' lang='grc' dir='ltr'><strong>δέ,</strong></span> <span class='ocrx_word' id='word_1_839' title='bbox 3649 5594 3734 5651; x_wconf 78' lang='lat' dir='ltr'><strong>vel</strong></span> <span class='ocrx_word' id='word_1_840' title='bbox 3761 5588 3889 5650; x_wconf 79' lang='grc' dir='ltr'>οἵδε,</span> <span class='ocrx_word' id='word_1_841' title='bbox 3927 5597 3985 5642; x_wconf 83' lang='grc' dir='ltr'><strong>ιιι</strong></span> <span class='ocrx_word' id='word_1_842' title='bbox 4012 5604 4135 5643; x_wconf 79' lang='lat' dir='ltr'><strong>mox</strong></span> 
     </span>
    </p>
   </div>
   <div class='ocr_carea' id='block_1_110' title="bbox 2570 5661 3029 5718">
    <p class='ocr_par' dir='ltr' id='par_1_110' title="bbox 2570 5661 3029 5718">
     <span class='ocr_line' id='line_1_111' title="bbox 2570 5661 3029 5718; baseline -0.004 -2"><span class='ocrx_word' id='word_1_843' title='bbox 2570 5661 2730 5718; x_wconf 76' lang='grc' dir='ltr'>οῦτοι.</span> <span class='ocrx_word' id='word_1_844' title='bbox 2765 5662 3029 5715; x_wconf 75' lang='lat' dir='ltr'><strong>St&#39;LBt‘Rc.</strong></span> 
     </span>
    </p>
   </div>
   <div class='ocr_carea' id='block_1_111' title="bbox 2641 5732 3203 5802">
    <p class='ocr_par' dir='ltr' id='par_1_111' title="bbox 2641 5732 3203 5802">
     <span class='ocr_line' id='line_1_112' title="bbox 2641 5732 3203 5802; baseline 0.005 -16"><span class='ocrx_word' id='word_1_845' title='bbox 2641 5735 2718 5802; x_wconf 83' lang='grc'><strong>(5)</strong></span> <span class='ocrx_word' id='word_1_846' title='bbox 2748 5732 2893 5798; x_wconf 83' lang='grc' dir='ltr'><strong>Γάρ.</strong></span> <span class='ocrx_word' id='word_1_847' title='bbox 2927 5733 3012 5795; x_wconf 85' lang='grc' dir='ltr'><strong>Δέ,</strong></span> <span class='ocrx_word' id='word_1_848' title='bbox 3046 5733 3203 5790; x_wconf 80' lang='lat' dir='ltr'><strong>Rom.</strong></span> 
     </span>
    </p>
   </div>
   <div class='ocr_carea' id='block_1_112' title="bbox 2638 5798 4132 5873">
    <p class='ocr_par' dir='ltr' id='par_1_112' title="bbox 2638 5798 4132 5873">
     <span class='ocr_line' id='line_1_113' title="bbox 2638 5798 4132 5873; baseline -0.001 -19"><span class='ocrx_word' id='word_1_849' title='bbox 2638 5798 2714 5873; x_wconf 68' lang='lat' dir='ltr'><strong>(tl</strong></span> <span class='ocrx_word' id='word_1_850' title='bbox 2757 5802 3220 5873; x_wconf 76' lang='grc' dir='ltr'>Ἀμαρτήσωμεν.</span> <span class='ocrx_word' id='word_1_851' title='bbox 3257 5801 3680 5873; x_wconf 79' lang='lat' dir='ltr'><strong>convenientius</strong></span> <span class='ocrx_word' id='word_1_852' title='bbox 3725 5798 4132 5873; x_wconf 50' lang='grc' dir='ltr'>ἀμαρτήῳμεν,</span> 
     </span>
    </p>
   </div>
   <div class='ocr_carea' id='block_1_113' title="bbox 2568 5867 4132 5947">
    <p class='ocr_par' dir='ltr' id='par_1_113' title="bbox 2568 5867 4132 5947">
     <span class='ocr_line' id='line_1_114' title="bbox 2568 5867 4132 5947; baseline -0.002 -19"><span class='ocrx_word' id='word_1_853' title='bbox 2568 5867 2731 5947; x_wconf 75' lang='lat' dir='ltr'><strong>indie.</strong></span> <span class='ocrx_word' id='word_1_854' title='bbox 2769 5867 2950 5947; x_wconf 52' lang='lat' dir='ltr'><strong>niozl&#39;o,</strong></span> <span class='ocrx_word' id='word_1_855' title='bbox 2979 5867 3048 5947; x_wconf 40' lang='lat' dir='ltr'><strong>:nt</strong></span> <span class='ocrx_word' id='word_1_856' title='bbox 3081 5867 3236 5947; x_wconf 61' lang='lat' dir='ltr'><strong>Vulg.</strong></span> <span class='ocrx_word' id='word_1_857' title='bbox 3269 5872 3392 5947; x_wconf 79' lang='lat' dir='ltr'><strong>Bih.</strong></span> <span class='ocrx_word' id='word_1_858' title='bbox 3437 5873 3591 5947; x_wconf 56' lang='lat' dir='ltr'><strong>Rntn.</strong></span> <span class='ocrx_word' id='word_1_859' title='bbox 3627 5885 3699 5922; x_wconf 80' lang='lat' dir='ltr'><strong>VI.</strong></span> <span class='ocrx_word' id='word_1_860' title='bbox 3734 5867 3938 5922; x_wconf 74' lang='lat' dir='ltr'><strong>Eadeltt</strong></span> <span class='ocrx_word' id='word_1_861' title='bbox 3962 5867 4132 5922; x_wconf 66' lang='grc' dir='ltr'>Βιυιια</span> 
     </span>
    </p>
   </div>
   <div class='ocr_carea' id='block_1_114' title="bbox 2567 5940 3771 6016">
    <p class='ocr_par' dir='ltr' id='par_1_114' title="bbox 2567 5940 3771 6016">
     <span class='ocr_line' id='line_1_115' title="bbox 2567 5940 3771 6016; baseline -0.006 -18"><span class='ocrx_word' id='word_1_862' title='bbox 2567 5945 2604 5998; x_wconf 87' lang='lat' dir='ltr'><strong>ll</strong></span> <span class='ocrx_word' id='word_1_863' title='bbox 2638 5945 2758 5996; x_wconf 69' lang='lat' dir='ltr'><strong>Cor.</strong></span> <span class='ocrx_word' id='word_1_864' title='bbox 2795 5959 2847 6007; x_wconf 73' lang='grc' dir='ltr'>ι’,</span> <span class='ocrx_word' id='word_1_865' title='bbox 2877 5945 2942 5996; x_wconf 68' lang='grc' dir='ltr'>τὰ</span> <span class='ocrx_word' id='word_1_866' title='bbox 2972 5945 3054 6000; x_wconf 66' lang='grc' dir='ltr'>διὰ</span> <span class='ocrx_word' id='word_1_867' title='bbox 3087 5940 3479 6016; x_wconf 56' lang='grc' dir='ltr'>τοῦνσώματος.</span> <span class='ocrx_word' id='word_1_868' title='bbox 3512 5940 3771 5995; x_wconf 67' lang='lat' dir='ltr'><strong>Suntne.</strong></span> 
     </span>
    </p>
   </div>
  </div>
