4484 6586
917 438 1054 492 1167

2078 438 2467 522 CLEMENTIS
2504 441 2977 498 ALEXANDRINI

3946 530 3952 536 _
4025 452 4171 509 me

913 558 1060 615 Mors
1088 570 1268 617 autem
1309 561 1506 616 anima:
1539 561 1741 617 dicitur
1773 575 2078 634 peccatum.
2120 563 2301 631 Quare
2334 575 2492 620 caute
2519 570 2566 626 Α
2598 566 2684 637 μέ]

2402 575 2492 620 ute
2519 570 2566 626 Α
2598 566 2793 637 μέχρις
2817 567 2881 621 ἂν
2907 568 2961 619 at!
2988 566 3273 637 ἐπιθυμίαι
3295 571 3575 642 ἐνεργῶσι,
3610 593 3630 626 ι
3659 574 3757 628 Διὰ
3787 571 3946 627 τοῦτο
3973 572 4170 645 ὥσπερ

912 660 969 706 et
1005 653 1345 708 considerate
1384 654 1675 723 respondet
1715 652 2015 712 Dominus:
2063 673 2083 707 ι
2119 654 2487 727 Quoadusque

911 745 1217 814 pepererint
1239 744 1511 809 mulieres,
1543 764 1561 798 ι
1592 744 1695 799 hoc
1725 756 1829 812 est,
1856 746 2092 817 quandiu
2120 749 2488 817 operabuntur

912 837 1251 905 cupiditates.
1289 856 1306 888 ι
1343 835 1409 891 Et
1439 837 1558 891 ideo
1589 838 2045 905 quemadmodum
2076 854 2171 909 per
2199 857 2364 895 unum
2395 840 2489 895 ho-

912 929 1112 982 minem
1142 938 1423 998 peccatum
1467 930 1771 997 ingressum
1812 941 1895 987 est
1941 932 1993 985 in
2040 933 2341 996 mundum,
2394 949 2487 1001 per

910 1029 1192 1092 peccatum
1232 1037 1450 1091 quoque
1485 1035 1634 1074 mors
1669 1022 1736 1076 ad
1778 1038 1968 1077 omnes
2005 1023 2254 1080 homines
2298 1040 2486 1095 perva-

912 1115 1003 1179 sit,
1048 1126 1314 1182 quatenus
1341 1129 1530 1168 oznnes
1563 1125 1956 1184 peccaverunt;
1988 1124 2042 1170 et
2071 1118 2311 1185 regnavit
2338 1132 2486 1173 mors

911 1206 981 1259 ab
1008 1205 1179 1260 Adam
1211 1220 1382 1274 usque
1413 1205 1479 1258 ad
1512 1204 1731 1276 Moysen
1780 1216 1807 1244 ι
1829 1246 1844 1269 ,
1884 1223 1903 1255 ι
1949 1206 2127 1275 inquit
2155 1206 2481 1274 Apostolus:

911 1297 1148 1351 naturali
1178 1306 1357 1350 autem
1388 1297 1586 1351 divinae
1613 1296 1931 1352 (economixe
1957 1299 2276 1353 necessitate
2332 1315 2484 1356 mors

910 1390 1155 1456 sequitur
1187 1390 1615 1458 generationem:
1651 1399 1704 1443 et
1744 1391 1987 1458 corporis
2029 1399 2081 1444 et
2120 1391 2315 1446 animae
2355 1409 2486 1447 con—

903 1478 1240 1548 junctinnem
1289 1481 1638 1549 consequitur
1704 1497 1893 1536 eorum
1953 1482 2259 1536 dissolutio.
2312 1482 2367 1538 Si
2403 1492 2485 1540 est

907 1580 1089 1624 autem
1120 1580 1340 1640 propter
1368 1570 1673 1625 doctrinam
1711 1583 1765 1626 et
1803 1572 2131 1642 agnitionem
2174 1576 2481 1643 generatio,

904 1662 1270 1718 restitutionis
1303 1678 1468 1719 causa
1503 1663 1606 1719 erit
1636 1664 1941 1719 dissolutio.
1983 1663 2269 1730 Quomodo
2302 1677 2481 1721 autem

905 1753 1250 1807 existimatur
1290 1756 1487 1808 mulier
1519 1771 1681 1809 causa
1729 1755 1921 1810 mortis
1948 1794 1962 1817 ,
2011 1767 2297 1826 propterea
2336 1759 2481 1827 quod

2589 656 2655 711 δι’
2689 659 2805 722 ἐνὸς
2846 656 3128 731 ἀνθρώπου
3178 661 3211 728 ή
3250 661 3492 733 ἁμαρτία
3518 668 3599 731 είς
3634 667 3726 721 τὸν
3751 666 3955 737 κόσμον
3982 664 4170 734 εἰσῆλ-

2590 747 2649 801 θε
2668 788 2684 811 ,
2737 749 2831 803 καὶ
2864 747 2950 800 διὰ
2984 748 3086 818 τῆς
3106 751 3383 824 ἁμαρτίας
3405 755 3433 805 ὁ
3458 753 3686 823 θάνατος
3710 759 3823 831 (12)
3850 759 3931 822 εἰς
3954 757 4169 822 πάντας

2587 838 2904 912 ἀνθρώπους
2927 838 3157 910 διῆλθεν,
3182 843 3266 913 ἐφ’
3299 835 3342 911 ᾧ
3371 845 3571 911 πάντες
3597 851 3844 924 ἥμαρτον
3864 869 3878 882 ·
3922 850 4016 906 καὶ
4051 848 4169 922 (15)

2588 930 2927 984 ἐϐασίλευσεν
2959 932 2988 983 ὁ
3034 930 3260 998 θάνατος
3284 934 3392 988 ἀπὸ
3419 935 3591 1007 Ἀδὰμ
3615 940 3773 1011 μέχρι
3813 942 4112 1004 Μωῦσέως,
4138 960 4161 993 ι

2589 1025 2752 1094 φησὶν
2775 1025 2803 1076 ὁ
2826 1022 3168 1089 Ἀπὸστολοςο
3203 1030 3402 1099 φυσικῇ
3434 1027 3491 1081 δὲ
3531 1029 3746 1103 ἀνάγκῃ
3777 1033 3926 1098 θείας
3957 1036 4167 1091 οἰκονο-

2590 1116 2719 1184 μίας
2746 1114 2954 1183 γενέσει
3000 1112 3225 1182 θάνατος
3262 1118 3483 1172 ἕπεται·
3511 1118 3601 1171 καὶ
3634 1122 3835 1190 συνόδῳ
3860 1123 4037 1195 ψυχῆς
4073 1125 4171 1178 καὶ

2590 1205 2837 1275 σώματος
2874 1206 2907 1275 ή
2949 1203 3153 1258 τούτων
3193 1208 3432 1272 διάλυσις
3466 1206 3762 1261 ἀκολουθεῖ.
3795 1211 3856 1263 Εἰ
3896 1212 3951 1264 δὲ
3978 1214 4168 1267 ἕνεκεν

2590 1296 2875 1369 μαθήσεως
2912 1295 3006 1347 καὶ
3045 1297 3393 1366 ἐπιγνώσεως
3424 1303 3456 1371 ἡ
3498 1299 3730 1368 γένεσις,
3780 1302 4171 1360 ἀποκαταστάν-

2588 1404 2724 1450 σεως
2747 1388 2802 1440 δὲ
2830 1386 2938 1455 (11)
2970 1388 3002 1458 ή
3036 1387 3278 1455 διάλυσις
3299 1409 3312 1422 ·
3350 1391 3424 1455 ώς
3463 1390 3519 1444 δὲ
3547 1391 3694 1444 αἰτία
3722 1389 3952 1443 θανάτου
3990 1394 4078 1448 διὰ
4104 1396 4168 1448 τὸ

2584 1477 2786 1530 τίκτειν
2809 1479 2841 1549 ή
2876 1479 3011 1548 γυνὴ
3041 1479 3344 1550 νομίζεται,
3369 1482 3511 1535 οὕτω
3539 1483 3629 1535 καὶ
3651 1481 3793 1552 ζωῆς
3816 1483 3906 1536 διὰ
3934 1483 4032 1556 τὴν
4068 1488 4167 1538 αὐ-

2583 1569 2681 1638 τὴν
2705 1569 2881 1622 αἰτίαν
2918 1569 3238 1643 λεχθήσεται
3272 1575 3512 1645 ἡγεμών.
3542 1573 3800 1645 Αὑτίκαή
3838 1578 4164 1649 προκατάρο

2585 1658 2722 1724 ξασα
2753 1660 2853 1730 τῆς
2882 1663 3248 1732 παραϐάσεως
3271 1667 3383 1736 (15)
3422 1686 3441 1719 t
3473 1667 3589 1738 ζωὴ
3619 1687 3638 1719 ι
3663 1664 3770 1737 (16)
3799 1667 4165 1737 προσηγορεύο

2584 1747 2647 1817 θη
2679 1746 2766 1800 διὰ
2793 1750 2891 1818 τὴν
2917 1750 3017 1820 τῆς
3048 1751 3295 1824 διαδοχῆς
3321 1756 3498 1809 αἰτίαν
3520 1795 3535 1820 ,
3572 1756 3677 1808 τῶν
3721 1772 3781 1807 τε
3806 1755 4164 1825 γεννωμένων

905 1844 1110 1911 pariat:
1142 1844 1215 1897 ita
1251 1844 1412 1897 etiam
1445 1844 1656 1897 dicetur
1687 1844 1794 1898 dux
1830 1845 1955 1899 vitm
1991 1856 2213 1915 prepter
2234 1849 2479 1903 eamdem
2518 1916 2541 1918 _
2581 1839 2676 1891 τῶκ

2394 1865 2479 1903 em
2518 1916 2541 1918 _
2581 1839 2689 1891 τῶν
2732 1856 2792 1892 τε
2842 1843 3261 1914 ἁμαρτανόντων
3299 1847 3409 1915 (17)
3440 1848 3682 1917 γίνεται,
3710 1847 3908 1918 ὁμοίως
3936 1847 4162 1902 δικαίων

904 1949 1147 1989 causam.
1201 1933 1436 1989 Proinde
1487 1950 1607 2004 quae
1652 1937 1800 2005 prior
1851 1939 2129 1993 inchoavit
2180 1949 2481 2009 transgres-
2514 1916 2655 1995 θὼς

2391 1956 2481 1994 ιεε-
2514 1916 2554 1970 Β
2580 1932 2655 1995 ὡς
2683 1932 2773 1985 καὶ
2796 1932 3015 1999 ἀδίκων,
3047 1936 3259 2008 μήτηρ,
3294 1938 3525 1991 ἑκάστου
3565 1939 3718 2010 ήμῶν
3746 1916 3948 1992 ἐαυτὸν
3986 1939 4162 1994 δικαι-

903 2024 1156 2089 sionem,
1211 2023 1337 2079 Vita
1391 2035 1475 2081 est
1530 2026 1793 2095 appellata
1843 2028 1909 2092 δ,
1974 2040 2192 2098 propter
2253 2045 2476 2084 causam

904 2114 1270 2171 successionis
1303 2125 1399 2171 :et
1452 2132 1676 2181 eorum,
1727 2119 1818 2186 qui
1875 2130 2221 2187 generantur,
2281 2129 2335 2174 et
2383 2123 2476 2191 qui

901 2214 1157 2275 peccant,
1213 2215 1322 2261 tam
1368 2209 1641 2276 justorum
1692 2224 1854 2278 quam
1908 2210 2266 2279 injustorum,
2308 2226 2478 2269 mater

902 2308 1014 2363 est,
1057 2313 1386 2368 unoquoque
1428 2309 1673 2354 nostrum
1715 2302 1952 2371 seipsum
1992 2302 2354 2373 justiﬁcante,
2390 2308 2475 2362 vel

900 2398 1089 2445 contra
1107 2391 1505 2446 inobedientem
1530 2395 1910 2448 constituente.
1931 2393 2084 2451 Unde
2107 2414 2214 2452 non
2230 2414 2330 2469 ego
2353 2400 2468 2469 qui-

902 2479 1025 2534 dem
1056 2480 1294 2535 arbitror
1328 2481 1647 2551 Apostolum
1680 2484 1977 2541 abhorrere
2020 2487 2216 2553 vitam,
2249 2504 2369 2557 qua:
2393 2499 2477 2544 est

907 2578 966 2636 >14
998 2572 1053 2627 in
1083 2588 1265 2636 carne,
1298 2588 1421 2627 cum
1454 2574 1586 2628 dicit
1614 2593 1628 2629 :
1667 2594 1685 2625 ι
1733 2575 1839 2630 Sed
1883 2578 1935 2631 in
1968 2580 2118 2633 omni
2162 2579 2378 2646 ﬁducia,
2414 2588 2476 2635 ut

903 2679 1138 2733 semper,
1189 2680 1336 2719 nunc
1377 2681 1595 2735 quoque
1640 2667 1892 2723 Christus
1930 2669 2372 2740 magnilicabitur
2417 2670 2475 2726 in

903 2768 1133 2822 corpore
1182 2771 1325 2823 meo,
1377 2757 1490 2812 sive
1547 2773 1642 2826 per
1694 2758 1883 2824 vitam,
1930 2759 2043 2813 sive
2091 2776 2185 2830 per
2218 2771 2468 2818 mortem.

900 2839 1034 2895 Mihi
1064 2844 1209 2898 enim
1245 2846 1426 2900 vivere
1448 2847 1702 2901 Christus
1761 2858 1814 2902 et
1848 2849 1985 2902 mori
2020 2850 2253 2906 lucrum.
2288 2853 2344 2907 Si
2374 2870 2474 2909 au-

901 2944 1010 2987 tem
1045 2935 1226 2989 vivere
1270 2935 1325 2989 in
1361 2951 1545 3003 carne,
1585 2947 1640 2991 et
1674 2939 1777 2993 hoc
1813 2955 2031 3009 quoque
2076 2944 2209 2998 mihi
2262 2943 2472 3002 fructus

903 3025 1102 3093 operis,
1130 3026 1258 3094 quid
1290 3027 1482 3097 eligam
1526 3029 1734 3094 nescio,
1763 3037 1816 3084 et
1842 3040 2094 3086 coarctor
2133 3048 2200 3087 ex
2231 3034 2467 3103 duobus,

880 3114 1127 3182 ‘cupiens
1165 3115 1388 3178 resolvi,
1427 3124 1480 3169 et
1508 3131 1629 3170 esse
1666 3132 1792 3170 cum
1826 3117 2088 3173 Christo:
2125 3119 2296 3175 multo
2321 3122 2465 3176 enim

902 3202 1098 3258 melius
1130 3221 1143 3257 :
1176 3218 1396 3258 manere
1425 3213 1605 3257 autem
1635 3205 1687 3257 in
1722 3220 1908 3271 carne,
1941 3217 2027 3262 est
2065 3209 2240 3281 magis
2274 3226 2465 3266 neces-

2578 2022 2798 2088 οὖντος,
2841 2027 2874 2097 ἢ
2923 2026 3156 2097 ἔμπαλιν
3193 2030 3391 2102 ἀπειθῆ
3440 2030 3949 2096 κατασκευάζοντος.
3998 2032 4162 2088 Ὅθεν

2577 2115 2676 2184 οὐχ
2707 2115 2945 2187 ἡγοῦμαι
2973 2118 3147 2188 ἔγωγε
3183 2120 3548 2188 μυσάττεσθαι
3586 2122 3682 2193 τὴν
3724 2125 3781 2175 ἐν
3810 2124 3972 2193 σαρκὶ
4014 2124 4162 2194 ζωὴν

2577 2206 2667 2259 τὸν
2708 2208 3061 2274 Ἀπόστολον,
3110 2212 3344 2281 ὁπηνίκα
3392 2212 3458 2265 ἂν
3499 2217 3592 2285 φῇ·
3641 2234 3660 2266 ι
3712 2215 3850 2268 Ἀλλ’
3899 2217 3956 2269 ὲν
4009 2218 4162 2290 πάσῃ

2578 2298 2878 2369 παρρησίᾳ,
2907 2298 2983 2361 ὡς
3016 2300 3267 2364 πάντοτε,
3305 2301 3399 2353 καὶ
3422 2301 3515 2354 νῦν
3544 2303 4005 2375 μεγαλυνθήσεται
4025 2306 4159 2375 Χρι-

2580 2387 2704 2450 στὸς
2730 2389 2787 2441 ἐν
2825 2388 2904 2459 τῷ
2949 2387 3160 2458 σώματί
3194 2407 3295 2458 μου
3326 2392 3435 2442 είτε
3470 2391 3555 2444 διὰ
3580 2394 3724 2462 ζωῆς
3752 2395 3859 2446 εἴτε
3880 2394 3967 2447 διὰ
3991 2394 4158 2447 θανάο

2574 2495 2691 2531 του·
2729 2481 2850 2549 ἐμοὶ
2871 2479 2978 2550 γὰρ
3009 2480 3068 2531 τὸ
3095 2480 3192 2551 ζῇν
3224 2481 3476 2551 Χριστὸς,
3514 2484 3606 2534 καὶ
3631 2484 3689 2535 τὸ
3712 2485 4001 2537 ἀποθανεῖν
4024 2486 4154 2555 κέρ-

2574 2569 2681 2633 δος.
2724 2571 2786 2623 ΕΞ
2823 2570 2877 2623 δὲ
2901 2571 2960 2623 τὸ
2993 2569 3091 2641 ζῇν
3124 2570 3181 2621 ἐν
3218 2569 3409 2640 σαρκὶ,
3438 2572 3527 2623 καὶ
3560 2572 3672 2639 (18)
3710 2572 3865 2624 τοῦτὸ
3893 2592 3981 2642 μοι
4017 2593 4157 2645 καρ-

2576 2662 2675 2726 πὸς
2692 2662 2872 2732 ἔργου·
2901 2662 2953 2714 τί
2986 2662 3301 2732 αἱρήσομαι,
3345 2662 3404 2713 οὐ
3449 2661 3700 2734 γνωρίζω
3722 2680 3736 2693 ·
3772 2665 4063 2734 συνέχομαί
4094 2684 4157 2721 τε

2574 2753 2637 2805 ἐκ
2667 2752 2773 2805 τῶν
2800 2752 2910 2815 δύο,
2928 2752 3025 2821 τὴν
3048 2751 3338 2821 ἐπιθυμίαν
3365 2751 3502 2821 ἔχων
3531 2755 3609 2817 εἰς
3636 2754 3696 2806 τὸ
3722 2755 3983 2808 ἀναλῦσαι
4006 2797 4021 2818 ,
4061 2760 4157 2811 καὶ

2575 2847 2671 2898 σὺν
2709 2843 2925 2916 Χριστῷ
2947 2839 3102 2896 εἶναι·
3142 2843 3320 2915 πολλῷ
3347 2843 3456 2914 γὰρ
3491 2847 3753 2915 κρεῖττον·
3784 2845 3843 2896 τὸ
3869 2845 3925 2897 δὲ
3954 2846 4154 2916 ἐπιμέ-

2574 2955 2682 2991 νειν
2715 2939 2778 3007 τῇ
2818 2936 2978 3006 σαρκὶ
3021 2935 3443 3006 ἀναγκαιότερον
3482 2935 3549 2987 δι’
3590 2935 3754 3004 ὑμᾶς·
3792 2954 3811 2987 ι
3854 2937 4157 3003 ἐνεδείξατο

2571 3026 2707 3098 γάρ,
2757 3021 2939 3096 οἶμαι,
2990 3024 3079 3079 διὰ
3101 3026 3304 3079 τούτων
3344 3026 3531 3095 σαφῶς
3572 3028 3671 3098 τῆς
3713 3027 3812 3097 μὲν
3844 3025 4024 3091 ἐξόδου
4055 3029 4155 3083 τοῦ

2572 3117 2820 3188 σώματος
2845 3117 2943 3188 τὴν
2970 3116 3107 3189 πρὸς
3138 3117 3270 3170 Θεὸν
3300 3117 3521 3188 ἀγάπην
3550 3117 3823 3170 τελείωσιν
3854 3114 4017 3179 εἶναι,
4054 3119 4156 3189 τῆς

2569 3213 2624 3266 δὲ
2657 3215 2713 3266 ἐν
2753 3212 2914 3284 σαρκὶ
2938 3213 3237 3283 παρουσίας
3260 3213 3358 3281 τὴν
3384 3211 3702 3282 εὐχάριστον
3726 3210 3813 3263 διὰ
3833 3213 3957 3275 τοὺς
3982 3212 4155 3283 σωθῆ-

899 3294 1106 3347 sarium
1157 3304 1378 3364 prepter
1434 3310 1531 3349 vos
1551 3306 1598 3348 ο.
1633 3315 1652 3347 ι
1691 3294 1791 3349 Per
1839 3297 1953 3353 haac
1998 3301 2166 3362 enim,
2214 3311 2272 3355 ut
2314 3314 2465 3371 puto,
2495 3271 2541 3332 Ο
2569 3323 2654 3358 ναι

2390 3314 2465 3368 ιο,
2495 3271 2541 3332 c
2569 3323 2654 3358 ναι
2682 3271 2965 3375 δεομένους
2992 3271 3287 3373 ὑπομονήν.
3318 3302 3383 3355 Τί
3409 3302 3499 3367 ac;
3526 3301 3645 3371 οὐχὶ
3679 3302 3769 3353 καὶ
3800 3300 3866 3352 τά
3891 3301 4018 3370 ἑξῆς
4041 3301 4154 3355 τῶν

899 3393 1086 3454 aperte
1116 3386 1375 3448 ostendit,
1408 3387 1588 3441 exitus
1619 3386 1839 3456 quidem
1871 3403 1901 3441 e
1929 3403 2155 3458 corpore
2178 3391 2469 3459 perfectio—

898 3489 1047 3539 nem,
1071 3490 1191 3529 esse
1223 3476 1277 3529 in
1308 3474 1398 3529 Dei
1432 3476 1781 3531 dilectionem
1809 3497 1822 3531 :
1848 3478 1969 3547 ejus
2005 3488 2186 3534 autem
2231 3497 2467 3552 praesen-

897 3563 986 3619 tia:
1015 3564 1068 3618 in
1113 3581 1297 3630 carne,
1345 3581 1411 3620 ex
1448 3575 1603 3637 grato
1635 3569 1823 3622 animo
1875 3568 2174 3639 profectam
2229 3572 2466 3628 toleran-

898 3658 1051 3720 tiam,
1084 3666 1309 3727 propter
1333 3674 1450 3724 eos,
1481 3660 1576 3729 qui
1623 3661 1797 3716 salute
1829 3661 2094 3733 indigent.
2124 3662 2267 3730 Quid
2299 3667 2466 3720 vero?

898 3765 1006 3803 non
1035 3749 1196 3804 etiam
1218 3766 1303 3812 ea,
1334 3766 1457 3819 quae
1485 3752 1741 3820 deinceps
1769 3763 2093 3823 sequuntur,
2130 3770 2192 3809 ex
2231 3756 2319 3818 iis,
2343 3773 2465 3826 quae

895 3843 1041 3898 dicta
1090 3853 1218 3898 sunt
1257 3843 1323 3898 ad
1377 3845 1652 3911 Salomen,
1691 3845 1849 3915 195
1890 3846 2229 3917 subiungunt
2273 3847 2331 3913 ii,
2368 3849 2464 3918 qui

894 3935 1112 4005 quidvis
1139 3935 1319 4004 potius
1356 3951 1519 4005 quam
1584 3951 1706 4004 qua:
1739 3945 1821 3990 est
1852 3953 1916 3991 ex
1952 3940 2196 4003 veritate,
2230 3954 2462 4011 evange-

895 4023 1052 4079 licam
1087 4024 1325 4093 regulam
1355 4034 1483 4078 sunt
1511 4026 1730 4079 secuti?
1761 4024 1899 4080 Cum
1935 4042 1999 4081 ea
2025 4027 2170 4082 enim
2198 4028 2460 4084 dixisset:

899 4132 919 4166 ι
951 4114 1116 4170 Recte
1137 4130 1263 4185 ergo
1295 4114 1417 4181 feci,
1451 4131 1573 4185 qua:
1598 4131 1703 4170 non
1733 4117 1914 4186 peperi
1944 4135 1957 4170 :
2000 4136 2017 4167 ι
2058 4118 2287 4183 scilicet,
2319 4119 2462 4188 quod

893 4208 1170 4275 generatio
1203 4223 1313 4262 non
1358 4217 1503 4263 esset
1550 4219 1608 4262 ut
1652 4217 1865 4277 oportet
1910 4220 2225 4278 assumpta;
2263 4210 2463 4278 excipit

895 4295 1177 4360 Dominus,
1218 4299 1446 4354 dicens:
1498 4318 1517 4350 ι
1553 4299 1712 4354 Omni
1765 4301 1934 4357 herba
1981 4317 2223 4366 vescere,
2256 4317 2320 4357 ea
2372 4319 2462 4356 au-

895 4398 1024 4452 tem,
1063 4405 1184 4459 quae
1213 4391 1370 4444 habet
1414 4393 1849 4457 amaritudinem,
1898 4409 1967 4448 ne
2012 4396 2272 4449 vescaris.
2304 4415 2323 4448 ι
2360 4394 2460 4449 Per

895 4480 1008 4536 hac
1029 4486 1169 4536 enim
1203 4483 1491 4553 signiﬁcat,
1517 4498 1637 4538 esse
1664 4484 1716 4537 in
1748 4494 1931 4542 nostra
1955 4492 2238 4554 potestate,
2269 4496 2323 4542 ct
2349 4502 2457 4540 non

2569 3397 2704 3469 πρὸς
2729 3393 2991 3465 Σαλώμην
3015 3392 3318 3464 εἰρημένων
3343 3392 3689 3464 ἐπιφέρουσιν
3729 3392 3775 3443 οἱ
3808 3391 3984 3443 πάντα
4012 3392 4155 3461 μᾶλα

2566 3486 2654 3539 λον
2678 3486 2710 3557 ἢ
2738 3485 2815 3555 τῷ
2835 3484 2975 3538 κατὰ
3001 3484 3099 3553 τὴν
3126 3482 3380 3554 ἀλήθειαν
3406 3480 3743 3551 εὐαγγελικῷ
3762 3485 4153 3552 στοιχήσαντες

2567 3577 2783 3640 κανόνι;
2830 3574 3080 3645 Φαμένης
3124 3574 3234 3644 γὰρ
3275 3574 3443 3645 αὐτῆς
3465 3592 3477 3605 ·
3512 3594 3530 3625 ι
3564 3574 3758 3637 Καλῶς
3783 3571 3875 3628 οὖν
3912 3577 4148 3647 ἐποίησα

2569 3667 2643 3737 μὴ
2674 3663 2925 3719 τεκοῦσα·
2955 3682 2972 3715 ι
3015 3662 3091 3724 ὡς
3135 3663 3195 3715 οὗ
3246 3662 3474 3726 δεόντως
3522 3663 3617 3733 τῆς
3656 3665 3922 3731 γενέσεως
3967 3683 4150 3735 παρα-

2564 3756 3013 3829 λαμϐανομὲνης,
3052 3754 3334 3825 ἀμείϐεται
3375 3754 3547 3823 λέγων
3588 3755 3872 3827 ὁΚύριος·
3910 3774 3927 3804 ι
3958 3756 4149 3809 Πᾶσαν

2567 3850 2705 3919 φάγε
2748 3848 2994 3918 βοτάνην·
3032 3847 3129 3917 τὴν
3162 3846 3216 3899 δὲ
3245 3847 3468 3918 πικρίαν
3498 3846 3722 3917 ἔχουσαν
3749 3849 3822 3918 μὴ
3853 3848 4032 3918 φάγῃς
4054 3867 4065 3878 ·
4114 3871 4134 3901 ο

2567 3938 2821 4010 σημαίνει
2849 3936 2956 4008 γὰρ
2989 3938 3082 3989 καὶ
3108 3936 3194 3990 διά
3225 3936 3447 4001 τούτων,
3477 3939 3560 4007 ἐφ’
3586 3940 3716 4009 ἡμῖν
3742 3934 3901 3999 εἶναι,
3932 3939 4025 3990 καὶ
4040 3940 4144 3990 οὐκ

2565 4031 2623 4095 ἐξ
2655 4035 2919 4099 ἀνάγκης,
2950 4028 3088 4081 κατὰ
3114 4027 3347 4081 κώλυσιν
3367 4029 3587 4099 ἐντολῆς
3608 4071 3621 4094 ,
3658 4031 3775 4101 ἤτοι
3815 4029 3911 4100 τὴν
3942 4030 4145 4099 ἐγκρά-

2563 4138 2715 4174 τειαν
2751 4121 2786 4191 ἢ
2829 4121 2922 4173 καὶ
2960 4120 3049 4172 τὸν
3084 4120 3278 4191 γάμον·
3312 4120 3405 4175 καὶ
3443 4122 3525 4174 ὅτι
3552 4123 3580 4173 ὁ
3606 4123 3781 4190 γάμος
3818 4122 4141 4191 συνεργάζε-

2562 4210 2650 4264 ταί
2683 4227 2736 4262 τι
2771 4212 2837 4280 τῇ
2876 4211 3067 4275 κτίσει,
3097 4212 3537 4283 προσδιασαφῶν.
3572 4213 3661 4281 Μή
3695 4212 3813 4262 ποτ’
3840 4206 3931 4263 οὖν
3962 4212 4141 4283 ἀμάρ-

2561 4302 2711 4372 τημά
2740 4318 2823 4364 τις
2843 4301 3076 4371 ἡγείσθω
3123 4304 3212 4357 τὸν
3247 4305 3423 4373 γάμον
3466 4305 3556 4356 τὸν
3591 4300 3727 4354 κατὰ
3755 4301 3949 4370 Λόγον,
3978 4304 4025 4355 εί
4062 4306 4139 4377 μὴ

2564 4389 2766 4461 πικρὰν
2795 4391 2907 4460 (19)
2946 4392 3314 4463 ὑπολαμϐάνει
3344 4391 3747 4461 παιδοτροφίαν·
3787 4390 4001 4457 πολλοῖς
4025 4396 4138 4468 γάρ

2562 4480 2794 4552 ἔμπαλιν
2818 4482 3039 4535 άτεκνία
3064 4484 3457 4554 λυπηρότατον·
3492 4482 3615 4551 μήτ’
3645 4480 3709 4535 ἂν
3744 4483 3853 4552 (20)
3889 4486 4062 4557 πικρά
4098 4490 4132 4558 ἡ

892 4586 1011 4626 esse
1040 4573 1406 4626 necessarium
1433 4589 1500 4627 ex
1526 4573 1891 4642 prohibitione
1913 4577 2188 4645 praecepti,
2210 4578 2296 4631 vel
2325 4593 2457 4633 con-
2492 4612 2533 4665 ο
2564 4594 2663 4629 παιι

2363 4593 2457 4631 on-
2492 4612 2533 4665 ο
2564 4576 2869 4631 παιδοποιία
2893 4578 3142 4650 φαίνηταί
3176 4596 3309 4642 τινι,
3344 4578 3802 4648 μεταπερισπῶσα
3841 4581 3948 4635 τῶν
3974 4583 4134 4636 θείων

968 4721 994 4751 ι
1023 4707 1177 4763 Rom.
1211 4722 1263 4772 ν,
1297 4705 1497 4759 12-11.
1575 4706 1603 4745 ιι
1632 4705 1769 4761 Gcn.
1796 4722 1877 4773 ιιι,
1910 4706 2001 4762 20.
2068 4714 2127 4772 >14
2157 4708 2218 4761 P.
2248 4709 2347 4763 5H
2387 4708 2494 4761 ΕΒ.
2526 4707 2739 4763 POTTE

2387 4708 2494 4761 ΕΒ.
2526 4707 2821 4776 POTTER,
2857 4712 2980 4777 455,
3014 4713 3122 4767 454
3154 4711 3262 4765 ED.
3291 4709 3516 4764 PARIS.
3594 4723 3618 4750 θ
3650 4691 3843 4784 Philip.
3871 4733 3911 4782 ι,
3939 4716 4126 4771 Ξθοὲι.

956 4865 1071 4988 312)
1100 4865 1381 4929 Θάνατος.
1409 4862 1546 4918 Bibl.
1572 4864 1795 4928 addunt,
1837 4863 1929 4915 καὶ
1954 4862 2126 4927 οὕτως
2151 4865 2229 4928 είς
2256 4865 2463 4927 πάντας

991 4935 1202 4988 ρώπους
1222 4938 1251 4987 ὁ
1280 4935 1531 4988 θάνατος·
1564 4936 1706 4988 anod
1734 4934 2063 4987 commation
2097 4950 2191 4988 uer
2212 4936 2463 4988 librario-

889 4935 1202 5019 ἀνθρώπους
1222 4938 1251 4987 ὁ
1280 4935 1531 5016 θάνατος·
1564 4935 2063 5019 quodnc'omtnation
2096 4950 2191 5015 per
2212 4936 2464 5016 librario-

885 5003 1009 5132 ;uni
1041 5007 1415 5075 negligentiam
1456 5015 1667 5075 propter
1715 5003 1940 5067 θάνατος
1986 5005 2270 5074 repetitum
2311 5004 2460 5060 exci—

925 5079 1032 5131 iSse
1063 5079 1291 5127 videtur.

985 5146 1070 5215 15)
1100 5147 1229 5198 Καί.
1248 5144 1387 5196 Ἀλλ’
1410 5145 1566 5197 Rom.

983 5217 1067 5278 14)
1095 5213 1182 5268 Δέ.
1220 5213 1403 5284 Malim
1434 5214 1520 5284 δή.
1558 5281 1566 5284 4

953 5281 1068 5406 (ιῇ
1100 5281 1511 5366 Πᾳραϐάσεωςέ.
1555 5281 1850 5368 l‘iespicere~
1893 5285 2103 5339 videtur
2146 5287 2161 5339 Ι
2215 5284 2361 5371 ἸἸιιιζ
2395 5302 2456 5347 ιι,

972 5373 986 5406 :
1070 5354 1129 5406 ai.
1172 5353 1326 5406 Αδάυ.
1349 5353 1447 5405 οὐκ
1474 5355 1746 5406 ἠπατήθη·
1772 5356 1803 5406 ’ἢ
1822 5354 1878 5406 οὲ
1910 5355 2063 5406 γυνὴ.
2091 5356 2452 5406 ἁπαπθεισα.

882 5353 986 5438 μὶ
1020 5353 1326 5438 Καὶηᾉδάμ
1349 5353 1447 5438 οὐκ
1474 5355 1746 5423 ἠπατήθη·
1772 5354 1878 5423 ἠδὲ
1910 5355 2063 5426 γυνὴ,
2091 5356 2452 5424 άπαιηθεῖσα,

876 5429 935 5479 ἐν
972 5423 1519 5495 παραϐάσειγέγονε.
2031 5423 2041 5426 ⁷
2265 5423 2273 5424 “

952 5495 1066 5563 (l6)
1101 5495 1249 5559 Ζωή.
1286 5493 1361 5548 De
1390 5493 1514 5549 Eva:
1556 5493 1915 5563 appellatione
1947 5495 2000 5548 in
2029 5497 2278 5550 eamdem
2324 5509 2447 5563 sen-

877 5566 1107 5618 tentiam
1157 5563 1311 5634 ini_r_a_
1340 5580 1555 5634 quoque
1580 5562 1826 5634 tiletninit
1854 5574 2040 5618 auctor
2089 5580 2142 5634 p.
2174 5563 2294 5627 197,
2322 5562 2446 5634 Qui.

879 5646 935 5712 et
964 5634 1116 5712 Phila
1134 5629 1333 5712 3.156:
1352 5630 1417 5712 l_l.
1437 5629 1865 5712 S'vLBZ—Genes.
1894 5647 1991 5712 _tn,
2017 5629 2139 5712 ξὶσε
2170 5634 2280 5712 lia}:
2317 5633 2445 5712 ἐκά-

880 5703 1031 5757 λεσεν
1070 5703 1239 5772 Ἀδάμ
1269 5701 1330 5753 τὸ
1359 5704 1524 5770 ὄνομα
1554 5705 1654 5772 τῆς
1693 5703 1948 5772 γυναικὸς
1979 5703 2142 5756 αὐτοῦ
2177 5702 2331 5773 Ζωὴ,
2365 5705 2446 5755 ὅτι

884 5776 1063 5826 μήτηρ
1091 5773 1306 5826 πάντων
1337 5771 1444 5823 τῶν
1472 5772 1702 5826 ζώντων.

882 5791 1063 5894 μήτηρ
1091 5791 1306 5826 παντων
1337 5791 1444 5823 των
1472 5791 1702 5835 ςωντων.

956 5845 1003 5905 (1
1048 5845 1064 5909 )
1105 5843 1591 5912 Ἂμαρτανόντων.
1643 5842 1864 5899 Videtur
1915 5842 2195 5913 legendum
2247 5842 2445 5895 ἀποθα-

2569 4868 2783 4923 νόντων.
2821 4871 3045 4926 Low'rn.

2639 4941 2749 5012 (18)
2780 4943 2905 4995 Καί.
2941 4943 3106 4993 ΑΙν·ει
3149 4954 3179 5012 a_
3204 4935 3457 5012 Ph_ilipp.,
3491 4938 3581 5012 ubi
3622 4956 3768 4999 mox.
3805 4944 3906 5012 aut
3928 4941 3981 5012 τί
4011 4941 4122 5012 αίρ.

2569 5007 2740 5075 Dein,
2785 5012 3077 5080 συνέχομαι
3122 5007 3339 5080 γὰρ-ἐκ
3382 5025 3431 5080 τ.
3488 5007 3749 5068 Rursum.
3799 5010 3975 5079 πολλῷ
4019 5011 4125 5077 γάρ

2570 5080 2763 5148 μᾶλλον
2791 5076 2959 5152 κρείτ.
2982 5076 3228 5152 tati-lem.
3249 5076 3519 5145 ἐπιμένειν
3551 5081 3609 5133 ἐν
3638 5084 3703 5151 τῇ
3734 5098 3784 5134 σ.

2634 5151 2740 5219 (19)
2773 5142 3016 5219 Πῖκράνξ
3054 5146 3249 5219 Eadem
3272 5142 3402 5200 voce
3430 5164 3563 5219 usus
3593 5142 3809 5205 est"hac
3840 5149 3892 5201 in
3920 5161 3979 5199 re
4012 5142 4126 5196 Me—

2565 5215 2768 5276 nander
2803 5215 2944 5290 apud
2981 5215 3257 5269 Stobieum
3285 5230 3447 5285 serm.
3478 5218 3545 5271 74
3578 5239 3592 5272 ;

3274 5344 3288 5357 .
3326 5342 3343 5359 .
3376 5346 3389 5359 .
3429 5307 3502 5363 Ἦ
3532 5308 3621 5361 δεῖ
3644 5304 3749 5372 ζῇν
3769 5301 3975 5373 μόνον.

2663 5383 2731 5434 Ἡ
2754 5377 2976 5443 πατέρα
3000 5373 3225 5445 παίδων
3248 5377 3567 5431 ἀποθανειν
3593 5378 3989 5445 σνητωμένων·

2665 5452 2827 5504 mitto
2854 5447 2917 5501 τὸ
2939 5444 3086 5514 μετὰ
3112 5446 3271 5499 ταῦτ’
3295 5448 3423 5501 ἐστὶ
3456 5446 3560 5499 τοῦ
3580 5443 3725 5510 ,Βίου
3753 5443 3981 5509 πικρόν.

3256 5578 3269 5591 .
3317 5579 3331 5593 .
3377 5579 3391 5592 .
3571 5536 3742 5588 εα·ί’ὁί

2668 5609 2972 5667 Virendum,
3007 5616 3099 5658 aut
3124 5608 3295 5662 sobole
3324 5539 3832 5661 enatlr‘tl‘ifwriejidum
3854 5603 3994 5666 patri
4024 5619 4045 5655 :

2658 5679 2802 5733 Ach
2830 5686 2905 5728 est
2933 5676 3193 5742 acerbum,
3223 5677 3476 5749 quidquid
3502 5685 3579 5727 est
3607 5675 3727 5726 vita:
3754 5687 3925 5739 super.

2626 5773 2737 5838 (“30)
2768 5768 2911 5841 Μήτ’
2927 5768 3031 5841 ξεν,
3068 5770 3171 5825 Pro
3205 5773 3327 5841 μήτ’
3361 5772 3423 5824 ἄν
3462 5781 3571 5822 non
3602 5765 3783 5819 minus
3816 5774 3935 5834 apte
3969 5765 4116 5838 lege-

2554 5836 2857 5908 πριιιιίμήτ⁹
2886 5836 2969 5891 αὖ.
3003 5836 3261 5895 ὃϊιιιιιιίς.
