4484 6586
364 545 500 602 “69
1624 534 2060 593 STROMATUM
2093 534 2222 590 LIB.
2256 533 2342 591 Ill.
3448 525 3606 579 H70-

361 664 449 719 διὰ
476 664 571 727 τὰς
607 657 880 733 χρειώδεις
903 660 1173 730 ἀσχολίας.
1192 664 1283 736 Μὴ
1303 664 1483 734 φέρων
1511 661 1553 712 δ’
1588 654 1742 723 οὗτος
1768 659 1924 711 εὑκό-
1954 663 1999 721 Α
2028 658 2132 711 ιίιιε

1817 659 1924 711 ϋκό-
1954 663 1999 721 Α
2028 658 2333 723 tinentiam,
2364 657 2449 711 vel
2483 656 2650 711 etiam
2687 644 3116 717 matrimonium;
3147 661 3201 705 et
3225 648 3371 717 quod
3398 648 3588 703 matri-

362 755 469 819 λως
498 756 587 808 τὸν
619 751 825 823 μονήρη
861 751 999 821 βίον,
1031 755 1286 827 ἐπιθυμεῖ
1312 753 1404 807 τοῦ
1445 751 1650 820 γάμουο
1706 750 1825 804 ἐπεὶ
1864 750 1927 804 τὸ
2033 762 2133 801 moi

1814 760 1825 803 ι
1864 750 1927 804 τὸ
2033 747 2273 801 monium
2315 745 2583 803 creationi
2633 743 2836 813 aliquid
2885 741 3038 796 atl'ert
3083 738 3291 805 auxilii,
3327 746 3585 808 praeterea

363 848 651 916 εὐάρεστον
706 844 843 914 μετὰ
886 848 1234 919 σωφροσύνης
1285 843 1549 907 ἀϐλαϐὲς,
1603 844 1695 895 καὶ
1739 842 1925 914 κύριος
2030 855 2134 910 exp

1813 860 1925 914 ριος
2030 841 2328 910 explicans.
2365 840 2443 895 Ne
2460 839 2586 909 quis
2615 854 2743 909 ergo
2784 852 2911 893 eum
2949 834 3240 903 deliquisse
3287 831 3582 898 existimet,

361 941 587 999 ἕκαστος
613 936 767 1006 ἡμῶν
794 918 1045 1010 τυγχάνει
1077 943 1175 1012 τῆς
1206 938 1333 1008 περὶ
1362 937 1566 988 τέκνων
1596 936 1758 1006 γονῆς
1780 934 1929 1005 αἱρέ-
2031 933 2122 1002 qui

1819 934 1929 1005 ἱρέ-
2031 933 2122 1002 qui
2173 933 2473 989 secundum
2535 928 2719 1001 Logon
2773 926 3179 985 matrimonium
3221 924 3424 988 inierit,
3481 918 3587 976 nisi

363 1045 517 1089 σεως.
548 1027 760 1098 Συνορῶ
782 1030 827 1083 δ’
853 1032 1000 1097 ὅπως
1027 1037 1093 1105 τῇ
1126 1029 1396 1102 προφάσει
1425 1026 1517 1081 τοῦ
1550 1027 1727 1098 γάμου
1751 1028 1801 1079 οί
1827 1027 1925 1097 μὲν

363 1116 717 1186 ἀπισχημένοι
752 1121 859 1191 (2|)
897 1124 1084 1176 τούτου
1121 1121 1193 1191 μὴ
1233 1118 1373 1171 κατὰ
1404 1118 1502 1189 τὴν
1540 1118 1700 1186 ἁγίαν
1724 1117 1925 1186 γνῶσιν

364 1206 443 1266 εἰς
490 1206 899 1280 μισανθρωπίαν
934 1209 1315 1281 ὑπερίδύησαν,
1354 1206 1445 1259 καὶ
1479 1205 1540 1259 τὸ
1577 1206 1676 1276 τῆς
1709 1206 1925 1277 ἀγάπης

360 1295 562 1364 οἴχεται
590 1301 717 1369 παρ’
740 1303 938 1366 αὐτοῖς’
969 1303 1017 1354 oi
1045 1300 1120 1358 δὲ,
1156 1296 1499 1367 ὲνσχεθέντες
1518 1297 1611 1350 καὶ
1645 1296 1921 1369 ἡδυπαθή-

363 1401 547 1451 σαντες
585 1394 648 1461 τῇ
681 1392 775 1445 τοῦ
808 1394 973 1463 νόμου
1014 1390 1393 1460 συμπεριφορᾷ
1425 1388 1567 1457 (22),
1598 1387 1675 1452 ὥς
1705 1405 1865 1462 φησιν
1893 1392 1925 1445 ὁ

361 1474 670 1552 Προφήτης,
708 1481 1179 1555 παρωμοιώθησαν
1200 1481 1609 1551 τοῖςκτήνεσιν.

2029 1024 2304 1079 existimet
2364 1035 2605 1075 amaram
2678 1035 2799 1075 esse
2856 1018 3093 1071 ﬁliorum
3158 1011 3582 1067 educationem:

2025 1127 2215 1172 contra
2269 1123 2471 1175 tamen,
2520 1111 2799 1181 permultis
2850 1110 3060 1163 videtur
3101 1119 3223 1160 esse
3268 1100 3589 1157 molestissi-

2026 1224 2175 1263 mum
2214 1205 2402 1260 liberis
2440 1218 2640 1259 carere.
2676 1200 2861 1271 Neque
2900 1216 3083 1253 amara
3121 1197 3377 1265 cuiquam
3409 1191 3590 1245 vidca-

2027 1310 2119 1354 tur
2156 1298 2452 1352 liberorum
2492 1294 2817 1366 procreatio,
2855 1306 2920 1345 eo
2955 1290 3099 1359 quod
3145 1287 3374 1357 negotiis
3403 1280 3583 1351 impli-

2026 1403 2179 1445 catos
2212 1403 2243 1443 a
2282 1387 2478 1443 divinis
2505 1388 2805 1443 abstrahat.
2840 1382 2937 1438 Est
2964 1381 3133 1442 enim,
3168 1378 3261 1447 qui
3290 1376 3455 1429 vitam
3490 1388 3582 1426 so-

2026 1480 2266 1536 litariam
2313 1478 2468 1535 facile
2515 1479 2656 1535 ferre
2688 1494 2793 1533 non
2830 1476 3039 1537 valens,
3070 1471 3277 1542 expetit
3306 1467 3588 1522 matrimo-

359 1569 509 1621 nium
539 1589 552 1623 ε
584 1573 1018 1643 quandoquidem
1066 1585 1154 1624 res
1191 1579 1366 1640 grata,
1408 1586 1514 1641 qua
1561 1571 1683 1642 quis
1733 1581 2098 1643 temperanter
2148 1571 2371 1635 fruitur,
2408 1580 2463 1626 et
2505 1572 2725 1627 innoxia
2758 1591 2771 1626 :
2806 1579 2859 1626 et
2898 1568 3274 1638 unusquisque
3337 1570 3585 1618 nosmnn

356 1672 581 1718 eatenus
612 1666 695 1718 sui
725 1665 979 1719 dominus
1010 1670 1111 1721 est,
1147 1673 1207 1715 ut
1234 1661 1418 1732 eligat,
1447 1678 1514 1716 an
1550 1664 1678 1718 velit
1711 1665 1911 1719 liberos
1978 1678 2289 1734 procreare.
2342 1663 2589 1732 Intelligo
2635 1672 2836 1726 autem,
2902 1662 3045 1729 quod
3093 1656 3261 1725 aliqui
3313 1651 3530 1713 quidem
3566 1689 3582 1711 ν

362 1756 456 1824 qui
498 1767 759 1825 praetequ
830 1754 1165 1809 matrimonii
1214 1754 1585 1810 diﬂicultatum
1639 1758 1709 1813 ab
1764 1772 1830 1813 eo
1882 1757 2283 1820 abstinuerunt,
2335 1771 2445 1811 non
2495 1755 2875 1811 convenienter
2925 1760 3123 1807 sancta:
3181 1742 3472 1816 cognitioni
3518 1738 3584 1791 ad

358 1845 806 1904 inhumanitatem
845 1855 900 1901 et
933 1846 1118 1900 odium
1150 1846 1432 1903 hominum
1481 1848 1848 1915 deﬂuxerunt,
1904 1856 1959 1902 et
2008 1848 2149 1917 perit
2206 1846 2348 1917 apud
2389 1846 2537 1916 ipsos
2577 1844 2849 1910 charitas;
2898 1841 2989 1896 alii
3028 1848 3206 1893 autem
3237 1829 3585 1889 matrimonio

356 1939 525 2010 ligati,
553 1952 607 1996 et
647 1941 795 1996 luxui
846 1955 911 1993 ac
968 1940 1331 2011 voluptatibus
1385 1943 1551 2000 dediti
1587 1984 1604 2009 ,
1670 1943 1788 2014 lege
1840 1941 2244 2013 quodammodo
2290 1956 2386 1997 eos
2438 1941 2749 2004 comitante,
2792 1936 3033 2000 fuerunt,
3074 1939 3135 1989 ut
3179 1930 3255 1984 ait
3292 1925 3583 1997 Propheta.

362 2052 383 2084 ι
416 2032 699 2086 assimilati
724 2028 985 2100 iumentis
1014 2041 1063 2084 ι.
1103 2049 1123 2081 ι

1784 2144 2013 2203 CAPUT
2054 2144 2122 2197 X.

1242 2260 1405 2316 Verba
1432 2262 1630 2318 Christi
1654 2261 1846 2316 Matth.
1914 2274 2073 2323 xvm,
2102 2257 2197 2319 ‘20,
2227 2256 2443 2325 mystice
2461 2254 2692 2323 exponit.

421 2370 577 2431 Τίνες
600 2370 656 2421 δὲ
690 2388 709 2421 t
730 2372 777 2423 oi
804 2371 898 2423 δύο
927 2372 1021 2424 καὶ
1046 2376 1195 2446 τρεῖς
1220 2375 1576 2446 ὑπάρχουσιν,
1607 2378 1664 2430 ἐν
1695 2374 1917 2444 ὀνόματι
1947 2379 1992 2433 Β
2090 2369 2192 2438 Qui

1806 2389 1917 2427 ιατι
1947 2379 1992 2433 Β
2090 2369 2325 2438 Quinam
2360 2375 2491 2424 sunt
2523 2372 2704 2421 autem
2757 2363 2835 2418 illi
2865 2380 2886 2415 ι
2919 2361 3031 2416 duo
3070 2367 3125 2414 et
3152 2367 3284 2421 tres,
3314 2357 3409 2427 qui
3444 2371 3577 2411 cou-

352 2460 585 2531 Χριστοῦ
640 2462 1029 2533 συναγόμενοι,
1072 2483 1092 2515 ι
1133 2466 1263 2536 παρ’
1307 2460 1390 2529 οἷς
1434 2484 1452 2517 ι
1487 2464 1651 2535 μέσος
1697 2464 1846 2516 ἐστὶν
1888 2463 1919 2514 6
2019 2475 2123 2529 grel

1813 2480 1846 2515 ην
1888 2463 1919 2514 6
2019 2467 2311 2530 gregantur
2340 2459 2395 2514 in
2418 2472 2639 2513 nomine
2670 2454 2907 2517 Domini,
2934 2454 2988 2507 in
3018 2471 3038 2505 ι
3072 2464 3308 2522 quorum
3346 2451 3405 2511 Et
3426 2462 3445 2495 ι
3470 2462 3584 2499 tue-

352 2550 585 2621 Κύριος;
618 2569 637 2602 ι
675 2552 707 2622 ἢ
742 2553 863 2623 οὐχὶ
890 2554 1055 2626 ἄνδρα
1080 2557 1173 2609 καὶ
1199 2559 1430 2624 γυναῖκα
1456 2556 1551 2608 καὶ
1580 2555 1767 2607 τέκνον
1793 2553 1919 2617 τοὺς
2017 2552 2112 2607 dio

1810 2553 1919 2617 τοὺς
2017 2552 2112 2607 dio
2148 2570 2168 2604 ι
2208 2558 2292 2607 est
2335 2549 2599 2606 Dominus
2619 2549 2648 2589 ιι
2670 2549 2695 2602 ‘l
2717 2562 2899 2602 annon
2927 2545 3105 2600 virum
3135 2552 3189 2598 et
3217 2540 3498 2596 mulierem
3529 2548 3581 2592 et

350 2645 498 2713 τρεῖς
542 2640 722 2711 λέγεις
779 2645 863 2697 ὃτι
895 2646 1049 2718 ἀνδρὶ
1080 2648 1215 2719 γυνὴ
1266 2648 1354 2702 διὰ
1393 2646 1528 2701 Θεοῦ
1595 2647 1915 2719 ἁρμόζεται.
2018 2643 2121 2699 ﬁlim

1811 2664 1915 2700 ται.
2018 2643 2193 2699 ﬁlium
2238 2652 2349 2698 tres
2393 2641 2547 2707 dicit,
2595 2639 2856 2711 quoniam
2909 2637 3105 2692 mulier
3148 2650 3273 2689 cum
3318 2633 3438 2686 viro
3486 2646 3582 2699 per

366 2733 520 2787 Ἀλλὰ
554 2734 653 2788 κᾶν
682 2734 913 2801 εὔξωνὸς
959 2756 1045 2802 τις
1076 2735 1215 2792 εἶναι
1251 2739 1411 2811 θέλῃ,
1451 2741 1551 2809 οὐχ
1600 2738 1918 2810 αἱρούμενος
2017 2734 2128 2789 Deu

1811 2755 1918 2803 ενος
2017 2734 2189 2789 Deum
2238 2732 2625 2804 coniungitur?
2669 2730 2826 2796 Quod
2872 2729 2919 2784 si
2970 2727 3249 2783 accinctus
3289 2724 3415 2794 quis
3458 2736 3582 2776 esse

350 2825 449 2888 τὴν
500 2827 836 2882 παιδοποιίαν
887 2830 974 2883 διὰ
1017 2830 1114 2901 τὴν
1164 2832 1221 2882 ὲν
1265 2830 1579 2900 παιδοποιίᾳ
1624 2830 1915 2899 ἀσχολίαν,

351 2917 609 2982 Μενέτω,
647 2920 807 2991 φησιν
843 2923 871 2973 6
936 2921 1252 2985 Ἀπόστολος
1277 2959 1292 2983 ,
1332 2921 1542 2991 ἄγαμος
1588 2921 1699 2991 (25)
1721 2960 1736 2985 ,
1786 2939 1804 2973 t
1841 2921 1918 2985 ὡς

352 3007 523 3075 κάγώ.
550 3028 568 3060 ι
608 3010 895 3064 Βούλεσθαι
933 3013 1041 3081 γὰρ
1082 3012 1262 3081 λέγειν
1294 3012 1384 3065 τὸν
1430 3012 1631 3084 Κύριον
1664 3012 1917 3082 ἐξηγοῦν-

350 3113 456 3160 ται,
494 3100 629 3168 μετὰ
673 3102 773 3171 μὲν
811 3102 919 3155 τῶν
948 3102 1238 3169 πλειόνων,
1272 3104 1365 3157 τὸν
1409 3106 1743 3177 Δημιουργὺν
1777 3102 1912 3159 εἶναι

350 3188 439 3239 τὸν
470 3193 845 3263 γενεσιουργὸν
880 3194 1032 3255 Θεὸν,
1070 3195 1207 3264 μετὰ
1240 3196 1297 3249 δὲ
1340 3196 1432 3248 τοῦ
1464 3196 1599 3259 ἑνὸς,
1632 3196 1725 3249 τοῦ
1764 3196 1915 3249 ἐκλε-

351 3278 500 3341 κτοῦ,
529 3281 619 3333 τὸν
662 3285 907 3356 Σωτῆρα,
942 3285 1101 3338 ἄλλου
1131 3286 1370 3356 δηλονότι
1415 3287 1548 3340 Θεοῦ
1580 3286 1673 3340 τοῦ
1707 3286 1910 3355 ἀγαθοῦ

350 3367 476 3421 Υἱὸν
508 3372 802 3437 πεφυκότα.
837 3374 908 3425 Τὸ
935 3374 978 3425 δ’
1008 3375 1105 3444 οὐχ
1128 3375 1303 3439 οὕτως
1343 3375 1452 3446 ἔχει
1473 3394 1485 3407 ·
1523 3375 1637 3429 ἀλλ’
1668 3375 1780 3429 ἐστι
1814 3378 1911 3446 μὲν

350 3460 439 3511 καὶ
476 3462 611 3530 μετὰ
659 3463 766 3516 τῶν
812 3466 1099 3535 σωφρόνως
1142 3467 1437 3537 γημάντων
1476 3467 1567 3518 καὶ
1599 3484 1913 3539 τεκνοποιη-

350 3553 555 3605 σάντων
586 3556 613 3605 6
638 3554 765 3618 Θεὸς
790 3555 855 3607 δι’
892 3556 1021 3609 Υίοῦ
1040 3575 1052 3587 ·
1080 3557 1195 3610 ἔστι
1224 3558 1279 3611 δὲ
1314 3558 1408 3611 καὶ
1436 3557 1573 3628 μετὰ
1596 3558 1688 3610 τοῦ
1712 3560 1911 3630 ἐγκρα-

346 3646 675 3714 τευσαμένου
697 3646 925 3714 λογικῶς
940 3649 967 3699 6
992 3648 1151 3711 αὐτὸς
1168 3648 1425 3711 ὡσαύτως
1458 3648 1606 3712 Θεός.
1622 3643 1745 3701 Εἶεν
1769 3650 1811 3702 δ’
1842 3650 1907 3703 ἂν

2014 2825 2149 2878 velit
2186 2832 2240 2879 et
2280 2823 2588 2894 expeditus,
2622 2838 2734 2877 non
2786 2820 2976 2876 volens
3026 2832 3311 2889 procreare
3351 2814 3577 2878 liberos,

2018 2924 2242 2985 propter
2274 2927 2416 2978 eam,
2448 2928 2571 2983 qua:
2605 2921 2690 2967 est
2728 2912 2785 2965 in
2832 2908 3184 2981 procreandis
3214 2906 3423 2972 liberis,
3457 2920 3579 2959 mo-

2018 3009 2229 3063 lestiam
2260 3016 2314 3062 et
2340 3005 2774 3076 occupationem,
2817 3022 2839 3056 ι
2870 3011 3107 3065 maneat,
3136 3019 3156 3053 ι
3206 2998 3385 3068 inquit
3433 2996 3577 3065 Apo-

2014 3101 2209 3163 stolus,
2258 3099 2465 3169 absque
2525 3112 2695 3151 uxore
2750 3104 2858 3151 «ut
2911 3110 3010 3165 ego
3033 3105 3115 3149 ο.)
3167 3090 3398 3157 Quidam
3450 3103 3579 3143 vero

2013 3193 2237 3248 eﬂ'atum
2259 3190 2474 3246 Domini
2517 3196 2819 3259 exponunt,
2851 3202 2915 3241 ac
2949 3189 2994 3241 si
3026 3185 3274 3250 dixisset,
3308 3197 3431 3237 cum
3456 3180 3581 3251 plu-

2012 3283 2164 3337 ribus
2196 3281 2416 3352 quidem
2441 3293 2564 3335 esse
2591 3278 2905 3333 Creatorem
2952 3292 3017 3331 ac
3046 3274 3327 3346 praesidem
3353 3288 3578 3344 genera-

2012 3374 2180 3430 tionis
2215 3372 2423 3437 Deum;
2473 3386 2598 3425 cum
2628 3384 2741 3424 uno
2770 3377 2971 3433 autem,
3006 3382 3197 3436 nempe
3222 3366 3414 3433 electo,
3446 3362 3573 3419 Ser-

2013 3472 2278 3529 vatoreni,
2302 3461 2395 3531 qui
2435 3460 2683 3527 alterius,
2706 3459 2835 3514 boni
2880 3459 3105 3521 scilicet,
3139 3456 3235 3511 Dei
3265 3454 3435 3510 Filius
3481 3455 3571 3509 sit.

2012 3554 2127 3610 lloc
2175 3563 2355 3608 autem
2404 3568 2513 3607 non
2551 3552 2625 3607 ita
2669 3552 2873 3607 habet:
2902 3551 2995 3606 sed
3025 3559 3119 3618 ,est
3162 3549 3378 3619 quidem
3409 3548 3571 3603 etiam

2012 3665 2133 3702 cum
2169 3649 2258 3712 iis,
2284 3648 2376 3717 qui
2417 3648 2647 3702 honeste
2685 3660 2748 3699 ac
2795 3645 3072 3699 moderate
3117 3644 3171 3698 in
3222 3642 3576 3698 matrimonio

347 3738 440 3789 καὶ
456 3709 624 3801 ἄλλως
651 3742 697 3792 οί
725 3709 823 3808 μεν
842 3743 989 3812 τρεῖς
1019 3709 1309 3811 Θυμοςβι)
1330 3758 1387 3794 τε
1405 3709 1509 3793 ήκαὶ
1526 3709 1787 3813 ἐπιθυμία
1811 3746 1905 3799 καὶ
1934 3709 1975 3766 C
2009 3756 2118 3793 vers

1811 3709 1975 3799 καιὶο
2009 3740 2209 3793 versati
2269 3747 2416 3804 sunt,
2465 3750 2520 3791 et
2577 3737 2778 3791 liberos
2828 3743 3206 3803 susceperunt,
3273 3734 3417 3789 Deus
3477 3750 3571 3803 per

344 3827 618 3898 λογισμὸς,
641 3829 775 3901 σὰρξ
791 3830 900 3901 (25)
917 3831 971 3883 δὲ
999 3832 1090 3884 καὶ
1112 3832 1254 3901 ψυχὴ
1281 3832 1371 3883 καὶ
1388 3831 1598 3901 πνεῦμα
1614 3834 1730 3885 κατ’
1747 3833 1903 3887 ἄλλον

345 3918 527 3987 λόγον·
555 3923 693 3991 τάχα
720 3922 775 3977 δὲ
813 3924 905 3976 καὶ
937 3923 1035 3993 τὴν
1064 3923 1254 3992 κλῆσιν
1286 3924 1385 3993 τήν
1420 3939 1479 3975 τε
1512 3922 1739 3995 ἐκλογὴν
1779 3925 1900 3978 δευ-

343 4011 523 4081 τέραν,
549 4017 642 4068 καὶ
664 4016 844 4086 τρίτον
870 4016 930 4069 τὸ
961 4018 1039 4079 είς
1064 4015 1162 4085 τὴν
1189 4014 1409 4087 πρώτην
1432 4017 1595 4086 τιμὴν
1630 4034 1901 4072 κατατασ-

347 4103 566 4172 σύμενον
618 4108 811 4175 γένος,
862 4107 1160 4162 αἰνίσσεται
1202 4109 1235 4178 ή
1292 4108 1656 4181 προειρημένη
1712 4111 1896 4182 τριάς

346 4194 462 4263 μεθ’
496 4190 570 4250 ὧν
608 4198 640 4268 ἡ
691 4198 1089 4263 πανεπίσκοπος
1118 4197 1212 4252 τοῦ
1251 4196 1385 4251 Θεοῦ
1417 4199 1642 4269 δύναμις
1681 4201 1902 4273 ἁμερῶς
1954 4250 1965 4261 .

346 4290 594 4358 μεριστὴ.
642 4290 699 4342 '0
740 4289 914 4342 τοίνυν
948 4290 1068 4352 ταῖς
1100 4288 1241 4341 κατὰ
1281 4289 1438 4356 φύσιν
1482 4288 1777 4359 ἐνεργείαις
1802 4288 1903 4358 τῆς

341 4376 519 4447 ψυχῆς
560 4381 617 4431 ἐν
648 4380 815 4433 δέοντι
861 4378 1140 4452 χρώμενος
1189 4378 1445 4450 ἐπιθυμεῖ
1489 4380 1586 4450 μὲν
1630 4377 1738 4430 τῶν
1780 4378 1901 4431 κατ’

342 4465 585 4535 ἀλλήλων
622 4469 752 4537 (‘26),
791 4473 941 4541 μισεῖ
970 4470 1026 4522 δὲ
1055 4470 1125 4524 τὰ
1154 4469 1476 4541 βλάπτοντα,
1514 4467 1692 4532 καθὼς
1721 4470 1775 4521 αἱ
1813 4472 1901 4521 ὲν-

342 4557 492 4609 τολαὶ
539 4559 646 4629 (‘27)
691 4562 1141 4632 προστάττουσιν*
1180 4579 1200 4615 ι
1246 4561 1648 4631 Ἐνευλογήσεις
1687 4578 1706 4611 ι
1757 4558 1895 4630 γὰρ,

420 4669 595 4725 IPsal.
624 4685 820 4734 XLVIII,
885 4674 975 4728 2|.

414 4785 1001 4859 (9.1)”‘Amc'xnpér0t.
1069 4790 1330 4845 Usitatius
1390 4791 1785 4859 ἁπεσχημένοι,
1841 4800 1900 4845 ιιι

343 4874 463 4914 cum
494 4856 639 4909 alibi.
672 4865 781 4908 tum
818 4874 936 4925 pag.
970 4859 1090 4925 196,
1121 4862 1244 4915 958.
1280 4856 1542 4914 Suntne.

414 4929 524 5005 (“22)
562 4925 669 5005 Τοῦ
708 4927 894 5005 νόμου
930 4931 1360 5005 ᾳυμπεριςρςορᾷ.
1397 4929 1663 5005 Intelligit,
1691 4938 1751 4983 ιιι
1776 4932 1896 5001 opi-

343 5014 467 5061 nor,
496 4997 880 5063 indulgentiam
918 4998 1153 5063 plurium
1192 4997 1431 5054 uxorum
1480 5000 1726 5053 Patribus
1762 4997 1894 5055 con-

343 5083 549 5138 cessam
576 5107 590 5129 ,
633 5082 687 5138 _v.
722 5080 840 5138 pag.
888 5066 1009 5119 Mil.
1055 5067 1276 5125 Lowru.
1299 5102 1370 5110 —
1394 5070 1486 5124 Vel
1523 5071 1573 5123 id
1607 5069 1890 5138 intelligit,

342 5139 481 5204 quod
530 5137 581 5189 in
633 5134 818 5187 Latina
871 5138 1117 5191 versione
1169 5142 1558 5208 expressimus,
1602 5134 1891 5197 nonnullos

341 5209 567 5268 gg-ilirct,
607 5216 862 5280 pnetcxtu
917 5208 1244 5280 matrimonii
1268 5251 1280 5271 ,
1310 5227 1373 5264 ac
1406 5210 1623 5280 proinde
1657 5211 1797 5277 lege,
1833 5221 1892 5266 ut

342 5285 441 5337 sibi
472 5275 817 5352 persuadent,
854 5278 1216 5343 permittente,
1246 5275 1418 5352 carni‘
1438 5282 1662 5352 nimium
1710 5275 1887 5352 indul-

339 5351 482 5419 gere:
509 5370 630 5407 cum
661 5361 913 5414 econtra,
941 5356 997 5405 ui
1022 5363 1067 5419 ρ’
1093 5358 1205 5402 stea
1231 5351 1395 5402 dicit:
1420 5351 1711 5421 szpp6vw;
1737 5351 1892 5404 €606-

338 5422 458 5494 >ετο
502 5427 621 5486 ταῖς
667 5424 943 5494 γαμεταῖς-
972 5423 1203 5494 χρῆσθαι
1254 5424 1379 5487 τοὺς
1408 5422 1619 5494 ἄνδρας,
1661 5422 1754 5473 καὶ
1799 5423 1891 5474 ἐπὶ

342 5493 473 5563 μόνῃ
505 5493 831 5563 παιδοποιίᾳ·
874 5512 891 5542 ι
928 5491 1031 5545 Lex
1080 5493 1228 5546 viros
1274 5491 1546 5548 moderate
1582 5502 1633 5545 et
1670 5502 1893 5563 propter

339 5562 507 5616 solum
559 5562 846 5617 liberorum
896 5564 1319 5629 procreationem
1371 5566 1629 5617 nxorihus
1681 5562 1756 5615 uti
1795 5577 1889 5614 vo—

339 5630 435 5683 luit
456 5650 547 5704 :7p.
579 5636 682 5688 456
716 5632 1043 5704 θιΙίιηΡονίε.
1075 5632 1228 5685 Coul'.
1265 5633 1480 5704 Pa’dng.
1512 5635 1603 5687 lib.
1628 5648 1686 5693 ll,
1717 5648 1764 5685 c.
1799 5630 1885 5685 10.

408 5703 518 5774 (23)
554 5706 818 5774 "Ag-apag.
853 5703 975 5758 limo
997 5720 1094 5758 vos
1121 5719 1224 5755 non
1251 5703 1578 5757 solum’eum
1628 5704 1889 5774 signiﬁcat

337 5771 427 5837 qui
466 5771 737 5841 nunquam
786 5791 1006 5828 uxorem
1054 5774 1226 5836 duxit,
1256 5776 1353 5827 sed
1391 5776 1550 5829 etiam
1590 5788 1709 5828 eum
1771 5772 1885 5841 qui,

296 5904 305 5911 ,
338 5854 507 5913 uxore
535 5856 779 5913 mortua,
814 5847 971 5899 aliam
1005 5861 1109 5899 non
1146 5843 1299 5897 duxit
1337 5862 1349 5896 :
1388 5845 1606 5913 utapud
1644 5841 1887 5906 Latinos,

336 5909 773 5984 ctrleb‘s.Al_Cor.
818 5932 915 5976 vit.
971 5914 1058 5977 10.
1111 5915 1169 5968 Η
1201 5956 1213 5968 .
1244 5909 1607 5984 Παραγγέλλω
1660 5915 1890 5980 γυναῖκα

336 5977 443 6031 ἀπὸ
474 5978 662 6051 ἀνδρὸς
697 5982 768 6052 μὴ
801 5986 1149 6057 χωρισθῆναν
1181 5984 1273 6039 ἐὰν
1295 5977 1350 6039 δέ
1382 5977 1474 6041 ³ιίιῦ⁷
1502 5977 1759 6057 χωρισθῇ,
1797 6000 1890 6054 με-

2014 3832 2209 3885 Filium
2241 3838 2362 3885 :est
2400 3837 2581 3884 autem
2614 3829 2779 3883 etiam
2824 3842 2946 3883 cum
2994 3842 3082 3892 eo,
3127 3827 3221 3898 qui
3272 3826 3571 3882 secundum

2010 3926 2193 3994 Iogou,
2257 3938 2353 3978 seu
2404 3922 2693 3988 rationem,
2742 3919 2845 3975 fuit
2875 3920 3186 3988 continens,
3230 3919 3373 3973 idem
3403 3917 3569 3974 Deus.

2008 4016 2236 4069 Fuerint
2266 4022 2447 4068 autem
2493 4013 2649 4068 aliter
2680 4027 2899 4082 quoque
2936 4021 3045 4067 tres
3073 4011 3313 4079 quidem,
3342 4010 3443 4076 ira,
3470 4024 3567 4065 cu-

2008 4107 2227 4176 piditas,
2264 4114 2318 4160 et
2355 4105 2493 4159 ratio
2526 4123 2540 4159 :
2587 4119 2716 4159 caro
2743 4112 2925 4157 autem
2953 4110 3008 4157 et
3039 4102 3218 4156 anima
3246 4111 3299 4156 et
3321 4102 3566 4171 spiritus.

2008 4199 2111 4252 alia
2139 4199 2370 4252 ratione.
2398 4196 2559 4252 Forte
2582 4205 2762 4251 autem
2801 4205 2857 4249 et
2890 4196 3227 4249 vocationem
3256 4203 3310 4249 et
3344 4194 3567 4248 electio-

2008 4305 2133 4343 nem
2165 4289 2479 4352 secundam,
2520 4296 2574 4341 et
2617 4287 2834 4341 tertium
2888 4301 3083 4356 genus,
3109 4285 3257 4354 quod
3306 4285 3360 4339 in
3391 4284 3566 4355 primo

2008 4380 2216 4434 bouore
2264 4379 2584 4441 collocatur,
2623 4379 2801 4431 innuit
2836 4376 2968 4432 trias
3020 4378 3173 4447 prius
3206 4376 3353 4431 dicta
3390 4396 3403 4431 :
3438 4393 3564 4432 cum

2008 4470 2205 4539 quibus
2241 4477 2342 4535 est,
2386 4484 2508 4538 quae
2556 4470 2742 4523 omnia
2795 4468 3121 4534 considerat,
3164 4466 3258 4522 Dei
3304 4477 3563 4538 potestas,

2006 4562 2209 4629 absque
2251 4560 2517 4615 divisione
2559 4560 2759 4615 cadens
2800 4561 2854 4614 in
2896 4560 3243 4616 divisionem.
3280 4559 3383 4628 Qui
3432 4576 3563 4626 ergo

1056 4673 1188 4739 μῙςΡ.
1214 4676 1317 4730 5η
1341 4674 1448 4728 El).
1484 4671 1773 4739 POTTER,
1801 4673 1925 4740 454,
1945 4675 2049 4729 455
2079 4674 2185 4729 ED.
2217 4673 2439 4730 PARlS.
2516 4676 2545 4715 ιι
2574 4674 2763 4732 Matth.
2792 4694 2824 4732 χ

1801 4673 1925 4740 454,
1945 4675 2049 4729 455
2079 4674 2185 4729 ED.
2217 4673 2439 4730 PARIS.
2516 4676 2545 4715 ιι
2574 4674 2763 4732 Matth.
2792 4693 2946 4741 xvnr,
2970 4677 3061 4735 90.
3138 4688 3160 4717 ε
3186 4676 3353 4733 lCor.
3382 4694 3479 4743 vn,
3503 4680 3556 4733 7.

2005 4790 2399 4865 vérmﬁyquog,
2426 4792 2458 4864 ἢ
2480 4791 2561 4865 τῷ
2585 4792 2737 4865 ἀνδρὶ
2748 4795 3173 4865 ριαταλλαγήτω.

2077 4861 2191 4929 (ει)
2227 4861 2456 4931 Θυμόςί
2478 4861 2717 4931 Respicit
2748 4861 3077 4918 Platonicam
3112 4864 3309 4917 animm
3335 4863 3561 4919 divisio-

1927 4971 1974 5027 Β
2002 4933 2974 5027 _coiicupiscibiletp.
3001 4935 3565 5027 ir.aseiiiilem,net1ra-

2002 5003 2299 5077 _t_i_onalem__:
2328 5003 2394 5056 de
2429 5018 2534 5071 qua
2576 5004 2827 5072 superius
2872 5004 2941 5059 ad
2974 5006 3297 5077 principium
3332 5004 3549 5071 Pwdag.

1998 5073 2093 5127 lib.
2123 5089 2205 5137 ιιι,
2230 5074 2425 5125 dictum
2449 5083 2550 5126 est.

2070 5144 2181 5211 (25)
2211 5143 2385 5209 Σάρέ.
2416 5142 2530 5196 Alia
2560 5144 2811 5199 humanm
2836 5155 3044 5200 naturte
3068 5146 3282 5200 divisio.
3314 5142 3403 5199 Sic
3430 5145 3555 5200 Cle-

1998 5214 2194 5267 mentis
2231 5213 2530 5281 discipulus
2570 5212 2831 5280 Origenes
2876 5216 3137 5270 Pliilocul.
3180 5233 3230 5282 p.
3262 5216 3295 5269 8
3329 5233 3342 5267 :
3381 5218 3437 5269 Ὁ
3466 5218 3558 5271 ἄν·

1998 5283 2213 5356 θρωπος
2245 5284 2565 5358 σιζνέστηκεν
2593 5285 2656 5337 ἐκ
2688 5285 2932 5357 σώματος
2961 5289 3051 5340 καὶ
3074 5286 3249 5358 ψυχῆς
3273 5288 3366 5339 καὶ
3397 5286 3558 5339 πνεύ-

2001 5350 2185 5424 ματος·
2227 5372 2244 5404 ι
2291 5350 2465 5407 Homo
2489 5370 2555 5406 ex
2599 5350 2854 5424 corpore,
2902 5350 3181 5411 anima'c't'
3203 5350 3392 5425 spiritu
3420 5373 3554 5410 cou-

1995 5433 2118 5478 stat.
2157 5444 2174 5474 ι
2210 5426 2438 5477 ΙΓΘΠέΡΙΙδ
2466 5425 2558 5478 lib.
2592 5441 2654 5490 v,
2684 5426 2838 5479 initio
2865 5444 2912 5481 c.
2942 5429 2973 5481 9
2998 5444 3009 5479 :
3046 5447 3062 5477 ι
3092 5426 3365 5481 Perfectus
3393 5428 3556 5480 homo

1996 5504 2207 5565 constat
2231 5508 2414 5556 carne,
2440 5496 2622 5565 animo
2655 5504 2708 5549 et
2737 5498 2949 5565 Spiritu.
2984 5516 3001 5547 ι
3028 5498 3166 5550 Ante
3201 5501 3298 5550 hos
3333 5496 3391 5548 Ι).
3421 5495 3557 5549 Pau-

1996 5564 2081 5618 lus
2110 5563 2133 5637 l,
2158 5564 2347 5637 The55.
2374 5580 2427 5637 _v,
2453 5564 2543 5618 25.
2570 5566 2707 5637 dixit
2734 5584 2744 5616 :
2770 5563 2945 5629 Αὐτὸς
2976 5567 3030 5619 δὲ
3070 5570 3098 5621 ὁ
3124 5568 3253 5628 Θεὸς
3278 5566 3374 5636 τῆς
3408 5568 3556 5637 είρήτ-

1993 5636 2334 5707 γης-ἁγιάσαι
2365 5635 2508 5707 ὑμᾶς
2540 5636 2799 5699 ὁλοτελεῖς
2819 5638 2835 5689 !-
2869 5639 2959 5689 καὶ
2989 5638 3275 5707 ὁλόκληρον
3311 5635 3472 5706 ὑμῶν
3492 5635 3554 5689 τὸ

1992 5705 2220 5780 πνεῦμα
2250 5705 2341 5758 καὶ
2355 5706 2587 5780 figuli;
2629 5709 2721 5759 καὶ
2752 5708 2809 5780 το
2850 5707 3006 5780 σῶμα
3396 5710 3452 5759 ὲν
3482 5708 3555 5775 τῇ,

1992 5775 2260 5848 παρουσίᾳ
2290 5776 2382 5848 τοῦ
2403 5775 2613 5848 Κυρίου
2645 5775 2932 5848 ττιρηθείηῑ

1992 5793 2260 5845 παρουσιᾳ
2290 5793 2382 5829 του
2414 5793 2613 5846 λυριου
2645 5793 2705 5827 ττ
2750 5793 2932 5848 quam:

1992 5913 2007 5925 ,
2064 5846 2173 5915 (⁸26)
2200 5846 2333 5899 Κατ’
2365 5845 2668 5928 ἀτῖλήτῖων.
2698 5793 2920 5928 Ϊῗεριὶυδ
2959 5848 3245 5917 conjuncte
3279 5843 3550 5915 καταλλή-

1995 5915 2119 5975 λων,
2152 5937 2168 5965 ι
2206 5917 2663 5971 convenientium.
2699 5934 2717 5966 ›
2751 5915 3013 5973 Svuzvnc.

2066 5986 2176 6057 ('27)
2202 5990 2269 6041 Αἱ
2298 5988 2554 6042 ὲντολαί.
2576 5984 2699 6043 Haec
2724 5987 2776 6042 in
2806 5986 2862 6044 S.
2895 5988 3168 6058 Scriptura
3184 5986 3380 6042 frustra
3404 6001 3550 6060 qum-
