4484 6586
352 519 492 580 1173

1619 512 2056 573 STROMATUM
2094 513 2221 570 LIB.
2259 512 2349 572 ιιι.

3465 503 3603 564 “7‘

349 645 476 708 τοὺς
508 640 703 711 ἀνδρας
733 638 764 689 6
803 635 967 705 νόμος
1014 639 1105 692 καὶ
1136 640 1229 694 ἐπὶ
1264 640 1401 712 μόνη
1431 637 1544 705 (52)
1595 632 1928 704 παιδοποιίᾳ,
1959 638 2005 692 Λ
2035 647 2120 701 prc

1833 632 1928 704 ιίᾳ,
1959 638 2005 692 Α
2035 643 2253 702 propter
2311 634 2484 690 solam
2547 630 2844 686 liberorum
2910 631 3308 702 susceptionem
3337 671 3353 697 ,
3412 645 3479 685 ex
3532 643 3603 684 eo

348 735 508 806 δῆλον
537 735 600 786 ἐκ
623 727 717 783 τοῦ
751 727 978 783 κωλύειν
1009 732 1104 803 μὲν
1137 737 1200 804 τῇ
1230 752 1248 785 ι
1285 726 1616 802 αἰχμαλώτῳ
1641 745 1659 776 ι
1690 727 1802 796 (55)
1826 743 1928 780 πα-

352 825 611 900 ραχρῆμα
655 821 1039 892 ἐπιμίγνυσθαι
1085 826 1176 880 τὸν
1207 825 1418 893 ἄγαμον
1441 836 1455 849 °
1493 817 1927 890 ἐπιθυμήσαντος

348 918 407 972 δὲ
439 912 604 979 ἅπαξ,
635 912 927 984 τριάκοντα
955 915 1171 970 πενθεῖν
1197 911 1512 982 ἐπιτρέπειν
1543 910 1774 981 ἡμέρας,
1811 927 1925 964 κει-

351 1005 558 1081 ραμένη
589 1004 681 1057 καὶ
713 1006 811 1070 τὰς
841 1009 1029 1081 τρίχας
1050 1027 1063 1040 ·
1095 1011 1144 1061 εί
1175 1008 1231 1059 δὲ
1261 1003 1382 1074 μηδ’
1408 1001 1580 1067 οὓτως
1614 1003 1927 1074 μαραίνοιτο

350 1100 384 1169 ὴ
417 1096 701 1168 ἐπιθυμία,
728 1099 849 1154 τότε
874 1096 1322 1156 παιδοποιεῖσθαι,
1349 1095 1809 1166 δεδοκιμασμένης
1825 1095 1925 1166 τῆς

347 1189 525 1262 ὁρμῆς
569 1189 666 1261 τῆς
721 1193 1076 1264 κυριευούσης
1122 1187 1265 1242 κατὰ
1308 1187 1406 1258 τὴν
1453 1186 1792 1259 προθεσμίαν
1829 1188 1922 1242 τοῦ

349 1282 562 1355 χρόνου,
597 1285 676 1348 είς
713 1284 893 1357 ὅρεξιν
926 1284 1164 1350 εὔλογον.
1201 1277 1362 1332 Ὅθεν
1407 1280 1468 1332 οὐ
1501 1279 1733 1344 δείξειας
1757 1281 1920 1350 ἐγκύ-

352 1391 471 1442 μονι
510 1373 885 1445 πλησιάσαντα
915 1373 1026 1427 τῶν
1069 1369 1456 1441 πρεσϐυτέρων
1503 1369 1624 1424 τινὰ
1651 1372 1788 1425 κατὰ
1824 1373 1922 1442 τὴν

347 1465 601 1539 Γραφήνο
638 1469 751 1522 ἀλλ’
784 1468 1010 1537 ὕστερον
1045 1463 1182 1533 μετά
1212 1480 1270 1516 τε
1302 1463 1403 1535 τὴν
1441 1465 1730 1537 κυοφορίαν
1785 1464 1922 1536 μετά

347 1575 406 1610 τε
435 1558 531 1630 τὴν
572 1559 664 1614 τοῦ
699 1560 975 1630 τεχθέντος
1004 1554 1400 1625 γαλακτουχίαν
1443 1555 1622 1628 εὕροις
1663 1557 1728 1611 ἂν
1761 1558 1920 1611 πάλιν

351 1647 485 1719 πρὸς
507 1649 612 1703 τῶν
637 1649 844 1720 ἀνδρῶν
864 1644 1270 1714 γινωσκομένας
1291 1645 1388 1708 τὰς
1409 1650 1689 1714 γυναῖκας.
1716 1646 1921 1700 Αὐτίκα

349 1739 535 1794 τοῦτον
583 1741 836 1815 εὑρήσεις
890 1736 981 1789 τὸν
1021 1735 1221 1788 σκοπὸν
1269 1736 1360 1789 καὶ
1403 1736 1492 1790 τὸν
1518 1738 1610 1791 τοῦ
1643 1738 1920 1801 Μωῦσέως

349 1833 560 1904 πατέρα
613 1833 969 1902 φυλάσσοντα,
1004 1827 1244 1899 τριετίαν
1291 1828 1602 1883 διαλιπόντα
1655 1830 1790 1901 μετὰ
1823 1830 1920 1901 τὴν

345 1921 440 1975 τοῦ
513 1921 718 1992 Ἀαρὼν
770 1917 1094 1987 ἀποκύησιν,
1151 1918 1480 1989 γεννήσαντα
1526 1919 1616 1972 τὸν
1658 1919 1915 1976 Μωῦσέα.

349 2013 424 2066 Ἤ
452 2031 511 2067 τε
546 2009 611 2066 αῦ
641 2009 896 2082 Λευῖτικὴ
928 2009 1091 2080 φυλὴ,
1120 2009 1306 2063 τοῦτον
1332 2010 1673 2080 φυλάσσουσα
1707 2011 1799 2063 τὸν
1819 2011 1916 2080 τῆς

346 2105 561 2174 φύσεως
589 2106 750 2174 νόμον
779 2105 842 2156 ὲκ
870 2101 1034 2166 Θεοῦ,
1078 2101 1313 2157 ἐλάττων
1360 2103 1450 2157 τὸν
1488 2104 1719 2176 ἀριθμὸν
1769 2102 1919 2174 παρὰ

344 2196 442 2260 τὰς
470 2196 632 2257 ἄλλας
668 2196 748 2257 είς
790 2192 886 2264 τὴν
935 2195 1488 2266 προκατηγγελμένην
1533 2195 1746 2265 εἰσῆλθε
1772 2195 1875 2264 γῆν
1898 2208 1915 2223 °

343 2287 403 2339 ού
433 2285 540 2355 γὰρ
571 2284 765 2356 ῥᾳδίως
793 2283 1010 2349 αὐξάνει
1036 2286 1189 2353 γένος
1221 2287 1302 2349 εἰς
1336 2285 1728 2357 πολυπληθίαν,
1765 2302 1920 2337 σπει-

345 2378 552 2451 ράντων
599 2377 696 2447 μὲν
741 2376 848 2430 τῶν
891 2377 1100 2449 ἀνδρῶν
1132 2377 1240 2431 τῶν
1283 2379 1375 2431 τὸν
1407 2379 1546 2433 κατά
1571 2381 1697 2442 τοὺς
1721 2379 1918 2449 νόμους

342 2471 516 2540 γάμον
548 2467 984 2540 ἀναδεδεγμένων
1003 2511 1018 2534 ,
1058 2471 1434 2542 ἀναμενόντων
1473 2470 1530 2522 δὲ
1562 2471 1623 2522 οὐ
1669 2469 1767 2540 τὴν
1790 2487 1919 2522 κυο-

343 2563 536 2633 φορίαν
571 2562 751 2632 μόνον,
785 2562 919 2617 ἀλλὰ
956 2563 1047 2617 καὶ
1080 2563 1176 2634 τὴν
1204 2562 1620 2634 γαλακτουχίαν.
1656 2562 1816 2615 Ὅθεν
1841 2563 1919 2613 εί-

341 2656 514 2719 κότως
540 2654 633 2708 καὶ
653 2656 680 2706 6
710 2655 969 2725 Μωῦσῆς,
994 2658 1112 2709 κατ’
1131 2656 1309 2725 ὀλίγον
1335 2658 1413 2718 είς
1440 2652 1765 2724 ἐγκράτειαν
1787 2668 1917 2722 προ-

342 2747 578 2812 διδάξων
610 2747 736 2810 τοὺς
767 2747 1070 2810 Ἰουδαίους,
1088 2747 1252 2819 τριῶν
1284 2744 1508 2818 ἡμερῶν
1533 2741 1673 2796 κατὰ
1699 2743 1760 2796 τὸ
1791 2742 1917 2813 ἑξῆς

339 2840 752 2910 ἀπεσχημένους
784 2839 1092 2911 ἀφροδισίου
1143 2838 1354 2909 ἡδονῆς,
1402 2835 1733 2910 προσέταξεν
1785 2839 1917 2890 ἐπα-

339 2932 522 2988 κούειν
554 2933 658 2987 τῶν
683 2935 840 2988 θείων
873 2933 1065 3001 λόγων.
1096 2951 1114 2983 ι
1158 2932 1348 3002 Ἡμεῖς
1376 2927 1468 2984 οῦν
1506 2931 1621 2984 ναοὶ
1649 2929 1741 2982 τοῦ
1780 2930 1914 2983 Θεοῦ

340 3027 527 3097 ἔσμεν,
559 3024 738 3090 καθὼς
769 3021 917 3078 εἶπεν
949 3025 977 3076 ὀ
1013 3024 1294 3094 προφήτης
1326 3022 1435 3090 (5-4)
1458 3065 1472 3088 ,
1496 3024 1578 3076 ὅτι
1622 3023 1914 3093 Ἐνοικήσω

339 3119 398 3172 ὲν
426 3119 605 3181 αὐτοῖς
628 3118 720 3172 καὶ
741 3117 1191 3188 ἐμπεριπατήσωι
1219 3115 1312 3167 καὶ
1341 3114 1533 3184 ἔσομαι
1562 3115 1738 3169 αὐτῶν
1757 3115 1909 3179 Θεὸς,

339 3209 432 3261 καὶ
463 3209 613 3262 αὐτοὶ
641 3208 850 3261 ἔσονταί
883 3225 981 3277 μου
1006 3207 1134 3269 λαός
1153 3224 1165 3235 ·
1207 3225 1222 3255 ι
1271 3204 1368 3258 ἐὰν
1396 3206 1534 3259 κατὰ
1569 3206 1666 3269 τὰς
1695 3206 1912 3269 ἐντολὰς

2029 724 2235 780 clarum
2273 735 2375 794 est,
2409 725 2556 797 quod
2607 724 2856 793 prohibet
2899 724 3115 795 quidem
3147 737 3299 792 eum,
3347 722 3442 793 qui
3487 739 3602 778 non

2029 817 2188 875 habet
2213 835 2462 887 uxorem,
2507 818 2690 873 statim
2727 835 2853 876 cum
2891 837 2910 870 ι
2948 821 3156 890 captiva
3188 839 3207 873 ι
3241 817 3444 874 habere
3469 831 3602 872 con-

2027 914 2372 969 suetudinem
2400 922 2452 964 ⁸.
2503 909 2660 975 Quod
2721 912 2769 966 si
2829 909 2999 967 semel
3056 910 3466 975 desideraverit,
3526 906 3599 972 ei,

2025 1020 2149 1060 cum
2215 1013 2374 1059 tonsa
2428 1001 2596 1056 fuerit
2641 1003 2890 1075 capillos,
2941 1001 3259 1074 permittere
3301 1009 3360 1055 ut
3417 1001 3603 1068 lugeat

2027 1096 2250 1167 triginta
2278 1092 2494 1148 diebus.
2525 1092 2583 1149 Si
2629 1107 2814 1150 autem
2859 1112 2928 1151 ne
2961 1096 3042 1152 sic
3096 1093 3316 1165 quidem
3353 1105 3600 1147 emaree-

2024 1197 2143 1244 seat
2170 1184 2464 1255 cupiditas,
2497 1195 2626 1243 tunc
2657 1188 2849 1243 liberis
2886 1204 3104 1258 operam
3134 1188 3288 1256 dare,
3315 1203 3441 1243 cum
3477 1202 3600 1256 quae

2022 1279 2341 1336 dominatur
2386 1279 2663 1350 impulsio,
2691 1282 2923 1352 probata
2954 1282 3024 1337 sit
3059 1283 3326 1351 praeﬁnito
3355 1293 3601 1353 tempore

2022 1380 2392 1429 consentanea
2423 1375 2622 1430 rationi
2655 1375 2941 1446 appetitio.
2975 1373 3132 1430 Unde
3171 1376 3379 1429 nullum
3416 1391 3484 1431 ex
3510 1391 3600 1429 ve-

2024 1463 2234 1520 teribus
2287 1481 2356 1521 ex
2415 1466 2698 1538 Scriptura
2751 1467 3081 1533 ostenderis,
3128 1467 3224 1537 qui
3271 1483 3396 1522 cum
3456 1480 3598 1536 prte-

2022 1565 2225 1629 gnante
2265 1574 2381 1613 rem
2416 1560 2714 1615 habuerit:
2753 1562 2848 1616 sed
2881 1569 3170 1631 postquam
3209 1559 3440 1630 gestavit
3482 1568 3601 1613 ute-

2021 1668 2168 1717 rum,
2200 1660 2256 1706 et
2299 1661 2593 1722 postquam
2646 1651 2851 1707 editum
2908 1651 3074 1706 fetum
3123 1667 3152 1705 a
3199 1653 3337 1706 lacte
3367 1651 3596 1720 depulit,

2021 1759 2216 1798 rursus
2259 1758 2290 1797 a
2341 1743 2475 1800 viris
2505 1743 2754 1813 cognitas
2805 1741 2978 1798 fuisse
3021 1758 3245 1798 uxores.
3277 1741 3396 1796 Jam
3454 1742 3599 1796 hunc

2027 1836 2190 1908 196
2225 1852 2450 1908 scopum
2510 1844 2565 1892 et
2619 1835 2932 1892 institutum
2987 1836 3229 1890 invenies
3291 1848 3598 1891 servantem

2020 1932 2224 2006 Moysis
2249 1945 2479 2004 patrem,
2509 1949 2632 1989 cum
2673 1933 2970 1990 triennium
3011 1941 3134 2003 post
3162 1938 3434 1986 Aaronem
3479 1931 3598 1984 edi-

2019 2030 2136 2077 tum
2193 2025 2605 2090 intermisisset,
2655 2024 2912 2096 genuisse
2967 2024 3230 2100 Moysem.
3291 2024 3357 2080 Et
3403 2039 3598 2080 rursus

2021 2112 2261 2169 Levitica
2300 2115 2499 2182 tribus,
2521 2131 2746 2172 servans
2774 2117 2915 2172 hanc
2945 2126 3153 2173 natura:
3185 2119 3358 2188 legem
3405 2133 3435 2171 a
3483 2117 3598 2173 Deo

2023 2204 2302 2266 traditam,
2346 2205 2468 2260 aliis
2524 2220 2754 2261 numero
2791 2206 2969 2262 minor
3005 2207 3252 2278 ingressa
3281 2217 3366 2263 est
3394 2207 3448 2261 in
3481 2217 3594 2263 ter-

2020 2312 2137 2351 ram
2186 2297 2537 2366 promissam.
2589 2297 2710 2354 Non
2776 2299 2923 2354 enim
2981 2298 3139 2354 facile
3195 2301 3595 2370 multiplicatur

2019 2402 2212 2455 genus,
2240 2403 2365 2443 cum
2403 2388 2508 2442 viri
2554 2388 2778 2458 quidem
2813 2388 3111 2454 seminam,
3153 2387 3395 2458 legitimo
3419 2388 3592 2458 juncti

2021 2481 2402 2548 matrimonio;
2449 2489 2773 2551 exspectant
2813 2490 2994 2535 autem
3045 2495 3157 2534 non
3213 2478 3392 2534 solum
3455 2480 3596 2533 uteri

2020 2573 2398 2642 gestationem,
2431 2573 2526 2629 sed
2561 2574 2727 2628 etiam
2764 2589 2796 2626 ιι
2835 2572 2975 2627 lacte
3006 2571 3402 2641 depulsionem.
3438 2569 3597 2625 Unde

2019 2666 2216 2720 merito
2241 2665 2454 2738 Moyses
2491 2680 2712 2736 quoque
2755 2663 2973 2720 Judatos
2999 2664 3261 2734 paulatim
3285 2663 3595 2733 provehens

2018 2758 2085 2812 ad
2113 2759 2528 2824 continentiam,
2569 2774 2694 2814 cum
2725 2763 2785 2821 >14
2827 2777 2846 2810 ‹
2883 2757 3061 2813 tribus
3098 2757 3290 2813 diebus
3317 2758 3345 2798 ιι
3385 2776 3404 2808 ι
3439 2756 3596 2812 dein-

2018 2865 2146 2920 ceps
2174 2852 2638 2922 consequentibus
2662 2868 2693 2907 a
2726 2865 2955 2906 venerea
2988 2851 3262 2920 voluptate
3291 2848 3595 2904 abstinuis-

2017 2953 2157 3006 sent,
2183 2943 2349 3014 jussit
2374 2944 2567 3000 audire
2594 2945 2760 3001 verba
2782 2945 2898 3000 Dei.
2929 2965 2947 2996 ι
2977 2943 3088 3001 Nos
3118 2959 3248 3015 ergo
3274 2943 3364 2998 Dei
3391 2943 3594 3012 templa

2016 3050 2228 3100 sumus,
2252 3038 2396 3092 sicut
2441 3038 2578 3092 dixit
2603 3038 2869 3108 propheta
2906 3058 2919 3092 :
2961 3036 3281 3092 lnhabitabo
3317 3038 3370 3090 in
3402 3037 3506 3100 eis,
3539 3045 3595 3090 et

2014 3127 2388 3193 inambulabo,
2415 3139 2470 3184 et
2490 3143 2584 3183 ero
2612 3143 2804 3184 eorum
2835 3127 3001 3192 Deus,
3031 3137 3085 3182 et
3110 3126 3216 3197 ipsi
3249 3132 3409 3180 erunt
3435 3140 3592 3180 meus

2013 3219 2268 3288 populus,
2299 3239 2317 3271 ι
2352 3223 2398 3275 si
2430 3234 2494 3274 ex
2527 3220 2814 3290 praeceptis
2846 3219 3014 3272 vitam
3055 3218 3425 3284 instituamus,
3476 3218 3593 3272 sive

339 3299 774 3368 πολιτευώμεθα,
810 3297 918 3350 εἴτε
949 3299 976 3349 ό
1023 3295 1141 3350 καθ’
1184 3296 1413 3349 ’ἑκαστον
1457 3295 1633 3367 ἡμῶν,
1661 3297 1766 3348 εἴτε
1819 3296 1912 3350 καὶ
1937 3311 1984 3370 α
2019 3310 2110 3371 δίη

1819 3296 1912 3350 καὶ
1937 3311 1984 3370 C
2019 3310 2220 3380 singuli
2252 3319 2526 3377 nostrum,
2561 3311 2677 3365 sive
2708 3321 2821 3366 tota
2859 3310 3021 3366 simul
3055 3307 3316 3364 Ecclesia.
3350 3327 3369 3360 ι
3406 3307 3587 3375 Quare

337 3390 564 3462 ἁθρόαὴ
611 3388 920 3458 Ἐκκλησία.
958 3408 976 3438 ι
1012 3387 1100 3439 Διὸ
1146 3387 1386 3451 ἐξέλθετε
1421 3389 1484 3440 ἐκ
1530 3387 1693 3457 μέσου
1732 3387 1910 3440 αὐτῶν

337 3475 430 3528 καὶ
473 3475 799 3544 ἀφορίσθητε
825 3515 839 3538 ,
883 3474 1028 3542 λέγει
1070 3475 1300 3546 Κύριος⁹
1355 3476 1447 3527 καὶ
1489 3475 1793 3546 ἀκαθάρτου
1836 3476 1910 3547 μὴ

336 3567 607 3621 ἅπτεσθε·
651 3569 802 3636 κάγὼ
831 3568 1136 3638 εἰσδέξομαι
1182 3569 1358 3638 ὑμᾶς,
1406 3570 1498 3622 καὶ
1547 3569 1736 3639 ἔσομαι
1783 3570 1910 3640 ὑμῖν

336 3661 415 3723 είς
445 3660 674 3731 πατέρα,
706 3662 797 3713 καὶ
823 3663 978 3731 ὑμεῖς
1006 3662 1192 3716 ἔσεσθέ
1227 3680 1315 3732 μοι
1345 3664 1423 3726 εἰς
1452 3663 1601 3725 υἱοὺς
1629 3664 1722 3716 καὶ
1749 3662 1909 3732 θυγα-

333 3751 520 3821 τέρας,
541 3750 688 3820 λέγει
722 3752 925 3823 Κύριος
963 3753 1373 3824 παντοκράτωρ.
1410 3772 1428 3803 ι
1471 3753 1544 3805 Οὐ
1598 3752 1706 3806 τῶν
1746 3771 1910 3822 γεγα-

339 3840 610 3912 μηκότων,
644 3841 719 3906 ὥς
747 3861 928 3912 φασιν,
962 3843 1094 3898 ἀλλὰ
1125 3843 1232 3895 τῶν
1260 3842 1430 3896 ἐθνῶν
1462 3843 1569 3896 τῶν
1597 3846 1653 3897 ὲν
1683 3847 1911 3917 πορνείᾳ.

337 3929 595 4000 βιούντων
615 3932 716 3999 ἔτι,
746 3935 880 4005 πρὸς
907 3935 962 3987 δὲ
980 3934 1189 3987 καὶτῶν
1209 3936 1621 4006 προειρημένων
1645 3937 1910 4007 αἱρέσεων

334 4021 805 4095 ἀφορισθῆναι,ὼς
834 4025 1154 4096 ἀκαθάρτων
1183 4026 1276 4078 καὶ
1302 4026 1498 4084 ἀθέων.
1531 4027 1740 4082 κελεύει
1778 4047 1912 4100 προ-

333 4115 579 4185 φητικῶς
595 4118 758 4186 ἡμᾶς.
780 4117 939 4169 Ὅθεν
961 4117 1052 4169 καὶ
1068 4119 1096 4169 6
1120 4117 1331 4181 Παῦλος
1367 4119 1502 4189 πρὸς
1532 4121 1658 4184 τοὺς
1691 4122 1910 4192 ὁμοίους

331 4207 747 4278 ἀποτεινόμενος
759 4211 868 4272 τοῖς
895 4211 1251 4280 εἰρημένοις,‹
1276 4211 1494 4275 Ταύτας
1508 4209 1602 4267 οῦν
1628 4213 1780 4285 ἔχετε
1798 4215 1907 4284 (55)

331 4300 430 4364 τὰς
479 4300 841 4369 ἐπαγγελίας,
897 4302 1060 4372 φησὶν
1087 4343 1102 4366 ,
1156 4305 1464 4375 ἀγαπητοί·
1523 4306 1910 4379 καθαρίσωμεν

331 4391 540 4445 ἑαυτῶν
583 4391 680 4454 τὰς
717 4390 946 4464 καρδίας
981 4392 1089 4446 ἀπὸ
1135 4395 1340 4460 παντὸς
1385 4396 1660 4470 μολυσμοῦ
1709 4399 1908 4468 σαρκὸς

331 4484 428 4535 καὶ
479 4481 783 4555 πνεύματος
806 4527 821 4550 ,
873 4484 1246 4563 ἐπιτελοῦντες
1304 4489 1610 4560 ἁγιωσύνην
1652 4492 1708 4542 ἐν
1757 4489 1906 4560 φόϐῳ

330 4572 486 4628 Θεοῦ.
518 4573 675 4645 Ζηλῶ
706 4576 813 4648 γὰρ
844 4577 986 4648 ὑμᾶς
1021 4577 1156 4630 Θεοῦ
1205 4578 1384 4649 ζήλῳ·
1435 4581 1762 4650 ἡρμοσάμην
1794 4579 1902 4652 γὰρ

2014 3403 2337 3473 egredimini
2379 3418 2411 3459 e
2457 3404 2638 3459 medio
2680 3403 2944 3474 ipsorum,
2975 3411 3028 3457 et
3074 3402 3425 3471 separamini,
3455 3401 3590 3456 dicit

2012 3493 2302 3562 Dominus,
2349 3504 2404 3550 et
2456 3496 2798 3550 immundum
2848 3511 2916 3549 ne
2957 3496 3228 3566 tangatis;
3268 3504 3322 3549 et
3358 3509 3459 3566 ego
3490 3510 3590 3548 vos

2012 3584 2331 3654 suscipiam,
2384 3593 2438 3639 et
2485 3601 2582 3640 ero
2610 3586 2767 3640 vobis
2817 3586 2870 3639 in
2912 3597 3140 3655 patrem,
3193 3595 3249 3640 et
3287 3601 3385 3640 vos
3433 3585 3588 3640 eritis

2011 3675 2144 3729 mihi
2208 3677 2259 3728 in
2305 3675 2446 3730 tilios
2488 3686 2542 3731 et
2602 3677 2762 3744 tilias,
2817 3677 2950 3731 dicit
3002 3675 3267 3732 Dominus
3334 3676 3586 3746 omnipo-

2011 3777 2200 3822 tens¢.
2251 3789 2268 3820 ι
2323 3766 2445 3822 Νοιι
2498 3769 2568 3823 ab
2615 3768 2703 3835 iis,
2765 3769 2859 3839 qui
2935 3785 3132 3823 uxores
3187 3769 3482 3834 duxerunt,
3527 3776 3589 3822 ut

2010 3857 2185 3924 aiunt,
2218 3858 2310 3913 sed
2339 3873 2370 3912 a
2410 3859 2684 3928 gentibus,
2718 3875 2841 3929 qua:
2874 3859 3055 3914 adhuc
3086 3859 3342 3914 vivebant
3387 3859 3442 3912 in
3475 3858 3588 3912 for-

2010 3951 2305 4018 nicatione,
2337 3959 2602 4022 praeterea
2651 3963 2833 4008 autem
2888 3969 2921 4008 a
2967 3954 3119 4023 prius
3157 3967 3376 4023 quoque
3423 3951 3589 4008 dictis

2012 4042 2337 4108 haeresibus,
2369 4055 2431 4099 ut
2479 4045 2778 4101 immundis
2809 4055 2862 4101 et
2902 4046 3106 4116 impiis,
3129 4045 3444 4116 prophetica
3474 4059 3576 4100 nos

2005 4132 2161 4202 jubet
2199 4135 2464 4204 separari.
2517 4133 2668 4190 Unde
2716 4136 2879 4190 etiam
2921 4135 3125 4192 Paulus
3163 4149 3382 4206 quoque
3418 4138 3582 4194 verba

2004 4225 2246 4296 dirigens
2273 4227 2339 4281 ad
2389 4243 2508 4295 eos,
2534 4230 2629 4298 qui
2654 4238 2812 4284 erant
2841 4229 2934 4300 iis,
2962 4232 3056 4300 qui
3089 4230 3219 4288 dicti
3253 4237 3404 4296 sunt,
3427 4228 3576 4284 simi-

2009 4319 2089 4374 les
2145 4338 2159 4373 :
2221 4338 2240 4372 ι
2295 4318 2406 4374 Has
2459 4335 2592 4390 ergo
2645 4319 3040 4391 promissiones
3100 4319 3332 4387 habete,
3380 4319 3578 4389 inquit,

2007 4411 2225 4466 dilecti:
2281 4413 2610 4469 mundemus
2659 4414 2826 4469 corda
2873 4422 3060 4470 nostra
3103 4415 3174 4470 ab
3211 4414 3362 4468 omni
3398 4412 3581 4484 inqui-

2008 4511 2268 4558 namento
2289 4505 2475 4560 carnis
2502 4513 2558 4560 et
2583 4505 2832 4575 spiritus,
2861 4505 3202 4574 perﬁcientes
3232 4504 3578 4558 sanctitatem

2007 4593 2059 4648 in
2096 4595 2294 4651 timore
2325 4594 2424 4651 Dei
2444 4595 2495 4648 δ.
2537 4595 2666 4651 Zelo
2713 4597 2857 4651 enim
2883 4610 2980 4652 vos
3006 4596 3120 4650 zelo
3148 4594 3281 4662 Dei;
3317 4593 3583 4666 despondi

332 4665 476 4734 ὑμᾶς
501 4665 582 4758 ενι
606 4667 782 4736 ἀνδρὶ,
809 4669 1074 4740 παρθένον
1099 4669 1268 4741 ἁγνὴν
1313 4672 1660 4741 παραστῆσαι
1693 4671 1800 4742 (56)
1824 4671 1900 4741 τῷ
1935 4655 1976 4708 D
2007 4687 2103 4741 cui:

1824 4671 1900 4741 τῷ
1935 4655 1976 4708 D
2007 4687 2156 4741 enim
2211 4701 2314 4743 vos
2368 4687 2464 4742 uni
2523 4688 2672 4754 viro,
2735 4686 3003 4758 virginem
3052 4695 3262 4743 castam
3320 4687 3579 4743 exhibere

329 4752 566 4825 Χριστῷ.
606 4773 624 4805 ι
669 4756 1034 4826 Ἐκκλησίαδὲ
1061 4758 1216 4812 ἄλλον
1236 4759 1296 4811 οὐ
1334 4761 1528 4828 γαμεῖ,
1551 4759 1641 4811 τὸν
1673 4761 1906 4830 νυμφίον

329 4845 638 4916 κεκτημένη
660 4863 672 4876 ⁸
705 4847 819 4899 ἀλλ’
849 4849 876 4899 6
904 4850 1023 4900 καθ’
1049 4849 1280 4904 ’ἑκαστον
1309 4850 1482 4921 ἡμῶν,
1516 4851 1582 4921 ἢν
1606 4851 1672 4904 ἂν
1713 4852 1903 4926 βούλη-

329 4957 418 4994 ται
449 4938 590 4993 κατά
631 4938 719 4991 τὸν
754 4939 916 5008 νόμον
962 4947 1190 5011 γαμεῖν,
1236 4944 1328 4997 τὸν
1381 4943 1594 5014 πρῶτον
1627 4946 1768 5014 λέγω
1795 4948 1898 5016 γά-

332 5050 432 5106 μον
456 5032 586 5102 (37),
629 5030 743 5100 ἔχει
780 5031 875 5102 τὴν
902 5030 1168 5095 ἐξουσίαν.
1210 5055 1228 5085 ε
1270 5037 1542 5108 ⁴Ιιοὸοῦμαι
1569 5037 1624 5091 δὲ
1679 5040 1895 5109 μήπως,

327 5124 407 5191 ὥς
437 5127 466 5181 ό
495 5124 614 5194 ὄφις
653 5123 994 5194 ἐξηπάτησεν
1027 5124 1172 5180 Εὔαν
1215 5130 1326 5200 (⁸58)
1375 5132 1433 5183 ἐν
1474 5134 1539 5202 τῇ
1574 5134 1894 5203 πανουργία,

402 5273 430 5303 ι
459 5260 616 5314 Deut.
646 5276 758 5319 χχι,
791 5259 876 5321 Η,
907 5259 992 5324 12,
1029 5259 1114 5312 l5.

333 5345 406 5398 vr,
437 5330 526 5398 16,
572 5330 772 5399 17,18.
848 5329 874 5367 ἀ
903 5327 945 5381 Il
969 5330 1096 5384 Cor.
1137 5345 1234 5396 vn,
1269 5333 1320 5388 1.
1402 5346 1426 5372 ο
1467 5334 1510 5386 ll
1537 5337 1666 5391 Cor.
1709 5354 1784 5399 xl,
1816 5338 1868 5393 2.

398 5462 508 5537 (52)
553 5465 676 5518 Ἐπὶ
697 5465 855 5537 μόνῃ
895 5477 955 5516 π.
989 5465 1144 5519 Conf.
1180 5465 1424 5536 Pcedag.,
1464 5469 1556 5523 lib.
1602 5487 1674 5537 ιι,
1719 5488 1768 5527 c.
1805 5473 1888 5536 10,

327 5546 383 5601 p.
420 5535 522 5588 19?.
551 5537 680 5591 edit.
714 5535 888 5589 Paris.

323 5603 511 5727 Pagi»)
543 5605 920 5678 Αἰχμαλώτῳ.
946 5603 1106 5658 Conf.
1147 5605 1344 5660 Strom.
1376 5625 1436 5674 ll,
1475 5626 1596 5680 pag.
1628 5613 1739 5667 599
1761 5613 1886 5666 edit.

371 5685 499 5727 al'lS.

397 5741 743 5820 (δὴ-Ἡμεῖς
770 5745 1203 5820 ...Απροφῄτηςη
1223 5747 1412 5820 Ὑμεῖς
1453 5751 1564 5820 γάρ
1605 5753 1730 5814 ναὸς
1757 5751 1892 5804 Θεοῦ

329 5807 450 5864 ἐστε
491 5807 734 5889 ςιῦντοςξ
763 5807 946 5883 mea};
974 5807 1157 5872 ἐἷπεν
1183 5818 1211 5870 ό
1251 5807 1413 5884 Θεός,
1453 5807 1496 5875 1Ἰ
1535 5807 1662 5878 Cor.
1693 5807 1770 5889 vr,
1797 5823 1890 5878 ubi

332 5883 721 5960 ιιιοδλιέσονταί
762 5906 850 5960 μοι
878 5889 926 5942 λ.

396 5954 508 6015 (35)
545 5954 774 6022 Ἔχετεξ
803 5961 1052 6028 Ἔχοντες
1075 5958 1261 6016 ιιςοτ.
1298 5975 1391 6026 vn,
1419 5961 1510 6016 ubi
1539 5978 1684 6032 mox,
1722 5961 1887 6017 καθα-

2005 4775 2228 4832 Christo
2254 4789 2335 4831 ε.»
2369 4775 2438 4831 Et
2477 4776 2717 4832 Ecclesia
2777 4776 2998 4846 quidem
3038 4775 3130 4831 alii
3177 4791 3285 4831 non
3332 4775 3580 4846 jungitur

2005 4870 2376 4936 matrimonio,
2403 4885 2527 4924 cum
2572 4883 2834 4938 sponsum
2866 4869 3066 4924 habeat
3095 4887 3107 4922 :
3148 4867 3242 4923 sed
3280 4866 3581 4936 unusquis-

2005 4972 2114 5027 que
2166 4967 2414 5014 nostrum
2451 4959 2613 5012 habet
2639 4967 2958 5027 potestatem
2992 4958 3244 5022 ducendi,
3271 4972 3580 5028 quamcun-

2004 5065 2112 5120 que
2146 5051 2292 5116 velit,
2328 5049 2624 5121 lcgitimam
2665 5065 2915 5115 uxorem,
2966 5050 3020 5103 in
3071 5049 3283 5119 primis,
3324 5049 3599 5120 inquam,

2008 5143 2234 5214 nuptiis.
2274 5163 2292 5196 ι
2329 5141 2535 5197 Vereor
2566 5151 2772 5208 autem,
2799 5157 2885 5206 ne,
2919 5140 3061 5196 sicut
3104 5156 3329 5212 serpens
3361 5141 3576 5198 seduxit

1264 5268 1324 5340 gi
1362 5264 1419 5317 P.
1459 5265 1696 5340 sileo.
1730 5266 2022 5340 nomen,
2057 5276 2298 5332 εδδ-457
2322 5272 2430 5327 ED.
2453 5271 2678 5330 PARIS.
2754 5273 2783 5312 ι
2810 5271 2979 5327 Exod.
3012 5289 3035 5327 ιι

1828 5266 2022 5340 ΪΤΕΒ,
2057 5276 2298 5332 456-457
2322 5272 2430 5327 ΕΙ).
2453 5271 2678 5330 PARIS.
2754 5273 2783 5312 1³
2810 5271 2979 5327 Exod.
3012 5288 3126 5338 xIx,
3156 5274 3246 5327 20.
3324 5283 3347 5311 ο
3381 5271 3424 5326 ΙΙ
3445 5272 3599 5330 Cor..

2002 5475 2240 5548 ρίσωμεν
2268 5475 2493 5548 ἑαυτοὺς
2518 5475 2616 5530 ἀπ.

2072 5543 2183 5616 (56)
2215 5545 2520 5616 Παρθένον
2549 5545 2745 5616 ἁγνὴν
2785 5543 3186 5612 παραστῆσαι.
3229 5543 3600 5601 5υῐιτωάῑοιι--

1998 5614 2128 5671 dum
2162 5614 2319 5669 ὥστε.
2355 5614 2619 5671 διιιιιιῐιο.

1999 5753 2042 5808 L
2075 5688 2186 5756 (57)
2223 5684 2332 5739 Τὸν
2359 5686 2594 5755 πρῶτον
2620 5690 2679 5740 λ.
2712 5683 2918 5756 τάμον.
2943 5683 3102 5740 (Ioni.
3138 5699 3190 5755 p.
3223 5685 3327 5743 428
3359 5696 3413 5739 ct
3435 5685 3566 5748 μοι.

2045 5773 2226 5808 ow'rn.

2045 5773 2226 5811 OWTII.

2068 5827 2180 5900 (58)
2219 5826 2495 5900 ’Eﬁngtdt:
2529 5825 3194 5900 Eﬁ._E5av‘_é§1-,:dttr,csv
3240 5829 3301 5882 ἐν
3336 5827 3405 5900 τῇ
3431 5839 3568 5884 mv-

1997 5895 2194 5972 ουργίᾲ
2217 5895 2402 5963 αὐτοῦ,
2434 5896 2576 5956 οὕτω
2599 5897 2800 5969 φθαρῇ,
2827 5895 2865 5951 Il
2891 5895 3016 5955 (lor.
3041 5895 3115 5952 xi.
