4484 6586
395 420 532 475 H77

1668 424 2101 484 STROMATUM
2143 425 2274 480 LIB.
2316 424 2401 479 Ill.

3510 427 3647 482 “78

395 543 788 614 προειρημένα,
813 539 1007 610 ὲπιϐοᾷ
1025 559 1036 570 ·
1065 562 1081 590 ι
1103 544 1172 596 Τὸ
1198 545 1293 615 μὲν
1315 545 1474 615 σῶμα
1502 546 1690 616 νεκρὸν
1711 545 1970 618 δι’ἀμαρ-
1998 556 2041 610 Α
2071 563 2165 600 cur

1868 564 1970 618 ,αρ-
1998 556 2041 610 Α
2071 561 2291 600 carnem
2342 546 2708 612 ambulamus,
2757 549 2848 602 sed
2903 549 3202 604 secundum
3255 549 3504 618 spiritum
3535 563 3582 604 ι.
3623 573 3639 602 ι

391 631 537 687 τίανο
567 654 586 686 ι
633 631 830 701 δηλῶν,
862 631 936 694 ὡς
979 633 1060 686 ὅτι
1112 635 1185 706 μὴ
1223 635 1390 699 νεὼς,
1425 636 1595 704 τάφος
1627 635 1672 688 δ’
1707 637 1852 689 ἐστὶν
1886 638 1965 690 ἔτι

388 729 486 798 τῆς
516 725 692 795 ψυχῆς
719 723 858 794 (47)’
892 727 1124 798 ὁπηνίκα
1154 729 1264 798 γὰρ
1295 727 1532 798 ἀγιασθῇ
1576 729 1656 798 τῷ
1680 729 1816 798 Θεῷ,
1849 749 1866 779 ι
1895 731 1964 783 Τὸ

391 818 614 887 Πνεῦμα
653 815 786 886 (48¹,
815 835 833 869 ι
874 820 1098 882 ἐποίσει,
1138 840 1155 872 ι
1201 821 1295 872 τοῦ
1330 820 1638 890 ἐγείραντος
1670 824 1732 872 ἐκ
1759 821 1963 892 νεκρῶν

401 909 609 978 Ἰησοῦν
640 911 778 960 οἰκεῖ
813 911 870 962 ἐν
903 912 1029 980 ὑμῖν
1051 929 1063 941 ·
1101 912 1160 975 ὂς
1193 909 1518 980 ζωοποιήσει
1551 912 1641 964 καὶ
1685 913 1754 964 τά
1798 914 1960 984 θνητά

389 999 617 1068 σώματα
657 1001 807 1070 ὑμῶν
839 1003 925 1055 διὰ
969 1005 1061 1057 τοῦ
1094 1005 1427 1066 ἐνοικοῦντος
1454 1005 1616 1057 αὑτοῦ
1651 1007 1960 1076 Πνεῦματος

387 1097 444 1146 ἐν
480 1094 624 1160 ὑμῖν.
655 1112 670 1141 ι
711 1089 873 1154 Αὖθις
920 1092 1044 1158 οῦν,
1095 1100 1206 1160 τοῖς
1262 1095 1562 1165 φιληδόνοις
1596 1096 1955 1166 ἐπιπλήττων,

385 1187 568 1236 ἐκεῖνα
602 1184 920 1254 προστίθησι
942 1201 954 1214 ⁸
989 1205 1006 1236 ι
1035 1188 1106 1239 Τὸ
1137 1188 1246 1257 γὰρ
1281 1189 1538 1258 φρόνημα
1587 1187 1686 1256 τῆς
1721 1187 1918 1258 σαρκὸς
1941 1231 1956 1252 ,

386 1274 633 1337 θάνατος.
664 1277 784 1328 Ὅτι
816 1276 865 1328 οί
899 1276 1039 1328 κατὰ
1071 1280 1245 1349 σάρκα
1273 1280 1473 1342 ζῶντες
1505 1278 1572 1330 τὰ
1615 1280 1710 1348 τῆς
1761 1282 1958 1354 σαρκὸς

383 1366 699 1438 φρονοῦσινο
736 1369 828 1421 καὶ
874 1369 934 1420 τὸ
967 1369 1216 1440 φρόνημα
1270 1373 1364 1441 τῆς
1411 1371 1610 1442 σαρκὸς
1658 1371 1823 1442 ἔχθρα
1880 1376 1957 1436 εἰς

381 1459 543 1510 Θεονο
578 1457 786 1530 τῷγὰρ
828 1460 977 1528 νόμῳ
1018 1460 1111 1511 τοῦ
1159 1461 1291 1515 Θεοῦ
1326 1465 1424 1532 οὐχ
1475 1461 1858 1514 ὑποτάσσεται.
1893 1466 1953 1516 ΟΞ

377 1549 433 1602 δὲ
486 1552 542 1601 ἐν
583 1551 744 1620 σαρκὶ
775 1551 926 1613 ὄντες
962 1570 979 1600 ›
1026 1551 1156 1621 οὐχ,
1206 1552 1282 1616 ὥς
1338 1570 1482 1614 τινες
1538 1552 1950 1623 δογματίζουσι,

383 1661 402 1693 ι
430 1642 546 1711 Θεῷ
575 1644 770 1713 ἀρέσαι
803 1643 864 1692 οὐ
896 1641 1166 1706 δύνανται,
1208 1665 1225 1695 ι
1263 1646 1378 1697 ἀλλ’
1412 1645 1488 1708 ὡς
1522 1647 1948 1717 προειρήκαμεν.

375 1731 507 1787 Εἶτα
531 1735 664 1803 πρὸς
688 1733 1086 1804 ἀντιδιαστολὴν
1112 1737 1314 1789 τούτων
1336 1740 1402 1806 τῇ
1443 1737 1736 1808 Ἐκκλησία
1758 1738 1918 1807 φησίν
1934 1756 1948 1767 ο

381 1846 398 1876 ι
423 1827 607 1896 Ὑμεῖς
623 1827 678 1878 δέ
698 1824 798 1877 οὔκ
823 1826 944 1876 ἐστε
980 1829 1036 1878 ἐν
1073 1829 1382 1899 σαρκὶ,ἁλλ’
1408 1831 1464 1880 ἐν
1490 1828 1777 1898 πνεύματι,
1796 1831 1950 1900 εἴπερ

373 1916 590 1985 πνεῦμα
623 1915 756 1967 Θεοῦ
783 1916 922 1967 οίκεῖ
947 1919 1003 1968 ἐν
1036 1917 1181 1988 ὑμῖν.
1199 1921 1261 1972 Εἰ
1289 1920 1346 1972 δέ
1367 1937 1451 1981 τις
1478 1919 1688 1988 πνεῦμα
1715 1920 1947 1990 Χριστοῦ

368 2009 469 2059 οὐκ
519 2007 654 2076 ἔχει,
683 1999 836 2066 οὗτος
886 2008 983 2059 οῦκ
1037 2009 1181 2061 ἔστιν
1215 2009 1398 2062 αὑτοῦ.
1433 2011 1494 2062 Εἰ
1528 2011 1583 2062 δέ
1614 2011 1844 2081 Χριστὸς
1893 2014 1949 2064 ἐν

370 2101 517 2169 ὑμῖν,
541 2099 600 2150 τὸ
631 2100 724 2168 μὲν
761 2099 918 2168 σῶμα
943 2101 1130 2172 νεκρὸν
1151 2103 1216 2155 δι’
1240 2104 1536 2173 ἁμαρτίαν,
1565 2104 1624 2156 τὸ
1648 2103 1703 2155 δὲ
1735 2103 1950 2173 πνεῦμα

367 2190 480 2259 ζωὴ
519 2189 603 2242 διὰ
632 2190 994 2261 δικαιοσύνην.
1053 2194 1193 2264 Ἀρα
1236 2189 1348 2257 οῦν,
1387 2195 1643 2262 ἀδελφοὶ,
1674 2195 1948 2263 ὀφειλέται
1983 2245 1986 2248 ,

365 2282 534 2352 ἐσμέν
559 2282 618 2334 οὗ
652 2284 716 2352 τῇ
755 2282 916 2352 σαρκὶ
944 2283 1034 2335 τοῦ
1067 2285 1205 2338 κατὰ
1236 2287 1412 2356 σάρκα
1439 2287 1564 2356 ζῇνο
1603 2289 1649 2339 εἰ
1675 2288 1783 2359 γὰρ
1809 2288 1947 2340 κατὰ

366 2373 545 2444 σάρκα
601 2371 748 2442 ζῆτε,
789 2372 1007 2442 μέλλετε
1040 2375 1431 2446 ἀποθνήσκειν·
1475 2379 1522 2428 εί
1572 2377 1628 2428 δέ
1675 2377 1944 2446 πνεύματι

363 2465 460 2526 τὰς
489 2464 716 2536 πράξεις
748 2465 843 2518 τοῦ
878 2466 1127 2535 σώματος
1159 2467 1475 2529 θανατοῦτε,
1507 2466 1752 2536 ζήσεσθε.
1791 2469 1943 2520 Ὅσοι

363 2555 469 2626 γὰρ
504 2556 773 2626 πνεύματι
804 2557 938 2610 Θεοῦ
971 2559 1212 2624 ἄγονται,
1249 2555 1391 2611 οἴετοί
1419 2561 1554 2611 εἰσιν
1595 2560 1700 2610 υἱοὶ
1733 2559 1886 2612 Θεοῦ.
1918 2579 1935 2610 ι

360 2646 468 2699 Καὶ
503 2647 639 2716 πρὸς
668 2647 766 2718 τὴν
795 2648 1079 2714 εὐγένειαν
1111 2649 1204 2700 καὶ
1233 2649 1368 2718 πρὸς
1389 2649 1488 2718 τὴν
1514 2649 1824 2720 ἐλευθερίαν
1846 2650 1942 2720 τὴν

360 2737 752 2801 καταπτύστως
813 2739 917 2790 ὑπὸ
972 2739 1084 2791 τῶν
1155 2739 1476 2810 ἑτεροδόξων
1539 2741 1898 2810 εἰσαγομένην
1926 2781 1939 2802 ,

357 2831 445 2882 ἐπ’
477 2831 732 2902 ἀσελγείᾳ
759 2832 1149 2902 καυχωμένων,
1175 2833 1422 2903 ἐπιφέρει
1446 2831 1650 2899 λέγων·
1685 2851 1703 2880 ι
1735 2833 1807 2883 Οὐ
1834 2833 1940 2902 γὰρ

357 2920 576 2972 ὲλάὸετε
610 2920 826 2992 πνεῦμα
851 2921 1092 2984 δουλείας
1125 2921 1286 2974 πάλιν
1314 2923 1393 2983 εἰς
1434 2920 1617 2988 φόϐον,
1654 2918 1769 2972 ἀλλ’
1816 2918 1940 2970 ἐλά-

355 3009 478 3062 ϐετε
526 3011 740 3081 πνεῦμα
785 3011 1096 3076 υἱοθεσίας,
1130 3015 1188 3065 ἐν
1241 3004 1286 3078 ᾧ
1337 3009 1646 3080 κράζομεν,
1708 3007 1874 3060 Ἀϐϐά
1913 3010 1940 3060 ὀ

363 3100 571 3166 Πατήρ·
615 3112 634 3146 ι
663 3101 957 3162 τουτέστιν,
995 3104 1074 3164 είς
1111 3102 1268 3154 τοῦτο
1311 3100 1610 3168 ἐλάϐομεν,
1651 3100 1735 3150 ἵνα
1777 3097 1939 3166 γινὼ-

2066 639 2271 693 Praeter
2307 639 2420 693 haec
2462 641 2642 694 adhuc
2677 640 2964 695 declarans
2997 656 3080 702 ea,
3131 657 3254 711 quae
3297 643 3447 710 prius
3501 643 3652 698 dicta'

2065 739 2216 795 sunt,
2263 733 2571 785 exclamat:
2623 748 2642 781 ι
2685 731 2894 801 Corpus
2938 732 3156 802 quidem
3191 745 3468 788 mortuum
3520 749 3641 802 pro-

2063 831 2184 890 pter
2218 831 2498 888 peccatum
2528 841 2540 875 :
2578 841 2596 872 ι
2633 821 2948 890 signiﬁcans
2978 821 3029 874 id
3062 837 3169 874 non
3209 839 3327 876 esse
3358 823 3641 890 templum,

2063 913 2156 966 sed
2189 912 2495 978 sepulcrum
2548 914 2766 966 aninnr.
2804 913 3034 979 Quando
3063 914 3209 966 enim
3242 916 3639 968 sanctiﬁcatum

2063 1003 2226 1056 fuerit
2253 1001 2382 1068 Deo,
2440 1023 2457 1055 ι
2493 1005 2733 1074 Spiritus
2756 1006 2894 1071 ejus,
2938 1026 2954 1058 ι
2992 1007 3175 1069 infert,
3222 1024 3240 1054 ‹
3275 1006 3366 1074 qui
3409 1007 3640 1059 suscita-

2063 1095 2138 1147 vit
2167 1092 2396 1148 .lcsuma
2435 1098 2686 1162 mortuis,
2721 1097 2930 1149 habitat
2968 1098 3020 1150 in
3047 1099 3198 1152 vobis
3234 1118 3246 1152 :
3281 1100 3372 1167 qui
3401 1099 3640 1152 virilicav

2063 1187 2324 1240 bitetiam
2364 1190 2614 1242 mortalia
2656 1199 2836 1241 vestra
2879 1204 3126 1258 corpora,
3164 1208 3259 1260 per
3303 1191 3422 1259 cjns
3464 1189 3638 1259 Spiri--

2058 1287 2197 1340 tum,
2229 1279 2319 1347 qui
2362 1280 2568 1334 habitat
2600 1281 2652 1333 in
2686 1281 2841 1334 vobis
2873 1279 2922 1332 ι).
2966 1298 2984 1328 ι
3023 1281 3234 1335 liursns
3267 1284 3392 1350 itatp
3419 1298 3449 1337 e
3486 1282 3640 1334 volu-

2058 1370 2268 1439 ptarios
2341 1373 2649 1440 increpans,
2695 1373 2783 1426 illa
2826 1372 3053 1440 adjicit:
3093 1391 3110 1421 ι
3152 1371 3443 1425 Prudentia
3491 1373 3636 1426 enim

2057 1461 2263 1524 carnis,
2304 1478 2489 1527 mors;
2521 1465 2778 1532 quoniam
2829 1464 2920 1532 qui
2959 1480 3025 1518 ex
3085 1479 3250 1516 carne
3303 1464 3510 1525 vivunt,
3550 1480 3634 1523 ea,

2056 1568 2177 1623 quae
2203 1565 2330 1607 sunt
2357 1555 2560 1617 carnis,
2591 1556 2865 1623 cogitant;
2911 1564 2963 1609 ct
3005 1556 3293 1626 prudentia
3331 1556 3512 1609 Carnis
3554 1566 3638 1608 est

2055 1663 2179 1700 cum
2208 1644 2318 1697 Deo
2348 1660 2533 1714 gerere
2566 1645 2909 1709 inimicitias;
2945 1648 3045 1716 legi
3081 1647 3224 1700 enim
3256 1645 3349 1699 Dei
3379 1664 3483 1699 non
3512 1647 3636 1700 sub-

2048 1737 2257 1806 jicitur.
2297 1736 2398 1802 Qui
2425 1747 2604 1789 autem
2633 1746 2759 1788 sunt
2796 1737 2847 1788 in
2886 1752 3070 1799 carne,
3120 1758 3136 1788 ι
3173 1754 3277 1790 non
3314 1746 3371 1790 ut
3409 1739 3630 1804 qudam

2053 1828 2373 1888 decernunt,
2425 1826 2586 1880 «Deo
2634 1827 2851 1896 placere
2910 1843 3016 1880 non
3070 1838 3318 1896 possunt,
3357 1847 3374 1878 ι
3433 1828 3525 1880 sed
3579 1838 3636 1880 ut

2053 1920 2204 1986 prius
2265 1920 2528 1973 diximus.
2580 1917 2782 1972 Deinde
2853 1928 2912 1972 ut
2959 1934 3054 1972 cos
3102 1920 3439 1980 distinguat,
3504 1918 3636 1972 dicit

2055 2005 2350 2060 Ecclesiae:
2396 2025 2414 2057 ι
2468 2005 2573 2061 Vos
2614 2018 2796 2061 autem
2840 2025 2946 2061 non
2993 2011 3125 2062 estis
3164 2009 3320 2078 197
3354 2010 3404 2065 in
3443 2023 3628 2070 carne,

2055 2097 2147 2149 sed
2181 2097 2232 2148 in
2263 2097 2479 2165 spiritu,
2513 2097 2556 2151 si
2582 2099 2799 2162 quidem
2839 2099 3067 2167 spiritus
3095 2099 3185 2151 Dei
3222 2101 3429 2152 habitat
3461 2100 3510 2151 in
3539 2115 3633 2152 vo-

2051 2187 2157 2241 bis.
2186 2186 2243 2238 Si
2289 2185 2414 2254 quis
2454 2195 2632 2240 autem
2667 2188 2918 2256 spiritum
2956 2188 3160 2242 Christi
3210 2207 3319 2242 non
3369 2191 3553 2250 habet.
3585 2193 3631 2245 is

2051 2295 2158 2331 non
2191 2288 2273 2332 est
2311 2279 2450 2347 ejus.
2481 2277 2535 2332 Si
2583 2289 2761 2333 autem
2809 2280 3062 2336 Christus
3118 2282 3172 2336 in
3224 2283 3396 2346 vobis,
3431 2299 3631 2352 corpus

2047 2369 2268 2438 quidem
2297 2377 2380 2422 est
2420 2380 2693 2424 mortuum
2728 2388 2822 2440 per
2845 2381 3151 2441 peccatum,
3189 2375 3419 2443 spiritus
3442 2385 3628 2430 autem

2046 2460 2201 2513 vivus
2238 2475 2333 2528 per
2357 2459 2647 2528 justitiam.
2702 2461 2986 2518 Debitores
3031 2465 3216 2534 itaque
3265 2480 3480 2530 sumus,
3517 2465 3628 2520 fra—

2047 2559 2174 2613 tres,
2206 2567 2314 2604 non
2340 2553 2516 2617 carni,
2563 2561 2620 2606 ut
2655 2555 2953 2608 secundum
2990 2571 3215 2609 carnem
3243 2556 3515 2612 vivamus.
3569 2555 3627 2611 Si

2043 2643 2187 2694 enim
2218 2644 2514 2697 secundum
2564 2661 2786 2698 carnem
2837 2645 3036 2710 vivitis,
3068 2648 3201 2700 estis
3252 2648 3506 2702 morituri
3535 2667 3550 2703 :
3581 2651 3627 2703 si

2042 2748 2170 2786 vero
2196 2735 2392 2802 spiritu
2440 2737 2581 2790 facta
2633 2737 2817 2792 carnis
2872 2740 3358 2805 mortilicaveritis,
3407 2741 3623 2798 vivetis.

2043 2822 2366 2894 Quicunque
2396 2825 2542 2879 enim
2569 2828 2765 2897 spiritu
2803 2827 2895 2881 Dei
2931 2839 3188 2898 aguntur,
3221 2837 3276 2892 »Β
3308 2832 3342 2884 ii
3374 2842 3504 2886 sunt
3527 2831 3622 2886 lilii

2042 2915 2155 2969 Dei.
2173 2937 2188 2967 ι
2223 2917 2284 2970 Et
2301 2918 2566 2972 adversus
2584 2921 2922 2974 nobilitatem
2943 2932 2994 2974 et
3009 2923 3274 2977 adversus
3292 2925 3620 2987 libertatem,

2041 3023 2160 3073 qua:
2176 3009 2582 3062 exsecrabiliter
2594 3011 2660 3062 ab
2691 3011 2778 3074 iis,
2795 3011 2887 3079 qui
2919 3027 3048 3064 sunt
3066 3013 3298 3067 diversae
3318 3016 3622 3078 sententiae,

2041 3100 2420 3164 introducitur,
2440 3103 2530 3169 qui
2555 3101 2620 3154 de
2638 3102 2862 3155 libidine
2879 3104 3209 3172 gloriantur,
3227 3104 3519 3175 subjungit,
3548 3104 3626 3158 di-

355 3207 575 3261 σκωμεν
605 3190 815 3254 τοῦτον,
846 3185 890 3258 ᾧ
929 3192 1344 3262 προσευχόμεθα
1365 3231 1379 3254 ,
1426 3191 1518 3242 τὸν
1562 3189 1638 3259 τῷ
1669 3190 1780 3242 ὄντι
1833 3205 1937 3242 πα-
1964 3229 2006 3284 c
2041 3206 2126 3243 cer

1853 3205 1937 3242 τα-
1964 3229 2006 3284 c
2041 3206 2169 3244 cens
2201 3209 2244 3242 τι
2284 3190 2400 3244 Non
2421 3192 2565 3245 enim
2585 3194 2875 3261 accepistis
2903 3195 3159 3264 spiritum
3203 3197 3486 3250 servitutis
3513 3213 3624 3250 rur-

353 3281 506 3351 τέρα,
524 3281 614 3334 τὸν
651 3283 759 3335 τῶν
789 3281 955 3334 ὄντων
989 3283 1146 3353 μόνον
1168 3282 1511 3349 Πατέρα,τὸν
1547 3283 1627 3343 εἰς
1661 3281 1935 3351 σωτηρίαν

352 3373 674 3427 παιδεύοντα
711 3375 786 3438 ὡς
821 3376 1053 3446 πατέρα,
1092 3375 1184 3427 καὶ
1216 3374 1304 3426 τὸν
1338 3375 1499 3443 φόϐον
1525 3373 1737 3428 ἀπειλεῖ
1761 3374 1892 3442 (49).

2045 3296 2140 3335 sus
2172 3281 2224 3334 in
2250 3282 2523 3349 timorem,
2563 3285 2655 3338 sed
2693 3287 2983 3354 accepistis
3015 3287 3266 3354 spiritum
3305 3289 3618 3356 adoptionis

2052 3372 2323 3438 liliorum,
2367 3374 2419 3426 in
2456 3389 2565 3443 quo
2617 3375 2940 3440 clamamus,
2980 3375 3131 3430 Abba
3169 3376 3332 3431 Pater
3357 3389 3378 3416 ο
3409 3396 3422 3442 ;
3459 3398 3476 3429 ι
3514 3379 3622 3432 hoc

351 3475 454 3530 est,
517 3467 581 3518 ad
620 3467 724 3520 hoc
771 3467 1105 3535 accepimus,
1165 3474 1223 3518 ut
1280 3479 1674 3534 cognoscamus
1717 3479 1865 3524 eum,
1912 3476 2073 3530 quem
2101 3476 2356 3526 oramus,
2409 3463 2500 3531 qui
2536 3473 2620 3517 est
2651 3480 2774 3518 vere
2808 3456 2986 3531 Pater,
3023 3468 3115 3535 qui
3157 3483 3340 3521 rerum
3373 3470 3620 3524 omnium

351 3559 499 3616 solus
535 3552 818 3624 cstPater,
843 3561 934 3628 qui
986 3563 1050 3612 ad
1095 3560 1326 3613 salutem
1352 3559 1530 3611 erudit
1557 3567 1609 3610 et
1653 3555 1880 3623 castigat
1942 3561 2000 3606 ut
2025 3565 2202 3621 pater,
2241 3563 2292 3607 et
2326 3555 2578 3609 timorem
2613 3556 2872 3610 minatur.

1781 3669 2011 3724 CAPUT
2066 3668 2180 3722 .\ll.

655 3783 822 3836 Verba
856 3787 1094 3851 Apostoti
1126 3784 1154 3837 1
1182 3783 1306 3838 Cor.
1333 3800 1430 3845 vu,
1455 3784 1507 3848 5,
1540 3783 1627 3847 59,
1661 3783 1748 3844 40,
1783 3784 1994 3850 aliaque
2035 3781 2093 3835 S.
2124 3780 2418 3848 Scriptura:
2441 3784 2558 3836 locu
2579 3785 2758 3837 eodem
2783 3786 3075 3854 spectantia
3109 3789 3362 3856 explicat.

441 3877 502 3928 Ἦ
534 3877 590 3929 δὲ
623 3879 686 3929 ἐκ
713 3877 1004 3947 συμφώνου
1039 3879 1150 3946 (50)
1191 3879 1328 3950 πρὸς
1370 3878 1560 3949 καιρὸν
1605 3877 1937 3947 σχολάζουσα

347 3972 413 4041 τῇ
446 3973 716 4040 προσευχῇ
755 3969 982 4036 συζυγία
1036 3971 1366 4040 ἐγκρατείας
1419 3970 1535 4022 ἐστὶ
1586 3969 1929 4022 διδασκαλία·

348 4063 652 4134 προσέθηκε
686 4063 793 4134 γὰρ
823 4062 882 4114 τὸ
913 4061 1010 4131 μὲν
1041 4081 1058 4112 ι
1106 4063 1171 4114 ἐκ
1208 4062 1521 4131 συμφώνου,
1563 4081 1579 4112 ι
1617 4062 1704 4115 ἵνα
1747 4063 1820 4132 μή
1851 4078 1933 4124 τις

344 4153 566 4225 διαλύσῃ
602 4154 691 4206 τὸν
717 4154 911 4224 γάμον,
947 4171 965 4203 ι
997 4153 1134 4224 πρὸς
1167 4155 1355 4223 καιρὸν
1389 4155 1465 4217 δὲ,
1493 4173 1509 4204 ι
1542 4154 1615 4218 ὡς
1655 4155 1728 4224 μὴ
1750 4193 1763 4216 ,
1792 4152 1932 4204 κατὰ

346 4249 592 4319 ἀνάγκην
619 4249 951 4321 ἐπιτηδεύων
982 4247 1078 4318 τὴν
1112 4249 1437 4318 ἐγκράτειαν
1498 4250 1526 4300 ὁ
1575 4249 1790 4316 γήμας,
1821 4245 1928 4296 ὀλι-

348 4339 519 4410 σθῄσῃ
568 4342 697 4392 ποτὲ
751 4344 830 4404 εἰς
882 4337 1186 4409 ἁμαρτίαν,
1220 4338 1394 4406 φειδοῖ
1429 4339 1527 4409 μὲν
1574 4339 1672 4407 τῆς
1733 4334 1924 4387 ἑαυτοῦ

349 4429 627 4496 συζυγίας,
655 4433 923 4503 ἐπιθυμία
947 4431 1003 4484 δέ
1036 4430 1290 4501 ἀλλοτρίᾳ
1318 4429 1645 4500 περιπεσών.
1677 4422 1744 4497 ’ᾫ
1785 4426 1926 4496 λόγῳ

347 4521 438 4574 καὶ
460 4522 548 4572 τὸν
585 4524 913 4594 ἀσχημονεῖν
941 4524 1050 4596 (51)
1084 4522 1272 4576 ἑαυτὸν
1319 4523 1411 4574 ἐπὶ
1448 4526 1512 4590 τῇ
1560 4519 1917 4589 παρθενοτρυ-

2114 3875 2269 3941 Quod
2302 3885 2482 3930 autem
2519 3896 2538 3926 ι
2574 3893 2642 3930 ex
2671 3893 2946 3932 consensu
3001 3880 3070 3934 ad
3127 3893 3339 3949 tempus
3379 3881 3614 3937 oratiOtii

2042 3978 2202 4022 vacat
2232 3989 2251 4018 ›
2288 3969 2628 4038 conjugium,
2659 3969 2908 4024 doctrina
2939 3978 3020 4024 est
3051 3973 3415 4026 continentize.
3451 3973 3616 4042 Adje-

2040 4062 2114 4113 cit
2158 4061 2302 4114 enim
2335 4060 2466 4113 illud
2500 4060 2740 4128 quidem,
2791 4078 2810 4110 ι
2845 4076 2906 4114 cx
2959 4077 3256 4126 consensu,
3290 4081 3308 4113 ι
3369 4075 3437 4117 ne
3490 4065 3614 4133 quis

2038 4152 2359 4204 dissolveret
2399 4148 2842 4215 matrimonium;
2888 4168 2906 4200 ι
2938 4151 3004 4204 ad
3047 4159 3262 4221 tempus
3296 4153 3548 4215 autcmd,
3590 4175 3610 4204 ι

2035 4260 2121 4304 ne,
2154 4244 2282 4295 dum
2313 4258 2376 4294 ex
2405 4241 2728 4294 necessitate
2756 4251 2975 4296 exercet
2998 4246 3388 4298 continentiam
3424 4247 3488 4308 is,
3519 4249 3612 4314 qui

2035 4349 2259 4385 uxorem
2288 4334 2526 4395 duxerit,
2568 4334 2784 4386 labatur
2822 4336 2873 4388 in
2903 4346 3182 4404 peccatum
3206 4378 3220 4402 ,
3251 4347 3303 4390 et
3336 4338 3463 4389 dum
3509 4353 3610 4392 suo

2032 4424 2286 4493 conjugio
2319 4425 2516 4493 parcit,
2545 4426 2780 4478 alienum
2815 4428 3188 4494 concupiscat.
3234 4426 3350 4492 Qua
3399 4430 3610 4484 ratione

2031 4532 2176 4579 eum,
2209 4516 2301 4583 qui
2333 4532 2392 4569 se
2424 4517 2682 4571 indecore
2725 4533 2912 4586 gerere
2942 4519 3242 4583 existimat,
3269 4523 3412 4588 quod
3444 4522 3611 4587 virgi-

348 4613 445 4683 φία
476 4613 927 4683 ὑπολαμϐάνοντα
976 4615 1150 4678 καλῶς
1198 4615 1276 4677 είς
1318 4615 1494 4683 γάμον
1524 4613 1780 4665 ἐκδώσειν
1826 4613 1924 4683 τὴν
1956 4601 2005 4658 Ι)
2031 4623 2118 4660 ιιει

1836 4613 1924 4683 τὴν
1956 4601 2005 4658 D
2031 4623 2151 4660 nem
2185 4607 2315 4673 alat,
2348 4619 2494 4661 recte
2533 4624 2653 4660 eam
2703 4609 2838 4662 dicit
2885 4625 3011 4663 esse
3064 4621 3292 4680 nuptum
3330 4612 3607 4668 daturum.

349 4703 620 4774 θυγατέρα
653 4706 855 4774 ἔλεγεν.
897 4709 961 4762 Ἦ
1015 4707 1264 4780 πρόθεσίς
1316 4723 1374 4757 τε
1435 4705 1697 4768 ἑκάστου,
1736 4705 1828 4758 τοῦ
1867 4724 1923 4759 τε

348 4797 530 4851 ἑαυτὸν
587 4797 1002 4867 εὐνουχίσαντος
1035 4804 1128 4856 τοῦ
1179 4818 1236 4855 τε
1279 4794 1343 4852 αὖ
1389 4797 1553 4868 γάμῳ
1595 4799 1682 4852 διὰ
1733 4800 1921 4853 παιδο-

351 4889 525 4942 ποιίαν
557 4886 930 4952 συζεύξαντος,
969 4892 1244 4954 ἁνένδοτος
1276 4890 1408 4960 πρὸς
1439 4888 1500 4940 τὸ
1533 4883 1691 4962 ἦττον
1733 4890 1922 4960 διαμέ-

1095 5056 1122 5094 b
1146 5054 1304 5118 lbitl.,
1343 5052 1426 5112 10,
1452 5052 1534 5105 ll.

1086 5125 1113 5162 ά
1146 5125 1164 5177 Ι
1198 5127 1324 5179 Cor.
1372 5139 1466 5186 vn,
1501 5123 1551 5177 5.

413 5066 440 5094 ι
472 5052 624 5105 Rom.
647 5065 763 5110 vin,
794 5049 845 5111 Ξ,
873 5050 926 5109 3,
965 5053 1014 5106 ιί.

343 5125 468 5188 ιςςε,
499 5122 601 5178 459
632 5119 734 5172 ED.
769 5119 987 5176 mnis.

418 5265 528 5332 (i7)
560 5263 744 5333 Τάφος
853 5257 962 5334 τῆς
991 5260 1216 5334 ψυχῆς.
1256 5264 1407 5319 Plato
1449 5266 1502 5318 in
1552 5261 1764 5334 (Iratylo
1795 5277 1916 5334 pag.

343 5329 449 5404 2ῖὸ
483 5329 649 5388 εΚαι
673 5336 778 5404 γὰρ
818 5331 962 5404 arma
994 5346 1056 5380 τι·
1081 5331 1136 5404 ἐς
1170 5349 1334 5398 φασιν
1383 5337 1515 5388 αὐτὸ
1548 5329 1747 5404 (σῶμα)
1784 5330 1920 5404 εἶναι

345 5400 440 5476 τῆξ
489 5400 697 5476 “PV/5.9;
750 5400 1216 5476 ἱῦς,τεθαξέ,μένης
1267 5406 1325 5455 ἐν
1383 5407 1462 5476 τῷ
1529 5405 1621 5458 νῦν
1655 5400 1917 5472 ’παρόντιο

352 5487 369 5516 ι
399 5471 792 5545 [Σοιμιιέριιῑιιι
834 5473 933 5545 hoc
966 5472 1160 5523 anima:
1197 5471 1508 5545 sepulcrum
1541 5471 1765 5545 quidam
1796 5489 1914 5525 esse

346 5543 566 5630 tt':t'.?tlt|t
604 5563 614 5596 :
649 5546 803 5616 quasi
852 5544 964 5613 ipsa
1008 5543 1259 5610 praesenti
1315 5546 1368 5597 in
1422 5543 1666 5616 tempore
1717 5545 1785 5599 sit
1825 5561 1912 5598 se-

347 5618 514 5673 pulta.
556 5631 573 5661 δ

363 5693 373 5702 '
415 5678 526 5743 (48)
570 5684 934 5755 ΤὸᾲΠνεῦμα,
967 5681 1096 5750 Quae
1125 5691 1470 5755 sequuntur,
1514 5685 1829 5755 imperfecte
1864 5691 1914 5736 ct

345 5753 618 5871 getting";
640 5753 726 5807 διὰ
776 5751 994 5828 μνήμης
1032 5751 1218 5808 recitat
1265 5761 1454 5807 auctor
1490 5769 1555 5809 cx
1593 5751 1761 5811 Rom.
1794 5769 1912 5820 vm,

387 5857 398 5871 .
449 5837 482 5871 ι.
516 5831 556 5871 I.
623 5861 635 5871 .

385 5857 398 5882 ,
429 5831 556 5882 0.1,
587 5831 635 5873 δ.

1612 5062 1632 5088 c
1670 5050 1800 5106 Ibid.
1831 5054 1884 5120 δ,
1925 5053 1957 5107 6

2043 4696 2239 4751 Verum
2283 4699 2684 4768 unusquisque,
2728 4709 2838 4754 tam
2889 4701 2935 4755 is
2988 4704 3080 4770 qui
3129 4704 3430 4756 castitatem
3464 4703 3610 4756 dele-

2031 4793 2129 4861 git,
2157 4807 2320 4860 quam
2356 4794 2402 4846 is
2460 4793 2552 4861 qui
2596 4805 2816 4862 propter
2851 4794 3145 4848 liberorum
3175 4793 3608 4861 procreationem

2036 4884 2276 4954 seipsum
2325 4885 2609 4952 conjunxit
2659 4887 3034 4952 matrimonio,
3087 4885 3137 4937 in
3187 4901 3286 4938 suo
3325 4889 3606 4953 proposito

2009 5053 2138 5118 7,8,
2166 5052 2217 5116 9,
2255 5049 2341 5114 to,
2368 5049 2452 5113 ιε,
2481 5048 2566 5111 13,
2605 5048 2690 5112 tt,
2728 5049 2812 5101 ιδ.
2862 5053 2918 5111 ιῃ
2956 5047 3012 5100 Ρ.
3039 5045 3139 5099 διο
3170 5044 3276 5097 ED.
3306 5043 3612 5104 POTTLR,

1965 5097 2059 5120 9⁸9

2098 5260 2208 5330 (59‘,
2271 5255 2402 5307 Ἐὰν
2448 5255 2552 5307 τὸν
2613 5256 2800 5324 φόϐοι·
2849 5249 3096 5304 ἀπειλεῖ.
3150 5247 3359 5330 Exponi
3409 5259 3613 5318 potest.

2033 5349 2052 5381 ι
2084 5311 2333 5396 ili—eritque
2363 5311 2803 5396 timorem'ahigit
2832 5343 2848 5396 :A
2875 5342 2891 5371 ›
2931 5331 3116 5396 utnon
3147 5321 3213 5373 ad
3236 5311 3454 5373 Patrem
3484 5336 3608 5396 spe:-

2031 5411 2158 5466 ctct,
2196 5389 2653 5469 quemadmodum
2700 5389 3027 5469 existimavit
3062 5391 3359 5469 interpres,
3406 5393 3494 5469 sed
3534 5389 3600 5467 λιιι

2025 5462 2275 5539 spiritum
2297 5467 2629 5534 adoptionis,
2650 5481 2807 5535 quem
2831 5463 3058 5530 opponit
3082 5462 3297 5531 spiritui
3321 5462 3602 5514 servitutis

2024 5556 2089 5594 ac
2123 5540 2351 5594 timoris.

2097 5611 2209 5678 (50)
2244 5610 2336 5660 Ἐκ
2384 5606 2748 5678 σινμςὼνουη
2776 5601 3017 5678 Respicit
3109 5602 3234 5654 Cor.
3261 5615 3355 5678 vti,
3393 5599 3426 5651 5
3456 5616 3466 5650 :

2021 5667 2371 5750 ἀποστερεῖτε
2401 5667 2681 5746 ἀλλήλους,
2706 5676 2751 5725 εί
2784 5674 2857 5742 μή
2885 5667 2937 5724 τι
2970 5673 3035 5750 ᾇν
3058 5669 3435 5750 ἐκ-συμφὼνου
3461 5667 3596 5750 πρξς

2023 5741 2243 5820 καιρὸν,
2264 5751 2347 5801 ἵνα
2383 5741 3031 5820 σχολάζητε-τῇνηστεία
3059 5745 3150 5798 καὶ
3188 5741 3594 5820 enipeus-.0171.

2254 5801 2657 5890 Ἀσχτῇιοι-ἑῖὶθ.
2683 5801 2921 5885 Respicit
2949 5801 3114 5872 lCor.
3143 5801 3253 5880 vn:
3276 5801 3367 5868 ὅθ’.
