4484 6586
839 401 978 455 H79

1993 400 2384 458 ειειιελτιδ
2447 402 2906 458 ΑιΕΧΑδῡίιιΜ

3968 409 4124 464 H80

838 516 1070 571 tirmiter
1106 518 1266 572 debet
1308 533 1682 589 perseverare.
1722 536 1822 576 nec
1872 521 1924 574 in
1963 520 2206 575 deterius
2255 521 2424 575 deﬂe-
2456 543 2496 590 Α
2530 543 2608 578 νει

2354 525 2424 575 le-
2456 543 2496 590 Α
2530 543 2639 578 νειν
2669 523 2890 594 ὀφείλει.
2926 524 2986 574 Εἰ
3023 523 3122 590 μὲν
3158 528 3266 594 γὰρ
3299 531 3566 584 ἐπιτεῖναι
3590 526 3698 594 οἷός
3724 547 3782 584 τε.
3820 529 3975 583 ἔσται
4015 533 4125 586 τὸν

837 616 1005 662 ctere.
1042 607 1098 662 Si
1130 609 1274 661 enim
1307 607 1433 663 vita:
1455 625 1568 663 suae
1598 611 1904 664 institutum
1933 625 2129 680 augere
2153 627 2218 664 ac
2241 611 2419 664 inten»

841 700 974 754 dere
1009 699 1226 768 poterit,
1260 699 1524 770 majorem
1555 700 1654 754 sibi
1693 703 1837 770 apud
1871 701 2036 756 Deum
2078 702 2312 772 acquirit
2337 704 2422 756 di-

842 791 1126 860 gnitatem,
1166 801 1392 858 prepter
1426 807 1613 860 puram
1660 803 1714 845 et
1760 808 1827 848 ex
1873 795 2078 848 ratione
2119 792 2420 862 profectam

843 878 1264 935 continentiam.
1302 880 1357 934 Si
1389 889 1565 933 autem
1594 894 1738 944 eam,
1768 897 1934 950 quam
1964 881 2144 951 elegit,
2176 883 2418 951 regulam

842 971 1210 1038 superaverit,
1244 972 1298 1024 in
1350 971 1612 1035 majorem
1665 971 1861 1027 deinde
1901 973 1968 1028 ad
2011 988 2159 1042 spem
2190 974 2418 1042 gloriam

841 1062 1071 1117 recidet.
1105 1061 1279 1116 liabet
1305 1061 1450 1114 enim
1475 1062 1618 1116 sicut
1650 1063 1900 1129 castitas,
1931 1066 2002 1118 ita
2037 1065 2202 1118 etiam
2230 1067 2419 1118 matri—

841 1155 1091 1208 monium
1153 1154 1369 1223 propria
1439 1168 1666 1206 munera
1715 1163 1770 1207 et
1823 1156 2142 1220 ministeria,
2185 1171 2307 1224 qua:
2350 1155 2420 1209 ad

845 1244 1135 1299 Dominum
1183 1245 1474 1312 pertinent,
1521 1245 1784 1312 ﬁliorum,
1836 1247 2078 1317 inquam,
2110 1263 2298 1302 curam
2339 1263 2424 1317 ge-

844 1349 966 1387 rere
998 1345 1050 1386 et
1073 1334 1284 1388 uxoris.
1327 1334 1482 1398 Quod
1508 1335 1653 1388 enim
1690 1335 1919 1390 honeste
1950 1346 2208 1391 causatur
2235 1340 2302 1404 is,
2329 1337 2419 1406 qui

843 1433 928 1478 est
973 1425 1027 1477 in
1080 1425 1431 1478 matrimonio
1461 1425 1754 1494 prrl‘ectus,
1783 1438 1868 1481 est
1906 1430 2143 1498 conjugii
2190 1429 2420 1484 necessi-

839 1516 993 1578 tudo,
1033 1524 1094 1569 ut
1137 1516 1233 1586 qui
1271 1519 1518 1570 omnium
1569 1534 1759 1571 curam
1813 1534 1878 1574 ac
1933 1521 2329 1588 providentiam
2365 1519 2419 1572 in

838 1606 1005 1660 domo
1061 1609 1344 1663 communi
1394 1610 1712 1664 ostenderit.
1765 1610 1843 1664 Ac
1886 1613 2131 1678 proinde,
2167 1629 2185 1661 ι
2213 1611 2420 1680 episeo-

841 1713 962 1767 pos,
999 1718 1017 1750 ι
1084 1700 1282 1768 inquit,
1347 1710 1560 1769 Oportet
1637 1701 1930 1766 constitui,
1989 1702 2081 1769 qui
2136 1717 2202 1755 ex
2259 1703 2420 1755 domo

839 1791 1059 1860 propria
1123 1791 1221 1844 toti
1281 1806 1500 1860 quoque
1565 1791 1817 1845 Ecclesiae
1867 1805 2097 1858 prazesse
2146 1793 2259 1845 sint
2309 1807 2420 1844 mc-

839 1880 1019 1936 ditati.
1071 1901 1089 1931 ι
1135 1881 1521 1949 Unusquisque
1554 1899 1574 1932 ι
1615 1897 1743 1950 ergo
1769 1923 1783 1946 ,
1857 1900 1876 1931 ‹
1909 1881 1961 1934 ἱιι
2021 1897 2132 1950 quo
2189 1892 2420 1937 vocatus
2453 1867 2493 1920 Β

837 1981 922 2025 est
945 1984 1000 2022 ιιι
1035 1986 1198 2039 opere
1227 1971 1589 2024 ministerium
1616 1981 1860 2041 peragat,
1880 1981 1938 2026 ut
1961 1971 2096 2025 liber
2124 1972 2177 2025 in
2205 1971 2426 2028 Christo

835 2064 966 2126 tiat,
1036 2071 1091 2116 et
1167 2063 1406 2116 debitam
1457 2063 1770 2119 ministerio
1822 2079 1923 2117 suo
1969 2066 2274 2118 mercedem
2334 2081 2426 2118 ae-

835 2154 1020 2223 cipiat.
1068 2153 1133 2207 Et
1175 2170 1370 2208 rursus
1417 2153 1482 2208 de
1516 2154 1633 2223 lege
1674 2155 1972 2218 disserens,
2025 2164 2182 2210 utens
2231 2156 2428 2224 allego-

836 2245 964 2297 ria:
1020 2261 1040 2294 ι
1077 2241 1212 2297 Nam
1254 2258 1377 2314 qua:
1435 2243 1535 2296 sub
1585 2243 1703 2296 viro
1767 2252 1850 2296 est
1908 2243 2123 2310 mulier,
2160 2261 2179 2295 ι
2229 2243 2424 2313 inquit,

840 2353 859 2386 ι
893 2335 1095 2389 viventi
1140 2337 1259 2388 viro
1293 2335 1506 2404 alligata
1541 2343 1624 2387 est
1657 2335 1772 2402 lege
1808 2335 1859 2396 ι’,
1900 2353 1919 2384 ι
1955 2342 2009 2387 et
2034 2350 2156 2404 qua:
2189 2350 2428 2404 sequun-

833 2430 944 2474 tur.
982 2421 1046 2476 Et
1089 2438 1320 2476 rursus:
1373 2439 1392 2472 ι
1439 2420 1635 2474 Mulier
1665 2431 1749 2476 est
1796 2415 2038 2490 alligata,
2071 2424 2314 2492 quandiu
2345 2423 2428 2477 vi-

834 2512 911 2565 vit
938 2518 996 2575 »B
1024 2511 1103 2566 vir
1133 2509 1287 2578 ejus;
1328 2513 1412 2565 sin
1443 2521 1622 2565 autem
1657 2521 1910 2566 mortuus
1943 2513 2126 2578 fuerit,
2155 2514 2326 2568 libera
2347 2524 2430 2570 est

837 2612 900 2657 ut
931 2604 1121 2669 nubat,
1153 2605 1320 2657 modo
1350 2604 1404 2656 in
1446 2603 1701 2658 Domino.
1737 2603 1896 2658 Beata
1927 2614 2009 2659 est
2045 2615 2228 2658 autem
2272 2606 2318 2661 si
2348 2606 2427 2661 sic

840 2696 1222 2762 permanserit,
1246 2711 1364 2750 mea
1383 2695 1604 2766 quidem
1634 2697 1896 2751 sententia
1923 2708 1971 2750 ο.
2001 2716 2018 2748 ι
2042 2695 2146 2751 Sed
2172 2698 2223 2749 in
2244 2699 2425 2766 priore

838 2789 1056 2857 quidem
1124 2790 1433 2857 particula,
1507 2809 1525 2840 ι
1580 2790 1891 2843 mortilicati
1946 2792 2100 2856 estis,
2138 2811 2156 2843 ι
2193 2791 2419 2861 inquit,

843 2878 1035 2948 «legi,»
1078 2894 1184 2932 non
1221 2881 1606 2945 matrimonio,
1654 2894 1743 2935 «ut
1773 2880 2081 2937 eﬂieiamini
2112 2898 2206 2938 vos
2246 2885 2421 2950 alteri,

837 2971 934 3039 qui
965 2969 1232 3024 excitatus
1273 2979 1356 3025 est
1387 2985 1451 3024 ex
1472 2970 1704 3024 mortuis
1721 2969 1771 3033 ά,
1798 2989 1816 3021 ι
1847 2985 2050 3038 sponsa
2077 2982 2129 3024 et
2149 2969 2419 3038 Ecclesia;

2532 616 2664 683 βίον,
2703 616 2920 686 μείζονα
2957 613 3112 676 ἀξίαν
3146 616 3202 665 ἐν
3235 617 3356 685 Θεῷ
3401 623 3559 686 αὐτὸς
3603 622 3778 694 ἑαυτῷ
3819 625 4126 694 περιποιή-

2530 725 2703 771 σεται,
2740 704 2991 776 καθαρῶς
3035 704 3150 774 ἅμα
3176 705 3272 756 καὶ
3300 705 3696 781 λελογισμένως
3735 715 4121 787 ἐγκρατευσὰ-

2534 818 2712 869 μενος
2735 803 2784 853 εί
2813 800 2869 852 δὲ
2893 797 3134 869 ὑπερϐὰς
3160 795 3273 867 (52)
3303 797 3360 850 ὃν
3377 801 3550 855 εἵλετο
3566 809 3763 862 κανόνα
3785 812 3863 872 είς
3887 809 4119 878 μείζονα.

2525 889 2704 954 δόξαν,
2742 889 2928 942 ἔπειτα
2961 887 3214 959 ἀποπέσῃ
3264 888 3401 958 πρὸς
3449 891 3546 960 τὴν
3573 895 3795 952 amica.
3846 900 3956 971 εχει
3998 903 4119 973 γὰρ

2523 981 2716 1054 ὥσπερ
2743 986 2775 1054 ἡ
2803 980 3072 1051 εὐνουχία,
3108 979 3252 1033 οὕτω
3288 981 3383 1034 καὶ
3429 983 3458 1034 ὁ
3490 983 3668 1053 γάμος
3703 991 3838 1055 ἰδίας
3865 993 4119 1063 λειτουρ-

2523 1072 2650 1138 γίας
2681 1075 2776 1126 καὶ
2818 1071 3105 1134 διακονίας,
3153 1069 3231 1140 τῷ
3258 1072 3449 1143 Κυρίῳ
3487 1072 3870 1146 διαφερούσας,
3904 1084 4115 1138 τέκνων

2523 1163 2668 1232 λέγω
2726 1164 2982 1236 κήδεσθαι
3034 1162 3128 1216 καὶ
3181 1163 3468 1230 γυναικός·
3507 1165 3780 1234 πρόφασις
3832 1175 3979 1245 γὰρ,
4035 1177 4113 1237 ὡς

2521 1253 2715 1319 ἔοικεν,
2738 1257 2817 1327 τῷ
2845 1257 2987 1311 κατὰ
3017 1256 3190 1326 γάμον
3219 1255 3410 1325 τελείῳ
3433 1258 3466 1327 ἡ
3500 1257 3601 1326 τῆς
3633 1259 3893 1328 συζυγίας
3914 1269 4111 1320 οιχειι..

2520 1362 2620 1416 της
2649 1348 2880 1414 γίνεται,
2904 1347 3000 1418 τὴν
3031 1346 3281 1417 πρόνοιαν
3304 1346 3517 1399 πάντων
3543 1348 3973 1426 ἀναδεδειγμένῳ
3997 1359 4109 1424 ('53)

2520 1437 2664 1490 κατὰ
2696 1439 2787 1490 τὸν
2818 1433 2965 1491 οἶκον
2996 1439 3084 1490 τὸν
3131 1437 3333 1490 κοινόν·
3367 1437 3568 1490 αὐτίκα
3614 1437 3827 1509 φησίνοι
3851 1443 4107 1500 Ἐπισκύ-

2521 1545 2656 1591 mu;
2683 1530 2794 1598 (54)
2836 1551 2852 1581 ι
2894 1531 2974 1583 δεῖ
2999 1529 3350 1584 καθίστασθαι
3381 1529 3508 1594 τοὺς
3550 1531 3614 1582 ὲκ
3655 1529 3748 1582 τοῦ
3796 1530 3928 1584 ίδίου
3956 1538 4111 1591 οἴκου

2521 1618 2613 1668 καὶ
2674 1617 2775 1685 τῆς
2849 1619 3173 1688 Ἐκκλησίας
3239 1617 3454 1686 ἀπάσης
3528 1617 3891 1688 προΐστασθαι
3955 1625 4114 1691 μελε-

2519 1709 2810 1778 τήσαντας.
2845 1712 3148 1774 (Ἕκαστος
3183 1711 3323 1780 (55)»
3360 1705 3452 1762 οὖν
3487 1711 3574 1763 (ἐν
3602 1703 3647 1777 ᾧ
3679 1709 3879 1781 ἐκλήθη
3912 1730 3930 1762 ι
3963 1713 4112 1783 ἔργῳ

2519 1797 2616 1867 τὴν
2647 1797 2922 1850 διακονίαν
2955 1801 3246 1854 ὲκτελείτω
3271 1841 3284 1863 ,
3331 1801 3418 1853 ἵνα
3465 1799 3750 1870 ἐλεύθερος
3797 1801 3856 1852 ἐν
3888 1801 4112 1874 Χριστῷ

2525 1889 2791 1958 γένηται,
2831 1890 2925 1941 τὸν
2978 1893 3177 1944 οἰκεῖον
3231 1893 3326 1962 τῆς
3380 1889 3650 1953 διακονίας
3703 1891 4110 1961 ἀπολαμϐάνων

2530 1979 2738 2051 μισθόν.
2776 1979 2946 2033 Πάλιν
2991 1999 3049 2034 τε
3080 1978 3170 2047 αὖ,
3206 1983 3331 2053 περ).
3370 1981 3462 2032 τοῦ
3507 1980 3672 2050 νόμου
3705 1979 4108 2050 διαλεγόμενος,

2527 2070 2824 2142 ἀλληγορία
2877 2070 3190 2142 χρώμενος’
3255 2090 3273 2122 ι
3317 2072 3379 2124 'ﬂ
3428 2071 3535 2141 γὰρ
3585 2070 3855 2141 ὕπανδρος
3886 2073 4048 2141 γυνὴ,
4087 2094 4104 2122 ι

2527 2163 2678 2232 φησὶ,
2708 2180 2726 2212 ι
2751 2161 2829 2230 τῷ
2859 2161 3022 2225 ζῶντι
3043 2164 3196 2233 ἀνδρὶ
3222 2164 3429 2216 δέδεται
3472 2164 3638 2232 νόμῳ,
3669 2183 3686 2213 ι
3729 2163 3911 2215 καὶτὰ
3943 2164 4072 2233 ἑξῆς
4095 2184 4106 2194 ·

2526 2251 2678 2316 αὖθίς
2704 2270 2791 2305 τε·
2836 2272 2854 2304 ι
2877 2253 2942 2304 Ἦ
2971 2254 3110 2323 γυνὴ
3141 2255 3353 2309 δέδεται
3374 2256 3456 2324 ἐφ’
3479 2256 3599 2307 ὅσον
3631 2253 3695 2324 ζῇ
3724 2254 3913 2324 χρόνον
3939 2255 4052 2324 (56)
4083 2260 4112 2308 ὁ

2527 2345 2664 2416 ἀνὴρ
2690 2345 2858 2414 αὐτῆς
2877 2360 2890 2372 ο
2921 2343 3016 2396 ἐὰν
3067 2343 3124 2396 δὲ
3151 2345 3422 2416 ἀποθάνῃ,
3458 2345 3714 2416 ἐλευθέρα
3747 2345 3894 2398 ἐστὶν
3926 2363 4081 2418 γαμη

2529 2435 2706 2506 θῆναι,
2739 2435 2896 2506 μόνον
2929 2437 2986 2488 ἐν
3019 2436 3232 2506 Κυρίῳ.
3265 2437 3527 2506 Μακαρία
3572 2437 3627 2489 δέ
3668 2439 3834 2498 ἐστιν,
3867 2437 3965 2490 ἐὰν
4012 2439 4076 2490 οὒ

2528 2544 2634 2590 τως
2666 2527 2776 2596 (57)
2809 2526 2986 2596 μείνῃ,
3019 2525 3160 2578 κατὰ
3187 2526 3285 2596 τὴν
3319 2527 3458 2597 ἐμὴν
3491 2527 3731 2598 γνώμην.
3771 2547 3789 2578 ι
3843 2528 3979 2580 Ἀλλ’
4016 2531 4096 2580 ἐπ’

2531 2619 2629 2688 μὲν
2677 2618 2776 2688 τῆς
2822 2617 3088 2687 προτέρας
3141 2620 3467 2688 περικοπῆς,
3522 2639 3542 2670 ι
3604 2619 4031 2690 Ἐθανατώθητε,
4087 2642 4106 2671 ›

2528 2709 2681 2779 φησι,
2714 2728 2731 2758 ι
2781 2707 2858 2778 τῷ
2892 2708 3038 2778 νόμῳ
3059 2749 3073 2770 ,
3113 2727 3131 2758 ι
3162 2710 3224 2761 οὐ
3255 2709 3334 2780 τῷ
3364 2711 3556 2782 γάμῳ,
3589 2731 3608 2763 ι
3655 2714 3732 2774 εἰς
3763 2712 3823 2764 τὸ
3854 2711 4109 2779 γενέσθαι

2528 2800 2670 2869 ὑμᾶς
2703 2801 2891 2872 ἑτέρῳ,
2924 2800 3001 2870 τῷ
3030 2803 3094 2852 ὲκ
3124 2801 3332 2872 νεκρῶν
3365 2803 3666 2874 ἐγερθέντι,
3705 2823 3724 2855 ι
3760 2803 3977 2874 νύμφην
4013 2807 4109 2856 καὶ

2539 2891 2865 2960 Ἐκκλησίαν
2884 2909 2896 2920 ο
2922 2891 2986 2962 ἢν
3014 2891 3180 2962 ἁγνὴν
3205 2889 3346 2946 εἶναι
3373 2894 3453 2946 δεῖ
3482 2893 3589 2946 τῶν
3618 2912 3679 2947 τε
3717 2894 3862 2948 ἔνδον
3889 2896 4108 2948 ἐννοιῶν

2524 2984 2634 3036 τῶν
2655 2985 2910 3038 ἐναντίων
2925 2988 2990 3055 τῇ
3020 2985 3267 3054 ἀληθείᾳ,
3284 2984 3393 3037 τῶν
3418 3001 3479 3037 τε
3497 2985 3694 3050 ἔξωθεν
3716 2986 4108 3056 πειραζόντων,

840 3077 1008 3131 quam
1061 3072 1271 3117 castam
1308 3078 1431 3118 esse
1481 3072 1716 3132 oportet,
1747 3070 1801 3116 et
1827 3062 1896 3116 ab
1938 3063 2006 3116 iis
2034 3078 2156 3132 qua:
2186 3072 2312 3117 sunt
2341 3064 2424 3117 in-
2521 3090 2611 3125 του

2341 3064 2424 3117 ίη-
2521 3074 2766 3126 τουτέστι
2790 3074 2897 3128 τῶν
2928 3075 3025 3138 τάς
3053 3075 3293 3144 αἱρέσεις
3345 3073 3636 3143 μετιόντων
3684 3075 3779 3126 καὶ
3822 3075 4107 3145 πορνεύειν

841 3167 955 3226 tus,
987 3159 1432 3230 cogitationibus,
1459 3175 1582 3228 qua:
1615 3169 1740 3213 sunt
1769 3159 2060 3214 contraria:
2091 3160 2338 3228 veritati;
2369 3169 2422 3214 et
2447 3195 2490 3253 ο
2523 3163 2612 3216 ἀπὶ

2334 3204 2338 3223 ,
2369 3169 2422 3214 et
2447 3195 2490 3253 C
2523 3163 2630 3216 ἀπὸ
2666 3163 2762 3217 τοῦ
2802 3164 2921 3226 ἐνὸς
2970 3164 3156 3233 ἀνδρὸς
3196 3162 3619 3227 ἀναπειθόντων,
3654 3163 3748 3217 τοῦ
3794 3167 4105 3236 παντοκρά-

839 3252 909 3306 ab
938 3251 1027 3318 iis,
1060 3254 1153 3322 qui
1186 3261 1397 3307 tentant
1444 3253 1804 3318 extrinsecus,
1843 3253 1946 3306 hoc
1998 3261 2080 3307 est
2108 3253 2177 3307 ab
2204 3252 2292 3318 iis,
2327 3253 2418 3322 qui
2461 3251 2474 3253 “
2524 3271 2610 3326 τορ

2337 3253 2418 3322 qui
2461 3251 2474 3253 “
2524 3270 2681 3326 τορος
2731 3254 2868 3308 Θεοῦ
2890 3272 2902 3284 ·
2957 3273 2974 3306 ι
3030 3256 3145 3308 Ἵνα
3179 3255 3253 3326 μὴ
3280 3255 3412 3326 (58),
3446 3254 3522 3318 ὡς
3561 3257 3589 3308 ὁ
3615 3255 3738 3324 ὄφις
3766 3257 4108 3329 ἐξηπάτησεν

841 3351 1120 3398 sectantur
1153 3344 1408 3408 haereses,
1440 3352 1492 3397 et
1523 3343 1855 3411 persuadent
1885 3343 2038 3397 vobis
2064 3341 2328 3396 fornicari
2353 3343 2419 3397 ab
2523 3345 2612 3400 Εΰι

2353 3343 2419 3397 ab
2523 3345 2688 3410 Εὕαν,
2717 3365 2735 3396 ι
2774 3347 2874 3417 τὴν
2906 3346 3205 3417 λεγομένην
3243 3365 3260 3396 ι
3298 3345 3440 3417 ζωὴν
3467 3347 3598 3417 (59),
3630 3367 3648 3398 ι
3688 3348 3782 3400 καὶ
3815 3351 3975 3418 ἡμεῖς
4002 3351 4107 3401 ὑπὸ

843 3448 952 3486 uno
1008 3433 1146 3498 viro,
1202 3449 1396 3502 nempe
1457 3434 1812 3503 omnipotenti
1861 3433 2020 3487 Deo:
2087 3452 2107 3485 ι
2147 3431 2227 3487 Ne
2280 3435 2422 3488 sicut
2524 3437 2614 3508 τῆς

2335 3443 2422 3488 cut
2524 3437 2620 3508 τῆς
2656 3438 2799 3490 κατά
2845 3438 2946 3500 τὰς
2977 3437 3218 3508 αἱρέσεις
3249 3437 3430 3507 λίχνου
3468 3439 3804 3510 πανουργίας
3842 3441 4106 3510 παραδῷ-

913 3523 988 3600 gl
1019 3524 1146 3579 Cor.
1171 3541 1268 3600 vti,
1301 3526 1392 3580 ‘24.
1472 3526 1500 3565 ιι
1527 3525 1684 3580 Rom.
1715 3542 1806 3593 vn,
1845 3526 1900 3584 2.
1981 3533 2040 3591 >11
2075 3525 2136 3580 P.
2163 3526 2269 3581 547
2301 3526 2410 3582 ED.
2439 3527 2735 3597 POTTER,
2761 3530 2888 3595 439,
2918 3530 3026 3585 460
3058 3529 3166 3582 ED.
3191 3528 3415 3585 PARIS.
3498 3541 3520 3569 ε
3554 3530 3730 3587 lCor.
3763 3547 3858 3595 vn,
3887 3532 3980 3600 59,
4009 3534 4104 3587 40-

841 3594 870 3635 ἆ
902 3593 1062 3649 Rom.
1087 3611 1184 3659 vn,
1213 3597 1266 3648 4.

914 3687 1028 3756 (52)
1068 3691 1135 3760 Et
1173 3687 1466 3760 senape.
1494 3687 1770 3760 Quidgsibi
1800 3688 1974 3743 voluit
2000 3690 2268 3760 interpres
2298 3690 2419 3745 hate

845 3766 1082 3822 vertens,
1118 3759 1259 3810 haud
1321 3758 1476 3812 facile
1529 3758 1753 3826 intelligi
1785 3769 1981 3826 potest.
2028 3758 2161 3813 Mihi
2204 3761 2421 3816 videtur

843 3839 966 3899 post
1011 3828 1109 3897 τὴν
1158 3827 1348 3899 ἐλπίδα
1389 3828 1593 3897 aliquid
1636 3829 1946 3896 hujusmodi
1972 3829 2260 3891 excidisse,
2302 3850 2319 3880 ι
2352 3848 2422 3884 ne

843 3897 1174 3966 despondeat
1223 3897 1502 3964 animum;
1541 3916 1559 3949 ι
1605 3906 1665 3950 ιιι
1710 3913 1908 3952 sensus
1961 3899 2072 3953 sit:
2117 3916 2136 3948 ι
2173 3899 2326 3964 Quod
2374 3901 2420 3954 si

841 3983 963 4022 eam
1021 3976 1398 4036 transgressus
1447 3968 1722 4032 regulam,
1787 3983 1896 4036 qua
1949 3968 2303 4022 constituerat
2352 3973 2420 4022 ad

843 4037 1070 4107 gloriam
1106 4037 1366 4105 grassari,
1395 4053 1424 4090 a
1455 4047 1603 4091 tanta
1635 4053 1732 4106 spe.
1758 4037 2044 4100 exciderit,
2088 4057 2105 4088 ι
2153 4054 2218 4092 ne
2241 4048 2420 4092 tamen

845 4107 1089 4160 animum
1117 4107 1448 4174 despondeat
1485 4126 1498 4160 :
1537 4127 1554 4158 ι
1603 4123 1727 4160 nam
1761 4107 2224 4177 quemadmodum
2252 4109 2420 4162 casti-

845 4177 965 4239 tati,
995 4177 1077 4230 sic
1098 4177 1262 4229 ctiam
1294 4178 1640 4231 matrimonio
1669 4192 1766 4231 sua
1798 4186 1926 4230 sunt
1961 4192 2186 4231 munera
2225 4193 2286 4230 ac
2313 4179 2417 4231 mi-

845 4245 1074 4318 nisteria
1136 4245 1368 4318 Domino
1424 4256 1712 4318 pergrata,
1759 4247 2054 4318 liberorum
2087 4247 2319 4318 scilicet
2369 4257 2421 4302 et

843 4316 1032 4370 uxoris
1066 4331 1218 4370 cura.
1264 4314 1400 4368 Nam
1455 4314 1648 4385 εἰς(ιυὶ
1690 4317 1754 4386 in
1786 4317 2137 4370 matrimonio
2179 4316 2417 4386 perfecte

842 4387 998 4448 vivit,
1034 4386 1150 4454 ipsa
1191 4387 1538 4440 necessitudo
1575 4385 1817 4455 conjugii
1861 4387 2071 4440 videtur
2101 4385 2224 4442 esse
2253 4401 2414 4440 occa-

843 4456 928 4510 sio
959 4456 1325 4520 ministrandi,
1351 4456 1479 4510 dum
1514 4457 1783 4519 omnium,
1808 4472 1930 4524 qua:
1961 4458 2028 4510 ad
2060 4471 2413 4511 communem

845 4524 1110 4578 familiam
1157 4528 1458 4593 pertinent,
1503 4542 1691 4580 curam
1742 4542 1926 4593 gerere
1967 4542 2024 4580 se
2062 4527 2319 4580 ostendit.
2346 4557 2416 4565 —

846 4594 1213 4666 Doctissimus
1259 4594 1591 4666 Oxoniensis,
1622 4597 1796 4650 editor
1837 4597 2112 4650 existimat
2149 4605 2274 4666 post
2319 4595 2416 4666 τὴν

844 4665 1034 4719 ἐλπίδα
1053 4665 1257 4734 aliquid
1289 4665 1598 4733 hujusmodi
1621 4667 1908 4730 excidisse,
1947 4684 1964 4716 ι
1995 4683 2062 4720 ne
2093 4665 2270 4720 tamen
2299 4665 2419 4719 ani-

845 4751 996 4816 mum
1027 4736 1380 4816 despondeat,
1417 4737 1548 4816 dita
1597 4743 1657 4787 ut
1699 4736 1767 4816 is,
1800 4737 1891 4816 qui
1943 4744 2062 4816 post
2095 4745 2410 4816 susceptum

846 4805 1198 4860 continentia:
1246 4805 1586 4874 prepositum
1619 4805 1760 4858 cadit
1793 4806 2068 4858 redeundo
2093 4806 2159 4858 ad
2191 4807 2242 4860 id
2270 4805 2416 4874 quod

846 4876 1159 4943 reliquerat,
1211 4878 1258 4929 is
1294 4877 1505 4944 lapsum
1558 4891 1713 4928 suum
1748 4875 1852 4929 hac
1901 4876 2112 4928 ratione
2143 4876 2417 4929 consolari

848 4947 1041 5013 possit,
1070 4946 1212 5013 quod
1260 4956 1318 4999 nt
1363 4946 1611 5005 castitas,
1665 4946 1735 4998 ita
1785 4947 1950 5000 etiam
2006 4946 2415 4998 matrimonium

847 5030 979 5070 suas
1011 5015 1205 5068 habeat
1234 5017 1481 5070 virtutes.
1521 5014 1624 5069 Sed
1658 5016 1800 5083 quod
1841 5017 1929 5070 hic
1965 5016 2167 5069 dicitur
2195 5017 2261 5069 de
2301 5031 2418 5068 ma-

847 5085 1094 5140 trimonii
1132 5087 1437 5150 virtutibus,
1472 5101 1580 5138 non
1622 5100 1689 5138 co
1732 5097 1958 5153 spectat,
1991 5094 2050 5139 ut
2081 5087 2227 5140 illius
2253 5102 2414 5139 usum

846 5167 1094 5225 repetere
1123 5156 1282 5209 liceat
1316 5156 1399 5208 his
1417 5156 1506 5224 qui
1541 5155 1914 5224 perfectiorem
1948 5165 2151 5212 statum
2179 5157 2414 5224 amplexi

848 5223 996 5297 sunt.
1050 5223 1185 5280 Nam
1231 5223 1448 5294 lapsum
1503 5223 1662 5280 vacat
1715 5227 1855 5297 hanc
1895 5228 2087 5297 agendi
2145 5223 2412 5279 rationem

849 5292 908 5347 S.
940 5296 1208 5365 Clemens,
1234 5292 1490 5364 atquemt
1512 5296 1880 5363 perstantibus
1915 5292 1966 5349 in
2001 5309 2253 5365 suscepta
2284 5311 2418 5349 con-

846 5364 1075 5418 tinentia
1110 5367 1416 5420 uberiorem
1454 5368 1754 5420 mercedem
1799 5368 2080 5435 promittit,
2116 5364 2188 5420 ita
2219 5368 2414 5420 caden-

845 5436 994 5489 tibus
1041 5437 1395 5503 gravissimas
1454 5437 1627 5490 minas
1677 5436 1928 5490 intentat.
1978 5438 2157 5502 Quare
2216 5435 2413 5488 vulnus

843 5506 1010 5578 hujus
1038 5506 1164 5578 _l_oei_
1184 5508 1484 5578 sanabitur,
1523 5506 1568 5559 si
1606 5509 1869 5576 legamus,
1921 5507 2034 5570 πῶς
2081 5507 2182 5578 τὴν
2226 5505 2414 5578 ἐλπίδα

843 5574 996 5645 ἕχοι;
1035 5575 1167 5646 illud
1199 5575 1308 5646 ἔχοι
1343 5577 1503 5631 facile
1545 5574 1796 5631 excidere
1841 5580 2012 5644 patuit
2056 5574 2148 5632 oh'
2177 5577 2410 5631 similem

842 5645 1197 5717 γυοειημὲχει,
1232 5664 1350 5715 qua:
1382 5646 1625 5716 proxime
1659 5648 1927 5715 sequitur.
1961 5647 2050 5702 Sic
2074 5664 2205 5717 ergo
2241 5656 2409 5700 totum

844 5716 991 5786 hunc
1044 5715 1225 5770 loeum
1260 5715 1622 5786 interpretor:
1656 5735 1674 5767 ι
1715 5717 1868 5784 Quod
1919 5718 1964 5772 si
1992 5715 2153 5771 vitam
2189 5717 2255 5771 ad
2292 5732 2411 5784 per-

846 5783 1039 5856 fectius
1103 5783 1682 5856 intendere-potuerit,
1738 5783 1914 5856 majus
1961 5789 2211 5842 meritum
2268 5783 2411 5855 apud

845 5852 1016 5912 Deum
1040 5856 1142 5913 sibi
1167 5858 1284 5930 ipse
1322 5852 1660 5929 coniparabit
1691 5859 1760 5916 ob
1779 5852 2049 5916 servatam
2072 5873 2206 5930 pure
2237 5852 2407 5915 et'ra-

2528 3687 2660 3742 tioni
2695 3695 3064 3742 eonsentanee
3110 3684 3521 3756 continentiam.
3565 3683 3670 3740 Sed
3716 3686 3760 3740 si
3807 3693 4100 3756 postquam

2529 3758 2882 3820 transcendit,
2935 3755 3164 3826 majoris
3220 3755 3406 3825 gloriae
3463 3770 3648 3819 causa,
3689 3755 4106 3826 electumiﬂitae

2531 3843 2721 3896 genus,
2755 3825 3034 3892 ceciderit,
3091 3826 3372 3894 quomodo
3429 3839 3590 3896 spem
3625 3825 3882 3878 habebit?
3928 3825 4106 3882 Habet

2529 3895 2784 3957 enim..ut
2815 3897 3060 3961 castitas,
3092 3895 3163 3949 ita
3199 3903 3252 3950 et
3281 3895 3688 3965 matrimonium
3707 3896 3954 3962 proprias
3977 3912 4104 3965 per-

2527 3965 2834 4019 functiones
2868 3978 2919 4020 et
2953 3966 3281 4028 ministeria,
3308 3980 3430 4033 quae
3463 3961 3689 4016 Domino
3709 3961 4033 4032 probantur.
4074 3987 4091 4016 ι

2530 4035 2690 4103 Spem
2718 4035 2894 4090 aufert
2922 4037 3261 4095 cadentibus,
3289 4033 3534 4102 quandiu
3560 4033 3768 4088 scilicet
3784 4035 3848 4087 ad
3867 4037 4102 4102 promis-

2525 4120 2642 4157 sam
2675 4107 3064 4159 continentiam
3089 4120 3196 4159 non
3222 4105 3518 4167 redibunt;
3551 4104 3696 4172 quod
3731 4113 3914 4156 autem
3946 4107 4099 4160 addit

2525 4176 2591 4228 de
2618 4175 2982 4228 laudabilibus
3011 4176 3343 4229 matrimonii
3368 4172 3862 4243 perfunctionibus,
3887 4189 3951 4226 eo
3982 4190 4102 4227 ma-

2524 4243 2724 4298 nifeste
2755 4253 2982 4313 spectat,
3015 4254 3076 4297 ut
3113 4244 3204 4313 qui
3239 4242 3385 4298 hunc
3425 4251 3627 4298 statum
3654 4242 4098 4313 elegerunt,_non

2524 4322 2727 4368 temere
2753 4310 2820 4366 ad
2845 4310 3221 4381 perfectiorem
3251 4320 3652 4368 transcurrant.
3679 4311 3809 4366 Hcce
3831 4310 3900 4364 D.
3924 4311 4102 4366 Maru-

2521 4400 2620 4454 ιιιιε
2661 4385 2720 4454 in
2774 4384 2920 4454 notis
2954 4383 3022 4435 ad
3069 4384 3415 4454 Athenagora:
3453 4383 3758 4454 Legationis
3804 4398 3950 4436 num.
3997 4384 4086 4437 55.

2535 4452 2657 4507 Vide
2690 4453 2846 4507 Patr.
2878 4450 3076 4506 Crwcw
3104 4461 3142 4505 ι.
3183 4450 3404 4516 νιξεοι.
3437 4450 3560 4508 965.
3589 4451 3743 4505 Enrr.

2588 4524 2701 4593 (55)
2742 4521 3246 4593 Ἄναδεδειγμένῳ.
3276 4521 3380 4593 γει
3398 4523 3534 4578 forte
3561 4522 3989 4593 ἀναδεδεγμένῳ,
4026 4525 4098 4577 ab

2449 4562 2493 4616 Β
2523 4562 2875 4664 ἀναδέίίομαι.
2914 4592 3005 4648 Sic
3038 4562 3269 4660 infimam.
3461 4610 3558 4661 pro
3590 4594 3692 4664 οὐκ
3721 4562 3861 4664 ἥξεινν
3903 4564 4100 4646 ἀποδε-

2521 4658 2799 4732 δειγμέναι
2831 4666 3086 4732 γυναῖκες
3135 4658 3230 4726 κ.,“
3252 4658 3595 4717 scribendum
3647 4658 3918 4732 ουκῆσαν
3960 4666 4098 4716 ἀπο-

2519 4731 2849 4801 δεδεγμέναι
2868 4751 2923 4802 γ.
2954 4751 3009 4787 κ.

2591 4799 2700 4872 (54)
2764 4799 3191 4867 Ἐπὶσκόπους.
3251 4799 3492 4875 Respicit
3542 4800 3563 4854 ι
3607 4801 3752 4857 Tim.
3803 4819 3896 4866 ιιι,
3939 4803 3992 4860 4,
4036 4801 4090 4855 5.

2523 4871 2732 4926 Similia
2768 4876 2900 4928 dicit
2934 4875 3098 4934 infra.
3136 4887 3258 4940 pag.
3283 4871 3419 4923 .472.

2590 4942 2699 5013 (:55)
2728 4945 3040 5008 Ἕκαστος.
3072 4942 3311 5013 Respicit
3343 4940 3362 5013 _l
3394 4941 3522 4996 Cor.
3549 4959 3645 5008 vn,
3677 4945 3778 4998 εις
3825 4944 4095 5013 Ἕκαστος

2521 5013 2579 5063 ἐν
2599 5007 2648 5080 ’ᾧ
2670 5007 2892 5085 ἐκλήθη,
2916 5007 3242 5085 ἀδελφοὶηξν
3265 5011 3433 5085 τούτῳ
3460 5007 3662 5085 μενέτω
3685 5013 3836 5085 παρὰ
3949 5010 4088 5085 θεῷ·

2517 5093 2565 5156 et
2595 5079 2650 5138 vi.
2686 5085 2756 5137 2'2
2783 5079 2798 5137 Ξ
2836 5079 2899 5156 7'0
2931 5079 3131 5156 Tdtpév
3166 5081 3353 5154 Κυρίῳ
3386 5079 3603 5153 κληθεὶς
3633 5079 3818 5146 δοῦλος
3861 5079 4062 5133 ἀπελεύ
4082 5113 4094 5123 -

2517 5151 2909 5226 θεροςνΚυρίου
2935 5151 3102 5226 ἐστίν.

2587 5219 2698 5292 (5C)
2744 5219 2807 5278 Ἠ
2835 5224 2988 5294 γυνὴ
3017 5221 3246 5292 δέδεται
3275 5223 3363 5292 ἐφ’
3393 5224 3544 5277 ὅσον
3577 5223 3644 5291 ζῇ
3683 5222 3922 5294 χρόνον..
3951 5219 4088 5291 Γυνὴ

2513 5290 2717 5372 δέδεται
2743 5290 2894 5365 νόμῳ
2913 5295 2996 5362 ἐφ’
3021 5290 3147 5372 ὅσον
3174 5290 3362 5363 χρόνον
3389 5295 3476 5364 ζῇ,
3510 5290 3674 5347 tear.
3701 5290 3916 5372 vner);
3943 5290 4087 5372 utin:

2526 5364 2649 5418 Ἐὰν
2753 5359 2990 5436 κοιμηθῇ
3010 5365 3038 5415 ὁ
3062 5359 3411 5437 ἀνὴραύτῆς,
3429 5359 3689 5431 ἓλευθέρα
3715 5359 3862 5411 ἐστὶν
3883 5359 3927 5425 ᾧ
3947 5359 4088 5414 θέλει

2526 5450 2664 5486 γαμῇ
2704 5453 2853 5486 mai.

2513 5450 2853 5501 γαμηυηναι.

2584 5474 2586 5482 ,
2635 5453 2853 5488 τύτναι.

2584 5453 2694 5576 (Egi)
2708 5475 3050 5576 Ιίίακαρίαοη
3062 5503 3270 5576 ρῦτως·
3286 5503 3762 5576 Μακαριωτέραεο
3777 5498 3938 5576 οξτίῦ
3953 5501 4081 5576 ibi‘l'

2583 5555 3555 5651 Ill-,3:vﬂegpniéiil—jjcor.
3604 5555 3686 5651 ἧι,
3709 5571 3742 5624 5
3775 5555 4084 5651 ε-Φοὸοὖμαι

2509 5649 2565 5701 δὲ
2602 5643 2911 5718 μήπως,ὠς
2941 5648 2968 5698 ὀ
2997 5645 3115 5718 ὄφις
3137 5645 3280 5699 Εὕαν
3306 5645 3646 5718 ἐξηπάτησεν
3663 5643 3728 5718 ’ἐν
3742 5643 3820 5718 -τῇ
3852 5643 4085 5718 πανουρ-

2510 5711 2613 5788 via:
2635 5711 2820 5788 αὑτοῦ,
2850 5715 2992 5769 οὕτω
3021 5711 3197 5788 φθαρῇ
3243 5719 3313 5770 τὰ
3363 5711 3608 5788 νοήματα
3655 5711 3805 5780 ὑμῶν
3850 5715 3956 5768 ἀπὸ
3985 5711 4082 5784 τῆς

2511 5783 2770 5858 ἀπλᾷτητι
2787 5806 2815 5852 ς
2842 5788 2943 5858 τῆς
2967 5783 3053 5858 εἰς
3078 5783 3450 5858 τὸνΧριστόν.

2583 5853 2914 5932 (59)’Ζωήνζ
2952 5856 3110 5914 Conf.
3147 5853 3400 5921 superius
3430 5868 3552 5927 pag.
3601 5853 3708 5912 455
3737 5855 3869 5913 edit.
3903 5853 4082 5911 Paris.
