4484 6586
366 419 504 477 MSS

1621 411 2054 469 STROMATUM
2089 411 2216 469 LIB.
2256 412 2344 469 111.

3472 417 3615 472 1186

357 543 521 614 ἡμεῖς
537 540 624 595 δ”ι
636 534 949 606 ἐθανατώθη
958 552 1054 606 μεν
1072 535 1149 608 τῷ
1181 537 1327 608 νόμῳ
1342 534 1429 590 διὰ
1447 533 1539 588 τοῦ
1566 534 1813 607 σώματος
1838 532 1932 586 τοῦ
1963 541 2007 596 Α
2037 551 2128 588 nm

1838 532 1932 586 τοῦ
1963 541 2007 596 Α
2037 551 2165 588 num
2204 542 2387 588 autem
2432 540 2550 595 est,
2598 534 2742 602 quod
2787 542 2873 589 est
2909 548 2977 588 ex
3015 531 3284 597 Domino,
3331 532 3609 586 matrimo-

358 631 597 706 Χριστοῦ
635 633 715 693 είς
751 627 813 680 τὸ
841 626 1092 695 γενέσθαι
1121 630 1270 699 ἡμᾶς
1292 626 1464 697 ἑτέρῳ
1482 664 1497 688 ,
1530 625 1606 697 τῷ
1631 629 1695 681 ὲκ
1724 624 1932 696 νεκρῶν

360 724 666 796 ἐγερθέντι,
707 738 725 771 ι
787 716 866 788 τῷ
923 720 1025 773 ὑπὸ
1086 719 1180 773 τοῦ
1245 718 1410 786 νόμου
1472 717 1929 789 πῳφητευθέντι,

365 833 387 865 ι
417 815 504 868 ἵνα
559 811 1066 883 καρποφορήσωμεν
1115 809 1196 879 τῷ
1242 805 1380 876 θεῷ.
1410 808 1553 860 «Διὸ»
1586 810 1614 863 ὀ
1645 808 1743 879 μὲν
1768 806 1933 875 νόμος

360 906 515 973 ἅγιος
538 943 555 967 ,
612 902 708 955 καὶ
769 904 800 973 ἡ
858 902 1044 973 ἐντολὴ
1086 900 1217 968 ἀγία
1241 938 1257 963 ,
1310 900 1403 952 καὶ
1427 899 1643 962 δικαία,
1678 898 1771 952 καὶ
1798 899 1933 965 ἁγα-

357 999 449 1069 Θή.
489 1016 508 1049 ι
559 993 1004 1066 Ἐθανατώθημεν
1050 989 1144 1046 οῦν
1217 989 1296 1061 τῷ
1328 991 1505 1062 νόμῳ,
1568 989 1817 1043 τουτέστι
1862 992 1928 1061 τῇ

358 1087 465 1141 ὑπὸ
526 1085 620 1138 τοῦ
671 1087 829 1157 νόμου
891 1084 1193 1156 δηλουμένη
1261 1083 1536 1155 ἁμαρτίᾳο
1601 1083 1668 1153 ἥν
1724 1082 1932 1134 δείκνυ-

359 1197 443 1233 σιν
478 1179 607 1249 (74),
635 1180 694 1232 οὐ
722 1181 884 1250 γεννᾷ
912 1181 939 1232 ό
967 1178 1130 1247 νόμος
1150 1214 1165 1236 ,
1194 1174 1282 1228 διὰ
1312 1176 1410 1247 τῆς
1440 1173 1784 1248 προστάξεως
1818 1174 1929 1246 (75)

357 1271 465 1324 τῶν
500 1273 762 1343 ποιητέων
782 1313 796 1333 ,
825 1272 918 1325 καὶ
946 1267 1363 1337 ἀπαγορεύσεως
1396 1270 1502 1322 τῶν
1535 1270 1596 1322 οὐ
1628 1267 1928 1338 ποιητέων,

360 1363 591 1432 ἐλέγχων
618 1365 716 1433 τὴν
737 1359 1103 1430 ὑποκειμένην
1122 1358 1412 1429 ἁμαρτίαν,
1441 1379 1458 1410 ι
1483 1360 1568 1413 ἵνα
1587 1361 1724 1429 φανῇ
1752 1359 1932 1429 ἁμαρ-

357 1454 467 1508 τία.
499 1474 516 1505 ι
547 1455 608 1508 Εἰ
639 1454 695 1507 δὲ
731 1451 972 1523 ἁμαρτία
1004 1448 1180 1518 γάμος
1217 1452 1245 1501 ὁ
1279 1450 1416 1503 κατὰ
1441 1450 1639 1519 νόμον,
1676 1448 1778 1500 οὐκ
1815 1440 1930 1499 οἶδα

362 1547 478 1609 πῶς
506 1564 588 1609 τις
607 1546 723 1617 ἐρεῖ
745 1543 875 1596 Θεὸν
893 1538 1209 1604 ἐγνωκέναι,
1228 1538 1396 1608 λέγων
1422 1540 1475 1592 τὸ
1496 1540 1818 1610 πρόσταγμα
1832 1535 1928 1590 τοῦ

357 1637 491 1691 Θεοῦ
525 1636 798 1709 ἁμαρτίαν
822 1631 961 1685 εἶναι
984 1647 998 1660 ⁸
1038 1650 1054 1680 ι
1072 1629 1251 1697 ἁγίουι
1279 1632 1335 1684 δὲ
1359 1632 1510 1693 ὄντος
1540 1629 1634 1683 τοῦ
1673 1630 1922 1699 ινόμουρ

359 1730 509 1797 ἅγιος
531 1729 766 1798 ὁγάμος.
801 1725 874 1775 Τὸ
902 1722 1193 1793 μυστήριον
1224 1722 1331 1793 (76)
1357 1722 1531 1774 τοίνυν
1549 1720 1706 1774 τοῦτο
1739 1724 1815 1783 εἰς
1836 1721 1927 1772 τὸν

356 1822 589 1892 Χριστὸν
622 1820 715 1873 καὶ
742 1818 839 1888 τὴν
885 1814 1206 1883 Ἐκκλησίαν
1230 1815 1351 1882 ἄγει
1371 1817 1400 1867 ὁ
1444 1814 1760 1877 Ἀπόστολος
1782 1831 1795 1841 ⁸
1826 1831 1927 1866 κα-

358 1913 535 1982 θάπερ
573 1932 589 1962 ι
613 1912 673 1964 τὸ
686 1906 1020 1977 γεννώμενον
1033 1908 1141 1977 (77)
1161 1909 1224 1959 ὲκ
1251 1906 1353 1975 τῆς
1379 1906 1579 1977 σαρκὸς
1604 1905 1738 1976 σάρξ
1761 1907 1927 1967 ἐστιν,
1961 1890 2003 1944 Β

355 2005 497 2057 οῦτω
528 2003 588 2054 τὸ
617 2003 681 2054 ὲκ
721 1997 1027 2068 πνεύματος
1060 1998 1295 2067 πνεῦμα,
1343 1998 1402 2048 οὐ
1450 1997 1607 2066 μόνον
1640 1997 1751 2067 (78)
1789 1996 1928 2050 κατά

356 2096 455 2167 τὴν
489 2090 814 2160 ἀποκύησιν,
839 2089 973 2141 ἀλλά
1006 2090 1097 2141 καὶ
1131 2088 1271 2141 κατὰ
1304 2088 1403 2157 τὴν
1434 2088 1685 2158 μάθησιν.
1721 2089 1930 2142 Αὐτίκα

360 2204 381 2234 ι
412 2185 541 2252 ἆγια
571 2182 639 2235 τὰ
668 2182 892 2235 τέκνα-ι
918 2184 972 2234 αί
1009 2182 1398 2252 εὐαρεστήσεις
1426 2180 1503 2250 τῷ
1533 2180 1653 2250 Θεῷ
1684 2180 1790 2233 τῶν
1824 2183 1932 2233 Κυ-

359 2274 563 2347 ριακῶν
609 2274 815 2342 λόγων,
860 2273 1282 2343 νυμφευσάντων
1320 2272 1417 2342 τὴν
1456 2272 1653 2343 ψυχήν.
1700 2272 1932 2343 Πορνεία

356 2365 485 2434 γοῦν
513 2367 606 2420 καὶ
642 2366 817 2435 γάμος
848 2363 1177 2435 κεχώρισται
1197 2381 1210 2394 ’
1249 2366 1372 2417 ἐπεὶ
1404 2363 1620 2435 μακρὰν
1655 2365 1933 2435 ἀφέστηκε

356 2458 449 2510 τοῦ
481 2456 614 2510 Θεοῦ
654 2459 682 2509 ὁ
712 2456 974 2519 διάϐολος.
1025 2475 1042 2507 ι
1069 2456 1175 2507 Καὶ
1216 2456 1372 2525 ὑμεῖς
1417 2452 1509 2509 οὖν
1554 2454 1931 2525 ἐθανατώθητε

354 2549 614 2619 τῷνόμῳ,
645 2548 732 2601 διὰ
759 2547 852 2600 τοῦ
913 2547 1163 2618 σώματος
1190 2545 1284 2599 τοῦ
1314 2546 1551 2618 Χριστοῦ
1574 2588 1589 2610 ,
1624 2548 1789 2610 είς·τὸ
1834 2564 1929 2615 γε-

352 2640 536 2694 νέσοαι
569 2641 710 2709 ὑμᾶς
752 2639 943 2709 ἑτέρῳ,
989 2638 1067 2707 τῷ
1101 2641 1166 2691 ἐκ
1197 2637 1407 2708 νεκρῶν
1427 2637 1755 2708 ἐγερθέντι.»
1792 2639 1927 2691 Συν-

352 2730 667 2797 εξακούεται
725 2728 835 2797 γὰρ
891 2728 1206 2800 προσεχῶς,
1258 2729 1533 2799 ὑπηκόους
1570 2729 1924 2799 γενομένουςο

354 2823 475 2875 ἐπεὶ
532 2823 624 2874 καὶ
671 2821 813 2874 κατά
870 2821 970 2891 τὴν
1021 2820 1282 2890 ἀληθειαν
1328 2819 1423 2873 τοῦ
1476 2820 1639 2890 νόμον
1684 2820 1794 2888 (79)
1849 2819 1927 2891 τῷ

352 2911 499 2981 αὐτῷ
535 2912 720 2982 Κυρίῳ
761 2910 1105 2978 ὑπακούομεν
1131 2950 1146 2973 ,
1208 2910 1489 2981 πόρρωθεν
1523 2911 1633 2979 (80)
1690 2927 1929 2982 παρακε-

350 3004 642 3074 λευομένσει.
678 3004 788 3056 Καὶ
829 3006 956 3073 μήτι
988 3002 1080 3055 ἐπὶ
1113 3002 1220 3054 τῶν
1253 3001 1508 3055 τοιούτων
1550 3002 1775 3066 εἰκότως
1812 3021 1830 3054 ι
1867 3002 1928 3056 τὸ

350 3094 573 3165 Πνεῦμα
604 3093 861 3164 ἄντικρυς
890 3093 1003 3161 (81)
1032 3092 1213 3160 λέγει,
1243 3093 1326 3145 ὃτι
1360 3093 1418 3144 ὲν
1452 3093 1696 3163 ὑστέροις
1718 3096 1927 3164 καιροῖς

350 3183 744 3254 ἀποστήσονταί
776 3199 918 3244 τινες
960 3182 1057 3251 τῆς
1092 3182 1347 3248 πίστεως,
1380 3184 1735 3254 προσέχοντες
1770 3184 1929 3238 πνεύ-

2034 625 2184 680 nium
2204 664 2222 690 ,
2250 639 2375 678 cum
2409 624 2551 679 idem
2579 622 2726 678 Deus
2760 634 3011 680 servetur
3049 641 3081 679 a
3128 623 3289 679 nobis
3316 621 3341 677 ?
3379 640 3400 674 ι
3430 620 3552 676 Non
3581 642 3605 676 ι

2030 717 2176 771 enim
2207 733 2228 767 ι
2257 716 2403 784 quod
2434 715 2579 772 Deus
2607 716 2927 785 conjunxit,
2964 716 3133 771 homo
3160 736 3179 768 ι
3206 716 3332 786 jure
3358 732 3379 766 ι
3411 713 3612 768 dissol-

2031 810 2171 863 verit
2193 819 2220 847 α
2243 826 2258 873 ;
2282 831 2301 859 ρ
2321 808 2492 863 ιιιιιΙιο
2522 816 2706 863 autem
2738 809 2914 879 magis
2938 824 3064 879 qua:
3086 808 3255 876 jussit
3276 806 3466 869 Pater,
3494 820 3611 860 ser-

2029 901 2181 954 vabit
2206 915 2423 969 quoque
2463 900 2661 955 Filius.
2719 897 2774 951 Si
2808 911 2988 955 autem
3032 898 3176 953 idem
3222 899 3384 952 simul
3426 906 3513 952 est
3557 903 3617 951 et

2030 993 2315 1064 lcgislator
2342 1002 2396 1046 et
2438 991 2806 1062 evangelista,
2837 1007 3116 1061 nunquam
3157 993 3275 1060 ipse
3302 1005 3486 1044 secum
3509 1005 3613 1058 pu-

2030 1094 2180 1153 gnat.
2238 1082 2382 1137 Vivit
2424 1084 2567 1136 enim
2611 1085 2734 1150 lex,
2778 1098 2906 1138 cum
2950 1084 3021 1136 sit
3059 1081 3361 1152 spiritalis,
3393 1091 3448 1135 et
3477 1094 3615 1149 gno-

2032 1177 2165 1229 stice
2190 1175 2564 1245 intelligatur:
2590 1192 2689 1229 nos
2712 1183 2897 1229 autem
2930 1193 2948 1223 ι
2972 1189 3079 1228 mon
3096 1174 3172 1226 tui
3202 1192 3221 1225 ι
3242 1187 3440 1227 sumus
3465 1190 3482 1221 ι
3506 1170 3614 1240 legi

2031 1280 2126 1334 per
2155 1283 2355 1336 corpus
2380 1266 2619 1327 Christi,
2668 1277 2726 1320 ut
2765 1268 3118 1337 gignerentur
3160 1266 3350 1327 alteri,
3390 1263 3485 1334 qui
3526 1277 3618 1317 re-

2032 1359 2272 1411 surrexit
2299 1376 2363 1412 ex
2397 1358 2689 1422 mortuis,»
2717 1361 2808 1427 qui
2840 1360 3135 1428 praedictus
3165 1357 3268 1411 fuit
3294 1374 3321 1410 ιι
3359 1358 3496 1427 lege,
3525 1366 3617 1411 ιιιι

2032 1445 2145 1501 Ι)εο
2195 1448 2654 1504 l'ruetiliCaremus
2684 1448 2733 1502 ι’.
2764 1468 2783 1500 ι
2833 1449 3013 1515 Quare
3068 1468 3086 1501 ι
3118 1450 3205 1503 lcx
3261 1449 3480 1519 quidem
3531 1458 3618 1503 est

2032 1550 2258 1604 sancta,
2292 1550 2346 1594 et
2386 1544 2707 1597 mandatum
2742 1552 3023 1607 sanctum,
3060 1554 3114 1597 et
3138 1543 3390 1611 justum,
3422 1549 3474 1595 et
3510 1541 3614 1595 ho-

2031 1649 2162 1686 num
2199 1642 2246 1685 ο.
2273 1651 2293 1682 ›
2315 1632 2508 1686 Mortui
2539 1649 2671 1703 ergo
2697 1648 2894 1687 sumus
2921 1633 3020 1703 legi
3039 1674 3053 1693 ,
3084 1634 3186 1685 hoe
3215 1642 3328 1695 cst,
3363 1638 3612 1699 peccato,

2029 1728 2174 1797 quod
2209 1742 2239 1781 ει
2268 1727 2383 1798 lege
2408 1730 2748 1797 signiﬁcatur
2772 1768 2788 1791 ,
2819 1727 2967 1797 quod
2996 1725 3265 1787 ostendit,
3298 1716 3612 1777 nouantem

2031 1831 2255 1890 generat
2285 1821 2368 1873 lex
2391 1860 2406 1883 ,
2434 1836 2526 1889 per
2550 1822 2854 1889 jussioncm
2880 1835 3071 1875 eorum
3104 1833 3227 1888 quae
3251 1826 3382 1872 sunt
3413 1815 3617 1870 facien-

2034 1913 2102 1966 da
2128 1954 2144 1978 ,
2191 1921 2246 1965 ct
2291 1911 2718 1981 prohibitionem
2754 1927 2946 1967 eorum
2985 1926 3113 1980 quae
3153 1927 3261 1965 non
3309 1906 3562 1963 facienda
3594 1923 3610 1969 ;

2033 2005 2436 2074 reprehendens
2483 2004 2787 2071 subjectum
2837 2014 3157 2072 peccatum,
3210 2021 3228 2053 ι
3262 2012 3323 2056 ιιι
3353 2004 3616 2071 appareat

2033 2106 2339 2165 peccatum.
2371 2114 2391 2147 ι
2425 2094 2481 2149 Si
2513 2104 2697 2150 autem
2732 2105 3015 2164 peccatum
3043 2105 3125 2150 est
3158 2094 3572 2149 matrimonium
3593 2133 3610 2156 ,

2034 2189 2173 2256 quod
2205 2188 2504 2241 secundum
2543 2188 2716 2256 legem
2749 2185 2945 2251 initur,
2975 2186 3161 2239 nescio
3185 2182 3463 2253 quomodo
3486 2181 3614 2250 quis

2034 2280 2180 2333 dicet
2212 2294 2270 2333 se
2300 2278 2468 2331 Deum
2501 2293 2694 2341 nosse,
2724 2277 2914 2331 dicens
2947 2276 3042 2331 Dei
3077 2276 3298 2346 jussum
3329 2290 3451 2329 esse
3482 2289 3615 2344 pec—

2034 2380 2235 2425 catum.
2263 2369 2417 2435 Quod
2449 2371 2493 2425 si
2522 2388 2540 2420 ι
2562 2370 2645 2423 lex
2676 2379 2866 2424 sancta
2897 2389 2917 2421 ι
2944 2381 3060 2435 est,
3095 2377 3347 2425 sanctum
3378 2377 3461 2422 est
3489 2382 3610 2420 ma-

2033 2462 2375 2515 trimonium.
2424 2459 2744 2531 Mysterium
2796 2475 2927 2531 ergo
2984 2464 3087 2517 hoc
3128 2462 3196 2515 ad
3236 2460 3515 2514 Christum
3558 2467 3614 2514 et

2032 2552 2340 2607 Ecclesiam
2375 2553 2527 2606 ducit
2560 2552 2899 2621 Apostolus:
2931 2554 3394 2623 quemadmodum
3425 2570 3443 2601 ι
3467 2550 3612 2620 quod

2030 2659 2098 2699 ex
2131 2659 2298 2698 carne
2326 2653 2640 2713 generatur,
2670 2658 2799 2698 caro
2827 2653 2912 2697 est
2939 2662 2953 2710 ;
2985 2645 3059 2698 ita
3098 2644 3245 2713 quod
3277 2659 3341 2697 ex
3381 2642 3576 2712 spiritu
3596 2682 3612 2703 .

2030 2739 2295 2807 Spiritus,
2322 2738 2347 2777 ά
2385 2757 2406 2791 ι
2435 2754 2542 2792 non
2575 2739 2754 2791 solum
2783 2737 2836 2791 in
2870 2735 3163 2806 pariendo,
3213 2735 3307 2789 sed
3348 2736 3511 2787 etiam
3557 2733 3611 2785 in

2028 2830 2311 2883 discendo.
2362 2827 2481 2883 .lam
2528 2828 2752 2883 «sancti
2806 2835 2938 2883 sunt
2998 2825 3091 2879 lilii
3126 2835 3174 2888 ο,
3207 2843 3225 2875 ι
3274 2822 3387 2877 Deo
3443 2831 3611 2892 grata:

2028 2919 2423 2975 oblectationes
2473 2919 2767 2972 verborum
2821 2916 3284 2978 Dominicornm,
3334 2929 3458 2984 quae
3511 2916 3610 2968 de-

2028 3011 2368 3080 sponderent
2397 3009 2661 3063 animam.
2699 3007 2842 3061 Sunt
2868 3022 2999 3077 ergo
3026 3017 3279 3076 separata
3313 3004 3617 3060 fornicatio

2028 3109 2082 3154 ct
2120 3100 2568 3163 matrimonium,
2598 3099 2860 3167 quoniam
2891 3113 2922 3151 a
2956 3096 3067 3152 Deo
3093 3098 3256 3168 longe
3295 3097 3449 3152 abest
3490 3096 3606 3150 dia-

2028 3190 2208 3246 holus.
2240 3212 2260 3242 ι
2290 3190 2355 3245 Ει
2383 3206 2480 3244 vos
2506 3204 2639 3260 ergo
2681 3189 2885 3243 mortui
2932 3190 3066 3245 estis
3112 3189 3216 3259 legi
3267 3204 3364 3258 per
3404 3203 3608 3257 corpus

353 3292 483 3343 μασι
518 3247 741 3341 πλάνης,
783 3274 873 3327 καὶ
904 3247 1269 3337 διδασκαλίαις
1292 3247 1584 3344 δαιμονίων
1615 3277 1671 3327 ὲν
1701 3276 1928 3348 ὑποκρί-
1955 3247 1996 3303 c
2032 3282 2124 3337 Chl

1835 3276 1928 3348 ίρί-
1955 3247 1996 3303 c
2032 3282 2273 3341 Christi,
2319 3293 2381 3337 ut
2419 3298 2519 3337 vos
2548 3247 2907 3353 gigneremini
2944 3282 3132 3349 alteri,
3170 3282 3265 3351 qui
3310 3281 3550 3338 surrexit
3575 3298 3606 3336 a

350 3381 435 3418 σει
455 3362 790 3433 ψευδολόγων
811 3402 825 3425 ,
855 3363 1409 3433 κεκαυτηριασμένων
1440 3364 1537 3435 τὴν
1583 3364 1885 3437 συνείδησιν
1907 3406 1922 3431 ,

347 3456 441 3508 καὶ
495 3453 804 3507 κωλυόντων
834 3454 1051 3521 γαμεῖν,
1098 3452 1398 3522 ἀπέχεσθαι
1436 3453 1774 3524 βρωμάτων,
1809 3455 1845 3508 ἃ.
1894 3457 1923 3508 ό

346 3538 476 3601 Θεὸς
498 3538 705 3591 ἔκτισεν
743 3540 821 3601 είς
881 3539 1180 3608 μετάληψιν
1241 3541 1359 3609 μετ’
1408 3543 1753 3613 εὐχαριστίας
1808 3548 1924 3608 τοῖς

348 3634 576 3693 πιστοῖς,
599 3631 691 3682 καὶ
708 3630 1043 3697 ἐπεγνωκόσι
1071 3632 1168 3701 τὴν
1190 3631 1469 3702 ἀλήθειαν,
1492 3634 1573 3686 ὅτι
1596 3635 1700 3686 πᾶν
1718 3636 1921 3706 κτίσμα

346 3725 480 3778 Θεοῦ
532 3724 690 3778 καλὸν
712 3763 729 3789 ,
774 3725 868 3776 καὶ
896 3723 1041 3775 οὐδὲν
1074 3723 1383 3794 ἀπόϐλητον
1429 3727 1544 3795 μετ’
1575 3727 1921 3798 εὐχαριστίας

345 3815 775 3886 λαμὸανόμενον·
820 3811 1100 3880 ἁγιάζεται
1159 3815 1267 3883 γὰρ
1320 3815 1409 3868 διὰ
1448 3816 1607 3884 λόγου
1664 3817 1797 3870 Θεοῦ
1828 3819 1920 3871 καὶ

346 3909 654 3975 ἐντεύξεως.
708 3928 725 3960 ›
776 3907 1112 3975 Ἐπάναγκες
1148 3909 1245 3978 μὲν
1294 3903 1387 3961 οὖν
1414 3909 1474 3961 οὐ
1509 3908 1777 3962 κωλυτέον
1822 3927 1923 3978 γα-

349 4004 489 4071 μεῖν,
523 4002 641 4055 οὐδὲ
675 4002 778 4072 μὴν
814 4004 1175 4071 κρεωςαγεῐν,
1198 4000 1229 4070 ἢ
1256 4002 1551 4054 οἰνοποτεῖν
1574 4018 1587 4031 ·
1613 4003 1921 4072 γέγραπται

343 4092 452 4163 γάρ
471 4109 483 4121 ·
528 4111 546 4143 ι
579 4092 756 4145 Καλὸν
787 4094 846 4145 τὸ
882 4093 955 4162 μὴ
986 4093 1178 4160 φαγεῖν
1204 4092 1361 4162 κρέα,
1401 4091 1533 4161 μηδὲ
1558 4092 1731 4145 πίνειν
1757 4090 1918 4157 οἶνον,

344 4184 437 4237 ὲάν
465 4185 552 4237 διὰ
584 4185 1002 4256 προσκόμματος
1031 4183 1182 4255 ὲσθίῃ
1202 4201 1214 4213 ·
1250 4204 1269 4235 ι
1302 4183 1417 4237 καῖ’
1453 4203 1471 4235 ι
1502 4183 1679 4237 Καλὸν
1717 4185 1917 4255 μένειν,

344 4276 418 4339 ὡς
462 4277 643 4345 κάγώ·
681 4298 698 4329 ι
736 4278 849 4331 ἀλλ’
880 4280 984 4332 ὅτε
1029 4276 1309 4349 χρώμενος
1363 4278 1477 4346 μετ’
1534 4276 1917 4349 εὐχαριστίας,

343 4369 372 4420 ὅ
399 4384 457 4420 τε
486 4364 551 4420 αὖ
588 4369 661 4440 μὴ
697 4369 995 4440 χρώμενος,
1027 4369 1120 4422 καὶ
1166 4369 1328 4432 αὐτὸς
1374 4368 1491 4439 μετ’
1532 4368 1914 4439 εὐχαριστίας,

415 4478 663 4549 ι-Μίιιιιι.
704 4498 829 4549 χιι,
870 4485 921 4536 6.
1000 4485 1028 4524 ι)
1068 4483 1226 4537 Rom.
1264 4500 1370 4542 vn.
1406 4484 1459 4536 4-

349 4554 408 4613 )3
451 4546 511 4602 P.
551 4548 656 4602 550
696 4546 825 4606 ΕΗ(
853 4552 1157 4617 POTTER,
1202 4554 1447 4607 462-465
1489 4552 1598 4606 ΕΙ).
1648 4552 1872 4608 PARIS.

418 4664 525 4731 (75)
561 4667 674 4719 Ἦν
700 4666 1030 4724 δείκνυσιν.
1066 4669 1222 4726 Conf.
1251 4668 1410 4723 Rom.
1438 4684 1535 4727 vn.
1574 4668 1623 4733 7,
1656 4668 1740 4722 l3.

418 4736 966 4811 (75)_I_Ipoara’£sw¢.
1010 4742 1470 4811 Superius-degenti
1506 4739 1789 4811 describit,
1817 4739 1907 4793 λό-

346 4826 442 4879 γον
472 4806 1104 4882 όρβὸνὶ-προστακλτικὸν
1127 4814 1221 4882 μὲν
1270 4807 1344 4867 ὧν
1357 4806 1375 4809 ’ν
1391 4810 1641 4881 ποιητέον
1658 4850 1671 4870 ,
1698 4810 1910 4882 ἀπαγο-

350 4869 591 4951 ρευτικὸν
638 4869 835 4951 δὲ-’ὦν
889 4878 949 4929 οὐ
984 4869 1270 4951 ποιητέον·
1312 4902 1329 4934 ι
1360 4869 1558 4936 rectain
1606 4869 1907 4951 ratiom-m,

350 4947 473 5019 qua:
506 4947 746 5024 principit
794 4962 856 4999 ea
919 4964 1041 5015 qua:
1094 4947 1207 5024 ﬁeri
1264 4963 1505 5024 oportet,
1551 4950 1913 5024 ct__p_rohihct

345 5036 472 5143 gum.
504 5020 612 5073 lieri
644 5032 752 5070 non
794 5026 1022 5087 oportet.
1065 5038 1083 5069 ι
1155 5019 1348 5079 δινοιὶι.
1390 5041 1430 5088 ι,
1461 5036 1581 5093 pag.
1609 5019 1733 5085 330,
1770 5023 1904 5077 edit.

392 5106 520 5143 aus.

392 5106 439 5144 al
456 5107 520 5143 IS.

421 5161 533 5230 (76)
576 5159 646 5214 Τὸ
674 5156 1024 5227 μυστήριον.
1060 5156 1299 5230 Bcspirit
1324 5162 1519 5229 Ephcs.
1557 5178 1607 5226 ν,
1645 5160 1734 5215 52.

418 5227 531 5354 (ζ’)
556 5231 624 5286 Τὸ
650 5230 1031 5300 γεννώμενον.
1059 5227 1297 5299 Respicit
1318 5227 1521 5289 Christi
1549 5228 1904 5295 verba,Joan.

348 5313 429 5365 ιιι,
456 5313 510 5354 ti.

419 5369 535 5437 (78)
569 5373 652 5424 Οὐ
689 5371 893 5440 μόνον.
932 5366 1137 5424 Sensus
1197 5380 1301 5434 est,
1337 5371 1390 5424 id
1413 5413 1428 5435 ,
1460 5373 1603 5442 quod
1625 5372 1734 5442 jam
1768 5371 1906 5426 dixit

345 5448 559 5506 auctor,
591 5441 994 5508 intelligendum
1018 5454 1157 5503 esse,
1202 5457 1220 5489 ι
1248 5455 1354 5493 non
1388 5441 1566 5497 solum
1595 5444 1660 5497 de
1708 5442 1893 5497 liberis

345 5508 438 5573 qui
474 5524 538 5561 ex
571 5524 751 5581 partu,
779 5512 868 5565 sed
892 5510 1052 5565 etiam
1088 5510 1156 5563 de
1196 5510 1269 5581 iis
1312 5512 1406 5579 qui
1436 5530 1501 5566 ex
1527 5514 1774 5568 doctrina
1801 5529 1898 5566 na-

345 5587 598 5633 scuntur.
633 5580 865 5637 Proinde
893 5588 1167 5654 «sanctos»
1194 5580 1393 5654 liberos
1432 5598 1553 5636 esse
1590 5601 1751 5654 opera
1790 5582 1897 5635 Deo

344 5656 517 5711 grata.
572 5666 694 5717 qme
747 5653 1067 5722 proveniunt
1113 5666 1177 5722 ex
1218 5652 1421 5714 anima,
1464 5652 1642 5720 quain
1685 5654 1892 5707 Domini

342 5720 1108 5791 sermonesdespondet-unt.i
1137 5720 1375 5788 [inspicit
1396 5731 1575 5775 autem
1606 5727 1628 5776 1
1656 5725 1887 5785 Coum,

347 5782 434 5865 ίέ,
463 5800 573 5865 quo
630 5782 768 5845 loco'
796 5793 1031 5848 afﬁrmat
1058 5782 1380 5865 Apostolus,
1411 5805 1724 5865 sanctorum
1764 5782 1890 5863 ἅγια

343 5855 479 5907 εἶναι
502 5855 687 5920 τέκνα,
707 5876 725 5909 ι
744 5872 962 5918 sanctos
983 5855 1331 5920 esse-liberos
1359 5880 1372 5915 ε
1414 5878 1431 5911 ι
1467 5864 1616 5929 quod
1640 5855 1891 5917 Cloatius

1552 4495 1575 4556 ε
1615 4483 1895 4556 πρίει-12.
1970 4483 1997 4523 δ
2038 4489 2201 4549 Juan.
2242 4509 2336 4556 ιιι.
2379 4492 2436 4556 6.

2031 3374 2264 3428 moituis
2282 3371 2324 3428 ί.
2353 3393 2371 3425 ι
2396 3374 2571 3428 Simul
2606 3383 2787 3427 autem
2814 3374 3059 3442 proxime
3083 3373 3395 3436 exauditur,
3418 3372 3463 3427 si
3486 3373 3608 3427 fue-

2030 3466 2152 3520 ritis
2195 3465 2554 3520 obcdientrs:
2593 3465 3037 3536 quandoquidem
3068 3467 3233 3519 etiam
3274 3481 3340 3519 ex
3378 3467 3606 3519 veritate

2025 3557 2162 3626 legis
2218 3557 2392 3610 eidem
2446 3556 2680 3611 Domino
2708 3557 3026 3619 obcdimus,
3058 3557 3151 3625 qui
3183 3557 3429 3625 praecipit
3466 3557 3606 3610 emi-

2024 3666 2151 3703 nus.
2200 3655 2258 3712 ›Ῑ‹
2306 3648 2563 3718 Nunquid
2613 3660 2797 3703 autem
2846 3649 2914 3702 de
2957 3647 3231 3717 ejusmodi
3283 3647 3606 3703 hominibus

2027 3744 2224 3795 merito
2257 3750 2443 3810 aperte
2477 3759 2496 3791 ι
2528 3741 2663 3795 dicit
2702 3738 2943 3809 Spiritus
2964 3780 2980 3802 ,
3012 3740 3161 3809 quod
3196 3741 3250 3792 in
3280 3740 3607 3808 posteriori-

2024 3834 2129 3888 hus
2163 3834 2508 3903 temporibus
2533 3832 2792 3888 deﬁcient
2818 3832 3043 3902 quidam
3087 3847 3116 3885 a
3146 3832 3281 3893 lide,
3315 3833 3603 3886 attenden-

2024 3934 2108 3980 tes
2159 3926 2448 3994 Spiritibus
2489 3924 2734 3991 erroris,
2770 3934 2825 3979 et
2868 3923 3135 3978 doctrinis
3164 3924 3599 3989 daemoxdorum,

2025 4016 2079 4069 in
2143 4016 2419 4086 hypocrisi
2478 4015 2930 4086 falsiloquorum,
2984 4013 3340 4067 cauteriatam
3395 4012 3601 4068 haben-

2022 4107 2159 4161 tium
2190 4110 2611 4172 ronscientiam,
2641 4117 2694 4160 et
2724 4104 3134 4174 prohibentium
3166 4104 3403 4167 nubere,
3432 4104 3603 4159 absti-

2022 4216 2150 4254 nere
2181 4215 2210 4254 a
2238 4201 2397 4264 cibis,
2438 4215 2580 4269 quos
2614 4197 2761 4252 Dens
2790 4198 2997 4252 creavit
3031 4197 3097 4250 ad
3125 4196 3599 4267 participationem

2024 4306 2146 4344 cum
2172 4294 2472 4361 gratiarum
2545 4289 2763 4344 actione
2817 4289 3103 4353 lidclibus,
3145 4296 3199 4342 et
3234 4288 3328 4357 qui
3363 4302 3598 4357 agnove-

2022 4392 2152 4436 runt
2199 4384 2519 4447 veritatem,
2566 4382 2718 4451 quod
2770 4381 2954 4437 omnis
3005 4388 3256 4435 creatura
3308 4377 3404 4433 Dei
3451 4380 3595 4435 bona

2516 4503 2542 4532 ο
2583 4491 2603 4546 l
2642 4492 2770 4548 Cor.
2813 4508 2931 4555 νιι,
2980 4491 3062 4544 14.
3145 4488 3167 4527 ί
3220 4490 3593 4554 Rom.vu,£.

1939 4675 1985 4730 D
2014 4671 2079 4724 ad
2111 4670 2350 4724 animam
2378 4685 2475 4739 per
2504 4666 2774 4739 Evangelii
2805 4664 3111 4739 doctrinam
3155 4665 3268 4721 Deo
3295 4667 3594 4737 desponsa-

2015 4749 2126 4795 tam
2160 4737 2463 4810 applicans,
2496 4740 2627 4810 dicit
2648 4738 2766 4805 ejus
2795 4755 2813 4786 ι
2841 4737 3081 4801 liberos;
3121 4756 3142 4790 ι
3178 4753 3370 4810 nempe
3404 4753 3592 4807 opeia,

2012 4827 2134 4865 esse
2169 4830 2187 4862 ι
2211 4808 2421 4865 sancta.
2455 4829 2473 4861 ι
2509 4808 2739 4861 Proinde
2767 4823 2889 4874 qua:
2926 4818 3256 4876 sequuntur,
3292 4809 3395 4861 hoc
3424 4814 3591 4864 modo

2011 4882 2391 4949 distingui-mla
2453 4889 2579 4949 sunt
2605 4896 2635 4949 ﬂ:
2685 4877 2897 4949 Αὐτίκα
2959 4878 3092 4949 ἅγια
3137 4876 3204 4949 τὰ
3278 4877 3475 4941 τέκνα,
3533 4883 3591 4935 αί

2012 4946 2493 5022 εὐαρεστήσειςέτῷ
2519 4946 2658 5019 θεῷ,
2678 4947 2787 5001 τῶν
2815 4948 3109 5020 Κυριακῶν
3143 4947 3314 5015 λόγων
3347 4964 3590 5018 νυμφευ-

2016 5020 2222 5075 σάντων
2252 5021 2348 5088 τὴν
2379 5020 2448 5088 ψυ
2456 5022 2554 5089 χήν
2570 5057 2583 5069 .

2085 5092 2192 5157 (79)
2218 5085 2375 5143 Κατὰ
2394 5085 2520 5155 an;
2546 5086 2838 5157 ἀλήθειαν
2868 5086 2971 5157 τοῦ
3003 5087 3207 5155 νόμου.
3244 5086 3333 5141 Sic
3358 5086 3418 5142 Ο.
3442 5085 3587 5142 Pan-

2016 5152 2103 5216 lus
2123 5152 2237 5216 Gal.
2261 5176 2319 5221 ιι,
2438 5152 2598 5213 (Οὐκ
2626 5152 3011 5233 ὀρθοποδοῦσιν
3038 5152 3172 5229 πρὸς
3196 5158 3295 5228 τὴν
3322 5156 3588 5226 ἀλήθειαν

2015 5233 2109 5285 τοῦ
2138 5229 2482 5298 Εὐαγγε).ίου.

2087 5302 2194 5373 (80)
2241 5297 2571 5368 Πιῇὂρωθεν.
2622 5318 2655 5373 _¢
2684 5297 2946 5365 Eminus,
2986 5319 3005 5351 ι
3058 5314 3251 5373 nempe
3319 5298 3373 5351 in
3427 5298 3587 5370 lege:

2014 5369 2467 5443 quemadnmdnm
2502 5370 2689 5443 ἐγγύς,
2726 5390 2743 5421 ι
2767 5369 3441 5443 prope,_ressedicuntur,
3466 5369 3589 5437 quae

1999 5439 2141 5565 1sunt
2176 5445 2229 5497 in
2258 5442 2580 5512 Evangelio;
2613 5442 2879 5495 relatione
2899 5440 3106 5494 scilicet
3135 5439 3203 5493 ad
3236 5440 3585 5494 Christianos

2023 5524 2165 5565 acta.

2023 5524 2165 5568 acta.

2070 5584 2184 5654 (81)
2217 5584 2547 5654 Ἂντικρυς.
2591 5581 2815 5654 Ῥητῶς.
2851 5577 3043 5654 lTim_.
3065 5595 3139 5645 tv,
3169 5579 3263 5634 ubi
3307 5594 3453 5654 mor,
3488 5594 3581 5630 κε-

2002 5647 2628 5732 καυτηριασμένωνπὴν
2677 5647 2818 5705 ’ἰδίαν
2872 5649 3217 5732 συνείδησιν,
3262 5647 3583 5732 κοιλυὶόντων

1999 5706 2136 5795 γαμ.
2163 5706 2230 5795 ’1ιι
2268 5706 2333 5795 iis
2390 5739 2512 5795 qum
2551 5706 2963 5793 sequuntur,ex
3003 5706 3249 5795 epistolis
3281 5720 3345 5795 ad
3373 5715 3581 5772 Roma-

2000 5787 2172 5850 noset
2203 5787 2542 5858 Corinthios,
2587 5787 2700 5849 non
2747 5801 2854 5848 tam
2907 5787 3073 5846 verba
3103 5787 3366 5861 Apostoli,
3401 5803 3575 5859 quam

1998 5866 2316 5922 sententiam
2352 5863 2589 5918 exhibet.
