4484 6586
908 439 1043 497 “9|
2045 436 2436 493 CLEMEN'itS
2471 436 2679 491 Αιεχε

2424 438 2436 489 i
2471 432 2946 491 ALEXANDRINI
4046 438 4066 487 ί
4082 436 4195 491 £93

906 562 976 616 ad
1008 559 1174 630 plura
1200 560 1497 631 prolapsio.
1547 559 1751 619 Tribus
1796 558 1940 617 enim
1991 561 2205 628 modis,
2244 571 2307 615 ut
2338 559 2479 615 dixi-
2516 568 2564 624 Α
2596 578 2615 611 ι
2650 578 2677 612 τ

2424 559 2479 613 μὶ-
2516 568 2564 624 Α
2596 578 2615 611 ι
2650 559 2898 631 πονηρὰν
2932 559 3025 613 καὶ
3062 557 3351 629 μοιχαλίδα
3378 600 3393 623 ,
3433 581 3452 613 ι
3489 563 3735 619 διδάσκει
3767 561 3843 636 μὴ
3874 558 4195 630 ἐγνωκότας

903 667 1063 719 mus,
1087 649 1381 708 fornicatio
1421 660 1479 707 et
1516 653 1847 710 adulterium
1890 652 2131 708 sumitur
2170 653 2318 722 apud
2343 652 2491 724 Apo-
2594 651 2674 721 νόε

2425 667 2491 707 o—
2594 651 2781 721 νόμον,
2828 652 2904 716 ὡς
2932 653 2962 705 ὁ
2990 650 3152 722 νόμος
3176 647 3453 721 βούλεται·
3494 673 3516 707 ι
3546 656 3844 729 παραδόσει
3884 654 3941 708 δέ
3968 654 4036 725 τῇ
4073 650 4196 706 τῶν

908 745 1138 802 stolum.
1188 744 1264 800 De
1306 745 1396 802 his
1434 746 1573 803 dicit
1615 749 1919 820 propheta:
1958 743 2252 801 «Peccatis
2292 745 2492 802 vestris
2596 761 2679 813 πρ;

2429 745 2492 801 ris
2596 744 3007 815 πρεσϐυτέρων,
3051 742 3146 796 καὶ
3188 739 3518 812 ἐντάλμασιν
3574 748 3879 821 ἀνθρώπων
3904 765 3925 801 ι
3957 761 4200 819 κατηκο-

917 839 1220 895 venundati
1243 839 1402 896 estis.
1436 860 1458 895 ι
1484 841 1552 897 Et
1578 857 1773 899 rursus
1800 860 1814 895 :
1848 858 1868 891 ι
1900 839 2151 895 Pollutus
2173 853 2235 893 es
2261 838 2319 893 in
2348 848 2492 895 terra

907 935 1177 988 alienas:
1224 950 1248 987 ι
1288 934 1731 1005 coniunctionem
1769 932 2096 989 sceleratam
2140 930 2490 998 existimans,

906 1040 1032 1095 qua:
1074 1041 1202 1081 eum
1241 1028 1422 1083 alieno
1459 1041 1688 1096 corpore
1712 1025 1851 1080 facta
1875 1034 1995 1092 est,
2021 1033 2076 1080 et
2099 1038 2208 1079 non
2230 1037 2357 1077 cum
2383 1038 2451 1077 eo
2474 1063 2491 1090 ,

906 1119 1058 1188 quod
1074 1120 1236 1175 datur
1252 1121 1304 1174 in
1325 1118 1605 1189 conjugio,
1628 1118 1693 1172 ad
1717 1118 2014 1172 liberorum
2032 1108 2487 1187 procreationem.

908 1208 1068 1268 Unde
1090 1215 1253 1268 etiam
1285 1211 1616 1282 Apostolus:
1649 1229 1669 1261 ι
1701 1210 1858 1275 Volo,
1893 1211 2091 1281 inquit,
2115 1208 2363 1279 juniores
2388 1223 2493 1260 nu-

909 1304 1069 1370 bere,
1099 1306 1238 1359 lilios
1261 1318 1551 1374 procreare
1571 1342 1588 1366 ,
1617 1302 1809 1357 domui
1833 1317 2066 1372 praeesse
2088 1343 2103 1367 ,
2125 1299 2331 1354 nullam
2357 1298 2491 1354 dare

910 1398 1259 1454 occasionem
1293 1394 1613 1449 adversario
1645 1395 1919 1450 maledicti
1940 1395 2135 1465 gratia.
2178 1392 2297 1447 Jam
2342 1391 2489 1447 enim

908 1489 1158 1558 quadam
1201 1487 1549 1543 diverterunt
1599 1497 1724 1557 post
1773 1486 2032 1541 Satanam
2068 1487 2119 1540 b.
2160 1505 2179 1538 ι
2239 1483 2383 1551 Quin
2435 1491 2489 1535 ct

2593 835 2949 906 λουθηκότας,
2985 834 3255 907 μοιχεύειν
3301 833 3395 886 τὸν
3432 834 3622 906 νόμον,
3652 842 3752 911 οὐχ
3784 841 3861 906 ὡς
3895 840 4063 912 ἄνδρα
4091 839 4199 894 καὶ

2595 926 2784 998 κύριον
2810 926 2913 996 τῆς
2953 926 3250 999 παρθενίας
3282 923 3463 978 αὐτῶν
3492 923 3801 997 δεδομένον.
3829 934 3982 1005 Τάχα
4009 931 4066 985 δὲ
4092 929 4199 984 καὶ⁵

2596 1017 2916 1089 ἐπιθυμίαις
2958 1016 3391 1090 δεδουλωμένους
3440 1014 3753 1085 ἀλλοκότοις
3790 1020 3932 1079 οἶδεν
3951 1023 4200 1089 αὐτοὺς,

2593 1110 2662 1164 δι’
2716 1110 2782 1176 ἀς
2826 1110 2923 1164 καὶ
2972 1110 3217 1182 συνεχῶς
3271 1107 3618 1179 δουλούμενοι
3665 1113 3790 1171 ταῖς
3849 1116 4196 1190 ἁμαρτίαις,

2595 1204 3000 1273 ἐπιπράσκοντο
3042 1206 3158 1267 τοῖς
3221 1201 3568 1272 ἀλλοφύλοις·
3622 1201 3748 1256 ἐπεὶ
3801 1209 3955 1276 παρά
3984 1227 4048 1279 γε
4076 1209 4197 1272 τοῖς

2606 1296 2886 1359 Ἰουδαίοις
2932 1296 3034 1349 οὐκ
3077 1292 3219 1367 ἦσαν
3270 1294 3720 1365 ἀποδεδειγμέναι
3768 1295 3881 1367 (96)
3930 1306 4197 1368 γυναῖκες

2592 1387 2789 1449 κοιναὶ,
2824 1386 2960 1440 ἀλλὰ
2981 1388 3074 1440 καὶ
3100 1389 3133 1458 ή
3161 1389 3380 1459 μοιχεία
3410 1386 3776 1459 ἀπηγόρευτο.
3813 1386 3872 1440 Ὀ
3898 1388 3956 1441 δὲ
3987 1394 4192 1448 εἰπών’

2597 1497 2616 1529 ι
2672 1478 2914 1531 Γυναῖκα
2969 1478 3179 1549 ἔγημα,
3223 1481 3319 1534 καὶ
3367 1481 3427 1534 ού
3488 1480 3722 1550 δύναμαι
3778 1478 3956 1533 ἐλθεῖν
3994 1487 4079 1549 εἰς
4129 1486 4196 1540 τὸ

906 1581 1075 1635 unius
1101 1594 1326 1651 quoque
1354 1581 1549 1636 uxoris
1574 1581 1749 1636 virum
1777 1582 1967 1651 utique
1995 1579 2264 1644 admittit;
2292 1593 2387 1633 seu
2420 1575 2490 1629 sit
2588 1569 2677 1623 δεῖ

2426 1575 2490 1629 sit
2588 1569 2805 1623 δεῖπνον
2860 1569 2924 1623 τὸ
2959 1569 3137 1633 θεῖον,
3171 1568 3573 1643 ὑπόδειγμησῆν
3598 1573 3680 1635 εἰς
3717 1569 3940 1641 ἔλεγχον
3964 1574 4076 1627 τῶν
4104 1577 4197 1634 διὰ

902 1674 1216 1745 presbyter,
1244 1689 1342 1728 seu
1367 1673 1673 1737 diaconus,
1706 1690 1803 1729 seu
1844 1675 2055 1737 laicus,
2098 1682 2258 1726 utens
2301 1670 2490 1724 matri-
2589 1662 2673 1734 ἠδ(

2424 1670 2490 1721 ri-
2589 1662 2782 1734 ἡδονὰς
2804 1662 3197 1735 ἀφισταμένων
3216 1666 3317 1735 τῆς
3342 1664 3491 1731 θείας
3513 1665 3753 1736 ἐντολῆς·
3769 1665 3892 1717 ἐπεὶ
3913 1665 4091 1737 τούτῳ
4112 1670 4195 1743 τῷ

904 1763 1097 1817 monio
1122 1764 1257 1817 citra
1288 1764 1771 1832 reprehensionem
1835 1781 1849 1816 :
1886 1782 1906 1812 ι
1938 1761 2262 1815 Servabitur
2303 1768 2486 1812 autem
2589 1755 2675 1824 λόγ

2425 1774 2486 1811 :m
2589 1755 2736 1826 λόγῳ
2794 1753 2908 1807 οὔθ’
2936 1757 2985 1809 οἱ
3044 1755 3154 1826 πρὸ
3210 1756 3315 1826 τῆς
3372 1758 3676 1831 παρουσίας
3729 1756 3927 1810 δίκαιοι
3977 1755 4095 1811 οὗθ’
4142 1761 4196 1814 οἱ

903 1870 1004 1925 per
1028 1857 1269 1909 liliorum
1297 1856 1730 1925 procreationem
1756 1864 1801 1903 ε.
1836 1870 1854 1903 ι
1882 1850 1947 1905 Ει
1989 1866 2184 1905 rursus
2228 1848 2488 1903 Servator
2523 1918 2557 1925 _
2594 1863 2674 1917 με·

2425 1864 2488 1902 or
2523 1918 2557 1925 Α
2594 1846 2735 1917 μετά
2779 1846 2883 1918 τὴν
2932 1848 3237 1918 παρουσίαν
3294 1850 3708 1922 γεγαμηκότες,
3742 1850 3846 1902 κᾶν
3901 1849 4196 1907 ἀπόστολοι

902 1918 1092 2002 dicens
1138 1918 1361 2001 Jndaaos
1409 1966 1428 1998 ‹
1459 1945 1865 2015 generationem
1910 1959 2135 2013 pravam
2178 1951 2231 1997 et
2277 1942 2489 1995 adulte-
2520 1918 2564 1975 Β
2590 1932 2672 1991 ὥσ

2420 1952 2489 1995 Lc-
2520 1918 2564 1975 Β
2590 1932 2717 2002 ὦσι,
2753 1938 3110 2007 σωθήσονται.
3149 1940 3268 1995 Κᾶν
3317 1945 3497 1996 ἐκεῖνο
3555 1943 3964 2015 προκομίσωσιν
4008 1938 4191 2010 αὖθις,

901 2053 1054 2101 ram,
1090 2055 1110 2091 ι
1140 2038 1303 2094 docet
1347 2053 1446 2092 eos
1495 2038 1666 2107 legem
1718 2051 1827 2090 non
1876 2035 2242 2106 cognovisse,
2288 2042 2350 2088 ut
2398 2033 2485 2086 lex
2591 2029 2667 2093 ὡς

2422 2047 2485 2086 ex
2591 2029 2667 2093 ὡς
2697 2030 2792 2083 καὶ
2820 2033 2849 2084 ὁ
2900 2033 3186 2103 προφήτης
3226 2024 3412 2103 φησιν’
3461 2053 3480 2085 r
3524 2034 3900 2106 Ἐπαλαιὼθην
3944 2036 4003 2087 ἐν
4054 2038 4193 2089 πᾶσι

900 2132 1015 2184 vult
1069 2149 1084 2186 :
1148 2149 1167 2183 ι
1196 2132 1289 2187 sed
1330 2132 1611 2187 seniorum
1658 2130 2009 2184 traditionem
2044 2169 2060 2194 ,
2102 2137 2155 2182 et
2197 2126 2484 2181 hominum
2599 2127 2671 2176 τοῐ

2435 2141 2484 2178 m
2599 2126 2717 2187 τοῖς
2747 2123 2967 2195 ἐχθροῖς
3008 2141 3110 2194 μου
3131 2141 3179 2176 ἰ
3218 2125 3447 2196 ἐχθροὺς
3480 2127 3579 2190 τὰς
3609 2127 3883 2200 ἁμαρτίας
3916 2127 4197 2181 ἀκουέτω-

898 2227 1168 2288 praecepta
1196 2229 1490 2288 sequentes
1512 2257 1529 2282 ,
1557 2237 1576 2270 ι
1604 2217 1917 2273 adulterare
1963 2218 2157 2288 legem,
2177 2215 2400 2287 perinde
2426 2232 2491 2271 ac
2598 2229 2669 2265 σα

2426 2232 2491 2271 ac
2598 2229 2725 2266 σαν.
2782 2214 2900 2267 Μία
2946 2212 3003 2265 δέ
3056 2231 3144 2277 τις
3181 2214 3467 2285 ἁμαρτία,
3510 2217 3612 2288 οὐχ
3648 2221 3677 2271 ὁ
3728 2219 3905 2290 γάμος
3934 2259 3949 2282 ι
3997 2217 4113 2271 ἀλλ’
4158 2221 4193 2291 ί]

900 2308 947 2361 si
978 2324 1086 2363 non
1115 2319 1266 2365 esset
1293 2309 1420 2364 data
1446 2309 1532 2364 vir
1556 2319 1610 2364 et
1635 2310 1892 2364 dominus
1919 2325 2110 2364 eorum
2140 2307 2487 2378 virginitatis.
2593 2320 2664 2357 πο

2421 2307 2487 2360 is.
2593 2304 2822 2374 πορνεία
2842 2320 2856 2334 ·
2898 2304 3021 2357 ἐπεὶ
3054 2305 3150 2357 καὶ¹
3177 2304 3280 2377 τὴν
3310 2307 3525 2374 γένεσιν
3550 2311 3863 2365 εἰπάτωσαν
3892 2313 4192 2384 ἁμαρτίαν,

900 2392 1159 2455 Fortasse
1183 2408 1362 2452 autem
1388 2412 1486 2452 eos
1508 2413 1731 2468 quoque
1754 2398 1938 2452 innuit
1966 2414 2088 2454 esse
2115 2397 2308 2452 alienis
2338 2413 2493 2450 man-
2593 2396 2671 2449 xei

1754 2398 1938 2452 innuit
1966 2414 2088 2454 esse
2115 2397 2308 2452 alienis
2338 2413 2493 2450 man-
2593 2396 2686 2449 καὶ
2714 2396 2806 2448 τὸν
2836 2394 2938 2467 τῆς
2970 2395 3242 2465 γενέσεως
3274 2398 3524 2468 κτίστην.

898 2488 1109 2556 cipatos
1138 2489 1565 2559 cupiditatibus,
1598 2499 1826 2559 propter
1852 2506 1995 2560 quas
2016 2491 2241 2545 assidue
2265 2502 2490 2560 quoque
2531 2489 2834 2543 servientes
2874 2489 3151 2558 peccatis,
3214 2488 3595 2544 vendebantur
3650 2493 3997 2558 alienigenis.
4054 2492 4194 2546 Nam

898 2576 1044 2647 apud
1086 2576 1307 2633 Judaeos
1335 2588 1623 2634 nouerant
1651 2578 1912 2634 admissa:
1942 2595 2268 2634 communes
2319 2578 2584 2632 mulieres
2641 2596 2656 2632 :
2703 2594 2894 2632 verum
2947 2578 3283 2649 prohibitum
3335 2591 3454 2632 erat
3492 2574 3845 2639 adulterium.
3869 2582 3973 2648 Qui
4008 2594 4194 2637 autem

899 2671 1069 2726 dicit:
1099 2690 1120 2724 ι
1149 2671 1390 2728 Uxorem
1436 2673 1604 2737 duxi,
1652 2686 1761 2726 non
1808 2686 2034 2741 possum
2076 2670 2269 2724 venire
2295 2669 2325 2709 ἀ
2358 2689 2378 2721 ι
2411 2669 2479 2723 ad
2505 2669 2749 2723 divinam
2796 2685 3044 2734 carnem,
3095 2681 3180 2725 est
3238 2671 3460 2740 quidem
3493 2672 3808 2741 exemplum
3871 2675 3937 2727 ad
3972 2690 4070 2729 cos
4100 2690 4197 2729 ar-

901 2766 1183 2834 guendos,
1210 2767 1303 2836 qui
1331 2774 1557 2836 propter
1580 2765 1885 2833 voluptates
1912 2763 2216 2818 abscedunt
2241 2777 2273 2815 a
2299 2760 2489 2816 divino
2545 2764 2810 2815 mandato
2839 2780 2852 2815 :
2885 2762 3091 2831 alioqui
3148 2777 3249 2816 nec
3301 2763 3395 2830 qui
3441 2763 3575 2833 justi
3621 2761 3773 2819 l‘ncre
3813 2775 3940 2819 ante
3983 2768 4187 2821 adven-

900 2868 1016 2913 tum
1037 2900 1052 2924 ,
1084 2873 1185 2913 nec
1209 2860 1304 2928 qui
1333 2867 1455 2929 post
1479 2856 1774 2911 adventum
1807 2870 2006 2910 uxores
2035 2854 2343 2920 duxerunt,
2372 2853 2762 2918 servabuntur,
2815 2852 3033 2908 etiamsi
3085 2854 3197 2908 sint
3254 2855 3507 2924 apostoli.
3538 2855 3696 2922 Quod
3728 2858 3775 2913 si
3845 2857 3977 2911 illud
4035 2866 4191 2913 attn-

900 2952 1097 3018 lerint,
1146 2953 1292 3020 quod
1352 2950 1620 3020 propheta
1669 2961 1891 3017 quoque
1934 2946 2067 3000 dicit
2115 2964 2129 3000 :
2190 2964 2208 2996 ι
2235 2944 2540 3000 lnveteravi
2602 2945 2748 2999 inter
2780 2960 2972 2999 omnes
3020 2944 3277 2999 inimicos
3309 2960 3460 3001 meos
3496 2957 3542 3012 ο,
3576 2966 3595 2998 ι
3621 2964 3716 3017 per
3757 2950 4009 3005 inimicos
4052 2968 4189 3019 pec-

909 3056 1030 3102 cata
1085 3044 1414 3114 intelligant.
1478 3040 1661 3096 Unum
1723 3038 1999 3109 quoddam
2054 3048 2239 3092 autem
2313 3047 2397 3093 est
2437 3046 2760 3108 peccatum,
2803 3053 2911 3090 non
2951 3037 3367 3092 matrimonium
3395 3080 3411 3105 ,
3463 3041 3557 3094 sed
3602 3040 3936 3099 fornicatio:
3982 3046 4195 3116 alioqul

901 3138 1313 3210 generationem
1358 3148 1577 3204 quoque
1609 3132 1797 3186 dicant
1823 3138 2143 3201 peccatum,
2173 3139 2228 3184 et
2266 3138 2574 3185 creatorem
2609 3127 3002 3200 generationis.

2280 3268 2513 3326 CAPUT
2550 3268 2692 3325 XIII.

2280 3270 2414 3326 CAP
2469 3269 2513 3325 Τ
2550 3268 2692 3325 ΧΙΙΙ.

1059 3366 1198 3420 Julii
1227 3363 1477 3420 Cassiani
1503 3363 1740 3417 Itaeretici
1765 3362 1932 3415 verbis
1972 3363 2286 3433 respondet;
2319 3268 2594 3416 amilum;
2627 3377 2779 3432 quem
2803 3376 2869 3416 ea:
2894 3361 3162 3433 evangelio
3189 3366 3490 3434 apocrypha
3527 3366 3669 3420 idem
3705 3367 4026 3423 adduxerat.

971 3483 1197 3538 Talibus
1249 3481 1588 3551 argumentis
1644 3481 1818 3534 utitur
1845 3495 2069 3550 quoque
2102 3478 2289 3536 Julius
2356 3479 2567 3543 Cas-c
2672 3480 2742 3533 Ta

2421 3496 2497 3535 ιε·
2527 3488 2567 3543 C
2672 3478 2949 3546 Τοιούτοις
2982 3483 3254 3555 ἐπιχειρεῖ
3293 3485 3389 3538 καί¹
3427 3486 3457 3538 ό
3501 3485 3602 3556 τῆς
3632 3485 3906 3557 δοκήσεως
3944 3487 4192 3561 ἐξάρχων

901 3579 1131 3642 sianus,
1182 3574 1277 3645 qui
1328 3573 1431 3628 fuit
1488 3574 1741 3643 princeps
1800 3583 1964 3628 sectae
2018 3572 2371 3628 Docetarum.
2432 3572 2492 3627 In

903 3685 1067 3741 opere
1127 3676 1276 3722 certe
1344 3666 1418 3719 De
1475 3666 1844 3732 continentia,
1902 3666 1988 3719 vel
2053 3665 2130 3720 De
2194 3667 2484 3730 castitate,

906 3763 993 3816 his
1051 3760 1234 3815 verbis
1267 3760 1404 3813 dicit
1436 3777 1449 3812 :
1493 3777 1512 3808 ι
1542 3756 1653 3812 Nec
1702 3758 1848 3812 dicat
1888 3759 2124 3829 aliquis,
2165 3760 2312 3829 quod
2349 3772 2489 3826 quo-

909 3855 1057 3908 niam
1119 3853 1246 3906 talia
1311 3852 1577 3907 habemus
1638 3852 1885 3906 membra
1920 3893 1936 3917 ,
2003 3859 2064 3905 ut
2125 3851 2286 3905 aliter
2352 3850 2490 3919 ligu-

906 3956 1026 4002 rata
1084 3946 1155 4002 sit
1194 3944 1436 4011 femina,
1485 3946 1642 3999 aliter
1695 3959 1826 3998 vero
1865 3944 2182 3999 masculus:
2223 3943 2315 3996 illa
2364 3942 2494 4011 qui~

903 4041 1027 4093 dem
1079 4039 1145 4093 ad
1186 4037 1622 4106 suscipiendum,
1664 4036 1752 4090 hic
1796 4050 1926 4089 vero
1962 4034 2030 4088 ad
2070 4034 2449 4088 seminandum
2476 4075 2492 4096 ,

902 4130 1070 4203 200
1112 4134 1171 4193 ὦ
1206 4142 1527 4183 concessam
1556 4140 1678 4181 esse
1708 4141 1739 4179 a
1769 4124 1882 4179 Deo
1912 4124 2396 4180 consuetudinem.
2436 4122 2494 4176 Si

906 4223 1051 4275 enim
1085 4237 1115 4274 a
1149 4219 1284 4283 Deo,
1315 4219 1381 4273 ad
1409 4233 1573 4288 quem
1611 4216 1913 4283 tendimus,
1949 4222 2096 4271 esset
2131 4216 2247 4269 lnec
2279 4213 2494 4267 consti-

908 4314 1070 4377 tutio,
1101 4326 1211 4365 non
1256 4310 1449 4365 beatos
1489 4309 1724 4364 dixisset
1767 4324 1891 4364 esse
1938 4308 2264 4374 eunuchos;
2315 4321 2493 4377 neque

906 4402 1172 4475 propheta
1214 4400 1468 4465 dixisset,
1492 4415 1588 4453 cos
1616 4419 1637 4451 ι
1677 4416 1787 4454 non
1817 4414 1941 4455 esse
1969 4399 2223 4455 arborem
2256 4396 2489 4467 inlrugi-

906 4494 1079 4551 feram
1110 4493 1131 4533 τ
1155 4510 1200 4559 ς»
1232 4490 1572 4547 transferens
1619 4492 1689 4546 ab
1721 4491 1917 4545 arbore
1956 4492 2023 4546 ad
2064 4492 2364 4557 hominem,
2396 4491 2489 4561 qui

910 4603 1010 4645 sua
1040 4597 1237 4657 sponte
1277 4597 1332 4641 et
1377 4601 1445 4641 ex
1476 4585 1733 4640 instituto
1773 4599 1833 4639 se
1875 4593 2085 4640 castrat
2125 4584 2223 4638 tali
2280 4586 2490 4655 cegita-

912 4682 1079 4736 tione.
1124 4698 1143 4732 ι
1183 4678 1250 4734 Ει
1280 4695 1380 4749 pro
1414 4680 1582 4749 impia
1627 4678 1889 4749 opinione
1922 4677 2104 4733 adhuc
2160 4676 2446 4732 decertans
2473 4718 2492 4742 ,

908 4770 1193 4840 subjungit
1220 4788 1234 4824 :
1267 4787 1287 4820 ι
1322 4767 1610 4836 Quomodo
1637 4777 1819 4824 autem
1854 4783 1964 4823 non
1993 4768 2121 4838 jure
2149 4768 2275 4839 quis
2308 4783 2494 4838 repre-

2615 3571 2836 3635 Ἰούλιος
2867 3573 3176 3640 Κασσιανός
3195 3591 3210 3605 ο
3267 3576 3325 3628 ἐν
3355 3575 3487 3645 γοῦν
3514 3577 3592 3648 τῷ
3638 3580 3777 3646 Περὶ
3805 3579 4158 3650 ἐγχρατεάς
4178 3622 4195 3645 ,

2596 3663 2630 3735 ἢ
2674 3664 2811 3732 Περὶ
2844 3667 3202 3735 εὐνσυχίας,
3235 3669 3378 3721 κατὰ
3400 3667 3545 3733 λέξιν
3576 3671 3766 3741 φησίν
3802 3691 3822 3723 ι
3856 3673 3965 3726 Καὶ
4001 3673 4198 3744 μηδεὶς

2589 3755 2816 3825 λεγέτω,
2849 3758 3168 3811 ὃτιέπειδάν
3182 3758 3405 3811 τοιαῦτα
3427 3758 3590 3831 μόρια
3612 3761 3952 3833 ἔσχομεν,ιῦς
3970 3764 4070 3836 τὴν
4094 3767 4196 3837 μὲν

2596 3847 2816 3920 Θήλειαν
2837 3848 3012 3914 οὕτως
3032 3850 3428 3922 σχηματίσθαι,
3459 3851 3549 3905 τὸν
3568 3853 3627 3906 δέ
3652 3853 3851 3927 ἄρρενα
3870 3855 4065 3922 οὕτως,
4091 3860 4195 3929 τὴν

2600 3942 2699 4013 μὲν
2730 3941 2869 4013 πρὸς
2919 3941 2979 3995 τὸ
3038 3942 3311 4013 δέχεσθαι,
3368 3944 3461 3997 τὸν
3494 3944 3552 3998 δέ
3601 3947 3738 4018 πρὸς
3757 3948 3817 4001 τὸ
3843 3951 4156 4024 ἐνσπείρειν
4176 3993 4195 4020 ,

2601 4034 3053 4106 συγκεχωρῆσθαι
3094 4035 3206 4107 (97)
3241 4036 3303 4088 τὸ
3346 4037 3449 4107 τῆς
3476 4036 3696 4109 ὁμιλίας
3730 4040 3883 4112 παρὰ
3926 4042 4084 4096 Θεοῦ.
4131 4045 4191 4098 Ei

2594 4125 2703 4198 γὰρ
2735 4121 2803 4197 ἦν
2829 4126 2983 4197 παρὰ
3002 4127 3160 4193 Θεοῦ,
3196 4130 3277 4193 είς
3298 4129 3358 4183 ὃν
3399 4129 3726 4202 σπεύδομεν,
3758 4136 3792 4203 ἡ
3827 4135 4048 4207 τοιαύτη
4079 4136 4199 4191 διαι-

2595 4216 2783 4289 σκευὴ,
2816 4218 2916 4272 οὐκ
2946 4218 3014 4273 ἂν
3044 4220 3387 4293 ἐμακάρισεν
3419 4223 3551 4287 τοὺς
3607 4223 3896 4296 εὐνούχους
3919 4243 3933 4255 ·
3968 4227 4077 4281 οὐδ’
4128 4229 4196 4282 ἂν

2594 4313 2623 4364 ὁ
2648 4313 2937 4384 προφήτης
2970 4314 3204 4384 εἰρήκει,
3236 4334 3255 4366 ι
3291 4315 3367 4388 μὴ
3400 4311 3538 4370 εἶναι
3570 4314 3725 4381 ξύλον
3758 4318 4005 4389 ἄκαρπον
4030 4319 4138 4393 (98)
4169 4340 4193 4375 ι

2592 4400 2797 4465 αύτούς
2821 4417 2836 4432 ο
2873 4401 3195 4472 μεταλαϐὼν
3236 4405 3345 4458 ἀπὸ
3392 4405 3488 4460 τοῦ
3536 4407 3756 4480 δένδρου
3802 4411 3896 4463 ἐπὶ
3925 4412 4017 4465 τὸν
4054 4413 4197 4468 κατὰ

2600 4491 2926 4565 προαίρεσιν
2973 4491 3281 4565 ἄνθρωπον,
3324 4498 3518 4551 ἑαυτὸν
3560 4498 3663 4568 τῆς
3693 4500 3947 4574 τοιαύτης
3987 4504 4197 4569 ἐννοίας

2600 4582 2983 4657 εύνουχίζοντα
3031 4584 3165 4657 (99).
3221 4607 3241 4639 ι
3299 4590 3413 4643 Καὶ
3465 4590 3550 4643 ἔτι
3605 4592 4075 4667 ἐπαγωνιζόμενος
4124 4602 4192 4670 τῇ

2604 4678 2759 4750 ἀθέῳ
2788 4678 2942 4751 δόξῃ,
2978 4680 3261 4752 ἐπιφέρει·
3301 4702 3321 4734 ι
3358 4683 3485 4747 Πῶς
3520 4683 3578 4737 δέ
3608 4685 3707 4739 ούκ
3735 4686 3801 4743 ἂν
3832 4691 3928 4745 καὶ
3956 4692 4196 4761 εύλὸγως

2600 4788 2684 4836 τις
2705 4772 2931 4845 αἰτιῷτο
2956 4770 3049 4825 τὸν
3079 4772 3336 4847 Σωτῆρα,
3360 4778 3411 4830 εί
3434 4777 3562 4847 μετέ
3571 4777 3770 4835 πλασεν
3793 4785 3965 4855 ἡμᾶς,
3981 4785 4077 4838 καῖ
4094 4785 4196 4854 τῆς

911 4862 1161 4917 benderit
1198 4863 1574 4927 Servatorem,
1613 4861 1663 4916 si
1706 4877 1808 4917 nos
1850 4860 2293 4926 transformavit,
2328 4869 2382 4914 et
2425 4860 2494 4913 ab
2529 4924 2572 4980 Β
2599 4866 2682 4920 πλε

914 4969 1097 4980 ...η-..-Α
1134 4954 1149 4980 1
1177 4954 1384 4980 I.......:o
1445 4960 1497 4980 Α.
1530 4968 1565 4980 Α
1589 4951 1976 4980 -Αηῖ..--βζ,...,.
2008 4954 2387 4980 ...ΑΜΒ-..-κηι
2445 4962 2494 4980 ιιι

2426 4860 2494 4913 ab
2529 4924 2572 4980 Β
2599 4866 2806 4940 πλάνης
2834 4864 3136 4980 ἀπήλλαξε,
3171 4869 3268 4922 καὶ
3292 4868 3395 4939 τῆς
3424 4873 3713 4938 κοινωνίας
3724 4874 3835 4929 τῶν
3863 4878 4071 4951 μυρίων
4098 4874 4197 4929 καὶ

911 4969 1098 5009 errore
1134 4954 1413 5021 liberavit,
1443 4960 1507 5009 et
1527 4968 1565 5007 α
1587 4951 1979 5024 conjunctione
2008 4954 2412 5018 membrorum,
2443 4962 2498 5008 et
2529 4951 2572 4980 ν
2603 4980 2682 5034 πρ

2443 4962 2498 5008 ει
2529 4951 2572 4980 ν
2603 4961 3002 5034 προσθεμάτων
3027 4960 3122 5013 καὶ
3154 4961 3405 5029 amotum;
3445 4983 3466 5016 ι
3496 4965 3571 5017 τὰ
3595 4970 3953 5043 παραπλήσια
3980 4968 4063 5039 τῷ
4085 4969 4198 5023 ται-

909 5046 1435 5114 additamentorum,
1472 5057 1528 5103 et
1556 5046 1977 5118 pudendorum?
2013 5069 2035 5102 ι
2072 5050 2132 5103 in
2169 5050 2276 5104 bet:
2301 5047 2497 5103 eadem
2599 5070 2680 5106 τια

2429 5063 2497 5101 :m
2599 5052 2770 5122 τιανῷ
2801 5050 2951 5107 κατὰ
2974 5049 3135 5105 τοῦτο
3152 5051 3495 5123 δογματίζων
3510 5071 3535 5087 ο
3550 5059 3589 5111 ἁ
3606 5058 3655 5111 δ’
3676 5062 3742 5115 ἐκ
3769 5060 3877 5133 τῆς
3902 5059 4200 5114 ούαλεντίρ

907 5140 1216 5197 decernens
1264 5156 1389 5195 cum
1441 5139 1679 5196 Taliane
1732 5159 1746 5195 :
1803 5140 1893 5196 hic
1939 5152 2125 5197 autem
2178 5141 2391 5212 prodiit
2428 5157 2493 5195 ex

909 5235 1099 5291 schola
1119 5231 1413 5290 Valentini.
1446 5232 1745 5306 Propterea
1770 5233 1907 5290 dicit
1924 5232 2227 5292 Cassianus
2257 5254 2273 5291 :
2302 5253 2326 5287 ο
2353 5234 2497 5291 Guar

1424 5347 1660 5404 1tl'l‘im.
1705 5367 1771 5415 v,
1813 5348 1914 5412 Η,
1960 5347 2046 5404 l5.
2126 5361 2151 5391 α
2197 5349 2221 5407 1
2268 5348 2676 5419 Tim.tt,.15.
2754 5354 2783 5397 ἀ
2834 5353 2977 5411 Lm.
3020 5369 3147 5423 XIV,
3193 5355 3294 5411 ‘26.-
3368 5366 3392 5395 θ
3433 5352 3578 5413 Psal.
3624 5374 3714 5426 vl,
3764 5359 3819 5415 8.
3901 5363 3960 5421 >11
3991 5356 4052 5416 P.
4086 5360 4191 5417 555

1424 5420 1551 5485 465,
1580 5420 1683 5476 466
1735 5420 1843 5478 ED.
1892 5420 2113 5478 PARIS.
2223 5421 2374 5478 ‘lsa.
2404 5437 2515 5491 ινι,
2546 5424 2600 5480 5.

982 5348 1145 5403 ‘lsa.
1187 5350 1351 5415 1.,1.
1424 5348 1660 5404 δΙΤίῐη.
1705 5367 1771 5415 v,
1813 5348 1914 5412 Η,
1960 5348 2046 5404 l5.

909 5416 1023 5476 ΕΙ).
1073 5419 1371 5486 POTTEB,
1422 5420 1551 5485 465,
1580 5420 1683 5476 466
1735 5420 1843 5478 ED.
1892 5420 2113 5478 PAltlS.

980 5534 1095 5606 (96)
1127 5535 1653 5609 ᾍποδεδειγμέναι.
1686 5535 1781 5593 Vel
1811 5538 2002 5609 potius
2024 5537 2438 5609 ἀποδεδεγμένα
2449 5556 2488 5602 ι,

906 5606 980 5662 ab
1011 5607 1386 5680 ἀποδέχομαις
1416 5606 1794 5680 utsuperius,
1818 5606 1943 5680 pag.
1974 5608 2098 5665 546.

978 5679 1093 5751 (97)
1151 5678 1676 5749 Συγκεχωρῆσθαι.
1755 5678 1907 5751 Flor.
1976 5680 2139 5749 edit.,
2205 5696 2490 5751 συγκεχωρ

910 5748 1095 5819 ρίσθαι
1113 5790 1129 5815 ,
1164 5764 1357 5804 errore
1379 5748 1512 5806 satis
1538 5751 1795 5806 evidenti.
1827 5749 2094 5807 Susum.

979 5820 1091 5887 (98)
1119 5823 1435 5888 Ἀκαρπον.
1464 5821 1682 5890 Ξηρόν,
1716 5820 1822 5878 lsa.

983 5890 1096 5946 t99l
1159 5891 1405 5946 Ἑαυτὸν
1448 5892 1558 5959 τῆς
1601 5894 1876 5961 τοιαύτης
1928 5892 2169 5962 ἐννοίας
2210 5895 2488 5965 εὐνουχί-

2600 5162 2691 5199 νου
2724 5144 3043 5217 ἐξεφοίτησε
3090 5144 3311 5217 σχολῆς.
3343 5146 3444 5199 Διά
3491 5149 3647 5206 τοῦτό
3690 5158 3832 5209 τοῖό
3880 5152 4194 5220 Κασσιανός

2601 5254 2752 5310 φησιο
2767 5259 2785 5290 ι
2798 5236 3217 5310 Πυνοανομένης
3231 5238 3279 5311 (l
3288 5242 3308 5308 )
3323 5237 3427 5311 τῆς
3436 5238 3720 5318 Σαλώμης,
3738 5247 3868 5300 πότε
3881 5244 4194 5317 γνωσθήσει

2598 5538 2971 5615 (ortmjiide
3011 5539 3248 5615 similem
3294 5542 3518 5615 phrasin
3554 5561 3611 5615 p.
3660 5540 3764 5615 ᾖδε
3794 5539 3944 5615 -οάἰιο
3984 5538 4186 5606 1⁵³1³18..

2597 5610 2986 5683 εὐνουχίζοντα
3008 5612 3202 5685 ἑαυτὸν
3234 5608 3416 5685 πάσης
3441 5608 3760 5684 ἐπιὸυμίας·
3794 5608 4018 5669 LOWTB-

2666 5686 2745 5754 (Ι)
2777 5683 3265 5754 Πυνθανομένης.
3297 5683 3552 5741 Clemens
3582 5683 3867 5754 Romanus
3892 5687 3993 5741 sub
4021 5688 4184 5742 linem

2591 5752 2921 5832 pomerioris
3079 5753 3398 5832 tioriuthios
3435 5754 3695 5832 Epistolis:
3726 5772 3742 5808 :
3776 5753 4189 5832 ξξπερωτηθεὶς

2631 5825 2704 5897 ἀρ
2725 5822 2903 5903 aii-sb;
2930 5824 2964 5903 ό
3010 5825 3214 5903 Κύριος
3256 5829 3365 5903 {me
3394 5822 3725 5903 rivo;,_r:§fe
3746 5825 3889 5903 _ﬁ€3t
3923 5822 4123 5903 ίαύτὸἱν
4149 5832 4186 5903 ἡ

2631 5842 2704 5897 αρ
2736 5842 2903 5887 αυτος
2934 5842 2964 5876 ο
3010 5842 3214 5898 λυριος
3256 5842 3365 5880 οπο
3394 5842 3561 5887 τινος,
3594 5842 3725 5879 ποτε
3771 5842 3889 5897 ηςει
3936 5842 4099 5885 αυτοιι
4149 5842 4186 5903 η

2591 5842 2868 5969 Euthia,
2899 5889 3083 5951 εἶπεν·
3125 5898 3294 5953 Ὅταν
3325 5898 3483 5950 ἔσται
3524 5894 3594 5949 τὰ
3622 5893 3720 5951 δύο
3743 5896 3822 5966 ἐν,
3854 5901 3950 5955 καὶ
3987 5899 4051 5959 τὸ
4082 5902 4190 5966 ἕειω
