4484 6586
402 415 534 467 HS)?

1625 405 2048 460 STROMATUM
2083 405 2205 459 LIB.
2246 404 2331 460 111.

3489 412 3509 464 ι
3530 367 3626 465 ιέιδ

396 548 503 585 ται.
535 530 768 589 Εἰκότως
796 520 887 579 οὗν
915 544 1065 596 φησι·
1098 548 1112 579 ι
1142 530 1400 602 Κρεῖττον
1432 529 1629 598 γαμεῖν
1651 526 1760 596 (20)
1789 526 1821 596 ἦ
1874 545 1971 579 πυ-
2002 532 2043 586 Α
2072 544 2167 582 san

1874 545 1971 579 πυ-
2002 532 2043 586 Λ
2072 544 2187 582 sam
2219 527 2603 582 continentiam
2623 527 2703 582 eis
2735 527 2848 581 vult
2869 527 3106 597 prmbcre
3131 530 3489 583 occasionem.
3520 528 3630 583 Me—

402 621 643 694 ροῦσθαι,
682 637 702 669 ι
726 618 873 679 ὅπως
908 636 927 667 ι
977 620 1004 670 6
1046 620 1182 691 ἀνὴρ
1230 618 1465 687 ἀποδιδῷ
1494 619 1561 687 τῇ
1609 617 1824 683 γυναικὶ
1866 618 1963 688 τὴν

398 712 637 785 ὀιρειλὴν,
676 710 770 761 κα)¹
794 710 978 781 ήγυνὴ
1003 711 1078 783 τῷ
1125 713 1309 784 ἀνδρὶ,
1352 710 1444 761 καὶ
1476 707 1550 778 μὴ
1592 703 1963 779 ἀποστερῶσιν

398 804 656 874 ἀλλήλους
688 821 706 853 ι
733 801 831 872 τῆς
852 803 938 856 διὰ
964 806 1059 876 τῆς
1089 805 1235 867 Θείας
1259 802 1369 874 (21)
1390 803 1468 864 είς
1490 800 1699 869 γένεσιν
1721 798 1961 872 δοθείσης

400 894 666 967 βοηθείας.
704 912 722 944 ι
762 895 857 959 ’ος
880 894 922 948 δ’
949 897 1014 950 ἂν
1043 898 1115 969 μὴ
1142 896 1369 966 μισήσῃ,
1404 912 1423 943 ι
1468 894 1625 961 φασὶ,
1665 911 1683 943 ι
1722 892 1958 964 πατέρα,

396 984 428 1054 ἢ
463 982 671 1053 μητέρα
696 1023 710 1046 ,
738 984 770 1056 ἢ
801 989 1062 1053 γυναῖκα,
1091 985 1123 1056 ἢ
1149 984 1314 1035 τέκνα
1334 1020 1348 1043 ,
1395 982 1524 1052 ἐμὸς
1551 979 1690 1034 εἶναι
1720 981 1959 1054 μαθητὴς

396 1074 455 1126 οὐ
502 1073 739 1128 δύναται.
795 1096 813 1128 ι
856 1077 929 1129 Οὐ
956 1076 1018 1129 τὸ
1063 1076 1217 1144 γένος
1266 1080 1442 1146 μισεῖν
1495 1075 1954 1147 παρακελεύεταιο

403 1185 420 1215 ι
452 1165 597 1235 Τίμα
636 1186 653 1217 ι
690 1168 795 1241 γὰρ
816 1210 829 1232 ,
870 1169 1021 1241 φησὶ,
1050 1190 1067 1219 ι
1109 1167 1317 1238 πατέρα
1348 1169 1440 1221 καὶ
1469 1169 1677 1239 μητέρα
1704 1169 1811 1239 (22)
1834 1212 1847 1233 ,
1874 1172 1959 1224 ἵνα

396 1253 455 1309 εὖ
487 1274 567 1309 σοι
590 1259 812 1330 γένηται
837 1279 849 1291 ·
885 1281 902 1312 ι
938 1259 1071 1314 ἀλλὰ
1091 1302 1104 1323 ,
1145 1258 1217 1327 μὴ
1255 1258 1466 1326 ἀπάγου
1488 1300 1502 1321 ,
1528 1260 1707 1329 φησιν,
1749 1262 1960 1331 ἀλόγοις

395 1348 610 1417 ὁρμαῖς,
640 1350 770 1419 μηδὲ
808 1352 912 1420 μὴν
948 1352 1059 1411 τοῖς
1108 1347 1399 1412 πολιτικοῖς
1449 1349 1591 1401 ἔθεσι
1651 1351 1915 1404 συνάπτον
1942 1370 1955 1381 °

396 1433 542 1504 οἶκος
574 1442 682 1511 (25)
721 1444 817 1513 μὲν
858 1442 966 1512 γὰρ
1011 1443 1073 1492 ἐκ
1111 1439 1299 1507 γένους
1328 1442 1654 1506 συνίσταται,
1700 1445 1879 1508 πόλεις
1904 1445 1959 1497 δὲ

397 1531 454 1598 ἐξ
483 1533 670 1586 οἴκων·
701 1532 880 1594 καθὼς
907 1532 997 1584 καὶ
1020 1532 1047 1581 6
1072 1529 1279 1594 Παῦλος
1306 1532 1430 1595 τοὺς
1453 1534 1575 1603 περ).
1603 1535 1773 1604 γάμον
1797 1538 1959 1606 ἀσχο-

395 1621 681 1692 λουμένους
708 1624 926 1691 «κόσμῳ
944 1620 1223 1691 ἀρέσκειν)
1248 1620 1355 1691 (24)
1380 1622 1499 1693 ἔφη.
1520 1625 1683 1678 Πάλιν
1707 1629 1734 1679 6
1759 1626 1959 1698 Κύριός

399 1733 592 1785 φησιν·
629 1737 646 1767 ‹
689 1718 744 1770 Ὀ
767 1718 949 1785 γήμας
978 1714 1051 1783 μὴ
1072 1713 1375 1767 ἐκϐαλλέτω
1394 1733 1406 1745 °
1441 1717 1530 1769 καὶ
1552 1719 1579 1769 6
1612 1717 1683 1789 μὴ
1706 1722 1960 1789 γαμήσας

401 1806 473 1878 μὴ
491 1809 729 1877 γαμείτω
759 1805 868 1876 (25)
889 1822 901 1833 ·
940 1825 957 1853 ι
989 1807 1016 1857 ὁ
1041 1806 1178 1858 κατὰ
1199 1806 1451 1877 πρόθεσιν
1473 1810 1749 1879 εὐνουχίας
1770 1808 1961 1880 ὁμολο-

396 1901 567 1968 γήσας
592 1901 663 1968 μὴ
688 1899 878 1967 γῆμαι,
906 1896 1113 1965 ἄγαμος
1133 1894 1445 1966 διαμενέτω.
1466 1900 1813 1972 Ἀμιροτέροις
1836 1896 1964 1969 γοῦν

397 1992 425 2042 6
452 1990 610 2051 αὐτὸς
634 1988 834 2057 Κύριος
856 1985 941 2039 διὰ
960 1987 1052 2039 τοῦ
1077 1989 1354 2059 προφήτου
1395 1991 1612 2045 Ἡσαΐου
1642 1992 1738 2055 τὰς
1766 1990 1965 2045 καταλ-

396 2079 587 2150 λήλους
634 2078 843 2130 δίδωσιν
877 2074 1237 2145 ἐπαγγελίας,
1279 2072 1380 2132 ὦδὲ
1425 2099 1539 2144 πως
1578 2082 1783 2149 λέγων’
1816 2101 1833 2131 ι
1874 2080 1962 2151 Μὴ

397 2170 597 2237 λεγέτω
622 2172 649 2221 6
674 2166 925 2238 εὐνοῦχος
946 2210 958 2231 ,
1000 2169 1079 2221 ὅτι
1129 2169 1281 2235 ξύλον
1317 2172 1430 2243 είμὶ
1467 2173 1577 2242 (26)
1611 2172 1772 2243 ξηρόν
1794 2191 1805 2202 ·
1839 2172 1963 2225 τάδε

395 2258 539 2325 λέγει
585 2260 612 2309 ὁ
659 2258 858 2331 Κύριος
906 2263 1017 2323 τοῖς
1062 2260 1361 2330 εὐνούχοις
1412 2262 1532 2315 Ἐὰν
1580 2264 1847 2332 φυλάξητε
1896 2261 1966 2313 τὰ

399 2349 641 2403 σάϐϐατά
674 2369 793 2421 μου,
824 2353 916 2404 καὶ
958 2356 1215 2424 ποιήσητε
1255 2354 1428 2409 πάντα
1471 2357 1569 2408 ὅσα
1609 2354 1922 2424 ἐντέλλομαι
1948 2394 1961 2416 ,

395 2437 548 2491 δώσω
577 2439 701 2508 ὑμῖν
733 2441 893 2493 τόπον
921 2444 1204 2512 κρείττονα
1240 2444 1370 2496 υίῶν
1405 2447 1496 2497 καὶ
1544 2445 1856 2514 θυγατέρων
1878 2462 1889 2474 ’
1942 2466 1958 2495 ι

395 2529 453 2579 οὐ
485 2528 591 2599 γὰρ
624 2530 779 2599 μόνον
804 2533 835 2601 ἡ
864 2533 1106 2602 εὐνουχία
1130 2534 1344 2595 δικαιοῖ,
1369 2535 1487 2585 οὐδὲ
1516 2535 1620 2603 μὴν
1658 2535 1718 2585 τὸ
1747 2535 1839 2587 τοῦ
1875 2538 1963 2588 εὐ-

396 2619 585 2689 νούχου
616 2621 913 2687 σάϐϐατον,
947 2625 1040 2676 ἐὰν
1094 2626 1165 2694 μὴ
1207 2627 1408 2695 ποιήσῃ
1438 2626 1535 2687 τὰς
1571 2627 1807 2691 ἐντολάς.
1840 2630 1962 2692 Τοῖς

398 2714 669 2783 γαμήσασι
701 2714 756 2766 δὲ
783 2716 1063 2786 ἐπιφέρει,
1103 2717 1193 2768 καί
1222 2735 1380 2785 φησιν
1401 2735 1413 2747 °
1440 2739 1456 2767 ‹
1482 2720 1543 2771 Oi
1570 2720 1812 2773 ἐκλεκτοί
1852 2722 1960 2791 (27)

401 2818 498 2871 μου
521 2803 579 2853 οὐ
612 2803 925 2855 πονέσουσιν
960 2806 1038 2866 είς
1089 2806 1242 2857 κενὸν
1265 2847 1279 2869 ,
1327 2805 1445 2859 οὐδὲ
1492 2810 1962 2879 τεκνοποιήσουσιν

396 2896 475 2955 εἰς
523 2894 798 2964 κατάραν,
853 2897 933 2948 ὅτι
987 2898 1205 2968 σπέρμα
1258 2898 1614 2971 εὐλογημένον
1659 2904 1800 2955 ἐστὶν
1856 2903 1961 2957 ὑπὸ

396 2986 596 3056 Κυρίου
628 2985 756 3056 (28).
794 3006 813 3037 ι
854 2987 941 3057 Τῷ
960 2987 1066 3059 γὰρ
1093 2989 1230 3042 κατὰ
1261 2992 1429 3059 Λόγον
1456 2996 1961 3064 τεκνοποιήσαμένῳ

396 3079 487 3129 καὶ
534 3078 993 3149 ἀναθρεψαμένῳ,
1065 3082 1157 3133 καὶ
1222 3082 1565 3136 παιδεύσαντι
1620 3088 1677 3137 ἐν
1734 3086 1958 3155 Κυρίῳ,

395 3172 642 3241 καθάπερ
670 3173 762 3224 καὶ
789 3172 866 3241 τῷ
892 3172 979 3224 διὰ
1006 3174 1101 3241 τῆς
1139 3173 1366 3243 ἀληθοῦς
1398 3176 1750 3245 κατηχήσεως
1776 3179 1965 3246 τεν“¹ή’
1993 3202 2033 3257 ‘3

398 3278 582 3326 σαντι,
639 3265 809 3317 κεῖταί
857 3283 941 3325 τις
1002 3266 1221 3335 μισθὸς,
1265 3265 1451 3338 ὥσπερ
1486 3268 1687 3337 καὶτῷ
1720 3269 1962 3338 ἐκλεκτῷ

398 3356 686 3425 σπέρματι.
723 3356 900 3407 Ἀλλοι
924 3357 978 3408 δὲ
1001 3358 1272 3427 «κατάραν
1300 3378 1315 3407 ι
1338 3358 1431 3427 τὴν
1452 3360 1789 3412 παιδοποιίαν
1812 3360 1962 3412 ἐκδέ-

394 3463 597 3515 χονται,
647 3449 739 3499 καὶ
765 3448 822 3499 οὺ
857 3452 1081 3500 συνιεῖσι
1133 3450 1252 3501 κατ’
1297 3450 1475 3501 αὑτῶν
1522 3451 1743 3503 ἐκείνων
1782 3452 1965 3519 λέγου-

398 3555 495 3589 σαν
528 3540 625 3607 τὴν
659 3540 896 3610 Γραιρήν.
939 3540 1000 3592 Οἱ
1035 3540 1141 3611 γὰρ
1183 3540 1258 3608 τῷ
1295 3539 1406 3593 ὄντι
1445 3541 1538 3593 τοῦ
1577 3542 1779 3613 Κυρίου
1816 3542 1966 3595 ὲκλε-

395 3630 511 3681 κτο“ι
558 3631 615 3681 οὐ
676 3630 1083 3700 δογματίζουσιν
1110 3674 1123 3695 ,
1182 3632 1301 3684 οὐδὲ
1358 3634 1726 3686 τεκνοποιοῦσι
1772 3634 1842 3686 τὰ
1888 3637 1964 3696 εἰς

469 3753 525 3808 ἧς
553 3746 612 3801 Ρ.
647 3748 750 3801 556
780 3747 886 3801 ED.
922 3747 1215 3801 POTTER.

402 3815 421 3854 ί
452 3816 584 3870 Ibid.
624 3818 707 3881 10,
738 3818 823 3871 ll.
867 3821 890 3857 Β
921 3820 1024 3873 Isa.
1068 3836 1175 3881 ινι,
1208 3820 1295 3885 54,
1327 3821 1379 3873 5.
1458 3822 1483 3859 ιλ
1520 3820 1623 3875 lsa.
1651 3838 1771 3886 va,
1815 3823 1902 3874 25.

468 3936 578 4005 (20)
616 3937 903 4011 -Κρεῖττον
954 3939 1177 4011 γαμεῖν.
1230 3941 1493 4009 Κρεῖσσον
1541 3940 1649 4011 γάρ
1700 3942 1814 3992 ἐστι
1860 3958 1958 4009 γα-

400 4006 586 4078 μῆσαι,
616 4006 781 4063 lCor.
811 4024 905 4072 vn,
934 4006 1069 4078 9.1n
1093 4010 1177 4073 iis,
1212 4006 1331 4077 quie
1365 4006 1685 4078 sequuntur,
1735 4006 1956 4065 sensum

400 4026 437 4075 μ
480 4026 586 4073 σαι,
618 4026 781 4063 ιιροιν.
811 4026 905 4072 vn,
934 4026 986 4061 ‘J.
1014 4026 1069 4061 In
1094 4026 1177 4073 ns,
1212 4026 1331 4077 quae
1365 4026 1685 4078 sequuntur,
1735 4026 1956 4065 sensum

399 4078 413 4129 Ι
439 4026 567 4132 Eur.
602 4094 694 4141 vn,
721 4079 774 4135 5.
812 4079 864 4142 5,
898 4088 952 4132 et
974 4077 1106 4133 Luc.
1136 4094 1245 4142 xiv,
1265 4078 1355 4145 26,
1383 4081 1564 4135 verbis
1590 4081 1811 4149 paulum
1839 4098 1961 4135 mu-

397 4149 541 4210 tatis,
573 4150 810 4203 exhibet.

464 4218 577 4288 (21)
607 4219 718 4287 Τῆς
744 4218 841 4272 διὰ
871 4217 981 4285 τῆς
1012 4218 1192 4282 θείας.
1229 4216 1359 4289 Post
1386 4219 1475 4272 διὰ
1503 4220 1603 4289 τῆς
1640 4220 1790 4284 θείας
1822 4222 1966 4276 desi-

396 4288 612 4359 deratur
638 4290 969 4359 οἰκονομίας,
997 4289 1077 4359 vel
1122 4288 1306 4359 simile
1335 4291 1500 4356 quid;
1557 4288 1648 4344 aut
1681 4291 1963 4352 legendum

395 4358 480 4409 διὰ
506 4358 597 4410 τοῦ
630 4360 808 4423 Θείου,
825 4357 925 4412 seu
943 4357 1029 4411 διὰ
1053 4357 1145 4410 τοῦ
1171 4358 1323 4409 Θεοῦ.
1352 4359 1613 4414 δηιιιτιιε.
1638 4359 1812 4416 —V'el
1830 4363 1966 4417 scri-

398 4428 627 4499 bendum
656 4430 814 4498 τῆσδε
846 4431 943 4499 τῆς
970 4429 1166 4499 θείας,
1190 4438 1395 4499 mutato
1422 4431 1510 4483 διά
1538 4432 1588 4483 in
1616 4432 1693 4483 δε.

472 4497 582 4571 (2.2)
614 4497 843 4571 Πατέρα
867 4497 961 4553 καὶ
985 4497 1226 4567 μητέρα.
1254 4498 1354 4550 Τὸν
1386 4501 1595 4571 πατέρα
1633 4518 1725 4553 σου
1758 4502 1849 4553 καὶ
1873 4500 1969 4570 τὴν

401 4566 606 4636 μητέρα
641 4582 753 4636 σου,
778 4569 949 4623 Exod.

1307 3763 1331 3789 θ
1359 3751 1372 3802 Ι
1402 3750 1528 3804 Cor.
1563 3767 1659 3814 \‘ll,
1692 3754 1743 3803 9.
1780 3752 1807 3789 ι)
1830 3751 1960 3805 lhid.
1987 3753 2039 3819 5,

2063 621 2169 673 rito
2196 634 2324 687 ergo
2348 618 2506 673 dicit:
2532 639 2551 671 ι
2573 618 2763 674 Melius
2794 626 2879 672 est
2910 619 3419 690 matrimoniojungi
3461 634 3628 691 quam

2071 712 2155 767 uri
2175 724 2221 773 α,
2250 729 2267 761 ι
2288 718 2345 765 ιιι
2363 730 2380 760 ι
2404 711 2484 766 vir
2497 713 2683 768 reddat
2712 711 2952 765 debitum
2978 714 3152 778 uxori,
3182 724 3238 768 et
3260 727 3398 767 uxor
3424 712 3631 775 viro,et

2064 820 2131 858 ne
2148 802 2473 856 frustrentur
2492 804 2719 859 invicem
2737 801 2765 842 ι)
2792 822 2809 855 ι
2830 804 2932 858 hoc
2946 804 3127 857 divino
3140 805 3204 858 ad
3228 805 3629 874 generationem

2062 893 2191 947 dato
2219 892 2442 946 auxilio.
2478 913 2496 945 ‹
2528 892 2633 960 Qui
2664 902 2867 955 autem,
2899 891 3172 961 inquiunt,
3204 908 3319 946 non
3337 893 3515 947 oderit
3542 908 3633 963 pa-

2066 994 2223 1047 trem,
2264 984 2347 1036 vel
2383 994 2629 1051 matrem,
2666 985 2749 1039 vel
2781 1000 3026 1044 uxorem.
3062 983 3145 1037 vel
3174 983 3333 1047 lilios,
3384 999 3491 1037 non
3535 999 3633 1054 po-

2062 1083 2168 1127 test
2199 1089 2353 1127 meus
2376 1088 2494 1128 esse
2521 1075 2818 1144 discipulus
2845 1087 2891 1128 ο.
2914 1093 2932 1126 ι
2969 1074 3084 1130 Νοιι
3115 1074 3267 1144 jubet
3295 1071 3477 1127 edisse
3507 1088 3631 1141 pro-

2062 1166 2238 1235 prium
2264 1181 2433 1237 genus
2468 1184 2481 1219 :
2520 1186 2537 1216 ι
2568 1165 2784 1221 Honora
2824 1188 2840 1218 ι
2875 1167 3043 1230 ειιίιιι,
3071 1166 3270 1235 inquit,
3300 1183 3319 1215 α
3351 1174 3554 1232 patrem
3578 1173 3633 1218 et

2063 1268 2313 1321 matrem,
2341 1271 2399 1311 ut
2419 1257 2513 1311 tibi
2528 1258 2663 1311 bene
2679 1253 2820 1312 sitJ:
2858 1278 2875 1309 ι
2900 1260 2991 1313 sed
3012 1271 3077 1312 ne
3093 1257 3407 1321 abducaris,
3433 1253 3629 1324 inquit,

2063 1362 2159 1415 per
2177 1348 2537 1417 appetitiones
2577 1363 2607 1400 a
2630 1347 2836 1400 ratione
2880 1346 3103 1411 alienas,
3136 1347 3228 1401 sed
3262 1362 3437 1415 neque
3460 1344 3632 1399 civili-

2061 1436 2165 1493 bus
2191 1438 2432 1493 moribus
2456 1438 2753 1493 conformis
2780 1438 2898 1491 tias.
2936 1437 3137 1492 Domus
3159 1438 3300 1491 enim
3328 1446 3543 1492 constat
3563 1452 3628 1491 ex

2064 1544 2281 1599 genere,
2334 1529 2579 1583 civitates
2629 1540 2808 1585 autem
2838 1546 2902 1583 ex
2939 1529 3227 1593 domibus;
3281 1530 3634 1598 quemadmo-

2063 1616 2190 1673 dum
2234 1618 2435 1673 Paulus
2456 1635 2672 1689 quoque
2700 1636 2814 1683 eos,
2842 1622 2934 1689 qui
2991 1631 3328 1689 occupantur
3363 1620 3416 1673 in
3447 1621 3634 1673 matri-

2064 1710 2268 1774 monio,
2302 1730 2319 1761 ι
2353 1711 2557 1765 mundo
2576 1711 2711 1765 dixit
2745 1712 2957 1779 placere
2987 1724 3031 1766 ο.
3068 1731 3085 1763 ι
3114 1711 3325 1766 Rursus
3367 1712 3499 1765 dicit
3530 1710 3636 1765 Do-

2065 1803 2278 1857 minus:
2320 1823 2336 1853 ι
2361 1802 2464 1869 Qui
2492 1819 2715 1859 nitorem
2738 1804 2913 1866 duxit,
2940 1819 3006 1858 ne
3033 1805 3294 1873 expellat;
3332 1814 3384 1857 et
3404 1808 3497 1872 qui
3524 1819 3632 1856 non

2066 1895 2239 1960 duxit,
2289 1912 2355 1949 ne
2394 1896 2629 1963 ducatf;
2666 1916 2685 1948 ι
2739 1896 2833 1965 qui
2895 1911 2958 1948 ex
3028 1895 3309 1965 proposito
3369 1894 3636 1949 castitatis

2066 1983 2342 2055 professus
2392 1998 2476 2041 est
2525 2004 2751 2042 uxorem
2801 2003 2910 2042 non
2963 1987 3163 2042 dueere
3207 1988 3364 2056 201
3420 1995 3636 2039 maneat

2067 2080 2284 2133 caglebs.
2317 2072 2574 2149 Utrisque
2594 2095 2723 2145 ergo
2749 2080 2887 2134 idem
2909 2080 3169 2134 Dominus
3192 2096 3286 2149 per
3314 2080 3635 2148 prophetam

2066 2168 2260 2222 Isaiam
2286 2170 2670 2224 convenientes
2719 2170 2811 2223 dat
2857 2171 3247 2238 promissiones
3298 2170 3378 2223 sic
3406 2169 3633 2222 dicens:

2072 2276 2089 2306 ι
2105 2257 2175 2311 Ne
2188 2259 2334 2312 dicat
2354 2259 2666 2313 eunuchus:
2689 2256 2821 2311 Sum
2846 2257 3048 2324 lignum
3066 2256 3300 2319 aridum;
3316 2276 3332 2305 ι
3366 2256 3478 2308 haec
3491 2254 3635 2307 enim

2064 2353 2196 2405 dicit
2226 2352 2489 2406 Dominus
2532 2349 2837 2406 eunuchis:
2896 2348 2954 2402 Si
2988 2347 3357 2402 custodieritis
3413 2345 3637 2399 sabbata

2066 2457 2206 2507 mea.
2238 2454 2290 2498 ct
2339 2442 2576 2497 feceritis
2612 2456 2952 2511 quzecunque
2984 2440 3260 2509 praecipio.
3306 2438 3448 2492 dabo
3485 2438 3638 2490 vobis

2064 2533 2243 2586 locum
2272 2533 2547 2586 meliorem
2570 2532 2693 2586 (iliis
2730 2541 2784 2585 et
2807 2532 3021 2585 liliabus
3052 2532 3097 2582 ε.
3134 2549 3151 2581 ι
3189 2528 3306 2583 Non
3339 2529 3454 2582 sola
3489 2527 3634 2581 enim

2058 2626 2319 2694 justiticat
2364 2625 2608 2685 castitas,
2672 2626 2764 2679 scd
2799 2639 2897 2677 nec
2928 2623 3211 2677 sabbatum
3246 2620 3503 2683 eunuchi,
3534 2620 3637 2675 nisi

2064 2718 2252 2773 fecerit
2277 2718 2549 2772 mandata.
2582 2717 2748 2771 Infert
2774 2729 2955 2773 autem
2990 2718 3076 2782 iis,
3100 2716 3193 2786 qui
3234 2732 3459 2771 uxorem
3477 2716 3642 2770 duxe-

2063 2819 2211 2875 runt,
2236 2819 2291 2864 et
2313 2810 2475 2864 dicit:
2508 2831 2525 2860 ι
2550 2811 2717 2865 Electi
2744 2811 2848 2864 mei
2867 2826 2973 2864 non
2988 2806 3317 2864 laborabunt
3341 2809 3393 2862 in
3416 2823 3636 2869 vanum,

2064 2916 2240 2969 neque
2265 2900 2635 2973 procreabunt
2664 2901 2804 2955 lilios
2827 2901 2880 2953 in
2916 2900 3369 2962 exsecrationem,
3394 2897 3520 2967 quia
3547 2913 3606 2952 se
3624 2929 3637 2936 ε

2064 3008 2185 3045 men
2220 3003 2301 3047 est
2341 2994 2677 3046 benedictum
2713 3009 2741 3046 a
2782 2990 3013 3046 Domino
3034 2992 3085 3043 ιι.
3119 3013 3137 3044 ι
3166 2986 3225 3045 Εἰ
3250 2992 3530 3061 enim,qui
3552 3006 3638 3045 se-

2063 3085 2297 3137 cundum
2322 3084 2505 3155 Logon
2534 3084 2674 3139 ﬁlios
2721 3086 3027 3154 procreavit
3054 3094 3107 3138 et
3134 3083 3404 3146 educavit,
3429 3091 3482 3135 et
3513 3092 3640 3135 ern-

2066 3176 2199 3229 divit
2226 3177 2277 3229 in
2311 3176 2562 3239 Domino,
2609 3179 2751 3231 sicut
2771 3178 2931 3229 etiam
2955 3178 3026 3239 ei,
3079 3177 3171 3246 qui
3220 3175 3403 3245 genuit
3436 3190 3530 3243 per
3554 3185 3619 3226 ve

2066 3287 2182 3323 ram
2220 3270 2544 3324 catcchcsim
2586 3278 2639 3324 et
2672 3269 3089 3332 institutionem,
3142 3281 3351 3321 merces
3388 3266 3636 3335 quredam

2068 3373 2154 3417 est
2182 3364 2480 3432 proposita,
2515 3363 2656 3417 sicut
2678 3363 2839 3416 etiam
2872 3362 3044 3415 electo
3078 3359 3291 3415 semini.
3319 3353 3426 3411 'Alii
3456 3367 3635 3412 autem

2076 3474 2092 3503 ι
2121 3455 2547 3508 exsecrationem
2575 3474 2593 3505 ›
2636 3459 2693 3517 ›Ι‹
2722 3454 2991 3523 accipiunt
3013 3468 3132 3508 esse
3154 3452 3323 3521 ipsam
3342 3450 3637 3505 liberorum

2071 3544 2524 3613 procreationem,
2544 3552 2721 3597 etnon
2748 3544 3051 3610 intelligunt
3069 3541 3328 3595 adversus
3353 3538 3474 3593 illos
3494 3539 3639 3606 ipsos

2069 3652 2131 3690 ea
2164 3636 2343 3691 dicere
2364 3636 2726 3706 Scripturam.
2762 3635 2864 3701 Qui
2903 3634 3047 3690 enim
3089 3642 3217 3687 sunt
3248 3647 3431 3686 revera
3480 3630 3638 3684 electi

2192 3766 2213 3793 ο
2252 3753 2383 3809 Luc.
2406 3754 2625 3820 xIv,26.
2651 3754 2676 3793 δ
2709 3754 2876 3809 Exod.
2913 3769 3005 3818 xx,
3032 3754 3117 3807 12.
3176 3764 3198 3791 ο
3228 3752 3399 3807 lCor.
3432 3752 3638 3817 ι·ιι,55.

2066 3959 2169 4011 κης
2198 3960 2321 4012 μου,
2360 3942 2515 3994 δώσω
2547 3941 2815 4012 αὑτοῖςὲν
2834 3939 2912 4009 τῷ
2931 3938 3062 4012 οἴκῳ
3093 3956 3211 4012 μου,
3240 3938 3332 3989 καὶ
3352 3935 3513 4012 ενμτῷ
3532 3935 3642 4012 τεί-

2066 4006 2150 4083 χεί
2178 4006 2277 4083 μου
2307 4013 2468 4065 τόπον
2499 4011 2810 4083 ὀνομαστὸν,
2832 4006 3064 4080 κρείττω
3096 4006 3240 4060 υἱῶν
3282 4007 3375 4060 καὶ
3408 4006 3640 4074 θ·.›γατέ-ο

2068 4082 2195 4154 ρων.
2234 4082 2336 4137 lsa.
2368 4099 2474 4145 Lvt,
2503 4082 2555 4145 5,
2582 4082 2637 4144 4,
2673 4082 2725 4135 5.

2138 4154 2251 4220 (27)
2283 4156 2345 4206 Οἱ
2370 4154 2659 4206 ἐκλεκτοί.
2689 4154 2749 4204 Οἱ
2802 4151 3045 4204 ἐκλεκτοί
3108 4167 3207 4219 μου
3267 4150 3326 4201 οὐ
3358 4147 3640 4220 κοπιὰσουο

2070 4216 2153 4275 σιν
2178 4224 2257 4283 εἰς
2294 4224 2464 4283 κενὸν,
2495 4222 2613 4273 οὐδὲ
2639 4216 3500 4290 1exvomtﬁcouctvaig_xa1&pav.
3533 4216 3637 4269 Isa.

2070 4310 2191 4357 va,
2222 4294 2320 4347 25:
2361 4313 2378 4343 ι
2407 4292 2574 4347 Electi
2602 4293 2702 4345 mei
2728 4307 2835 4343 non
2864 4288 3189 4344 laborabunt
3214 4288 3439 4357 frustra,
3467 4303 3641 4354 neque

2072 4364 2405 4430 generabunt
2438 4364 2489 4415 in
2515 4362 3006 4415 conturbationem.
3042 4380 3060 4411 ι
3097 4360 3254 4427 Apud
3280 4357 3343 4410 D.
3370 4356 3638 4425 Hierony-

2071 4448 2249 4485 mum:
2290 4452 2308 4483 ‹
2344 4432 2510 4487 Electi
2540 4433 2645 4485 mei
2680 4448 2788 4485 non
2812 4432 3139 4485 laborabunt
3174 4432 3228 4483 in
3280 4444 3500 4487 vanum,
3538 4443 3639 4478 ne.-

2072 4517 2177 4570 que
2203 4503 2344 4555 lilios
2373 4503 2714 4566 generabunt
2744 4505 2796 4556 in
2824 4502 3278 4555 maledictionem.
3331 4518 3347 4549 ι
3382 4498 3486 4570 Sed
3528 4497 3635 4548 tol-

2073 4569 2228 4626 lenda
2260 4574 2472 4626 videtur
2500 4573 2776 4627 distinctio
2811 4574 2923 4635 illa,
2961 4582 3080 4639 post
3113 4591 3130 4619 ι
3182 4570 3338 4622 electi
3366 4569 3493 4629 mei,
3522 4586 3540 4617 ›
3580 4575 3639 4618 ut

469 4633 579 4708 (23)
613 4633 807 4708 οἶκος.
839 4638 933 4692 llis
976 4640 1155 4695 verbis
1210 4640 1438 4708 probare
1495 4640 1629 4700 vult,
1686 4642 1963 4697 civitatem
1997 4638 2044 4696 D
2070 4644 2356 4697 conveniat
2380 4659 2503 4697 cum
2532 4633 3094 4698 GratwLXXDP'orro
3119 4639 3261 4708 quod
3294 4640 3347 4691 in
3371 4653 3639 4692 commcn-

401 4707 623 4780 intelligi
658 4723 688 4759 a
717 4706 936 4780 Christo
966 4727 1061 4778 per
1094 4730 1112 4761 ι
1155 4706 1358 4779 patrem
1414 4729 1432 4761 ι
1467 4719 1520 4762 ct
1549 4712 1785 4780 reliquos
1838 4728 1963 4780 pro-

400 4776 661 4850 pinqnos;
694 4792 757 4830 ac
788 4776 1017 4846 proinde
1052 4776 1177 4835 eum
1210 4780 1605 4850 prmeipientem
1655 4776 1680 4831 ι’
1711 4776 1965 4835 odio—ha-

401 4847 523 4917 bere
554 4855 765 4917 patrem
796 4866 839 4907 ι,
868 4857 995 4908 etc.,
1030 4847 1261 4917 jussissc
1293 4847 1641 4905 neicivilibns
1669 4864 1963 4906 consuetu-

398 4916 614 4969 dinibus
638 4916 949 4969 conformes
971 4916 1237 4975 essemus.

469 4985 580 5061 (24)
610 4986 826 5061 Κόςμῳ
854 4986 1156 5053 ἀρέσκειν.
1213 4990 1449 5061 Respicit
1479 4988 1497 5041 l
1546 4988 1701 5061 Cora
1725 5007 1822 5054 vn,
1857 4993 1959 5045 55.

498 5057 552 5109 δὲ
582 5057 834 5141 γαμήσας
863 5062 1100 5129 μεριμνᾷ
1125 5062 1193 5114 τὰ
1221 5057 1339 5114 τοῦ“
1372 5061 1593 5130 κόσμου,
1628 5060 1745 5123 πῶς
1775 5062 1964 5132 ἁρέσει

409 5144 444 5197 ε,
481 5144 728 5198 νγυναικι.
780 5196 788 5198 4

394 5144 461 5197 τῃ
492 5144 728 5195 γυναικι.

468 5197 580 5267 (25)
628 5197 689 5249 '0
720 5196 909 5266 γήμας
1046 5203 1312 5267 γαμείτω.
1346 5200 1543 5254 Harum
1571 5202 1961 5255 sententiarum

400 5269 545 5341 prior
569 5269 707 5341 sumi
740 5268 1059 5341 p_ott_tit_c_um
1088 5285 1152 5322 ex
1194 5270 1520 5341 Evangeliis,
1552 5280 1663 5341 tum
1694 5286 1757 5323 ex
1789 5271 1804 5323 l
1833 5274 1961 5326 (lor.

398 5355 493 5413 vn,
522 5340 605 5401 10,
641 5339 725 5413 ll.
882 5338 982 5413 _ub_i
1027 5339 1139 5413 lucc
1169 5338 1371 5413 verba:
1409 5342 1516 5394 Καὶ
1546 5343 1573 5413 6
1609 5340 1682 5409 μὴ
1707 5343 1963 5413 γαμήσας

400 5407 473 5527 μὴ
498 5409 761 5478 γαμείτω,
791 5408 920 5462 dicit
949 5407 1248 5483 Dominus?
1272 5410 1510 5481 Respicit
1547 5407 1681 5462 forte
1712 5407 1963 5465 Clemens

448 5478 573 5527 Cor.
602 5496 692 5527 vn-
721 5480 784 5527 8:
817 5478 972 5527 Λέγω
997 5478 1052 5527 δὲ
1071 5495 1182 5527 τοις
1208 5482 1441 5527 ἀγάιιοιε
1474 5482 1563 5527 καὶ
1591 5483 1711 5527 ταῖς
1740 5483 1959 5527 γήραιε-

448 5475 694 5553 (Eon-vn,
721 5480 784 5533 8:
816 5478 972 5553 Λέγω
1071 5475 1182 5541 τοῖς
1208 5475 1441 5553 ᾁγάμόις
1474 5482 1563 5535 καὶ
1591 5483 1711 5553 ταῖς
1740 5483 1960 5553 χήραις,

398 5548 557 5622 καλὼ
585 5551 767 5622 αυτοῖς
816 5552 960 5603 ἐστιν
999 5548 1103 5622 εὰν
1136 5548 1388 5622 μείνωσιν
1422 5552 1607 5622 ὥσπερ
1641 5548 1828 5619 κάγώξ
1873 5554 1962 5606 vel

399 5618 576 5737 pqtius
604 5620 791 5742 glauh.
826 5632 942 5687 xIx,
962 5619 1049 5686 12,
1079 5620 1207 5689 quia
1249 5640 1267 5672 ι
1297 5622 1511 5679 Domini
1544 5618 1706 5676 verba
1735 5641 1753 5671 ι
1790 5637 1849 5676 se
1878 5638 1962 5676 rc-

399 5700 445 5738 cI
474 5702 565 5739 are
642 5701 751 5742 IcIt.

396 5691 565 5739 citare
604 5691 751 5745 dicit.

432 5825 445 5839 ,
465 5756 576 5839 (29)
608 5762 932 5839 ΕὶμζςἙγῲ
964 5764 1075 5839 εἰμι
1101 5759 1280 5839 ξῃρόν·
1312 5763 1438 5839 τάδε
1454 5765 1599 5839 λέγει
1626 5760 1826 5839 Κύριος
1850 5764 1961 5839 τοῖς

396 5825 682 5902 εὐνουχοιςί
718 5825 874 5902 Ὅσοι
893 5833 957 5887 ἂν
986 5825 1320 5902 φυλάξωνται
1343 5835 1409 5886 τὰ
1445 5825 1687 5889 σάϐϐατα
1716 5825 1844 5902 μου,
1870 5834 1961 5886 καὶ

394 5894 712 5962 uuam—.1:
744 5900 777 5953 ἃ
807 5902 919 5971 ἐγὼ
974 5894 1257 5970 θέλωίκαὶ
1290 5904 1616 5973 ἁντέχωνται
1767 5894 1957 5973 διαθή-

2065 4712 2204 4767 tario
2248 4715 2519 4786 duplicem
2581 4712 2866 4786 lectionem
2898 4713 3111 4765 videtur
3140 4726 3455 4786 agnoscere,
3504 4708 3635 4786 dum

2065 4784 2287 4851 exponit
2329 4776 2411 4838 'in
2484 4784 2813 4852 prazcedenti
2871 4798 3074 4844 versu,
3134 4776 3385 4852 «'Opcra
3452 4776 3633 4846 populi

2066 4849 2159 4906 Dei
2208 4849 2580 4914 veterascent;
2616 4874 2633 4902 ι
2668 4863 2754 4907 et:
2787 4872 2805 4903 ι
2842 4852 3195 4906 Veterascere
3219 4849 3453 4912 faciunt;
3492 4866 3508 4896 ι
3546 4856 3632 4900 et:

2071 4943 2088 4973 ι
2123 4923 2297 4993 Opera
2329 4924 2509 4993 populi
2538 4923 2630 4976 Dei
2661 4940 2766 4977 non
2793 4932 3151 4985 vetcrascent,
3168 4922 3311 4993 rhoe
3329 4918 3469 4972 tueri
3493 4918 3635 4993 vide-

2066 4987 2344 5062 tun-quod
2377 4987 2601 5061 legimus
2635 4995 2777 5064 apud
2802 4993 3155 5064 Procopium:
3190 4989 3446 5064 {asp-fa,
3480 4987 3631 5064 φησὶ.

2063 5064 2169 5115 τῶν
2201 5060 2376 5117 πόνων
2398 5064 2572 5116 αὐτῶν
2608 5060 3116 5124 ου’παλαιώσουσιν,
3149 5060 3290 5113 τοῦτ’
3318 5060 3463 5111 ἔστιν
3495 5061 3632 5127 ἀμε-

2062 5135 2325 5205 τάϐλητον
2352 5136 2529 5198 ἕξουσι
2576 5135 2673 5205 τὴν
2724 5136 2829 5188 τῶν
2877 5131 3162 5200 πρακτέων
3396 5131 3535 5205 (ιιιορ
3565 5143 3633 5180 ex

2063 5198 2265 5279 Cyrillo
2302 5206 2508 5279 videtur
2554 5198 2885 5279 esse,_cuju_s
2915 5198 3180 5279 interpres
3208 5202 3402 5254 habet:
3430 5217 3453 5279 ι(
3489 5198 3632 5252 Cur-

2064 5290 2182 5327 sum
2219 5277 2272 5330 in
2311 5276 2468 5331 rebus
2499 5277 2749 5343 gerendis
2777 5274 3051 5328 habebunt
3084 5279 3383 5343 certumet
3429 5274 3633 5321 immu-

2064 5345 2305 5399 tabilem.
2345 5367 2361 5396 ι
2398 5340 2537 5398 Idem
2579 5348 2741 5401 etiam
2777 5346 2981 5397 vertit:
3017 5363 3035 5393 ι
3078 5341 3264 5409 Neque
3299 5340 3439 5393 lilios
3472 5355 3634 5405 gene-

2064 5415 2262 5468 rabunt
2296 5418 2362 5470 ad
2392 5415 2841 5478 detestationem;
2886 5434 2904 5464 ι
2938 5415 3081 5481 quod
3111 5412 3357 5478 qtlidam.
3380 5413 3460 5472 εἰς
3506 5410 3634 5481 av?"

2064 5484 2317 5555 παρξίαν,
2347 5488 2403 5540 1ι.
2434 5501 2481 5540 ε.
2516 5504 2533 5536 ι
2569 5497 2627 5540 ut
2670 5502 2788 5541 esse
2816 5479 3100 5555 desis—lant,
3145 5501 3164 5533 ι
3195 5492 3249 5555 et
3305 5483 3461 5555 tinem
3499 5479 3631 5531 sub-

2064 5553 2275 5627 stantia:
2323 5574 2436 5612 sua:
2480 5556 2733 5627 habeant.
2776 5556 2884 5627 Sed
2915 5557 3027 5609 haec
3058 5553 3636 5627 de_spiritali_genera-

2065 5626 2211 5681 tione
2259 5628 2642 5697 interpretatur
2693 5626 2756 5681 Η.
2789 5626 2983 5697 Pintus
3007 5642 3073 5697 ;_«
3109 5624 3175 5697 de
3206 5623 3436 5697 naturali
3464 5623 3635 5674 etiam

2065 5696 2233 5765 accipi
2264 5693 2425 5767 posse
2448 5705 2617 5766 putat,
2646 5697 2893 5751 scribens
2947 5696 2999 5749 in
3036 5693 3252 5757 Isaiam,
3287 5693 3444 5767 cuj_us
3466 5706 3638 5758 expo-

2065 5764 2312 5821 sitionem
2345 5764 2753 5822 hic-Clementis
2781 5768 2932 5821 locus
2962 5766 3266 5820 conlirmat.
3306 5784 3323 5813 ›
3352 5764 3632 5817 Cottam.

2135 5836 2246 5909 (28)
2293 5838 2491 5893 Ἐστὶι-
2521 5838 2638 5893 ὑπὸ
2663 5839 2899 5906 Κυρίου.
2946 5836 3081 5889 Ὑπὸ
3106 5835 3241 5888 Θεοῦ
3266 5838 3400 5900 ἐστι,
3434 5832 3538 5889 lsa.
