4464 6612
829 487 972 544 1207

1976 501 2366 560 ειειιιῑικτιδ
2418 507 2883 569 ALEXANDRINI

3943 527 4083 586 I208

824 609 967 678 feni;
1001 620 1058 668 et
1083 611 1266 670 fenum
1301 615 1521 686 quidem
1557 618 1888 689 exsiccatur,
1922 620 2022 678 llos
2050 635 2232 681 autem
2265 628 2408 684 dcci-
2434 636 2479 692 Α
2509 632 2587 686 ἀλ]

2319 628 2408 683 :ci-
2434 636 2479 692 Α
2509 632 2645 688 ἀλλά
2682 637 2742 690 τὸ
2794 637 2943 707 ῥῆμα
2976 637 3070 691 τοῦ
3128 637 3331 711 Κυρίου
3369 643 3536 712 μένει,
3588 665 3607 697 ι
3653 646 3712 701 τδ
3762 649 3953 719 χρῖσαν
3980 649 4082 721 τὴν

823 706 924 768 dit,
952 708 1050 763 sed
1078 709 1302 764 verbum
1332 708 1549 767 Domini
1580 724 1763 768 manet
1781 726 1832 780 II,
1864 736 1883 767 ι
1914 718 2059 786 quod
2093 722 2254 776 unxit
2281 722 2403 779 ani-

824 810 971 852 mam
999 808 1054 854 et
1089 799 1228 853 uniit
1255 801 1496 870 spiritui.
1526 802 1813 869 Quomodo
1839 817 2041 872 autem,
2079 825 2201 879 quae
2237 822 2321 868 est
2348 814 2403 867 in

824 881 1066 942 Ecclesia
1110 898 1325 959 nostra,
1364 894 1670 951 (economia
1720 899 1790 953 ad
1833 900 1993 955 ﬁnem
2038 906 2261 972 perduci
2306 921 2402 977 po-

823 977 1019 1032 tuisset
1058 979 1266 1050 absque
1306 998 1559 1053 corpore,
1610 1002 1739 1042 cum
1790 991 1952 1044 etiam
1999 992 2137 1063 ipse,
2184 998 2277 1067 qui
2322 1010 2406 1054 est

823 1075 987 1135 caput
1015 1067 1295 1135 Ecclesiae,
1328 1077 1381 1126 in
1411 1089 1578 1131 carne
1609 1078 1827 1148 quidem
1862 1079 2113 1140 informis
2141 1095 2194 1140 et
2225 1089 2402 1155 specie

821 1170 1018 1212 carens
1056 1158 1220 1213 vitam
1265 1162 1502 1229 transiit,
1547 1176 1607 1220 ut
1640 1167 1859 1222 doceret
1897 1185 1999 1227 nos
2038 1177 2305 1244 respicere
2335 1178 2403 1231 ad

825 1258 1079 1303 naturam
1121 1251 1321 1307 divinat
1355 1269 1537 1311 causa:
1566 1256 1853 1313 informem
1897 1270 1953 1315 et
1990 1262 2404 1334 incorpoream?

829 1358 851 1392 ι
879 1340 1219 1396 Arborenim
1248 1345 1395 1412 vitae,
1434 1366 1454 1398 ι
1489 1347 1668 1416 inquit
1694 1351 1977 1420 propheta,
2016 1373 2034 1406 ι
2068 1365 2150 1410 est
2173 1357 2227 1410 in
2254 1359 2401 1415 bono

818 1429 1093 1487 desiderio
1111 1433 1164 1500 1»,
1198 1454 1217 1487 ι
1247 1435 1450 1491 docens
1481 1438 1621 1492 bona
1644 1447 1698 1493 et
1729 1443 1933 1498 munda
1965 1445 2401 1520 desideria,qua3

822 1531 954 1578 sunt
985 1523 1039 1578 in
1069 1524 1298 1581 Domino
1331 1528 1567 1583 vivente.
1604 1528 1725 1585 Jam
1757 1548 1889 1589 vero
1930 1535 2117 1590 volunt
2143 1540 2246 1593 viri
2276 1556 2398 1595 cum

820 1628 993 1667 uxore
1013 1613 1069 1667 in
1101 1616 1454 1673 matrimonio
1481 1624 1960 1693 consuetudinem,
1989 1643 2113 1697 qua
2142 1627 2285 1685 dicta
2317 1638 2401 1684 est

823 1721 845 1758 ι
873 1705 1135 1775 cognitio,
1175 1726 1195 1758 ι
1233 1723 1356 1764 esse
1384 1722 1667 1780 peccatum
1702 1733 1714 1769 :
1745 1730 1865 1770 eam
1906 1720 2106 1788 quippe
2163 1721 2395 1775 indicari

816 1811 887 1851 ex
909 1812 1007 1853 esu
1040 1816 1061 1851 ι
1105 1799 1239 1870 ligni
1268 1801 1396 1855 boni
1427 1812 1481 1857 et
1510 1805 1642 1859 mali
1677 1816 1725 1870 δ,
1764 1824 1783 1856 ι
1824 1821 1920 1874 per
1942 1794 2396 1879 signiﬁcationem

817 1888 984 1958 hujus
1012 1892 1262 1947 vocabuli
1295 1912 1314 1943 ι
1344 1897 1603 1961 cognovit
1634 1895 1687 1962 ἆ,
1729 1917 1748 1949 ι
1787 1913 1909 1968 qua:
1936 1902 2181 1957 mandati
2216 1911 2397 1959 trans-

2508 723 2685 799 ψυχὴν
2731 730 2823 781 καὶ
2870 726 3080 784 ἐνῶσαν
3120 729 3199 802 τῷ
3240 730 3532 802 πνεύματι.
3582 738 3707 803 Πῶς
3761 739 3806 792 δ’
3826 738 3954 794 ἄνευ
3980 738 4082 793 τοῦ

2512 814 2764 886 σώματος
2796 819 2829 889 ἡ
2867 817 3006 871 κατά
3050 819 3147 891 τὴν
3184 817 3505 891 Ἐκκλησίαν
3535 824 3655 877 καθ’
3687 829 3839 898 ἡμᾶς
3875 830 4083 882 οἰκονο-

2509 907 2610 975 μία
2652 909 2801 973 τέλος
2825 909 3147 979 ἐλάμϐανεν,
3180 913 3312 966 ὅπου
3353 930 3416 979 γε
3456 914 3549 966 καὶ
3594 917 3754 983 αὐτὸς
3793 922 3827 992 ἡ
3868 920 4079 993 κεφαλὴ

2504 998 2605 1066 τῆς
2639 1000 2961 1072 Ἐκκλησίας
2992 1002 3048 1053 ἐν
3081 1006 3244 1075 σαρκὶ
3285 1006 3384 1077 μὲν
3420 1008 3590 1079 ἀηδὴς
3623 1009 3734 1081 (54)
3767 1012 4079 1086 διελήλυθεν

2507 1087 2601 1139 καὶ
2628 1087 2893 1160 ἄμορφος,
2922 1091 3002 1152 εἰς
3041 1090 3102 1143 τὺ
3146 1093 3322 1158 ἀειδὲς
3355 1097 3448 1150 καὶ
3480 1095 3769 1167 ἀσώματον
3795 1103 3894 1172 τῆς
3924 1104 4080 1170 θείας

2505 1179 2687 1243 αἰτίας
2730 1181 3056 1234 ἀποϐλέπειν
3094 1184 3244 1253 ἡμᾶς
3291 1186 3588 1254 διδάσκων;
3637 1209 3655 1240 ι
3694 1191 3918 1264 Δένδρον
3965 1197 4078 1271 γὰρ

2505 1266 2671 1340 ζωῆς,
2721 1290 2741 1323 ι
2802 1273 2966 1342 φησὶν
3015 1275 3044 1325 ὁ
3092 1279 3377 1351 προφήτης
3427 1278 3574 1349 (55),
3634 1298 3653 1331 ι
3711 1282 3769 1333 ἐν
3809 1266 4078 1361 ἐπιθυμία

2504 1360 2681 1433 ἀγαθῇ
2720 1364 2959 1432 γίνεται,
2996 1383 3015 1414 ι
3048 1364 3315 1422 διδάσκων
3361 1369 3656 1441 ἐπιθυμίας
3699 1372 3950 1439 ἀστείους
3981 1360 4079 1433 xui

2502 1451 2752 1525 καθαρὰς
2785 1454 2885 1518 τὰς
2915 1456 2973 1508 ἐν
3012 1453 3091 1525 τῷ
3117 1456 3280 1520 ζῶντι
3320 1461 3527 1533 Κυρίῳ.
3563 1461 3703 1531 Ἤδη
3741 1462 3799 1515 δὲ
3833 1463 4076 1522 ἐθέλουσι

2499 1543 2599 1613 τὴν
2653 1545 2845 1617 ἀνδρὸς
2915 1546 3057 1600 κατά
3122 1549 3299 1621 γάμον
3364 1553 3502 1625 πρὸς
3546 1556 3780 1621 γυναῖκα
3829 1556 4074 1626 ὁμιλίαν,

2507 1653 2526 1685 ι
2563 1637 2765 1703 γνῶσιν
2797 1657 2815 1689 ι
2861 1639 3181 1711 εἰρημένην,
3216 1643 3490 1716 ἁμαρτίαν
3515 1642 3653 1698 εἶναι
3674 1663 3689 1675 ·
3730 1646 3934 1721 ταύτην
3965 1651 4077 1722 γὰρ

2500 1725 2605 1780 ὑπὸ
2632 1728 2732 1799 τῆς
2765 1728 3019 1801 βρώσεως
3064 1733 3361 1803 μηνύεσθαι
3395 1757 3413 1789 ι
3452 1737 3544 1790 τοῦ
3583 1737 3740 1805 ξύλου
3774 1740 3868 1793 τοῦ
3905 1742 4074 1796 καλοῦ

2499 1821 2591 1872 καὶ
2624 1821 2881 1892 πονηροῦ,
2920 1841 2938 1873 ι
2965 1821 3053 1876 διὰ
3086 1824 3185 1894 τῆς
3215 1825 3309 1878 τοῦ
3346 1845 3365 1878 ι
3410 1828 3551 1897 ἔγνω
3593 1848 3610 1879 ι
3660 1831 3937 1900 σημασίας
3968 1850 4079 1886 πα·-

2501 1911 2731 1983 ράϐασιν
2760 1913 2979 1985 ἐντολῆς
3004 1915 3382 1972 διδάσκουσαν.
3412 1920 3475 1973 Εἰ
3506 1921 3563 1973 δὲ
3590 1920 3766 1985 τοῦτο,
3801 1923 3895 1974 καὶ
3919 1925 3951 1991 ή
3972 1923 4077 1993 τῆς

816 1982 1154 2052 gressionem
1190 1991 1362 2040 notat.
1400 1983 1459 2040 Si
1508 1996 1690 2042 autem
1721 1988 1830 2045 hoc
1874 1991 1948 2048 ita
1998 2001 2117 2059 est,
2148 1995 2394 2051 veritatis
2428 1977 2469 2033 Β
2498 1977 2579 2055 ulti

2308 1997 2394 2051 Itis
2428 1977 2469 2033 Β
2498 1977 2757 2073 ἀληθείας
2786 1977 2989 2074 γνῶσις
3033 2006 3236 2079 βρῶσίς
3283 2010 3398 2062 ἐστι
3439 2011 3532 2064 τοῦ
3563 2010 3719 2076 ξύλου
3753 1977 3865 2083 ’τῆς

818 2090 1038 2147 quoque
1068 2076 1309 2147 cognitio
1335 2119 1351 2145 ,
1384 2085 1468 2134 est
1527 2096 1655 2136 esus
1704 2081 1836 2151 ligni
1861 2083 2001 2137 vitae.
2031 2082 2219 2140 Potest
2263 2103 2393 2158 ergo

817 2164 1107 2219 honestum
1140 2179 1204 2220 ac
1245 2167 1586 2220 moderatum
1622 2171 2035 2227 matrimonium
2071 2174 2218 2253 illius
2250 2190 2389 2245 quo-

815 2269 924 2325 que
952 2254 1084 2325 ligni
1117 2270 1241 2311 esse
1274 2257 1569 2328 particeps.
1597 2256 1770 2315 Nobis
1804 2272 1989 2318 autem
2012 2266 2167 2335 prius
2186 2267 2391 2322 dictum

814 2353 920 2412 est,
943 2346 1089 2416 quod
1118 2345 1245 2402 licet
1265 2348 1404 2410 bepe
1429 2358 1484 2404 et
1513 2351 1655 2406 male
1677 2352 1755 2407 uti
1785 2355 2176 2425 matrimonio;
2208 2366 2263 2413 et
2288 2358 2395 2415 hoc

814 2438 1133 2509 estlignum
1167 2458 1186 2493 ι
1218 2441 1569 2510 cognitionis,
1614 2460 1634 2500 ι
1668 2445 1716 2500 si
1772 2461 1883 2501 non
1928 2450 2395 2518 transgrediamur

814 2531 961 2602 leges
984 2531 1341 2587 matrimonii.
1368 2531 1509 2600 Quid
1541 2537 1716 2591 vero?
1753 2554 1936 2594 annon
1978 2540 2240 2597 Servator
2287 2559 2391 2598 no-

813 2629 949 2686 ster,
977 2620 1120 2677 sicut
1140 2621 1405 2688 animam,
1439 2624 1515 2679 ita
1536 2626 1703 2686 etiam
1725 2643 1925 2698 corpus
1944 2631 2157 2685 curavit
2179 2630 2249 2685 ab
2271 2632 2396 2688 alle-

815 2712 1128 2773 ctionibus?
1153 2711 1342 2784 Neque
1362 2730 1495 2770 vero
1525 2716 1572 2771 si
1598 2727 1745 2773 esset
1769 2734 1900 2774 caro
1918 2720 2144 2777 inimica
2169 2724 2390 2790 animae,

817 2806 1096 2861 inimicam
1137 2822 1236 2877 per
1282 2807 1533 2863 sanitatis
1563 2811 1970 2869 restitutionem
2005 2813 2273 2873 adversus
2307 2817 2391 2888 ip-

815 2914 931 2954 sam
958 2899 1265 2954 muniisset.
1309 2916 1328 2950 ι
1365 2897 1484 2955 Ηοο
1534 2910 1715 2955 autem
1770 2901 1931 2970 dico,
1965 2904 2168 2961 fratres
2193 2947 2208 2970 ,
2244 2908 2391 2979 quod

820 2995 880 3054 ιζς
907 3006 1038 3047 caro
1063 3000 1118 3047 et
1141 2988 1364 3060 sanguis
1384 3006 1616 3063 regnum
1649 2992 1745 3050 Dei
1784 3011 1893 3051 non
1937 3007 2177 3066 possunt
2214 3000 2387 3068 possi-

813 3082 966 3148 dere,
994 3100 1170 3157 neque
1190 3089 1474 3159 corruptio
1502 3087 1743 3159 possidet
1789 3088 2258 3159 incorruptionem
2286 3101 2333 3145 ο.
2363 3108 2384 3143 ι

814 3170 1108 3232 Peccatum
1140 3178 1311 3244 enim,
1338 3194 1463 3235 cum
1494 3179 1567 3234 sit
1592 3197 1612 3232 ι
1647 3180 1930 3248 corruptio
1952 3220 1970 3246 ,
2015 3198 2034 3232 ι
2072 3196 2182 3235 non
2210 3188 2392 3251 potest

2500 2093 2684 2148 Ἔστιν
2723 2091 2816 2150 οὖν
2849 2098 3103 2153 κάκείνου
3140 2099 3230 2153 τοῦ
3280 2101 3436 2167 ξύλου
3495 2104 3813 2173 μεταλαϐεῖν
3843 2104 3934 2157 τὸν
3965 2104 4076 2156 σώ-

2496 2202 2667 2255 φρονα
2687 2188 2883 2259 γάμον.
2938 2192 3268 2270 Προείρηται
3291 2194 3347 2248 δὲ
3370 2197 3501 2268 ἡμῖν
3528 2198 3604 2262 ὡς
3629 2199 3723 2252 καὶ
3754 2198 3935 2262 καλῶς
3978 2198 4075 2251 xui.

2495 2279 2682 2343 κακῶς
2720 2279 2833 2334 ἔστι
2864 2283 3175 2353 χρήσασθαι
3211 2285 3290 2356 τῷ
3319 2286 3512 2357 γάμῳ-
3549 2291 3643 2343 καὶ
3680 2287 3827 2342 τοῦτ’
3854 2288 3969 2341 εστι
4011 2288 4076 2342 τὺ

2496 2367 2650 2435 ξύλον
2688 2390 2706 2422 ι
2742 2373 2842 2442 τῆς
2878 2372 3152 2440 γνώσεως,
3200 2396 3218 2427 ι
3250 2376 3346 2429 ἐὰν
3389 2378 3463 2449 μὴ
3508 2380 3913 2450 παρανομῶμεν
3981 2378 4075 2434 τὸν

2499 2462 2695 2532 γάμον.
2725 2464 2788 2515 Τί
2819 2463 2909 2528 δέ;
2936 2465 3057 2537 οὐχὶ
3082 2467 3111 2518 ὁ
3141 2467 3354 2540 Σωτὴρ,
3394 2469 3582 2541 ὥσπερ
3606 2470 3705 2542 τὴν
3752 2471 3947 2542 ψυχὴν,
3983 2469 4079 2526 οὕ-

2493 2571 2572 2608 τω
2610 2555 2666 2607 δέ
2706 2555 2884 2609 καὶτὸ
2917 2558 3077 2628 σῶμα
3108 2560 3223 2613 ἰᾶτο
3247 2561 3358 2614 τῶν
3385 2562 3601 2627 παθῶν;
3639 2562 3753 2616 Οὐκ
3794 2563 3860 2617 ἂν
3899 2564 3975 2629 δέ,
4021 2564 4072 2618 εἰ

2493 2646 2662 2718 ἐχθρὰ
2698 2650 2730 2718 ἡ
2780 2647 2917 2719 σὰρξ
2953 2646 3022 2721 ἦν
3054 2653 3154 2722 τῆς
3193 2653 3392 2725 ψυχῆς,
3428 2654 3762 2725 ἐπετείχιζεν
3799 2657 3934 2728 αὐτῇ
3973 2656 4073 2730 τὴν

2495 2736 2693 2808 ἐχθράν
2722 2738 2789 2790 δι’
2814 2739 3026 2807 ὑγιείας
3045 2742 3382 2808 ἐπισκιάζων
3406 2743 3537 2815 (56).
3572 2765 3590 2796 ι
3623 2746 3793 2800 Τοῦτο
3820 2746 3879 2800 δέ
3905 2764 4069 2818 φημι,

2492 2827 2730 2898 ἀδελφοὶ,
2769 2831 2851 2883 ὅτι
2883 2831 3021 2904 σὰρξ
3059 2834 3153 2886 καὶ
3186 2828 3321 2905 αἷμα
3354 2834 3630 2905 βασιλείαν
3653 2836 3786 2889 Θεοῦ
3816 2836 4075 2908 κληρονο-

2493 2920 2663 2991 μῆσαι
2691 2922 2752 2974 οὐ
2778 2921 2998 2977 δύναται
3023 2924 3135 2995 (57)
3155 2942 3169 2955 ο
3210 2925 3330 2978 οὐδὲ
3363 2928 3395 2996 ἡ
3429 2926 3603 2998 φθορά
3630 2927 3729 2997 τὴν
3762 2928 4072 2998 ἀφθαρσίαν

2492 3010 2877 3084 κληρονομεῖη
2918 3017 2951 3086 ἡ
2982 3015 3091 3089 γὰρ
3124 3018 3390 3088 ἁμαρτία,
3419 3017 3651 3088 «saepe.
3687 3015 3841 3083 οὖσα,
3876 3018 3936 3071 ού
3974 3016 4070 3070 δύ-

2491 3125 2651 3161 ναται
2684 3109 2966 3163 κοινωνίαν
2997 3108 3140 3179 ἔχειν
3188 3108 3323 3180 μετὰ
3367 3109 3466 3179 τῆς
3520 3109 3907 3182 ιάφθαρσίας,›
3946 3111 4068 3180 ἥτις

2490 3200 2609 3252 ἐστί
2647 3200 2980 3271 δικαιοσύνη.
3006 3220 3026 3251 ι
3064 3201 3249 3264 Οὕτως
3279 3203 3516 3273 ἀνόητοι.
3557 3221 3576 3253 ι
3621 3203 3806 3273 φησὶν,
3856 3221 3874 3252 ι
3902 3199 4067 3267 ἐστ-ἐς

817 3265 1018 3320 habere
1052 3267 1371 3323 societatem
1401 3285 1528 3324 cum
1568 3288 1587 3321 ι
1623 3270 2057 3340 incorruptione,
2101 3291 2120 3322 ι
2156 3287 2279 3342 qua:
2308 3281 2391 3327 est
2416 3310 2457 3369 ο
2491 3289 2580 3341 ὲνα

2308 3281 2391 3327 εει
2416 3310 2457 3369 C
2491 3288 2843 3360 ἐναρξάμενοι
2879 3265 3168 3363 πνεύματι,
3206 3291 3302 3344 νῦν
3331 3265 3495 3364 σαρκὶ
3531 3265 3823 3347 ἐπιτελείτε
3857 3290 3995 3362 (58);

811 3353 1047 3420 justitia.
1085 3375 1106 3409 ι
1136 3358 1290 3414 Adeo
1319 3361 1499 3427 stulti,
1543 3378 1562 3411 ι
1598 3361 1795 3431 inquit,
1839 3379 1859 3413 ι
1898 3363 2068 3418 estis?
2109 3379 2233 3418 cum
2271 3365 2386 3434 spi-

815 3446 922 3501 ritu
960 3449 1255 3520 cmperitis,
1280 3467 1428 3506 nunc
1459 3467 1624 3509 carne
1654 3456 2114 3510 consummamini
2156 3455 2178 3494 τ
2204 3456 2227 3507 ?
2257 3476 2274 3507 ι

2216 3639 2446 3695 CAPUT
2480 3640 2664 3699 XVIII.

817 3765 966 3828 Duas
989 3779 1251 3828 extremas
1293 3776 1564 3853 opiniones
1602 3793 1712 3853 es_se_
1733 3778 1984 3853 uitandus
2007 3796 2032 3853 :_
2059 3781 2290 3848 primum
2351 3782 2562 3839 illorum
2591 3784 2683 3852 qui
2714 3783 2987 3839 Creatoris
3020 3785 3143 3837 odio
3185 3802 3218 3837 a
3263 3786 3465 3853 nuptiis
3507 3787 3806 3850 abstinent;
3835 3787 4065 3843 alterum

1330 3845 1546 3899 illorum
1572 3847 1662 3914 qui
1692 3846 1814 3901 hinc
1857 3845 2189 3904 occasionem
2233 3854 2494 3921 arripiunt
2542 3845 2762 3924 nefariis
2802 3854 3113 3908 libidinibus
3140 3845 3469 3926 iudulgéndi.

882 3972 1160 4031 Justitiam
1184 3993 1321 4051 ergo
1349 3989 1405 4035 et
1427 3982 1621 4039 salutis
1647 3985 2015 4051 harmoniam,
2039 4002 2162 4057 qua:
2186 3996 2272 4043 est
2292 4004 2387 4043 ve-

811 4066 1053 4122 neranda
1088 4068 1376 4140 ﬁrmaque,
1409 4073 1501 4127 alii
1533 4074 1778 4144 quidem,
1804 4084 1864 4131 ut
1886 4077 2229 4133 ostendimus
2250 4117 2265 4141 ,
2306 4080 2389 4133 ni-

812 4157 985 4212 mium
1028 4159 1418 4229 intenderunt,
1473 4167 1787 4237 blaspheme
1839 4184 1905 4223 ac
1955 4169 2216 4224 maledice
2262 4187 2383 4228 cum

810 4251 1007 4318 quavis
1048 4252 1323 4322 impietate
1370 4260 1729 4330 suscipientes
1772 4262 2206 4329 continentiam;
2260 4279 2383 4318 cum

808 4340 897 4410 pie
919 4341 1107 4398 liceret
1132 4347 1468 4414 castitatem,
1503 4367 1627 4421 qua
1650 4354 1952 4408 secundum
1994 4371 2186 4413 sanam
2224 4372 2383 4427 regu-

808 4435 916 4490 lam
943 4435 1267 4506 instituitur,
1284 4441 1518 4511 eligere;
1542 4445 1749 4514 gratias
1773 4446 1995 4514 quidem
2021 4445 2236 4517 agendo
2258 4464 2386 4517 pro-

810 4533 933 4593 pter
953 4526 1135 4586 datam
1160 4530 1292 4600 ipsis
1307 4535 1561 4603 gratiam,
1588 4551 1695 4591 non
1735 4535 1987 4591 habendo
2022 4548 2206 4593 autem
2254 4539 2384 4594 odio

809 4624 1139 4686 creaturam,
1168 4636 1347 4692 neque
1375 4640 1471 4682 eos
1495 4629 1874 4697 aspernando,
1914 4629 2009 4699 qui
2043 4630 2221 4700 juncti
2255 4641 2388 4685 sunt

810 4712 1196 4780 matrimonio;
1229 4725 1315 4770 est
1337 4716 1485 4771 enim
1513 4728 1731 4777 creatus
1763 4720 2003 4777 mundus
2024 4763 2038 4789 ,
2086 4732 2269 4777 creata
2301 4733 2389 4777 est

2559 3992 2671 4062 Τὴν
2696 3991 3041 4063 δικαιοσύνην
3071 3990 3251 4047 τοίνυν
3287 3992 3381 4045 καὶ
3403 3992 3504 4063 τὴν
3530 3994 3797 4071 ἁρμονίαν
3825 3992 3919 4046 τοῦ
3953 4009 4063 4046 σω-

2488 4083 2699 4153 τηρίου,
2736 4081 2938 4152 σεμνὴν
2965 4076 3131 4134 οὖσαν
3160 4083 3251 4135 καὶ
3279 4081 3519 4150 βεϐαίαν,
3550 4084 3596 4135 οἱ
3630 4082 3730 4153 μὲν
3754 4083 4060 4143 ἐνέτειναν,

2489 4171 2566 4235 ὼς
2596 4170 2948 4241 ἐπεδείξαμεν
2988 4171 3120 4241 (59),
3152 4171 3483 4243 βλασφήμως
3529 4172 3872 4242 ἐκδεχόμενοι
3920 4169 4061 4240 μετὰ

2490 4263 2674 4332 πάσης
2714 4260 3002 4329 ἀθεότητος
3034 4262 3133 4333 τὴν
3156 4262 3480 4332 ἐγκράτειαν
3504 4280 3518 4293 ·
3554 4262 3671 4327 ἐξὸν
3718 4260 3931 4313 ἑλέσθαι
3959 4261 4059 4331 τὴν

2490 4352 2780 4422 εύνουχίαν
2830 4350 2971 4403 κατὰ
3024 4352 3114 4407 τὸν
3165 4353 3295 4423 ὑγιῆ
3332 4354 3535 4407 κανόνα
3583 4354 3701 4423 μετ’
3737 4351 4055 4417 εὐσεϐείας

2487 4442 2915 4516 εὐχαριστοῦντα
2964 4444 3075 4514 (60)
3131 4445 3227 4515 μὲν
3255 4446 3348 4497 ἐπὶ
3386 4448 3452 4515 τῇ
3495 4443 3711 4517 δοθείσῃ
3752 4445 3955 4516 χάριτι,
3996 4445 4060 4498 οὐ

2493 4537 2754 4605 μισοῦντα
2782 4535 2840 4589 δὲ
2871 4535 2970 4607 τὴν
2998 4537 3195 4602 κτίσιν,
3236 4536 3355 4589 οὐδὲ
3403 4535 3783 4600 ἐξουθενοῦντα
3815 4539 3939 4603 τοὺς
3967 4554 4061 4607 γε-

2488 4631 2837 4701 γαμηκότας·
2903 4629 3119 4692 κτιστδς
3169 4627 3279 4701 γὰρ
3325 4631 3354 4683 ὁ
3398 4630 3617 4700 κόσμος,
3659 4631 3852 4702 κτιστὴ
3882 4631 3975 4684 καὶ
4023 4632 4059 4701 ή

2497 4722 2779 4792 εύνουχία·
2819 4723 2988 4794 ἄμφω
3028 4722 3085 4776 δὲ
3122 4720 3580 4793 εὐχαριστούντων
3620 4725 3678 4777 ὲν
3716 4719 3797 4788 οἷς
3826 4722 4056 4795 ἐτάχθη-

884 4871 944 4949 ἥς
978 4864 1040 4922 Ρ.
1207 4868 1621 4949 ΕῡοΡΟῙῙΕῌ,
1788 4872 1895 4949 ΕΙ).
1926 4873 2152 4949 ΡΑΙξΙΒ.
2212 4888 2236 4914 ι
2272 4874 2375 4929 Isa.
2408 4891 2494 4939 ιι,
2522 4878 2574 4941 6,
2602 4877 2647 4941 71

2287 4890 2375 4929 :sa.
2408 4891 2494 4939 ιιι,
2522 4878 2574 4941 6,
2602 4877 2654 4941 7,
2694 4879 2747 4933 8.
2824 4880 2853 4919 ιι
2883 4879 3045 4934 Prov.
3074 4894 3195 4941 xm,
3229 4876 3315 4932 12.
3391 4889 3413 4918 ε
3443 4878 3577 4937 Gen.
3610 4898 3694 4949 ιιι,
3731 4882 3783 4937 '5.
3863 4880 3891 4921 ἀ
3917 4879 4050 4934 Gen.

809 4950 885 5001 tv,
920 4937 971 4989 1.
1051 4948 1076 4978 ο
1101 4938 1121 4991 ι
1144 4941 1271 4994 Cor.
1306 4958 1395 5008 xv,
1432 4943 1520 5004 50,
1560 4944 1613 5001 1.
1661 4943 1681 4983 ί
1714 4943 1890 4998 Galat.
1922 4961 2004 5010 ιιι,
2032 4945 2086 4999 5.

804 5094 868 5173 τί)
894 5093 1054 5173 ἄνθος
1075 5094 1337 5173 Δἐξέπεσε,
1365 5101 1426 5152 τὸ
1453 5100 1511 5154 δὲ
1542 5100 1694 5172 ῥῆμα
1729 5099 1823 5163 τοῦ
1863 5098 2188 5172 Θεοῦ,ήμῶν
2228 5099 2381 5170 μένει
2411 5098 2458 5158 D
2487 5115 2567 5169 qu<

2289 5099 2381 5152 ἱνει
2411 5098 2458 5158 D
2487 5102 2631 5169 quod
2661 5100 2925 5173 Henetus
2949 5101 3116 5155 etiam
3141 5100 3193 5153 in
3222 5103 3492 5173 versionis
3540 5121 3655 5161 suae
3683 5105 3924 5173 margine
3956 5099 4052 5153 ad-

808 5166 890 5229 εἰς
915 5166 1009 5219 τὸν
1033 5166 1229 5220 αἰῶνα.

880 5235 992 5313 (34)
1031 5237 1257 5313 Ἀηδής.
1286 5235 1596 5313 Haud_seio,
1625 5257 1694 5295 an
1729 5241 1911 5313 verius
1934 5241 2139 5313 ἀειδής,
2172 5250 2230 5295 ιιι
2253 5256 2382 5313 mox

809 5307 1080 5377 sequitur,
1116 5308 1176 5362 τὸ
1200 5308 1396 5373 ἀειδές.
1432 5307 1791 5377 δγιιιιιτιιοη-
1819 5310 2002 5372 Recte,
2040 5307 2166 5366 nam
2203 5311 2380 5377 respi-

807 5375 1095 5451 ritanctor
1144 5378 1250 5451 Isa.
1306 5395 1437 5442 Lnt,
1475 5380 1546 5433 5:
1584 5380 1656 5432 Τὸ
1679 5375 1817 5451 εἶδος
1843 5381 2004 5451 αύτοῦ
2055 5383 2249 5451 ἄτιμον
2289 5375 2384 5433 καὶ

806 5444 1059 5521 ἐΑκλςίπον
1087 5450 1235 5521 παρά
1259 5451 1385 5513 τοὺς
1408 5450 1559 5512 υἱοὺς
1584 5451 1699 5521 τῶν
1722 5448 2039 5521 ἀνθρώπων.
2059 5444 2191 5517 Quae
2216 5452 2377 5505 verba

807 5516 876 5588 de
908 5516 1129 5571 Christo
1157 5516 1411 5588 explicat,
1440 5536 1565 5575 cum
1612 5520 1736 5575 aliis
1780 5516 2031 5578 Pati-ibus
2058 5516 2095 5585 ,ί
2125 5521 2378 5579 Clemens

807 5586 971 5673 «(uiam
1020 5586 1469 5673 nosterlgdug.
1512 5591 1737 5673 libum,
1797 5591 1901 5645 sub
1954 5594 2117 5646 linem
2171 5607 2292 5661 cap.
2324 5593 2376 5658 1,

1136 5674 1189 5728 p.
1222 5659 1326 5713 568
1346 5659 1476 5715 edit.
1510 5660 1686 5716 I‘aris.

878 5725 991 5801 (55)
1022 5725 1731 5801 Προένήτηςβιῃοιηοηοηι
1756 5730 2020 5801 designat,
2039 5733 2197 5801 cujus
2217 5735 2376 5789 verba

801 5806 936 5877 sunt
961 5796 1699 5877 Ρνογλζξιιιέίὶ.Ειιιῐιιξοιιι
1728 5796 2050 5869 prophetali:
2071 5796 2229 5858 τοι-ιιι
2255 5821 2373 5877 pag.

799 5863 916 5938 47l,
937 5876 991 5938 et
1014 5883 1068 5938 p.
1092 5870 1197 5925 674
1221 5872 1349 5927 edit.
1382 5870 1554 5926 Paris.
1587 5863 1811 5926 Low-1n.

879 5937 1028 6009 {56),
1082 5941 1479 6005 Ἐπισκιάζωικ
1557 5941 1916 5998 Scribendutn

806 5651 1005 5711 S:rom.
1033 5674 1096 5725 ιι,

1980 5945 2067 5996 ἐπι
2080 5946 2373 6012 σκευάζοι-ι,

2489 5173 2716 5226 notavit.
2756 5172 2965 5250 Sensus
2994 5178 3115 5224 est:
3152 5190 3171 5222 ι
3197 5171 3490 5250 _(_3hristum
3520 5176 3763 5250 noluisse
3807 5171 4051 5250 earum".

2489 5245 2740 5296 restituta
2769 5242 2821 5296 ei
2846 5240 3102 5305 sanitate,
3125 5243 3441 5301 validiorem
3465 5244 3680 5311 fecisse,
3703 5247 3748 5300 si
3777 5257 3842 5296 ea
3858 5240 4054 5296 animas

2487 5310 2660 5367 hostis
2693 5321 2859 5366 esset.
2912 5329 2933 5363 ι

2559 5383 2984 5463 (57),.1‘1‘3rarat.
3012 5381 3293 5451 Δύνανται,
3329 5384 3350 5445 1
3386 5384 3511 5442 Cor.
3546 5402 3638 5452 xv,
3665 5384 3753 5447 50,
3785 5379 3930 5449 quod
3977 5378 4048 5437 Α.

2486 5457 2711 5508 mavult.
2746 5454 2902 5505 Sne.

2492 5592 2507 5595 _
2557 5524 2671 5591 (58)
2702 5522 3084 5595 -Ἑπιτελεῑτε,
3106 5523 3264 5595 Vulg.
3285 5525 3423 5581 Bibl.
3439 5526 3559 5582 Gal.
3587 5538 3672 5586 ιιι,
3692 5517 4049 5592 ἐπιτελεῖσθε,

2484 5592 2656 5674 forma
2683 5592 2992 5674 deponenti.
3024 5592 3324 5674 _S_\'LBUI{G._
3435 5667 3445 5674 _
3488 5666 3498 5674 _
3565 5663 3579 5674 _
3645 5660 3657 5673 .
3940 5662 3953 5674 .

2554 5663 2822 5746 (βίη-’ζιελ
2839 5663 3246 5746 ἐπεδείξαμεν.
3286 5666 3527 5737 Respicit
3565 5660 3795 5730 hujusce
3834 5660 3956 5717 libri
3988 5677 4049 5735 p.

2483 5733 2590 5786 us
2620 5732 2750 5786 edit.
2782 5731 2952 5790 Paris,
3112 5731 3130 5738 τ
3397 5731 3413 5737 -
3988 5731 4007 5735 _

2490 5874 2525 5875 η
2554 5800 2669 5875 ((⁵0)
2708 5805 3223 5875 ,Εὐχαριστοῦντω
3280 5801 3520 5875 Respicit
3574 5799 3704 5875 illud
3767 5804 4046 5875 ᾼροειοιίτ

2485 5874 2600 5925 Πᾶν
2628 5869 2836 5945 κτίσμᾶ
2864 5869 3046 5933 καλὸν.
3079 5918 3091 5930 .
3133 5918 3145 5930 .
3182 5917 3193 5929 .
3231 5877 3347 5946 μετ’
3388 5869 3734 5942 εὐχαριστίας
3776 5869 4048 5948 λαμϐανό-

2484 5959 2549 6020 με
2557 5960 2643 5995 νον
2651 5984 2661 5995 .
