4464 6612
876 498 996 556 1911

2028 504 2423 562 ειειιεΝΤιε
2458 504 2926 562 ALEXANDRINI

3982 500 4129 554 12H

863 621 1016 677 ciunt
1038 633 1121 675 ι.»
1142 653 1208 663 -
1229 622 1355 680 «Va
1378 623 1585 680 homini
1614 627 1714 693 illi,
1747 647 1766 679 ι
1805 627 1980 698 inquit
2009 627 2295 695 Dominus;
2314 649 2333 681 ι
2352 606 2451 683 bo—
2481 634 2529 689 Α
2560 629 2626 680 Ὃ

2365 606 2451 683 bo—
2481 634 2529 689 Α
2560 628 2726 682 Ὅθεν
2755 627 3019 696 γενναίως
3047 624 3075 676 6
3114 622 3455 686 ’Δπόστολος,
3477 622 3765 697 ιἜγραψα
3801 620 3980 692 Mdv,»
4017 637 4128 690 φησ-

862 725 994 765 num
1020 722 1168 767 esset
1191 714 1263 777 ei,
1296 714 1339 769 si
1368 728 1476 768 non
1516 727 1680 772 natus
1700 729 1865 782 esset,
1897 733 2062 786 quam
2093 731 2154 774 ut
2180 735 2348 775 unum
2378 734 2443 774 ex

861 800 1051 858 electis
1077 803 1209 857 meis
1237 802 1634 862 scandalizarct
1662 807 1712 861 ιι.
1754 806 1944 861 Melius
1959 817 2129 873 esset,
2147 818 2210 864 ut
2231 810 2281 864 ei
2305 808 2444 864 mola

864 893 1407 962 circumpoueretur,
1435 907 1490 952 et
1516 898 1571 952 in
1602 898 1740 953 mari
1781 899 2189 968 demergeretur
2214 942 2230 965 ,
2279 915 2446 971 quam

868 993 930 1038 ut
962 1001 1127 1039 unum
1168 1000 1237 1040 ex
1278 988 1418 1044 meis
1446 1000 1780 1059 perverteret
1818 1002 1865 1043 ο.
1911 987 2121 1045 Nomen
2159 996 2310 1048 enim
2354 992 2446 1048 Dei

867 1073 1277 1144 blasphematur
1334 1088 1555 1150 propter
1590 1082 1739 1151 ipsos
1787 1081 1838 1135 ἀ.
1888 1099 1908 1133 ι
1971 1079 2130 1138 Unde
2186 1085 2449 1154 praeclare

866 1166 1211 1234 Apostolus:
1250 1169 1541 1241 «Scripsi,»
1598 1173 1794 1243 inquit,
1850 1172 2037 1228 «vobis
2093 1175 2150 1229 in
2188 1176 2445 1246 epistola,

866 1273 975 1313 non
1017 1263 1328 1317 conversari
1374 1279 1498 1317 eum
1536 1263 1965 1321 fornicatoribus
1998 1276 2024 1304 ο
2046 1307 2063 1333 ,
2101 1285 2122 1319 ι
2158 1283 2335 1337 usque
2379 1267 2448 1322 ad

866 1350 1003 1407 illud
1037 1371 1050 1406 :
1090 1371 1110 1404 ι
1148 1353 1359 1422 Corpus
1397 1364 1580 1409 autem
1613 1370 1721 1409 non
1775 1354 2169 1422 fornicationi,
2208 1358 2301 1413 sed
2333 1357 2446 1412 Do—

866 1444 1019 1498 mino
1042 1486 1057 1511 ,
1088 1455 1142 1498 et
1169 1443 1433 1501 Dominus
1463 1447 1684 1516 corpori
1738 1447 1787 1502 ί.
1826 1466 1846 1501 ι
1879 1447 1946 1502 Et
1975 1449 2128 1519 quod
2164 1448 2449 1503 matrimo-

866 1536 1018 1590 nium
1057 1551 1165 1589 non
1194 1536 1343 1590 dicat
1384 1537 1545 1609 203
1577 1537 1998 1595 fornicationem
2020 1581 2035 1605 ,
2082 1539 2325 1595 ostendit
2357 1554 2444 1605 eo,

864 1625 1008 1693 quod
1039 1625 1353 1695 subjungit:
1388 1645 1406 1678 ι
1440 1627 1525 1682 An
1572 1629 1798 1683 nescitis
1827 1670 1842 1695 ,
1891 1629 2037 1698 quod
2069 1629 2164 1697 qui
2213 1629 2449 1682 adllatret

865 1717 1161 1783 meretrici,
1186 1735 1356 1773 unum
1386 1728 1470 1773 est
1485 1734 1683 1789 corpus
1715 1721 1775 1773 εἳ
1807 1740 1828 1772 ι
1848 1722 1930 1774 An
1962 1721 2299 1774 meretricem
2326 1720 2449 1789 quis

865 1806 1010 1861 dicet
1026 1807 1312 1878 virginem,
1329 1809 1647 1879 priusquam
1669 1810 1875 1864 nubat?
1898 1828 1917 1860 ι
1940 1809 2084 1862 Etne
2096 1808 2360 1863 fraudetis
2375 1851 2389 1875 ,
2423 1828 2442 1859 ι

866 1899 1067 1969 inquit,
1090 1919 1109 1949 σ
1133 1900 1496 1965 vosinvicem,
1514 1901 1615 1954 nisi
1639 1916 1704 1953 ex
1731 1915 1999 1954 consensu
2030 1900 2096 1953 ad
2129 1901 2440 1968 tempushu

2550 724 2655 788 σιν,
2695 726 2781 777 ιὲν
2801 726 2868 794 τῇ
2898 720 3174 792 ἐπιστολῇ,
3211 718 3286 789 μὴ
3318 720 3815 790 συναναμίγνυσθαι
3846 716 4121 788 πόρνοις,»

2544 813 2651 877 ἓως
2698 835 2717 866 ι
2749 815 2822 869 Τὸ
2851 814 2909 868 δὲ
2959 813 3139 884 σῶμα,
3166 811 3225 863 οὺ
3352 811 3597 880 πορνείᾳ,
3632 812 3767 866 ἀλλὰ
3789 810 3868 881 τῷ
3897 805 4125 880 Κυρίῳ,

2545 908 2641 960 καὶ
2664 908 2695 959 6
2724 907 2929 979 Κύριος
2953 905 3033 977 τῷ
3057 904 3286 976 σώματι.
3311 920 3330 952 ι
3348 900 3456 953 Καὶ
3485 900 3567 952 ὅτι
3589 902 3649 953 οὺ
3679 903 3772 956 τὸν
3801 903 3973 973 γάμον
3990 914 4129 969 πορ-

2546 996 2696 1050 νείαν
2723 998 2894 1066 λέγει,
2930 996 3201 1067 ἐπιφέρει·
3230 1014 3247 1047 ι
3292 993 3365 1046 Ἢ
3397 991 3498 1044 οὐκ
3521 989 3721 1055 οἴδατε,
3752 994 3835 1046 ὅτι
3865 996 3894 1047 6
3918 988 4126 1047 κολλώ-

2548 1103 2711 1156 μενος
2736 1092 2804 1159 τῇ
2828 1090 3003 1162 πόρνῃ
3024 1088 3081 1140 ἓν
3111 1087 3269 1158 σῶμά
3295 1087 3477 1147 ἐστιν;
3518 1100 3537 1132 ι
3579 1081 3651 1133 Ἦ
3677 1082 3883 1155 πόρνην
3903 1102 3987 1148 τις
4009 1082 4130 1156 ἐρεῖ

2544 1172 2648 1244 τὴν
2670 1175 2961 1247 παρθένον,
2990 1175 3173 1247 πρὶνῆ
3210 1175 3417 1245 γῆμαι;
3454 1170 3593 1222 «Καὶ
3622 1168 3696 1240 μὴ
3711 1170 4123 1245 ἀποστερεῖτε,ι

2556 1264 2744 1331 φησὶν,
2783 1266 3106 1338 «ἀλλήλους,
3157 1267 3207 1318 εί
3245 1266 3319 1337 μὴ
3350 1267 3414 1318 ὲκ
3467 1260 3577 1332 (69)
3634 1261 3923 1331 συμφώνου
3988 1266 4131 1337 πρὸς

2551 1352 2763 1422 καιρόν*
2798 1373 2817 1405 ι
2847 1354 2938 1408 διά
2963 1354 3064 1424 τῆς
3090 1373 3108 1404 ι
3133 1354 3488 1424 ἀποστερεῖτε
3511 1368 3530 1401 ι
3555 1346 3750 1414 λέξεως
3769 1346 3833 1399 τὸ
3850 1348 4127 1421 ὀφείλημα

2544 1441 2638 1495 τοῦ
2678 1444 2860 1513 γάμου
2905 1447 3006 1518 τὴν
3045 1445 3390 1499 παιδοποιίαν
3427 1442 3700 1516 ἐμφαίνων
3719 1456 3732 1469 ⁸
3760 1440 3898 1510 ὅπερ
3920 1442 3979 1493 ὲν
4009 1447 4128 1509 τοῖς

2545 1530 2855 1602 ἔμπροσθεν
2880 1537 3176 1606 ἐδήλωσεν,
3196 1535 3386 1590 είπώνο
3413 1557 3433 1587 ι
3459 1538 3536 1606 Τῇ
3560 1531 3777 1603 γυναικὶ
3806 1534 3835 1584 ὁ
3855 1532 3999 1601 ἀνὴρ
4024 1534 4127 1605 τὴν

2544 1621 2765 1694 ὀφειλὴν
2794 1623 2908 1691 (70)
2933 1627 3248 1679 ἀποδιδότω·
3275 1626 3474 1697 ὁμοίως
3499 1627 3558 1680 δὲ
3578 1624 3669 1678 καὶ
3699 1624 3732 1694 ή
3753 1620 3892 1692 γυνὴ
3928 1620 4007 1691 τῷ
4028 1623 4127 1677 ἀν-

2545 1715 2649 1787 δρί·
2680 1734 2697 1765 ι
2737 1715 2855 1785 μεθ’
2883 1716 2950 1787 ἢν
2977 1718 3183 1771 ἔκτισιν
3217 1718 3358 1771 κατά
3381 1718 3481 1788 τὴν
3504 1714 3777 1787 οἰκουρίαν
3810 1714 3904 1766 καὶ
3935 1713 4034 1783 τὴν
4067 1716 4129 1767 ἐν

2546 1804 2769 1876 Χριστῷ
2810 1806 2995 1860 πίστιν
3040 1808 3252 1879 βοηθός.
3294 1808 3403 1862 Καὶ
3440 1808 3519 1861 ἔτι
3562 1806 3886 1876 σαφέστερον
3931 1802 4123 1856 εἰπὼν·

2554 1916 2571 1948 ι
2603 1898 2724 1959 Τοῖς
2757 1899 3105 1969 γεγαμηκόσι
3132 1898 3513 1969 παραγγέλλω,
3537 1899 3637 1950 οὐκ
3662 1894 3787 1965 ἐγὼ,
3814 1894 3928 1947 ἀλλ’
3960 1896 3989 1947 ὁ
4017 1893 4132 1946 Κύ-

866 2004 964 2058 per
992 1991 1307 2055 dictionem,
1344 2009 1362 2041 ι
1403 1990 1667 2044 fraudetis
1686 2032 1699 2054 ,
1727 2008 1747 2040 ι
1782 1990 2080 2045 ostendens
2106 1989 2444 2044 matrimonii
2477 1986 2521 2040 Β
2548 2006 2629 2061 ριο

2367 1990 2444 2042 nii
2477 1986 2521 2040 Β
2548 2006 2680 2061 ριος,
2727 1991 2962 2053 γυναῖκα
2997 1988 3105 2041 ἀπὸ
3135 1988 3327 2060 ἀνδρὸς
3358 1987 3432 2058 μὴ
3460 1987 3806 2057 χωρισθῆναι·
3841 1982 4010 2036 ἐὰνδὲ
4034 1981 4129 2037 καὶ

865 2081 1105 2134 debitum
1134 2095 1257 2136 esse
1288 2080 1582 2134 liberorum
1623 2082 2055 2150 procreationem
2103 2100 2115 2134 :
2155 2081 2299 2150 quod
2322 2081 2449 2149 qui-

864 2170 987 2223 dem
1025 2172 1078 2224 in
1109 2171 1196 2235 iis,
1230 2186 1353 2240 quae
1376 2170 1712 2240 praecedunt,
1743 2172 2004 2237 ostendit,
2025 2171 2244 2225 dicens:
2283 2190 2302 2222 ι
2329 2170 2448 2224 Mu-

864 2260 984 2314 lieri
1035 2262 1117 2315 vir
1167 2262 1412 2316 debitum
1466 2263 1685 2326 reddat;
1716 2262 1969 2319 similiter
2017 2271 2199 2316 autem
2248 2261 2447 2315 mulier

863 2368 1083 2422 quoque
1104 2353 1223 2406 viro
1260 2356 1277 2393 ἰ
1303 2372 1318 2419 ;
1354 2373 1373 2404 ι
1405 2363 1528 2423 post
1555 2369 1719 2423 quam
1755 2352 2250 2417 exsolutionem,in
2280 2352 2447 2407 domo

866 2444 1251 2510 custodienda,
1281 2454 1338 2497 et
1374 2445 1429 2497 in
1463 2460 1524 2498 ea
1563 2459 1683 2513 qua:
1707 2454 1790 2497 est
1814 2443 2108 2498 inChristo
2125 2444 2251 2509 ﬁde,
2284 2443 2448 2512 adju-

866 2534 973 2587 trix
1025 2543 1125 2588 est.
1159 2534 1226 2588 Et
1262 2535 1441 2589 adhuc
1471 2535 1737 2604 apertius,
1773 2534 1989 2589 dicens:
2016 2554 2033 2584 ι
2073 2535 2165 2602 lis,
2195 2536 2289 2606 qui
2319 2545 2451 2590 sunt

861 2625 1036 2693 iuncti
1090 2626 1462 2689 matrimonio,
1519 2627 1810 2696 praecipio,
1880 2627 2086 2696 inquit,
2171 2644 2281 2682 non
2326 2644 2445 2698 ego,

864 2716 960 2771 sed
990 2715 1275 2782 Dominus,
1306 2732 1532 2771 uxorem
1564 2733 1594 2771 a
1628 2719 1747 2772 viro
1786 2734 1896 2772 non
1932 2719 2209 2787 separari;
2240 2720 2323 2773 sin
2352 2735 2449 2772 au-

864 2818 975 2862 tem
1008 2818 1259 2878 separata
1291 2809 1479 2874 fuerit,
1513 2819 1735 2864 maneat
1767 2812 2029 2880 innupta,
2071 2811 2154 2865 vel
2206 2812 2323 2866 viro
2366 2829 2451 2865 re-

868 2900 1221 2968 concilietur;
1258 2909 1312 2955 et
1345 2902 1524 2955 virum
1556 2917 1786 2955 uxorem
1819 2917 1928 2956 non
1966 2903 2262 2956 dimittere.
2306 2901 2448 2957 Reli-

863 2994 990 3062 quis
1030 3003 1211 3047 autem
1260 2994 1385 3047 dico
1424 3008 1565 3061 ego,
1599 3008 1708 3048 non
1738 2992 2034 3047 Dominus:
2071 2993 2128 3047 Si
2169 2994 2296 3063 quis
2341 2992 2452 3046 fra—

868 3095 948 3137 ter
968 3083 998 3124 ιι
1017 3126 1034 3150 ,
1055 3104 1075 3136 ι
1098 3100 1271 3154 usque
1300 3085 1366 3139 ad
1399 3084 1563 3138 illud:
1588 3104 1606 3135 ι
1632 3083 1789 3138 Nunc
1818 3092 2001 3137 autem
2037 3094 2228 3139 sancta
2247 3094 2332 3137 est
2358 3082 2405 3136 ι.
2422 3102 2440 3133 ι

868 3172 1009 3237 Quid
1044 3183 1226 3227 autem
1258 3174 1324 3226 ad
1363 3174 1478 3227 lucc
1508 3173 1722 3238 dicunt,
1753 3173 1848 3241 qni
1882 3173 1936 3226 in
1964 3173 2136 3240 legem
2176 3172 2450 3226 invehun-

867 3274 978 3327 tur,
1013 3272 1067 3316 et
1092 3262 1145 3315 in
1173 3262 1612 3325 matrimonium,
1643 3262 1803 3331 quasi
1829 3261 1899 3317 sit
1924 3263 2101 3316 solum
2125 3278 2155 3316 a
2185 3263 2301 3332 lege
2321 3277 2450 3316 con-

2550 2080 2811 2151 χωρισθῇ,
2844 2081 3054 2150 μενέτω
3074 2081 3308 2150 ἄγαμος,
3338 2080 3370 2150 ἢ
3404 2079 3482 2149 τῷ
3519 2079 3673 2150 ἀνδρὶ⁸
3698 2077 4123 2146 καταλλαγήτω·

2551 2172 2644 2224 καὶ
2662 2171 2831 2241 ἄνδρα
2849 2173 3086 2239 γυναῖκα
3122 2171 3196 2242 μὴ
3221 2171 3461 2239 ἀφιέναι.
3492 2171 3619 2232 Τοῖς
3662 2169 3718 2223 δὲ
3742 2170 3945 2230 λοιποῖς
3980 2166 4126 2233 λέγω

2549 2260 2658 2327 ἐγὼ
2691 2260 2827 2327 (7i),
2862 2262 3008 2329 ούχὸ
3041 2259 3263 2329 Κύριος·
3293 2258 3361 2311 Εἴ
3382 2277 3464 2323 τις
3487 2259 3733 2328 ἀδελφὸς,
3768 2278 3786 2309 ι
3814 2258 3941 2318 ἕως
3976 2275 3997 2305 ι
4032 2254 4127 2307 νῦν

2549 2350 2606 2404 δὲ
2642 2351 2769 2418 ἁγία
2794 2349 2907 2418 (72)
2928 2348 3065 2401 ἐστί.
3108 2368 3126 2399 ι
3166 2348 3231 2401 Τί
3273 2348 3330 2401 δὲ
3360 2348 3579 2416 λέγουσι
3607 2349 3743 2419 πρὸς
3766 2348 3937 2401 ταῦτα
3959 2349 4006 2399 οἱ
4031 2343 4126 2397 τοῦ

2551 2441 2714 2509 νόμου
2750 2438 3179 2509 κατατρέχοντες
3204 2439 3299 2490 καὶ
3328 2436 3423 2488 τοῦ
3450 2440 3654 2507 γάμου,
3686 2439 3763 2501 ὼς
3795 2439 3935 2492 κατά
3968 2438 4130 2507 νόμον

2552 2531 3063 2602 συγκεχωρημένου,
3111 2531 3391 2600 μονονουχὶ
3436 2529 3493 2582 δὲ
3539 2531 3634 2583 καὶ
3688 2530 3799 2599 (75)
3837 2530 3979 2583 κατὰ
4032 2529 4133 2601 τὴν

2550 2622 2826 2692 Διαθήκην
2860 2621 2959 2689 τὴν
2992 2619 3237 2690 Καινήν;
3264 2619 3330 2672 Τί
3360 2618 3496 2689 πρὸς
3510 2618 3715 2681 ταύτας
3753 2621 3928 2672 εἰπεῖν
3951 2618 4133 2690 ἔχουσι

2550 2710 2650 2773 τὰς
2684 2709 2996 2780 νομοθεσίας
3027 2711 3075 2761 οἰ
3099 2710 3197 2778 τὴν
3223 2707 3429 2778 σπορὰν
3468 2708 3561 2759 καί
3581 2708 3678 2777 τὴν
3700 2708 3913 2776 γένεσιν
3939 2725 4134 2778 μυσατ-

2551 2799 2765 2869 τόμενοι
2786 2815 2801 2862 ;
2820 2798 2974 2850 Ἐπεὶ
2993 2797 3199 2850 καὶτὸν
3228 2815 3247 2848 ι
3276 2796 3572 2850 ἐπίσκοπον
3599 2795 3825 2865 (711)τοῦ
3859 2798 4007 2850 οἴκου
4035 2814 4134 2850 κα-

2552 2890 2663 2954 λῶς
2706 2890 3103 2962 προϊστάμενον
3135 2909 3153 2941 ι
3184 2889 3461 2960 νομοθετεῖ
3482 2885 3601 2956 ξτῆς
3626 2883 3955 2957 Ἐκκλησίας
3987 2889 4132 2959 ἀφη-

2556 2982 2797 3051 γεῖσθαι·
2822 2977 2968 3035 οἷκον
2995 2980 3052 3033 δὲ
3077 2981 3355 3051 Κυριακὸν
3382 2980 3493 3049 (75)
3531 2981 3656 3051 μιᾶς
3688 2982 3947 3049 γυναικὸς
3984 2981 4140 3035 συνί-

2556 3090 2714 3143 στησι
2742 3072 2995 3143 συζυγία.
3027 3092 3046 3124 ι
3088 3074 3275 3126 Πάντα
3308 3068 3402 3126 οὖν
3433 3071 3646 3143 καθαρά
3671 3074 3784 3136 τοῖς
3816 3075 4076 3142 καθαροῖς
4110 3090 4132 3123 ι

2554 3165 2722 3233 λέγει·
2748 3184 2766 3215 ι
2801 3167 2917 3228 τοῖς
2940 3164 2997 3217 δὲ
3028 3165 3426 3236 μεμιασμένοις
3460 3164 3553 3219 καὶ
3582 3165 3826 3228 ἀπίστοις
3855 3166 4006 3217 οὐδὲν
4034 3184 4137 3220 κα-

2556 3259 2738 3330 Θαρὸν,
2774 3258 2910 3313 ἀλλὰ
2940 3260 3232 3330 μεμίανται
3270 3259 3447 3314 αὐτῶν
3473 3260 3569 3313 καὶ
3618 3262 3646 3312 6
3679 3259 3802 3323 νοῦς
3829 3262 3979 3331 καὶὴ
4015 3277 4141 3316 συν-

868 3368 1086 3406 cessum
1116 3391 1131 3415 ,
1187 3368 1297 3405 non
1351 3362 1536 3407 autem
1569 3353 1736 3406 etiam
1786 3353 1841 3405 in
1875 3350 2028 3406 Novo
2057 3351 2449 3407 Testamento?
2478 3328 2520 3385 C
2554 3352 2631 3404 είδ

2367 3354 2449 3406 .0?
2478 3328 2520 3385 Ο
2554 3328 2777 3421 εἰδησις.
2818 3369 2837 3400 ι
2893 3328 3023 3402 Ἐνπὶή
3059 3349 3117 3402 δὲ
3163 3349 3265 3419 τῆς
3315 3349 3465 3421 πτερὰ
3517 3349 3607 3402 τδν
3656 3351 3854 3403 κανόνα
3909 3328 4130 3421 ἡδονῆς.

870 3442 1008 3508 Quid
1045 3442 1111 3495 ad
1137 3443 1236 3495 has
1274 3442 1420 3512 leges
1454 3443 1596 3497 latas
1625 3452 1862 3512 possunt
1890 3443 2094 3509 dicere,
2145 3445 2238 3513 qui
2290 3445 2456 3499 satio-

872 3548 993 3587 nem
1014 3532 1318 3585 abhorrent
1346 3541 1398 3584 et
1412 3531 1859 3600 generationem?
1883 3545 2007 3585 cum
2042 3549 2060 3581 ι
2084 3530 2399 3599 episcopum
2431 3548 2450 3581 ι

870 3637 1113 3693 quoque,
1154 3640 1172 3672 ι
1209 3621 1304 3690 qui
1375 3621 1564 3674 domui
1608 3631 1753 3675 recte
1792 3622 1976 3690 prmsit
2011 3630 2083 3687 ’³,
2126 3639 2145 3671 ι
2195 3618 2457 3673 Ecclesia:

870 3715 1064 3769 ducem
1106 3718 1439 3779 constituat;
1495 3718 1553 3776 ᾖ(
1596 3714 1818 3767 domum
1864 3722 2046 3767 autem
2104 3709 2446 3766 Dominicam

876 3826 895 3858 ι
927 3807 1091 3861 unius
1111 3806 1358 3861 mulieris
1387 3824 1406 3856 ι
1427 3805 1729 3859 constituat
1768 3805 2110 3876 conjugium.
2148 3823 2165 3854 ι
2207 3802 2401 3859 Omnia
2428 3821 2447 3853 ι

871 3914 1002 3966 ergo
1030 3897 1162 3950 dicit
1186 3912 1307 3951 esse
1349 3914 1367 3945 ι
1409 3896 1611 3950 munda
1637 3895 1892 3962 mundis;
1927 3896 2150 3965 pollutis
2196 3904 2376 3953 autem
2405 3902 2459 3946 et

871 3988 1187 4043 inﬁdelibus
1215 3986 1351 4040 nihil
1378 3995 1464 4041 est
1489 3987 1778 4049 mundum,
1806 3986 1900 4041 sed
1920 3986 2124 4053 polluta
2152 3994 2237 4038 est
2267 3998 2456 4037 eorum

874 4091 928 4135 et
960 4095 1136 4144 mens,
1167 4089 1222 4133 et
1242 4078 1584 4133 conscientia
1614 4087 1663 4131 η.
1701 4098 1719 4129 ι
1758 4077 1831 4131 De
1859 4093 1922 4131 ea
1949 4088 2131 4131 autem
2162 4075 2457 4145 voluptate,

875 4188 997 4242 qua:
1010 4180 1095 4226 est
1108 4180 1303 4240 praeter
1320 4170 1561 4239 regulam
1582 4188 1625 4223 ει
1636 4166 1939 4235 Neerrctis,
1956 4187 1974 4218 ι
1987 4167 2183 4237 inquit;
2196 4184 2214 4217 ι
2226 4181 2327 4220 nec
2350 4164 2463 4219 l'or-

877 4264 1170 4328 nicatores,
1184 4277 1285 4316 nec
1304 4260 1731 4327 idololatraemec
1747 4260 2110 4326 adulteri,nee
2129 4259 2342 4321 molles,
2363 4273 2462 4312 nec

877 4355 1248 4417 masculorum
1278 4354 1688 4419 concubitores,
1734 4368 1913 4423 neque
1940 4353 2125 4420 avari,
2169 4367 2347 4422 neque
2375 4350 2463 4405 fu-

877 4463 989 4514 res,
1017 4462 1194 4518 neque
1215 4447 1455 4514 ebriosi,
1504 4460 1684 4515 neque
1714 4446 1991 4510 maledici,
2046 4461 2147 4499 nec
2186 4453 2458 4514 raptores,

877 4555 1106 4610 regnum
1138 4539 1232 4593 Dei
1263 4538 1657 4609 possidebunt;
1698 4544 1754 4592 et
1782 4552 1883 4591 nos
1914 4536 2132 4606 quidem
2167 4537 2338 4592 abluti
2368 4552 2463 4591 su-

2561 3443 2683 3514 ιὶίὴ
2707 3440 3001 3506 πλανᾶσθε,
3018 3461 3035 3492 ι
3058 3441 3243 3511 φησίψ
3286 3441 3440 3495 «οὔτε
3459 3442 3666 3512 πόρνοι,
3705 3442 3825 3495 οὔτε
3853 3443 4140 3498 εἰδωλολά-

2556 3552 2703 3606 τραι,
2739 3533 2861 3587 οὔτε
2890 3536 3089 3605 μοιχοὶ,
3132 3534 3256 3587 οὔτε
3290 3534 3547 3605 μαλακοὶ,
3579 3534 3703 3588 οὔτε
3741 3538 4138 3606 ἀρσενοκοῖται,

2555 3626 2677 3680 οὔτε
2706 3628 3047 3691 πλεονέκται,
3083 3626 3205 3680 οὔτε
3243 3627 3494 3691 κλέπται,
3545 3628 3607 3679 ού
3646 3627 3868 3697 μέθυσοι
3900 3629 4033 3698 (ῖϐ),
4076 3630 4138 3682 ού

2556 3718 2803 3789 λοίδοροι,
2834 3718 2935 3788 ούχ
2962 3718 3212 3790 ἅρπαγες
3235 3718 3509 3789 βασιλείαν
3537 3717 3673 3771 Θεοῦ
3713 3719 3775 3771 ού
3808 3718 4143 3792 κληρονομή-

2560 3827 2765 3863 σουσιν·
2813 3811 2908 3863 καὶ
2940 3813 3104 3880 ἡμεῖς
3131 3810 3230 3881 μὲν
3282 3809 3758 3881 ἀπελουσάμεθα,›
3778 3813 3826 3862 οἱ
3847 3812 3904 3862 ὲν
3934 3810 4146 3873 τούτοις

2564 3904 2875 3973 γενόμενοιο
2912 3903 2959 3954 οἱ
2993 3901 3051 3954 δὲ
3086 3902 3165 3964 είς
3201 3901 3403 3973 ταύτην
3447 3900 3807 3965 άπολούοντες
3839 3902 3939 3972 τὴν
3981 3901 4145 3954 ἀσέλ-

2562 4010 2717 4060 γειαν
2751 3994 2815 4045 ὲκ
2847 3990 3205 4061 σωφροσύνης
3236 3992 3315 4053 είς
3348 3992 3608 4062 πορνείαν
3640 3990 3985 4061 βαπτίζουσι,
4024 3992 4147 4053 ταῖς

2562 4085 2779 4155 ἡδοναῖς
2821 4083 2914 4137 καὶ
2950 4085 3062 4146 τοῖς
3100 4081 3297 4134 πάθεσι
3346 4082 3662 4152 χαρίζεσθαι
3706 4081 4145 4152 δογματίζοντες,

2565 4179 2829 4248 ἀκρατεῖς
2872 4177 2936 4227 ὲκ
2987 4173 3279 4245 σωφρόνων
3322 4169 3463 4227 εἶναι
3501 4174 3876 4237 διδάσκοντες,
3912 4174 4007 4225 καὶ
4045 4172 4147 4243 τὴν

2563 4267 2751 4321 ἐλπίδα
2778 4267 2877 4337 τὴν
2900 4264 3049 4334 σφῶν
3062 4268 3182 4328 ταῖς
3199 4264 3307 4319 τῶν
3328 4266 3530 4336 μορίων
3553 4264 3958 4334 ἀναισχυντίαις
3970 4280 4146 4333 προσ-

2561 4361 2872 4431 ανέχοντες⁸
2913 4356 3329 4427 άποκηρύκτους
3386 4354 3526 4410 εἷναι
3571 4357 3671 4425 τῆς
3706 4354 4006 4424 ’βασιλείας
4051 4356 4149 4410 τοῦ

2564 4451 2723 4515 Θεοῦ,
2740 4450 2857 4506 ἀλλ’
2886 4450 2992 4537 οὐκ
3008 4442 3335 4521 ἐγγράφους,
3370 4450 3496 4510 τοὺς
3523 4446 3781 4517 φοιτητὰς
3802 4447 4148 4516 παρασκευά-

2567 4543 2774 4606 ζοντες⁶
2804 4534 3155 4608 ψευδωνύμου
3190 4536 3446 4606 γνώσεως
3472 4535 3833 4607 προσηγορίᾳ,
3859 4534 3958 4606 τὴν
3988 4538 4067 4599 εἰς
4088 4536 4148 4589 τὸ

881 4649 1005 4687 mus
1032 4638 1080 4696 °,
1108 4650 1127 4684 ι
1160 4631 1254 4701 qui
1292 4632 1349 4685 in
1373 4632 1459 4687 his
1489 4645 1747 4696 eramus;
1778 4631 1874 4699 qui
1905 4637 2085 4682 autem
2108 4629 2160 4682 in
2187 4629 2326 4683 hanc
2354 4629 2462 4682 tin-
2496 4666 2541 4726 υ
2568 4634 2644 4697 ἐξ(

2383 4629 2462 4682 in-
2496 4666 2541 4726 ο
2568 4633 2835 4704 ἐξώτερον
2872 4630 3062 4693 σκότος
3092 4628 3402 4699 ὁδοιπορίαν
3431 4625 3852 4696 ἐπανῃρημένοι.
3884 4647 3902 4677 ι
3933 4627 4006 4679 Τὸ
4034 4626 4146 4679 λοι-

879 4731 1017 4794 gunt
1044 4722 1518 4794 intemperantiam
1543 4764 1558 4790 ,
1595 4738 1662 4777 ex
1701 4720 2068 4791 temperantia
2117 4719 2172 4773 in
2211 4718 2455 4775 Ionica-
2496 4713 2533 4726 ”
2567 4723 2642 4776 πὺλ

2388 4735 2455 4775 a-
2496 4713 2533 4726 ”
2567 4723 2692 4785 πὺν,
2718 4719 2959 4788 ἀδελφοὶ,
2991 4720 3091 4771 ὃσα
3112 4717 3286 4788 ἀληθῆ
3315 4714 3452 4786 (77),
3479 4714 3577 4766 ὅσα
3595 4713 3786 4784 σεμνά,
3810 4715 3912 4769 ὃσα
3937 4715 4151 4781 δίκαια,

957 4874 1017 4933 >14
1050 4867 1111 4923 P.
1146 4867 1251 4923 562
1272 4866 1380 4923 ΕΙ).
1406 4865 1702 4927 POTTER,
1724 4867 1829 4922 4'73
1849 4866 1957 4923 ΕΙ).
1990 4864 2214 4921 PARIS.

884 4954 1039 5007 seqq.
1103 4938 1130 4978 ἀ
1163 4938 1321 4994 Rom.
1354 4954 1415 5021 ιι,
1444 4938 1535 4993 24.
1637 4949 1661 4976 θ
1696 4937 1868 5021 lCor.
1898 4955 1949 5003 v,
1984 4939 2070 4993 11.

886 5007 1069 5076 1υ,11,
1101 5009 1189 5063 12.
1271 5008 1291 5047 ι
1322 5011 1456 5065 ibid.
1501 5007 1590 5065 M.
1698 5020 1737 5048 ω
1764 5008 1782 5061 l
1811 5007 1951 5062 Tim.
1980 5025 2065 5075 ιιι,

954 5124 1069 5202 (ξε)
1100 5129 1171 5202 εξ
1203 5126 1289 5196 μὴ
1313 5128 1403 5202 ἐκ·
1433 5131 1497 5202 Et
1531 5131 1686 5202 μήκει
1716 5128 1784 5202 ἂν
1812 5127 1947 5202 is}
1972 5129 2101 5185 Cor.
2133 5144 2231 5202 xu-

957 5195 1074 5271 (ZD)
1116 5195 1411 5271 Ὀφειλῄιᾳ
1464 5195 1853 5271 ’ρφεξιλομένην
1864 5198 2103 5271 εὔνοιαν,
2134 5198 2269 5255 ibid.

958 5216 1074 5267 μυ)
1126 5216 1411 5322 uicum.
1471 5216 1849 5323 'uzpeyoyequ
1876 5216 1975 5281 ευνι

958 5266 1072 5345 (.le
1104 5273 1159 5345 4.
1192 5285 1271 5345 πυ
1294 5266 1621 5345 (ine-131(5)
1640 5271 1670 5323 λ
1700 5288 1803 5345 γε),
1837 5270 1975 5345 “nd-

961 5337 1074 5410 (72)
1123 5339 1298 5409 Ἅγια.
1338 5337 1878 5410 Βειοίίιειιόιιηιᾶγια
1918 5341 1970 5394 in
2022 5343 2166 5410 plur.
2217 5357 2470 5410 numero,

885 5426 954 5466 ex
972 5406 1165 5481 lgor.
1190 5406 1199 5409 ’
1225 5427 1323 5473 vn,
1353 5411 1440 5476 14,
1466 5411 1557 5465 ubi
1590 5411 1655 5464 ad
1684 5406 1996 5481 praecedens
2022 5406 2185 5468 τέκνα
2213 5406 2469 5469 refertur.

961 5478 1209 5555 (πὶ-Ὡς
1236 5482 1385 5555 κατὰ
1412 5484 1605 5553 νόμον
1646 5478 2209 5555 σὺγκεχωρημένου,
2254 5501 2474 5555 μονον-

886 5549 1030 5625 ουχὶ⁸
1051 5548 1120 5602 δὲ
1152 5548 1635 5625 k._Scribendum,
1680 5548 1755 5616 ὡς
1803 5548 1944 5608 κατὰ
1982 5548 2151 5625 νόμον
2194 5548 2475 5624 συγκεχω-

891 5619 1126 5692 ρημένου
1201 5620 1341 5685 ὁνον,
1366 5624 1486 5695 οὐχὶ
1512 5624 1570 5677 δὲ
1605 5625 1700 5676 καὶ
1727 5626 1865 5679 κατά
1915 5625 2017 5696 τὴν
2054 5619 2334 5700 Ἀιαθήκὴν
2368 5619 2469 5696 τὴν

891 5692 1112 5759 καινήν;
1144 5638 1300 5759 δυοά
1325 5692 1518 5750 Latine
1550 5710 1768 5749 versum
1800 5706 1903 5751 est.

1372 5710 1518 5750 anne
1550 5710 1768 5749 versum
1800 5710 1903 5751 est.

891 5692 1112 5758 xawrv;
1144 5692 1300 5759 Quod
1325 5692 1518 5750 Latine
1550 5710 1768 5749 versum
1800 5706 1903 5751 est.
1972 5692 1982 5696 ⁷
2215 5692 2225 5700 ’
2292 5692 2301 5697 ’
2426 5692 2435 5696 ’

961 5730 1072 5834 (ιζ)
1113 5764 1353 5834 Ἰξπίσκ.
1404 5763 1488 5819 cr.
1528 5780 1652 5833 sup.
1692 5780 1745 5834 p.
1785 5767 1892 5822 459
1915 5776 1970 5821 ct
2000 5765 2106 5819 464
2126 5767 2254 5821 edit.
2289 5765 2465 5821 Paris.

962 5830 1280 5905 (75)_0Ixor
1313 5877 1330 5891 .
1363 5875 1377 5889 .
1408 5830 1751 5904 ,Κυριάκόίπ
1779 5839 1870 5893 Sic
1896 5839 2121 5905 templa,
2156 5854 2252 5892 seu
2281 5837 2458 5892 eccle-

888 5900 1007 5964 size,
1055 5900 1804 5976 Christianorum'appellari
1856 5900 2139 5964 solebant:
2185 5917 2465 5962 verumta-

887 5988 1033 6039 men,
1060 5983 1120 6030 ut
1148 5975 1488 6033 Balsamonis
1527 5975 1708 6033 verbis
1738 5979 1801 6035 ad
1849 5995 1970 6036 can.
2023 5978 2087 6032 “il
2146 5978 2366 6036 concilii
2406 5977 2458 6032 in

2289 4879 2314 4907 ι
2350 4866 2512 4921 Prov.
2553 4883 2603 4927 ι,
2663 4861 2861 4929 18,19.

2176 4936 2196 4975 ί
2226 4936 2246 4989 l
2272 4936 2396 4990 Cor.
2428 4953 2501 5002 vn,
2543 4926 2628 4991 15.
2710 4926 2896 4987 “ibid.
2935 4930 3021 5002 16.
3096 4931 3123 4970 ιι
3143 4929 3172 5002 _l
3196 4931 3327 5002 por.
3349 4926 3527 5002 vn,‘5.

1698 5020 1737 5048 ω
1764 5008 1782 5061 l
1811 5007 1951 5062 Tim.
1980 5025 2065 5075 ιιι,
2098 5008 2155 5075 2,
2188 5011 2257 5074 ις
2299 5006 2405 5061 Tit.
2434 5024 2472 5072 ι,
2499 5008 2552 5061 6.

2958 4861 2988 4900 ι’
3012 4858 3200 4915 Matth.
3232 4872 3385 4917 xxvi,
3413 4856 3504 4910 21.
3622 4866 3644 4895 ε
3680 4855 3872 4911 Matth.
3905 4872 4061 4917 xviii,
4088 4853 4145 4920 6,

3611 4930 3627 4967 ί
3662 4926 3795 4981 Ibid.
3822 4928 3874 4981 5.
3952 4927 3975 4966 Ιι
4008 4925 4143 4979 ibid.

2643 5015 2670 5043 ιι
2698 5004 2806 5059 Tit.
2841 5018 2881 5067 l,
2914 5000 3000 5055 15.
3077 5009 3103 5036 ο
3137 5000 3309 5056 lCor.
3340 5012 3414 5064 Vl,
3440 4997 3493 5060 9,
3533 4996 3739 5063 10,11.

2579 5127 2771 5181 Trullo
2796 5123 2967 5194 habiti
2992 5132 3145 5177 utar:
3178 5123 3294 5194 Πᾶς
3319 5119 3485 5194 τόπος
3501 5118 3708 5194 ΚυρίῳΔ
3734 5114 4147 5194 ἀνατεθειμένος

2574 5193 2853 5269 Κυριακρς
2883 5193 3117 5269 λέγεται,
3148 5193 3253 5245 κᾶν
3288 5189 3362 5261 μὴ
3400 5187 3867 5269 ἐκκλησία-’ἐστίν’
3907 5187 4149 5269 r'Dmnis

2576 5257 2733 5326 locus
2792 5257 3023 5321 Domino
3095 5257 3453 5319 consecratus
3516 5257 3838 5334 Dominicus
3898 5257 4142 5334 dicitnr,

2576 5338 2795 5395 etiamsi
2822 5353 2929 5391 non
2958 5338 3028 5392 sit
3054 5334 3284 5391 ecclesia
3312 5351 3326 5386 :
3353 5352 3375 5383 ι
3405 5346 3469 5387 ac
3490 5331 3718 5407 proinde
3747 5330 3944 5383 domus
3960 5330 4149 5407 cujus-

2574 5414 2658 5467 vis
2686 5409 2984 5480 Christiani
3010 5408 3340 5480 ,_pr:ee_ipue
3371 5418 3500 5480 vero
3530 5403 3736 5480 clerici,
3763 5411 3927 5480 atque
3961 5403 4148 5480 impri-

2575 5484 2681 5537 mis
2709 5479 2973 5549 episcopi,
3003 5471 3150 5542 οἶκος
3178 5471 3477 5545 κυριακός,
3509 5493 3529 5525 ι
3549 5476 3749 5529 domus
3771 5471 4052 5525 Dominica
4090 5483 4140 5529 ,ο

2524 5572 2527 5575 ’
2575 5552 2778 5609 merito
2806 5550 3107 5607 vocabitur.

2618 5621 2766 5705 .(76).
2802 5622 2949 5675 Οὔτε
2970 5624 3075 5705 ίτλ.
3115 5653 3193 5705 ..τι
3216 5656 3229 5669 .
3260 5614 3534 5705 μέθξνεοι.
3565 5612 3705 5667 Οὔτε
3724 5608 3959 5705 1κλςτὶτιται
3979 5647 3993 5669 ,
4023 5607 4155 5667 οὔτε

2577 5681 2917 5756 πλεονέκται,
2943 5691 3067 5745 οὔτε
3095 5681 3339 5758 μέθυσοι,
3370 5685 3389 5739 l
3423 5685 3550 5758 (ἔοι.
3577 5700 3652 5747 νι,
3686 5681 3777 5758 ιφί
3804 5694 3953 5758 me},
3974 5719 3998 5758 _.
4034 5719 4046 5758 ε
4086 5720 4100 5732 .
4133 5726 4143 5737 ,

2574 5766 2633 5817 ού
2665 5747 3166 5834 κληρονομήσουσιν
3184 5775 3196 5788 ’
3230 5756 3324 5811 καὶ
3349 5756 3524 5811 ταῦτα
3537 5770 3682 5817 τινες
3704 5747 3801 5821 ἦτε
3819 5767 3833 5779 ·
3864 5747 3997 5804 ἀλλὰ
4023 5751 4152 5805 ἀπε-

2574 5832 2861 5897 λούσασθε,
2882 5832 2988 5888 etc.

2644 5905 2758 5973 (77)
2799 5892 2945 5958 Ὅσα
2975 5905 3074 5957 ἀλ.
3114 5903 3253 5973 Ὅσα
3270 5901 3418 5973 ἐστὶν
3446 5899 3535 5953 ἀλ.
3568 5895 3763 5973 Philip.
3793 5908 3867 5973 Iv,
3888 5892 4147 5973 nbimox.

2575 5977 2605 6031 ἃ
2637 5964 3014 6046 καὶύέμάθετε,
3045 5972 3137 6026 καὶ
3163 5971 3493 6042 παρελάϐετε
3539 5968 3630 6019 καὶ
3654 5968 3743 6036 ἡκ.
3784 5966 3875 6018 καὶ
3904 5964 4070 6018 εἴδετε
