4464 6612
363 542 500 599 HIS

1632 541 2069 602 STROMATUM
2100 547 2230 602 LIB.
2274 546 2362 601 iV.

3473 547 3609 603 l9.”

361 663 458 716 ὅσα
485 661 641 731 ἁγνὰ,
673 662 774 714 ὅσα
815 659 1104 731 προσφιλῆ,
1149 661 1250 714 ὅσα
1285 658 1526 731 εὔφημα·
1553 663 1714 724 εἴτις
1742 663 1930 734 ἁρετὴ,
1963 674 2008 730 Α
2037 666 2124 718 tim

1846 663 1930 734 τὴ,
1963 674 2008 730 Α
2037 666 2242 719 tionem
2291 666 2605 735 baptizant,
2645 668 3018 738 voluptatibus
3062 679 3116 723 et
3167 666 3450 722 affectibus
3489 684 3609 721 esse

362 757 454 809 καὶ
488 753 648 816 εἴτις
680 752 918 816 ἔπαινος,
963 753 1135 806 ταῦτα
1177 749 1481 820 λογίζεσθε,
1513 755 1614 806 ὅσα
1647 755 1740 806 καὶ
1794 754 1930 823 ἐμά-

362 848 480 900 θετε
501 864 513 876 ·
547 845 584 898 ἃ
633 842 729 896 καὶ
776 844 1108 914 παρελάϐετε
1150 845 1246 896 καὶ
1282 842 1550 910 ἠκούσατε
1585 845 1680 897 καὶ
1709 843 1846 898 ι’δετε
1876 845 1933 897 ὲν

363 944 506 1013 ἐμοὶ,
532 939 701 993 ταῦτα
737 942 1027 1013 πράσσετε·
1055 945 1150 998 καὶ
1185 947 1212 996 6
1239 943 1373 1008 Θεὸς
1397 947 1496 1016 τῆς
1521 946 1746 1015 εἰρήνης
1782 943 1933 996 ἔσται

367 1032 484 1102 μεθ’
520 1030 693 1101 ὑμῶν.
744 1052 762 1084 ι
810 1035 917 1088 Καὶ
964 1038 992 1088 6
1047 1034 1254 1104 Πέτρος
1294 1034 1352 1087 ὲν
1403 1038 1468 1106 τῇ
1529 1032 1817 1103 Ἐπιστολῇ
1867 1032 1935 1086 τά

363 1125 526 1193 ὃμοια
572 1122 737 1191 λέγει⁹
779 1145 796 1177 ι
843 1128 1003 1179 Ὥστε
1043 1125 1144 1196 τὴν
1195 1125 1376 1182 πίστιν
1413 1125 1568 1198 ὑμῶν
1608 1124 1703 1178 καὶ
1747 1123 1934 1178 ἐλπίδα

366 1210 502 1266 εἶναι
523 1217 602 1278 είς
626 1215 775 1270 Θεόν·
803 1217 902 1282 τὰς
926 1215 1105 1286 ψυχὰς
1128 1217 1280 1287 ὑμῶν
1311 1219 1596 1289 ἡγνικότες
1627 1218 1684 1269 ὲν
1707 1219 1770 1286 τῇ
1797 1217 1936 1270 ὐπα-

366 1306 464 1374 κοῇ
493 1305 590 1375 τῆς
615 1307 886 1378 ἀληθείας·
923 1309 999 1369 ὡς
1031 1305 1198 1360 τέκνα
1245 1309 1512 1378 ὑπακοῆς,
1549 1307 1622 1378 μὴ
1657 1322 1937 1375 συσχημα-

365 1395 632 1466 τιζόμενοι
668 1403 788 1463 ταῖς
830 1399 1092 1469 πρότερον
1125 1399 1182 1450 ὲν
1215 1401 1278 1469 τῇ
1321 1399 1510 1470 ἀγνοίᾳ
1547 1397 1700 1468 ὑμῶν
1753 1394 1938 1447 ἐπιθυ-

368 1487 536 1556 μίαις⁸
562 1490 850 1544 ἀλλὰκατά
877 1490 968 1542 τὸν
996 1487 1298 1543 καλέσαντα
1316 1491 1463 1561 ὑμᾶς
1495 1489 1648 1557 ἅγιον
1673 1486 1766 1538 καὶ
1787 1485 1938 1538 αὐτοὶ

365 1578 507 1646 ἆγιοι
557 1582 615 1635 ἐν
658 1583 810 1655 πάσῃ
856 1582 1168 1650 ἀναστροφῇ
1209 1581 1511 1652 γενήθητε’
1547 1579 1683 1632 διότι
1740 1575 1938 1645 γέγρα-

363 1688 510 1725 πται*
565 1676 751 1742 ’Ἅγιοι
790 1675 1010 1728 ἔσεσθε
1043 1672 1174 1741 (78),
1204 1672 1351 1727 διότι
1382 1673 1496 1742 ἐγὼ
1517 1671 1738 1740 ἅγιος.»
1782 1667 1940 1721 Ἀλλά

359 1765 469 1837 γὰρ
499 1766 644 1838 πὲρα
675 1766 768 1820 τοῦ
792 1766 1056 1836 δέοντοςή
1096 1766 1231 1836 πρὸς
1270 1765 1396 1828 τοὺς
1419 1763 1659 1834 ψευδωνύ
1670 1779 1803 1833 μους
1842 1761 1940 1831 τῆς

361 1857 615 1924 γνώσεως
648 1857 950 1930 ὑποκριτὰς
972 1857 1247 1926 ἀναγκαία
1271 1856 1532 1926 λεγομένη
1562 1852 1837 1922 ἀντιλογία
1861 1855 1940 1915 εἰς

367 1949 575 2017 μακρὸν
612 1950 899 2020 ἀπήγαγεν
920 1949 1090 2019 ἡμᾶς,
1115 1948 1207 2000 καὶ
1233 1945 1464 2011 ἐξέτεινε
1495 1947 1585 1999 τὸν
1617 1945 1790 2013 λόγον·
1817 1942 1940 1996 ὅθεν

2038 756 2426 825 indulgendum
2457 759 2839 826 decernentes,
2887 760 3290 814 incontinentes
3315 773 3380 812 ex
3423 763 3609 812 mode-

2035 851 2172 904 ratis
2206 850 2318 904 fieri
2346 852 2630 916 docentes,
2662 853 2789 907 etin
2821 869 2916 924 spe
2946 868 3044 906 sua
3075 853 3447 907 membrorum
3482 866 3582 905 suo

2035 957 2159 996 rum
2191 941 2543 1011 impudentize
2587 944 2762 1011 allixi;
2795 959 2854 1000 ut
2882 962 2912 998 a
2941 960 3112 1014 regno
3145 944 3237 999 Dei
3264 943 3609 1006 abdicentur,

2036 1049 2147 1088 non
2199 1045 2378 1089 autem
2416 1046 2472 1090 ut
2518 1037 2919 1103 inscribantur,
2957 1037 3052 1106 qui
3084 1035 3150 1088 ad
3201 1051 3296 1090 cos
3320 1035 3609 1096 ventitant.

2035 1125 2362 1192 cllieientes;
2398 1128 2500 1182 sub
2539 1128 2680 1184 falso
2725 1130 3015 1183 nominatae
3061 1125 3609 1197 cognitionis‘titulu,

2033 1231 2179 1278 eam,
2206 1231 2328 1284 qua:
2356 1216 2422 1269 ad
2446 1219 2748 1272 exteriores
2775 1218 2925 1272 ducit
2950 1218 3226 1282 tenebras,
3257 1217 3400 1268 viam
3433 1214 3612 1283 ingre-

2035 1305 2464 1373 (lientes.¢Quod
2483 1308 2751 1378 reliquum
2763 1306 3444 1375 est,fratres,qu:ecunque
3463 1319 3612 1368 vera,

2037 1412 2376 1469 quaecunque
2403 1399 2656 1464 honesta,
2691 1397 3221 1469 qumcunquejusta,
3264 1410 3610 1466 quacunque

2038 1499 2209 1554 casta,
2227 1507 2568 1562 qumcunque
2586 1493 2859 1557 amabilia,
2875 1506 3222 1562 quzecunque
3241 1489 3397 1542 bona:
3418 1487 3611 1554 famae;

2039 1581 2085 1636 si
2111 1597 2218 1650 qua
2243 1583 2432 1645 virtus,
2462 1591 2516 1638 et
2542 1584 2712 1653 siqua
2738 1583 2879 1646 laus,
2909 1599 2973 1638 ea
3009 1581 3389 1646 considerate;
3420 1584 3541 1650 Qua:
3563 1589 3619 1633 et

2038 1672 2329 1739 didicistis;
2345 1675 2635 1742 quazetiam
2663 1675 2954 1743 accepistis
2975 1685 3027 1729 et
3053 1673 3307 1727 audiistis
3329 1682 3382 1726 et
3403 1670 3618 1726 vidistis

2041 1765 2094 1819 in
2111 1783 2217 1831 me,
2247 1782 2310 1822 ea
2349 1767 2545 1831 facite;
2575 1778 2626 1822 et
2656 1769 2804 1823 Deus
2831 1770 2983 1839 pacis
3014 1771 3112 1822 erit
3144 1767 3428 1822 vobiscum
3448 1779 3530 1819 α.»
3552 1768 3619 1819 Et

2039 1855 2234 1912 Petrus
2270 1858 2472 1912 similia
2510 1859 2639 1914 dicit
2677 1861 2728 1913 in
2773 1858 3055 1930 Epistola:
3103 1879 3119 1910 ι
3158 1857 3231 1912 Ut
3272 1859 3405 1911 ίὶιίρε
3437 1867 3618 1912 vestra

2040 1959 2093 2004 et
2131 1966 2256 2018 spes
2284 1951 2356 2004 sit
2386 1950 2439 2003 in
2468 1948 2658 2016 Deum,
2687 1969 2808 2006 cum
2841 1953 3056 2006 animas
3084 1959 3296 2005 vestras
3325 1957 3506 2004 castas
3534 1947 3619 2002 ef-

361 2037 455 2089 κα“ι
496 2039 525 2089 6
553 2018 732 2106 τρίτος
781 2040 912 2107 ἡμῖν
947 2018 1069 2089 τῶν
1107 2035 1248 2089 κατὰ
1271 2035 1370 2106 τὴν
1403 2035 1573 2106 ἀληθῆ
1615 2033 1933 2104 φιλοσοφίαν
1967 2018 2008 2072 Β
2039 2039 2121 2094 [cc

1859 2033 1933 2085 ἴαν
1967 2018 2008 2072 Β
2039 2039 2278 2095 feceritis
2309 2042 2364 2095 in
2411 2041 2719 2095 obedientia
2752 2044 2996 2098 veritatis
3045 2049 3070 2082 δ
3097 2061 3110 2106 ;
3163 2041 3322 2111 quasi
3365 2040 3458 2094 lilii
3491 2039 3622 2093 obe-

361 2130 676 2196 γνωστικὼν
709 2129 1118 2200 ὑπομνημάτων
1153 2128 1516 2200 Στρωματεὺς
1555 2126 1707 2180 τοῦτο
1735 2126 1849 2196 ἔχει
1873 2126 1935 2178 τὸ

361 2225 554 2295 πέρας.

2040 2133 2289 2197 (Ιὶθηιίω,
2325 2151 2435 2188 non
2490 2136 2816 2204 conligurati
2849 2136 3123 2204 prioribus
3156 2132 3465 2194 dcsideriis,
3499 2146 3621 2199 quze

2041 2216 2258 2274 fuerunt
2289 2221 2340 2274 in
2368 2222 2678 2292 ignorantia
2705 2241 2719 2289 ;
2755 2224 2848 2277 sed
2878 2224 3175 2277 secundum
3204 2239 3351 2286 eum,
3392 2221 3484 2290 qui
3520 2237 3620 2274 vo-

359 2320 502 2372 cavit
531 2333 650 2383 vos,
678 2327 951 2381 sanctum,
999 2327 1054 2373 et
1093 2319 1196 2388 ipsi
1231 2317 1404 2372 sancti
1468 2316 1586 2372 sitis
1631 2317 1682 2370 in
1729 2315 1888 2371 'omni
1936 2317 2366 2372 conversatione.
2400 2318 2668 2384 Quoniam
2707 2319 2971 2390 scriptum
3004 2329 3130 2374 est:
3169 2337 3188 2368 ‹
3228 2317 3414 2372 Sancti
3441 2317 3615 2380 eritis,

360 2410 620 2478 quoniam
668 2425 769 2479 ego
801 2419 1024 2465 sanctus
1055 2425 1176 2464 sum
1206 2420 1286 2464 ο.»
1347 2407 1729 2485 Verumtamen
1754 2422 1878 2478 qua:
1915 2405 2176 2461 adversus
2203 2423 2319 2471 eos,
2349 2411 2442 2480 qui
2465 2411 2834 2480 cognitionem
2880 2409 3021 2466 falso
3064 2409 3284 2464 nomine
3335 2408 3617 2467 simulant.

362 2501 674 2555 necessario
702 2509 957 2571 suscepta
989 2487 1155 2556 est'a
1199 2501 1360 2555 nobis
1412 2499 1728 2568 disputatio,
1785 2513 1887 2552 nos
1948 2496 2182 2566 longius,
2221 2515 2384 2568 quam
2437 2518 2535 2570 par
2573 2502 2677 2568 sit,
2718 2501 2976 2564 abduxit,
3016 2511 3069 2554 ct
3097 2501 3398 2555 orationem
3443 2498 3622 2560 ὡδί-ξι

360 2595 732 2662 prolixiorem.
763 2592 916 2648 Unde
949 2594 1143 2649 tertius
1173 2608 1394 2664 quoque
1427 2591 1562 2646 liber
1607 2589 1949 2645 Stromateus
1995 2603 2208 2657 eorum,
2267 2607 2390 2662 qua:
2437 2601 2567 2647 sunt
2597 2593 2664 2647 de
2694 2609 2820 2648 vera
2854 2593 3197 2663 philosophia
3222 2637 3238 2660 ,
3281 2601 3619 2648 commenta“

361 2688 588 2751 riorum,
618 2687 763 2740 hunc
799 2685 961 2740 ﬁnem
1003 2685 1218 2740 habeat.

432 2811 457 2839 ι
485 2797 624 2851 ΡΙιίΙ.
653 2813 725 2863 Iv,
756 2797 808 2860 8,
835 2797 888 2851 9.
950 2796 979 2836 δ
1009 2797 1032 2849 I
1058 2795 1204 2852 Petr.
1239 2813 1279 2860 l,
1304 2795 1396 2863 21,
1420 2794 1510 2850 22.
1589 2798 1611 2827 ε
1636 2792 1772 2852 Ibid.
1802 2793 1889 2857 14,
1924 2793 2010 2857 15,
2041 2791 2128 2846 16.

435 2936 545 3007 (78)
583 2937 761 3005 ’Ἅγιοι
783 2935 875 2990 ἓσ.
905 2934 926 2988 Ι
954 2935 1098 2991 Pelr.
1128 2953 1167 3001 ι,
1198 2936 1298 2992 16ε
1339 2937 1520 3006 ’Ἅγιοι
1559 2935 1782 3004 γένεσθε
1801 2974 1815 2999 ,
1853 2935 1935 2988 ὅτι
1975 2933 2087 3002 ἐγὼ
2118 2933 2272 3002 ἅγιός
2300 2936 2434 3004 εἰμι.

1161 3129 2880 3481 mm

871 3607 1306 3778 ΤΟΥ
1450 3593 3103 3782 ΑΛΕΞΑΝΔΡΕΩΣ

1413 3901 2539 4042 ΣΤΡΩΜΑΤΕΩΝ

1038 4181 1264 4267 ΤΩΝ
1335 4177 1505 4264 ΕΙΣ
1580 4173 1889 4262 ΟΚΤΩ
1943 4171 2310 4260 ΛΟΓΟΣ
2363 4169 2946 4256 ΤΕΤΑΡΤΟΣ.

747 4533 1500 4686 CLEMEN
1509 4527 1808 4682 TIS
1929 4517 2695 4682 ALEXAN
2710 4521 3168 4674 DRIN
3182 4521 3252 4668 Ι

1497 4822 2485 4954 STROMATUM

1363 5079 1792 5169 LIBER
1905 5073 2596 5183 QUARTUS.

1570 5422 1909 5479 CAPUT
1972 5419 2294 5477 PRIMU
2339 5419 2412 5475 Μ.

1757 5546 1903 5602 Ordo
1931 5546 2287 5601 dicendorum.

450 5659 766 5717 Ἀκόλουθον
788 5659 831 5713 δ’
854 5656 938 5722 ἂν,
971 5655 1124 5730 οἶμαι
1144 5702 1158 5723 ,
1194 5664 1320 5734 περί
1345 5683 1404 5717 τε
1437 5661 1731 5734 μαρτυρίου
1763 5658 1945 5716 διαλα-
1972 5669 2014 5726 C
2115 5659 2213 5714 Cor

1854 5663 1945 5716 λα-
1972 5669 2014 5726 c
2115 5659 2476 5728 Consequens
2507 5663 2692 5713 autem
2728 5655 2980 5723 deinceps
3007 5667 3134 5708 esse
3161 5652 3430 5716 existimo,
3457 5661 3520 5704 ut
3551 5651 3617 5705 de

363 5747 499 5814 δεῖν,
535 5757 628 5808 καὶ
657 5753 741 5818 τίς
772 5755 800 5808 6
822 5750 1023 5813 τέλειος
1045 5767 1059 5780 ⁸
1103 5745 1184 5814 οἷς
1232 5755 1766 5828 ἐμπεριληφθήσεται
1797 5755 1939 5809 κατά

363 5839 462 5909 τὴν
487 5842 782 5917 ἀπαίτησιν
805 5845 912 5900 τῶν
929 5843 1343 5914 λεχθησομένων
1361 5849 1428 5900 τὰ
1449 5848 1817 5921 παρεπόμενα,
1843 5852 1939 5902 καὶ

362 5935 437 5993 ὡς
484 5932 682 6001 ὁμοίως
721 5956 779 5990 τε
822 5935 1200 6008 φιλοσοφητέον
1229 5935 1399 6007 δούλῳ
1432 5958 1489 5992 τε
1525 5943 1617 5994 καὶ
1652 5939 1936 6010 ἐλευθέρῳ,

369 6019 467 6071 xiv
495 6021 683 6093 ἀνὴρῆ
874 6032 933 6084 τὸ
966 6031 1113 6097 γένος
1146 6028 1416 6099 τνγκάνη·
1458 6034 1518 6082 τά
1557 6051 1605 6083 τε

1651 6031 1730 6045 ινφ
1929 6031 1938 6043 Ι

1651 6035 1660 6045 Ι
1707 6031 1730 6041 θ
1929 6031 1938 6043 Ι

1647 6031 1788 6097 ςξης,
1818 6048 1938 6100 ρι

2047 5751 2310 5822 martyrio
2341 5761 2670 5815 tractemus,
2698 5759 2754 5806 et
2783 5748 3036 5818 quisnam
3067 5747 3139 5801 sit
3167 5745 3460 5816 perfectus.
3496 5741 3618 5798 Una

2048 5855 2224 5899 autem
2251 5859 2376 5897 cum
2403 5845 2490 5898 his
2511 5840 3038 5912 comprehendentnr
3055 5851 3394 5910 quascunque
3420 5843 3616 5890 natura

2049 5937 2402 5994 dicendorum
2435 5937 2601 6006 exigit
2629 5954 2642 6001 ;
2673 5943 2732 5988 ut
2761 5935 2924 5987 etiam
2957 5933 3102 6003 quod
3134 5945 3284 5999 atque
3327 5926 3399 5983 sit
3440 5927 3616 5998 philo-

2052 6029 2386 6101 sophandum
2415 6038 2467 6082 ct
2501 6043 2654 6083 servo
2681 6034 2730 6080 cl
2764 6025 2954 6091 libero,
2985 6025 3094 6080 sive
3126 6022 3190 6077 sit
3225 6021 3307 6075 vir
3340 6035 3472 6076 sexu
3504 6020 3614 6071 sive
