4464 6612
803 499 936 556 1215

1968 495 2354 554 CLEMENTIS
2391 494 2859 551 ALEXANDRIN!

3911 495 4052 550 1216

799 620 1024 676 t'emina.
1053 619 1122 675 Et
1152 635 1277 676 cum
1305 634 1428 690 qua:
1453 619 1713 690 deinceps
1740 628 2063 689 sequuntur,
2093 629 2148 673 et
2176 620 2243 674 de
2274 617 2377 672 ﬁde
2405 621 2450 677 Α
2477 634 2538 669 τε

2289 617 2377 672 ide
2405 621 2450 677 Α
2477 634 2538 669 τε
2568 617 2804 681 πίστεως
2817 615 2925 686 (79)
2957 613 3050 666 καὶ
3074 614 3204 684 περὶ
3229 615 3322 667 τοῦ
3357 617 3561 688 ζητεῖν,
3583 613 4052 689 προσαποπληρὼ-

799 717 852 762 «τι
875 710 942 764 de
963 711 1340 780 inquisitione,
1365 711 1790 776 absolverimus,
1815 724 1987 780 genus
2013 710 2373 779 symbolicum

801 801 1176 867 adducemus;
1205 810 1262 855 ut
1286 818 1414 857 cum
1441 804 1744 858 orationem
1767 845 1782 869 ,
1809 817 1930 872 quae
1955 801 2020 854 ad
2049 817 2231 857 mores
2259 818 2379 871 per-

805 895 975 960 tinet,
1013 895 1221 950 cursim
1258 895 1733 959 concluserimus,
1779 893 2097 948 summatim
2131 895 2382 948 ostenda-

806 1001 966 1051 mus,
1007 994 1214 1055 quanta
1259 987 1467 1041 utilitas
1517 986 1685 1040 allata
1736 987 1807 1042 sit
1846 985 2048 1042 Graecis
2082 999 2111 1038 a
2147 985 2382 1040 barbara

809 1075 1178 1146 philosophia.
1213 1077 1386 1142 Quam
1417 1075 1638 1144 quidem
1675 1087 1968 1146 postquam
2001 1075 2174 1130 oculis
2201 1077 2386 1145 subje-

809 1183 936 1222 cero
959 1210 976 1234 ,
1008 1179 1064 1223 et
1093 1170 1362 1224 adversus
1393 1166 1615 1224 Grzecos
1646 1179 1700 1224 et
1729 1171 1994 1224 adversus
2021 1167 2240 1222 Iudaeos
2271 1179 2383 1222 tra-

810 1258 974 1314 detur
999 1261 1382 1330 compendiosa
1409 1259 1816 1331 Seripturarum
1850 1261 2138 1330 expositio,
2163 1269 2216 1314 et
2239 1276 2386 1330 qua:—

811 1365 1028 1418 cunque
1069 1350 1122 1403 in
1169 1350 1325 1406 libris
1377 1352 1846 1421 praecedentibus,
1892 1367 2013 1420 qua:
2062 1350 2285 1419 quidem
2332 1351 2388 1404 in

811 1441 1066 1508 procemii
1113 1441 1364 1512 ingressu
1411 1458 1522 1496 uno
1569 1442 1961 1496 commentario
2001 1441 2391 1496 statuissemus

815 1533 1136 1599 absolvere,
1181 1535 1276 1588 sed
1320 1543 1539 1603 propter
1579 1549 1764 1588 rerum
1807 1534 2254 1601 multitudinem,
2303 1537 2393 1590 cui

815 1625 1131 1678 necessario
1157 1626 1504 1679 serviendum
1539 1625 1642 1680 fuit
1665 1667 1679 1688 ,
1709 1643 1815 1680 non
1852 1627 2006 1681 licuit
2037 1627 2396 1695 comprehen-

815 1713 960 1767 dere.
998 1712 1128 1768 Post
1154 1714 1269 1769 haac
1300 1730 1328 1768 a
1359 1717 1550 1783 nobis,
1584 1718 1764 1786 quoad
1807 1717 1926 1772 ﬁeri
1957 1727 2166 1787 potest,
2211 1732 2392 1770 rerum

817 1805 1228 1874 propositarum
1264 1807 1486 1876 impleta
1516 1809 1906 1871 declaratione,
1935 1824 2055 1876 quae
2081 1809 2148 1861 de
2177 1817 2395 1861 natura-

2477 726 2692 773 σαντες,
2729 711 2790 763 τὸ
2817 705 3138 780 συμϐολικὸν
3161 703 3302 768 εἶδος
3335 707 3442 778 (80)
3471 704 3922 782 παραθησόμεθαο
3959 708 4049 772 ἵν’,

2475 799 2551 861 ὡς
2597 801 2656 852 ἐν
2705 802 2974 872 ἐπιδρομῇ
3007 801 3098 854 τὸν
3145 797 3333 867 ἠθικὸν
3369 804 3844 873 πμπερανάμενοι
3870 798 4052 868 λόγον,

2479 890 2864 960 κεφαλαιωδῶς
2897 895 3329 966 παραστήσωμεν
3351 890 3450 961 τὴν
3480 896 3560 956 είς
3582 896 3845 968 Ἕλληνας
3871 896 3934 948 ὲκ
3951 893 4056 962 τῆς

2485 982 2761 1054 βαρϐάρου
2789 984 3104 1054 φιλοσοφίας
3130 982 3457 1038 διαδοθεῖσαν
3505 984 3790 1052 ὠφέλειαν.
3827 988 3959 1042 Μεθ’
3988 986 4057 1057 ἢν

2486 1075 2831 1129 ὑποτύπωσιν
2859 1078 2893 1145 ἦ
2919 1094 2979 1128 τε
3009 1077 3145 1149 πρὸς
3168 1077 3290 1141 τοὺς
3315 1073 3577 1144 Ἕλληνας
3599 1077 3691 1127 καὶ
3711 1080 3744 1147 ή
3770 1081 3902 1150 πρὸς
3931 1078 4058 1142 τοὺς

2499 1165 2778 1229 Ἰουδαίους
2807 1168 2930 1218 κατ’
2961 1169 3227 1240 ἐπιτομὴν
3259 1167 3365 1220 τῶν
3386 1164 3614 1236 Γραφῶν
3640 1164 3855 1233 ἐκθεσις
3887 1188 4064 1242 παρα-

2487 1259 2797 1330 δοθήσεται,
2825 1257 2919 1310 καὶ
2949 1258 3049 1309 ὅσα
3077 1260 3136 1311 έν
3161 1262 3272 1322 τοῖς
3304 1257 3409 1330 πρὸ
3449 1255 3636 1309 τούτου
3671 1257 4064 1329 Στρωματεῦσι

2491 1351 2631 1405 κατὰ
2671 1351 2772 1420 τὴν
2815 1348 2909 1401 τοῦ
2947 1350 3237 1421 προοιμίου
3284 1348 3526 1420 εἰσϐολὴν
3573 1349 3631 1399 ὲν
3669 1348 3749 1398 ἑνὶ
3792 1351 4068 1422 προθεμέ-

2489 1457 2612 1502 νους
2652 1439 2760 1509 (81)
2803 1434 3110 1490 τελειώσειν
3152 1439 3537 1510 ὑπομνήματι,
3585 1435 3664 1505 τῷ
3711 1436 3906 1506 πλήθει
3954 1441 4068 1494 τῶν

2493 1529 2831 1600 πραγμάτων
2864 1528 3177 1595 ἀναγκαίως
3226 1530 3562 1591 δουλεύσασι,
3606 1526 3918 1598 περιλαϐεῖν
3965 1532 4070 1585 οὐκ

2494 1617 2787 1684 ἐξεγένετο.
2830 1617 2952 1668 Ἐπὶ
2974 1615 3184 1679 τούτοις
3215 1617 3461 1690 ὕστερον,
3486 1607 3858 1690 πληρωθείσης
3890 1617 3967 1680 ὡς
3988 1620 4070 1672 ἔνι

2496 1707 2726 1776 μάλιστα
2753 1706 2852 1776 τῆς
2881 1705 3022 1759 κατά
3041 1704 3111 1758 τὰ
3133 1710 3470 1780 προκείμενα
3489 1713 3616 1780 ἡμῖν
3645 1707 4068 1775 ὑποτυπώσεως,

2494 1799 2560 1851 τὰ
2592 1798 2718 1867 περὶ
2747 1797 2932 1869 ἀρχῶν
2971 1797 3430 1868 φυσιολογηθέντα
3461 1807 3574 1866 τοῖς
3602 1819 3660 1855 τε
3689 1801 3912 1870 Ἕλλησι
3957 1805 4072 1865 τοῖς

818 1896 964 1949 libus
1010 1896 1293 1965 principiis
1332 1905 1384 1950 et
1426 1913 1455 1949 a
1505 1896 1708 1950 Graecis
1741 1897 1892 1949 etab
1934 1896 2056 1948 aliis
2103 1893 2390 1957 barbaris,
2423 1958 2458 1965 _
2492 1907 2553 1941 τε

2308 1893 2390 1957 is,
2423 1958 2458 1965 _
2492 1907 2553 1941 τε
2583 1889 2760 1952 ἀλλοις
2795 1888 3090 1961 βαρϐάροις
3114 1927 3128 1952 ,
3172 1890 3297 1942 ὅσον
3327 1887 3463 1962 ἧκον
3501 1897 3582 1957 είς
3622 1894 3763 1965 ἡμᾶς
3803 1893 3860 1945 αἱ
3897 1891 4069 1958 δόξαι,

821 1997 978 2055 prout
1010 1958 1076 2040 ad
1107 1958 1204 2040 nos
1240 1995 1609 2054 pervenerunt
1638 1986 1960 2053 Opiniones,
1995 1985 2192 2038 tradita
2229 1993 2353 2038 sunt
2373 2022 2388 2046 ,
2423 1958 2465 2013 Β
2494 1981 2584 2046 agn

2313 1993 2353 2036 tt
2373 2022 2388 2046 ,
2423 1958 2465 2013 Β
2494 1958 2886 2053 ὲξιστορητέον,
2922 1983 3016 2035 καὶ
3046 1981 3186 2054 πρὸς
3217 1982 3285 2036 τὰ
3307 1958 3618 2054 κυριώτατα
3643 1958 3750 2038 τῶν
3782 1986 3892 2046 τοῖς
3923 1983 4076 2052 φιλο-

822 2088 1035 2146 oportet
1073 2092 1402 2143 recensere;
1438 2087 1490 2131 et
1534 2076 1797 2130 adversus
1845 2076 2119 2145 praecipua
2166 2091 2389 2137 eorum,

821 2185 940 2236 quae
969 2177 1098 2221 sunt
1151 2169 1459 2237 excogitata
1506 2184 1538 2221 a
1589 2167 1962 2236 philosophis,
2003 2166 2392 2236 argumentari.

826 2259 1042 2325 Quibus
1088 2259 1250 2313 fuerit
1308 2275 1656 2328 consequens
1685 2301 1699 2325 ,
1747 2268 1808 2313 ut
1849 2271 2137 2328 postquam
2191 2257 2399 2310 theolo-

822 2354 965 2422 giam
998 2353 1204 2406 cursim
1243 2353 1712 2422 percurrerimus,
1742 2368 1836 2416 ea,
1870 2367 1992 2420 quae
2023 2352 2088 2404 de
2117 2349 2396 2419 prophetia

823 2444 1022 2497 tradita
1053 2452 1214 2506 sunt,
1244 2452 1578 2503 tractemus;
1609 2451 1668 2496 ut
1695 2459 1816 2496 cum
1854 2443 2014 2495 etiam
2047 2441 2358 2509 Scripturas
2380 2479 2395 2504 ,

824 2537 1028 2606 quibus
1057 2535 1424 2599 credidimus,
1463 2535 1666 2587 validas
1700 2550 1763 2588 ac
1800 2543 1946 2587 ratas
1989 2548 2110 2587 esse
2150 2533 2401 2600 omnipo.

827 2628 960 2682 tenti
991 2627 1320 2680 auctoritate
1348 2624 1783 2687 ostenderimus,
1815 2622 1958 2677 serie
1992 2624 2272 2690 possimus
2305 2635 2399 2688 per

829 2719 979 2787 ipsas
1012 2718 1296 2787 progredi,
1331 2727 1383 2769 et
1414 2717 1542 2769 hinc
1585 2717 1846 2768 omnibus
1885 2714 2188 2768 liwresibus
2232 2727 2401 2766 unum

830 2809 997 2863 Deum
1029 2809 1333 2873 ostendere,
1363 2817 1418 2860 et
1449 2807 1740 2860 Dominum
1769 2805 1932 2876 204
1955 2805 2402 2874 omnipotentem,

829 2901 923 2970 qui
951 2917 1048 2969 per
1083 2901 1254 2969 legem
1285 2909 1342 2953 et
1372 2901 1672 2969 prophetas
1700 2910 1755 2953 et
1788 2901 2010 2953 beatum
2038 2899 2200 2953 etiam
2230 2897 2408 2951 Evan-

831 2994 1033 3065 gelium
1078 2992 1181 3046 fuit
1226 2993 1438 3046 sincere
1482 2992 1826 3060 praediCatus.
1874 2990 2038 3044 Multa
2093 3001 2271 3044 autem
2322 3005 2408 3043 se-

833 3100 1080 3154 quuntur
1136 3083 1296 3137 nobis
1345 3083 1574 3136 dicenda
1627 3083 1891 3137 adversus
1939 3098 2077 3146 eos,
2133 3083 2226 3150 qui
2279 3091 2408 3135 sunt

832 3177 1062 3230 diversa:
1105 3175 1375 3244 opinionis
1400 3214 1416 3238 ,
1456 3174 1782 3228 conantibus
1819 3189 1881 3227 ea
1922 3173 1977 3227 in
2035 3173 2252 3241 scriptis
2288 3172 2404 3225 dis-

2497 2075 2680 2140 σόφοις
2717 2073 3149 2144 ὲπινενοημένων
3191 2076 3556 2146 ἐγχειρητέον.
3591 2072 3685 2139 Οἷς
3719 2076 3980 2144 ἑπόμενον
4007 2074 4077 2128 ἂν

2495 2163 2601 2233 εἴη,
2623 2162 2759 2233 μετά
2789 2162 2888 2232 τὴν
2918 2162 3216 2233 ἐπιδρομὴν
3241 2164 3340 2233 τῆς
3368 2163 3662 2233 θεολογίας,
3694 2165 3761 2218 τὰ
3785 2166 3910 2235 περὶ
3939 2181 4077 2231 προ-

2498 2251 2722 2323 φητείας
2773 2251 3188 2322 παραδεδομένα
3228 2253 3501 2306 διαλαϐεῖν
3548 2255 3692 2325 (82)ο
3728 2255 3803 2318 ὡς
3842 2255 3935 2308 καὶ
3973 2253 4074 2317 τὰς

2498 2343 2739 2414 Γραφὰς,
2776 2339 2864 2406 αἷς
2893 2345 3360 2415 πεπιστεύκαμεν,
3384 2346 3578 2417 κυρίας
3604 2346 3768 2409 οὔσας
3798 2346 3856 2413 ἐξ
3886 2346 4076 2398 αύθεν-

2498 2435 2617 2498 τίας
2644 2436 3148 2507 παντοκρατορικῆς
3179 2436 3551 2500 ἐπιδείξαντας
3569 2477 3583 2499 ,
3619 2438 3867 2507 προϊέναι
3898 2437 3964 2490 δι’
3984 2436 4079 2489 αὐ-

2501 2527 2606 2580 τῶν
2636 2527 2812 2599 εἱρμῴ
2837 2527 3116 2592 δύνασθαι,
3141 2529 3235 2580 καὶ
3261 2529 3501 2592 ἀπάσαις
3523 2530 3770 2583 ἐντεῦθεν
3787 2533 3905 2593 ταῖς
3929 2530 4080 2600 αἱρέ-

2507 2636 2672 2682 σεσιν,
2691 2621 2784 2672 ἕνα
2814 2619 3083 2672 δεικνύναι
3113 2619 3266 2682 Θεὸν,
3297 2621 3392 2672 καὶ
3414 2621 3618 2690 Κύριον
3648 2621 4081 2692 παντοκράτορα,

2504 2712 2598 2763 τὸν
2629 2709 2718 2762 διὰ
2751 2710 2917 2780 νόμου
2951 2713 3044 2764 καὶ
3078 2710 3390 2781 προφητῶν,
3427 2711 3562 2782 πρὸς
3586 2711 3643 2763 δὲ
3671 2713 3762 2764 καὶ
3793 2712 3886 2764 τοῦ
3918 2729 4088 2783 μακα-

2510 2802 2623 2872 ρίου
2671 2801 3002 2870 Εὑαγγελίου
3046 2803 3283 2872 γνησίως
3317 2802 3744 2873 κεκηρυγμένον.
3789 2803 3986 2856 Πολλαὶ
4027 2804 4085 2856 δὲ

2508 2895 2653 2963 ἡμᾶς
2682 2895 2736 2945 αί
2771 2894 2910 2962 πρὸς
2942 2895 3068 2956 τοὺς
3099 2893 3437 2967 ἑτεροδόξους
3461 2894 3805 2964 ἀντιρρήσεις
3837 2897 4085 2966 ἐκδέχον-

2508 3002 2616 3048 ται,
2659 2984 3030 3055 πειρωμένους
3079 2985 3148 3037 τά
3190 3002 3247 3038 τε
3293 2986 3382 3037 ὑπ’
3433 2986 3610 3037 αὐτῶν
3645 2987 4087 3059 προκομιζόμενα

2509 3077 2801 3148 ἐγγράφως
2822 3077 3153 3141 διαλύεσθαι,
3181 3078 3382 3131 πείθειν
3399 3096 3456 3131 τε
3489 3081 3683 3141 αύτούς
3716 3081 3807 3132 καὶ
3832 3079 4084 3143 ἄκοντας,

2509 3169 2770 3222 διἀύτῶν
2803 3169 3124 3239 ἐλέγχοντας
3148 3171 3253 3224 τῶν
3275 3171 3523 3242 Γραφῶν.
3554 3171 3943 3244 Τελειωθείσης
3975 3174 4085 3226 τοί-

834 3267 1073 3331 soivere,
1105 3282 1227 3336 quae
1256 3266 1324 3320 ab
1355 3266 1488 3334 ipsis
1517 3264 1840 3328 alIeruntur,
1868 3273 1922 3318 et
1951 3265 2033 3318 vel
2065 3264 2248 3318 invitis
2281 3278 2404 3332 per-
2429 3287 2471 3341 ς
2506 3280 2597 3316 νυν

2321 3278 2404 3315 er-
2429 3287 2471 3341 ς
2506 3280 2598 3316 νυν
2629 3263 2728 3331 τῆς
2766 3263 3072 3332 προθέσεως
3107 3265 3236 3333 ἡμῖν
3271 3265 3517 3333 ἀπάσης,
3559 3267 3614 3317 ὲν
3646 3259 3727 3327 οἷς
3764 3267 3860 3318 ἐὰν
3887 3266 4084 3337 θελήσῃ

834 3359 1093 3422 suadere,
1146 3373 1243 3427 per
1294 3357 1441 3425 ipsas
1489 3356 1866 3411 convincendo
1906 3354 2239 3424 Scripturas.
2283 3353 2406 3408 Per-

837 3445 980 3500 fecto
1035 3445 1222 3514 itaque
1275 3445 1434 3497 nobis
1485 3444 1742 3498 universo
1793 3445 2104 3513 proposito,
2141 3460 2262 3498 cum
2291 3444 2405 3512 jam

840 3539 1272 3592 commentarios
1296 3579 1310 3600 ,
1340 3539 1530 3608 quales
1557 3537 1792 3592 voluerit
1834 3537 2106 3606 Spiritus,
2142 3538 2208 3592 ad
2249 3552 2407 3592 usum

839 3633 1136 3686 instantem
1187 3629 1684 3706 ministraverimus
1741 3629 2034 3698 (quaedam
2088 3631 2235 3684 enim
2285 3638 2411 3684 ante

838 3721 1120 3775 veritatem
1161 3719 1389 3774 omnino
1430 3719 1642 3788 praefari
1661 3735 1883 3775 necesse
1926 3722 2084 3790 est),
2124 3731 2256 3778 tunc
2285 3739 2411 3778 vere

842 3812 1147 3882 gnosticam
1183 3811 1396 3866 naturae
1437 3812 1815 3881 aggrediemur
1856 3815 2367 3884 contemplationem
2393 3857 2408 3880 ,

839 3905 1024 3973 parvis
1053 3911 1180 3957 ante
1215 3918 1410 3973 magna
1442 3903 1640 3958 initiati
1680 3905 1940 3975 mysteria
1961 3947 1976 3970 ,
2009 3914 2068 3960 ut
2093 3923 2219 3962 vere
2265 3909 2410 3962 divi-

842 4009 926 4049 nae
955 4009 1241 4048 sacrorum
1272 3995 1710 4062 interpretationi
1740 3997 1876 4050 nihil
1906 3998 1977 4050 sit
2003 3997 2409 4066 impedimento,

844 4084 996 4152 prius
1035 4084 1348 4152 expurgatis
1378 4092 1542 4152 atque
1570 4082 1880 4138 informatis
1909 4083 2011 4146 iis,
2039 4099 2160 4152 qua:
2203 4092 2417 4153 oportet

840 4184 966 4229 ante
1013 4175 1144 4228 sciri
1186 4183 1239 4227 et
1281 4174 1442 4227 tradi.
1483 4176 1563 4229 Ac
1594 4185 1805 4230 natura:
1846 4175 2070 4244 quidem
2115 4176 2416 4230 secundum

845 4264 1091 4319 veritatis
1125 4265 1369 4334 regulam
1405 4265 1726 4333 disciplina,
1762 4281 1855 4319 seu
1891 4266 2164 4334 inspectio
2195 4266 2414 4335 potius,

844 4372 968 4425 quae
996 4371 1090 4425 per
1116 4355 1420 4426 gnosticam
1455 4356 1794 4410 traditionem
1825 4357 2147 4427 acquiritur,
2177 4357 2321 4411 facto
2350 4357 2418 4411 ab

845 4457 969 4502 ortu
1001 4447 1194 4501 mundi
1227 4448 1417 4514 initio,
1453 4447 1582 4501 inde
1616 4446 1684 4500 ad
1731 4463 1912 4502 rerum
1942 4449 2250 4504 divinarum
2286 4464 2420 4504 con-

845 4539 1255 4607 templationem
1277 4539 1543 4594 ascendit.
1563 4536 1717 4594 Unde
1741 4554 1929 4594 eorum
1946 4581 1961 4606 ,
1978 4557 2097 4610 qua:
2112 4543 2414 4606 tradentur,

2506 3353 2566 3405 τὸ
2592 3353 2817 3424 Πνεῦμα
2837 3355 3195 3424 ὑπομνήμασι
3240 3357 3377 3429 πρὸς
3394 3357 3490 3427 τήν
3519 3359 3946 3426 κατεπείγουσαν
3977 3358 4092 3422 ἐξυ-

2507 3445 2901 3517 πηρετούμενοι
2970 3447 3162 3517 χρείαν
3210 3448 3398 3518 (πολλὴ
3439 3448 3544 3520 γάρ
3590 3452 3622 3519 ή
3664 3449 3772 3501 τῶν
3825 3449 4090 3519 προλεγο-

2511 3537 2686 3606 μένων
2734 3538 3043 3607 ὀφείλεσθαι
3080 3539 3182 3608 τῆς
3227 3540 3482 3610 ἀληθείας
3520 3541 3628 3611 (85)
3671 3541 3939 3610 ἀνάγκη),
3968 3542 4092 3595 τότε

2509 3631 2572 3702 δὴ
2593 3631 2692 3701 τὴν
2723 3630 2800 3700 τῷ
2824 3632 2936 3684 ὄντι
2963 3631 3270 3703 γνωστικὴν
3299 3635 3643 3702 φυσιολογίαν
3668 3634 3922 3703 μέτειμεν
3955 3633 4088 3703 (84),

2508 3723 2576 3775 τά
2614 3722 2784 3792 μικρά
2816 3722 2921 3792 πρὸ
2967 3723 3074 3774 τῶν
3122 3723 3372 3792 μεγάλων
3407 3724 3516 3793 (83)
3555 3723 3852 3794 μυηθέντες
3887 3741 4095 3793 μυστη-

2515 3813 2666 3885 ρίων,
2685 3812 2760 3874 ὡς
2787 3813 2951 3882 μηδὲν
2980 3812 3231 3882 ἐμποδὼν
3255 3817 3321 3884 τῇ
3345 3813 3464 3883 θεία
3485 3814 3653 3876 ὅντως
3681 3813 3987 3884 ίεροφαντίᾳ
4012 3815 4099 3881 γί-

2509 3903 2730 3967 νεσθαι,
2777 3904 3314 3974 προκεκαθαρμένων
3360 3905 3454 3956 καὶ
3503 3903 4098 3975 προδιατετυπωμένων

2511 3994 2620 4049 τῶν
2669 3995 3125 4066 προϊστορηθῆναι
3179 3997 3270 4049 καὶ
3319 3993 3795 4066 προπαραδοθῆναι
3845 3993 4093 4048 δεόντων.

2527 4083 2591 4136 Ἢ
2633 4085 2761 4152 γοῦν
2806 4086 2947 4138 κατὰ
2979 4086 3069 4139 τὸν
3116 4087 3215 4157 τῆς
3262 4085 3517 4158 ἀληθείας
3555 4085 3753 4137 κανόνα
3790 4085 4098 4154 γνωπικῆς

2518 4175 2869 4246 παραδόσεως
2893 4177 3228 4246 φυσιολογία,
3265 4177 3464 4249 μᾶλλον
3491 4177 3546 4230 δὲ
3577 4177 3867 4241 ἐποπτεία,
3907 4179 3972 4228 ἐκ
4001 4175 4096 4229 τοῦ

2522 4266 2648 4334 περὶ
2693 4266 3048 4336 κοσμογονίας
3083 4269 3316 4338 ἤρτηται
3364 4267 3521 4335 λόγου
3551 4307 3566 4330 ,
3620 4264 3828 4318 ἐνθένδε
3869 4262 4096 4316 ἀναϐαί-

2519 4374 2684 4410 νουσα
2724 4358 2816 4410 ἐπὶ
2853 4359 2914 4410 τὸ
2960 4358 3264 4428 θεολογικὸν
3314 4357 3470 4423 εἶδος.
3528 4358 3689 4412 Ὅθεν
3735 4357 3959 4420 εἰκότως
3998 4357 4097 4427 τὴν

2520 4449 2695 4520 ἀρχὴν
2744 4450 2844 4521 τῆς
2896 4450 3275 4521 παραδόσεως,
3328 4451 3435 4504 ἀπὸ
3491 4451 3590 4521 τῆς
3633 4447 4097 4521 προφητευθείσης

2524 4541 2862 4611 ποιησόμεθα
2891 4543 3175 4610 γενέσεως,
3203 4544 3259 4594 έν
3296 4544 3448 4614 μέρει
3480 4544 3574 4597 καὶ¹
3605 4541 3674 4595 τὰ
3708 4540 3818 4593 τῶν
3853 4539 4095 4612 ἑτεροδό-

847 4630 1176 4699 principium
1220 4645 1251 4683 a
1279 4632 1553 4684 creatione
1575 4671 1590 4695 ,
1622 4646 1746 4700 quae
1776 4646 1806 4684 a
1845 4632 2118 4701 prophetis
2145 4634 2417 4702 descripta
2453 4634 2494 4688 D
2524 4632 2610 4696 Eun

2332 4640 2417 4702 pta
2453 4634 2494 4688 D
2524 4632 2626 4696 ξων
2657 4635 3117 4706 παρατιθέμενοι,
3149 4636 3241 4688 καὶ
3277 4637 3351 4699 ὡς
3385 4632 3492 4690 οἷόν
3525 4653 3583 4688 τε
3630 4635 3759 4704 ἡμῖν
3791 4632 4095 4686 διαλύεσθαι

845 4730 963 4785 cst,
1008 4722 1310 4786 ducemus,
1363 4723 1804 4780 intermiscentes
1855 4739 2245 4793 nonnunquam
2295 4740 2418 4796 quae

846 4815 916 4868 ab
954 4815 1056 4882 iis,
1085 4816 1180 4886 qui
1213 4815 1432 4870 diversa
1469 4802 1742 4883 sentiunt,
1777 4817 2060 4880 dicuntur,
2099 4824 2185 4881 et,
2236 4819 2418 4886 quoad

847 4921 878 4956 ,ι
911 4905 1071 4959 nobis
1103 4905 1220 4960 ﬁeri
1256 4905 1490 4975 poterit,
1516 4905 1894 4960 dissolventcs.
1924 4904 2030 4959 Sed
2058 4905 2173 4958 haec
2199 4907 2417 4974 quidem

849 5009 980 5047 mox
1017 4996 1347 5064 scribentur,
1380 4997 1435 5051 si
1468 4994 1613 5049 Deus
1646 4997 1806 5062 velit,
1849 5006 1903 5050 et
1950 4994 2418 5067 quemadmodum

2528 4727 2872 4798 πειρώμενοι.
2914 4727 3072 4781 Ἀλλά
3091 4727 3270 4798 γὰρτὸ
3299 4731 3397 4798 μὲν
3422 4728 3776 4800 γεγράψεται,
3797 4725 3860 4796 ἢν
3883 4725 4010 4790 Θεός
4031 4742 4096 4794 γε

2526 4816 2682 4888 ἐθέλῃ
2708 4859 2722 4882 ,
2779 4820 2872 4872 καὶ
2921 4821 3068 4883 ὅπως
3099 4819 3164 4872 ἂν
3203 4822 3444 4893 ἐμπνέῃ·
3492 4821 3610 4873 νυνὶ
3641 4819 3698 4870 δὲ
3739 4817 3828 4869 ἐπὶ
3863 4818 3921 4870 τὸ
3964 4835 4098 4889 προ-

2527 4908 2778 4979 κείμενον
2828 4912 3101 4981 μετιτέον,
3146 4911 3241 4965 καὶ
3287 4913 3379 4965 τὸν
3434 4913 3622 4982 ἠθικὸν
3681 4909 4100 4982 άποπληρωτέον

2527 4999 2704 5069 λόγον.

851 5089 942 5144 ille
974 5090 1361 5160 inspiraverit:
1399 5108 1546 5148 nunc
1572 5100 1756 5146 autem
1784 5092 2207 5161 aggrediendum
2231 5101 2315 5148 est
2360 5094 2414 5150 id
2445 5136 2462 5164 ,
2504 5098 2649 5167 quod
2703 5097 2803 5154 fuit
2842 5097 3220 5170 propositum,
3259 5109 3312 5154 et
3369 5095 3699 5155 absolvenda
3731 5111 3794 5151 ea
3817 5139 3831 5162 ,
3871 5109 3992 5166 quae
4030 5091 4098 5145 ad

849 5199 1032 5240 mores
1058 5187 1323 5254 pertinet,
1357 5189 1551 5242 oratio.

922 5287 982 5345 ἦέ
1026 5280 1089 5334 Ρ.
1132 5281 1377 5336 565-564
1412 5281 1518 5336 El).
1560 5280 1874 5347 POTTER,
1913 5283 2154 5338 474-475
2193 5281 2302 5337 ΕΙ).
2340 5283 2562 5339 PARIS.

924 5378 1036 5450 (79)
1070 5383 1212 5449 Περί
1236 5397 1298 5434 τε
1322 5381 1598 5450 πίστεως.
1643 5378 1806 5434 (ionf.
1838 5395 1895 5450 p.
1922 5379 2024 5434 497
2043 5421 2058 5447 ,
2084 5380 2211 5446 500,
2247 5378 2343 5434 52!
2370 5392 2423 5436 et

851 5446 978 5513 525,
1011 5446 1291 5514 527,'edit.
1316 5451 1490 5504 Paris.
1518 5449 1771 5505 Gnamus.

927 5521 1038 5592 (80)
1081 5520 1148 5573 Τὸ
1179 5519 1554 5592 συμϐολικὸν
1583 5517 1759 5587 εἶδος.
1788 5519 1908 5592 Lib.
1937 5535 1990 5592 v_.
2037 5518 2202 5574 GRAB.

925 5589 1039 5662 (81)
1055 5589 2099 5662 Προθεμένους.-Αοριιθπροθεμένους
2122 5592 2222 5661 (sc.
2253 5591 2423 5662 ἡμᾶς)

853 5657 1059 5732 regitur
1097 5657 1128 5716 ἐι
1162 5657 1326 5716 verbo
1349 5660 1550 5715 inlinit.
1585 5657 1922 5732 περιλαϐεῖνξ
1955 5657 2059 5714 Ubi
2084 5657 2246 5715 etiam
2272 5657 2420 5728 nota,

855 5731 1096 5788 medium
1139 5743 1193 5788 et
1221 5741 1528 5788 extremum
1578 5731 1844 5801 cujusque
1882 5731 2289 5802 Στρωματέωςι
2311 5745 2420 5786 non

856 5816 970 5857 aeni
977 5819 1072 5873 per
1084 5803 1469 5873 propositioni,
1485 5817 1582 5857 seu
1613 5800 1877 5871 prooemio
1891 5800 2240 5873 reSpondere.
2259 5800 2413 5873 δω.

926 5871 1041 5943 (δῖ)
1098 5872 1174 5928 Τὰ
1197 5872 1332 5944 περὶ
1360 5873 1723 5944 προφητείας
1769 5890 1832 5926 π.
1877 5871 1931 5925 δ.
1968 5871 2048 5928 An
2080 5873 2205 5930 hinc
2249 5872 2428 5930 Ἐκλο-

857 5947 953 6017 γαὶ
1003 5946 1064 5997 ἐκ
1089 5961 1195 5998 των
1224 5943 1610 6016 προφητικῶν;
1642 5943 1892 6000 (inantus.

2602 5379 2715 5448 (83)
2759 5379 2880 5433 Τῶν
2932 5380 3384 5447 προλεγομένων
3408 5376 3786 5448 cycliadan
3831 5371 3939 5448 τῆς
3995 5371 4092 5448 ᾀλ.

2530 5441 2728 5504 Procul
2779 5450 2948 5504 dubio
2972 5441 3317 5516 deget-idum,
3363 5441 3482 5498 τῶν
3502 5446 3858 5517 προλέγεσθαι
3891 5441 4098 5517 ὀφειλο-

2534 5521 2712 5592 μένων
2739 5521 2839 5592 τῆς
2870 5513 3148 5592 ἀληθείας,
3181 5537 3200 5569 ι
3232 5532 3445 5581 eorum,
3480 5513 3601 5586 quae
3641 5513 3766 5592 ante
3817 5513 4097 5592 veritatem

2530 5583 2640 5645 dici
2669 5583 2884 5653 debent,
2913 5609 2930 5640 ι
2962 5583 3300 5658 utinterpres
3329 5583 3737 5658 quoquevertit
3761 5600 3775 5634 :
3807 5601 3826 5634 ι
3853 5583 4100 5651 quaedam

2525 5661 2671 5716 enim
2708 5670 2832 5715 ante
2866 5659 3146 5714 veritatem
3176 5656 3406 5712 omnino
3433 5656 3648 5727 praefari
3682 5667 3905 5708 necesse
3926 5662 4027 5708 est.
4077 5672 4098 5706 ι

2532 5733 2794 5785 SYLBURG.

2609 5801 2721 5870 (84)
2747 5801 3052 5870 Μέτειμεν.
3081 5797 3238 5870 Conf.
3275 5794 3442 5870 index
3473 5796 3707 5870 Gnaeus;

2609 5804 2700 5870 (84
2747 5804 3052 5867 Μέτειμεν.
3081 5804 3238 5853 Bonl.
3275 5804 3442 5851 Index
3473 5804 3707 5851 Gnaeus.

2609 5804 2721 5940 (85)
2763 5871 2837 5925 Τὰ
2859 5869 3044 5939 μικρὰ
3085 5867 3350 5940 xperior
3367 5886 3443 5940 μ.
3478 5861 3882 5940 anl'._Strom.A
3905 5880 3945 5927 t,
3970 5879 4090 5934 pag.

2537 5941 2664 6010 “2.77,
2695 5934 2747 5998 et
2777 5934 2974 5997 Strom.
3008 5955 3080 6006 Vl,
3115 5934 3164 6010 ί).
3213 5939 3335 6005 582,
3365 5934 3494 5994 edit.
3531 5934 3703 5992 Paris.
3746 5946 3798 5992 et
3820 5936 4099 5992 adnotata.
