4464 6612
885 415 1016 472 192ἶῖ

2008 414 2394 471 CLEMENTIS
2450 416 2913 474 ALEXANDRINI

3982 423 4120 478 1928

876 547 965 594 est
1002 536 1176 594 ﬁdelis
1208 552 1305 609 per
1335 538 1717 605 dilectionem;
1765 537 1996 592 Domino
2047 549 2251 601 autem,
2294 533 2441 607 quod
2470 554 2514 605 Α
2544 557 2639 592 mc

2363 533 2441 592 ind
2470 554 2514 605 Α
2544 541 2764 593 πιστόν·
2791 538 2868 608 τῷ
2894 537 2938 590 δ’
2974 533 3040 590 αὖ
3084 536 3271 608 Κυρίῳ
3303 537 3403 608 τὴν
3454 538 3632 594 ἔνθεον
3664 537 3797 610 πρὸς
3839 535 3931 606 τὴν
3979 537 4126 590 suam

882 630 1056 700 ipsius
1076 629 1337 686 doctrina:
1364 628 1551 684 divina
1595 627 1955 699 persuadendi
1987 626 2069 682 vis
2097 628 2247 696 insit,
2275 645 2307 684 a
2333 643 2439 698 qua

880 736 950 777 ne
982 731 1130 777 metu
1164 720 1383 790 quidem
1424 720 1617 776 mortis
1652 719 1869 775 deﬁciet
1904 735 1917 770 :
1957 717 2260 788 quinetiam
2300 718 2440 774 facto

878 814 1171 869 conﬁrmat
1210 813 1494 868 veritatem
1533 810 1955 882 praedicationis,
2000 817 2274 880 potentem
2316 826 2439 866 eum

877 920 997 959 esse
1040 903 1355 970 ostendens,
1404 903 1473 960 ad
1500 919 1663 973 quem
1689 902 1983 959 contendit.
2012 900 2226 957 Mireris
2261 912 2440 958 autem

876 996 998 1065 ejus
1028 995 1404 1057 dilectionem,
1444 1008 1610 1063 quam
1639 993 1797 1048 docet
1836 991 2133 1057 evidenter,
2177 992 2309 1047 dum
2349 1009 2442 1048 co-

878 1095 1044 1156 gnato
1069 1085 1286 1156 quidem
1314 1084 1502 1155 generi
1532 1090 1689 1157 grato
1731 1083 1916 1137 animo
1952 1082 2158 1145 unitur,
2188 1090 2244 1136 et
2274 1084 2440 1138 etiam

878 1177 1118 1247 pretioso
1137 1174 1426 1246 ~sanguine
1465 1174 1615 1245 ipsos
1655 1172 1897 1228 inﬁdeles
1926 1173 2133 1244 pudore
2159 1171 2343 1229 allicit.
2391 1176 2441 1231 is

877 1280 1008 1336 ergo
1056 1272 1205 1320 metu
1250 1275 1471 1336 propter
1517 1274 1841 1336 prmecptum
1886 1264 2120 1319 declinat
2162 1261 2439 1320 Christum

877 1375 1110 1431 negare,
1159 1368 1220 1416 ut
1263 1358 1434 1413 metui
1478 1358 1573 1412 ﬁat
1624 1355 1799 1411 testis.
1847 1353 1952 1411 Sed
2003 1369 2180 1425 neque
2222 1367 2441 1426 propter

878 1467 1029 1523 spem
1073 1452 1340 1506 donorum
1382 1458 1693 1519 paratorum
1732 1448 1893 1504 ﬁdem
1924 1448 2144 1503 vendit:
2188 1448 2283 1503 sed
2313 1463 2438 1519 pro-

872 1551 994 1613 pter
1025 1556 1181 1597 suam
1227 1542 1283 1595 in
1312 1540 1604 1594 Dominum
1649 1538 2018 1604 dilectionem,
2063 1537 2439 1593 lubentissime

875 1629 978 1685 hac
1020 1629 1130 1683 vita
1187 1627 1527 1693 exsolvetur;
1580 1626 1788 1682 habens
1819 1627 1982 1682 etiam
2013 1626 2264 1696 gratiam,
2312 1640 2435 1680 cum

870 1721 949 1786 ei,
973 1719 1067 1792 qui
1092 1734 1316 1774 causam
1358 1718 1593 1790 prmbuit
1624 1718 1751 1773 hinc
1778 1716 2044 1785 exeundi,
2080 1725 2196 1772 tum
2226 1718 2297 1783 ei,
2342 1716 2436 1787 qui

875 1812 980 1883 ipsi
1023 1811 1243 1866 molitus
1289 1819 1372 1865 est
1406 1808 1667 1876 insidias;
1721 1809 1867 1879 quod
1917 1807 1985 1863 ab
2012 1809 2099 1866 bis
2147 1809 2434 1864 honestam

2546 630 2766 683 σκαλίαν
2804 626 2995 693 πειθὼ,
3025 623 3092 700 ἧς
3127 630 3227 683 οὐκ
3275 630 3640 700 ἀποστήσεται
3685 629 3913 685 θανάτου
3942 628 4122 699 φόῦῳ·

2542 722 2629 775 ναὶ
2659 722 2764 793 μὴν
2820 720 2911 775 καὶ
2947 720 3040 773 τοῦ
3082 720 3432 795 κηρύγματος
3479 723 3576 792 τὴν
3614 722 3868 794 ἀλήθειαν
3920 719 4125 791 συμϐε-

2542 812 2688 867 ϐαιοῖ
2718 814 2882 887 ἔργῳ,
2912 811 3136 867 δυνατὸν
3171 811 3310 869 εἶναι
3345 813 3559 876 δεικνὺς
3596 813 3687 867 τὸν
3713 816 3848 887 πρὸς
3873 814 3932 868 ὃν
3956 810 4124 866 σπεύσ-

2542 901 2620 956 δει
2649 904 2801 959 Θεόν.
2834 903 3151 974 Θαυμάσαις
3183 906 3248 959 ἂν
3279 905 3374 977 τὴν
3405 903 3624 975 ἀγάπην
3653 907 3840 970 αὐτοῦ,
3870 908 3938 976 ἦν
3963 908 4122 975 ἐναρ-

2540 996 2654 1063 γῶς
2675 997 2912 1051 διδάσκει
2959 997 3292 1068 εὐχαρίστως
3339 996 3621 1067 ἐνούμενος
3669 998 3805 1067 πρὸς
3824 998 3886 1052 τὸ
3927 1013 4119 1066 συγγε-

2541 1086 2650 1150 νὲς,
2681 1088 2740 1139 οὐ
2771 1088 2876 1159 μὴν
2898 1085 3031 1140 ἀλλὰ
3064 1087 3159 1139 καὶ
3185 1087 3264 1157 τῷ
3291 1087 3454 1158 τιμίῳ
3486 1085 3674 1156 αἵματι
3704 1088 3830 1149 τοὺς
3860 1089 4119 1150 ἀπίστους

2540 1176 2824 1234 δυσωπῶν.
2855 1173 3020 1241 Οὗτος
3050 1173 3143 1231 οὖν
3174 1178 3322 1249 φόϐῳ
3353 1180 3413 1232 τὸ
3443 1177 3718 1250 ἀρνεῖσθαι
3746 1177 3855 1246 (27)
3887 1178 4119 1250 Χριστὸν

2539 1262 2629 1317 διά
2666 1263 2763 1336 τὴν
2805 1265 3021 1335 ἐντολὴν
3057 1264 3315 1331 ἐκκλίνει,
3351 1269 3436 1321 ἵνα
3462 1267 3525 1339 δὴ
3554 1266 3701 1336 φόϐῳ
3729 1267 3937 1335 μάρτυς
3961 1268 4119 1338 γένη-

2538 1374 2657 1412 ταιο
2704 1359 2765 1412 οὐ
2801 1360 2907 1431 μὴν
2937 1358 3057 1412 οὐδὲ
3091 1359 3264 1412 ἐλπίδι
3315 1360 3531 1431 δωρεῶν
3571 1359 3982 1431 ἡτοιμασμένων
4028 1378 4118 1413 πι-

2539 1447 2801 1518 πράσκων
2833 1445 2927 1518 τὴν
2944 1446 3143 1512 πίστιν,
3173 1449 3361 1519 ἀγάπῃ
3382 1450 3439 1502 δὲ
3458 1450 3594 1522 πρὸς
3630 1448 3937 1520 τδνΚύριον
3953 1450 4121 1519 ἀσμε-

2540 1537 2776 1591 νέστατα
2805 1538 2956 1591 τοῦδε
3013 1536 3109 1591 τοῦ
3159 1537 3279 1608 βίου
3337 1540 3762 1611 ἀπολυθήσεται·
3803 1540 3962 1611 χάριν
3994 1543 4122 1603 iam;

2538 1628 2634 1682 καὶ
2662 1630 2740 1701 τῷ
2768 1629 2867 1702 τὴν
2894 1629 3071 1683 αἰτίαν
3109 1631 3509 1701 παρασχομένῳ
3546 1633 3644 1701 τῆς
3671 1631 3881 1685 ἐνθένδε
3920 1630 4121 1695 ἐξόδου,

2538 1721 2631 1775 καὶ⁵
2669 1722 2746 1793 τῷ
2780 1723 2876 1794 τὴν
2920 1721 3210 1793 ἐπιδουλὴν
3245 1726 3623 1794 τεχνασαμὲνιγ
3672 1722 3950 1792 ἐγνωκὼς,
3992 1724 4124 1795 πρό-

2538 1830 2698 1881 φασιν
2728 1813 2943 1883 εὔλογον
2974 1812 3170 1877 λαϐὼν,
3199 1813 3267 1884 ἢν
3290 1813 3390 1866 οὐκ
3422 1813 3583 1876 αὐτὸς
3616 1813 3906 1884 παρέσχεν,
3934 1810 4126 1865 ἑαυτὶν

873 1903 1085 1973 accepit
1106 1902 1269 1973 206
1301 1901 1667 1963 occasionem,
1701 1915 1864 1970 quam
1898 1900 2015 1971 ipse
2045 1914 2150 1955 non
2184 1899 2434 1969 praebuit,
2466 1890 2512 1947 Β
2537 1904 2636 1956 ὲπιέ

2358 1900 2434 1966 lit,
2466 1890 2512 1947 Β
2537 1903 2800 1971 ἐπιδεῖξαι
2844 1906 2904 1968 ὃς
2936 1907 3072 1968 ἐστι,
3117 1903 3193 1974 τῷ
3229 1904 3326 1975 μὲν
3367 1903 3436 1957 δι’
3473 1904 3769 1973 ὑπομονῆς,
3793 1904 3861 1955 δι’
3905 1903 4121 1972 ἀγάπης

875 1996 1113 2066 seipsum
1161 1991 1482 2048 ostendendi
1528 1991 1781 2062 quisnam
1814 1992 1916 2054 sit;
1963 1992 2042 2046 illi
2086 1991 2304 2063 quidem
2339 2006 2437 2061 per

872 2084 1237 2149 tolerantiam,
1277 2083 1510 2138 Domino
1549 2097 1681 2138 vero
1712 2098 1806 2152 per
1859 2082 2174 2138 cbaritatem
2204 2100 2217 2135 :
2250 2086 2307 2144 >14
2342 2096 2438 2150 per

874 2195 1039 2249 quam
1067 2177 1232 2234 etiam
1266 2185 1560 2247 antequam
1607 2185 1923 2231 nasceretur
1970 2172 2292 2228 manifestus
2321 2183 2437 2227 erat

871 2273 1125 2341 Domino,
1155 2273 1251 2344 qui
1294 2283 1421 2327 tunc
1444 2270 1563 2340 ejus
1594 2270 1932 2340 propositum
1963 2267 2131 2332 novit,
2162 2267 2257 2336 qui
2291 2281 2437 2319 mar-

870 2366 1076 2439 tyrium
1128 2380 1392 2435 passurus
1440 2362 1601 2417 foret.
1640 2359 1794 2415 Bono
1842 2360 2025 2429 itaque
2069 2357 2255 2413 animo
2287 2357 2439 2413 venit

873 2456 944 2513 ad
990 2456 1230 2512 amicum
1261 2455 1582 2519 Dominum,
1611 2466 1713 2522 pro
1748 2466 1860 2522 quo
1897 2459 1952 2506 et
2000 2464 2223 2520 corpus,
2273 2456 2439 2519 atque

873 2548 1061 2615 etiam,
1100 2556 1163 2602 ut
1198 2546 1407 2617 iudices
1457 2544 1772 2615 sperabant,
1816 2541 2054 2597 animam
2100 2540 2346 2604 tradidit,
2384 2547 2439 2592 et

872 2656 906 2695 ι
941 2640 1230 2696 Servatore
1260 2646 1472 2701 nostro,
1538 2655 1558 2689 ι
1598 2652 1632 2691 o
1665 2635 1835 2690 frater
1877 2633 2092 2697 dilecte,
2128 2650 2148 2684 ι
2179 2639 2241 2686 ut
2258 2630 2437 2685 dicam

873 2732 1114 2803 poetice,
1163 2738 1385 2800 pr0pter
1427 2729 1551 2784 vitae
1597 2724 2009 2783 similitudinem
2059 2721 2434 2791 compellatur.

873 2823 985 2880 Nos
1010 2832 1190 2879 autem
1212 2818 1792 2878 «consummationem:
1809 2829 2067 2871 vocamus
2093 2813 2437 2884 martyrium,

877 2930 986 2970 non
1018 2914 1163 2984 quod
1205 2910 1331 2966 vitae
1367 2909 1591 2964 «ﬁnem:
1625 2908 1789 2963 homo
1822 2904 2119 2976 acceperit,
2153 2913 2216 2959 ut
2242 2903 2438 2973 reliqui

873 3007 1186 3077 loquuntur,
1214 3002 1311 3059 sed
1342 3000 1487 3072 quod
1522 2997 1848 3070 «perfectum
1871 3011 1937 3053 ac
1961 3002 2432 3052 consummatum.

875 3114 1015 3168 opus
1040 3095 1341 3153 ostenderit
1363 3091 1665 3150 charitatis.
1688 3088 1999 3157 Quinetiam
2023 3088 2200 3145 Graeci
2222 3101 2442 3157 quoque

874 3200 1088 3246 veteres
1130 3186 1358 3242 laudant
1393 3186 1557 3239 ﬁnem
1589 3188 1804 3247 eorum,
1846 3180 1942 3252 qui
1975 3179 2180 3234 mortui
2215 3186 2345 3233 sunt
2384 3176 2439 3230 in

878 3280 1039 3346 bello,
1072 3294 1182 3333 non
1227 3275 1445 3347 quidem
1495 3281 1725 3327 mortem
1780 3242 2071 3325 suadentes
2122 3266 2435 3328 violentam,
2463 3242 2506 3300 (ἶ

875 3372 971 3427 sed
1009 3369 1154 3442 quod
1182 3367 1277 3439 qui
1311 3366 1367 3421 in
1395 3363 1538 3421 bello
1565 3363 1731 3417 vitam
1760 3361 1907 3427 ﬁnit,
1946 3371 2177 3415 mortem
2224 3373 2333 3413 non
2370 3355 2439 3411 ti—

878 3479 1034 3520 mens
1061 3460 1319 3527 recessit;
1356 3464 1669 3527 amputatus
1716 3466 1966 3523 corpore,
2001 3466 2127 3507 cum
2157 3448 2438 3519 necprius

877 3555 1064 3610 animo
1110 3553 1447 3614 laborasset,
1482 3564 1585 3605 nec
1622 3546 1896 3603 emollitus
1922 3551 2086 3608 esset,
2114 3550 2176 3596 ut
2204 3540 2343 3595 solet
2380 3540 2439 3594 in

877 3645 1085 3701 morbis
1116 3642 1362 3699 accidere
1411 3639 1761 3703 hominibus;
1799 3633 2064 3689 recedunt
2112 3630 2261 3687 enim
2309 3628 2442 3684 cire-

876 3734 1070 3790 minati
1108 3743 1162 3789 et
1200 3732 1383 3787 vivere
1422 3730 1737 3801 cupientes;
1771 3735 1827 3780 et
1855 3725 1987 3793 ideo
2024 3735 2204 3792 neque
2247 3734 2438 3790 puram

877 3825 1134 3883 emittunt
1161 3823 1422 3885 animam,
1449 3820 1544 3874 sed
1569 3833 1691 3889 qua:
1712 3813 2059 3885 cupiditates,
2096 3808 2259 3865 veluti
2282 3816 2442 3863 notas

877 3915 1181 3988 plumbeas,
1217 3928 1400 3970 secum
1418 3910 1597 3975 eﬁ'ert,
1644 3906 1748 3964 nisi
1796 3903 2002 3961 fuerint
2036 3916 2225 3958 eorum
2272 3898 2440 3969 aliqui

876 4010 1462 4076 virtutepraestantes.
1514 4000 1715 4055 Eorum
1767 4003 1973 4061 autem,
1999 3994 2092 4064 qui
2129 3992 2442 4048 moriuntur

880 4098 935 4151 in
1015 4094 1155 4150 bello
1188 4134 1204 4160 ,
1289 4088 1538 4147 nonnulli
1601 4103 1724 4142 cum
1806 4082 2198 4154 cupiditatibus
2255 4096 2286 4134 e
2334 4080 2442 4133 vita

877 4194 1107 4249 exeunt,
1139 4182 1282 4254 quod
1326 4179 1550 4251 perinde
1576 4185 1686 4233 .est
1710 4190 1781 4230 ac
1827 4177 1875 4230 si
1910 4172 2104 4228 morbo
2148 4171 2443 4227 contabue-

879 4286 1021 4333 rant.
1074 4274 1132 4330 Si
1170 4282 1350 4330 autem
1380 4271 1488 4327 Deo
1517 4268 1763 4326 conﬁteri
1802 4266 1875 4322 sit
1911 4263 2258 4336 martyrium,
2291 4277 2442 4332 qua-

879 4383 1095 4438 cunque
1120 4367 1300 4421 anima
1334 4379 1470 4435 pure
1504 4377 1630 4419 cum
1662 4358 1940 4431 agnitione
1965 4355 2057 4411 Dei
2086 4355 2250 4409 vitam
2280 4354 2440 4408 insti-

883 4462 987 4515 tuit
1009 4468 1062 4513 et
1088 4456 1373 4527 praeceptis
1401 4455 1598 4526 paruit,
1625 4467 1689 4507 ea
1718 4451 1936 4521 quidem
1967 4449 2077 4503 vita
2103 4455 2160 4503 et
2189 4463 2441 4504 sermone

880 4561 967 4607 est
992 4558 1218 4620 martyr,
1268 4545 1762 4617 quomodocunque
1800 4541 2074 4597 liberetur
2120 4554 2152 4594 a
2180 4553 2438 4609 corpore;

881 4642 1042 4699 ﬁdem
1067 4639 1293 4703 scilicet,
1318 4645 1577 4706 tanquam
1602 4632 1941 4704 sanguinem,
1963 4646 2055 4702 per
2083 4639 2253 4685 totam
2275 4629 2441 4684 vitam

852 4742 934 4787 εει
958 4731 1123 4787 etiam
1157 4729 1211 4783 in
1242 4726 1415 4787 exitu,
1448 4722 1800 4793 profundens.
1847 4720 1967 4774 lam
2013 4719 2148 4773 dicit
2176 4718 2444 4772 Dominus

880 4825 936 4879 in
961 4819 1287 4891 Evangelia:
1320 4836 1340 4869 ι
1369 4814 1473 4882 Qui
1502 4812 1784 4883 reliquerit
1816 4820 2042 4881 patrem,
2073 4810 2156 4863 vel
2186 4818 2433 4874 matrem,

953 4963 1013 5022 sle
1047 4953 1108 5009 P.
1145 4954 1249 5009 570
1286 4952 1393 5007 El).
1429 4947 1722 5012 POT'I‘Ell,
1757 4945 1862 5001 480
1899 4944 2007 5001 ED.
2047 4942 2272 4999 PARIS.

948 5092 1073 5217 (27g
1099 5087 1286 5158 Οὗτος
1320 5086 1432 5146 οὖν
1471 5092 1633 5158 φόϐῳ
1658 5093 1724 5143 τὸ
1748 5088 1839 5156 ἀρ.
1874 5086 2046 5141 Scribi
2075 5087 2268 5157 possit,
2291 5077 2442 5149 οὗτος

948 5185 966 5217 ν
1010 5181 1041 5217 τ
1105 5161 1256 5217 φόϐῳ
1294 5161 1385 5217 ἀρ.
1445 5179 1463 5210 ι
1498 5161 1587 5214 llle
1636 5159 1802 5217 igitur
1846 5166 2067 5217 promer
2115 5167 2442 5217 praereptum

873 5159 966 5219 οἶν
1010 5159 1073 5217 τὸ
1105 5161 1256 5232 φὸὅῳ
1294 5161 1385 5232 ἀρ.
1445 5179 1463 5210 ι
1498 5161 1587 5214 llle
1636 5159 1802 5232 igitur
1846 5166 2067 5232 prepter
2114 5167 2442 5227 praereptum

877 5228 1157 5288 tibristum
1189 5228 1262 5286 ob
1290 5228 1495 5284 metum
1525 5243 1721 5298 negare
1750 5228 2005 5289 declinat,
2040 5246 2069 5298 ιΔ
2090 5236 2194 5280 etc.

956 5304 1066 5373 (‘18)
1113 5299 1437 5373 Ποιητικῶς
1462 5314 1546 5353 τε.
1590 5296 2111 5373 Ᾱριὶυξ-ποιητικῶς
2143 5305 2356 5373 ys,_au_t
2385 5296 2443 5373 τε

882 5365 1359 5443 ειιροι·ἰάευιιέει.
1385 5365 2059 5443 δγιτβιῖιιοζ-τ-ῌΠοιητικγῶς
2101 5384 2183 5443 τι,
2238 5366 2444 5420 Heinsii

882 5433 1036 5495 et'eo
1066 5442 1395 5510 posteriores
1419 5441 1579 5510 editi.
1618 5433 1894 5510 exhibeant.
1930 5433 2097 5510 Porro
2129 5438 2269 5491 hanc
2292 5450 2445 5490 com—

883 5507 1228 5583 pclrlationem
1260 5513 1508 5583 superius
1540 5508 1881 5583 lloinericam
1915 5507 2142 5583 vocavit.

955 5582 1069 5652 (29)
1124 5573 1542 5652 ξιιάτιιινοῦονιιρἈ
1573 5578 1919 5652 Quantopere
1965 5575 2170 5652 laudati
2220 5573 2439 5652 fuerint,

885 5645 980 5712 Qui
1030 5645 1085 5707 in
1130 5651 1273 5705 bello
1315 5645 1721 5711 occubuissent,
1772 5646 2013 5699 declarat
2070 5646 2299 5712 insignis
2351 5645 2440 5698 illa

886 5708 1113 5778 ﬁericlis
1155 5720 1331 5776 oratio
1377 5720 1517 5788 apud
1563 5708 1807 5788 Iliueyd.
1857 5716 1948 5769 lib.
2002 5732 2059 5782 ιι,
2114 5708 2441 5769 ριῬΙιιιοηιε

886 5792 1151 5850 sententia
1185 5791 1238 5844 in
1263 5787 1562 5843 Ηεηραειιο.
1595 5787 1661 5841 R.
1688 5788 1946 5842 Svtennc.

954 5862 1065 5931 (δυ)
1111 5862 1329 5928 ’Ὠσπερ
1381 5858 1763 5930 μολπῖδίὸης.
1831 5853 2105 5912 Platonem
2175 5855 2435 5910 imitatur.

2538 1992 2595 2046 δὲ
2625 1994 2833 2066 Κυρίῳ,
2856 1994 2925 2049 δι’
2952 1990 3021 2067 ἧς
3046 1995 3388 2052 ἀνεδείκνυτο
3414 1994 3492 2066 τῷ
3524 1994 3714 2065 Κυρίῳ
3760 1995 3854 2047 καὶ¹
3890 1994 4000 2064 πρὸ
4027 1994 4123 2062 τῆς

2537 2084 2804 2153 γενέσεως
2841 2086 2943 2159 τὴν
2978 2086 3297 2159 προαίρεσιν
3334 2084 3427 2139 τοῦ
3460 2087 3903 2158 μαρτυρήσαντος
3940 2085 4119 2137 εἰδότι.

2538 2175 2899 2249 Εὺθαρσήσας
2942 2179 3122 2234 τοίνυν
3165 2178 3305 2250 πρὸς
3341 2178 3492 2247 φίλον
3518 2179 3610 2231 τὸν
3635 2176 3858 2248 Κύριον,
3890 2175 4032 2246 ὑπὲρ
4063 2169 4123 2228 οὗ

2540 2268 2718 2321 καὶτὸ
2744 2268 2905 2340 σῶμα
2935 2270 3078 2324 ἑκὼν
3104 2270 3448 2334 ἐπιδέδωκεν,
3494 2271 3630 2342 πρὸς
3657 2270 3713 2323 δὲ
3756 2269 3850 2324 καὶ
3884 2269 3985 2339 τὴν
4019 2268 4123 2337 ψυ-

2540 2358 2659 2427 χὴν,
2687 2356 2763 2421 ὡς
2806 2359 2857 2410 oi
2901 2358 3151 2413 δικασταὶ
3192 2359 3630 2431 προσεδόκησαν,
3673 2360 3909 2431 ἔρχεται,
3946 2376 3966 2411 ι
4004 2359 4124 2428 φίλε

2540 2448 2831 2520 κασίγνητε
2869 2467 2888 2501 ι
2926 2451 3223 2520 ποιητικῶς
3270 2467 3333 2519 γε
3400 2450 3511 2523 (28)
3555 2452 3791 2515 ἀκούσας
3844 2452 3981 2523 πρὸς
4028 2452 4123 2504 τοῦ

2540 2539 2791 2609 Σωτῆρος
2818 2540 2993 2611 ἡμῶν,
3020 2542 3107 2597 διά
3145 2543 3242 2613 τὴν
3281 2540 3375 2595 τοῦ
3402 2540 3519 2611 βίου
3560 2542 3869 2611 ὁμοιότητα.
3915 2541 4125 2593 Αὐτίκα

2546 2650 2564 2681 ι
2599 2631 2875 2685 τελείωσιν
2899 2651 2918 2685 ι
2937 2632 2999 2686 τὸ
3016 2633 3310 2705 μαρτύριον
3332 2633 3624 2705 καλοῦμεν,
3654 2633 3751 2705 οὐχ
3775 2635 3856 2687 ὅτι
3881 2652 3900 2684 ι
3922 2633 4078 2696 τέλος
4098 2651 4118 2684 ι

2539 2721 2633 2775 τοῦ
2663 2721 2779 2791 βίου
2815 2723 2844 2775 ὀ
2888 2722 3171 2795 ἄνθρωπος
3217 2722 3425 2787 ἐλαϐεν,
3460 2725 3537 2788 ὡς
3575 2726 3624 2777 οἱ
3667 2724 3863 2788 λοιποὶ,
3893 2723 4009 2777 ἀλλ’
4042 2725 4123 2776 ὅτι

2546 2831 2564 2863 ι
2597 2812 2799 2867 τέλειον
2834 2832 2853 2864 ι
2883 2813 3039 2885 ἔργον
3071 2813 3293 2885 ἀγάπης
3329 2814 3657 2881 ἐνεδείξατοο
3702 2817 3794 2869 καὶ⁹
3820 2817 3868 2868 oi
3902 2816 4123 2869 παλαιοὶ

2539 2903 2595 2956 δὲ
2644 2905 2751 2959 τῶν
2792 2908 2920 2977 παρ’
2948 2906 3191 2977 Ἕλλησι,
3235 2905 3345 2959 τῶν
3383 2908 3441 2959 ἐν
3484 2905 3704 2977 πολέμῳ
3758 2906 4123 2960 ὲπιθανὸντων

2539 2995 2636 3067 τὴν
2662 2995 2917 3067 τελευτὴν
2945 2998 3254 3052 ἐπαινοῦσιν
3292 2997 3424 3068 (29),
3463 2999 3522 3051 οὐ
3563 2999 3624 3051 τὺ
3663 2998 3850 3069 βιαίως
3881 2998 4088 3067 ἀποθνή
4110 3024 4122 3034 -

2541 3105 2690 3142 σκειν
2719 3087 3187 3158 συμϐουλεύοντες,
3214 3088 3329 3142 ἀλλ’
3355 3090 3436 3141 ὅτι
3461 3090 3490 3141 ὁ
3513 3088 3653 3142 κατά
3686 3088 3917 3159 πόλεμον
3944 3089 4124 3141 τελευ-

2539 3180 2645 3232 τῶν
2689 3179 2850 3252 ἀδεὴς
2890 3180 2986 3233 τοῦ
3034 3181 3214 3233 θανεῖν
3259 3179 3621 3251 ἀπήλλακται,
3666 3180 4001 3251 ἀποτμηθεὶς
4026 3180 4121 3232 τοῦ

2542 3268 2814 3341 σώματος,
2848 3271 2943 3325 καὶ
2973 3271 3034 3325 οὐ
3081 3269 3379 3344 προκαμὼν
3419 3272 3483 3341 τῇ
3533 3269 3701 3340 ψυχῇ,
3729 3269 3846 3322 οὐδὲ
3874 3286 4123 3339 καταμα-

2541 3361 2839 3425 λακισθεὶς,
2866 3358 2954 3414 οἷα
2993 3362 3121 3433 περὶ
3154 3361 3254 3425 τάς
3285 3361 3471 3423 νόσους
3513 3361 3810 3430 πάσχουσιν
3840 3359 3889 3410 oi
3915 3358 4124 3428 ἄνθρω-

2540 3470 2664 3506 ποιο
2699 3452 3133 3507 ἀπαλλάττονται
3168 3451 3276 3523 γὰρ
3315 3450 3731 3521 θηλυκευὸμενοι
3773 3450 3865 3502 καὶ
3910 3446 4121 3519 ίμειρὸ-

2546 3560 2692 3613 μενοι
2724 3540 2818 3595 τοῦ
2844 3540 2969 3612 ζῇνο
3005 3541 3093 3595 διὰ
3121 3542 3294 3595 ταῦτα
3344 3539 3463 3593 οὐδὲ
3506 3539 3751 3598 καθαρὰν
3796 3538 4121 3592 ἀπολύουσιν

2541 3634 2638 3704 τὴν
2667 3634 2865 3705 ψυχὴν,
2896 3632 3010 3686 ἀλλ’
3058 3633 3243 3706 ῶσπερ
3284 3632 3599 3705 μολυϐδίδας
3631 3631 3744 3701 ('50)
3785 3630 3885 3692 τὰς
3933 3629 4122 3683 ἐπιθυ-

2545 3727 2671 3797 μίας
2706 3726 2823 3797 μεθ’
2855 3726 3053 3797 ἑαυτῆς
3082 3726 3404 3799 φερομένην,
3439 3728 3487 3779 εί
3523 3726 3595 3797 μή
3629 3741 3772 3786 τινες
3798 3721 4000 3775 τούτων
4031 3718 4120 3773 ιλ-

2542 3817 2755 3888 λόγιμοι
2781 3818 2899 3872 κατ’
2928 3818 3127 3890 ἀρετὴν
3156 3820 3460 3887 γεγόνασιν.
3494 3817 3613 3868 Εἰσὶ
3639 3815 3696 3868 δὲ
3734 3815 3827 3868 καὶ
3852 3814 3900 3866 οἳ
3928 3815 3985 3863 ὲν
4018 3826 4118 3861 πο-

2541 3906 2692 3979 λὲμῳ
2742 3910 2855 3980 μετ’
2911 3908 3213 3979 ἐπιθυμιῶν
3262 3908 3723 3976 ἀποθνήσκουσιν,
3775 3905 3926 3958 οὐδὲν
3974 3896 4119 3954 οὗτοι

2541 3998 2904 4070 διαφέροντες,
2929 4002 2976 4054 εί
3017 4000 3110 4054 καὶ
3145 3999 3286 4069 νόσῳ
3324 3999 3802 4069 κατεμαραίνοντο.
3838 3996 3902 4048 Et
3939 3994 4119 4047 τοίνυν

2540 4090 2571 4159 ἡ
2606 4088 2737 4159 πρὸς
2775 4089 2905 4143 Θεὸν
2954 4090 3213 4161 ὁμολογία
3245 4090 3513 4162 μαρτυρία
3539 4090 3675 4150 ἐστὶ,
3705 4089 3852 4140 πᾶσα
3885 4088 3918 4154 ἡ
3949 4083 4121 4137 καθείς

2546 4180 2652 4250 ρῶς
2684 4181 3114 4253 πολιτευσαμένη
3140 4182 3282 4252 ψυχὴ
3316 4185 3428 4252 μετ’
3458 4181 3800 4250 ἐπιγνώσεως
3831 4177 3924 4230 τοῦ
3957 4177 4114 4239 Θεοῦ,

2539 4274 2570 4341 ή
2618 4275 2737 4336 ταῖς
2779 4272 3018 4335 ὲντολαίς
3065 4273 3417 4341 ὲπακηκουία,
3459 4273 3668 4343 μάρτυς
3716 4270 3830 4322 ἐστὶ
3878 4270 3972 4322 καὶ
4019 4270 4118 4340 βίῳ

2541 4366 2634 4418 καὶ
2687 4365 2849 4435 λόγῳ,
2897 4365 3046 4428 ὅπως
3096 4365 3222 4418 ποτὲ
3265 4364 3358 4417 τοῦ
3402 4365 3652 4435 σώματος
3682 4360 4115 4431 ἀπαλλάττηται·

2540 4450 2650 4508 οἷον
2684 4450 2822 4524 αἷμα
2865 4455 2965 4525 τὴν
2998 4456 3178 4509 πίστιν
3210 4456 3312 4509 ἀνὰ
3350 4457 3439 4509 τὸν
3480 4454 3592 4525 βίον
3620 4454 3852 4516 ἅπαντα,
3886 4454 4021 4525 πρὸς
4060 4456 4120 4510 δὲ

2475 4583 2523 4643 D
2548 4546 2642 4597 καὶ
2678 4546 2777 4615 τὴν
2819 4543 2995 4608 ἔξοδον
3031 4548 3391 4617 πῳσχέουσα.
3437 4543 3644 4598 Αὐτίκα
3669 4546 3697 4596 ὁ
3725 4543 3926 4615 Κύριος
3954 4549 4013 4602 ὲν
4041 4546 4119 4616 τῷ

2549 4635 2868 4704 Εὐαγγελίῳ
2899 4636 3062 4706 φησίν
3079 4656 3092 4668 ·
3115 4657 3133 4690 ι
3150 4641 3244 4703 Ὃς
3270 4640 3336 4694 ἂν
3364 4637 3663 4710 καταλείψῃ
3688 4638 3914 4709 πατέρα,
3943 4638 3978 4710 ἦ
4015 4653 4119 4708 μη-

2548 4726 2700 4797 τέρα,
2733 4724 2766 4794 ἢ
2794 4725 3065 4795 ἀδελφοὺς,
3093 4748 3109 4780 ι
3129 4734 3221 4783 καὶ
3260 4732 3327 4784 τὰ
3365 4729 3510 4797 ἑξῆς,
3541 4726 3855 4781 «ἐνεκεντοῦ
3872 4729 4117 4796 Εὐάγγε-

2541 4816 2656 4868 λίου
2706 4817 2798 4871 καὶ
2845 4818 2936 4872 τοῦ
2990 4822 3251 4893 ὀνόματός
3281 4838 3405 4890 μου,
3450 4838 3467 4869 ι
3504 4818 3766 4889 μακάριος
3811 4820 3992 4873 οὑτοσί
4007 4835 4019 4847 ·
4054 4814 4116 4870 οὐ

2553 5086 2685 5160 Nam
2710 5090 2795 5144 ille
2818 5092 2960 5147 haud
2980 5092 3137 5160 longe
3155 5089 3223 5143 ab
3251 5087 3367 5160 in_it.
3400 5086 3493 5140 lib.
3512 5084 3675 5160 v_nDe
3700 5086 3901 5160 repub.,
3921 5081 4112 5160 p.595,

2553 5159 2626 5212 ait
2652 5160 2862 5232 ;_Toﬁro
2922 5156 3108 5232 pévmi
3154 5160 3213 5211 τὸ
3256 5157 3354 5225 τῆς
3409 5156 3937 5232 τοιαρτης-φύῌσεως,
3963 5157 4015 5232 εί
4052 5157 4119 5209 ὲκ

2553 5229 2737 5310 εταιδδς
2757 5222 3625 5310 55°95xméeﬁvezzrsptsasécn'
3639 5222 3829 5310 τᾲζτῆξ
3850 5222 4117 5310 ῖενέσεως

2553 5298 2817 5372 ξυγγενῆ,
2844 5301 3035 5372 ῶσπερ
3056 5295 3516 5372 λμολυὸδίδαςηαί
3550 5295 3901 5372 δῆηέδωδαῖς
3930 5308 3992 5344 τε
4024 5295 4115 5372 καὶ

2551 5364 2679 5422 τῶξρ⁷
2710 5364 2965 5425 τοὶῥύτων
3006 5364 3315 5442 ἠὀοναῖςιτε
3361 5367 3452 5419 καὶ
3484 5364 3757 5442 Δλιχνείαις⁹
3820 5364 4115 5442 προσφυεῖς

2545 5442 2889 5512 γιγνόμεναι,
2915 5431 3051 5512 -πξρῖ
3082 5436 3152 5512 τέι
3183 5437 3329 5512 κάτει)
3371 5431 3662 5512 “medim
3690 5431 3915 5512 τὴνέῖις
3939 5431 4114 5504 ψυχῆς

2545 5500 2752 5581 wh},
2783 5512 2839 5566 Si
2876 5500 2947 5564 δι)
2977 5500 3080 5561 Hoc
3120 5505 3336 5581 ingenio
3374 5500 3564 5581 statim
3605 5524 3633 5581 a
3662 5500 3892 5574 pueritia
3915 5500 4117 5581 ampu-

2548 5572 2747 5644 téntur,
2774 5595 2895 5651 qum
2939 5586 3067 5630 sunt
3095 5572 3459 5651 generationis
3485 5572 3685 5651 aliinia',
3716 5587 3852 5651 i_ceu
3872 5572 4115 5651 plumbea

2546 5642 2808 5717 pondera:
2848 5667 2866 5698 ι
2921 5662 3042 5715 (μιίὲ
3093 5649 3630 5717 eomestionibus,_et_
3671 5642 3981 5717 hujusmodi
4016 5659 4113 5717 vn-

2550 5712 2868 5789 lnptatibus.
2900 5712 2953 5770 et
2981 5716 3313 5789 libidinibus,
3345 5729 3509 5788 atque
3530 5712 3739 5769 deliciis
3769 5712 4113 5780 inhaerentia,

2550 5788 2745 5845 mentis
2780 5789 2950 5843 acicm
2981 5788 3046 5842 ad
3077 5788 3333 5845 inferiora
3363 5790 3685 5855 detorquent
3704 5824 3718 5847 ,
3745 5800 3763 5833 ι
3797 5792 3901 5841 etc.
