4464 6612
361 526 500 582 1257

361 643 523 714 φησὶν
547 643 576 694 ὁ
604 633 899 696 Χαλκιδεὺς
937 634 1241 708 Εὐφορίων·

359 759 558 814 Κακὸν
589 749 701 807 οὖν
727 745 805 819 ἦν
828 749 893 801 τὸ
921 749 1190 818 παίδευμ⁹
1228 751 1314 813 εις
1344 744 1665 819 ερανδρίαν

371 829 425 879 '0
458 823 718 883 πλοῦτος
746 815 1160 887 ἆνθρώποισιν,
1191 821 1252 873 αἳ
1283 820 1331 869 τ’
1366 815 1518 884 ἄγαν
1546 819 1778 886 τρυφαὶ,

361 944 419 995 ὲν
446 938 522 1007 τῷ
563 932 920 1004 Ἀλεξάνδρῳ
950 937 978 988 6
1021 933 1319 1008 Εὐριπίδης
1351 931 1664 1000 πεποίηκεν.
1696 933 1920 1002 Εἴρηται
1955 927 1962 935 ’

361 1048 446 1100 γε,
468 1049 485 1080 ι
515 1027 579 1080 Ἥ
599 1027 755 1081 πενία
782 1028 890 1100 (51)
919 1029 1108 1098 σοφίαν
1124 1026 1276 1094 λάχε,
1301 1021 1392 1074 διὰ
1416 1021 1478 1076 τὸ
1508 1025 1763 1093 συγγενές
1784 1021 1918 1093 (52).

370 1125 432 1175 ’Λ
477 1119 876 1192 φιλοχρηματία
923 1122 1030 1192 (53)
1075 1120 1132 1173 δὲ
1161 1117 1220 1170 οὺ
1251 1116 1527 1185 Σπάρταν
1561 1119 1718 1190 μόνον
1737 1159 1751 1184 ,
1789 1117 1925 1171 ἀλλὰ

361 1215 568 1270 πᾶσαν
595 1219 774 1271 πόλιν
791 1219 898 1272 ἓλοι
928 1217 1010 1271 ἄν.
1046 1233 1067 1265 3
1085 1242 1157 1254 —
1177 1231 1197 1263 ι
1230 1210 1434 1265 Οὔκουν
1461 1212 1568 1283 (54)
1594 1213 1750 1284 μόνον
1769 1209 1926 1262 τοῦτο

358 1308 618 1378 νόμισμα,
647 1309 836 1373 λευκὸς
871 1310 1106 1380 ἄργυρος
1135 1303 1169 1374 ῆ
1200 1306 1424 1375 χρυσός,
1456 1303 1626 1368 ἐστιν,
1665 1301 1802 1357 ἀλλά
1833 1302 1924 1356 καὶ

359 1403 395 1470 ἡ
429 1400 595 1472 ἁρετὴ
627 1402 853 1473 βροτοῖς,
898 1429 916 1454 ι
945 1401 1020 1461 ὼς
1051 1399 1214 1468 φησὶν
1247 1402 1274 1450 6
1299 1402 1588 1474 Σοφοκλῆς.

1617 515 2039 571 STROMATUM
2083 513 2209 568 LIB.
2251 508 2338 565 Π.

1952 619 1996 674 Α
2024 636 2102 692 ait
2124 634 2435 704 Euphorion
2463 633 2842 690 Chalcidensis

3451 517 3587 573 l238

2099 747 2197 801 Nil
2228 749 2373 817 peius
2398 749 2581 816 opibus
2605 747 2968 817 fortitudinem
2997 749 3144 802 docet

2098 816 2344 873 flamines
2377 818 2628 882 misellos,
2655 820 2918 888 nimiaque
2943 816 3177 873 luxuries
3204 834 3394 882 cantes,

2026 933 2164 988 dixit
2200 934 2254 989 in
2291 931 2594 988 Alexandro
2643 929 2950 1002 Euripides.
2990 929 3203 987 Dictum
3255 943 3403 988 certe
3446 941 3531 986 est
3569 947 3586 984 :

2031 1043 2050 1078 ι
2087 1024 2397 1096 Paupertati
2427 1023 2620 1094 obtigit
2645 1024 2907 1094 sapientia
2935 1031 3156 1094 propter
3176 1025 3588 1095 cognationem;

2023 1132 2175 1172 amor
2201 1125 2383 1171 autem
2407 1114 2648 1184 pecuniae
2669 1131 2776 1170 non
2802 1115 2977 1170 solum
3005 1113 3276 1184 Spartam,
3312 1117 3404 1168 sed
3426 1115 3590 1170 etiam

2023 1211 2258 1280 quamvis
2289 1206 2468 1261 urbem
2499 1208 2720 1278 ceperit.
2757 1226 2776 1258 3
2802 1235 2875 1247 —
2901 1225 2920 1259 ι
2953 1205 3071 1262 Non
3111 1213 3196 1262 est
3222 1220 3352 1275 ergo
3388 1206 3475 1261 hic
3500 1222 3592 1262 so-

2021 1303 2134 1358 lum
2183 1314 2477 1366 nummus,
2525 1300 2710 1355 album
2754 1305 3036 1369 argentum
3080 1298 3165 1351 vel
3216 1312 3445 1362 aurum,
3497 1298 3590 1351 sed

2023 1397 2186 1450 etiam
2218 1393 2388 1448 virtus
2417 1393 2760 1454 mortalibus,
2797 1411 2814 1442 3
2855 1399 2914 1444 ut
2939 1389 3016 1444 ait
3043 1388 3354 1459 Sophocles.

1803 1535 2032 1592 CAPUT
2075 1534 2162 1591 Vl.

1453 1657 1669 1726 Aliquot
1708 1653 2093 1709 beatitudinum
2147 1653 2326 1720 capita
2357 1654 2590 1722 exponit.

442 1774 500 1830 ὐ
523 1775 711 1848 Σωτὴρ
738 1773 891 1846 ήμῶν
923 1773 952 1826 6
984 1771 1136 1840 ἅγιος
1159 1772 1252 1825 καὶ
1271 1772 1364 1825 ἐπὶ
1381 1770 1490 1824 τῶν
1518 1769 1922 1839 πνευματικῶν,

2116 1772 2174 1828 >3
2207 1765 2463 1820 Servator
2487 1772 2671 1820 autem
2715 1773 2902 1819 noster
2949 1764 3038 1818 ille
3072 1771 3329 1829 sanctus,
3380 1770 3496 1815 tum
3527 1761 3594 1814 ad

360 1866 456 1919 καὶ
477 1867 570 1917 ἐπὶ
599 1865 708 1917 τῶν
734 1859 1027 1930 αἰσθητῶν,
1054 1859 1151 1931 τὴν
1183 1861 1392 1924 πενίαν,
1429 1859 1522 1912 καὶ
1559 1857 1652 1910 τὸν
1678 1857 1928 1923 πλοῦτον,
1963 1859 2006 1912 Β
2035 1857 2116 1926 spi

1828 1875 1928 1923 τον,
1963 1859 2006 1912 Β
2035 1857 2365 1926 spiritualia,
2400 1866 2514 1912 tum
2544 1855 2610 1911 ad
2637 1855 2859 1912 sensilia
2882 1853 3173 1923 applicavit
3199 1861 3591 1923 paupertatem.

360 1957 456 2010 καὶ
479 1955 547 2008 τὰ
563 1957 771 2014 τούτοις
793 1953 980 2021 ὅμοια,
1015 1951 1220 2018 ἔταξεν·
1249 1949 1418 2004 εἰπὼν
1443 1949 1572 2021 γὰρ,
1606 1967 1625 2000 ι
1657 1950 1931 2022 Μακάριοι

361 2047 411 2097 oi
457 2044 797 2115 δεδιωγμένοι
843 2042 1023 2096 ἕνεκεν
1074 2041 1438 2114 δικαιοσύνης,
1489 2061 1508 2092 3
1560 2041 1743 2110 σαφῶς
1784 2043 1932 2112 ἡμᾶς

361 2135 678 2201 διδάσκει-ὲν
698 2133 846 2207 πάσῃ
873 2135 1185 2206 περιστάσει
1211 2135 1302 2188 τὸν
1326 2133 1578 2205 μάρτυρα
1608 2133 1808 2203 ζητεῖν·
1835 2133 1896 2196 ὃς
1913 2173 1929 2196 ,

363 2226 457 2278 ἐὰν
496 2221 706 2292 πτωχὸς
829 2221 916 2275 διὰ
955 2221 1318 2291 δικαιοσύνην,
1371 2239 1390 2272 ι
1437 2222 1703 2291 μαρτυρεῖ
1745 2218 1858 2290 (55)
1906 2237 1927 2268 3

361 2314 700 2384 δικαιοσύνην
722 2313 920 2382 ἀγαθὸν
947 2311 1108 2378 εἶναι,
1138 2314 1204 2383 ἢν
1229 2312 1532 2382 ἠγάπησεν·
1567 2329 1586 2361 (
1613 2310 1718 2364 κᾶν
1747 2311 1930 2380 πεινῇ,

363 2407 464 2460 κᾶν
494 2406 618 2474 διψῇ
649 2404 736 2457 διὰ
756 2405 1114 2476 δικαιοσύνην,
1149 2425 1169 2457 3
1204 2393 1470 2476 μαρτυρεῖ
1497 2402 1839 2472 δικαιοσύνην
1871 2399 1934 2453 τὸ

363 2498 580 2568 ἄριστον
625 2497 926 2566 τυγχάνειν.
983 2499 1215 2567 Ὁμοίως
1255 2497 1310 2548 δὲ
1343 2496 1434 2549 καὶ
1475 2497 1504 2547 6
1548 2493 1749 2546 κλαίων
1782 2491 1878 2544 καὶ
1905 2492 1935 2544 6

366 2586 575 2641 πενθῶν
597 2588 685 2642 διὰ
716 2589 1053 2660 δικαιοσύνην
1083 2590 1352 2660 μαρτυρεῖ
1377 2585 1454 2656 τῷ
1479 2585 1738 2654 βελτίστῳ
1783 2583 1936 2652 νόμῳ

365 2676 502 2732 εἶναι
536 2679 702 2749 καλῷ.
751 2681 835 2743 Ὡς
867 2677 955 2734 οὖν
990 2699 1006 2731 ι
1038 2680 1162 2742 τοὺς
1193 2677 1604 2746 δεδιωγμένους,
1655 2691 1672 2724 ι
1713 2672 1851 2725 οὕτω
1878 2671 1935 2724 δὲ

367 2770 458 2822 καὶ
489 2789 507 2820 ι
536 2770 660 2832 τοὺς
704 2769 998 2832 πεινῶντας
1029 2768 1120 2821 καὶ
1155 2768 1280 2828 τοὺς
1319 2763 1585 2833 διψῶντας
1619 2761 1706 2813 διὰ
1737 2760 1940 2812 δικαιο-

366 2859 551 2930 σύνην,
597 2879 614 2911 ι
669 2861 967 2930 μακαρίους
1011 2859 1179 2925 λέγει,
1229 2859 1258 2908 ὁ
1289 2855 1380 2907 τὸν
1422 2854 1642 2922 γνήσιον
1683 2850 1940 2920 ἀποδεχό-

371 2965 530 3018 μενος
571 2947 730 3001 πόθον
782 2948 914 3017 (56),
962 2946 1019 2999 ὃν
1063 2946 1184 2998 οὐδὲ
1221 2944 1376 3013 λιμὸς
1408 2941 1660 3009 διακόψαι
1693 2939 1931 3008 ἴσχυσεν.

370 3040 489 3092 ΚΞιν
533 3059 551 3090 ‹
593 3041 687 3110 τὴν
727 3039 1068 3106 δικαιοσύνην
1125 3036 1294 3105 αὐτὴν
1349 3033 1592 3105 πεινῶετι,
1650 3034 1931 3103 μακάριοι.

376 3130 630 3198 μακάριοι
662 3150 680 3181 3
713 3131 767 3182 δὲ
807 3131 899 3182 καὶ
933 3148 950 3178 ι
994 3130 1042 3179 οἱ
1075 3127 1276 3194 πτωχοὶ
1328 3145 1345 3176 3
1392 3125 1500 3176 εἴτε
1537 3143 1555 3173 ι
1595 3124 1862 3194 πνεύματι
1906 3141 1930 3174 3

2031 1957 2086 2003 et
2109 1948 2346 2014 divitias,
2375 1957 2428 2003 et
2447 1962 2570 2017 quae
2594 1956 2722 2003 sunt
2743 1947 2828 2002 his
2857 1946 3077 2002 similia.
3105 1944 3243 2000 Cum
3266 1944 3412 1998 enim
3439 1943 3596 1997 dixit:

2039 2055 2057 2087 ι
2097 2037 2282 2104 Beati,
2309 2037 2400 2107 qui
2423 2036 2856 2106 persecutionem
2887 2036 3169 2104 patiuntur
3195 2044 3416 2104 propter
3435 2033 3598 2102 justi-

2033 2130 2164 2183 tiam
2194 2141 2242 2194 ει,
2275 2147 2294 2181 3
2336 2138 2520 2198 aperte
2558 2144 2662 2184 nos
2687 2134 2879 2194 docet,
2927 2130 2980 2182 in
3015 2127 3164 2183 omni
3195 2143 3328 2183 casu
3354 2143 3598 2196 quaerere

2033 2228 2365 2290 martyrem;
2397 2219 2513 2289 qui,
2546 2220 2592 2274 si
2619 2219 2782 2275 fuerit
2809 2236 3015 2291 pauper
3043 2227 3264 2289 propter
3292 2218 3589 2287 justitiam,

2039 2331 2057 2364 ι
2085 2321 2316 2369 testatur
2345 2330 2365 2364 3
2396 2326 2518 2368 esse
2545 2311 2774 2378 bonum,
2797 2328 2958 2381 quam
2981 2311 3188 2374 dilexit,
3212 2309 3516 2380 justitiam;
3546 2316 3599 2363 et

2033 2398 2079 2452 si
2118 2416 2137 2450 ι
2167 2398 2376 2453 esuriat
2407 2407 2462 2454 et
2492 2397 2642 2453 sitiat
2679 2409 2903 2469 propter
2945 2397 3234 2467 justitiam,
3270 2416 3290 2449 3
3324 2397 3596 2467 justitiam

2034 2497 2263 2545 testatur
2284 2506 2404 2546 esse
2428 2491 2716 2560 optimum.
2741 2490 3004 2546 Similiter
3024 2503 3202 2546 autem
3226 2492 3320 2561 qui
3345 2491 3434 2546 ﬂet
3453 2508 3596 2561 quo-

2035 2596 2141 2650 que
2170 2590 2225 2635 et
2289 2581 2436 2652 luget
2475 2591 2695 2653 propter
2729 2582 3033 2653 justitiam,
3071 2591 3301 2638 testatur
3333 2583 3596 2652 optimam

2036 2672 2208 2743 legem
2237 2688 2359 2729 esse
2396 2675 2679 2744 pulchram
2705 2684 2760 2731 et
2786 2677 3092 2731 honestam.
3126 2673 3596 2742 Quemadmodum

2035 2780 2167 2835 ergo
2193 2780 2308 2830 eos,
2340 2785 2360 2819 ι
2386 2766 2480 2837 qui
2505 2767 2935 2837 persecutionem
2957 2770 3259 2837 patiuntur,
3285 2786 3305 2820 3
3331 2767 3405 2823 ita
3435 2767 3604 2822 etiam

2043 2876 2061 2909 ε
2094 2857 2187 2928 qui
2211 2858 2462 2915 esuriant
2485 2868 2540 2915 et
2558 2859 2752 2916 sitiunt
2779 2868 3001 2931 propter
3021 2859 3310 2928 justitiam,
3345 2877 3366 2912 3
3409 2859 3599 2914 beatos

2035 2949 2188 3016 dicit,
2223 2950 2497 3006 sincerum
2549 2952 2857 3021 approbans
2907 2952 3279 3019 desiderium,
3331 2950 3474 3021 quod
3531 2965 3600 3004 ne

2037 3039 2213 3096 fames
2240 3041 2460 3111 quidem
2493 3043 2669 3112 potuit
2698 3042 3052 3113 perfringere.
3082 3041 3150 3098 Et
3178 3043 3225 3098 si
3260 3061 3279 3094 ι
3317 3041 3489 3112 ipsam
3521 3041 3597 3095 si-

2035 3132 2174 3186 tiant
2197 3132 2494 3202 justitiam,
2526 3135 2668 3188 beati
2697 3134 2746 3188 ι).
2783 3133 2931 3188 Beati
2956 3142 3084 3188 sunt
3119 3153 3138 3187 3
3178 3141 3359 3188 autem
3411 3150 3429 3182 ι
3467 3147 3602 3201 pau-

368 3226 476 3277 ιίτε
511 3223 812 3296 περιουσίᾳ,
846 3223 932 3276 διὰ
972 3222 1317 3291 δικαιοσύνην
1345 3219 1604 3288 δηλονότι.
1629 3220 1719 3290 Μή
1753 3236 1805 3271 τι
1836 3214 1928 3272 οὖν
1957 3232 1997 3286 C
2031 3239 2131 3293 per.

1836 3214 1928 3272 οὖν
1957 3232 1997 3286 C
2031 3239 2190 3293 peres
2217 3242 2236 3276 3
2271 3240 2511 3295 quoque,
2539 3225 2653 3281 sive
2684 3242 2703 3277 ι
2734 3225 2932 3294 spiritu
2955 3235 3003 3293 ο,
3032 3245 3052 3278 3
3086 3224 3202 3280 sive
3224 3223 3596 3286 facultatibus,

445 3347 502 3403 »Β
542 3339 600 3392 Ρ.
634 3339 739 3393 575
767 3338 871 3392 El).
902 3337 1197 3401 POTTER,
1225 3336 1328 3390 481
1363 3335 1468 3388 ED.
1499 3333 1721 3388 PARIS.

437 3456 688 3510 Refertur
722 3473 750 3510 a
781 3455 996 3510 Stobaao
1023 3457 1102 3510 tit.
1138 3457 1197 3510 9|
1233 3475 1246 3509 :

377 3527 442 3578 Ὀ
465 3527 532 3578 δὲ
563 3527 830 3590 Πλοῦτος
860 3526 1034 3593 ἡμᾶς,
1063 3525 1328 3592 καθάπερ
1363 3526 1557 3592 ἰατρὸς
1583 3526 1783 3592 κακὸς,

373 3597 662 3664 Τυφλοὺς,
698 3597 1046 3661 βλέποντας
1084 3594 1459 3663 παραλαϐὼν,
1492 3594 1720 3661 πάντας
1749 3596 1921 3650 ποιεῖ.

381 3664 574 3718 Verum
603 3667 804 3719 divitia:
836 3682 949 3730 nos,
982 3683 1071 3718 ceu
1107 3666 1278 3719 malus
1309 3666 1558 3730 medicus,

378 3734 620 3790 Videntes
646 3745 938 3803 assumplos
970 3752 1144 3788 omnes
1171 3745 1449 3788 excrecant.

368 3805 642 3873 Euripidis
675 3819 838 3873 porro
867 3807 1132 3858 sententia
1164 3805 1362 3874 ibidem
1398 3804 1676 3874 recitatur,
1708 3806 1795 3859 ubi
1829 3821 1926 3874 pro

369 3875 536 3928 κακὸν
567 3874 628 3926 τὸ
680 3875 930 3942 παίδευμ’
982 3877 1060 3937 εἰς
1101 3873 1402 3942 εὐανδρίαν,
1441 3873 1653 3941 legitur,
1683 3873 1850 3929 κακόν
1876 3893 1928 3928 τι

373 3943 621 4016 βούλευμ’
643 3945 728 4016 ἄρ’
754 3947 831 4006 είς
865 3945 1169 4016 εὐανδρίαν.
1211 3943 1456 4016 «Malum
1487 3960 1616 3998 sane
1642 3947 1930 4000 consilium

369 4013 436 4068 ad
457 4013 822 4067 fortitudinem
848 4023 974 4068 sunt
1003 4013 1204 4067 divitia!
1237 4013 1568 4068 hominibus.
1596 4034 1615 4066 3
1641 4019 1698 4067 In
1733 4032 1930 4070 manu-

371 4086 574 4155 scripto
600 4085 799 4137 citatur
824 4086 924 4137 hoc
950 4085 1239 4137 distichum
1265 4099 1330 4135 ex
1371 4082 1676 4155 Alexandro
1713 4084 1932 4155 Euripi-

369 4154 476 4216 dis,
524 4170 653 4215 non,
696 4163 754 4207 ut
805 4155 962 4207 habet
1010 4155 1328 4220 impressus,
1374 4167 1439 4204 ex
1489 4153 1812 4209 Alexandra.
1848 4153 1935 4209 in.

370 4222 558 4296 Crisaeo
578 4223 872 4296 Clementh
893 4236 1028 4296 erat,
1056 4223 1112 4273 ἐν
1138 4221 1218 4296 τῷ
1256 4221 1586 4296 Ἀλεξάνδρῳ
1609 4226 1926 4296 Εὐριπίδης,

368 4298 426 4346 in
454 4293 754 4345 Alexandro
791 4291 1106 4360 Euripides;
1146 4294 1379 4360 itemque
1409 4291 1660 4362 superius
1691 4291 1821 4348 illud
1863 4291 1929 4348 ex

370 4364 676 4430 Antiphane
701 4363 1121 4431 inanuscriptus,
1147 4377 1276 4424 non,
1304 4371 1363 4414 ut
1385 4362 1704 4432 impressus,
1731 4382 1795 4418 ex
1815 4365 1932 4417 Ari-

371 4433 670 4499 stOphane;
698 4448 820 4486 cum
865 4449 972 4499 quo
1001 4447 1106 4484 non
1136 4433 1410 4495 convenit,
1437 4435 1580 4497 quod
1609 4437 1674 4487 de
1702 4435 1856 4488 Pluto
1901 4451 1931 4488 a

371 4503 652 4555 nativitate
684 4518 825 4557 aueo
859 4503 1017 4554 tradit
1039 4501 1370 4569 Euphorion,
1394 4519 1518 4556 nant
1542 4518 1571 4556 a
1599 4503 1731 4557 Jove
1752 4522 1927 4558 excut-

373 4580 554 4643 gatutn
608 4572 774 4643 fingit.
806 4570 1073 4627 COLLEC‘I‘.
1226 4567 1337 4624 Hoc
1369 4574 1572 4627 dictum
1608 4575 1931 4643 Antiphanis

372 4636 440 4692 Η.
465 4636 707 4762 (Eatenus.
750 4644 829 4695 sic
873 4644 1107 4706 exhibet,
1139 4638 1378 4709 Excerpt.
1415 4660 1441 4695 e
1491 4655 1627 4713 trag.
1673 4636 1928 4706 βίαιοι,

372 4723 428 4762 ι).
499 4726 609 4761 ους

413 4749 428 4762 σ
465 4726 609 4762 υἱ.)οζ

371 4723 428 4780 p.
465 4723 609 4762 nos:

921 4781 983 4832 ’0
1020 4781 1287 4845 Πλοῦτος
1324 4779 1512 4832 πλέον

375 4846 639 4914 Θατέρων
673 4846 1018 4916 βλέποντας
1061 4850 1432 4917 παραλαϐὼν,
1462 4851 1728 4918 τυφλοὺς
1757 4853 1929 4906 ποιεῖ.

443 4938 554 5009 (51)
592 4937 654 4991 Ἡ
683 4938 877 5009 πενία.
903 4937 1040 4992 Cum
1069 4941 1214 4996 dicto
1235 4941 1301 4995 de
1321 4950 1638 5009 paupertate
1659 4954 1928 4999 consonat

373 5008 480 5064 hoc
507 5008 779 5061 Theocriti
811 5025 824 5060 :

386 5077 449 5135 Ἀ
481 5077 1010 5150 πενίαῌΔιόφαντε,
1036 5085 1194 5148 μόνα
1232 5081 1336 5147 τὰς
1365 5079 1578 5148 τέχνας
1604 5082 1832 5150 ἐγείρει.

378 5152 642 5220 Summo.
681 5147 1047 5220 Proverbium’
1067 5162 1168 5216 est,
1199 5151 1342 5220 quod
1376 5147 1684 5206 lenodotus
1710 5147 1840 5207 citat
1865 5169 1927 5205 cx

378 5219 652 5286 Euripide,
679 5217 766 5268 alii
807 5218 1054 5272 tribuunt
1078 5217 1320 5276 Aristoni
1348 5241 1359 5274 :
1392 5241 1409 5272 ι
1455 5221 1648 5287 Ignava
1678 5236 1760 5276 est
1795 5239 1924 5289 upu—

375 5291 540 5343 lentia
576 5303 800 5340 :verunt
835 5289 1012 5358 inOpia
1037 5300 1115 5343 est
1151 5294 1350 5346 artium
1389 5293 1668 5358 repertrix,
1702 5294 1930 5358 ingenii-

376 5375 481 5427 que
509 5367 711 5417 venter,
747 5377 764 5406 3
810 5357 892 5427 ait
921 5356 1158 5415 Persius.
1193 5361 1320 5416 Vide
1349 5356 1476 5416 cbil.
1516 5361 1566 5424 1,
1594 5372 1736 5416 cent.
1762 5356 1815 5424 5,
1837 5363 1926 5426 ‘22,

373 5426 428 5482 et
461 5429 587 5482 chil.
616 5427 669 5489 2,
706 5435 848 5479 cent.
882 5426 931 5480 7.
972 5427 1100 5482 lllntl
1133 5433 1358 5485 alterum
1390 5441 1570 5485 natum
1611 5448 1674 5484 ex
1706 5432 1928 5485 oraculo

375 5501 586 5572 reddito
633 5497 904 5572 Cleomeni
936 5508 988 5550 et
1012 5499 1408 5572 _Tbeopompo,
1442 5503 1661 5572 Sparta:
1691 5504 1924 5572 regibus,

376 5580 489 5622 tuin
537 5571 751 5622 demunt
801 5568 1094 5622 vincendos
1131 5588 1252 5625 esse
1295 5568 1775 5634 Lacedzentonios;
1803 5589 1925 5624 cum

377 5655 573 5710 aurum
603 5649 674 5710 ret
726 5647 1008 5706 argentum
1059 5641 1109 5691 in
1163 5643 1336 5710 pretio
1400 5642 1662 5707 οωῃοιιίιιι
1712 5644 1924 5694 habere.

379 5708 666 5780 §opboclis
715 5725 969 5780 gnomrtL
999 5708 1287 5780 exscripsit
1337 5714 1386 5764 in
1434 5714 1524 5764 lib.
1573 5727 1589 5764 ι
1635 5711 1709 5764 Do
1737 5715 1927 5765 uirtute

379 5778 626 5849 Stobis-us
648 5777 866 5849 exirejus
891 5777 1196 5846 OEdipodef
1213 5782 1481 5835 COLLECT.

450 5846 561 5914 (5‘2)
585 5849 686 5902 Διὰ
711 5846 1103 5918 τὸουγγενὲς.
1133 5850 1230 5921 An
1248 5855 1427 5919 potius
1448 5850 1533 5903 διὰ
1562 5850 1623 5902 τὸ
1648 5849 1924 5921 δυστυχὲς,

381 5936 404 5970 ι
443 5926 659 5986 propter
687 5921 1080 5974 infortunium?
1117 5938 1135 5970 3
1182 5919 1237 5972 ld
1259 5925 1402 5976 enim
1429 5929 1603 5976 exstat
1645 5923 1782 5975 inter
1813 5919 1926 5976 fra-

379 5997 595 6058 gmenta
657 5988 865 6062 Polyidi
934 5990 1205 6060 Euripidis
1242 6033 1255 6053 ,
1323 6003 1374 6046 et
1437 5992 1581 6061 apud
1654 5990 1924 6048 Stobteum

1796 3349 1823 3376 ι
1853 3335 2118 3407 Matth.v,
2149 3340 2238 3396 10.
2315 3343 2344 3382 δ
2370 3342 2506 3398 Ibid.
2540 3342 2594 3397 6.
2672 3353 2694 3382 ε
2723 3339 2859 3398 Ibid.
2883 3343 2934 3398 5.

2033 3478 2286 3518 sermone
2312 3464 2382 3519 95
2412 3484 2425 3518 :

2136 3555 2424 3621 Πλουτεῖς
2443 3573 2456 3586 ·
2489 3556 2560 3610 τὰ
2581 3554 2632 3607 δ’
2657 3555 2813 3609 ἄλλα
2839 3555 2926 3623 μὴ
2951 3553 3150 3620 δοκεῖς
3185 3553 3452 3618 ξυνιέναι
3474 3568 3490 3583 ο

2149 3625 2246 3676 Ἐν
2264 3623 2344 3689 τῷ
2371 3626 2481 3692 ’μὰρ
2509 3626 2663 3691 ὄλϐῳ
2691 3627 2998 3694 φαυλότης
3034 3624 3238 3694 ἕνεοντι
3275 3640 3384 3688 τις.

2135 3695 2318 3746 Πενία
2347 3691 2416 3748 δὲ
2441 3691 2665 3764 σοφίαν
2687 3691 2869 3764 ἔλαχε
2899 3694 2997 3747 διὰ
3032 3694 3099 3747 τὸ
3133 3691 3456 3762 δυστυχές.

2137 3785 2215 3854 Es
2246 3786 2384 3840 dives
2417 3803 2435 3840 :
2463 3797 2517 3840 at
2545 3787 2649 3840 scis
2675 3797 2866 3854 praeter
2888 3786 2983 3838 hoc
3010 3800 3172 3854 unum
3203 3783 3370 3846 nihil;

2141 3853 2207 3908 Id
2231 3858 2411 3910 adesse
2436 3858 2619 3910 vitium
2640 3853 2827 3926 quippe
2849 3857 3050 3910 divitiis
3080 3853 3248 3926 solet;

2143 3925 2316 3995 Magis
2341 3927 2482 3980 malo
2511 3925 2693 3980 coacta
2722 3935 3004 3999 paupertas
3031 3925 3195 3994 sapit.

2105 4016 2216 4085 (53)
2253 4018 2307 4070 Ἀ
2335 4015 3111 4087 φιλοχρηματίαχοτοουιυιη
3136 4013 3203 4068 de
3230 4013 3446 4087 Sparta,
3479 4029 3602 4087 mtt-
3631 4065 3634 4069 .

2037 4083 2149 4170 tato
2173 4083 2357 4147 verbo,
2385 4083 3160 4172 legitur"apnd‘l’lutarc‘hum-
3183 4099 3308 4153 pag.
3340 4083 3444 4172 ut?
3469 4103 3492 4172 _:
3538 4084 3606 4137 Ἀ

2035 4153 2724 4238 φιλοχρηματίαῖπάρταν
2761 4156 2891 4238 (ἑλεῖ,
2927 4174 2970 4236 «⁸
3004 4153 3255 4236 Spartam
3303 4155 3490 4223 perdet
3521 4173 3535 4208 :
3576 4172 3595 4204 3

2034 4244 2158 4280 cum
2194 4229 2280 4281 hic
2306 4239 2375 4281 snt
2407 4228 2548 4290 ἑλεῖ,
2605 4246 2622 4277 ι
2661 4237 2856 4295 captet,
2905 4245 2923 4276 3
2959 4234 3156 4295 ιιιίιιιιιι
3196 4223 3452 4295 Sylburg.
3478 4223 3602 4295 Hoc

2036 4299 2317 4351 oraculum
2351 4296 2698 4365 Theopompo
2723 4293 2774 4348 et
2797 4293 3098 4360 Alcameni,
3127 4293 3335 4365 Spartae
3357 4293 3598 4365 regibus,

2035 4369 2301 4421 redditum
2343 4367 2513 4419 fuisse
2540 4362 2703 4419 refert
2734 4365 3058 4419 Plutarchus
3097 4363 3199 4418 sub
3233 4362 3394 4418 ﬁnem
3427 4362 3598 4417 Insti-

2034 4447 2266 4489 tutorum
2290 4435 2539 4489 Laconic.
2574 4436 2825 4504 Ejusdem
2854 4437 3221 4504 meminerunt
3251 4433 3414 4504 etiam
3450 4433 3597 4488 Pau-

2033 4508 2214 4576 sanias
2264 4501 2757 4576 inﬂBteoticis'pag.
2793 4506 2916 4571 591,
2948 4503 3078 4576 5921
3120 4503 3275 4576 cd_i_t._
3295 4501 3516 4576 llanov.
3547 4512 3604 4558 el.

2033 4575 2283 4629 JEliztnus
2317 4575 2442 4630 Var.
2468 4578 2594 4632 hist.
2626 4571 2855 4640 I'ibfxtv,
2875 4590 2994 4643 cap.
3017 4573 3106 4634 29,
3137 4573 3227 4626 ubi
3253 4571 3596 4644 Lysandrum

2034 4647 2330 4712 Spartanos
2360 4647 2460 4700 hoc
2491 4649 2790 4710 oraculum,
2819 4655 2875 4698 ut
2903 4647 3063 4698 etiam
3080 4655 3428 4711 praeceptum,
3452 4644 3598 4712 quod

1963 4702 2003 4754 ί)
2035 4702 2314 4784 L'ycurgus
2343 4718 2460 4770 auri
2494 4702 2806 4784 argentique
2840 4731 2998 4784 usum
3032 4702 3598 4784 prohibuitmont'em-

2035 4781 2162 4837 nere
2201 4781 2454 4840 dot-uisse
2496 4781 2817 4839 memorant.
2852 4781 3018 4839 Conf.
3036 4781 3372 4837 Plutarchus
3405 4785 3462 4836 in
3492 4783 3598 4853 Ly-

2033 4857 2255 4909 sandro.
2283 4856 2572 4910 Oraculum
2606 4855 2709 4909 hoc
2733 4855 2895 4910 modo
2919 4855 3131 4926 plenius
3156 4853 3415 4908 scribitur
3442 4872 3454 4905 :

2043 4947 2094 4999 Ἀ
2122 4947 2553 5016 φιλοχρηματία
2579 4946 2859 5016 Σπάρταν
2881 4947 3025 5012 ὀλεῖ,
3049 4946 3200 5000 ἄλλο
3229 4943 3297 4999 δὲ
3325 4943 3524 4999 οὐδέν.

2029 5039 2350 5092 Diuitiarum
2397 5055 2545 5091 antor
2589 5037 2839 5108 Spartam
2865 5040 3062 5109 perdet,
3093 5038 3244 5091 aliud
3276 5053 3397 5091 vero
3444 5038 3598 5090 nihil.

2101 5133 2214 5202 (fil)
2249 5132 2497 5183 Οὔκουν.
2540 5129 2596 5184 ln
2637 5131 2922 5199 Sophoclis
2953 5132 3071 5185 loco
3097 5130 3146 5186 si
3193 5130 3354 5184 τοῦτο
3386 5145 3601 5198 expun-

2031 5213 2208 5269 gatur,
2241 5213 2471 5254 metrum
2503 5203 2774 5256 constabit
2805 5202 3028 5264 rectius,

2165 5295 2399 5347 Οὔκουν
2420 5294 2614 5361 μόνον
2641 5295 2901 5362 νόμισμα
2921 5292 3144 5359 λευκὸς
3168 5292 3441 5362 ἄργυρος.

2172 5367 2241 5416 Ἢ
2263 5364 2492 5432 χρυσός
2517 5361 2718 5426 ἐστιν,
2735 5361 2894 5418 ἀλλὰ
2917 5365 2968 5418 κ’
3001 5362 3180 5432 ἀρετὴ
3202 5361 3468 5430 βροτοῖς.

2032 5455 2294 5511 Svmuna.
2319 5447 2598 5503 -—-Verum
2617 5447 2716 5505 hos
2731 5464 2926 5509 versus
2941 5469 2972 5510 e
2999 5456 3286 5526 SOphoclis
3320 5453 3605 5522 (Edipode

2030 5527 2133 5582 ltoc
2160 5527 2320 5581 modo
2355 5527 2547 5580 recitat
2569 5526 2817 5581 Stobaeus
2841 5544 3007 5582 serm.
3037 5527 3062 5580 1
3103 5544 3118 5580 :

2137 5619 2216 5672 Οὔ
2255 5633 2343 5669 τοι
2370 5619 2632 5686 νόμισμα
2657 5617 2880 5684 λευκὸς
2906 5618 3163 5686 ἆραιψρος
3193 5621 3388 5686 μόνον

2133 5690 2240 5743 Καὶ
2287 5691 2519 5755 χρυσός
2548 5690 2749 5759 eorm"
2775 5690 2936 5759 ἀλλα
2962 5691 3014 5741 κ’
3041 5687 3224 5759 ᾀρετὴ
3245 5687 3490 5759 βροτοῖς

2133 5753 2410 5828 Νόμιοζιια
2437 5759 2620 5811 κεῖται
2648 5755 2858 5823 πᾶσιν,
2880 5753 2920 5830 ᾗ
2953 5753 3221 5825 χρῆὰθαί
3242 5753 3451 5827 χρεών.

2101 5853 2214 5920 (55)
2247 5851 2557 5923 Μαρτιιρεῖ.
2594 5851 2796 5923 Alludit
2829 5853 2892 5906 ad
2930 5851 3026 5923 τὸν
3048 5851 3317 5923 μάρτυρα.

2103 5923 2215 5993 (56)
2261 5924 2357 5993 Ὀ,
2391 5922 2498 5975 τὸν
2556 5919 2812 5990 γνήσιον
2881 5919 3323 5993 ἀποδεχόμενος
3387 5921 3592 5993 mitior.

2031 5990 2463 6066 Congrucnlius,
2524 5993 2649 6055 τοὺς
2711 5993 2804 6046 τὸν
2873 5990 3102 6064 γνήσιον
3144 5990 3598 6064 ἀποδεχομένους
