4464 6612
393 553 528 610 1257

1621 539 1991 597 STROMATL?
2004 543 2050 596 Μ
2085 545 2213 599 LIB.
2255 545 2344 598 Π.

3497 543 3636 598 1258

385 667 541 742 οἷμον
575 668 653 730 εἰς
687 664 836 718 ἀτδου
882 661 1089 734 φέρειν·
1140 681 1158 713 ι
1188 661 1298 716 ὁδοὶ
1320 660 1375 714 δὲ
1419 657 1646 721 πολλαὶ,
1697 655 1788 708 καὶ
1823 658 1962 711 ἀπά-
1990 671 2035 724 Α
2065 677 2148 714 see

1869 658 1962 711 πά-
1990 671 2035 724 Α
2065 661 2291 723 scelera,
2329 659 2522 714 deinde
2561 662 2890 727 moriuntur,
2927 663 2972 718 si
3007 681 3114 719 non
3140 673 3286 718 esset
3315 665 3494 719 anima
3530 665 3632 719 im—

388 778 580 830 γουσαι
623 753 922 826 ἁμαρτίαι..
946 755 1311 818 Πολυπλανεῖς
1352 751 1608 811 τούτους,
1659 746 1735 810 ὡς
1779 747 1956 815 ἔοικε,

386 854 511 914 τοὺς
545 846 806 912 ἀπίστους
825 844 1194 918 διακωμῳδῶν
1216 840 1629 915 Ἀριστοφάνης·
1661 857 1680 889 ‹
1708 840 1954 908 Ἀγετε,›

388 944 572 1014 φησὶν,
603 957 623 990 ι
660 937 851 1010 ἄνδρες
868 939 975 1010 (55)
997 939 1346 1010 ἀμαυρόϐιοι,
1365 931 1577 1002 φύλλων
1599 934 1766 1004 γενεᾷ
1788 951 1957 1004 προσ-

384 1037 564 1106 όμοιοι
604 1071 619 1096 ,
675 1031 1046 1105 ὀλιγοδρανέες
1070 1071 1084 1095 ,
1121 1030 1418 1098 πλάσματα
1444 1025 1647 1095 κηροῦ,
1693 1025 1959 1079 σκιοειδέα

388 1123 534 1192 φῦλ’,
561 1123 840 1194 ἀμενηνοὶ,
868 1124 1127 1194 ἀπτῆνες,
1191 1115 1498 1187 ἐφημέριοι.
1545 1134 1564 1166 ι
1603 1117 1764 1170 Καὶό
1807 1115 1959 1170 Ἐπί-

385 1230 595 1284 χαρμος
621 1215 748 1286 (54)·
770 1216 948 1269 «Αὓτα
970 1213 1131 1283 φύσις
1153 1206 1458 1277 ἀνθρώπων
1476 1245 1491 1270 ,
1518 1207 1674 1260 ἀσκοὶ
1708 1225 1957 1276 πεφυση-

388 1305 556 1375 μένοι.
589 1324 610 1357 ι
641 1307 801 1378 Ἡμῖν
825 1307 882 1360 δέ
906 1309 934 1359 ό
959 1303 1149 1372 Σωτὴρ
1173 1298 1415 1370 εἴρηκεν·
1451 1317 1469 1349 ι
1495 1298 1567 1350 Τὸ
1589 1299 1806 1370 πνεῦμα
1821 1296 1953 1368 (55),

384 1397 680 1469 πρόθυμον·
723 1402 756 1470 ἡ
791 1399 848 1452 δὲ
877 1395 1035 1467 σάρξ,
1072 1391 1323 1462 ἀσθενής·
1356 1409 1375 1441 ›
1412 1389 1546 1443 διότι
1573 1410 1592 1442 ι
1621 1391 1683 1444 τὸ
1702 1389 1957 1460 φρόνημα

381 1491 478 1562 τῆς
501 1493 698 1564 σαρκὸς
733 1492 902 1563 ἔχθρα
923 1491 1001 1550 εἰς
1023 1485 1174 1548 Θεὸν,
1209 1503 1227 1534 ι
1253 1485 1282 1535 ό
1310 1484 1627 1548 Ἀπόστολος
1656 1484 1951 1554 ἐξηγεῖται·

386 1602 405 1634 ι
447 1584 524 1655 τῷ
553 1585 662 1656 γὰρ
681 1585 830 1654 νόμῳ
855 1579 948 1633 τοῦ
984 1575 1118 1628 Θεοῦ
1152 1575 1251 1646 οὐχ
1280 1576 1663 1629 ὑποτάσσεται·
1697 1574 1818 1627 οὐδὲ
1846 1573 1954 1644 γὰρ

379 1675 618 1729 δύναται·
647 1677 696 1729 οἱ
735 1675 790 1727 δὲ
829 1675 886 1726 ἐν
935 1669 1100 1739 σαρκὶ
1141 1667 1292 1730 ὄντες
1313 1667 1430 1738 Θεῷ
1454 1667 1648 1740 ἀρέσαι
1677 1666 1737 1718 οὐ
1761 1664 1954 1719 δύναν-

379 1786 489 1821 ται.
523 1789 542 1819 ι
567 1768 676 1822 Καὶ
707 1760 1222 1831 ἐπεκδιηγούμενος,
1257 1759 1527 1829 ἐπιφέρει,
1571 1776 1589 1808 ι
1616 1757 1705 1810 ἵνα
1745 1755 1842 1826 μὴ,
1873 1756 1951 1820 ὡς

378 1858 662 1930 Μαρκίων,
699 1854 1011 1926 ἀχαρίστως
1033 1850 1317 1921 ἐκδέξηταί
1341 1867 1423 1914 τις
1457 1850 1557 1920 τὴν
1590 1849 1950 1920 δημιουργίαν

377 1951 573 2020 κακήν.
599 1951 660 2002 Εἰ
691 1948 747 2000 δέ
774 1944 1008 2016 Χριστὸς
1034 1945 1089 1996 ἐν
1119 1944 1246 2012 ὑμῖν
1267 1983 1282 2006 ,
1336 1942 1398 1994 τὸ
1427 1941 1524 2011 μὲν
1559 1940 1718 2010 σῶμα
1755 1943 1948 2013 νεκρὸν

2062 751 2330 816 mortalis,
2378 766 2528 808 mors
2571 763 2716 806 esset
2749 753 2980 807 lucrum.
3024 776 3044 806 ο
3080 755 3147 808 Ει
3176 753 3332 809 Plato
3375 755 3428 809 in
3472 755 3637 812 Phac-

2060 842 2196 894 done
2226 858 2240 893 :
2280 858 2300 892 ι
2337 839 2391 895 Si
2422 853 2565 898 esset
2594 843 2739 896 enim
2764 858 2914 898 mors
2953 847 3134 900 totalis
3166 845 3474 912 dissolutio,
3511 866 3531 900 ι
3579 861 3632 902 et

2061 945 2184 1000 quae
2220 931 2474 1003 deinceps
2503 943 2827 1002 sequuntur.
2867 932 2984 987 Non
3018 945 3100 990 est
3123 953 3255 1008 ergo
3280 937 3630 1008 cogitandum

2060 1039 2125 1075 ex
2152 1025 2417 1078 sententia
2462 1023 2684 1092 Telephi
2724 1027 2863 1094 apud
2891 1025 3234 1098 Ailschylum,
3273 1049 3292 1082 ί
3329 1030 3629 1100 simplicem

2061 1114 2202 1168 viam
2253 1115 2395 1170 ferre
2439 1117 2508 1170 ad
2553 1113 2790 1184 inferos;
2840 1139 2857 1171 ι
2890 1129 3017 1176 sunt
3046 1121 3192 1176 enim
3217 1123 3317 1176 viae
3343 1125 3547 1190 multae,
3578 1137 3634 1177 et

2061 1208 2252 1274 multa,
2291 1216 2349 1273 >14
2376 1224 2496 1278 qua:
2524 1209 2822 1275 abducunt,
2857 1223 3094 1282 peccata.
3126 1213 3480 1270 Errabundos
3508 1217 3628 1278 hos,

2059 1307 2120 1352 ut
2149 1309 2230 1354 est
2251 1299 2567 1366 verisimile,
2600 1300 2845 1357 inlideles
2875 1306 3078 1358 comice
3109 1305 3398 1360 lndilicans
3421 1305 3633 1361 Aristo-

2057 1389 2263 1458 phanes
2290 1411 2302 1445 :
2335 1411 2353 1443 ι
2381 1392 2558 1463 Agite,
2591 1394 2791 1464 inquit,
2817 1395 3066 1450 obscurae
3089 1398 3209 1450 vita:
3237 1397 3512 1463 homines,
3539 1413 3633 1466 ge-

2061 1490 2323 1541 nerationi
2355 1487 2612 1542 foliorum
2636 1488 2864 1552 similes,
2891 1487 3168 1553 imbecilli,
3194 1505 3328 1543 certe
3351 1492 3622 1558 ﬁgmenta.

2059 1591 2228 1644 genus
2251 1579 2425 1633 instar
2458 1582 2684 1645 umbrat,
2704 1580 2943 1644 evanidi,
2968 1581 3298 1647 involucres,
3323 1582 3482 1636 unius
3509 1591 3633 1635 tan-

2057 1676 2173 1722 tum
2193 1668 2301 1723 diei
2324 1671 2490 1723 vitam
2519 1671 2798 1726 habentes.
2831 1691 2849 1722 ι
2884 1671 2948 1725 Et
2976 1671 3332 1740 Epicharmus
3365 1693 3378 1728 :
3423 1693 3442 1725 ι
3482 1674 3629 1734 Ilaec.

2055 1761 2253 1830 inquit,
2287 1761 2570 1814 hominum
2602 1763 2735 1824 vita,
2781 1770 2928 1816 utres
2955 1762 3146 1817 inﬂati.
3192 1784 3209 1814 ι
3250 1763 3418 1818 Nobis
3445 1773 3628 1818 autem

2053 1851 2460 1906 dixitSerrator
2479 1870 2492 1904 :
2514 1869 2532 1902 ι
2556 1850 2790 1920 Spiritus
2816 1861 3118 1921 promptus,
3141 1867 3268 1905 caro
3286 1853 3497 1906 inlirma
3519 1867 3577 1919 II;
3603 1873 3624 1905 ›

2052 1945 2312 2012 quoniam
2362 1963 2380 1995 ι
2432 1943 2719 2014 prudentia
2769 1944 2952 1998 carnis
2980 1954 3063 1998 est
3087 1943 3198 1998 Deo
3237 1944 3478 2010 inimica,
3521 1965 3538 1996 ›
3572 1957 3632 2000 ut

374 2036 438 2088 δι’
469 2035 762 2107 ἁμαρτίαν,
806 2033 867 2086 τὸ
905 2032 962 2083 δέ
998 2031 1211 2102 πνεῦμα
1261 2031 1374 2102 ζωὴ
1408 2031 1495 2083 διὰ
1521 2030 1882 2102 δικαιοσύνην.
1921 2051 1940 2082 ι
1981 2025 2019 2077 Β
2048 2048 2137 2102 eaq

1871 2072 1882 2084 .
1921 2051 1940 2082 ι
1981 2025 2019 2077 Β
2048 2035 2271 2102 exponit
2297 2036 2629 2103 Apostolus;
2667 2051 2687 2087 ι
2716 2035 2818 2104 legi
2862 2035 3005 2088 enim
3035 2034 3129 2088 Dei
3166 2051 3275 2089 non
3317 2035 3626 2104 subjicitur,

374 2129 542 2181 Πάλιν
579 2143 639 2179 τε
672 2121 758 2178 αὖ·
791 2143 808 2175 ι
851 2122 915 2176 Εἰ
962 2123 1070 2195 γὰρ
1112 2123 1252 2177 κατὰ
1298 2123 1476 2194 σάρκα
1517 2121 1678 2193 ζῆτε,
1730 2122 1946 2193 μέλλετε

372 2221 752 2290 ἀποθνήσκειν·
789 2215 1074 2288 λογίζομαι
1100 2217 1208 2287 γὰρ
1227 2257 1241 2280 ,
1274 2219 1356 2270 ὅτι
1385 2217 1484 2269 ούκ
1514 2215 1640 2280 ἄξια
1673 2215 1744 2268 τὰ
1773 2215 1950 2285 παθή-

375 2329 518 2382 ματα
541 2311 632 2363 τοῦ
663 2309 758 2364 νῦν
783 2309 998 2378 καιροῦ,
1031 2307 1169 2379 πρὸς
1194 2307 1293 2380 τὴν
1318 2307 1616 2379 μέλλουσαν
1637 2306 1794 2372 δόξαν
1817 2309 1948 2360 ἀπο-

373 2404 710 2474 καλυφθῆναι
757 2405 837 2466 εἰς
865 2405 1030 2474 ημᾶς·
1060 2403 1217 2472 εἴπερ
1259 2401 1673 2474 συμπάσχομεν,
1717 2402 1804 2454 ἴνα
1852 2401 1946 2453 καὶ

373 2495 833 2567 συνδοξασθῶμεν,
858 2496 933 2558 ὡς
961 2495 1390 2566 συγκληρονόμοι
1419 2492 1656 2566 Χριστοῦ
1857 2491 1948 2544 Οἴ-

369 2586 536 2656 δαμεν
570 2587 651 2652 δέ,
692 2587 771 2638 ὅτι
801 2589 911 2648 τοῖς
939 2587 1196 2653 ἀγαπῶσι
1224 2585 1314 2638 τὸν
1339 2586 1472 2638 Θεὸν
1501 2585 1677 2638 πάντα
1701 2585 1950 2655 συνεργεῖ

370 2680 449 2740 εἰς
470 2677 530 2730 τὸ
557 2677 758 2746 ἀγαθὸν
782 2677 915 2748 ('57),
937 2680 1050 2742 τοῖς
1088 2677 1230 2730 κατά
1261 2677 1520 2748 πρόθεσιν
1557 2676 1778 2745 κλητοῖς
1802 2670 1945 2727 οὖσι·

367 2773 448 2824 ὅτι
481 2769 574 2834 οὓς
601 2771 870 2842 προέγνω,
896 2771 989 2823 καὶ
1027 2769 1331 2841 προώρισεν
1362 2766 1718 2839 συμμόρφους
1740 2767 1838 2836 τῆς
1871 2768 1948 2819 ει-

367 2863 527 2926 κόνος
552 2862 646 2916 τοῦ
675 2863 804 2914 Υἱοῦ
834 2861 1020 2925 αὑτοῦ,
1062 2864 1140 2923 εἰς
1165 2861 1226 2912 τὸ
1247 2855 1384 2912 εἶναι
1417 2859 1580 2912 αὑτὸν
1604 2856 1945 2928 πρωτότοκον

367 2959 426 3010 ἐν
454 2956 668 3019 πολλοῖς
691 2955 956 3022 ἀδελφοῖς·
993 2953 1086 3015 οὒς
1118 2953 1176 3004 δὲ
1216 2951 1554 3022 προώρισεν,
1587 2952 1808 3016 τούτους
1850 2953 1946 3006 καὶ

369 3049 658 3104 ἐκάλεσεν·
688 3047 781 3109 οὓς
807 3045 862 3097 δὲ
887 3045 1175 3107 ἐκάλεσεν,
1211 3043 1432 3106 τούτους
1467 3045 1562 3097 καὶ
1603 3043 1939 3097 ἐδικαίωσεν·

365 3141 457 3204 οὓς
479 3140 536 3192 δέ
562 3139 866 3201 ἐδικαίωσε,
888 3136 1108 3199 τούτους
1130 3136 1224 3189 καὶ
1240 3133 1510 3201 ἐδόξασεν.
1537 3136 1701 3206 Ὁρᾷς
1715 3135 1782 3188 δι’
1805 3137 1939 3203 ἀγάο

368 3250 474 3302 πην
500 3229 894 3300 διδασκομένην
928 3225 1252 3298 μαρτυρίαν.
1281 3225 1398 3278 Κάν
1425 3224 1491 3278 δι’
1519 3225 1755 3297 ἀμοιϐήν
1798 3227 1939 3294 ἀγα-

367 3325 472 3378 θῶν
508 3323 767 3393 ἐθελήσῃς
805 3321 1172 3391 μαρτυρῆσαι,
1206 3319 1416 3391 ἀκούσῃ
1444 3318 1636 3372 πάλιν·
1676 3337 1694 3370 ι
1729 3317 1808 3390 Τῇ
1832 3321 1940 3391 γὰρ

367 3415 538 3468 ἐλπίδι
558 3413 860 3482 ἐσώθημεν,
884 3412 1038 3474 ἐλπὶς
1053 3411 1110 3464 δὲ
1129 3409 1432 3480 βλεπομένη
1481 3410 1582 3462 ούκ
1600 3409 1744 3463 ἔστιν
1761 3410 1936 3473 ἐλπίς·

365 3506 394 3557 ὃ
425 3507 531 3575 γὰρ
563 3503 748 3573 βλέπει
778 3519 882 3564 τις,
913 3503 964 3553 τί
989 3502 1080 3553 καὶ
1110 3500 1345 3565 ἐλπίζει;
1385 3523 1403 3551 ι
1434 3501 1496 3554 Εἰ
1526 3501 1582 3554 δὲ
1610 3501 1638 3553 ὃ
1662 3503 1723 3553 ού
1748 3500 1940 3570 βλέπο-

371 3615 488 3668 μεν,
515 3596 823 3666 ἐλπίζομεν,
847 3595 912 3647 δι’
936 3593 1215 3665 ὑπομονῆς
1232 3593 1662 3664 ἀπεκδεχόμεθα.
1687 3612 1704 3644 ι
1728 3593 1867 3645 Ἀλλ’
1886 3597 1936 3648 εὶ

367 3690 459 3743 καὶ
475 3689 752 3759 πάσχομεν
771 3688 880 3759 (58)
897 3687 984 3740 διά
1007 3685 1369 3755 δικαιοσύνην,
1388 3687 1664 3756 μακάριοι,
1681 3704 1698 3735 ι
1726 3686 1890 3756 φησὶν
1906 3687 1935 3739 ό

366 3782 588 3852 Πέτρος.
603 3780 737 3834 «Τὸν
755 3779 810 3832 δὲ
823 3779 982 3848 φόϐον
1003 3778 1180 3831 αὐτῶν
1201 3777 1274 3849 μὴ
1292 3778 1583 3850 φοϐηθῆτε,
1613 3777 1746 3848 μηδέ
1767 3794 1932 3849 ταρα-

366 3935 874 4062 18>I<‘2:.95984PED.
916 3933 1210 4000 POTTER,
1244 3933 1370 4002 492,
1405 3933 1511 3990 495
1534 3932 1644 3986 ED.
1694 3931 1922 3989 PARIS.

443 4050 458 4062 .
559 4047 574 4062 .
609 4046 642 4060 ..
685 4047 700 4062 .
733 4026 766 4062 ο
810 4047 825 4061 .

443 4050 458 4074 ,
483 4026 574 4072 κδ,
607 4026 700 4072 2:1,
733 4026 825 4062 ou.

364 4178 484 4231 cap.
516 4161 571 4223 θ,
619 4177 740 4231 pag.
783 4163 853 4215 40
879 4161 1008 4214 edit.
1039 4159 1311 4231 Sylburg._,
1341 4173 1393 4231 ρ.
1441 4157 1510 4231 '15
1539 4157 1674 4231 edit.
1706 4155 1886 4231 Cson.
1918 4177 1934 4215 :

375 4226 499 4285 Ἐπὶ
525 4233 580 4286 δὲ
610 4226 722 4295 τοῖς
752 4232 871 4285 καθ’
899 4226 1122 4283 ἕκαστον
1148 4229 1241 4281 καὶ
1271 4228 1380 4279 ἀπὸ
1401 4226 1510 4279 τῶν
1546 4228 1770 4297 ἡλικιῶν
1802 4229 1936 4282 πολ-

364 4304 461 4366 λὰς
495 4303 749 4375 ἀφορμὰς
787 4301 1010 4375 παρέξει
1052 4303 1080 4352 ό
1117 4299 1400 4375 λόγρςῌείς
1444 4299 1859 4375 παραμυθίαν-
1887 4300 1938 4351 εἰ

367 4375 466 4443 μέν
495 4367 577 4436 τις
600 4367 750 4441 ἇξρνω
775 4367 1113 4443 τελευτήσειε
1124 4368 1232 4443 ,καὶ
1265 4367 1506 4443 ἀλύπως,
1645 4370 1938 4443 Δμακαρίως

363 4434 513 4512 αὐτῷ
613 4434 839 4513 τελευτὴ
885 4434 1446 4514 συνηνέχθη.....·κ-ἂν
1542 4439 1604 4514 ἐν
1622 4434 1934 4514 ἀποδημίᾳ,

361 4514 443 4584 ὅτι
466 4498 617 4584 όύδέν
644 4498 967 4584 διενήνοχε·
989 4498 1216 4584 μία”γᾶρ
1245 4507 1336 4559 καὶ
1364 4509 1396 4575 ἡ
1432 4498 1568 4584 αὑτὴ
1593 4504 1767 4584 οἶμος,
1796 4498 1939 4562 κατά

361 4581 456 4634 τὸν
488 4579 886 4652 Αἰσχύλον,ἐίς
916 4579 1040 4652 ᾅδου
1066 4581 1324 4649 φέρουσα.
1367 4595 1401 4652 ι-
1433 4579 1493 4652 In
1539 4581 1784 4652 oratione
1808 4596 1938 4652 vero

402 4646 704 4716 rivatafex
753 4646 1175 4720 tetate'amplaui
1218 4646 1606 4701 consolationis
1646 4649 1934 4702 materiam

362 4668 726 4775 Eabebimus:
758 4724 804 4775 si
861 4731 1082 4775 renente
1129 4721 1429 4773 exstinctus
1459 4729 1513 4770 ct
1555 4719 1675 4772 sine
1719 4720 1928 4775 dolore.

2051 2138 2230 2192 neque
2263 2125 2406 2179 enim
2437 2135 2632 2195 potest.
2679 2127 2782 2191 Qui
2830 2135 3010 2179 autem
3039 2125 3093 2180 in
3138 2142 3304 2181 carne
3336 2137 3488 2193 sunt,
3515 2125 3630 2180 Deo

2052 2215 2269 2284 placere
2297 2232 2408 2270 non
2440 2229 2692 2286 possunt.
2744 2239 2762 2271 ι
2820 2220 2886 2274 Et
2934 2221 2985 2274 id
3032 2219 3271 2289 amplius
3322 2219 3624 2288 explicans,

2051 2308 2348 2379 subjungit,
2399 2325 2467 2364 ne
2497 2312 2623 2380 quis
2662 2313 2876 2382 ingrato
2903 2313 3085 2366 animo
3109 2353 3124 2374 ,
3163 2321 3222 2365 ut
3253 2311 3518 2376 Marcion,
3541 2311 3610 2367 iw

2050 2399 2189 2455 ferat
2223 2403 2424 2457 malam
2450 2419 2571 2458 esse
2611 2414 2916 2459 creaturam
2961 2423 2975 2458 :
3020 2423 3038 2455 ι
3074 2403 3130 2456 Si
3159 2412 3340 2458 autem
3375 2403 3628 2457 Christus

2048 2503 2132 2548 cst
2161 2494 2216 2548 in
2253 2495 2410 2550 vobis
2439 2537 2456 2562 ,
2503 2511 2704 2566 corpus
2734 2498 2952 2566 quidem
2985 2505 3259 2551 mortuum
3288 2503 3372 2550 est
3408 2504 3628 2564 propter

2048 2593 2356 2653 peceatum,
2395 2586 2624 2654 spiritus
2659 2597 2838 2641 autem
2869 2587 3003 2641 vivit
3029 2597 3248 2657 propter
3275 2586 3567 2656 justitiam.
3599 2605 3618 2638 ι

2048 2674 2116 2730 Et
2147 2691 2342 2731 rursus
2383 2696 2396 2730 :
2446 2696 2463 2726 ι
2506 2678 2563 2731 Si
2620 2697 2638 2730 ι
2691 2681 2836 2732 enim
2868 2698 2886 2730 ι
2918 2680 3218 2734 secundum
3245 2695 3463 2733 carnem
3491 2679 3626 2732 vivi-

2048 2769 2142 2835 tis,
2174 2769 2307 2824 estis
2340 2771 2612 2824 morituri.
2666 2769 2986 2836 Considera,
3013 2772 3157 2825 enim
3190 2773 3336 2840 quod
3362 2787 3471 2825 non
3500 2781 3628 2826 sunt

2049 2861 2335 2932 condigna:
2377 2863 2661 2931 passiones
2691 2862 2855 2933 bujus
2902 2862 3091 2916 mundi
3128 2862 3195 2916 ad
3223 2862 3473 2932 gloriam,
3504 2879 3626 2932 qua:

2047 2955 2336 3010 revelanda
2365 2965 2451 3011 est
2483 2957 2536 3010 in
2572 2957 2758 3024 nobis;
2815 2957 3086 3026 siquidem
3139 2955 3524 3025 compatimur,
3565 2965 3626 3009 ut

2046 3046 2540 3116 congloriiicemur,
2577 3057 2636 3100 ut
2675 3045 2990 3102 cohaaredes
3026 3047 3251 3101 Christi.
3290 3046 3509 3100 Scimus
3533 3062 3627 3099 au-

2045 3146 2172 3202 tem,
2204 3140 2349 3208 quod
2380 3139 2728 3207 diligentibus
2751 3138 2919 3194 Deum
2950 3139 3135 3194 omnia
3174 3147 3535 3208 cooperantur
3567 3139 3624 3192 in

2041 3227 2244 3282 bonum
2289 3228 2377 3293 iis,
2425 3228 2521 3297 qui
2551 3230 2730 3283 vocati
2753 3239 2880 3283 sunt
2911 3227 3210 3285 secundum
3259 3229 3619 3298 propositum.

2042 3315 2314 3383 Quoniam
2345 3334 2486 3388 quos
2515 3321 2816 3390 przescivit,
2848 3336 2942 3376 eos
2971 3333 3024 3376 et
3056 3321 3460 3392 przedestinavit
3489 3338 3622 3376 con-

2045 3409 2252 3465 formes
2287 3413 2514 3483 imagini
2540 3412 2665 3467 Filii
2692 3413 2834 3482 ejus,
2875 3424 2934 3468 ut
2967 3415 3040 3468 sit
3075 3415 3191 3482 ipse
3224 3413 3621 3484 primogenitus

2046 3506 2099 3558 in
2143 3507 2333 3561 multis
2363 3507 2642 3564 fratribus.
2673 3506 2821 3573 Quos
2853 3518 3032 3562 autem
3066 3508 3490 3578 praedestinavit,
3524 3525 3620 3561 eos

2046 3608 2100 3651 et
2127 3600 2359 3652 vocavit.
2411 3599 2563 3666 Quos
2596 3612 2774 3655 autem
2803 3601 3040 3664 vocavit,
3081 3615 3176 3654 eos
3206 3608 3259 3653 et
3281 3600 3619 3668 justilicavit.

2043 3689 2190 3753 Quos
2239 3700 2418 3744 autem
2456 3693 2810 3760 justilicavit,
2843 3709 2940 3746 eos
2964 3701 3018 3746 et
3040 3691 3362 3760 glorificarit
3386 3691 3435 3744 ι).
3473 3710 3491 3741 ι
3527 3689 3622 3742 Vi-

2037 3779 2132 3834 des
2167 3795 2260 3849 per
2286 3781 2627 3837 dilectionem
2657 3784 2840 3839 doceri
2869 3784 3213 3854 martyrium.
3261 3782 3418 3848 Quod
3448 3784 3492 3837 si
3525 3799 3621 3838 vc-

2029 3947 2054 3975 ιι
2108 3935 2296 3991 Matth.
2344 3954 2494 4005 nrt,
2519 3939 2608 3993 41.
2709 3940 2737 3978 b
2769 3938 2928 3995 Rom.
2976 3957 3093 4006 vui,
3124 3941 3175 4008 7,
3199 3940 3254 4005 8,
3287 3939 3374 4006 lO,
3413 3941 3499 4003 15,
3531 3941 3618 4006 l7,

2047 4157 2354 4229 Implumes,
2389 4159 2544 4213 unius
2575 4159 2680 4211 diei
2704 4162 2865 4212 vitam
2891 4161 3158 4222 habentes,
3199 4165 3376 4212 miseri
3417 4173 3618 4214 morta-

2817 4229 2913 4291 les,
2950 4230 3048 4282 viri
3075 4231 3293 4282 somniis
3322 4230 3545 4285 similes.

2110 4343 2222 4412 ('54)
2268 4344 2329 4396 '0
2370 4343 2747 4410 Ἐπίχαρμος.
2788 4341 3163 4399 Theodoretus
3183 4347 3506 4413 Θεραπευτ.
3545 4357 3614 4408 α’,

2038 4430 2094 4484 p.
2124 4413 2247 4476 477,
2281 4415 2346 4467 de
2375 4414 2442 4467 iis
2473 4414 2565 4482 qui
2597 4415 2670 4467 nil
2705 4415 2970 4484 credunt,
3018 4415 3124 4484 nisi
3169 4416 3317 4484 quod
3363 4418 3617 4471 sensibus

2038 4483 2237 4566 percipi
2267 4485 2465 4566 possit,
2496 4485 2571 4566 ait
2605 4501 2618 4536 :
2646 4486 2753 4536 Καὶ
2775 4483 2912 4566 ξσως
2936 4488 3048 4566 τοῖς
3071 4483 3215 4566 οὕτω
3253 4487 3618 4566 διακειμένοις

2037 4554 2342 4630 ἀνθρώποις
2387 4554 2724 4625 Ἐπίχαρμος
2767 4557 2794 4607 ό
2834 4556 3080 4626 κωμικὸς
3118 4556 3210 4608 τὸν
3253 4554 3448 4630 ἴαμϐον
3480 4558 3618 4611 ἐκεῖ·

2037 4642 2126 4678 νον
2158 4625 2512 4697 προσήρμοσε
2532 4641 2545 4654 ·

403 4722 726 4810 abebimus:
758 4724 804 4775 si
861 4719 1082 4803 repente
1129 4721 1429 4773 exstinctus
1459 4729 1513 4770 ct
1539 4719 1675 4797 sine
1719 4720 1928 4799 dolore,
1964 4751 2006 4805 η
2107 4743 2166 4792 φ,

1601 4720 1928 4810 ξίθ-ξῙῩῘἯῩν
1964 4751 2006 4805 Ῑ)
2107 4740 2297 4805 Φύσις
2324 4737 2676 4806 ἀνθρώπων,
2721 4739 2900 4792 ἀσκοὶ
2930 4741 3364 4810 πεφυσημένοι,

359 4793 505 4861 quod
540 4792 748 4844 felicem
787 4787 997 4861 exitum
1027 4797 1465 4845 eonsecutus.....
1506 4787 1551 4839 si
1599 4788 1651 4840 in
1681 4789 1929 4861 peregri-

363 4860 602 4925 natione,
651 4860 798 4928 quod
831 4862 965 4914 nihil
1002 4861 1198 4925 refert,
1241 4872 1365 4928 cum
1402 4873 1426 4928 ε
1468 4872 1624 4928 ιιηα)
1653 4868 1707 4912 et
1737 4860 1930 4914 eadem

367 4952 386 4982 c
427 4932 536 4990 via,
572 4949 590 4980 ι
628 4925 687 4983 ut
717 4931 794 4982 ait
835 4930 1163 5001 IEschylus,
1193 4949 1218 5001 _¢
1251 4929 1320 5001 a_d_
1345 4925 1759 5001 infcrosdueat.
1801 4947 1819 4980 ι

433 5001 542 5070 (55)
580 5001 806 5070 Ἄγετε,
838 4995 1026 5066 φησὶῦ
1051 5041 1066 5062 ,
1102 4999 1234 5052 civ-6.
1269 4997 1360 5052 Sic
1391 4995 1532 5070 F_lor.
1566 4997 1788 5070 ξ’ᾼγετε,
1832 4999 1933 5067 φύ-

365 5067 474 5134 σιν,
516 5067 865 5124 ἀνδζιηεινυιι
907 5071 1248 5139 Sylburgius,
1294 5067 1436 5136 quod
1467 5075 1521 5119 et
1549 5067 1932 5134 Aristophanis

363 5142 601 5194 editione
630 5141 844 5208 vulgata
871 5176 885 5199 ,
941 5148 996 5192 et
1028 5140 1146 5208 ipso
1171 5142 1327 5193 metri
1362 5151 1588 5208 numero
1618 5140 1932 5208 conﬁrmari

363 5213 514 5266 dicit.
545 5205 808 5262 Porro—hi
865 5205 1061 5262 versus
1094 5212 1146 5262 in
1189 5205 1570 5275 Aristophanis
1603 5205 1800 5261 Avibus
1830 5209 1934 5263 hoc

364 5283 526 5336 modo
553 5289 789 5344 exstant,
818 5295 869 5347 p.
903 5279 1008 5331 575
1042 5280 1172 5333 edit.
1212 5277 1397 5332 Aurel.
1433 5276 1709 5346 Allobrog.
1745 5295 1757 5330 :

367 5380 507 5446 "Are
532 5374 607 5442 δὴ
640 5374 845 5442 φύσιν,
877 5369 1092 5437 ἄνδρες
1109 5369 1743 5446 ἀμαυρόϐιοικφύλλων
1759 5366 1934 5435 γενεᾷ

1469 5436 1862 5508 [προσόμοιοι,

373 5513 826 5587 ’0.1ιγοδρανέες,
863 5509 1184 5579 πλάσματα
1217 5510 1436 5579 πηλοῦ,
1468 5507 1763 5647 σκῖῗὶειδέα
1792 5508 1933 5594 εξῦλῖ

1609 5594 1862 5647 Harmar,

1609 5594 1862 5644 μενηνιι,

373 5657 678 5729 Ἀπτῆνες,
709 5651 1030 5726 ἐφημέριοι,
1065 5653 1270 5706 ταλαοὶ
1287 5651 1516 5720 βροτοὶ,
1547 5646 1934 5790 ιῖἔὲρέξρὲήκε-

1625 5734 1861 5785 ονειροι.

364 5819 469 5886 Age
511 5821 626 5890 jam
665 5831 858 5874 natura
904 5814 1005 5867 viri
1046 5811 1296 5890 languide
1356 5815 1620 5890 viventes,
1675 5808 1934 5890 [oliorum

1266 5881 1612 5953 [generationi
1641 5879 1860 5953 similes,

365 5958 560 6012 Parum
586 5962 832 6025 valentes,
861 5955 1202 6029 formationes
1227 5949 1348 6020 ltiti,
1379 5955 1580 6029 umbris
1601 5949 1802 6029 similes
1831 5949 1934 6002 tri-

1447 6024 1566 6095 [bus
1594 6019 1861 6080 invalidae.

677 6130 947 6188 PATrmL.
975 6129 1090 6189 Gn.
1132 6122 1290 6183 Vill.

2036 4831 2512 4902 Fortasserautem
2555 4828 2870 4902 hujusmodi
2900 4831 3220 4886 hominibus
3251 4833 3612 4902 Epicharmus

2035 4903 2279 4957 comicus
2305 4900 2594 4954 iambicum
2632 4899 2762 4954 illud
2787 4903 2997 4970 aptavit
3023 4922 3038 4957 :

2108 5015 2394 5070 Hominum
2425 5021 2640 5076 natura,
2672 5024 2816 5068 utres
2844 5016 3043 5084 inﬂati.

2036 5102 2255 5227 Gﬂtius
2284 5105 2398 5227 h‘ozg
2414 5094 2577 5158 modo
2605 5119 2730 5158 eum
2765 5107 2952 5160 scribit
2976 5106 3030 5158 in
3067 5103 3316 5172 Excerpt.
3342 5120 3370 5157 e
3395 5114 3530 5174 trag.
3559 5116 3608 5157 et

2036 5195 2061 5227 ε
2100 5193 2165 5227 m.
2206 5190 2258 5227 ι).
2434 5191 2446 5225 :

2036 5190 2165 5230 com.
2206 5190 2258 5243 p.
2296 5190 2398 5227 4w
2434 5191 2446 5225 :

2036 5292 2193 5343 Αῦτα
2233 5283 2560 5354 ἀνθρώπων
2599 5291 2814 5356 φύσις·
2848 5288 3028 5341 ἀσκοί
3061 5306 3128 5357 γε
3169 5287 3288 5340 εἰσὶ
3325 5303 3612 5427 lxi-caven-

3345 5376 3387 5424 μ
3416 5374 3534 5408 rei.

3345 5374 3513 5424 μενοι
3523 5397 3534 5408 .

2971 5438 3111 5480 utres
3170 5439 3291 5481 sunt
3347 5436 3608 5495 turgentes

3275 5498 3534 5568 (ﬂatibus.

2352 5607 2415 5642 π.
2460 5590 2795 5668 Concinnius
2824 5590 2883 5640 τὸ
2911 5589 3133 5668 μὲνιπν.
3164 5589 3425 5668 SvLuunE.

2112 5658 2222 5734 (56)
2255 5660 2444 5734 Εἴπερ
2462 5677 2651 5734 σιίμ...
2684 5658 2959 5734 Χριστοῦἶ
2994 5659 3300 5734 Rom.__vm,
3333 5659 3398 5734 1:7
3427 5677 3440 5712 :
3470 5658 3609 5734 Κλη·

2040 5729 2252 5807 ρονόμοι
2284 5733 2384 5800 μὲν
2417 5729 2551 5807 Θεῄοῦ
2576 5773 2590 5795 ,
2629 5729 3055 5807 συγκληρονόμοι
3077 5731 3130 5782 δὲ
3153 5729 3386 5800 Χριστοῦ
3407 5746 3420 5758 ·
3451 5732 3610 5802 εἴπερ

2039 5800 2452 5876 συμπάσχομεν,
2477 5802 2564 5854 ἵνα
2590 5803 2687 5876 καὶ.
2714 5800 3171 5876 συνδοξαειθῷμενΣ

2111 5870 2219 5945 (57)
2261 5870 2366 5945 Εἰς
2398 5874 2461 5924 τὸ
2501 5872 2754 5945 ἀγιγιθςὶνζ
2775 5871 2871 5945 Ei;
2893 5870 3094 5945 ἀγαθόν
3126 5871 3334 5945 absque
3353 5870 3608 5945 articulo,

2040 5939 2223 6005 Rom;
2257 5943 2348 5996 ubi
2389 5959 2514 5996 mox
2537 5939 2558 6006 ,ί
2583 5943 2676 5994 καὶ
2703 5939 2796 6003 οὒς
2827 5941 2978 5996 ἐκάλ.
3013 5958 3109 6011 pro
3136 5941 3228 6004 οὓς
3249 5939 3320 5993 ⁷δέ
3348 5941 3504 5997 ἐκάλ.

2109 6015 2221 6088 ('58)
2245 6011 2582 6082 Πάσχομεν.
2613 6011 2875 6082 Πάσχοιτε
2895 6052 2910 6079 ,
2938 6012 3082 6067 l’ctr.

2041 5431 2166 5486 Haec
2205 5427 2474 5480 hominum
2518 5438 2713 5482 natura
2758 5440 2834 5482 est
2887 5445 2905 5482 :

3230 6105 3306 6167 to
