4464 6612
859 470 988 525 1271

2018 468 2410 531 CLEMENTIS
2448 466 2921 525 ALEXANDRINI
3968 468 4117 524 127?.

855 599 987 652 tem,
1018 605 1140 659 quae
1179 589 1382 645 excitat
1423 588 1490 644 ad
1523 588 1828 657 Christum,
1876 589 2019 644 sicut
2046 590 2315 653 virorum,
2351 589 2423 642 ita
2458 590 2500 645 Α
2530 584 2618 638 σία

2357 589 2423 642 ita
2458 590 2500 645 Α
2530 584 2670 647 σίας.
2697 586 2885 658 Μεστὴ
2930 585 3027 657 μὲν
3050 577 3143 637 οὖν
3174 584 3325 637 πᾶσα
3351 585 3385 655 ἡ
3426 586 3722 658 Ἐκκλησία
3747 583 3854 638 τῶν
3887 581 4120 655 μελετη-

854 682 1018 737 etiam
1063 684 1353 738 mulierum
1397 683 1838 752 temperantium.
1891 679 2045 735 Licet
2103 682 2177 746 ei,
2206 682 2302 751 qui
2357 695 2424 735 ex

853 791 1011 831 more
1060 786 1249 832 nostro
1283 775 1454 829 vitam
1498 775 1753 838 instituit,
1785 773 1951 828 etiam
1990 772 2199 842 absque
2229 772 2427 828 litteris

850 869 1251 940 philosophari,
1276 884 1371 924 seu
1401 868 1474 925 sit
1493 869 1777 930 barbarus,
1797 882 1892 921 seu
1915 865 2162 928 Graecus.
2190 881 2289 922 seu
2311 882 2428 921 ser-

851 978 976 1027 vus,
1001 978 1097 1017 seu
1125 976 1313 1029 senex,
1345 978 1440 1019 seu
1483 963 1716 1034 puellus,
1744 976 1843 1017 seu
1887 960 2104 1015 mulier.
2144 957 2242 1012 Est
2278 960 2425 1015 enim

851 1055 1210 1125 temperantia
1243 1056 1552 1112 communis
1581 1055 1827 1109 omnium
1852 1054 2159 1119 hominum,
2187 1053 2283 1122 qui
2306 1068 2427 1107 eam

850 1147 1171 1219 delegerint.
1223 1146 1320 1203 Est
1369 1154 1554 1201 autem
1594 1147 1738 1218 apud
1773 1162 1877 1203 nos
1923 1154 2076 1202 extra
2110 1153 2427 1199 controver-

850 1238 1011 1304 siam,
1045 1238 1290 1294 eamdem
1317 1245 1569 1292 naturam
1600 1239 1657 1293 in
1676 1252 2008 1309 unoquoque
2037 1251 2252 1306 genere,
2276 1251 2428 1291 eam-

849 1331 972 1383 dem
994 1330 1156 1384 etiam
1183 1330 1386 1385 habere
1423 1330 1702 1386 virtutem.
1722 1330 1842 1385 Non
1871 1329 2033 1383 aliam
2058 1344 2191 1398 ergo
2224 1328 2427 1383 habere

849 1427 1102 1473 naturam
1121 1420 1335 1484 mulier,
1358 1421 1503 1491 quod
1521 1422 1712 1476 attinet
1729 1420 1795 1474 ad
1820 1418 2237 1486 humanitatem,
2262 1420 2423 1476 aliam

849 1524 978 1563 vero
1008 1509 1223 1565 videtur
1242 1511 1325 1564 vir
1349 1512 1569 1575 habere,
1597 1511 1691 1565 sed
1721 1512 1968 1566 eamdem
2003 1530 2017 1566 :
2053 1528 2227 1583 quare
2256 1513 2422 1567 etiam

848 1601 1128 1656 virtutem.
1160 1601 1314 1668 Quod
1348 1602 1394 1656 si
1434 1602 1534 1655 viri
1569 1603 1758 1673 utique
1783 1603 1960 1658 virtus
1991 1613 2075 1660 est
2117 1613 2425 1675 temperan-

848 1691 947 1757 tia,
976 1697 1032 1744 et
1061 1690 1297 1761 justitia,
1341 1701 1396 1747 et
1419 1708 1764 1764 quaecunque
1805 1694 1909 1749 has
1937 1695 2199 1764 consequi
2230 1694 2423 1749 existi-

845 1789 1067 1834 mantur
1090 1821 1105 1846 ,
1143 1791 1257 1835 tum
1302 1783 1404 1838 soli
1451 1783 1572 1839 viro
1598 1785 1852 1839 convenit
1893 1800 2015 1840 csse
2062 1785 2261 1840 virtute
2288 1800 2425 1855 prte-

846 1868 1057 1938 ditum;
1105 1872 1317 1928 mulieri
1357 1889 1506 1941 vero,
1552 1891 1676 1929 csse
1711 1875 2167 1945 intemperantem
2191 1885 2245 1932 et
2274 1875 2422 1945 inju-

2527 677 2738 732 σάντων
2764 679 2855 732 τὸν
2876 677 3125 750 ζὼπυρον
3156 674 3385 730 θάνατον
3431 680 3513 741 εἰς
3551 677 3786 750 Χριστὸν
3820 676 3947 749 παρ’
3981 674 4115 728 ὅλον

2524 767 2618 822 τὸν
2663 768 2796 839 βίον,
2830 768 3082 840 καθάπερ
3121 764 3352 837 ἀνδρῶν,
3402 764 3548 821 οὕτω
3593 768 3651 821 δὲ
3694 770 3790 822 καὶ
3831 764 4115 837 γυναικῶν

2527 862 2820 931 σωφρόνων
2847 863 2979 935 (97).
3020 860 3235 926 Ἔξεστι
3262 857 3369 930 γὰρ
3395 858 3472 930 τῷ
3506 859 3628 914 καθ’
3658 861 3807 932 ἡμᾶς
3830 861 4119 915 πολιτευο-

2529 954 2674 1025 μένῳ
2719 957 2813 1010 καὶ
2849 958 2977 1012 ἄνευ
3004 953 3347 1028 γραμμάτων
3382 952 3712 1024 φιλοσοφεῖν,
3753 954 3854 1008 κᾶν
3897 952 4116 1026 βάρϐα-

2530 1062 2620 1117 ρος
2646 1046 2757 1117 (98)
2789 1044 2845 1123 ᾖ,
2875 1050 2977 1105 κᾶν
2999 1048 3218 1119 Ἕλλην,
3248 1045 3350 1100 κάν
3376 1046 3561 1112 δοῦλος
3580 1089 3595 1115 ,
3626 1048 3729 1103 κᾶν
3763 1048 3972 1121 γέρων,
4005 1046 4118 1102 κᾶν

2527 1137 2759 1203 παιδίον,
2786 1141 2889 1195 κᾶν
2920 1143 3071 1214 γυνή·
3112 1138 3264 1210 κοινὴ
3302 1137 3410 1210 γὰρ
3453 1140 3707 1195 ἁπάντων
3744 1140 3853 1194 τῶν
3893 1140 4117 1212 ἀνθρώ-

2527 1246 2643 1283 πων
2667 1274 2681 1294 ,
2710 1230 2817 1286 τῶν
2846 1250 2910 1303 γε
2955 1233 3254 1306 ἑλομένων,
3294 1232 3326 1303 ἡ
3358 1234 3700 1305 σωφροσύνη.
3743 1233 4119 1305 Ὠμολόγηται

2526 1323 2570 1375 δ’
2602 1324 2735 1392 ἡμῖν
2763 1322 2860 1394 τὴν
2892 1325 3059 1398 αὑτὴν
3093 1324 3251 1395 φύσιν
3292 1323 3432 1378 κατὰ
3477 1326 3634 1394 γένος
3683 1325 3948 1384 ἕκαστον,
4008 1324 4117 1397 τὴν

2525 1415 2696 1486 αὐτὴν
2735 1418 2829 1469 καὶ
2860 1416 3033 1489 ἴσχειν
3058 1418 3279 1492 ἀρετήν.
3310 1418 3425 1471 Οὐκ
3451 1419 3617 1491 ἄλλην
3642 1417 3818 1472 τοίνυν
3848 1416 3984 1487 πρδς
4010 1416 4115 1487 τὴν

2525 1504 2923 1577 ἁνθρωπότητα
2950 1508 3111 1576 φύσιν
3142 1508 3428 1580 ἔχει(99)ή
3458 1508 3615 1580 γυνὴ,
3642 1507 3805 1577 ἀλλην
3832 1506 3888 1558 δὲ
3912 1507 3941 1559 δ
3966 1507 4115 1579 ἀνὴρ

2528 1596 2806 1664 φαίνεται,
2849 1597 2967 1651 ἀλλ’
2999 1601 3031 1673 ἢ
3063 1600 3159 1673 τὴν
3193 1600 3387 1671 αὑτήν·
3421 1599 3563 1653 ὥστε
3601 1599 3694 1652 καὶ
3734 1597 3829 1668 τὴν
3878 1598 4114 1668 ἀρετήν.

2524 1685 2588 1738 El
2616 1686 2674 1739 δὲ
2698 1686 2896 1758 ἀνδρὸς
2928 1689 3101 1761 ἀρετὴ
3124 1688 3442 1761 σωφροσύνη
3472 1688 3757 1761 δήπουθεν,
3789 1686 3885 1741 xui.
3907 1685 4121 1738 δικαιο-

2526 1774 2680 1847 σύνη,
2714 1776 2811 1829 καὶ
2837 1777 2959 1831 ὅσαι
2989 1780 3213 1844 ταύταις
3240 1778 3530 1835 ἀκόλουθοι
3568 1777 3911 1850 νομίζονται,
3951 1778 4119 1849 ἀνδρὶ

2528 1868 2676 1939 μόνῳ
2701 1868 2946 1942 ἐναρὲτῳ
2977 1867 3116 1925 εἶναι
3142 1873 3433 1946 προσήκει,
3466 1872 3689 1941 γυναικὶ
3723 1871 3780 1925 δὲ
3819 1870 4119 1941 ἀκολάστῳ

846 1973 1012 2017 stam.
1045 1965 1209 2031 Atqui
1244 1974 1403 2034 turpe
1429 1974 1514 2021 est
1554 1974 1658 2021 hoc
1682 1965 1768 2020 vel
1801 1966 2023 2022 dicere:
2056 1966 2426 2036 temperantiae
2456 1958 2500 2012 Β
2527 1961 2609 2015 ml

2354 1966 2426 2019 .iae
2456 1958 2500 2012 Β
2527 1961 2621 2015 καὶ
2648 1960 2840 2032 ἀδίκῳ.
2881 1963 3041 2018 Ἀλλά
3074 1965 3322 2038 ἀπρεπὲς
3350 1965 3505 2019 τοῦτο
3540 1964 3636 2021 καὶ
3662 1963 3858 2033 λέγειν·
3893 1980 4117 2034 σωφρο-

845 2068 978 2123 ergo
1002 2061 1055 2107 et
1072 2052 1322 2122 iustitiae,
1355 2063 1409 2110 et
1438 2056 1650 2111 caeteris
1682 2055 1976 2112 virtutibus
2023 2056 2277 2110 similiter
2305 2054 2428 2125 qui-

845 2142 968 2196 dem
1001 2143 1178 2197 virum
1215 2153 1271 2198 et
1305 2144 1611 2210 mulierem,
1652 2144 1884 2200 liberum
1924 2153 1976 2200 et
2013 2159 2252 2209 servum,
2291 2158 2426 2213 ope-

843 2247 963 2287 ram
986 2241 1205 2303 oportet
1238 2234 1412 2302 dare;
1454 2235 1902 2305 quandoquidem
1934 2234 2178 2304 ejusdem
2203 2233 2427 2290 virtutis

843 2339 1074 2394 capaces
1095 2332 1245 2392 sunt,
1262 2342 1389 2382 cum
1412 2327 1656 2397 ejusdem
1685 2336 1895 2382 naturae
1917 2327 2046 2381 sint.
2068 2326 2256 2397 Atqui,
2279 2328 2426 2396 quod

843 2420 917 2473 sit
945 2420 1164 2489 quidem
1194 2420 1385 2475 eadem
1423 2428 1618 2475 natura
1656 2418 1872 2475 feminae
1916 2435 2038 2491 qua:
2070 2420 2198 2486 viri,
2234 2430 2428 2492 quate-

842 2527 948 2567 nus
973 2522 1056 2568 est
1081 2510 1304 2576 femina,
1338 2525 1449 2565 non
1490 2510 1759 2577 dicimus;
1793 2512 2020 2565 omnino
2058 2511 2206 2566 enim
2235 2526 2430 2567 conve-

839 2603 927 2659 nit
953 2604 1169 2674 utrique
1195 2617 1386 2658 eorum
1413 2614 1474 2657 ut
1498 2602 1676 2657 aliena
1710 2603 1853 2657 inter
1891 2618 1988 2659 eos
2022 2602 2326 2660 dill‘erentia
2358 2606 2428 2660 sit

841 2709 939 2762 per
968 2709 1134 2764 quam
1155 2708 1324 2747 unum
1352 2692 1573 2763 quidem
1604 2708 1792 2747 eorum
1827 2692 2122 2748 femineum
2143 2734 2158 2757 ,
2192 2695 2425 2750 alterum

840 2801 973 2840 vero
1023 2784 1327 2840 masculum
1371 2784 1607 2839 dicatur.
1656 2781 1887 2840 Utcrum
1934 2800 2065 2856 ergo
2114 2796 2325 2856 gestare
2374 2795 2429 2841 et

839 2892 1052 2947 parere,
1088 2875 1304 2930 fentinaa
1353 2875 1550 2931 adesse
1596 2876 1857 2937 dicimus,
1897 2888 2170 2948 quatenus
2213 2887 2295 2934 est
2345 2876 2426 2933 fc-

844 2969 1013 3032 tnina,
1041 2983 1151 3022 non
1182 2974 1455 3036 quatenus
1485 2978 1569 3023 est
1600 2970 1783 3029 homo,
1813 2968 1868 3023 Si
1905 2980 2086 3023 autem
2125 2970 2227 3023 viri
2258 2980 2312 3023 et
2351 2969 2428 3024 fe-

839 3062 1005 3117 minae
1038 3060 1184 3116 nulla
1220 3066 1369 3113 esset
1394 3059 1721 3125 diderentia,
1762 3072 1993 3131 uterque
2021 3077 2213 3117 eorum
2235 3062 2422 3117 eadem

838 3161 1026 3223 ageret
1054 3162 1108 3208 et
1155 3162 1448 3222 pateretur.
1486 3151 1766 3217 Quatenus
1833 3166 1964 3221 ergo
2011 3160 2096 3205 est
2126 3151 2316 3205 eadem
2360 3165 2425 3204 eo

840 3243 986 3310 quod
1020 3243 1215 3298 habeat
1254 3243 1507 3298 eamdem
1553 3242 1817 3304 animam,
1854 3242 2034 3295 veniet
2061 3241 2130 3297 ad
2174 3242 2421 3295 eamdem

2528 2052 2695 2124 σύνης
2737 2048 2832 2107 οὖν
2884 2056 3242 2129 ἐπιμελητέον
3282 2058 3376 2113 καὶ
3415 2057 3798 2130 δικαιοσύνης,
3859 2056 3957 2110 καὶ
4014 2056 4120 2126 τῆς

2524 2147 2691 2218 ἄλλης
2711 2147 2915 2220 ἀρετῆς
2946 2150 3191 2223 ἀπάσης,
3229 2152 3435 2223 ὁμοίως
3479 2154 3579 2225 μὲν
3614 2150 3864 2222 γυναικὶ,
3905 2147 4118 2220 ὁμοίως

2524 2237 2581 2291 δὲ
2609 2236 2763 2309 ἀνδρὶ
2785 2278 2799 2301 ,
2834 2239 3109 2313 ἐλευθέρῳ
3136 2259 3195 2294 τε
3229 2244 3324 2296 καὶ
3356 2242 3549 2314 δούλῳ*
3591 2242 3779 2315 ἐπειδὴ
3820 2242 3985 2312 μίαν,
4017 2236 4119 2293 καὶ

2525 2331 2620 2402 τὴν
2654 2331 2824 2402 αὐτὴν
2876 2333 3079 2406 ἀρετὴν
3111 2330 3252 2388 εἶναι
3300 2335 3400 2407 τῆς
3437 2336 3609 2406 αὐτῆς
3638 2335 3855 2405 φύσεως
3901 2332 4118 2406 συμϐέ-

2527 2424 2715 2495 ϐηκεν,
2749 2425 2822 2478 Τὸ
2863 2426 2963 2497 μὲν
2988 2428 3167 2481 τοίνυν
3200 2429 3300 2499 τὴν
3327 2427 3498 2500 αὐτὴν
3529 2424 3669 2481 εἶναι
3699 2427 3861 2496 φύσιν
3888 2427 3983 2481 τοῦ
4021 2426 4117 2498 θή-

2524 2517 2643 2582 λεος
2691 2517 2831 2590 πρὸς
2876 2519 2938 2572 τὸ
2994 2521 3183 2592 άρῤεν,
3243 2519 3378 2575 καθὸ
3406 2518 3538 2590 θῆλύ
3572 2520 3752 2583 ἐστιν,
3796 2519 3857 2573 οὐ
3904 2519 4114 2590 φαμέν

2527 2609 2743 2672 πάντως
2785 2608 2896 2680 γάρ
2930 2625 3057 2663 τινα
3094 2610 3189 2663 καὶ
3227 2609 3489 2682 διαφορὰν
3528 2609 3798 2681 ὑπάρχειν
3836 2612 4118 2681 προσῆκεν

2525 2699 2769 2770 ἑκατέρῳ
2810 2698 3048 2765 τούτων,
3082 2701 3150 2753 δι’
3178 2701 3245 2773 ἣν
3273 2701 3332 2754 τὸ
3373 2701 3470 2773 μὲν
3515 2700 3650 2770 θῆλυ
3697 2700 3909 2767 αὐτῶν,
3958 2703 4023 2757 τὸ
4059 2703 4117 2756 δὲ

2526 2793 2694 2864 ἄρρεν
2714 2794 2957 2862 γέγονεν·
2994 2795 3054 2848 τὸ
3085 2796 3217 2865 γοῦν
3251 2797 3541 2867 κυοφορεῖν
3574 2795 3669 2850 καὶ
3696 2796 3756 2850 τὸ
3792 2796 3998 2850 τίκτειν
4047 2799 4115 2866 τῇ

2524 2883 2747 2951 γυναικὶ
2776 2884 3055 2956 προσεῖναί
3085 2901 3289 2956 φαμεν,
3326 2884 3463 2939 καθὸ
3498 2885 3686 2958 θήλεια
3710 2888 3970 2958 τυγχάνει
3990 2929 4006 2953 ,
4053 2888 4116 2941 οὐ

2526 2973 2662 3027 καθὸ
2687 2974 2989 3046 ἄνθρωπος.
3011 2977 3073 3028 Εἰ
3098 2976 3154 3029 δὲ
3176 2976 3344 3049 μηδὲν
3364 2973 3431 3049 ἦν
3454 2978 3514 3031 τὸ
3530 2978 3784 3050 διάφορον
3800 2979 3994 3051 ἀνδρὸς
4021 2980 4118 3034 καὶ

2526 3068 2822 3137 γυναικὸς,
2865 3068 2933 3122 τὰ
2957 3069 3095 3123 αὑτά
3122 3069 3189 3123 ἂν
3231 3071 3493 3141 ἑκάτερον
3523 3072 3703 3125 αὐτῶν
3751 3073 3827 3143 (1)
3872 3074 4008 3146 ἕδρα
4055 3092 4116 3127 τε

2527 3160 2621 3215 καὶ
2655 3160 2914 3231 ἔπασχεν.
2948 3156 3026 3233 ᾟ
3062 3161 3159 3232 μὲν
3190 3163 3372 3216 τοίνυν
3396 3164 3591 3217 ταυτόν
3624 3166 3740 3217 ἐστι
3772 3166 3906 3219 καθὸ
3938 3167 4113 3237 ψυχὴ,

2526 3253 2701 3326 ταύτῃ
2744 3256 2838 3308 ἐπὶ
2871 3254 2971 3325 τὴν
3007 3252 3178 3325 αὐτὴν
3229 3255 3481 3323 ἀφίξεται
3532 3257 3758 3328 ἀρετήν·
3896 3259 3955 3311 δὲ
4002 3257 4116 3313 διά-
4212 3265 4227 3283 ⁸

838 3336 1134 3404 virtutem;
1204 3343 1477 3406 quatenus
1534 3343 1715 3389 autem
1761 3334 1974 3388 diversa
2031 3348 2126 3401 per
2170 3333 2411 3403 proprie-
2450 3323 2493 3379 ε
2529 3362 2597 3413 φο

2352 3348 2411 3388 θ’
2450 3323 2493 3379 C
2529 3362 2727 3418 φόρον,
2780 3346 2924 3399 κατὰ
2970 3344 3068 3417 τὴν
3116 3344 3210 3398 τοῦ
3254 3344 3508 3415 σώματος
3547 3347 3817 3417 ἰδιότητα,
3865 3348 3961 3403 ἐπὶ
4018 3350 4115 3413 τὰς

837 3439 1003 3484 tatem
1034 3430 1299 3496 corporis,
1326 3428 1393 3484 ad
1420 3438 1576 3483 utero
1606 3426 1899 3498 gestandos
1925 3432 1983 3489 >14
2011 3426 2174 3489 fetus,
2219 3436 2275 3481 et
2305 3442 2421 3481 ser-

834 3521 1073 3578 vandam
1102 3520 1345 3575 domum.
1382 3536 1401 3570 ι
1432 3517 1570 3574 Volo
1611 3538 1630 3571 ι
1663 3518 1840 3580 enlm,
1883 3518 2058 3587 inquit
2101 3518 2415 3589 Apostolus,

842 3634 863 3664 σ
887 3630 985 3669 vos
1014 3613 1176 3678 scire,
1211 3614 1358 3685 quod
1398 3612 1647 3684 cujusvis
1686 3612 1788 3667 viri
1820 3620 1986 3682 caput
2027 3620 2111 3665 est
2140 3611 2415 3677 Christus,

836 3716 1000 3777 caput
1057 3718 1236 3762 autem
1304 3705 1549 3761 mulieris
1594 3705 1699 3763 vir,
1753 3702 1871 3759 Non
1928 3712 2014 3759 est
2063 3704 2208 3759 enim
2238 3705 2325 3758 vir
2349 3719 2415 3759 ex

837 3799 1089 3861 muliere,
1121 3796 1215 3851 sed
1251 3797 1451 3850 mulier
1474 3810 1543 3851 ex
1571 3796 1707 3850 viro.
1750 3794 1857 3849 Sed
1890 3809 2069 3864 neque
2109 3796 2306 3851 mulier
2333 3804 2419 3851 est

838 3902 1088 3962 separata
1123 3907 1154 3946 a
1182 3890 1321 3953 viro,
1376 3904 1553 3959 nequc
1582 3889 1664 3941 vir
1695 3896 1982 3957 separatus
2029 3902 2059 3941 a
2090 3888 2318 3942 muliere
2360 3888 2415 3942 in

836 3979 1071 4036 Domino
1097 3994 1145 4035 ιι.
1184 4000 1203 4032 ι
1261 3978 1417 4033 Sicut
1449 3979 1596 4035 enim
1633 3981 1811 4033 virum
1846 3994 1968 4034 esse
2019 3989 2412 4051 temperantem

835 4084 893 4129 et
914 4076 1132 4130 vincere
1173 4074 1479 4145 voluptates
1526 4082 1778 4144 oportere
1816 4071 2083 4138 dicimus,
2127 4075 2202 4129 ita
2250 4074 2412 4130 etiam

837 4182 1126 4222 censemus
1155 4167 1437 4221 mulierem
1468 4182 1590 4223 esse
1629 4176 1882 4238 oportere
1915 4177 2333 4239 temperantem,
2361 4178 2415 4222 et

836 4257 892 4315 ia
921 4276 1101 4331 pugna
1145 4261 1406 4317 adversus
1468 4261 1771 4330 voluptates
1808 4261 2186 4317 exercitatam.
2230 4279 2249 4312 ι
2284 4259 2415 4316 Dico

834 4362 1041 4416 autem,
1071 4353 1267 4422 spiritu
1297 4352 1596 4418 ambulate,
1627 4362 1680 4407 et
1706 4353 2039 4408 desiderium
2083 4353 2267 4408 carnis
2302 4367 2411 4408 non

834 4446 1102 4508 feceritis,
1155 4465 1175 4499 ι
1207 4455 1537 4516 prazceptum
1569 4447 1809 4502 consulit
1830 4449 2189 4517 apostolicum
2216 4447 2412 4505 :«Caro

836 4540 982 4593 enim
1011 4540 1347 4609 concupiscit
1374 4541 1637 4595 adversus
1667 4540 1944 4610 spiritum,
1972 4540 2198 4610 spiritus
2228 4551 2409 4597 autem

2523 3439 2764 3508 κυήσεις,
2796 3439 2888 3490 καὶ
2913 3436 3009 3508 τὴν
3036 3438 3331 3508 οἰκουρίαν.
3357 3457 3375 3489 ι
3398 3439 3550 3493 Θέλω
3572 3459 3590 3490 ι
3612 3440 3721 3512 γάρ
3845 3461 3862 3493 ι
3887 3442 4058 3513 ὑμᾶς,
4090 3460 4111 3495 ι

2523 3529 2687 3595 φησιν
2717 3531 2746 3582 ό
2778 3527 3115 3593 Ἀπόστολσς,
3169 3548 3187 3580 ι
3242 3529 3438 3582 εἰδέναι
3477 3530 3559 3583 ὅτι
3600 3531 3801 3595 παντὸς
3845 3532 4041 3603 ἀνδρὸς
4080 3533 4114 3602 ἡ

2524 3618 2731 3691 κεφαλὴ
2760 3620 2788 3673 ὁ
2815 3620 3081 3691 Χριστός·
3133 3620 3342 3692 κεφαλὴ
3381 3621 3439 3675 δὲ
3482 3623 3738 3690 γυναικὸς
3777 3626 3806 3677 ὁ
3840 3624 4012 3695 ἀνήρ’
4053 3625 4113 3677 οὐ

2520 3712 2627 3782 γάρ
2654 3715 2800 3766 ἐστιν
2844 3715 2908 3765 ἐκ
2946 3713 3203 3783 γυναικὸς
3236 3713 3397 3785 ἀνὴρ,
3434 3713 3568 3768 ἀλλά
3611 3714 3750 3787 γυνὴ
3792 3714 3853 3780 ἐξ
3896 3716 4112 3787 ἀνδρός.

2521 3803 2664 3874 Πλὴν
2685 3804 2804 3857 οὕτε
2824 3806 2958 3877 γυνὴ
2977 3807 3146 3878 χωρὶς
3173 3806 3385 3879 ἀνδρὸς,
3404 3806 3527 3861 οὔτε
3554 3808 3692 3877 ἀνὴρ
3723 3808 3893 3876 χωρὶς
3924 3823 4116 3873 γυναι-

2519 3894 2615 3957 κὸς
2658 3895 2716 3949 ὲν
2760 3896 2967 3967 Κυρίῳ.
3007 3916 3027 3948 ι
3063 3899 3152 3961 Ὠς
3185 3897 3294 3967 γὰρ
3346 3896 3600 3967 σώφρονα
3644 3896 3737 3951 τὸν
3786 3894 3974 3967 ἄνδρα,
4022 3896 4113 3949 καὶ

2515 3988 2625 4039 τῶν
2665 3987 2867 4058 ἡδονῶν
2916 3989 3202 4061 κρείττονα
3247 3989 3358 4042 δεῖν
3403 3985 3544 4049 εἶναι
3599 3989 3796 4059 φαμὲν,
3826 3986 3971 4042 οὕτω
4022 3988 4112 4041 καὶ

2516 4078 2612 4150 τὴν
2638 4082 2872 4150 γυναῖκα
2930 4081 3183 4154 σώφρονά
3225 4102 3287 4139 τε
3338 4082 3540 4155 ὁμοίως
3573 4078 3906 4149 ἀξιώσαιμεν
3947 4076 4106 4143 εἶναι,

2516 4173 2609 4225 καὶ
2652 4174 2791 4245 πρὸς
2837 4176 2937 4239 τάς
2987 4176 3181 4245 ἡδονὰς
3229 4175 3591 4248 διαμάχεσθαι
3656 4171 4105 4245 μεμελετηκυῖαν.

2520 4283 2538 4314 ‹
2568 4265 2725 4334 Λέγω
2746 4265 2825 4327 δὲ,
2849 4266 3121 4334 πνεύματί
3148 4269 3518 4338 περιπατεῖτε,
3546 4266 3637 4318 καὶ
3662 4263 3953 4333 ἐπιθυμίαν
3982 4280 4108 4334 σαρ-

2517 4359 2610 4422 κὸς
2656 4359 2717 4411 οὐ
2768 4356 2843 4429 μὴ
2891 4357 3182 4429 τελέσητε,
3229 4377 3247 4408 ι
3275 4359 3309 4429 ἡ
3347 4355 3703 4425 Ἀποστολικὴ
3753 4353 4107 4425 συμϐουλεύει

2516 4452 2737 4523 ἐντολή·
2773 4470 2793 4503 ι
2835 4452 2902 4504 Ἡ
2937 4450 3045 4521 γὰρ
3081 4448 3220 4521 σὰρξ
3254 4450 3511 4521 ἐπιθυμεῖ
3559 4449 3697 4503 κατὰ
3736 4445 3831 4500 τοῦ
3865 4448 4107 4520 πνεύμα-

2514 4562 2623 4608 τος.
2659 4545 2720 4597 τὸ
2742 4544 2800 4597 δὲ
2821 4541 3037 4612 πνεῦμα
3075 4541 3216 4594 κατά
3244 4541 3345 4612 τῆς
3367 4540 3585 4612 σαρκός.
3618 4539 3801 4593 Ταῦτα
3836 4535 3928 4593 οὗν
3958 4537 4104 4594 ἀντί-

838 4631 1099 4685 adversus
1124 4646 1365 4684 carnem.
1415 4629 1538 4693 llaec
1568 4648 1699 4703 ergo
1724 4643 2092 4703 opponuntur,
2130 4651 2149 4683 ι
2210 4650 2319 4687 non
2350 4642 2412 4689 ut
2442 4662 2484 4718 υ
2515 4654 2600 4689 κει

2350 4642 2412 4689 ιιι
2442 4662 2484 4718 D
2515 4654 2714 4700 κειται,
2746 4657 2764 4687 ι
2796 4635 2893 4702 οὐχ
2928 4634 3003 4698 ὡς
3048 4634 3216 4688 κακὸν
3243 4630 3451 4702 ἀγαθῷ,
3475 4631 3588 4684 ἀλλ’
3608 4630 3682 4694 ὼς
3724 4632 4104 4703 συμφερόντως

837 4722 1040 4778 malum
1073 4721 1253 4786 bono,
1319 4722 1415 4776 sed
1449 4734 1508 4777 ut
1533 4739 1654 4793 quae
1694 4734 1939 4796 pugnant
1983 4726 2206 4781 utiliter.
2270 4724 2411 4781 Sub-

832 4813 1010 4885 jungit
1036 4814 1256 4883 itaque:
1289 4833 1308 4865 ι
1341 4812 1412 4868 Ut
1445 4830 1552 4868 non
1584 4830 1708 4884 quae.
1736 4817 2040 4881 volueritis,
2078 4834 2140 4872 ea
2172 4817 2409 4879 faciatis.

835 4902 1120 4961 Manifesta
1161 4917 1341 4961 autem
1374 4916 1497 4961 sunt
1532 4922 1697 4977 opera
1743 4906 1946 4970 carnis,
1979 4924 2103 4977 qua:
2142 4916 2272 4962 sunt
2304 4908 2414 4962 for-

2523 4729 2824 4800 μαχόμενα.
2868 4727 3148 4796 Ἐπιφὲρει
3191 4725 3351 4793 γοῦν·
3393 4723 3543 4775 «Ἵνα
3596 4722 3670 4794 μὴ
3708 4722 3745 4777 ἃ
3779 4722 3847 4777 ἂν
3892 4723 4099 4795 θέλητε,

2519 4821 2691 4875 ταῦτα
2733 4819 2943 4889 ποιῆτε.
2970 4817 3183 4889 Φανερά
3219 4817 3276 4871 δέ
3320 4817 3436 4867 ἐστι
3466 4814 3535 4868 τά
3578 4814 3714 4890 ἔργα
3752 4816 3852 4887 τῆς
3884 4816 4098 4888 σαρκὸς,

2521 4911 2680 4965 ἄτινά
2706 4913 2844 4974 ἐστι,
2873 4912 3097 4981 πορνεία
3125 4910 3225 4981 (5),
3258 4905 3587 4981 ἀκαθαρσία,
3637 4908 3916 4979 ἀσέλγεια,
3949 4907 4097 4961 εἰδω-

909 5070 968 5127 rft
1012 5062 1074 5118 P.
1105 5064 1201 5118 591
1237 5063 1343 5116 ED.
1377 5063 1673 5133 POTTER,
1715 5067 1821 5121 498
1858 5065 1967 5121 ΕΙ).
2006 5066 2229 5123 PARIS.
2274 5082 2298 5109 ε
2328 5067 2501 5124 ICor.
2542 5085 2616 5135 χι,
2655 5069 2709 5132 5,
2743 5070 2797 5135 8,
2826 5067 2910 5122 Η.

905 5211 1019 5277 (97)
1047 5206 1937 5282 Γυ-ναικῷν*σοφηΤειῑιιιιίιιιιιιε
1969 5212 2064 5265 lib.
2099 5211 2182 5265 Ad
2214 5222 2419 5282 marty-

836 5298 941 5344 res,
966 5294 1085 5348 cap.
1119 5280 1154 5334 4
1185 5298 1198 5333 :
1235 5297 1254 5329 ι
1295 5277 1399 5333 Sed
1433 5280 1659 5349 spiritus
1684 5290 2047 5350 contraponat
2074 5282 2176 5337 sibi
2206 5292 2260 5337 et
2289 5277 2417 5340 car-

837 5352 915 5415 ni,
945 5351 1141 5422 acerba
1189 5350 1318 5405 licet
1366 5350 1494 5414 ista,
1524 5366 1553 5404 a
1587 5351 1777 5406 multis
1796 5359 1991 5422 tamen
2032 5368 2190 5422 aequo
2228 5355 2417 5408 animo

835 5428 1085 5491 excepta,
1113 5419 1224 5502 imo
1245 5432 1301 5502 et
1323 5422 1468 5502 ultro
1504 5420 1945 5502 appetitaafamte
1967 5432 2035 5502 “et
2070 5419 2255 5502 gloriae
2282 5440 2418 5479 cau-

836 5508 932 5558 sa;
968 5508 1071 5547 nec
1097 5506 1127 5544 a
1161 5491 1288 5561 viris
1317 5501 1551 5558 tantum,
1578 5491 1675 5548 sed
1708 5493 1872 5546 etiam
1899 5507 1929 5546 a
1965 5491 2201 5561 feminis,
2231 5505 2291 5549 ut
2318 5510 2416 5549 vos

834 5579 1074 5632 quoque,
1100 5560 1417 5627 benedictae,
1444 5564 1599 5618 sexui
1621 5573 1805 5621 vestro
1832 5564 2226 5633 respondeatis,
2263 5586 2281 5617 ι
2306 5573 2412 5619 ctc.

834 5633 995 5688 Conf.
1024 5634 1244 5704 Pmdag.
1274 5632 1366 5704 lib.
1399 5648 1438 5697 ι,
1466 5650 1517 5688 c.
1549 5636 1603 5689 4.

909 5705 1021 5776 (98)
1050 5703 1177 5759 Κᾶν
1196 5702 1527 5776 βάρϐαρος.
1557 5706 1732 5761 Galat.
1769 5721 1852 5776 ιιι,
1881 5705 1987 5758 28ε
2018 5708 2128 5760 Οὐκ
2162 5707 2240 5759 ἔνι
2288 5705 2418 5757 Ἰου-

835 5773 1011 5837 δαῖος,
1042 5776 1160 5829 οὐδὲ
1197 5773 1421 5844 ’Ἕλλην’
1464 5776 1563 5830 οὐκ
1601 5777 1680 5830 ἔνι
1718 5774 1924 5845 δοῦλος,
1956 5776 2075 5829 οὐδὲ
2108 5776 2411 5845 ἐλεύθερος·

834 5846 937 5902 οὐκ
1076 5846 1260 5919 ἄρσεν,
1298 5844 1393 5899 κα)⁵
1418 5845 1570 5919 θῆλυ.
1600 5847 1760 5902 Couf.
1808 5844 1965 5900 Rom.
2004 5863 2056 5913 ιι,
2098 5847 2195 5911 £2;
2238 5847 2256 5897 l
2284 5844 2411 5900 Cor.

837 5931 939 5970 Ill.
1041 5958 1051 5969 .

837 5931 939 5975 ΙΙΙ,
965 5931 1051 5970 ‘IO.

909 5987 1021 6059 (99)
1052 5988 1226 6057 Ἔχει.
1261 5987 1479 6045 Rectius
1503 5987 1641 6043 forte
1673 5986 1814 6059 ἔχειν
1844 5987 1996 6044 iteﬁn.
2029 5986 2212 6053 modo,
2243 5996 2295 6045 ut
2328 6003 2409 6045 te

2530 5217 2689 5279 gatur
2713 5223 2745 5263 a
2776 5208 2944 5279 verbo
2973 5209 3242 5279 φαίνεται.
3279 5204 3541 5279 summa.

2599 5280 2671 5363 (1)
2713 5271 3025 5363 Ἐἔάτεροί-
3078 5276 3295 5332 αὐτῶν.
3355 5278 3520 5334 Forte
3578 5276 3783 5332 rectius
3844 5271 4093 5338 ἑκάτερος

2526 5351 2721 5406 αὐτῶν.
2765 5351 3031 5405 SrLBunc.

2595 5422 2673 5494 (2)
2718 5420 2865 5490 Γὰρ.
2902 5417 3192 5494 Δὲᾑι-(Ζοιι.
3235 5435 3312 5494 ιιι,
3350 5421 3443 5494 ubi
3484 5435 3637 5494 mox,
3677 5415 3873 5494 ἀνδρός
3908 5412 3942 5481 ἡ
3973 5423 4088 5494 κεςρΓ

2520 5477 2899 5565 Χριστόςᾲὲῗστι
2918 5488 3110 5565 °_dein_,
3139 5489 3200 5565 οὐ
3226 5477 3333 5564 γὰρ
3358 5492 3499 5565 ἀνὴρ
3528 5493 3595 5546 ὲκ
3615 5477 3874 5565 γυναικός
3891 5498 3905 5512 ⁶
3931 5477 4093 5565 paul?

2519 5547 2672 5635 pdst,
2722 5547 2861 5630 πλὴν
2903 5558 3028 5614 οὔτε
3065 5547 3203 5633 ἀνὴρ
3237 5547 3411 5636 χωρὶς
3448 5547 3747 5634 ’γυναικὸς,
3796 5547 4090 5621 οὕτε-γυνὴ

2521 5635 2690 5687 γωοὶε
2728 5631 2941 5687 ἀνδρός.

2521 5649 3068 5730 xw.et;~a¢:of.o.?.zn-.
3128 5718 3168 5730 α
3224 5703 3414 5730 ’σι-.-.ι
3441 5706 3551 5730 ε...
3611 5694 3823 5730 "mue!"
3879 5711 3922 5730 ηι-
3991 5692 4089 5730 Ca-

2523 5692 2555 5705 ”
2594 5692 2686 5776 (³δῖ
2710 5692 2912 5784 "Afir-ci
2940 5703 3091 5766 ἐστι,
3123 5718 3186 5758 π.
3224 5703 3417 5760 ’Ἄτινά
3440 5706 3575 5764 ἐστι,
3610 5694 3846 5780 μοιχείοξ,
3879 5711 3964 5758 πο,
3991 5692 4083 5776 Ga-

2520 5778 2640 5848 la_t..
2688 5777 2780 5827 ubi
2822 5787 2982 5848 .mox,
3040 5775 3359 5848 φαρμακεία
3401 5790 3501 5845 pro
3527 5766 4083 5848 ραςιμαιςειαιχᾶθιη,

2524 5835 2728 5915 φθόνοι,
2769 5841 2940 5911 φόνοι,
2971 5835 3131 5915 -μέθί
3151 5835 3313 5916 paulo
3342 5835 3871 5916 ρόεῐηὰγαθωησύνη,
3891 5835 4083 5896 πίστις,

2524 5906 2804 5988 πραότὴςί
2816 5906 3131 5987 ἐγκράτεια.
3151 5906 3308 5982 Μυχ,
3342 5906 3665 5981 παραθεῖναι
3691 5906 3837 5964 ἷοΐίιέ
3858 5910 3961 5981 les-
3994 5919 4083 5977 Ρτθ

2525 5984 2927 6056 παραταθῆναι,
