4464 6612
413 519 549 575 1277

1645 518 2078 577 ΒΤΒΟΜᾹΤΠΜ
2118 520 2247 576 LlB.
2293 521 2381 576 IV.

3511 526 3652 583 1278

415 658 434 690 ι
470 640 535 694 Ai
583 641 857 708 γυναῖκες,
895 638 1076 710 φησιν,
1117 638 1481 693 ὑποτάσσεσθε
1535 641 1648 702 τοῖς
1699 639 1973 712 ἀνδράσιν,
2006 644 2049 699 Α
2079 657 2178 695 εεει

1886 659 1973 703 ιιν,
2006 644 2049 699 Α
2079 657 2199 695 esse
2233 643 2403 696 amari
2454 643 2508 696 in
2560 642 2698 696 illas.
2733 642 2876 706 Filii,
2919 644 3138 723 obedite
3190 642 3501 712 parentibus
3552 658 3649 711 per

406 731 483 795 ὡς
513 732 706 800 ἀνήκει
745 727 857 798 (16)
886 731 942 783 ἐν
987 732 1193 803 Κυρίῳ.
1245 733 1307 783 Οί
1358 729 1565 804 ἄνδρες,
1606 731 1852 799 ἀγαπᾶτε
1879 734 1978 796 τὰς

407 823 689 890 γυναῖκας,
717 820 809 874 καὶ
835 822 908 893 μὴ
934 821 1284 896 πικραίνεσθε
1310 821 1444 892 πρὸς
1468 825 1654 886 αὐτάς.
1687 823 1766 875 Τὰ
1789 825 1972 888 τέκνα,

408 909 712 965 ὑπακούετε
744 916 854 977 τοῖς
876 914 1090 982 γονεῦσι
1120 911 1263 966 κατὰ
1289 913 1463 967 πάντα
1482 932 1494 945 ο
1535 914 1694 971 τοῦτο
1719 914 1824 986 γὰρ
1849 916 1974 968 εὑά·

409 1020 596 1072 ρεστον
642 1003 720 1074 τῷ
756 1006 963 1080 Κυρίῳ.
1024 1007 1085 1059 Oi
1136 1004 1399 1077 πατέρες,
1460 1006 1534 1078 μὴ
1589 1004 1856 1078 ἐρεθίζετε
1905 996 1972 1061 τὰ

406 1094 568 1147 τέκνα
595 1096 767 1168 ὑμῶν,
793 1099 879 1151 ἴνα
910 1097 983 1168 μὴ
1011 1095 1309 1166 ἀθυμῶσιν.
1345 1101 1405 1151 υἱ
1439 1099 1634 1164 δοῦλοι,
1669 1099 1968 1153 ὑπακούετε

406 1185 542 1238 κατὰ
574 1187 750 1241 πάντα
782 1191 894 1250 τοῖς
924 1185 1065 1239 κατά
1110 1185 1284 1258 σάρκα
1313 1192 1540 1262 κυρίοις,
1587 1191 1659 1261 μὴ
1686 1191 1742 1241 ἐν
1769 1190 1968 1260 ὀφθαλ-

406 1269 740 1339 μοδουλείαις
781 1273 858 1336 ὡς
905 1271 1374 1345 ἀνθρωπάρεσκοι,
1417 1279 1533 1332 ἀλλ’
1601 1281 1660 1330 ἐν
1710 1279 1968 1350 ἁπλότητι

404 1361 642 1430 καρδίας,
699 1363 1018 1432 φοϐούμενοι
1069 1363 1160 1417 τὸν
1210 1367 1441 1439 Κύριον·
1495 1370 1590 1422 καὶ
1645 1370 1752 1421 πᾶν
1798 1369 1825 1422 ὃ
1871 1370 1964 1423 ἐὰν

402 1454 589 1524 ποιῆτε
623 1453 756 1526 (17),
789 1457 853 1507 ἐκ
874 1453 1053 1524 ψυχῆς
1087 1455 1396 1527 ἐργάζεσθε,
1428 1461 1503 1524 ὡς
1525 1459 1601 1530 τῷ
1639 1459 1826 1530 Κυρίῳ
1850 1461 1965 1514 δου-

400 1539 661 1607 λεύοντες,
687 1545 780 1598 καὶ
805 1545 905 1596 οὐκ
930 1543 1251 1615 ἀνθρώποις,
1275 1550 1474 1613 εἰδότες
1500 1551 1581 1603 ὅτι
1617 1550 1725 1602 ἀπὸ
1763 1551 1963 1620 Κυρίου

399 1633 737 1705 ἀπολήψεσθε
769 1635 866 1706 τὴν
900 1636 1248 1692 ἀνταπόδοσιν
1298 1641 1397 1710 τῆς
1450 1639 1841 1711 κληρονομίαςο
1889 1643 1965 1713 τῷ

397 1724 506 1795 γὰρ
531 1726 720 1797 Κυρίῳ
753 1727 971 1796 Χριστῷ
1002 1728 1274 1783 δουλεύετε
1294 1748 1307 1761 ·
1335 1735 1363 1784 ό
1391 1731 1500 1802 γάρ
1533 1731 1715 1794 ἄδικος
1749 1733 1965 1804 κομίσε-

396 1831 486 1868 ται
512 1817 542 1869 ὂ
571 1817 854 1886 ἠδίκησενο
891 1818 984 1870 καὶ
1013 1820 1110 1873 οὑκ
1137 1820 1250 1874 ἐστι
1287 1823 1735 1893 προσωποληψία.
1769 1826 1829 1878 Οἱ
1863 1826 1961 1879 κύ-

401 1925 521 1976 ριοι,
552 1909 613 1961 τὸ
643 1909 848 1962 δίκαιον
892 1911 985 1963 καὶ
1031 1913 1127 1983 τὴν
1163 1913 1384 1985 ἰσότητα
1417 1916 1530 1978 τοῖς
1557 1915 1760 1980 δούλοις
1797 1920 1963 1989 παρὲ-

2079 729 2290 796 omnia;
2324 731 2430 785 hoc
2452 733 2597 786 enim
2628 729 3021 802 heneplacitum
3045 741 3129 788 est
3149 731 3404 786 Domino.
3430 727 3647 796 Patres,

2077 821 2244 876 nolite
2273 823 2338 876 ad
2388 823 2817 893 indignationem
2861 839 3156 892 provocare
3203 822 3350 878 ﬁlios
3393 833 3646 885 vestros,

2076 921 2135 966 ut
2165 927 2268 966 non
2300 914 2498 982 pusillo
2529 913 2710 968 animo
2739 915 2892 968 fiant.
2935 914 3110 980 Servi,
3155 915 3373 969 obedite
3401 928 3497 984 per
3523 927 3647 967 om-

2075 1003 2161 1056 nia
2191 1005 2423 1060 dominis
2454 1005 2788 1070 carnalibus,
2821 1022 2931 1060 non
2967 1005 3034 1059 ad
3067 1005 3284 1060 oculum
3314 1004 3641 1067 servientes,

2074 1104 2329 1164 tanquam
2366 1097 2681 1150 hominibus
2726 1097 3022 1166 placentes,
3056 1095 3150 1150 sed
3203 1095 3256 1148 in
3297 1095 3644 1165 simplicitate

2072 1188 2268 1254 cordis,
2303 1189 2558 1242 timentes
2604 1185 2910 1242 Dominum.
2950 1187 3015 1242 Et
3045 1187 3409 1256 quodcunque
3440 1185 3639 1248 facitis,

2069 1293 2133 1331 ex
2178 1279 2359 1331 animo
2404 1277 2729 1347 operamini,
2769 1278 2907 1332 sicut
2948 1278 3180 1332 Domino
3229 1276 3548 1340 servientes,
3587 1285 3642 1328 et

2073 1383 2176 1422 non
2213 1369 2545 1432 hominibus,
2582 1369 2818 1423 scientes
2849 1370 2989 1437 quod
3020 1386 3049 1424 a
3095 1368 3330 1422 Domino
3360 1365 3641 1434 accipietis

2069 1459 2478 1514 retributionem
2531 1460 2900 1525 haereditatis;
2957 1460 3178 1514 domino
3226 1458 3371 1514 enim
3423 1456 3640 1511 Christo

2067 1553 2305 1607 servitis.
2339 1552 2440 1618 Qui
2469 1555 2611 1608 enim
2649 1553 2904 1624 injuriam
2939 1550 3086 1618 facit,
3115 1551 3334 1621 recipiet
3368 1549 3447 1612 id,
3490 1548 3636 1618 quod

2066 1643 2255 1713 inique
2278 1646 2477 1713 gessit;
2511 1653 2564 1698 et
2592 1660 2699 1698 non
2730 1655 2812 1699 est
2838 1657 3198 1714 personarum
3226 1642 3468 1711 acceptio
3491 1639 3637 1709 apud

2064 1735 2258 1790 Deum.
2297 1735 2536 1797 Domini,
2565 1736 2708 1804 quod
2739 1735 2946 1803 justum
2980 1743 3066 1788 est
3107 1741 3161 1786 et
3187 1747 3436 1801 aequum,
3459 1731 3636 1784 servis

2060 1832 2336 1895 praestate,
2374 1823 2608 1877 scientes
2635 1822 2778 1891 quod
2813 1832 2864 1876 et
2893 1838 2989 1878 vos
3029 1821 3315 1876 dominum
3342 1819 3556 1873 habetis
3580 1819 3633 1871 in

2061 1915 2202 1969 coelo
2228 1925 2286 1980 ll;
2322 1913 2414 1968 uhi
2447 1927 2556 1966 non
2587 1920 2673 1966 est
2704 1909 2926 1966 Graecus
2949 1927 3046 1965 nec
3073 1909 3320 1976 Iudaeus,
3346 1910 3641 1964 circumci-

397 2015 541 2067 χετε,
569 1999 766 2061 ειδότες
799 2000 880 2051 ὅτι
932 2002 1022 2054 καὶ
1051 2005 1206 2073 ὑμεῖς
1233 2005 1386 2076 ἔχετε
1430 2005 1616 2077 κύριον
1645 2009 1702 2060 ἐν
1729 2009 1958 2079 οὐρανῷ,
1995 1983 2036 2036 Β
2066 2004 2146 2058 sio

1873 1983 1958 2079 νῷ,
1995 1983 2036 2036 Β
2066 2004 2146 2058 sio
2180 2014 2232 2058 et
2281 2003 2626 2073 praeputium,
2663 2017 2764 2056 nec
2796 2001 3083 2066 barbarus,
3136 2017 3234 2056 nec
3270 2001 3492 2072 Scytha,
3535 2015 3636 2055 nec

394 2091 527 2143 ὅπου
555 2092 654 2144 οὐκ
681 2091 757 2143 ἐνι
779 2091 972 2163 Ἕλλην
994 2096 1085 2148 καὶ
1113 2097 1380 2161 Ἰουδαῖος,
1403 2099 1669 2171 περιτομὴ
1693 2103 1783 2154 καὶ
1811 2103 1962 2172 ἀκρο-

395 2182 606 2245 ϐυστία,
659 2182 948 2255 βάρϐαρος,
973 2187 1180 2259 Σκύθης
1229 2189 1359 2259 (18),
1405 2190 1607 2255 δοῦλος.
1661 2192 1956 2265 ἐλεύθερος,

395 2271 528 2324 ἀλλὰ
560 2273 737 2326 πάντα
782 2276 874 2328 καὶ
917 2278 974 2329 ἐν
1010 2279 1140 2332 πᾶσι
1189 2280 1443 2350 Χριστός.
1484 2301 1502 2331 ι
1546 2281 1724 2336 Είκὼν
1765 2284 1818 2337 δέ
1860 2285 1960 2354 τῆς

394 2363 643 2430 οὐρανίου
683 2364 789 2437 (19)
833 2367 1151 2440 Ἐκκλησίας
1195 2371 1228 2441 ἡ
1259 2370 1495 2438 ἐπίγειος
1518 2391 1530 2402 ·
1561 2374 1698 2445 ὅπερ
1725 2375 1834 2446 (20)
1873 2377 1960 2428 εὐ-

395 2453 599 2523 χόμεθα
630 2458 722 2508 καὶ
757 2475 774 2506 ‹
812 2459 903 2511 ἐπὶ
929 2462 1029 2531 γῆς
1057 2463 1306 2529 γενέσθαι
1339 2463 1399 2514 τὸ
1434 2462 1642 2535 θέλημα
1675 2465 1767 2518 τοῦ
1799 2466 1954 2529 θεοῦ,

394 2542 468 2604 ὡς
515 2545 571 2595 ἐν
617 2547 843 2617 οὐρανῷ.
890 2550 1261 2621 Ἐνδυσάμενοι
1301 2553 1410 2622 (21)
1446 2555 1720 2626 σπλάγχνα
1750 2558 1955 2628 οἰκτιρ-

397 2637 516 2700 μοῦ,
553 2637 910 2708 χρηστότητα,
933 2642 1470 2712 ταπεινοφροσύνην,
1501 2646 1806 2715 πραότητα,
1854 2664 1957 2716 μα-

394 2723 722 2794 κροθυμίαν·
778 2729 1093 2800 ἀνεχόμενοι
1149 2732 1415 2804 ἀλλήλων,
1472 2737 1564 2788 καὶ
1615 2736 1955 2807 χαριζόμενοι

393 2817 622 2879 ἑαυτοῖς,
656 2819 748 2872 ἐάν
773 2837 854 2883 τις
887 2823 1019 2890 πρός
1055 2842 1176 2876 τινα
1208 2825 1305 2898 ἔχῃ
1355 2829 1608 2897 μομφήν·
1643 2828 1822 2892 καθὼς
1866 2830 1956 2882 καὶ

392 2907 420 2956 ὁ
464 2907 694 2976 Χριστὸς
729 2911 1017 2980 ἐχαρίσατο
1049 2916 1198 2982 ἡμῖν,
1254 2916 1426 2978 οὕτως
1472 2919 1563 2970 καὶ
1613 2919 1770 2988 ἡμεῖς
1822 2920 1951 2990 (22).

405 2998 524 3050 Ἐπὶ
560 3003 688 3052 πᾶσι
721 3003 776 3054 δέ
811 3003 1016 3068 τούτοις
1049 3010 1078 3076 η
1116 3008 1320 3077 ἀγάπη,
1350 3010 1376 3061 ὅ
1403 3010 1515 3062 ἐστι
1541 3010 1832 3081 σύνδεσμος
1859 3013 1954 3083 τῆς

389 3090 751 3162 τελειότητος·
787 3096 875 3147 καὶ
901 3099 931 3164 ἡ
971 3099 1153 3167 εἰρήνη
1179 3098 1270 3150 τοῦ
1301 3101 1533 3170 Χριστοῦ
1563 3102 1868 3173 βραϐευέτω
1898 3106 1953 3157 ἐν

388 3181 506 3243 ταῖς
535 3183 777 3253 καρδίαις
806 3185 975 3254 ὑμῶν,
1009 3190 1085 3249 εἰς
1115 3191 1179 3260 ἢν
1223 3191 1312 3243 καὶ
1360 3191 1622 3263 ἐκλήθητε
1653 3195 1711 3246 ἐν
1741 3196 1819 3247 ἐνὶ
1850 3195 1952 3248 σώ-

392 3290 518 3339 ματι
539 3290 550 3301 ·
572 3275 663 3327 καὶ
684 3276 986 3347 εὐχάριστοι
1009 3280 1240 3347 γίνεσθε.
1271 3301 1289 3332 ι
1309 3283 1471 3335 οὐδέν
1487 3285 1594 3355 γάρ
1611 3285 1804 3338 κωλύει
1823 3288 1950 3340 πολ-

387 3364 542 3428 λάκις
581 3367 678 3437 τὴν
711 3370 879 3439 αὐτὴν
908 3373 1295 3442 παρατίθεσθαι
1329 3376 1547 3447 Γραφὴν
1575 3379 1654 3440 εἰς
1691 3380 1954 3451 ἐντροπὴν

389 3453 728 3523 Μαρκίωνος,
753 3459 817 3526 ἧν
872 3477 985 3522 πως
1029 3462 1394 3532 μεταϐάληται
1433 3465 1698 3530 πεισθείς·
1737 3469 1954 3539 εὐχάρι-

388 3561 507 3597 στον
534 3547 642 3598 δεῖν
672 3549 853 3618 μαθὼν
880 3553 970 3604 τὸν
1000 3554 1184 3606 πιστὸν
1211 3551 1345 3607 εἶναι
1374 3555 1450 3625 τῷ
1475 3557 1786 3630 δημιουργῷ
1816 3561 1950 3630 Θεῷ,

386 3638 460 3707 τῷ
485 3639 770 3694 καλέσαντι
810 3647 974 3715 ἡμᾶς,
1003 3647 1096 3699 καὶ
1128 3647 1600 3720 εύαγγελισαμένῳ
1633 3653 1688 3703 ἐν
1722 3653 1946 3724 σώματι.

386 3727 566 3798 Σαφὴς
593 3731 723 3799 ἡμῖν
750 3734 811 3784 ἐκ
853 3734 1054 3787 τούτων
1083 3737 1114 3805 ἡ
1152 3737 1215 3788 ἐκ
1244 3736 1478 3800 πίστεως
1501 3738 1686 3808 ἑνότης
1706 3757 1717 3769 ο
1756 3742 1848 3793 καὶ
1874 3741 1954 3804 τίς

387 3817 414 3866 ὁ
445 3816 664 3881 τέλειος,
697 3821 993 3875 δέδεικται·
1023 3824 1161 3877 ὥστε
1205 3826 1297 3878 καὶ
1322 3827 1562 3880 ἀκόντων
1584 3829 1742 3881 τινῶν
1771 3832 1862 3883 καὶ
1888 3831 1955 3884 τὰ

388 3905 609 3960 πλεῖστα
639 3911 1020 3982 ἐνισταμένων,
1048 3915 1151 3968 κᾶν
1179 3917 1427 3980 κολάσεις
1455 3919 1794 3988 ἐπαρτῶνται
1821 3923 1955 3991 πρὸς

387 4001 479 4053 τοῦ
512 4002 778 4074 ἀνδρὸς,ἢ
832 4005 966 4074 πρὸς
1011 4007 1105 4059 τοῦ
1153 4007 1430 4072 δεσπότου,
1470 4010 1820 4084 φιλοσοφήσει
1849 4015 1953 4069 ὅτε

388 4093 601 4162 οἰκέτης
639 4093 672 4161 ἦ
715 4111 773 4145 τε
807 4098 961 4166 γυνή.
996 4097 1103 4148 Ναὶ
1138 4098 1244 4168 μὴν
1272 4101 1365 4153 καὶ
1394 4099 1693 4174 ἐλεύθερος,
1724 4104 1825 4158 κᾶν
1863 4123 1956 4158 τυ-

391 4184 578 4252 ράννου
609 4186 717 4255 (25)
753 4185 975 4251 Θάνατος
1014 4189 1302 4258 ἀπειλῆται
1334 4192 1525 4263 τούτῳ,
1579 4195 1681 4249 κᾶν
1733 4196 1826 4250 ἐπὶ
1877 4197 1956 4250 δι-

387 4279 656 4349 καστήρια
700 4279 925 4348 ἄγηται,
980 4281 1073 4333 καὶ
1118 4282 1197 4344 είς
1245 4282 1518 4347 κινδύνους
1566 4286 1826 4355 ἐσχάτους
1862 4303 1955 4339 πε-

390 4373 685 4444 ριέλκηται,
725 4373 853 4445 περί
888 4392 944 4427 τε
973 4375 1072 4445 τῆς
1103 4377 1347 4445 κτήσεως
1370 4376 1586 4447 ἀπάσης
1617 4378 1948 4450 κινδυνεύσῃ,

385 4463 482 4515 οὐκ
526 4464 780 4532 ἀφέξεται
832 4465 931 4533 τῆς
965 4465 1270 4529 θεοσεϐείας
1312 4468 1418 4520 οὐδ’
1469 4468 1794 4521 ὁπωστιοῦν·
1831 4468 1949 4519 οὐδὲ

388 4556 687 4627 ἀπαυδήσει
714 4559 914 4628 ποτὲ,ἠ
948 4559 1042 4627 μὲν
1058 4561 1193 4631 γυνὴ
1227 4559 1408 4630 ιραύλῳ
1434 4561 1744 4612 συνοικοῦσα
1775 4560 1944 4629 ἀνδρὶ,

2066 2110 2278 2159 servus,
2331 2112 2429 2149 nec
2462 2095 2618 2160 liber,
2654 2093 2748 2149 sed
2788 2095 2974 2147 omnia
3005 2104 3058 2147 et
3100 2093 3152 2145 in
3191 2094 3443 2147 omnibus
3471 2091 3635 2146 Chri-

2068 2197 2183 2240 stus
2206 2186 2254 2238 b.
2294 2205 2312 2236 ι
2359 2185 2612 2241 C(elestis
2660 2193 2840 2240 autem
2890 2184 3154 2239 Ecclesiae
3191 2183 3371 2253 imago
3405 2192 3486 2236 est
3529 2191 3637 2236 ter-

2066 2277 2275 2330 restris.
2333 2275 2597 2343 Quocirca
2641 2292 2928 2345 precamur
2973 2278 3138 2330 etiam
3183 2295 3202 2328 ‹
3234 2277 3287 2329 in
3337 2287 3478 2330 terra
3516 2275 3632 2327 fieri

2064 2370 2396 2423 voluntatem
2432 2368 2524 2422 Dei
2557 2369 2697 2423 sicut
2727 2369 2780 2422 in
2816 2369 2954 2422 cmlo
2983 2379 3004 2405 ο
3040 2387 3052 2421 ι
3090 2367 3379 2422 lnduentes
3424 2369 3632 2422 viscera

2062 2461 2456 2524 miserationis,
2495 2461 2911 2530 benignitatem,
2950 2458 3333 2521 humilitatem,
3380 2473 3635 2513 mansue-

2062 2559 2331 2620 tudinem,
2383 2558 2686 2620 lenitatem,
2742 2557 3077 2611 sustinentcs
3134 2570 3234 2609 nos
3288 2553 3538 2617 invicem,
3579 2563 3635 2607 et

2061 2652 2432 2705 contionantes
2466 2650 2626 2704 nobis
2673 2651 2929 2714 invicem,
2972 2649 3015 2702 si
3049 2648 3174 2716 quis
3218 2645 3482 2699 adversus
3525 2645 3631 2698 ali-

2061 2753 2220 2808 quem
2255 2738 2452 2792 habeat
2476 2739 2542 2792 de
2575 2753 2683 2806 quo
2715 2747 3006 2807 queratur;
3042 2737 3183 2790 sicut
3212 2735 3467 2789 Christus
3500 2749 3634 2789 con-

2060 2828 2281 2882 donavit
2315 2829 2491 2891 nobis,
2531 2828 2604 2882 ita
2631 2837 2684 2882 et
2729 2843 2849 2881 nos.
2889 2826 3063 2895 Super
3094 2827 3208 2880 haec
3240 2836 3418 2880 autem
3447 2825 3629 2878 omnia

2059 2918 2329 2984 Charitas,
2363 2918 2506 2988 quod
2553 2928 2636 2973 est
2680 2918 2953 2972 vinculum
3010 2915 3388 2987 perfectionis;
3433 2923 3486 2968 et
3523 2929 3626 2983 pax

2057 3009 2257 3063 Christi
2300 3019 2485 3078 regnet
2513 3009 2566 3061 in
2609 3009 2868 3062 cordibus
2898 3008 3112 3072 vestris,
3155 3006 3221 3059 ad
3253 3019 3418 3075 quam
3461 3005 3624 3057 etiam

2056 3100 2236 3153 vocati
2293 3099 2426 3154 estis
2477 3100 2528 3152 in
2581 3114 2692 3153 uno
2735 3113 2989 3167 corpore;
3027 3107 3080 3151 et
3127 3096 3264 3165 grati
3314 3104 3485 3148 estote
3507 3093 3556 3146 ά.
3603 3113 3620 3143 ι

2054 3188 2198 3243 Nihil
2227 3189 2371 3243 enim
2412 3197 2552 3242 velat
2591 3191 2889 3258 quominus
2923 3203 3065 3256 smpe
3103 3187 3290 3240 eadem
3326 3186 3627 3238 adducatur

2058 3281 2362 3350 Scriptura,
2395 3280 2438 3334 si
2471 3295 2576 3349 qua
2605 3280 2817 3333 ratione
2847 3278 3087 3332 Marcion
3122 3276 3472 3346 pudefactus,
3508 3293 3626 3329 mu—

2057 3379 2166 3424 tata
2217 3370 2506 3434 sententia,
2557 3370 2774 3424 tandem
2825 3375 3084 3436 agnoscat
3123 3379 3370 3436 OporteI-e
3415 3366 3622 3420 fidelem

2055 3477 2173 3516 esse
2210 3472 2424 3532 gratum
2459 3462 2511 3514 in
2545 3460 2715 3515 Deum
2752 3461 3018 3530 opificem,
3071 3461 3164 3527 qui
3201 3475 3298 3514 nos
3329 3460 3541 3513 vocavit
3574 3469 3629 3511 et

2055 3553 2212 3607 nobis
2255 3552 2605 3622 Evangelium
2650 3553 2994 3606 annuntiavit
3034 3551 3085 3604 in
3125 3565 3376 3619 corpore.
3413 3548 3492 3602 Ex
3541 3549 3626 3604 his

2054 3660 2180 3714 ergo
2211 3645 2366 3698 nobis
2398 3653 2481 3699 est
2522 3653 2727 3713 aperta,
2774 3659 2895 3712 quae
2923 3652 3006 3696 est
3037 3658 3102 3696 ex
3142 3641 3269 3708 fide,
3307 3643 3519 3706 unitas;
3573 3651 3628 3694 ct

2054 3745 2333 3790 ostensum
2370 3744 2474 3800 est,
2511 3736 2635 3805 quis
2666 3736 2738 3789 sit
2777 3733 3070 3804 perfectus.
3105 3732 3286 3799 Quare
3321 3733 3402 3785 vel
3434 3732 3622 3785 invitis

2055 3827 2325 3897 aliquibus
2371 3835 2423 3881 et
2454 3841 2553 3896 pro
2584 3827 2727 3879 virili
2758 3826 3159 3889 resistentibus,
3193 3824 3407 3878 etiamsi
3443 3839 3472 3877 a
3505 3838 3626 3876 ma-

2054 3921 2160 3974 rito
2201 3920 2282 3972 vel
2328 3935 2356 3972 a
2392 3919 2615 3973 domino
2652 3918 3000 3987 impendeant
3045 3917 3332 3985 supplicia,
3384 3915 3626 3984 philoso-

2056 4011 2313 4081 phabitur
2353 4027 2541 4065 servus
2573 4020 2628 4064 et
2661 4011 2877 4064 mulier.
2927 4008 3234 4074 Quinetiam
3291 4007 3430 4060 liber
3482 4021 3623 4074 quo.-

2053 4118 2179 4172 que,
2205 4103 2414 4156 etiamsi
2446 4113 2706 4173 tyrannus
2737 4102 2784 4154 ei
2819 4109 3046 4153 mortem
3076 4100 3380 4163 minitetur,
3405 4098 3625 4154 etiamsi

2055 4193 2285 4247 ducatur
2313 4193 2378 4246 ad
2401 4193 2607 4260 judicia
2643 4202 2694 4244 et
2726 4192 2973 4244 trahatur
3004 4189 3070 4242 ad
3107 4189 3301 4241 ultima
3332 4187 3626 4256 supplicia,

2053 4292 2106 4336 et
2135 4283 2199 4336 de
2233 4282 2576 4336 facultatibus
2608 4296 2672 4334 ac
2714 4279 2951 4334 fortunis
2994 4279 3111 4334 suis
3145 4280 3400 4332 omnibus
3443 4280 3624 4331 veniat

2052 4374 2106 4426 in
2139 4375 2458 4442 periculum,
2494 4373 2644 4426 nullo
2677 4373 2838 4426 modo
2872 4377 2930 4434 >14
2972 4371 3265 4425 abstinebit
3295 4387 3323 4423 a
3367 4385 3494 4422 vero
3529 4368 3622 4422 Dei

2050 4465 2218 4517 cultu.
2255 4463 2437 4533 Neque
2468 4479 2711 4533 unquam
2738 4463 2976 4525 deficiet,
3009 4463 3203 4516 mulier
3231 4462 3473 4530 quidem,
3501 4475 3627 4528 quae

2050 4571 2174 4610 cum
2205 4557 2348 4610 malo
2379 4559 2576 4611 marito
2607 4556 2838 4619 habitat,
2876 4565 2969 4609 aut
2998 4556 3164 4617 filius,
3201 4554 3246 4607 si
3285 4553 3487 4606 malum
3528 4552 3624 4604 ha-

384 4648 410 4696 6
439 4645 494 4697 δέ
534 4648 666 4712 υἱὸς,
693 4649 785 4700 ἐὰν
813 4649 1008 4718 φαῦλον
1049 4650 1146 4722 ἔχῃ
1170 4651 1397 4720 πατέρα,
1429 4650 1459 4721 ἢ
1495 4648 1724 4719 πονηρὸν
1755 4649 1946 4701 δεσπό-
1979 4656 2021 4710 1)
2051 4647 2147 4702 bea

1858 4649 1946 4700 πό·
1979 4656 2021 4710 1)
2051 4647 2176 4702 beat
2206 4658 2437 4718 patrem,
2469 4649 2552 4703 vel
2583 4649 2888 4716 improbum
2925 4647 3211 4700 dominum
3249 4659 3464 4709 servus,
3497 4641 3621 4696 forti

382 4750 481 4800 την
527 4738 554 4787 ό
597 4738 834 4807 οἰκέτης,
863 4739 958 4809 τῆς
996 4738 1193 4808 ἀρετῆς
1228 4739 1468 4807 ἐχόμενοι
1497 4739 1788 4804 γενναίως’
1827 4737 1940 4791 ἀλλ’

383 4823 458 4885 ὡς
501 4826 653 4896 ἀνδρὶ
681 4830 1038 4900 ἀποθνήσκειν
1075 4829 1238 4881 καλὸν
1268 4828 1407 4898 ὑπέρ
1446 4845 1503 4880 τε
1535 4829 1752 4900 ἀρετῆς,
1803 4832 1944 4903 ὑπέρ

459 4969 514 5024 »Β
544 4963 604 5018 ῐ).
631 4968 735 5022 591
766 4969 874 5022 ΕΟ.
918 4965 1208 5023 POTTER.
1236 4963 1330 5017 501
1371 4963 1474 5017 ED.
1504 4963 1731 5019 PARIS.
1773 4978 1797 5006 ⁸
1824 4968 2037 5022 Coloss.
2071 4984 2151 5026 ιιι,
2187 4969 2222 5020 li

1506 4963 1731 5019 PARIS.
1773 4978 1797 5006 ⁸
1824 4968 2037 5022 Coloss.
2071 4984 2151 5026 ιιι,
2187 4968 2267 5027 l8,
2303 4966 2380 5026 l9,
2407 4965 2496 5026 20,
2523 4965 2614 5027 21,
2639 4964 2730 5029 22,
2762 4964 2854 5027 25,
2883 4963 2971 5029 24,
2996 4964 3098 5028 25;
3124 4979 3196 5025 Iv,
3223 4961 3269 5014 1.

1702 5036 1727 5074 ά
1758 5036 1972 5092 Coloss.
2002 5055 2082 5105 ιιι,
2113 5039 2197 5101 12,
2227 5040 2310 5100 15,
2349 5037 2429 5098 Μ,
2461 5036 2547 5089 15.

389 5053 466 5096 ιιι.
519 5035 604 5090 ll.
680 5050 702 5076 ε
737 5039 926 5093 Matth.
985 5055 1060 5100 vt,
1112 5037 1206 5101 10;
1263 5035 1392 5088 Luc.
1449 5051 1521 5100 xi,
1568 5036 1619 5090 2.

457 5169 592 5236 (16)
626 5171 752 5235 Τοῖς
785 5173 1080 5239 ἀνδράσιν
1123 5173 1201 5237 ὡς
1243 5167 1465 5233 ἀνήκει.
1502 5168 1626 5239 Τοῖς
1663 5169 1811 5233 ἰδίοις
1856 5173 1950 5224 ἀν-

387 5243 590 5313 δράσιν,
608 5240 680 5301 ὡς
706 5237 926 5310 ἀνῆκεν.
951 5244 1185 5304 Coloss.,
1211 5241 1299 5294 ubi
1332 5254 1474 5300 mox,
1494 5237 1648 5290 τοῦτο
1673 5242 1779 5309 γάρ
1805 5245 1951 5295 ἐστιν

388 5313 632 5381 εὐᾶρεστ.

463 5378 572 5454 (17)
612 5379 719 5454 Τόν
748 5381 991 5454 Κύριον·
1030 5383 1126 5454 καί
1174 5380 1295 5435 πᾶν
1327 5380 1354 5434 ὃ
1387 5378 1500 5454 ,ἐὰν
1545 5394 1608 5429 π.
1643 5378 1744 5454 Τὸν
1782 5379 1947 5454 Θεόν·

390 5450 484 5508 καῖ
513 5454 616 5505 πᾶν
643 5450 670 5502 ὃ
699 5466 751 5500 τι
783 5450 876 5500 ἐὰν
913 5469 996 5511 π.,
1031 5452 1270 5513 Coloss.,
1311 5452 1398 5503 ubi
1454 5465 1572 5503 mox
1607 5450 1950 5516 participium

388 5522 721 5582 δουλεύοντες
755 5519 1094 5572 desideratur
1137 5540 1148 5573 :
1183 5523 1328 5587 dein,
1363 5523 1390 5573 ό
1433 5521 1486 5572 δέ
1521 5519 1717 5573 ἀδικῶν
1749 5524 1958 5588 κομιεῖ-

385 5610 476 5647 ται
504 5594 532 5648 δ
563 5593 739 5664 ἤδει
771 5604 1010 5664 rursum,
1060 5589 1641 5664 δούλοιςιπαρέχεσθε·
1673 5605 1818 5654 mox,
1843 5591 1955 5642 Κύ-

391 5681 502 5732 ριον
536 5661 595 5718 ἐν
625 5663 684 5733 οὐ
693 5661 884 5733 ρανοῖς.

459 5735 571 5802 (18)
603 5727 901 5802 Βάῤϐαρος
930 5731 1036 5802 Σκἱ
1064 5727 1351 5802 ’Βαρϐαρος
1379 5731 1480 5802 και
1512 5731 1742 5800 Σκύθης.
1769 5728 1949 5792 δοῦλος

387 5801 478 5851 καὶ
512 5798 699 5857 ἐλεύοξ
725 5798 956 5860 Coloss.,
987 5798 1076 5850 uhi
1113 5813 1235 5849 mox
1269 5799 1402 5851 ἀλλά
1431 5801 1496 5852 τὰ
1531 5798 1723 5855 πάντα.

457 5871 565 5936 (19)
600 5874 791 5927 Εἱκὼι·
833 5870 899 5925 δὲ
944 5868 1049 5935 τῆς
1081 5870 1207 5934 HT.
1259 5867 1343 5915 εει·
1391 5869 1551 5924 llcltl'.
1604 5889 1674 5934 Ix,
1706 5872 1776 5924 23
1814 5890 1822 5921 :
1867 5870 1944 5922 Τὰ

389 5937 752 6010 ὑποδείγματα
788 5943 892 5995 τῶν
929 5944 984 5994 ἐν
1014 5941 1121 6002 τοῖς
1155 5939 1404 6008 οὐρανοῖς

2052 4755 2117 4794 ac
2147 4755 2412 4810 generoso
2449 4742 2629 4792 animo
2665 4739 2920 4791 virtutem
2967 4745 3379 4806 persequentes.
3423 4732 3526 4786 Sed
3561 4744 3622 4785 ut

2051 4831 2170 4884 viro
2201 4831 2486 4900 pulchrum
2520 4838 2571 4882 et
2601 4829 2916 4894 honestum,
2959 4837 3014 4882 et
3049 4844 3149 4898 pro
3177 4827 3396 4891 virtute,
3432 4833 3484 4878 et
3524 4839 3623 4892 prc

3350 4961 3377 4999 ι’
3403 4959 3618 5014 Coloss.

2129 5172 2239 5240 (20)
2271 5174 2474 5240 Ὅπερ.
2501 5173 2723 5229 Rectius
2750 5173 2885 5228 forte
2909 5173 3122 5239 διόπερ,
3156 5192 3173 5222 ι
3202 5181 3570 5241 quapropter;
3601 5191 3622 5223 ›

2059 5242 2233 5314 inquit
2278 5242 2427 5314 Sylhﬁ.
2469 5243 2679 5306 Scribe,
2715 5245 2902 5314 διόπερ
2933 5240 3472 5314 εὑχόμεθαίκαὶηέπὶ
3519 5240 3623 5309 γῆς

2058 5309 2305 5385 γενέσθαι
2321 5309 2379 5364 τὸ
2395 5313 2520 5385 θέλη
2532 5333 2606 5385 μα
2620 5315 2710 5366 τοῦ
2725 5309 2880 5385 Θεοῦ,
2896 5314 2970 5376 ὡς
2987 5309 3042 5366 ἐν
3059 5309 3318 5385 οὐρανοῖς.
3349 5309 3622 5385 “luamus.

2131 5381 2236 5452 (:ll)
2290 5381 2732 5454 ΓΕι-δυσάμενοι.
2759 5382 2884 5436 Post
2914 5381 3452 5454 aliquot—interiecta,
3482 5383 3620 5454 redit

2059 5449 2368 5506 ad‘tioloss.
2398 5470 2483 5517 ιιι,
2518 5449 2580 5508 12
2611 5474 2623 5508 :
2665 5453 2984 5506 Ἐνδύσασθε
3009 5449 3127 5514 οὖν,
3161 5451 3235 5514 ὡς
3269 5451 3514 5504 ἐκλεκτοὶ
3530 5451 3619 5503 τοῦ

2065 5522 2362 5607 Θερῦὶᾷγιρξ
2383 5526 2474 5604 καὶ
2507 5525 2867 5607 ἠγαπημένοι,
2897 5522 3181 5607 σπλάγχνα
3192 5521 3510 5607 οἰκτιρμῶν,
3534 5538 3614 5607 χρ;

2137 5594 2245 5663 (2⁵⁸2.)
2293 5594 2478 5662 Ἡμῖν,
2513 5591 2713 5661 Οὓτωξ
2747 5594 2841 5648 καὶ
2884 5592 3071 5663 ἡμεῖς.
3119 5593 3298 5663 Ὑμῖν,
3333 5591 3616 5663 οὓτωςῗκα)

2063 5661 2238 5734 ὑμεῖς,
2283 5661 2522 5726 C0loss.,
2567 5666 2656 5718 ubi
2711 5662 3000 5734 mox,_-cji;v
3043 5661 3286 5734 ἀγάπην,
3333 5662 3452 5731 ἥτις
3508 5661 3616 5716 ἐστὶ

2062 5731 2204 5807 σύνδ.
2224 5734 2387 5807 dein,
2415 5737 2608 5807 εἰρήνη
2641 5733 2732 5807 τοῦ
2763 5731 2894 5784 Θεοῦ
2932 5731 3279 5807 βασιλευέτω.

2151 5805 2238 5874 25)
2278 5801 2607 5871 Τι.ν[ιὶνί·ου.’
2646 5805 2786 5874 Cum
2821 5803 3203 5874 pmpqsitiene
3237 5801 3520 5870 legendum
3556 5802 3626 5871 ita

2055 5873 2332 5945 τυράννου,
2369 5891 2461 5929 εειι
2499 5876 2632 5945 πρὸς
2665 5873 2942 5942 τυράννου.
2987 5873 3246 5931 SanUBG.
