4464 6612
852 422 991 476 1279

1984 414 2379 473 CLEMENTIS
2411 412 2883 471 ALEXANDRINI

4007 400 4165 454 Εἱἳο

851 539 1138 605 libertate,
1180 550 1238 596 et
1282 556 1381 610 pro
1420 539 1602 609 seipse
1640 540 1805 606 mori,
1854 541 1929 596 ita
1975 539 2145 596 etiam
2193 539 2432 594 mulieri.
2465 547 2513 601 Α
2540 556 2601 593 τε

2403 540 2432 593 i.
2465 547 2513 601 Α
2540 556 2601 593 τε
2633 539 2966 611 ἐλευθερίας,
2999 533 3140 607 ὑπέρ
3185 549 3245 585 τε
3287 531 3504 599 ἑαυτοῦ,
3552 536 3627 598 ὼς
3677 530 3851 592 αὔτως
3887 524 4022 595 (24)
4058 522 4166 575 καὶ

850 629 970 687 Non
997 639 1087 688 est
1124 632 1268 689 enim
1297 632 1399 686 hoc
1439 632 1724 702 proprium
1766 632 2138 688 masculorum
2186 641 2432 697 natura,

849 720 949 778 sed
978 721 1268 779 bonorum.
1304 719 1372 774 Et
1405 736 1573 779 senex
1611 739 1744 795 ergo
1784 734 1840 779 et
1868 724 2109 794 juvenis,
2138 734 2194 779 et
2234 723 2434 780 mulier

851 820 907 868 et
940 827 1150 877 servus,
1190 811 1468 881 mandatis
1500 813 1765 870 obediens
1795 814 2025 869 ﬁdeliter
2062 814 2230 880 vivet,
2263 824 2347 879 et,
2387 814 2434 868 si

852 916 991 971 opus
1012 899 1196 969 fuerit,
1224 903 1529 971 morietur;
1559 904 1704 974 quod
1728 905 1950 975 quidem
1975 904 2139 961 fuerit
2161 921 2257 976 per
2285 919 2434 958 mor-

851 1004 957 1047 tem
1000 992 1291 1049 viviﬁcari.
1344 993 1564 1052 Scimus
1595 997 1817 1066 quidem
1861 1008 2009 1054 certe
2041 1006 2097 1053 et
2139 1011 2339 1067 pueros
2379 1006 2434 1051 et

850 1082 1111 1141 mulieres
1136 1095 1193 1142 et
1227 1102 1416 1142 servos
1444 1103 1608 1156 saepe,
1636 1089 1822 1144 invitis
1851 1092 2171 1159 parentibus
2191 1099 2246 1144 et
2269 1088 2436 1143 mari-

849 1177 925 1232 tis
957 1185 1014 1233 et
1061 1177 1320 1242 dominis,
1355 1180 1600 1233 evasisse
1633 1180 1890 1248 Optimos.
1939 1180 2059 1235 Non
2094 1182 2280 1236 minus
2306 1196 2437 1251 ergo

848 1278 1108 1340 prompto
1138 1277 1193 1324 et
1226 1270 1394 1324 alacri
1435 1270 1626 1324 animo
1663 1286 1761 1326 eos
1793 1286 1917 1327 esse
1943 1282 2181 1344 oportet,
2215 1273 2311 1343 qui
2349 1274 2437 1345 pie

851 1361 1021 1415 vitam
1059 1369 1188 1416 sunt
1227 1360 1426 1428 acturi,
1457 1377 1585 1417 cum
1616 1361 1721 1417 visi
1760 1362 1968 1418 fuerint
2000 1364 2169 1435 aliqui
2219 1380 2316 1420 eos
2344 1380 2435 1420 ar-

850 1467 1003 1516 cere;
1040 1450 1136 1505 sed
1166 1453 1343 1507 multo
1374 1453 1552 1524 magis
1571 1452 1830 1509 convenit
1851 1455 2184 1510 contendere
2209 1464 2263 1509 et
2285 1470 2441 1526 egre-

851 1544 940 1610 gie
999 1544 1309 1611 decertare,
1371 1562 1443 1602 ne
1492 1546 1626 1602 victi
1673 1545 1946 1603 'excidant
1991 1549 2060 1603 ab
2113 1548 2336 1621 optimis
2387 1556 2440 1601 et

848 1636 1092 1690 maxime
1128 1639 1460 1694 necessariis
1488 1641 1757 1695 consiliis.
1791 1639 1978 1711 Neque
2002 1641 2148 1695 enim
2180 1641 2441 1697 existimo

849 1727 1019 1781 ullam
1052 1728 1341 1785 admittere
1387 1732 1875 1801 comparationem,
1925 1744 2107 1791 utrum
2142 1733 2212 1787 sit
2242 1732 2440 1788 melius

850 1819 1051 1874 ascribi
1082 1820 1136 1873 in
1172 1823 1512 1875 consortium
1550 1821 1980 1891 Omnipotentis,
2016 1839 2085 1876 an
2123 1822 2437 1878 daemonum

2538 632 2791 697 γυναικί·
2828 632 2888 685 οὐ
2936 627 3045 700 γὰρ
3100 624 3200 696 τῆς
3249 622 3360 677 τῶν
3407 625 3659 695 ἀρρένων
3701 623 3921 694 φύσεως
3980 613 4165 669 τοῦτο

2538 720 2690 783 ἴδιον,
2723 720 2860 775 ἀλλὰ
2882 720 2983 792 τῆς
3004 718 3114 773 τῶν
3143 712 3382 784 ἀγαθῶν.
3420 713 3638 778 Πιστῶς
3658 711 3752 770 οὖν
3771 715 3862 767 καὶ
3904 711 3941 764 ὁ
3968 721 4165 778 πρεσο

2536 808 2727 879 δύτης,
2772 811 2868 865 καὶ
2910 813 2940 864 ὁ
2982 809 3101 874 νέος
3126 847 3143 873 ,
3196 806 3290 861 καὶ
3328 806 3357 857 ὁ
3387 801 3625 870 οἰκέτης,
3670 802 3979 857 ὑπακούων
4026 798 4164 858 ταῖς

2536 902 2798 967 ἐντολαῖς,
2827 902 3083 972 βιώσεται
3103 918 3161 954 τε
3193 898 3307 964 καὶ,
3338 895 3433 949 ἐὰν
3461 893 3577 963 δέῃ,
3603 893 3934 964 τεθνήξεται
3955 910 3973 924 ο
4007 893 4165 959 ὅπερ

2536 991 2604 1044 ἂν
2632 989 2719 1062 εἴη
2764 992 2854 1046 διὰ
2909 992 3142 1046 Θανάτου
3183 985 3600 1057 ζωοποιηθῆναι.
3634 984 3822 1053 Ἵσμεν
3851 984 4010 1052 γοῦν
4056 981 4164 1036 καὶ

2536 1082 2754 1146 παῖδας,
2786 1083 2882 1137 καὶ
2901 1086 3189 1152 γυναῖκας,
3212 1082 3309 1136 καὶ
3328 1078 3541 1141 οἰκέτας
3555 1072 3852 1138 πολλάκις,
3876 1076 4163 1130 ἀκόντων

2536 1175 2812 1246 πατέριον,
2846 1176 2943 1229 καὶ
2967 1174 3266 1240 δεσποτῶν,
3297 1174 3392 1229 καὶ
3419 1170 3650 1243 ἀνδρῶν,
3688 1165 4027 1237 βελτίστους
4060 1183 4165 1236 γε-

2536 1268 2772 1339 γονέναι.
2809 1265 3021 1322 Οὔκουν
3047 1268 3268 1323 ἔλαττον
3297 1261 3688 1339 προθυμεῖσθαι
3706 1258 3813 1330 χρὴ
3835 1258 3984 1321 τοὺς
4018 1258 4166 1328 μὲλ-

2536 1361 2727 1425 λοντας
2750 1359 3021 1425 θεοσεϐῶς
3042 1362 3252 1432 ζήσειν,
3279 1359 3499 1413 ἐπειδὰν
3522 1354 3724 1427 εἴργειν
3745 1347 3959 1413 αὐτούς
3994 1365 4163 1413 τινες

2538 1454 2766 1508 δοκῶσιν
2785 1471 2799 1484 ·
2835 1450 2972 1507 ἀλλὰ
3002 1452 3139 1506 πολὺ
3169 1452 3333 1506 πλέον
3363 1448 3517 1522 οἶμαι
3544 1446 3840 1520 προσήκειν
3870 1439 4162 1495 σπεύδειν

2538 1566 2599 1602 τε
2628 1549 2723 1602 καὶ
2749 1546 3111 1616 ἀγωνίζεσθαι
3138 1545 3526 1617 διαφερόντως,
3550 1544 3694 1604 ὅπως
3721 1537 3808 1602 ἂν,
3843 1535 3925 1607 μὴ
3965 1535 4159 1605 ἡττη-

2540 1638 2746 1702 θέντες,
2776 1636 3095 1691 ἀποπέσωσι
3136 1635 3249 1707 (25)
3279 1634 3391 1689 τῶν
3431 1635 3670 1707 ἀρίστων
3702 1629 3796 1684 καὶ
3823 1628 4159 1695 ἀναγκαιο-

2539 1729 2718 1782 τάτων
2776 1726 3179 1799 βουλευμάτων.
3230 1726 3306 1779 Οὐ
3336 1724 3446 1794 γὰρ
3477 1720 3631 1795 οἶμαι
3665 1722 3960 1790 σύγκρισιν
4023 1716 4160 1767 ἑπι-

2539 1818 2814 1889 δέχεσθαι,
2862 1818 3092 1891 πότερον
3123 1816 3369 1887 ἄμεινον,
3414 1812 3687 1885 θιασώτην
3725 1806 3995 1880 γενέσθαι
4050 1805 4156 1858 τοῦ

849 1914 1103 1969 tenebras
1141 1916 1362 1983 eligere.
1397 1913 1534 1969 Nam
1565 1931 1688 1986 quae
1732 1930 1762 1969 a
1794 1915 1955 1970 nobis
1993 1915 2226 1971 aliorum
2261 1916 2437 1986 gratia
2468 1930 2510 1984 Β
2540 1912 2612 1966 Πσ

2388 1916 2437 1971 ia
2468 1930 2510 1984 Β
2540 1912 3010 1986 Παντοκράτορος,
3039 1914 3074 1985 ἢ
3103 1913 3163 1967 τὸ
3189 1912 3299 1966 τῶν
3336 1909 3608 1980 δαιμόνων
3655 1904 3865 1961 ἑλέσθαι
3912 1900 4151 1961 σκότος.

847 2005 1003 2071 tiunt,
1034 2020 1096 2058 ea
1135 2020 1350 2073 semper
1384 2002 1847 2071 lacimus,habito
1882 2005 1949 2060 ad
1983 2005 2105 2062 illos
2139 2013 2430 2076 respectu,

845 2110 1081 2162 quorum
1112 2095 1297 2165 gratia
1344 2105 1601 2166 suscepta
1633 2106 1783 2162 sunt,
1831 2111 1951 2151 eam
1981 2097 2142 2152 nobis
2180 2112 2431 2157 normam

843 2196 1231 2255 preponentes,
1265 2195 1324 2241 ut
1352 2187 1460 2242 illis
1493 2187 1891 2258 gratiﬁeemur.
1930 2185 2062 2254 Quae
2087 2196 2269 2242 autem
2305 2201 2435 2257 pro-

843 2287 963 2348 pter
1000 2292 1104 2332 nos
1133 2278 1283 2348 ipsos
1314 2280 1499 2349 potius
1528 2295 1696 2349 quam
1739 2287 1969 2350 propter
2002 2278 2141 2334 alios
2167 2286 2431 2349 aguntur,

843 2369 1039 2439 aequali
1078 2369 1263 2424 studio
1298 2386 1331 2425 a
1364 2370 1525 2426 nobis
1575 2370 1663 2441 agi
1722 2371 1943 2436 debent,
1990 2368 2105 2424 sive
2144 2368 2435 2424 videantur

843 2460 1008 2531 215
1043 2461 1321 2531 aliquibus
1352 2463 1589 2532 placere,
1623 2462 1740 2516 sive
1774 2479 1885 2515 nun
1913 2461 2225 2516 videantur.
2275 2461 2434 2527 Quod

845 2555 894 2608 si
929 2556 1195 2609 nonnulla
1225 2555 1419 2619 exiis,
1454 2570 1577 2625 qua!
1618 2564 1749 2610 sunt
1785 2553 2175 2619 indill’erentia,
2221 2562 2435 2608 tantum

847 2644 1115 2697 honorem
1164 2655 1295 2699 sunt
1326 2655 1602 2710 assecuta,
1637 2654 1697 2699 ut
1725 2644 1894 2700 etiam
1941 2644 2221 2715 aliquibus
2249 2644 2437 2700 invitis

845 2735 1138 2790 videantur
1164 2752 1288 2791 esse
1316 2722 1621 2806 expetenda
1655 2752 1722 2793 ac
1748 2738 2027 2808 eligenda;
2062 2738 2237 2793 multo
2262 2738 2438 2809 magis

842 2826 1270 2882 existimandum
1317 2838 1403 2884 est
1449 2845 1572 2885 esse
1615 2845 1718 2900 pro
1760 2830 1964 2885 virtute
2008 2830 2433 2897 decertandum,

848 2916 985 2971 nihil
1036 2918 1184 2973 aliud
1226 2920 1581 2990 respicientes
1626 2936 1793 2991 quam
1842 2919 1921 2987 id,
1963 2921 2111 2991 quod
2144 2929 2293 2976 recte
2336 2922 2437 2975 ho—

844 3017 1110 3078 nesteque
1141 3011 1255 3080 geri
1291 3019 1489 3081 potest,
1523 3011 1637 3067 sive
1659 3012 1713 3066 id
1749 3011 2027 3082 aliquibus
2077 3012 2200 3067 aliis
2243 3010 2434 3066 videa-

845 3107 957 3165 tur,
984 3099 1101 3154 sive
1128 3116 1261 3155 non.
1295 3100 1533 3157 Pulchre
1559 3118 1690 3173 ergo
1721 3101 1995 3173 Epicurus
2020 3117 2243 3173 quoque
2276 3102 2428 3167 dicit,

844 3188 1093 3244 scribens
1118 3190 1187 3243 ad
1213 3189 1554 3247 Menceceum
1582 3210 1596 3247 :
1626 3212 1645 3244 ι
1675 3190 1785 3247 Nec
1808 3193 1854 3248 si
1880 3193 1952 3246 sit
1974 3191 2428 3262 aliquisjuvcnis,

2540 2006 2621 2059 Τά
2654 2007 2754 2076 μὲν
2788 2006 2899 2080 γὰρ
2930 2007 3106 2061 ἄλλων
3130 2008 3297 2061 ἕνεκα
3327 2006 3676 2079 πραττόμενα
3703 2002 3832 2071 ἡμῖν
3864 1995 4154 2050 ἑκάστοτε

2537 2097 2848 2169 πράξαιμεν
2886 2097 2978 2164 ἂν,
3016 2100 3097 2162 εις
3134 2100 3377 2163 ἐκείνους
3408 2095 3740 2152 ἀποσλέπειν
3772 2088 4152 2162 πειρώμενοι-ρ

2534 2182 2610 2242 ὧν
2638 2188 2803 2242 ἓνεκα
2840 2190 3088 2257 γίνεσθαι
3112 2190 3281 2255 δοκεῖ,
3321 2190 3520 2261 μέτρον
3551 2187 3842 2258 ἡγούμενοι
3882 2181 4063 2235 τοῦτο
4087 2176 4153 2230 τὸ

2534 2281 2592 2332 ὲν
2625 2279 2853 2343 ἐκείνοις
2879 2281 3280 2351 κεχαρισμένον
3298 2297 3315 2310 ⁸
3346 2280 3384 2332 ἃ
3410 2280 3469 2332 δὲ
3506 2277 3687 2330 αὐτῶν
3727 2274 3839 2346 (26)
3871 2271 4091 2344 μᾶλλον

2533 2372 2694 2427 τινῶν
2720 2371 2942 2441 ἐτέρων,
2977 2369 3150 2423 ταῦτα
3177 2370 3243 2424 ἂν
3264 2371 3398 2439 ἡμῖν
3430 2369 3667 2437 γίγνοιτο
3703 2365 3842 2437 μετὰ
3864 2364 3979 2434 τῆς
4020 2362 4150 2432 ἴσης

2539 2465 2793 2536 σπουδῆς,
2826 2464 2923 2517 ὲάν
2952 2480 3013 2517 τε
3043 2462 3304 2535 ἀρέσκειν
3336 2461 3450 2514 τισὶ
3476 2460 3631 2549 δοοκῇ,
3662 2458 3758 2512 ὲάν
3785 2476 3847 2511 τε
3881 2459 3988 2511 καὶ
4045 2456 4151 2526 μή.

2538 2561 2601 2613 Εἰ
2627 2560 2692 2631 δὴ
2723 2559 2831 2612 τῶν
2868 2557 3176 2628 ἀδιαφόρων
3230 2557 3348 2611 ἑνια
3387 2549 3644 2623 τοιαύτην
3698 2552 3887 2623 εἴληχε
3942 2550 4151 2622 τιμὴν,

2536 2651 2679 2705 ὥστε
2720 2652 2816 2704 καὶ
2853 2650 3096 2704 ἀκόντων
3131 2647 3296 2701 τινῶν
3334 2645 3527 2717 αἱρετὰ
3558 2640 3698 2696 εἶναι
3748 2642 3957 2706 δοκεῖν,
3999 2640 4157 2693 πολὺ

2537 2744 2594 2796 δὲ
2629 2742 2791 2795 πλέον
2819 2744 2919 2813 τὴν
2946 2739 3146 2812 ἀρετὴν
3188 2738 3562 2809 περιμάχητον
3595 2734 3905 2806 νομιστέον·
3953 2732 4036 2803 μὴ
4063 2734 4148 2797 εἰς

2537 2835 2665 2890 ἄλλο
2696 2853 2749 2888 τι
2772 2833 3117 2906 ἀφορῶντας,
3154 2831 3289 2884 ἀλλὰ
3314 2833 3392 2893 εἰς
3422 2829 3552 2882 αὐτὸ
3574 2827 3637 2881 τδ
3668 2826 3845 2890 καλῶς
3870 2824 4142 2895 πραχθῆ-

2537 2944 2624 2978 ναι
2653 2925 2973 2995 δυνάμενον,
3001 2924 3097 2977 ἐάν
3120 2940 3182 2975 τε
3229 2920 3438 2992 ἑτέροις
3466 2920 3595 2990 δοκῇ
3622 2936 3785 2982 τισιν,
3820 2917 3917 2971 ὲάν
3945 2934 4013 2971 τε
4045 2915 4142 2968 καὶ

2537 3019 2635 3088 μή.
2670 3017 2869 3080 Καλῶς
2914 3013 3010 3070 οὖν
3047 3018 3144 3070 καὶ
3183 3014 3506 3083 Ἐπίκουρος
3548 3012 3801 3065 Μενοικεῖ
3828 3009 3947 3079 (2⁸1)
3989 3008 4138 3079 γράο

2533 3125 2648 3176 φων
2665 3126 2679 3139 ο
2705 3129 2722 3159 ‹
2749 3110 2905 3179 Μήτε
2922 3108 3044 3171 νέος
3058 3107 3169 3177 (28)
3184 3124 3268 3169 τις
3284 3105 3360 3158 ῶν
3381 3103 3621 3175 μελλέτω
3641 3103 3978 3171 φιλοσονθεῖν,
3995 3102 4138 3171 μήτε

2532 3200 2710 3271 γέρων
2741 3199 3004 3271 ὑπάρχων
3064 3198 3315 3255 κοπιάτω
3340 3194 3647 3265 φιλοσοφῶν
3668 3210 3681 3223 ο
3712 3190 3835 3245 οὔτε
3871 3190 3991 3262 γάρ
4021 3189 4136 3243 ἄω-

843 3278 1061 3334 diﬂ'erat
1084 3280 1463 3352 philosophari
1488 3301 1503 3350 ;
1531 3298 1709 3353 neque
1730 3284 1776 3340 si
1801 3284 1870 3338 sit
1893 3299 2084 3350 senex,
2102 3284 2431 3355 defatigetur
2458 3268 2499 3325 C
2538 3310 2606 3363 poi

2375 3300 2431 3337 ιιι·
2458 3268 2499 3325 C
2538 3268 2627 3363 ρος
2654 3290 2828 3354 οὐδείς
2860 3268 3029 3353 εστιν,
3056 3288 3181 3343 οὗτε
3222 3290 3481 3359 πάρωρος
3510 3286 3646 3358 πρὸς
3676 3285 3738 3337 τὺ
3765 3282 3905 3336 κατὰ
3952 3278 4138 3353 ψυχὴν

844 3367 1321 3438 philosophando;
1355 3388 1481 3425 nam
1512 3388 1614 3427 nec
1637 3381 1720 3427 est
1740 3372 1941 3442 aliquis
1962 3368 2314 3436 immaturus,
2334 3386 2431 3426 ne-

843 3472 952 3526 que
979 3458 1145 3513 nimis
1188 3467 1456 3528 provecta:
1484 3470 1538 3515 et
1577 3461 1863 3516 exhaustae
1893 3460 2091 3528 aetatis,
2126 3461 2195 3515 ad
2221 3461 2427 3531 adipis-

844 3546 1074 3602 cendam
1114 3551 1282 3604 animi
1331 3552 1642 3606 sanitatem.
1683 3550 1789 3618 Qui
1814 3562 1997 3608 autem
2015 3552 2149 3607 dicit
2174 3552 2424 3607 nondum

842 3654 965 3693 esse
978 3641 1065 3694 vel
1085 3642 1415 3710 praeteriisse
1431 3651 1647 3713 tempus
1662 3644 2108 3715 philosophandi,
2131 3644 2328 3707 similis
2344 3654 2427 3699 est

843 3730 894 3783 ei
920 3731 1015 3800 qui
1038 3731 1171 3787 dicit
1194 3733 1262 3787 ad
1284 3733 1676 3790 beatitudinem
1693 3736 1777 3789 vel
1795 3736 2038 3790 nondum
2063 3737 2258 3792 adesse
2287 3746 2425 3791 tem-

2534 3382 2798 3452 ὑγιαίνειν
2822 3381 2954 3452 (29).
3008 3380 3068 3433 '0
3110 3380 3170 3433 δὲ
3209 3378 3404 3447 λέγων,
3436 3379 3603 3449 μήπω
3631 3376 3742 3445 (50)
3772 3374 3866 3427 τοῦ
3905 3374 4136 3443 φιλοσο-

2536 3479 2655 3546 φεῖν
2698 3474 2964 3544 ὑπάρχειν
3000 3471 3170 3543 ῶραν,
3221 3471 3255 3542 ἦ
3317 3469 3754 3541 παρεληλυθέναι
3798 3467 3897 3539 τήν
3952 3467 4133 3538 ὥραν,

2531 3567 2717 3639 ὅμοιός
2748 3569 2865 3619 ἐστι
2912 3564 2991 3635 τῷ
3036 3565 3272 3633 λέγοντι,
3318 3563 3455 3634 πρὸς
3483 3560 3828 3632 εὐδαιμονίαν
3872 3560 3906 3631 ἦ
3960 3561 4135 3630 μήπω

2530 3660 2784 3731 παρεῖναι
2805 3655 2916 3728 (5|)
2937 3655 3037 3725 τὴν
3055 3653 3226 3725 ὥραν,
3251 3652 3285 3723 ἦ
3310 3652 3502 3725 μηκέτ’
3528 3649 3666 3706 εἶναι
3687 3652 3787 3723 τὴν
3807 3650 3962 3722 ῶραν
3981 3650 4125 3720 (52).

2528 3747 2692 3798 Ὥστε
2717 3743 3103 3814 φιλοσοφητέον
3151 3742 3246 3795 καὶ
3295 3741 3544 3811 νεωτέρῳ
3575 3743 3670 3795 καὶ
3717 3742 3938 3813 γέροντι
3974 3741 4114 3813 (55)·

844 3837 969 3889 pus,
987 3822 1071 3876 vel
1089 3833 1306 3893 tempus
1321 3825 1673 3894 prieteriisse.
1693 3823 1875 3891 Quare
1890 3834 1944 3879 et
1960 3826 2168 3895 juniori
2187 3826 2425 3895 philoso—
2525 3834 2603 3905 τῷ

2359 3841 2425 3880 ἱο·
2525 3834 2603 3905 τῷ
2658 3836 2778 3906 μὲν,
2825 3834 2975 3895 ὅπως
3020 3831 3317 3903 γηράσκων
3365 3830 3531 3901 νεάζῃ
3586 3834 3700 3895 τοῖς
3745 3832 3975 3898 ἀγαθοῖς
4033 3830 4122 3883 διὰ

845 3913 1123 3979 phandum
1154 3920 1212 3979 »Β
1240 3925 1344 3982 est,
1372 3924 1426 3971 et
1446 3917 1598 3972 seni:
1630 3916 1759 3971 huic
1780 3916 2023 3987 quidem,
2054 3925 2113 3970 ut
2134 3932 2429 3971 senescens
2525 3925 2608 3996 sip

2362 3932 2429 3971 ηε
2525 3925 2626 3996 τὴν
2663 3925 2820 3996 χάριν
2848 3924 2957 3977 τῶν
2986 3923 3310 3993 γεγονότων,
3341 3920 3419 3991 τῷ
3450 3921 3527 3985 δὲ,
3551 3923 3702 3986 ὅπως
3726 3924 3842 3987 νέος
3870 3924 3991 3996 ἃμα
4031 3923 4125 3977 καὶ

838 4005 1154 4072 javenescat
1200 4007 1399 4069 bonis,
1452 4024 1550 4079 per
1576 4010 1809 4079 gratiam
1860 4023 2052 4064 eorum
2108 4023 2233 4079 quae
2287 4008 2427 4063 facta

848 4097 1091 4164 fuerint;
1127 4098 1206 4152 illi
1244 4108 1449 4167 autem,
1480 4110 1542 4155 ut
1582 4101 1839 4157 sitsimul
1863 4101 2084 4171 juvenis
2119 4113 2176 4156 et
2216 4116 2384 4157 senex
2410 4142 2427 4169 ,

843 4203 940 4256 per
969 4187 1283 4245 futurorum
1315 4200 1496 4247 metus
1526 4193 1873 4248 vacuitatem.
1907 4213 1927 4244 ι

2533 4016 2757 4081 παλαιὸς
2848 4014 2937 4069 διὰ
2970 4014 3068 4085 τὴν
3095 4013 3327 4083 άτοείαν
3354 4013 3463 4067 τῶν
3495 4012 3816 4083 μελλόντων.
3864 4033 3884 4066 ι

2307 4283 2534 4340 CAPUT
2563 4282 2657 4341 IX.

1344 4404 1479 4472 Qua:
1524 4404 1772 4459 Christus
1804 4404 1868 4458 de
1893 4406 2141 4475 martyrii
2167 4404 2433 4475 beneﬁciis
2465 4405 2627 4474 dixit,
2662 4404 2869 4476 colligit
2902 4405 2959 4458 in
2986 4421 3149 4459 unum
3175 4415 3331 4477 atque
3357 4405 3620 4461 illustrat.

915 4519 988 4573 De
1006 4522 1267 4591 martyrio
1290 4531 1470 4576 autem
1494 4533 1681 4592 aperte
1702 4523 1846 4578 dixit
1867 4521 2228 4595 Dominus(ea
2247 4532 2427 4578 autem
2460 4528 2506 4582 D
2605 4524 2678 4578 Πε

2352 4539 2427 4578 em
2460 4528 2506 4582 D
2605 4524 2743 4597 Περ)⁵
2784 4523 2841 4578 δὲ
2869 4520 2964 4576 τοῦ
3002 4523 3302 4594 μαρτυρίου
3335 4524 3635 4596 διαρρήδην
3664 4523 3693 4575 ό
3731 4522 3933 4596 Κύριος
3962 4523 4115 4598 ετρη-

840 4610 1007 4664 simul
1049 4613 1482 4682 eonjungemus,
1528 4631 1653 4684 qua:
1679 4616 1915 4672 diversis
1946 4616 2005 4671 in
2041 4616 2180 4673 locis
2222 4618 2423 4686 scripta

913 4733 973 4791 ες
1006 4714 1069 4784 P.
1105 4730 1214 4787 595
1245 4730 1358 4786 ΕΙ).
1385 4731 1698 4798 POTTER,
1740 4733 1847 4788 502
1870 4733 1979 4790 ΕΙ).
2012 4732 2243 4788 PARlS.

914 4843 1166 4985 (24;"ﬂc
1184 4846 1399 4914 αὕτως.
1440 4848 1534 4901 Vcl
1564 4847 1856 4916 coniuncte
1887 4849 2174 4913 ὡσαύτως.

914 4915 1005 4982 (‘25
1083 4916 1472 4973 Ἀποπέσωσι.
1527 4919 1738 4985 Duplex
1765 4930 1848 4974 est
1891 4922 2072 4985 lectio,
2104 4923 2174 4975 ἀπ

912 4915 1027 4990 (25)
1083 4916 1472 4990 Ἀποπέσωσι.
1527 4915 1738 4988 Duplex
1765 4930 1848 4974 est
1891 4922 2072 4990 lectio,
2104 4920 2426 4975 ἀποπέσωσι

842 4995 896 5039 et
928 4986 1330 5042 άποπταίσωσι.
1363 4986 1628 5045 Summa;

935 5056 1027 5197 26)
1066 5056 1298 5112 Αὐτῶν.
1333 5058 1427 5115 Vel
1462 5061 1642 5115 αὐτῶν
1678 5076 1859 5131 asper.

935 5127 1001 5179 27
1095 5128 1439 5197 Ἐπίκουρος
1489 5136 1632 5185 Μεν.
1669 5130 1859 5187 Exstat

933 5127 1023 5204 27)
1095 5128 1439 5204 ’ξπίκοτερος
1489 5127 1865 5204 MersEx'stat
1915 5132 2027 5188 haec
2081 5134 2314 5204 epistola
2364 5132 2419 5188 in

846 5196 1359 5274 P2p_icu_ro_l)iogeiiis
1393 5200 1592 5274 Lae_r_tii
1624 5203 1720 5274 lib.
1757 5220 1813 5269 χ,
1842 5218 2015 5271 segm.
2050 5196 2154 5261 ΕΞ
2202 5214 2257 5260 et
2298 5220 2416 5274 seq.

912 5268 1025 5347 (28)
1050 5267 1233 5347 ,Μή-τε
1275 5270 1468 5347 νέρς.-
1495 5270 1620 5347 Haec
1660 5267 1807 5347 forte
1858 5267 2083 5347 reSpicit
2130 5267 2418 5338 Horatius,

840 5337 1066 5406 Epicuri
1098 5339 1304 5395 scilicet
1330 5342 1658 5413 discipulus,
1688 5345 1847 5414 epist.
1884 5337 2025 5409 1,’ν.
2057 5348 2126 5401 9.5
2153 5367 2167 5402 :

840 5428 933 5510 Sic
958 5427 1089 5510 inihi
1112 5430 1267 5483 tarda
1288 5433 1485 5500 ﬂuunt,
1511 5434 1824 5510 ingrataque
1846 5446 2100 5510 tempora,
2133 5455 2254 5510 quae
2275 5452 2421 5508 spem

841 5498 1547 5581 (Jensiliumque.morantur
1570 5498 1759 5581 agendi
1783 5498 2024 5581 gizauiier
2049 5498 2123 5571 id,
2145 5498 2296 5581 'quod

839 5569 1015 5650 dique
1037 5569 1356 5650 pauperibus
1386 5569 1626 5650 prodest;
1654 5569 1997 5650 locupletibus
2027 5569 2212 5650 mque:

842 5640 1016 5710 .Eque
1048 5642 1340 5713 neglectum
1364 5640 1564 5714 pueris,
1596 5640 1907 5720 senibusque
1937 5640 2161 5706 nocebit.

2533 4636 2627 4671 κεν
2680 4619 2810 4688 (καὶ
2869 4615 2940 4669 τὰ
3004 4615 3275 4688 διαφόρως
3318 4615 3683 4687 γεγραμμένα
3734 4615 4112 4689 συντάξομεν)·

2550 4848 2669 4902 Vita
2709 4846 2935 4915 Epicuri
2965 4844 3300 4903 Gassendus.

2604 4919 2715 4990 (50)
2748 4915 3241 4993 ᾎήπωηίέιοηίυε
3275 4917 3308 4988 ἦ
3345 4916 3753 4993 pigmoscribit.
3778 4916 4105 4993 Quinetiam

2533 4987 2816 5045 GaSsetido
2840 4989 2982 5057 apud
3007 4987 3354 5042 Clementem
3380 4987 3677 5042 desiderari
3705 4988 3922 5043 videtur
3942 4987 4108 5057 parti;

2528 5062 2647 5145 cuia
2699 5061 2733 5131 ἢ
2760 5058 2842 5145 Pb
2876 5052 3237 5145 consequens
3273 5058 3602 5125 membrum,
3664 5059 3755 5113 ubi
3789 5052 4031 5115 occurrit
4073 5052 4102 5120 ῆ

2532 5133 2718 5202 μήπω,
2754 5133 2788 5198 ἢ
2866 5133 3039 5199 ηκέτι.

2598 5202 2710 5283 (51)
2755 5145 2943 5283 dirigo)
2963 5199 3287 5283 λωρεῖξναι.
3324 5197 3413 5280 Μή
3445 5198 3931 5283 παρεῖναιυιάιετι.
3968 5195 4111 5283 Eia--

2529 5266 2731 5348 mentis
2770 5270 2933 5325 lectio
2960 5266 3216 5348 Meiiagio
3247 5266 3426 5348 magis
3463 5266 3661 5340 placet,
3695 5271 3936 5337 itemque
3955 5266 4105 5348 ,σεε--

2527 5343 2720 5406 sendo,
2751 5355 2819 5395 eo
2863 5343 3007 5411 quod
3035 5344 3227 5413 μήπω,
3279 5349 3338 5394 ut
3379 5342 3474 5406 ait,
3505 5352 3815 5411 opponatur
3848 5342 3970 5392 voci
3996 5350 4097 5406 μηο

2766 5480 2982 5549 Μήκετ’
3034 5478 3190 5536 εἶναι
3255 5481 3367 5549 τὴν
3417 5482 3600 5552 ὤραν.
3661 5477 3887 5553 Μηκέτι-
3927 5473 4061 5533 εἶναι
4081 5516 4094 5537 ,

2525 5548 2731 5626 Laert.,
2756 5548 2872 5626 _sed
2916 5553 3015 5626 τὴν
3062 5552 3214 5624 ὥραν
3250 5548 3358 5606 non
3407 5548 3697 5626 agnoscit:
3740 5548 3890 5620 quod
3924 5558 4095 5604 tamen

2522 5622 2808 5677 Gassendo
2834 5640 2944 5680 non
2972 5622 3296 5695 incongrue
3344 5622 3516 5695 repeti
3550 5624 3787 5684 videtur,
3833 5631 4096 5695 quatenus

2523 5694 2751 5766 repetita
2771 5709 2990 5766 quoque
3016 5696 3073 5748 in
3096 5692 3379 5763 superiore
3403 5692 3707 5762 contraque
3730 5692 3911 5762 posito
3939 5708 4093 5748 mem-

911 5753 1022 5836 (?9)
1062 5755 1407 5836 Ὑγραῖνξινἶ
1451 5760 1750 5836 Ἱξγιαῖνον,
1780 5761 2235 5836 Lael'tLUtraqne
2268 5763 2425 5836 lectio
2520 5753 2627 5836 bro
2651 5763 2772 5836 l‘uit.

836 5824 1011 5909 proba
1034 5824 1367 5911 est,'inquit_
1394 5830 1447 5911 in
1473 5824 1601 5885 Not.
1636 5833 1702 5884 ad
1731 5832 1909 5888 Laert.
1943 5824 2247 5911 Menagius.
2280 5833 2424 5911 Lego

843 5901 1123 5966 ιὶγιαὶνειν,
1155 5901 1284 5970 quia
1321 5901 1529 5957 videtur
1565 5910 1841 5975 utcunque
1879 5906 2072 5963 melius
2092 5901 2130 5974 ;’
2156 5906 2334 5977 inquit
2363 5901 2424 5963 in

2596 5835 2707 5907 (55)
2742 5835 2851 5890 Καὶ
2882 5835 3165 5907 νεωτέρῳ,
3199 5835 3297 5889 καὶ
3330 5836 3718 5907 γέροντι.Καὶ
3763 5834 3977 5907 γέροντι
4006 5830 4090 5886 καὶ

2525 5907 2647 5979 νέῳ,
2687 5904 2865 5964 Laert.
2897 5907 3069 5964 Porro
3114 5904 3362 5979 Menagio
3385 5909 3558 5977 placet
3591 5906 3755 5965 lectio
3783 5904 4087 5970 Laertiaua,
