4464 6612
785 443 805 496 Ι
815 441 918 497 283

1910 441 2304 498 CLEMENTIS
2343 439 2816 496 ALEXANDRINI

3903 435 4093 490 1238

779 572 968 633 utpote
999 563 1094 634 qui
1127 565 1184 618 in
1215 565 1323 619 illis
1361 563 1594 630 habitat,
1616 573 1674 620 et
1720 564 1788 620 ab
1818 564 1922 620 illis
1952 573 2188 619 tenetur.
2219 561 2370 629 Quo-
2401 567 2442 625 Α
2475 585 2495 618 ι
2537 588 2542 617 ι

2330 582 2370 618 l-
2401 567 2442 625 Α
2475 585 2495 618 ι
2537 563 2874 636 ἀρνήσασθαι
2925 561 3116 617 ἑαυτὸν
3139 559 3396 614 οὐδέποτε
3435 565 3693 618 δύναται·
3734 582 3752 616 ι
3795 557 4093 632 ’Δρνοῦν-

777 657 930 711 circa
962 674 982 708 ι
1034 672 1310 726 nunquam
1359 665 1540 724 potest
1569 659 1814 728 seipsum
1849 673 2046 728 negare
2078 670 2127 712 ι.
2167 678 2186 710 ι
2219 657 2359 713 Eum

780 755 967 799 autem
996 758 1211 816 negant,
1239 745 1333 814 qui
1355 760 1468 799 non
1495 757 1626 801 sunt
1652 749 1706 803 in
1729 749 1866 818 ipso.
1894 746 2010 802 Non
2034 749 2178 802 enim
2199 748 2356 804 dixit:

787 855 808 887 ι
837 837 943 903 Qui
984 837 1260 906 negaverit
1296 837 1350 890 in
1385 853 1495 901 me,
1525 858 1545 891 ι
1579 841 1674 894 sed
1735 860 1753 892 ι
1783 856 1886 895 me.
1924 858 1943 891 ι
1979 839 2173 896 Nullus
2215 842 2361 895 enim

786 945 1029 998 unquam
1083 929 1178 998 qui
1205 939 1292 985 est
1330 931 1385 985 in
1414 933 1551 1002 ipso,
1583 935 1761 1002 ipsum
1795 943 1971 1003 negat.
2016 934 2152 990 Illud
2182 945 2360 990 autem

795 1040 814 1072 ‹
841 1037 1029 1076 coram
1057 1023 1400 1090 hominibus,
1427 1043 1446 1076 ι
1476 1034 1529 1079 et
1564 1027 1631 1080 iis
1660 1027 1754 1096 qui
1782 1027 1912 1082 salvi
1941 1027 2098 1090 fiunt,
2125 1037 2178 1082 et
2201 1030 2364 1083 etiam

791 1114 1086 1182 gentilibus
1108 1116 1381 1176 similiter,
1422 1117 1563 1185 apud
1587 1118 1728 1172 alios
1762 1118 1976 1188 quidem
2007 1120 2132 1174 vitae
2155 1120 2368 1175 institu-

791 1209 964 1273 tione,
989 1211 1132 1280 apud
1154 1211 1289 1264 alios
1319 1225 1446 1264 vero
1468 1217 1633 1264 etéam
1661 1227 1815 1266 voce.
1839 1211 2205 1278 Quamobrem
2229 1229 2372 1266 nun-

792 1319 960 1372 quam
1002 1309 1231 1372 possunt
1261 1301 1364 1368 ipsi
1395 1317 1630 1370 negare:
1656 1318 1780 1356 eum
1819 1312 1997 1356 autem
2028 1313 2248 1374 negant,
2277 1308 2371 1375 qui

795 1409 906 1448 non
935 1393 1143 1448 suntin
1177 1391 1317 1461 ipso.
1360 1411 1379 1443 ι
1415 1391 1542 1446 Hanc
1571 1393 1793 1462 quidem
1837 1393 2177 1463 Hcraclcon;
2236 1406 2291 1452 et
2319 1399 2372 1452 in

797 1486 922 1538 aliis
952 1485 1174 1554 quidem
1209 1484 1426 1539 videtur
1461 1485 1752 1540 nobiscum
1782 1488 1987 1543 sentire
2017 1490 2073 1542 in
2104 1489 2209 1543 hac
2234 1492 2376 1560 peri-

796 1588 964 1640 cape;
1026 1574 1161 1628 illud
1209 1583 1392 1629 autem
1431 1591 1540 1630 non
1592 1577 1867 1642 advertit,
1915 1579 2061 1649 quod
2107 1581 2209 1635 etsi
2267 1596 2373 1635 non

796 1666 1013 1720 actione
1048 1668 1234 1737 aliqua
1257 1678 1312 1722 et
1337 1669 1446 1722 vita
1495 1689 1514 1721 ι
1541 1669 1780 1725 confessi
1811 1681 1941 1725 sunt
1967 1671 2248 1726 Christum
2287 1689 2380 1728 co-

795 1773 914 1810 rain
951 1759 1287 1824 hominibus,
1313 1777 1332 1810 ι
1368 1775 1434 1814 eo
1465 1769 1665 1826 tamen,
1695 1761 1838 1830 quod
1864 1777 1994 1814 voce
2016 1762 2380 1816 confiteantur

797 1851 856 1903 in
887 1850 1144 1920 judiciis,
1178 1859 1231 1903 et
1260 1866 1433 1919 usque
1478 1851 1546 1904 ad
1598 1860 1829 1903 mortem
1865 1851 2090 1904 cruciati
2134 1866 2242 1903 non
2282 1867 2378 1905 ne-

2463 677 2555 712 ται
2590 657 2647 710 δὲ
2679 657 2842 712 αὐτὸν
2886 658 2936 708 0i
2999 656 3073 727 μὴ
3105 653 3256 717 ὁντες
3299 654 3356 705 ἐν
3387 655 3566 726 αὐτῷ·
3595 660 3656 710 οὐ
3707 656 3816 729 γὰρ
3863 650 4087 708 εἶπεν·

2473 769 2491 799 ι
2529 751 2628 811 Ὃς
2655 748 2957 819 ἀρνήσηται
2988 749 3044 799 ἐν
3070 745 3212 816 ἐμοὶ,
3247 763 3265 794 ›
3295 741 3432 806 ἀλλ’,
3467 762 3486 793 ι
3524 745 3646 813 ἐμέ.
3684 747 3909 810 »Οὐδεὶς
3948 743 4094 813 γάρ

2469 855 2628 906 ποτε,
2649 841 2724 894 ὢν
2753 843 2810 894 ἐν
2836 840 3006 912 αὐτῷ,
3030 841 3272 912 ἀρνεῖται
3299 835 3479 890 αὐτόν.
3508 837 3583 888 Τὸ
3606 839 3662 890 δὲ
3693 859 3712 890 ι
3746 840 4096 912 ἔμπροσθεν

2468 931 2577 984 τῶν
2615 930 2936 1003 ἀνθρώπων,
2981 951 2998 982 ι
3037 931 3137 984 καὶ
3174 929 3283 983 τῶν
3315 925 3657 995 σωζομένων,
3687 929 3926 983 καὶτῶν
3979 928 4096 982 ἐθ-

2469 1023 2636 1076 νικῶν
2663 1023 2720 1076 δέ
2742 1024 2966 1094 ὁμοίως,
3000 1026 3130 1095 παρ’
3159 1019 3240 1086 οἷς
3274 1022 3370 1093 μὲν
3403 1019 3495 1074 καὶ
3525 1020 3592 1089 τῇ
3623 1019 3889 1092 πολιτείᾳ,
3927 1023 4096 1093 παρ’

2469 1106 2552 1173 οἷς
2581 1111 2639 1164 δὲ
2672 1113 2767 1164 καὶ
2791 1115 2856 1183 τῇ
2893 1114 3044 1183 φωνῇ
3070 1129 3084 1141 ·
3121 1112 3310 1182 διόπερ
3344 1107 3680 1184 ἀρνήσασθαι
3713 1109 3877 1163 αὑτὸν
3905 1113 4099 1165 οὐδέ-

2472 1216 2603 1252 ποτε
2651 1200 2934 1254 δύνανται·
2968 1201 3260 1273 ἀρνοῦνται
3293 1202 3350 1255 δέ
3382 1201 3543 1256 αὐτὸν
3588 1201 3638 1252 οἱ
3689 1201 3764 1271 μὴ
3805 1200 3976 1265 ὄντες
4025 1207 4100 1258 ἐν

2473 1291 2642 1362 αὐτῷ.
2689 1312 2708 1344 ι
2751 1293 2937 1346 Ταῦτα
2972 1295 3068 1364 μὲν
3110 1296 3139 1346 6
3192 1295 3534 1366 Ἡρακλέων·
3564 1293 3658 1345 καὶ
3688 1291 3757 1344 τὰ
3793 1293 3891 1362 μὲν
3925 1295 4101 1348 ἄλλα

2476 1383 2725 1450 φαίνεται
2755 1381 3031 1453 ὁμοδοξεῖν
3060 1388 3192 1455 ἡμῖν
3208 1387 3350 1440 κατά
3373 1387 3469 1458 τὴν
3496 1385 3799 1456 περικοπὴν
3825 1384 4096 1455 ταύτην·

2477 1476 2654 1528 ἐκεῖνο
2685 1475 2741 1527 δὲ
2770 1477 2870 1527 οὐκ
2903 1477 3225 1546 ἐπέστησεν,
3253 1481 3334 1532 ὅτι
3370 1483 3418 1532 εἰ
3462 1480 3555 1532 καὶ⁸
3587 1477 3659 1548 μὴ
3685 1476 3883 1548 πράξει
3914 1479 4099 1541 τινὲς

2479 1567 2571 1620 καὶ
2613 1567 2691 1638 τῷ
2734 1567 2835 1638 βίῳ
2889 1587 2908 1618 ι
2964 1569 3326 1642 ὡμολόγησαν
3352 1573 3445 1626 τὸν
3479 1573 3710 1644 Χριστὸν
3746 1569 4102 1641 ἔμπροσθεν

2478 1657 2586 1711 τῶν
2609 1657 2934 1729 ἀνθρώπων,
2975 1679 2993 1709 ι
3030 1660 3091 1712 τὺ
3124 1661 3308 1730 μέντοι
3344 1664 3454 1734 (45)
3485 1665 3623 1718 κατὰ
3650 1664 3830 1734 φωνὴν
3862 1661 4093 1732 ὁμολο-

2480 1753 2594 1818 γεῖν
2628 1751 2685 1802 ἐν
2709 1750 3098 1821 δικαστηρίοις,
3136 1755 3230 1805 καὶ
3265 1755 3426 1825 μέχρι
3456 1756 3684 1810 θανάτου
3714 1753 4099 1826 βασανιζομέ-

2482 1861 2604 1905 νους
2667 1843 2741 1914 μὴ
2790 1845 3105 1914 ἀρνεῖσθαι,
3159 1847 3268 1898 ἀπὸ
3302 1848 3596 1913 διαθέσεως
3639 1847 4096 1902 πεπιστευκέναι

799 1952 946 2011 gent,
977 1958 1040 1994 ex
1071 1941 1237 1994 animi
1267 1941 1546 2008 proposito
1572 1940 1867 1994 credidisse
1894 1950 2216 1995 cernuntur.
2244 1940 2378 1996 Pro-
2410 1935 2452 1988 Β
2484 1954 2557 2004 φα

2328 1957 2378 1996 ο.
2410 1935 2452 1988 Β
2484 1937 2780 2004 φαίνονται.
2818 1937 3068 2000 Διάθεσις
3099 1939 3153 1990 δέ
3187 1941 3611 2013 ὁμολογουμένη,
3644 1943 3735 1994 καὶ
3771 1941 4023 2012 μάλιστα.
4051 1942 4091 2011 ἡ

797 2034 1034 2101 positum
1059 2041 1238 2084 autem
1258 2031 1404 2100 quod
1423 2030 1735 2096 confitetur,
1756 2033 2027 2101 praacipue
2052 2031 2098 2086 si
2117 2048 2184 2086 ne
2202 2043 2378 2088 morte

796 2123 1019 2193 quidem
1061 2131 1326 2187 mutetur,
1363 2123 1546 2176 omnia
1591 2125 1753 2177 simul
1805 2124 1968 2188 vitia,
2026 2139 2148 2194 qua
2191 2125 2380 2194 gigne-

799 2215 1000 2269 bantur
1031 2231 1126 2284 per
1150 2215 1507 2284 cupiditatem
1542 2215 1810 2284 corporis,
1845 2216 2070 2269 omnino
2095 2215 2374 2271 rescindit.

800 2303 897 2358 Est
924 2305 1096 2371 enim,
1129 2314 1190 2358 ut
1223 2306 1297 2358 ita
1327 2306 1530 2368 dicam,
1565 2309 1619 2360 in
1652 2308 1756 2362 fine
1787 2308 1913 2361 vita:
1936 2317 2044 2360 tota
2084 2307 2246 2362 simul
2285 2322 2379 2375 per

806 2398 1073 2451 actionem
1103 2399 1442 2466 pmnitentia,
1471 2408 1526 2452 et
1547 2415 1674 2454 vera
1705 2400 1758 2453 in
1781 2398 2054 2455 Christum
2084 2400 2378 2466 confessio,

807 2503 941 2543 voce
994 2492 1337 2545 “astitit-ante.
1390 2491 1447 2546 Si
1497 2503 1679 2546 autem
1718 2512 1737 2544 ι
1788 2493 2027 2562 Spiritus
2055 2491 2236 2547 Patris
2271 2513 2289 2544 ›
2326 2493 2381 2546 in

806 2583 969 2638 nobis
1025 2583 1380 2649 testificatur,
1438 2587 1718 2654 quomodo
1767 2600 1958 2640 sumus
2000 2587 2180 2640 adhuc
2217 2587 2386 2657 hypo-

804 2675 982 2734 critae.
1013 2690 1154 2742 quos
1187 2676 1328 2729 dixit
1359 2677 1475 2730 sola
1507 2692 1638 2732 voce
1673 2677 1895 2732 testari?
1945 2678 2173 2733 Dabitur
2204 2688 2386 2733 autem

803 2765 1108 2833 aliquibus,
1142 2765 1186 2818 si
1235 2767 1510 2834 expediat,
1539 2768 1824 2837 religionis
1851 2785 2076 2824 causam
2099 2770 2300 2833 dicere,
2329 2779 2388 2824 ut

805 2867 861 2910 et
890 2872 985 2926 per
1013 2856 1336 2924 martyrium
1365 2873 1462 2912 seu
1498 2859 1870 2914 testimonium
1899 2868 1956 2914 et
1983 2859 2384 2915 confessionem

807 2961 999 3000 omnes
1035 2947 1298 3013 iuventur
1321 2987 1338 3014 ,
1369 2949 1499 3003 dum
1529 2950 1931 3004 confirmantur
1971 2951 2191 3019 quidem
2219 2992 2234 3016 ,
2291 2953 2384 3021 qui

809 3049 938 3093 sunt
966 3040 1019 3092 in
1067 3037 1341 3106 Ecclesia;
1391 3040 1734 3095 admirantur
1781 3051 1986 3106 autem,
2019 3051 2075 3097 et
2109 3043 2174 3097 ad
2223 3044 2383 3098 fidem

808 3132 1180 3197 deducuntur,
1216 3132 1312 3202 qui
1345 3148 1412 3186 ex
1448 3133 1696 3203 gentibus
1729 3136 1959 3189 salutem
1999 3137 2216 3191 curiose
2238 3154 2386 3208 quaa-

809 3223 1034 3289 sierint;
1072 3223 1265 3293 reliqui
1296 3235 1478 3277 autem
1506 3233 1730 3293 stupore
1757 3223 2085 3280 afficiuntur.
2112 3225 2389 3292 Quamob-

2486 2027 2620 2097 μηδὲ
2655 2027 2868 2099 θανάτῳ
2909 2032 3218 2101 τρεπομένη
3242 2071 3254 2088 ,
3291 2033 3378 2098 ὑφ’
3414 2033 3510 2085 ἕνα
3547 2034 3654 2097 (44)
3691 2035 3905 2087 πάντων
3965 2034 4098 2086 τῶν

2483 2119 2692 2182 παθῶν,
2729 2120 2765 2174 ἃ
2794 2121 2856 2191 δὴ
2886 2122 2972 2175 διὰ
2998 2124 3096 2191 τῆς
3120 2125 3440 2193 σωματικῆς
3474 2126 3766 2197 ἐπιθυμίας
3786 2129 4092 2195 ἐγεννᾶτο,

2482 2211 2771 2281 ἀποκοπὴν
2799 2217 3069 2265 ποιεῖται·
3125 2214 3238 2267 ἐστι
3286 2215 3428 2284 γὰρ,
3478 2219 3553 2279 ὡς
3589 2219 3715 2282 ἔπος
3748 2222 3951 2284 εἰπεῖν,
3990 2221 4098 2272 ἐπὶ

2482 2301 2626 2353 τέλει
2663 2301 2758 2354 τοῦ
2795 2302 2910 2372 βίου
2938 2302 3110 2374 ἀθρόα
3133 2305 3274 2357 κατά
3305 2307 3404 2376 τὴν
3434 2308 3631 2376 πρᾶξιν
3664 2311 3952 2378 μετάνοια,
3989 2311 4100 2365 καὶ

2485 2390 2689 2463 ἀληθὴς
2723 2395 2802 2455 εὶς
2845 2393 3080 2463 Χριστὸν
3121 2394 3402 2465 ὁμολογία,
3447 2399 3941 2472 ἐπιμαρτυρούσης
3981 2402 4097 2471 τῆς

2488 2484 2688 2553 φωνῆς.
2738 2484 2801 2538 El
2853 2485 2911 2538 δὲ
2957 2485 3016 2538 τὸ
3045 2504 3063 2535 ι
3110 2487 3336 2557 Πνεῦμα
3379 2488 3474 2540 τοῦ
3510 2490 3724 2557 Πατρὸς
3773 2511 3791 2543 ι
3827 2495 3882 2544 ἐν
3939 2498 4098 2564 ἡμῖν

2492 2577 2778 2645 μαρτυρεῖ,
2814 2575 2932 2638 πῶς
2965 2576 3048 2629 ἔτι
3084 2579 3396 2649 ὑποκριταὶ,
3431 2579 3523 2643 οὓς
3558 2585 3707 2653 φωνῇ
3755 2585 3893 2656 μόνῃ
3933 2603 4095 2657 μαρ-

2488 2668 2674 2736 τυρεῖν
2709 2665 2931 2738 εἴρηκεν
2979 2668 3114 2735 (45);
3149 2669 3442 2741 Δοθήσεται
3477 2672 3534 2725 δέ
3578 2691 3739 2737 τισιν,
3775 2675 3872 2728 ἐὰν
3936 2694 4096 2746 συμ-

2493 2754 2654 2830 φέρῃ,
2689 2758 3150 2830 ἀπολογήσασθαι,
3184 2763 3269 2814 ἵνα
3301 2761 3389 2815 διά
3420 2781 3477 2816 τε
3506 2765 3603 2836 τῆς
3633 2768 3945 2838 μαρτυρίας
3997 2769 4097 2822 διά

2490 2863 2553 2900 τε
2583 2847 2685 2918 τῆς
2717 2850 3009 2919 ὁμολογίας
3036 2851 3353 2919 ὠφελῶνται
3379 2856 3428 2907 οἱ
3460 2857 3675 2920 πάντες,
3698 2860 4096 2930 ἰσχυροποιού-

2494 2953 2649 3008 μενοι
2683 2939 2782 3010 μὲν
2813 2942 2858 2991 οἱ
2906 2942 3028 2993 κατ’
3073 2944 3417 3014 Ἐκκλησίαν,
3455 2947 3823 3018 θαυμάζοντες
3866 2951 3926 3003 δὲ
3991 2955 4095 3005 καὶ

2491 3029 2573 3093 εἰς
2599 3029 2784 3083 πίστιν
2810 3030 3147 3102 ὑπαγόμενοι
3177 3036 3226 3086 0i
3255 3033 3312 3101 ἐξ
3346 3037 3513 3091 ἐθνῶν
3535 3039 3634 3109 τὴν
3672 3041 3953 3110 σωτηρίαν
3984 3061 4093 3096 πο-

2491 3122 3086 3197 λυπραγμονήσαντες·
3148 3129 3196 3179 οἱ
3249 3128 3424 3183 λοιποὶ
3485 3130 3562 3196 δὲ,
3617 3134 3708 3185 ὑπ’
3761 3135 4095 3205 ἐκπλήξεως

2494 3215 2867 3284 κατεχόμενοι.
2898 3215 3060 3268 Ὥστε
3093 3217 3154 3268 τὸ
3189 3218 3471 3287 ὁμολογεῖν
3510 3223 3575 3274 ὲκ
3621 3225 3820 3287 παντὸς
3848 3226 3962 3278 δεῖ·
4003 3230 4097 3294 ἐφ’

811 3327 924 3366 rem
949 3321 1168 3380 oportet
1189 3292 1422 3366 omnino
1447 3292 1733 3379 confiteri;
1772 3314 1824 3367 id
1849 3315 1995 3368 enim
2025 3317 2190 3370 situm
2223 3326 2306 3371 est
2335 3318 2390 3370 in
2421 3292 2464 3352 ε
2495 3307 2574 3374 ἧμ

2335 3318 2390 3370 in
2421 3292 2464 3352 C
2495 3307 2626 3374 ἡμῖν
2654 3306 2800 3374 γάρ·
2834 3306 3218 3374 ἀπολογεῖσθαι
3267 3309 3324 3363 δέ
3355 3313 3454 3364 οὐκ
3499 3313 3561 3364 ἐκ
3597 3317 3820 3378 παντός·
3863 3317 3927 3369 οὐ
3980 3292 4097 3389 γάρ

812 3412 994 3457 nostra
1020 3413 1316 3473 potestate:
1348 3419 1572 3458 causam
1597 3421 1728 3460 vero
1753 3407 2034 3478 religionis
2057 3408 2260 3471 dicere,
2283 3425 2391 3462 non

811 3496 1038 3548 omnino
1066 3511 1316 3566 scmper;
1349 3512 1459 3551 non
1494 3507 1579 3551 est
1623 3498 1769 3552 enim
1806 3499 1911 3554 hoc
1953 3515 2174 3569 quoque
2226 3503 2394 3555 situm

813 3584 870 3638 in
907 3593 1095 3639 nostra
1122 3595 1414 3655 potestate.
1451 3604 1470 3638 ι
1517 3585 1622 3653 Qui
1663 3599 1845 3643 autem
1874 3591 2208 3645 sustinuerit
2241 3592 2293 3645 in
2327 3592 2394 3645 fl-

814 3689 964 3736 nem,
996 3675 1045 3728 is
1079 3677 1264 3730 salvus
1291 3677 1399 3729 erit
1434 3675 1484 3731 ι).
1519 3696 1538 3728 ι
1573 3675 1709 3732 Nam
1749 3680 1876 3748 quis
1915 3695 1978 3732 ex
2038 3681 2125 3747 iis,
2177 3681 2270 3750 qui
2307 3698 2396 3736 sa-

815 3766 998 3835 piunt,
1029 3781 1136 3818 non
1159 3767 1386 3835 elegerit
1414 3767 1467 3822 in
1509 3767 1621 3824 Deo
1667 3785 1916 3839 regnare,
1946 3780 2040 3824 aut
2085 3773 2250 3828 etiam
2283 3790 2399 3828 ser-

815 3856 975 3910 vire?
1005 3874 1022 3907 ι
1059 3855 1227 3910 Deum
1256 3873 1388 3928 ergo
1433 3860 1764 3916 confitentur
1789 3883 1808 3915 ι
1846 3864 2069 3932 quidam
2103 3884 2122 3917 ι
2157 3882 2340 3931 nosse,
2373 3887 2390 3919 ι

816 3958 878 4004 ιιι
900 3949 1036 4004 dicit
1061 3950 1376 4018 Apostolus,
1413 3970 1432 4003 ι
1465 3951 1625 4007 factis
1650 3963 1833 4008 autem
1862 3966 2092 4026 negant:
2134 3975 2259 4014 cum
2290 3961 2400 4015 sint

819 4043 1190 4107 abominandi,
1221 4042 1512 4110 increduli,
1545 4055 1600 4100 et
1630 4048 1698 4100 ad
1728 4063 1892 4103 omne
1921 4065 2060 4120 opus
2104 4052 2270 4122 216
2306 4052 2402 4105 bo-

821 4149 953 4187 num
975 4135 1196 4201 reprobi
1225 4145 1307 4186 ο.»
1335 4134 1414 4189 llli
1441 4145 1644 4201 autem,
1663 4139 1788 4194 licet
1819 4141 1893 4194 nil
1923 4143 2072 4196 aliud
2096 4159 2260 4212 quam
2276 4159 2404 4197 con-

822 4225 952 4281 fessi
979 4224 1200 4289 fuerint,
1229 4242 1398 4280 unum
1423 4228 1615 4282 saltem
1632 4230 1684 4282 in
1714 4229 1819 4285 fine
1837 4233 1962 4287 vitae
1977 4233 2182 4288 bonum
2208 4233 2403 4289 eflcce-

822 4317 951 4372 rint.
977 4314 1206 4370 Videtur
1221 4330 1352 4386 ergo
1371 4317 1692 4386 martyrium
1723 4334 1842 4373 esse
1867 4323 2190 4391 expurgatio
2216 4338 2404 4392 pecca-

822 4420 1001 4465 torum
1028 4426 1151 4464 cum
1175 4411 1368 4481 gloria.
1391 4407 1513 4463 Jam
1533 4424 1664 4464 vero
1686 4410 1816 4465 dicit
1837 4411 2047 4467 Pastor:
2074 4432 2092 4464 ι
2119 4413 2400 4483 Effugietis

825 4504 1203 4572 operationem
1253 4502 1382 4558 ferae
1429 4504 1683 4574 agrestis,
1744 4503 1788 4557 si
1845 4518 1938 4557 cor
1973 4513 2214 4558 vestrum
2241 4506 2404 4560 fuerit

823 4592 1090 4647 mundum
1104 4602 1156 4646 et
1179 4593 1246 4646 ab
1264 4593 1413 4647 omni
1441 4594 1867 4663 reprehensione
1894 4594 2154 4648 alienum.
2182 4613 2200 4646 ι
2233 4594 2404 4662 Quin-

823 4685 986 4740 etiam
1025 4686 1151 4755 ipse
1189 4685 1458 4739 Dominus
1490 4704 1503 4738 :
1541 4703 1560 4736 ι
1600 4683 1889 4754 Expetivit,
1928 4686 2125 4756 inquit,
2156 4702 2252 4740 vos
2297 4685 2400 4740 Sa-

826 4787 982 4832 tanas
1009 4788 1067 4833 ut
1090 4778 1383 4843 cribraret;
1413 4790 1513 4847 ego
1530 4784 1707 4830 autem
1739 4778 1921 4848 rogavi
1949 4775 1999 4832 ά.
2035 4797 2055 4830 ι
2088 4777 2251 4832 Solus
2273 4793 2402 4848 ergo

826 4869 1090 4925 Dominus
1117 4881 1336 4940 propter
1383 4883 1600 4934 eorum,
1629 4868 1720 4937 qui
1747 4870 1796 4923 ei
1852 4871 2272 4934 insidiabantur,
2307 4871 2405 4923 ho-

829 4964 1061 5025 minum,
1103 4973 1156 5016 et
1183 4963 1481 5017 infidelium
1528 4961 1995 5032 expurgationem,
2023 4981 2042 5015 ι
2085 4963 2222 5019 bibit
2272 4962 2409 5016 cali-

828 5069 945 5108 cem
982 5064 1026 5106 ο.
1062 5069 1080 5104 ι
1119 5051 1290 5118 Quem
1325 5053 1600 5108 imitantes
1631 5053 1966 5121 apostoli,ut
1993 5055 2086 5124 qui
2112 5068 2303 5110 revera
2331 5069 2410 5108 cs-

902 5235 961 5294 »ῙΑ
992 5229 1052 5283 Ρ.
1080 5228 1186 5287 597
1243 5229 1353 5286 ED.
1415 5227 1710 5297 POTTER,
1744 5230 1873 5298 505,
1901 5231 2002 5286 504
2027 5231 2136 5288 ED.
2181 5226 2407 5286 PARIS.

827 5299 852 5337 ἀ
886 5298 1021 5354 Luc.
1061 5318 1195 5368 xx",
1228 5303 1318 5366 3|,
1341 5301 1430 5356 52.
1514 5312 1538 5340 ε
1561 5301 1750 5357 Matth.
1779 5319 1870 5368 xx,
1908 5302 1998 5356 2‘2.

1047 5452 1304 5529 rddere.
1352 5456 1448 5529 vel
1477 5456 1659 5526 potius
1683 5457 1758 5527 τῷ
1794 5457 1941 5529 μέντ.

904 5526 1016 5600 tu)
1050 5527 1194 5600 :Y‘g’
1231 5527 1354 5579 ἕνα.
1389 5526 1834 5582 Subaudieuduut
1864 5527 2076 5600 χρόνον,
2111 5541 2204 5584 aut
2231 5530 2411 5585 simile

833 5597 982 5664 quid.
1044 5596 1312 5650 Summe.

875 5665 1016 5788 r0515)
1055 5670 1328 5736 Εῑρηκεν.
1369 5665 1573 5738 Nempe
1620 5665 1914 5725 Heraclcou
1971 5669 2024 5723 in
2065 5672 2247 5727 verbis
2289 5671 2404 5741 jam

897 5751 939 5788 ιιι
971 5754 1033 5788 IS.

837 5738 1033 5790 allatis.

908 5805 1017 5883 (Mi)
1047 5809 1099 5860 Ὀ
1118 5805 1384 5883 ΔΠοιμήν.
1419 5806 1630 5864 Hermae
1648 5807 1925 5883 Pastorem
1953 5810 2223 5883 intelligit,
2245 5813 2338 5866 lib.
2370 5829 2407 5877 I,

834 5877 938 5933 vis.
967 5878 1030 5931 ιι
1065 5897 1081 5930 ι
1116 5876 1172 5932 Si
1200 5894 1329 5950 ergo
1353 5881 1790 5952 prmparavcritis
1820 5895 1935 5949 v05,
1971 5876 2222 5952 poteritis
2268 5876 2405 5939 emt?

2498 3397 2590 3448 καὶ
2640 3397 2800 3450 τοῦτο
2849 3401 2933 3469 ἐφ’
2959 3403 3109 3472 ἡμῖν.
3155 3422 3172 3453 ι
3223 3403 3281 3454 '0
3326 3403 3383 3456 δέ
3444 3406 3741 3474 ὑπομείνας
3797 3410 3876 3471 εἰς
3935 3412 4099 3474 τέλος

2497 3481 2648 3550 οὗτος
2670 3487 2967 3561 σωθήσεται
2989 3511 3001 3522 ·
3047 3513 3066 3544 ι
3097 3495 3217 3546 ἐπεὶ
3247 3495 3329 3558 τίς
3361 3497 3460 3548 οὐκ
3496 3498 3560 3549 ἂν
3587 3497 3696 3550 τῶν
3730 3495 3787 3551 εὖ
3820 3503 4101 3572 φρονούν-

2498 3597 2606 3633 των
2662 3581 2965 3650 βασιλεύειν
3007 3589 3064 3640 ἐν
3111 3588 3248 3658 Θεῷ,
3299 3589 3410 3642 ἀλλ’
3454 3591 3514 3643 οὐ
3561 3590 3831 3644 δουλεύειν
3864 3594 4094 3661 ’έλοιτος

2507 3690 2524 3721 ι
2557 3670 2688 3723 Θεὸν
2719 3669 2812 3725 οὖν
2845 3677 3164 3744 ὁμολογοῦσί
3201 3698 3217 3728 ι
3265 3696 3406 3741 τινες
3447 3699 3464 3730 ι
3501 3681 3716 3743 εἰδέναι,
3761 3703 3779 3734 ι
3815 3684 3966 3738 κατὰ
4002 3686 4098 3738 τὸν

2515 3767 2856 3832 Ἀπόστολον,
2891 3787 2909 3818 ι
2959 3773 3072 3831 τοῖς
3119 3769 3174 3821 δέ
3209 3769 3388 3841 ἔργοις
3437 3771 3759 3841 ἀρνοῦνται·
3805 3774 4096 3843 βδελυκτοὶ

2501 3859 2652 3922 ὅντες
2683 3860 2776 3912 καὶ
2809 3858 3076 3923 ἀπειθεῖς,
3103 3860 3198 3912 καὶ
3226 3860 3360 3931 πρὸς
3386 3863 3494 3913 πᾶν
3523 3862 3678 3933 ἔργον
3719 3866 3921 3932 ἀγαθὸν
3965 3867 4096 3921 ἀδό-

2504 3967 2675 4020 κιμοι.
2717 3971 2736 4000 ι
2769 3953 2831 4003 0i
2861 3951 2938 4014 δέ,
2972 3951 3075 4003 κᾶν
3106 3950 3266 4004 τοῦτο
3307 3952 3463 4023 μόνον
3483 3954 3905 4026 ὁμολογήσωσιν,
3948 3960 4010 4012 ἐν
4040 3975 4094 4012 τι

2506 4042 2922 4113 κατεπράξαντο
2970 4042 3062 4096 ἐπὶ
3100 4042 3243 4096 τέλει
3297 4043 3456 4116 ἔργον
3502 4046 3722 4114 ἀγαθόν.
3754 4050 3974 4103 Ἔοικεν
3999 4047 4096 4103 οὖν

2505 4133 2567 4184 τὸ
2633 4135 2934 4206 μαρτύριον
3002 4135 3382 4207 ἁποκάθαρσις
3429 4131 3564 4189 εἶναι
3613 4138 3892 4207 ἁμαρτιῶν
3955 4141 4096 4210 μετά

2505 4221 2684 4292 δόξης.
2739 4223 2946 4276 Αὐτίκα
2988 4226 3016 4277 6
3063 4225 3274 4296 Ποιμὴν
3324 4226 3435 4297 (46)
3483 4227 3684 4297 φησίν·
3712 4227 4094 4298 ’Ἑκφεύξεσθε

2505 4317 2604 4387 τὴν
2634 4316 2914 4387 ἐνέργειαν
2938 4316 3031 4369 τοῦ
3066 4318 3259 4391 ἀγρίου
3289 4319 3504 4392 θηρίου.
3535 4321 3628 4373 ἐάν
3655 4323 3688 4390 ἡ
3721 4323 3911 4393 καρδία
3933 4326 4093 4396 ὑμῶν

2511 4410 2736 4480 γένηται
2775 4408 2994 4480 καθαρά
3026 4410 3121 4464 καὶ
3159 4410 3410 4481 ἄμωμος.
3469 4432 3488 4463 ι
3550 4413 3708 4465 Ἀλλά
3744 4415 3837 4468 καὶ
3870 4417 4035 4481 αὐτὸς
4065 4421 4093 4470 6

2508 4504 2741 4574 Κύριος·
2782 4520 2800 4553 ι
2846 4502 3178 4574 Ἑξῃτήσατο
3194 4503 3304 4574 (47)
3325 4505 3469 4572 ὑμᾶς
3501 4507 3530 4558 ὁ
3555 4505 3818 4574 Σατανᾶς,
3861 4529 3881 4562 ›
3918 4510 4087 4579 λέγει,

2436 4630 2478 4683 D
2514 4614 2531 4644 ι
2570 4595 2826 4649 σινιάσαι·
2861 4593 2973 4662 ἐγὼ
3005 4596 3060 4648 δὲ
3118 4596 3555 4668 παρῃτησάμην.
3615 4616 3633 4648 ι
3657 4596 3829 4663 Μόνος
3858 4603 4038 4656 τοίνυν
4063 4605 4091 4655 ὁ

2509 4685 2711 4752 Κύριος
2744 4683 2834 4737 διὰ
2865 4687 2962 4754 τὴν
2986 4685 3092 4738 τῶν
3124 4686 3583 4739 ἐπιϐουλευόντων
3607 4690 3751 4760 αὐτῷ
3787 4693 4088 4764 ἀνθρώπων

2510 4777 2601 4828 καὶ
2633 4775 2731 4847 τὴν
2762 4775 2872 4828 τῶν
2911 4779 3152 4833 ἀπίστων
3187 4779 3584 4849 ἀποκάθαρσιν,
3609 4799 3627 4832 ι
3678 4783 3795 4836 ἔπιε
3832 4785 3892 4836 ’σὺ
3923 4786 4088 4851 ποτή-

2517 4884 2647 4940 ριον·
2698 4889 2718 4922 ›
2762 4869 2822 4923 ὃν
2859 4871 3182 4943 μιμούμενοι
3219 4874 3268 4926 οἱ
3303 4871 3606 4938 ἀπόστολοι,
3641 4877 3716 4938 ὡς
3759 4875 3825 4929 ἂν
3860 4873 3940 4944 τῷ
3976 4875 4086 4926 ὄντι

2517 4962 2805 5029 γνωστικοὶ
2833 4965 2927 5016 καὶ
2969 4965 3196 5028 τέλειοι,
3247 4966 3390 5036 ὑπὲρ
3439 4963 3547 5017 τῶν
3607 4968 3970 5038 Ἐκκλησιῶν,
4023 4963 4087 5024 ἃς

2517 5053 2744 5122 ἔπηξαν,
2783 5054 3001 5111 ἔπαθον.
3051 5059 3236 5134 Οὕτως
3274 5053 3369 5110 οὖν
3416 5059 3507 5110 καὶ
3559 5061 3605 5111 ol
3659 5063 3779 5113 κατ’
3841 5059 3988 5129 ἴχνος
4028 5053 4085 5104 τὸ

2522 5244 2545 5270 ι
2577 5232 2616 5285 ll
2647 5231 2790 5288 Tim.
2818 5251 2878 5301 ιι,
2910 5233 2994 5291 f5.
3103 5238 3130 5276 ι’
3159 5236 3346 5290 Matth.
3377 5250 3522 5302 xxw,
3557 5236 3638 5290 l5.
3751 5235 3900 5287 στίι.
3936 5249 3972 5294 ι,
4006 5227 4081 5281 ιο.

2518 5472 2647 5532 gere
2677 5459 2820 5510 illam
2846 5458 3243 5532 (sc.bcsl.ian_1_),
3266 5457 3308 5508 si
3333 5466 3689 5532 c0r_vestrun1
3707 5454 3869 5510 fuerit
3893 5463 4078 5532 purum

2520 5546 2583 5581 ac
2607 5530 2725 5581 sine
2762 5531 2995 5592 macula,
3030 5539 3082 5581 et
3113 5529 3353 5595 reliquos
3392 5527 3509 5581 dies
3541 5538 3755 5581 vestros
3782 5527 4079 5577 servientis

2522 5598 3090 5677 lleo__sine_q‘uercla.i
3196 5665 3211 5677 _
3535 5669 3593 5677 __
3666 5664 3732 5677 η
3810 5658 3873 5677 ..τ
3981 5660 4072 5677 Μ’

2593 5668 2707 5737 (47)
2761 5661 3157 5737 Ἑξῃτήσητο.
3193 5665 3323 5719 Luc.
3356 5685 3492 5729 χχιι,
3535 5669 3624 5726 ³51,
3665 5664 3765 5718 5‘2:
3801 5661 3943 5737 Eii-rc
3977 5661 4026 5714 δὲ
4052 5661 4078 5710 6

2519 5734 2756 5809 Κύριος·
2794 5734 2994 5811 Σίμων,
3032 5738 3230 5811 Σίμων,
3269 5738 3373 5791 ἰδοὺ
3395 5780 3410 5799 ,
3452 5741 3481 5792 6
3509 5737 3760 5811 Σατανᾶ-ελ
3793 5734 4081 5811 ἐζητήσατε)

2521 5800 2681 5880 ὑμᾶς,
2701 5800 2822 5864 ’τοῦ
2861 5800 3112 5862 ’σινιάσαι
3141 5807 3214 5870 ὡς
3251 5811 3424 5862 σῖτον·
3480 5806 3591 5873 ἐγὼ
3623 5806 3676 5860 δὲ
3711 5800 4080 5879 ἐδεήθἠν’περῑ

2519 5881 2646 5947 σοῦ,
2679 5882 2765 5936 ἵνα
2795 5881 2869 5955 μὴ
2893 5880 3175 5950 ἐκλείπῃὴ
3210 5881 3390 5942 πίστις
3437 5895 3545 5930 σου.
