4464 6612
367 500 504 556 1293

1584 481 2011 540 STROMATUM
2045 481 2172 537 LIB.
2209 479 2298 534 IV.

3442 475 3579 529 ιειιι

368 620 551 673 λύεται
587 613 692 682 γὰρ
716 610 808 662 ἐπὶ
858 607 950 661 τοῦ
994 608 1358 681 ἀρνησομένου
1402 607 1435 675 ἡ
1477 603 1616 656 κατὰ
1654 604 1746 655 τδν
1771 604 1929 657 Βασι-
1954 607 2002 666 Α
2029 605 2131 674 quit

1817 621 1929 657 ασι-
1954 607 2002 666 Α
2029 603 2268 674 quidem,
2329 606 2389 655 ut
2429 599 2686 671 puniatur
2742 595 3036 652 honoriﬁce
3087 611 3182 666 per
3227 596 3580 667 martyrium;

370 709 546 777 λείδην
577 702 816 774 πρόνοια.
851 701 990 774 Ἐρῶ
1021 701 1131 773 (67)
1160 699 1336 752 τοίνυν
1365 693 1526 748 αὑτὸν
1554 694 1646 746 ἐπὶ
1667 693 1760 746 τοῦ
1793 712 1922 765 κρα-

371 800 617 872 τηθέντος
639 792 994 864 ὁμολογητοῦ,
1029 793 1252 860 πότερον
1283 787 1621 857 μαρτυρήσει
1653 785 1746 838 καὶ
1773 786 1926 838 κολα-

375 891 628 957 σθήσεται
650 884 794 937 κατὰ
806 883 902 955 τήν
926 875 1200 954 πρόνοιαν,
1226 877 1258 945 ἢ
1283 874 1342 926 οὔ
1370 893 1384 939 ;
1424 873 1775 945 Ἀρνούμενος
1795 876 1922 946 γὰρ,

373 981 434 1032 οὐ
475 975 894 1047 κολασθήσεταιο
935 976 984 1026 εἰ
1022 973 1080 1024 δὲ
1111 968 1206 1022 καὶ
1235 965 1336 1034 τῆς
1373 964 1689 1028 ἀποϐάσεως
1717 967 1810 1019 καὶ
1834 965 1926 1018 τοῦ

379 1070 454 1141 μὴ
484 1068 590 1120 δεῖν
618 1069 939 1140 κολασθῆναι
968 1063 1153 1118 τοῦτον
1187 1061 1346 1129 φήσει
1375 1056 1470 1126 τὴν
1511 1057 1782 1112 ἀπώλειαν
1823 1057 1929 1110 τῶν

377 1161 753 1232 ἀρνησομένων
774 1164 837 1213 ἐκ
855 1156 1125 1229 προνοίας,
1139 1153 1284 1206 ἄκων
1303 1168 1615 1225 προσμαρτυ
1625 1155 1776 1224 ρήσει
1794 1152 1925 1223 (68).

377 1240 501 1314 Πῶς
525 1252 580 1304 δέ
605 1252 682 1305 ἐτι
703 1251 890 1322 μισθὸς
911 1249 938 1299 ὁ
963 1243 1298 1305 ἐνδοξότατος
1316 1244 1374 1295 ἐν
1401 1242 1612 1314 οὐρανῷ
1641 1245 1929 1297 ἀπόκειται

377 1344 453 1415 τῷ
499 1345 895 1418 μαρτυρήσαντι
949 1335 1037 1389 διὰ
1089 1334 1150 1387 τὸ
1208 1337 1582 1408 μαρτυρήσας
1635 1338 1696 1390 Εἰ
1744 1337 1800 1389 δὲ
1843 1335 1933 1386 τὸν

379 1427 746 1506 ἁμαρτητικὸν
793 1433 889 1485 οὐκ
919 1427 1096 1479 εἴασεν
1146 1427 1179 1496 ἡ
1215 1426 1436 1496 πρόνοια
1468 1429 1558 1481 ἐπὶ
1581 1429 1642 1481 τὸ
1668 1427 1934 1497 ἁμαρτεῖν

380 1524 582 1589 ἐλθεῖν,
617 1524 799 1584 ἄδικος
846 1519 1052 1586 γίνεται
1093 1517 1210 1568 κατ’
1254 1516 1446 1586 ἄμφω·
1488 1519 1581 1572 καὶ
1629 1517 1719 1569 τὸν
1749 1516 1836 1568 διὰ
1861 1514 1936 1566 δι-

381 1615 672 1685 καιοσύνην
711 1615 789 1674 εὶς
838 1608 1057 1662 κόλασιν
1108 1606 1389 1677 ἑλκόμενον
1440 1611 1512 1680 μὴ
1543 1609 1799 1680 ῥυομένη,
1846 1608 1938 1659 καὶ

380 1709 470 1760 τὸν
493 1708 698 1760 ἀδικεῖν
720 1702 1044 1771 ἐθελήσαντα
1067 1701 1128 1770 ῥυ
1138 1701 1358 1772 σαμένη’
1381 1702 1472 1754 τοῦ
1497 1703 1592 1772 μὲν
1620 1701 1939 1770 ποιήσαντος

381 1799 447 1850 δι’
481 1791 553 1849 ὧν
580 1792 862 1862 ἐϐουλήθη,
898 1790 996 1858 τῆς
1025 1791 1081 1843 δὲ
1111 1791 1422 1864 κωλυσάσης
1448 1793 1507 1844 τὸ
1532 1793 1709 1862 ἔργον,
1744 1791 1835 1842 καὶ
1864 1790 1937 1860 μὴ

382 1888 602 1948 δικαίως
634 1883 978 1954 περιέποντος
1011 1876 1116 1948 (69)
1148 1882 1237 1935 τὸν
1269 1883 1656 1954 ἁμαρτητικόν.
1709 1880 1833 1942 Πῶς
1882 1878 1938 1932 δὲ

2023 696 2185 750 aliam
2213 699 2414 759 autem,
2475 701 2535 746 ut
2577 687 2759 744 debito
2808 700 3064 761 purgetur
3109 682 3395 758 supplicio.
3435 686 3581 752 Quo-

2027 782 2189 839 modo
2233 791 2410 838 autem
2459 783 2564 837 hoc
2617 795 2805 836 verum
2835 789 2938 846 est,
2962 795 3084 833 cum
3118 780 3170 834 in
3215 784 3402 831 nostra
3437 785 3588 844 pole-

2027 879 2167 927 state
2193 872 2353 926 silum
2376 873 2447 927 sit
2473 869 2717 924 conﬁteri
2741 882 2796 924 et
2822 867 3025 937 puniri,
3050 876 3143 920 aut
3177 866 3322 919 non?
3358 869 3417 927 >14
3449 861 3583 916 Nam

2028 962 2072 1017 si
2108 964 2232 1032 quis
2258 961 2554 1034 negaverit,
2609 960 2786 1029 quoad
2819 973 2943 1014 eum
2983 960 3122 1028 perit
3146 973 3229 1021 ea,
3259 973 3380 1026 quae
3405 965 3489 1012 est
3519 971 3586 1009 ex

2030 1053 2279 1112 Basilidis
2303 1055 2592 1114 sententia.
2635 1051 2994 1121 providentia.
3037 1047 3260 1120 Rogabo
3296 1064 3427 1119 ergo
3460 1063 3588 1104 eum

2030 1144 2096 1200 de
2117 1147 2430 1202 conlessore
2463 1147 2519 1199 in
2547 1144 2797 1199 custodia
2847 1151 3099 1198 manente
3119 1183 3133 1206 ,
3172 1148 3354 1193 utrum
3387 1148 3590 1208 marty-

2033 1238 2171 1290 rium
2199 1240 2452 1308 patietur,
2481 1246 2534 1292 et
2569 1237 2828 1306 punietur
2862 1249 2926 1289 ex
2955 1231 3319 1303 providentia,
3351 1246 3420 1285 an
3449 1231 3592 1285 non?

2032 1325 2164 1382 Nam
2196 1330 2241 1382 si
2275 1339 2448 1399 neget,
2483 1344 2590 1382 non
2622 1327 2913 1397 punietur;
2963 1325 3046 1379 sin
3085 1332 3264 1379 autem
3297 1337 3352 1378 et
3391 1322 3591 1387 exitus,

2034 1429 2088 1473 et
2113 1421 2257 1489 quod
2287 1437 2394 1476 non
2427 1429 2678 1491 oporteat
2704 1435 2830 1475 eum
2858 1417 3062 1490 puniri,
3089 1417 3232 1472 dicet
3274 1433 3396 1472 esse
3422 1417 3593 1471 inter-

2039 1510 2172 1564 itum
2224 1525 2432 1576 eorum,
2461 1513 2553 1580 qui
2577 1521 2706 1567 sunt
2732 1509 3004 1580 negaturi,
3026 1523 3091 1562 ex
3120 1506 3480 1578 providentia,
3512 1505 3596 1559 in-

2038 1601 2182 1654 vitus
2212 1601 2531 1670 martyrium
2577 1602 2833 1670 patietur.
2871 1599 3156 1666 Quomodo
3205 1608 3384 1654 autem
3412 1600 3597 1656 adhuc

2039 1693 2092 1745 in
2137 1692 2292 1747 crelis
2342 1701 2635 1760 reponetur
2684 1692 3076 1761 gloriosissima
3117 1707 3325 1748 merces
3372 1694 3467 1756 ei,
3502 1695 3596 1764 qui

2039 1783 2360 1854 martyrium
2414 1796 2610 1850 passus
2667 1781 2849 1848 fuerit,
2903 1789 3187 1850 propterea
3234 1782 3381 1850 quod
3436 1781 3602 1837 fuerit

2040 1875 2280 1944 martyr?
2313 1873 2406 1927 Sin
2475 1883 2655 1928 autem
2685 1888 2831 1936 eum,
2867 1873 2959 1942 qui
3007 1887 3234 1942 peccare
3262 1871 3457 1937 voluit,
3491 1888 3598 1927 non

382 1980 482 2030 οὐκ
511 1977 664 2036 ἄθεος
683 1939 715 2034 ,⁸
746 1970 972 2034 θειάζων
1005 1965 1099 2042 μὲν
1130 1973 1218 2026 τὸν
1250 1939 1518 2039 διάϐϐλον,
1563 1973 1841 2042 ἄνθρωπον
1883 1972 1938 2025 δὲ
1975 1939 2012 1991 Β
2043 1967 2143 2022 sivi

1840 1993 1841 2004 π
1883 1972 1938 2025 δὲ
1975 1939 2012 1991 Β
2043 1967 2168 2022 sivit
2185 1939 2535 2036 providentia
2577 1969 2760 2021 venire
2787 1967 2851 2020 ad
2883 1939 3252 2037 peccandum,
3286 1967 3339 2021 in
3373 1975 3603 2036 utroque

385 2064 751 2138 ἁμαρτητικὸν
771 2062 1042 2133 τολμήσας
1073 2066 1243 2117 εἰπεῖν
1268 2065 1356 2117 τὸν
1380 2064 1579 2136 Κύριον
1609 2082 1623 2128 ;
1662 2062 1938 2136 Πειράζων

385 2162 491 2227 γάρ
523 2157 669 2225 ἡμᾶς
712 2156 739 2206 ὁ
767 2153 1022 2219 διάϐολος,
1049 2156 1201 2219 εἰδὼς
1246 2158 1342 2227 μὲν
1375 2157 1402 2207 ὃ
1432 2158 1628 2225 ἐσμεν,
1657 2155 1756 2206 οὐκ
1788 2153 1940 2216 εἰδὼς

384 2238 440 2298 δέ
473 2247 520 2296 εἰ
546 2241 934 2312 ὑπομενοῦμεν,
960 2243 1091 2295 ἀλλὰ
1112 2245 1394 2297 ἀποσεῖσαι
1413 2245 1510 2314 τῆς
1536 2243 1768 2304 πίστεως
1795 2244 1942 2312 ἡμᾶς

384 2327 737 2404 βουλόμενος,
773 2333 864 2383 καὶ
911 2333 1207 2401 ὑπάγεσθαι
1254 2333 1430 2402 ἐαυτῷ
1473 2331 1754 2402 πειράζει·
1807 2331 1942 2402 ὅπερ

392 2424 486 2477 καὶ
537 2423 692 2492 μόνον
735 2425 1118 2495 ἐπιτέτραπται
1165 2424 1348 2492 αὐτῷ,
1395 2424 1483 2476 διά
1532 2441 1591 2475 τε
1628 2423 1687 2475 τὸ
1715 2423 1858 2492 ἡμᾶς
1887 2419 1944 2482 ἐξ

390 2516 591 2568 ἐαυτῶν
639 2515 899 2579 σώζεσθαι
942 2516 1085 2577 δεῖν,
1125 2517 1374 2585 ἀφορμὰς
1422 2514 1569 2584 παρὰ
1601 2514 1698 2582 τῆς
1729 2511 1944 2582 ἐντολῆς

394 2611 697 2679 εἰληφότας,
727 2610 810 2663 διά
836 2628 891 2662 τε
917 2611 1006 2661 τὸν
1030 2608 1440 2677 καταισχυμμὸν
1469 2607 1559 2659 τοῦ
1592 2606 1943 2676 πειράσαντος

390 2704 481 2756 καὶ
508 2703 882 2771 ἀποτυχόντος,
913 2702 998 2754 διά
1026 2720 1083 2754 τε
1117 2700 1212 2771 τὴν
1243 2698 1640 2769 ἰοχυροποίησιν
1668 2697 1772 2748 τῶν
1806 2696 1946 2748 κατὰ

389 2797 486 2865 τήν
527 2794 845 2864 Ἐκκλησίαν
866 2834 878 2855 ,
911 2795 998 2847 διά
1031 2811 1090 2845 τε
1135 2793 1233 2862 τὴν
1277 2792 1570 2860 συνείδησιν
1603 2791 1707 2840 τῶν
1740 2788 1946 2858 θαυμα-

396 2887 600 2938 σάντων
646 2884 740 2954 τὴν
780 2885 1069 2954 ὑπομονήν.
1110 2885 1169 2934 Εἰ
1208 2883 1261 2933 δὲ
1293 2881 1352 2933 τὸ
1396 2882 1684 2952 μαρτύριον
1716 2879 1945 2931 ἀνταπό-

391 2978 534 3038 δοσις
561 2976 646 3029 διὰ
676 2976 943 3036 κολάσεως
966 3013 979 3035 ,
1024 2975 1115 3026 καὶ
1141 2976 1172 3041 ἡ
1205 2973 1384 3034 πίστις
1419 2974 1508 3024 καὶ
1551 2974 1581 3041 ή
1613 2969 1942 3031 διδασκαλία,

393 3065 456 3116 δι’
488 3064 550 3126 ἃς
582 3065 642 3115 τὸ
677 3062 1001 3133 μαρτύριον·
1040 3060 1286 3128 συνεργοὶ
1317 3062 1422 3128 ἄρα
1471 3053 1625 3111 αῦται
1655 3059 1943 3120 κολάσεως,

393 3149 460 3224 ἧς
495 3154 577 3216 τίς
611 3153 675 3206 ἂν
716 3152 847 3221 ἄλλη
889 3151 1084 3220 μείζων
1129 3151 1444 3219 ἁπὲμφασις
1490 3151 1727 3217 γένοιτο;
1792 3149 1947 3200 ,Αλλὰ

401 3247 536 3317 πρὸς
564 3246 659 3316 μὲν
689 3245 755 3297 τά
781 3245 1019 3312 δόγματα
1044 3244 1250 3299 ἐκεῖνα,
1283 3246 1329 3294 εί
1373 3240 1872 3311 μετενσωματοῦται
1913 3242 1946 3309 ἡ
1977 3280 2018 3336 C

402 3341 574 3410 ψυχὴ,
627 3339 716 3390 καὶ
766 3338 892 3408 περὶ
943 3335 1033 3387 τοῦ
1093 3335 1330 3386 διαϐόλου
1388 3335 1522 3386 κατὰ
1569 3335 1690 3394 τοὺς
1723 3331 1950 3393 οἰκείους

397 3429 708 3498 λεχθήσεται
759 3426 1005 3497 καιρούς·
1070 3427 1184 3477 νυνὶ
1239 3426 1292 3477 δὲ
1345 3428 1453 3486 τοῖς
1502 3425 1805 3494 εἰρημένοις
1861 3425 1951 3476 καὶ

395 3521 565 3572 ταῦτα
599 3518 917 3588 προσθῶμεν
939 3535 949 3546 ·
988 3517 1096 3569 Ποῦ
1134 3517 1211 3568 ἔτι
1242 3517 1348 3582 (70)
1382 3519 1412 3585 ή
1442 3517 1623 3576 πίστις
1647 3557 1660 3576 ,
1694 3515 1833 3568 κατὰ
1862 3516 1952 3566 ἁν-

395 3610 675 3662 ταπὸδοσιν
709 3609 813 3660 τῶν
848 3609 1350 3679 προημαρτημένων
1371 3607 1459 3658 τοῦ
1492 3607 1784 3675 μαρτυρίου
1820 3622 1952 3673 γινο-

401 3700 594 3768 μένους
630 3698 737 3750 Ποῦ
772 3698 826 3749 δὲ
863 3701 894 3768 ή
929 3698 1112 3765 ἀγάπη
1157 3698 1188 3766 ἡ
1229 3697 1361 3764 πρὸς
1399 3697 1486 3747 τὸν
1532 3696 1693 3756 Θεὸν,
1740 3695 1825 3747 διὰ
1855 3695 1950 3764 τὴν

396 3791 648 3860 ἀλήθειαν
679 3790 975 3860 διωκομένη
1004 3792 1092 3842 καὶ
1119 3789 1453 3856 ὑπομένουσα
1479 3804 1491 3844 ;
1526 3786 1632 3838 Ποῦ
1656 3787 1710 3838 δὲ
1738 3787 1953 3848 ἔπαινος

398 3881 854 3950 ὁμολογήσαντος,
887 3880 916 3948 ἢ
945 3879 1105 3946 ψόγος
1138 3877 1510 3946 ἀρνησαμένου
1538 3893 1550 3938 ;
1595 3876 1689 3938 Εἰς
1712 3876 1762 3926 τί
1793 3876 1847 3926 δὲ
1873 3874 1950 3926 ἔτι

399 3971 638 4039 χρησίμη
669 3972 700 4038 ἡ
737 3969 976 4020 πολιτεία
1001 3970 1032 4036 ἡ
1061 3967 1221 4036 ὀρθὴ,
1253 3967 1312 4017 τὸ
1342 3966 1607 4036 νεκρῶσαι
1635 3965 1731 4028 τάς
1764 3965 1950 4017 ἐπιθυ-

402 4062 555 4128 μίας,
598 4061 689 4114 καὶ
738 4061 899 4129 μηδέν
930 4059 1036 4110 τῶν
1087 4059 1390 4126 κτισμάτων
1428 4059 1631 4126 μισεῖν;
1671 4059 1732 4110 Εἰ
1759 4058 1847 4120 δὲ,
1880 4058 1954 4118 ὼς

399 4155 557 4216 αὑτός
593 4170 750 4221 φησιν
776 4154 802 4203 ὁ
847 4151 1157 4218 Βασιλείδης
1180 4191 1194 4212 ,
1231 4149 1285 4199 ἓν
1317 4149 1477 4220 μέρος
1514 4150 1576 4200 ἐκ
1608 4148 1699 4200 τοῦ
1729 4148 1956 4218 λεγομέ-

400 4255 488 4296 νου
525 4244 820 4314 θελήματος
862 4242 952 4294 τοῦ
983 4240 1116 4293 Θεοῦ
1145 4239 1519 4309 ὑπειλήιραμεν
1541 4279 1555 4302 ,
1597 4257 1613 4286 ι
1655 4239 1714 4289 τὸ
1741 4240 1956 4307 ἠγαπη-

400 4338 551 4388 κέναι
578 4337 808 4395 ᾶπαντα,
852 4355 868 4384 ι
907 4336 986 4386 ὅτι
1023 4334 1178 4400 λόγον
1217 4330 1552 4394 ἁποσὼζου-σι
1597 4329 1731 4398 πρὸς
1760 4329 1818 4379 τδ
1849 4333 1955 4383 πᾶν

400 4429 640 4482 ἅπαντα*
679 4430 863 4500 ’έτερον
907 4427 996 4488 δὲ,
1029 4446 1046 4476 ι
1080 4427 1138 4477 τὸ
1180 4423 1399 4494 μηδενὸς
1445 4422 1726 4490 ἐπιθυμεῖν
1751 4438 1762 4449 ο
1809 4441 1824 4469 ι
1866 4424 1956 4474 καὶ

400 4521 607 4590 τρίτον,
640 4542 656 4571 ι
703 4523 878 4590 μισεῖν
926 4519 1056 4589 μηδέ
1104 4517 1159 4568 ἓν
1180 4559 1193 4580 ,
1239 4536 1255 4563 ι
1304 4515 1560 4583 θελήματι
1587 4511 1676 4564 τοῦ
1704 4511 1833 4564 Θεοῦ
1866 4516 1957 4566 καὶ

2041 2075 2126 2121 est
2177 2066 2408 2133 injusta;
2441 2074 2495 2118 et
2536 2066 2678 2132 quod
2709 2079 2832 2118 eum
2865 2079 2972 2118 non
3007 2063 3218 2124 liberet,
3252 2063 3344 2131 qui
3383 2067 3604 2131 propter

2039 2157 2306 2226 justitiam
2340 2155 2572 2210 trahitur
2593 2155 2658 2208 ad
2689 2155 3053 2223 supplicium;
3084 2163 3134 2208 et
3166 2154 3312 2223 quod
3333 2169 3482 2216 eum,
3506 2154 3600 2223 qui

2046 2250 2258 2304 volebat
2285 2248 2540 2317 injuriam
2578 2245 2777 2310 facere,
2812 2247 3153 2311 liberaverit;
3195 2262 3319 2301 cum
3367 2247 3456 2300 ille
3481 2247 3605 2315 qui-

2047 2342 2165 2396 dem
2191 2340 2399 2404 fecerit,
2424 2348 2704 2408 propterea
2732 2338 2876 2408 quod
2905 2339 3108 2404 voluit;
3153 2339 3266 2392 haec
3303 2355 3431 2392 vero
3467 2354 3607 2408 opus

2047 2432 2407 2501 prohibuerit,
2432 2439 2485 2484 et
2511 2445 2618 2485 non
2645 2431 2768 2500 jure
2800 2431 2849 2484 ei
2886 2429 3094 2493 faveat,
3135 2429 3229 2500 qui
3257 2444 3483 2498 peccare
3513 2445 3606 2484 vo-

2051 2520 2212 2574 lchat.
2231 2519 2519 2586 Quomodo
2550 2527 2728 2572 autem
2757 2535 2865 2573 non
2883 2528 2967 2573 est
2993 2535 3118 2573 vere
3143 2520 3340 2588 impius
3366 2528 3419 2573 et
3440 2535 3470 2574 a
3498 2520 3608 2575 Deo

2051 2610 2283 2675 alienus,
2311 2611 2402 2679 qui
2434 2611 2708 2664 diabolum
2738 2611 2955 2680 quidem
2991 2613 3044 2664 in
3075 2611 3206 2665 deos
3247 2607 3474 2676 referat;
3511 2613 3610 2666 ho-

2051 2701 2251 2754 minem
2282 2709 2463 2754 autem
2493 2711 2712 2769 peccato
2743 2701 3042 2756 obnoxium
3105 2717 3274 2756 ausus
3311 2711 3396 2756 est
3430 2703 3610 2758 dicere

2053 2790 2513 2846 Dominum?Nos
2543 2793 2686 2846 enim
2723 2802 2894 2847 tentat
2933 2793 3212 2857 diabolus,
3259 2792 3438 2848 sciens
3483 2796 3607 2864 qui-

2052 2880 2172 2934 dem
2197 2883 2386 2949 quales
2411 2899 2621 2946 sumus,
2649 2885 2897 2939 nesciens
2926 2893 3104 2938 autem
3158 2893 3338 2941 utrum
3370 2901 3613 2956 perseve-

2053 2972 2222 3026 raturi
2252 2974 2452 3026 simus:
2487 2989 2670 3028 verum
2695 2991 2791 3030 nos
2821 2990 2849 3028 a
2873 2975 2976 3030 ﬁde
3001 2987 3253 3030 excutere
3278 2978 3446 3048 cupit.
3475 2987 3530 3032 et
3554 2978 3606 3031 in

2055 3076 2207 3114 suam
2241 3070 2560 3129 potestatem
2590 3063 2834 3131 redigere
2856 3072 3043 3116 tentat.
3085 3063 3241 3129 Quod
3270 3066 3488 3134 quidem
3524 3081 3612 3120 so«

2053 3152 2162 3205 lum
2189 3161 2272 3206 est
2315 3152 2364 3206 ei
2412 3153 2759 3220 permissum,
2797 3156 2994 3222 partim
3028 3156 3174 3223 quod
3203 3171 3303 3212 nos
3338 3171 3406 3211 ex
3452 3159 3610 3212 nobis

2055 3243 2184 3311 ipsis
2211 3243 2387 3297 salvos
2419 3258 2541 3298 esse
2568 3252 2834 3312 oporteat,
2884 3245 3195 3300 occasiones
3221 3261 3284 3300 ex
3331 3249 3612 3318 praeceptis

2053 3335 2410 3402 accipientes:
2441 3335 2637 3402 partim
2666 3343 2723 3388 ut
2746 3343 3000 3401 tentator,
3029 3351 3122 3406 spe
3148 3352 3246 3390 sua
3287 3337 3605 3401 frustratus,

2054 3425 2258 3493 pudore
2287 3425 2628 3480 suffundatur
2649 3443 2662 3490 ;
2682 3435 2736 3479 et
2764 3427 2963 3495 partim
2998 3436 3218 3496 propter
3263 3444 3453 3482 eorum
3486 3445 3615 3485 con—

2055 3515 2435 3581 firmationem,
2463 3517 2554 3584 qui
2585 3525 2710 3570 sunt
2743 3516 2795 3568 in
2826 3515 3102 3580 Ecclesia;
3139 3529 3192 3572 et
3222 3519 3456 3589 denique
3485 3536 3614 3590 pro-

2054 3615 2169 3674 pter
2207 3621 2393 3659 eorum
2438 3606 2826 3659 conscientiam
2850 3645 2864 3667 ,
2896 3608 2988 3675 qui
3023 3617 3322 3679 martyrum
3358 3620 3617 3666 constan-

2057 3696 2184 3747 tiam
2211 3694 2462 3748 admirati
2488 3703 2636 3748 sunt.
2670 3693 2727 3746 Si
2756 3705 2936 3749 autem
2973 3697 3290 3767 martyrium
3339 3710 3422 3752 est
3454 3701 3616 3753 retri--

2055 3785 2204 3839 buti‘o
2231 3800 2324 3854 per
2367 3785 2690 3855 supplicium
2713 3826 2727 3846 .
2755 3797 2809 3840 et
2844 3785 2974 3841 tides
3003 3801 3223 3856 quoque
3251 3799 3304 3844 et
3346 3789 3616 3852 doctrina.

2057 3891 2150 3943 per
2176 3891 2314 3944 quas
2331 3885 2416 3930 est
2439 3877 2782 3946 martyrium.
2811 3875 2950 3930 Sunt
2975 3893 3103 3948 ergo
3125 3879 3206 3934 hae
3220 3894 3435 3950 quoque
3457 3881 3619 3950 adju-

2060 3970 2219 4023 trices
2276 3968 2564 4038 supplicii,
2609 3983 2720 4036 quo
2777 3970 3036 4038 quidnam
3085 3968 3233 4025 aliud
3279 3972 3456 4041 possit
3497 3988 3627 4028 esse

2057 4059 2385 4115 absurdius?
2421 4060 2511 4113 sed
2544 4063 2610 4114 ad
2644 4063 2732 4115 illa
2757 4062 2974 4131 quidem
2997 4062 3273 4132 dogmata,
3313 4079 3381 4117 an
3429 4080 3458 4118 a
3499 4081 3622 4119 cor-

2057 4153 2280 4218 poribus
2331 4153 2383 4205 in
2434 4166 2660 4221 corpora
2696 4151 2889 4221 migret
2921 4151 3102 4206 anima
3125 4193 3140 4217 ,
3172 4165 3227 4208 et
3273 4154 3342 4210 de
3380 4155 3620 4218 diabolo.

2058 4234 2264 4296 dicetur
2298 4257 2398 4295 suo
2444 4251 2701 4310 tempore.
2756 4240 2912 4296 Nunc
2959 4252 3138 4298 autem
3175 4245 3265 4309 iis,
3316 4261 3437 4315 qua:
3476 4247 3620 4301 dicta

2059 4344 2203 4397 sunt,
2241 4332 2353 4385 hazc
2381 4346 2594 4399 quoque
2616 4330 2967 4399 adjiciamus:
3006 4324 3108 4386 Ubi
3137 4342 3218 4388 est
3239 4335 3416 4388 adhuc
3463 4335 3621 4399 ﬁdes.
3661 4357 3671 4374 τ

2059 4424 2102 4477 si
2137 4438 2233 4491 pro
2255 4416 2468 4475 luendis
2485 4423 2662 4490 poenis
2680 4437 2893 4487 eorum,
2915 4439 3036 4494 qua:
3057 4425 3208 4494 prius
3234 4435 3452 4495 peccata
3471 4438 3623 4493 sunt,

2060 4516 2316 4569 subeatur
2354 4514 2720 4584 martyrium?
2771 4513 2871 4568 Ubi
2917 4525 3001 4570 est
3047 4526 3227 4572 autem
3274 4519 3515 4574 charitas
3566 4521 3620 4574 in

401 4610 643 4674 κολάσεις
685 4612 892 4664 ἔσονται
916 4627 928 4639 °
971 4611 1106 4678 ὅπερ
1149 4607 1338 4668 ἀσεϐὲς
1378 4607 1591 4656 ἐννοεῖν.
1620 4603 1754 4656 Οῦτε
1793 4604 1900 4674 γάρ
1930 4609 1957 4658 ὁ
1991 4607 2032 4659 D
2065 4604 2164 4658 Ι)ου

1858 4622 1900 4674 ερ
1930 4609 1957 4658 ὁ
1991 4607 2032 4659 D
2065 4604 2252 4667 Deum,
2271 4619 2391 4671 qua:
2413 4612 2628 4671 propter
2652 4603 2928 4657 veritatem
2958 4605 3389 4672 persecutionem
3418 4611 3621 4676 patitur

400 4702 598 4772 Κύριος
627 4698 884 4774 θελήματι
913 4702 1077 4754 ἔπαθε
1128 4700 1221 4751 τοῦ
1262 4698 1467 4768 Πατρος
1491 4736 1505 4757 ,
1539 4695 1648 4748 οὔθ’
1677 4697 1726 4746 οἱ
1765 4696 1952 4750 διωκό-

404 4810 552 4863 μενοι
587 4794 830 4865 βουλήσει
855 4795 946 4846 τοῦ
976 4791 1105 4844 Θεοῦ
1129 4791 1408 4843 διώκονται
1434 4805 1446 4817 ·
1481 4788 1598 4838 ἐπεὶ
1627 4788 1768 4839 δυεῖν
1797 4789 1953 4842 θάτε-

405 4901 492 4954 ρον
513 4924 525 4945 ,
557 4885 589 4952 ἢ
625 4885 780 4937 καλόν
820 4903 870 4937 τι
904 4884 1052 4935 ἔσται
1091 4881 1324 4950 διωγμὸς
1349 4880 1435 4933 διά
1465 4878 1560 4947 τὴν
1586 4877 1834 4947 βούλησιν
1862 4882 1954 4934 τοῦ

401 4973 563 5035 Θεοῦ,
599 4975 630 5044 ἢ
677 4975 839 5028 ἀθῷοι
885 4975 933 5024 οἱ
978 4973 1302 5034 διατιθέντες
1344 4973 1433 5024 καὶ
1465 4969 1747 5031 θλίϐοντες.
1799 4973 1955 5026 Ἀλλὰ

407 5067 510 5136 μὴν
536 5063 682 5118 οὐδὲν
708 5068 830 5120 ἄνευ
859 5065 1158 5133 θελήματος
1185 5063 1276 5114 τοῦ
1305 5062 1504 5133 Κυρίου
1530 5061 1632 5112 τῶν
1651 5061 1804 5112 ὅλων.
1838 5065 1956 5115 Λεί-

403 5174 560 5209 πεται
589 5155 648 5225 δὴ
674 5158 946 5223 συντόμως
988 5153 1148 5221 φάναι
1178 5152 1245 5205 τὰ
1283 5153 1498 5206 τοιαῦτα
1526 5150 1836 5220 συμϐαίνειν
1883 5155 1957 5225 μὴ

403 5248 738 5309 κωλύσαντος
774 5245 880 5314 (71)
927 5243 1020 5295 τοῦ
1062 5243 1226 5296 Θεοῦ·
1274 5244 1430 5296 τοῦτο
1469 5243 1573 5312 γὰρ
1606 5242 1763 5310 μόνον
1798 5243 1956 5307 σώζει

405 5345 496 5395 καὶ
521 5340 615 5410 τὴν
646 5339 898 5409 πρόνοιαν
925 5336 1017 5387 κα)¹
1041 5335 1138 5404 τὴν
1164 5337 1468 5408 ἁγαθότητα
1497 5335 1586 5386 τοῦ
1612 5333 1765 5385 Θεοῦ.
1795 5336 1868 5386 Oti
1894 5337 1955 5388 τὸ

2059 4707 2114 4751 et
2149 4697 2422 4752 sustinet?
2469 4695 2568 4750 Ubi
2593 4705 2676 4749 est
2703 4703 2883 4748 autem
2914 4696 3032 4749 laus
3056 4696 3176 4764 ejus
3213 4699 3305 4766 qui
3331 4698 3620 4754 confessus

2060 4801 2163 4856 est,
2213 4800 2307 4846 aut
2339 4790 2656 4858 vituperatio
2695 4790 2812 4856 ejus
2849 4792 2942 4858 qui
2993 4791 3320 4860 abnegavit?
3369 4792 3449 4846 Ad
3485 4795 3617 4861 quid

2062 4893 2240 4938 autem
2271 4893 2352 4938 est
2375 4883 2550 4935 adhuc
2583 4881 2732 4935 utilis
2761 4893 2908 4936 recta
2935 4883 3056 4937 vita:
3103 4883 3392 4947 institutio,
3447 4896 3620 4940 morte

2064 4975 2273 5029 allicere
2301 4973 2641 5040 cupiditates,
2669 4982 2724 5026 et
2751 4974 2953 5027 nullam
2979 4975 3162 5028 odisse
3187 4977 3530 5028 creaturam?
3559 4975 3615 5028 Si

2062 5076 2262 5128 autem,
2289 5072 2346 5115 ut
2377 5062 2490 5130 ipse
2511 5062 2645 5116 dicit
2668 5062 2950 5127 Basilides,
2983 5078 3144 5116 unam
3173 5073 3382 5132 partem
3412 5081 3476 5120 ex
3500 5065 3615 5131 Dei,

2062 5151 2417 5223 quzedicitur,
2465 5151 2742 5204 voluntate
2788 5150 3212 5205 existimamusr
3250 5154 3432 5207 omnia
3489 5155 3614 5208 ιΙιιί-

2061 5258 2202 5314 gere,
2243 5261 2260 5292 ι
2289 5241 2432 5310 quod
2464 5243 2645 5295 omnia
2674 5239 2938 5294 rationem
2961 5255 3025 5294 ac
3050 5243 3452 5310 proportionem
3485 5259 3615 5297 con-

2063 5343 2283 5393 servent
2330 5334 2397 5386 ad
2451 5335 2796 5398 universum;
2835 5332 3058 5387 alteram
3086 5341 3265 5387 autem
3288 5373 3302 5397 ,
3334 5339 3392 5396 >14
3431 5353 3449 5384 ι
3483 5334 3617 5388 nihil

480 5464 537 5522 ἧι
567 5456 624 5510 Ρ.
661 5453 757 5508 601
807 5449 1211 5516 ΕΒΡΟΤΤΕΒ,
1241 5451 1367 5506 ’507
1422 5450 1526 5503 ED.
1569 5445 1789 5501 PARIS.
1962 5449 2022 5507 P.
2045 5453 2147 5507 602
2174 5449 2243 5505 EI

1360 5453 1367 5477 ί
1422 5450 1526 5503 ED.
1569 5445 1789 5501 PARIS.
1962 5449 2022 5507 P.
2045 5453 2147 5507 602
2174 5449 2280 5505 ED.
2311 5447 2606 5515 POTTER,
2637 5447 2739 5503 508
2767 5446 2875 5502 ΕΙ).
2901 5446 3123 5502 PARIS.

475 5575 584 5656 (67)
624 5571 780 5656 Ἐρῶἰ
806 5570 928 5656 Hoc,
962 5569 1312 5656 ferripptest,
1359 5580 1417 5624 ut
1466 5569 1626 5656 patilo
1669 5566 1944 5656 sgt_pr-_a._§i

404 5636 525 5715 quis
553 5636 728 5700 tamen
766 5641 1024 5715 ἐρωτήσει
1062 5636 1231 5701 malit,
1278 5656 1372 5709 per
1396 5636 1480 5694 me
1509 5640 1649 5715 licet.
1683 5636 1942 5715 §r_Luunc.

473 5713 584 5785 (68)
621 5715 779 5768 Εἰδὲ
803 5713 924 5785 καί
955 5751 967 5764 .

403 5775 723 5852 sententiam
753 5779 1123 5852 cornplendaln
1144 5775 1356 5852 aliquid
1395 5775 1689 5852 desiderari
1711 5775 1942 5852 videtur.

473 5851 583 5918 (69)
613 5845 1019 5920 Περιέποιλτος.
1058 5845 1460 5920 Περιετὲούσης,
1501 5858 1560 5904 ιιι
1600 5845 1945 5917 κωλυσάσηςν

403 5922 468 5973 ad
497 5918 739 5992 προνοίας
770 5925 960 5978 melius
987 5918 1196 5996 ,τοῖσιτί
1234 5932 1433 5988 posset.

2122 5571 2233 5638 (70)
2277 5561 2428 5623 Ἔτι.
2473 5571 2592 5623 Ἔτι
2643 5583 2704 5622 ea
2746 5567 2796 5620 vi
2848 5581 2912 5621 ac
2942 5574 3224 5639 potestate
3252 5577 3572 5639 usurpatum
3600 5612 3616 5634 ,

2053 5637 2158 5712 qua
2208 5655 2330 5693 mox
2354 5677 2368 5700 ,
2404 5641 2483 5704 εἰς
2500 5641 2551 5693 τί
2574 5639 2631 5692 δέ
2662 5640 2741 5691 ἑτι
2784 5637 3030 5709 χρησίμη
3073 5637 3106 5706 ἠ
3144 5637 3406 5693 πολιτεία
3431 5642 3465 5710 ή
3496 5639 3617 5712 ὀρθ.

1102 5706 1640 5778 προσμαρτυρτήσει.
1673 5706 1760 5778 ‘Ad
1782 5707 1944 5778 _hanc
1971 5734 1996 5749 η
2053 5706 2313 5765 Svcnuno.

2121 5782 2232 5851 (7t)
2262 5779 2356 5852 ny;
2392 5775 2982 5852 xw.tdo'avf_rg¢._qonf.
3012 5792 3132 5848 qua:
3188 5778 3443 5852 superius
3479 5777 3622 5838 diuit

2051 5845 2240 5908 auctor
2274 5845 2467 5904 Strom.
2505 5866 2543 5915 t,
2574 5861 2624 5918 p.
2656 5846 2779 5908 567.
2803 5845 2909 5901 568
