4464 6612
832 499 969 556 {295
1919 495 2305 552 CLEMENTIS
2360 494 2824 551 ALEXANDRINI
3906 497 4053 554 1296

825 600 1238 688 concupiscere;
1281 637 1300 670 ι
1346 626 1400 671 et
1429 618 1665 682 tertiam,
1697 636 1714 669 ι
1744 617 1878 672 nihil
1898 616 2113 681 odisse;
2143 637 2162 671 ο
2191 616 2383 673 volun-
2410 633 2455 687 Α
2481 617 2588 689 ἐνεε

2290 634 2383 671 un-
2410 633 2455 687 Α
2481 617 2721 689 ἐνεργεῖν
2750 618 2926 671 τοίνυν
2970 615 3128 670 αὑτὸν
3166 614 3263 679 τάς
3287 616 3495 686 θλίψεις
3523 618 3730 673 οἴεσθαι
3768 617 3872 689 χρὴ
3896 632 3909 645 ·
3944 616 4053 687 (μὴ

826 716 936 765 tate
974 706 1068 764 Dei
1099 716 1261 765 erunt
1301 709 1463 762 etiam
1514 709 1819 778 supplicia:
1857 709 1997 780 quod
2030 709 2248 778 quidem
2281 709 2384 763 im-
2481 706 2589 777 γὰρ

2295 724 2384 763 nn-
2481 706 2589 777 γὰρ
2623 709 2706 781 εἴη
2734 709 2888 763 τοῦτο
2918 708 3113 762 ἐννοεῖν
3139 708 3174 777 ί)
3203 705 3339 759 ἀλλά
3372 704 3448 778 μὴ
3486 710 3714 765 κωλύειν
3739 710 3865 775 τοὺς
3899 708 4058 778 ἐνερ-

822 800 975 872 pium
1007 808 1091 855 est
1120 799 1380 868 cogitare.
1421 798 1605 870 Neque
1629 800 1772 855 enim
1800 798 2061 854 Dominus
2086 814 2281 868 passus
2301 807 2386 855 est
2480 791 2585 857 γοῦ

2301 807 2386 855 εει
2480 791 2728 857 γοῦντας,
2741 792 3032 848 πεπεῖσθαι
3057 793 3347 866 προσῆκεν,
3366 798 3743 868 καταχρῆσθαί
3762 817 3822 853 τε
3848 800 3925 862 είς
3946 813 4056 850 κα-

824 893 1099 947 voluntate
1123 889 1325 958 Patris,
1358 906 1457 945 nec
1491 892 1586 960 qui
1623 892 1903 960 patiuntur
1927 891 2381 960 persecutionem,

823 1001 942 1040 eam
972 983 1065 1039 Dei
1085 983 1362 1039 voluntate
1383 982 1682 1053 patiuntur.
1718 980 1852 1037 Nam
1878 998 1944 1038 ex
1986 980 2206 1037 duobus
2248 983 2385 1037 alte-

824 1091 978 1131 rum:
1002 1084 1099 1131 aut
1125 1075 1330 1131 bonum
1361 1072 1491 1142 quid
1520 1073 1625 1128 erit
1663 1073 2002 1143 persecutio,
2032 1082 2256 1142 propter
2288 1072 2383 1129 Dei

823 1167 1179 1231 voluntatem,
1240 1173 1333 1220 aut
1369 1174 1532 1219 erunt
1575 1165 1819 1221 insontes
1856 1164 1949 1234 qui
1997 1164 2297 1219 decernunt
2329 1176 2384 1220 et

824 1257 1086 1327 afﬂigunt.
1119 1255 1224 1311 Sed
1253 1264 1433 1309 tamen
1460 1254 1597 1309 nihil
1622 1255 1683 1309 tit
1709 1255 1831 1309 sine
1852 1254 2130 1309 voluntate
2162 1254 2382 1312 Domini

823 1347 1226 1403 universorum.
1252 1345 1441 1402 Restat
1460 1346 1661 1415 itaque,
1678 1354 1738 1400 ut
1755 1346 1988 1400 breviter
2001 1347 2269 1414 dicamus,
2293 1364 2380 1413 ea,

821 1454 943 1508 qua:
973 1445 1102 1493 sunt
1129 1436 1464 1507 hujusmotli,
1495 1439 1730 1499 evenire,
1766 1435 1875 1491 Deo
1905 1453 2012 1492 non
2035 1439 2376 1508 prohibente.

818 1531 935 1587 lloc
948 1531 1094 1585 enim
1116 1530 1295 1586 solum
1320 1537 1500 1584 servat
1520 1536 1573 1582 et
1597 1528 1987 1597 providentiam
2014 1538 2066 1583 et
2083 1528 2378 1584 bonitatem

818 1622 930 1675 Dei.
981 1618 1102 1675 Non
1142 1628 1227 1675 est
1263 1634 1394 1690 ergo
1431 1620 1875 1685 existimandum,
1926 1635 2051 1675 eum
2105 1622 2379 1690 operando

812 1716 1021 1771 efficere
1067 1713 1388 1769 amictioues
1437 1713 1614 1783 (absit
1640 1715 1807 1776 enim,
1837 1724 1896 1769 ut
1918 1715 2020 1769 hoc
2053 1716 2136 1769 vel
2177 1716 2380 1784 cogite-

814 1807 994 1874 mus),
1017 1804 1112 1860 sed
1140 1819 1247 1858 non
1277 1804 1565 1872 prohibere
1586 1818 1702 1865 eos,
1729 1803 1823 1872 qui
1845 1818 1938 1858 eas
1969 1802 2224 1867 eﬂiciunt,
2255 1819 2380 1873 per-

813 1911 1035 1953 suasum
1079 1895 1277 1949 babere
1312 1894 1603 1959 convenit,
1638 1894 1893 1962 quodque
1937 1894 2372 1949 adversariorum

2482 883 2570 937 λδν
2598 890 2711 951 τοῖς
2744 888 2853 942 τῶν
2883 887 3131 942 ἐναντίων
3161 887 3499 959 τολμήμασιν
3520 906 3535 920 ·
3572 908 3592 942 ι
3628 892 3860 946 Καθελῶ
3888 890 4051 962 γοῦν,

2484 982 2639 1050 φησὶ,
2674 983 2764 1037 τὸν
2787 988 2961 1055 τοῖχον
2986 984 3094 1055 (72)
3114 1023 3129 1046 ,
3172 983 3267 1037 καὶ
3296 984 3446 1038 ἔσται
3473 986 3552 1048 είς
3580 985 3949 1057 καταπάτημα
3967 1001 3981 1015 ⁸
4022 1003 4048 1036 ι

2486 1073 2833 1147 παιδευτικῆς
2884 1078 3073 1147 τέχνης
3111 1075 3211 1145 τῆς
3256 1075 3431 1130 τοιάδε
3482 1075 3652 1146 αὐτῆς
3701 1074 3866 1145 οὔσης
3913 1092 4056 1146 προ-

2483 1163 2631 1228 νοίας
2658 1166 2769 1239 (75)
2791 1185 2806 1199 σ
2846 1170 2939 1222 ἐπὶ
2982 1169 3077 1239 μὲν
3116 1167 3222 1219 τῶν
3249 1166 3420 1220 ἀλλων
3445 1166 3531 1220 διά
3566 1168 3664 1231 τὰς
3688 1169 3893 1232 οἰκείας
3919 1169 4058 1225 ἑκά-

2484 1272 2609 1308 στου
2641 1258 2942 1330 ἀμαρτίας,
2985 1258 3075 1313 ἐπὶ
3098 1257 3156 1311 δὲ
3184 1257 3278 1310 τοῦ
3307 1258 3512 1328 Κυρίου
3541 1259 3635 1313 καί⁸
3679 1259 3786 1313 τῶν
3811 1260 4053 1313 ἀποστό-

2481 1346 2587 1399 λων
2627 1348 2714 1402 διὰ
2771 1349 2870 1413 τὰς
2928 1349 3101 1421 ἡμῶν.
3154 1348 3361 1401 Αὐτίκα
3412 1352 3442 1404 ὁ
3489 1350 3629 1414 θεῖος
3690 1350 4048 1412 ’Δπόστολοςο

2487 1457 2505 1489 ι
2547 1439 2715 1496 Τοῦτο
2738 1442 2847 1514 γάρ
2875 1446 2989 1497 ὲστι
3012 1442 3072 1494 τὸ
3100 1439 3209 1510 (74)
3241 1439 3450 1511 θέλημα
3478 1442 3572 1495 τοῦ
3604 1441 3758 1504 Θεοῦ,
3801 1460 3821 1492 ι
3856 1440 4050 1509 φησιν,

2486 1547 2504 1578 ι
2535 1531 2564 1582 ὁ
2604 1533 2871 1603 ἁγιασμὸς
2910 1534 3088 1604 ὑμῶν,
3120 1532 3415 1603 ἀπέχεσθαι
3455 1536 3598 1604 ὑμᾶς
3639 1533 3746 1585 ἀπὸ
3775 1533 3876 1601 τῆς
3904 1548 4050 1602 πορ-

2480 1622 2655 1685 νείας,
2695 1624 2892 1678 εἰδέναι
2930 1625 3151 1677 ’ἑκαστον
3178 1623 3331 1692 ὑμῶν
3368 1625 3429 1677 τὸ
3461 1623 3651 1678 ἑαυτοῦ
3685 1622 3875 1685 σκεῦος
3904 1624 4048 1675 κτᾶ-

2482 1714 2602 1768 σθαι
2649 1719 2707 1770 ὲν
2749 1717 3002 1788 ἁγιασμῷ
3029 1717 3120 1769 καὶ
3150 1719 3304 1787 τιμῇ,
3344 1719 3419 1789 μὴ
3451 1721 3508 1771 ἐν
3534 1716 3693 1771 πάθει
3725 1714 4045 1785 ἐπιθυμίας,

2480 1808 2728 1882 καθάπερ
2764 1812 2857 1866 καὶ
2877 1811 2946 1864 τὰ
2969 1810 3111 1881 ἔθνη,
3139 1809 3205 1862 τὰ
3242 1811 3315 1879 μὴ
3345 1811 3522 1865 εἰδότα
3551 1812 3642 1864 τὸν
3667 1809 3867 1881 Κύριον
3887 1807 3999 1877 (75)
4025 1823 4043 1837 ·

2479 1900 2539 1951 τὸ
2565 1900 2639 1971 μὴ
2686 1901 3029 1972 ὑπερϐαίνειν
3067 1900 3158 1954 καὶ
3185 1899 3523 1954 πλεονεκτεῖν
3554 1903 3613 1953 ὲν
3651 1899 3728 1969 τῷ
3753 1898 4048 1970 πράγματι

812 1986 1150 2042 facinoribus
1175 1993 1364 2040 utatur
1416 1984 1482 2038 ad
1527 1984 1733 2038 bonum
1782 1998 1849 2038 ex
1900 1984 1968 2039 iis
2009 1985 2370 2041 eliciendum:
2406 1986 2449 2041 Β
2476 1992 2566 2043 τὸν

2288 2002 2370 2041 m:
2406 1986 2449 2041 Β
2476 1992 2566 2043 τὸν
2598 1992 2823 2061 ἀδελφὸν
2847 1993 3010 2048 αὐτοῦ
3029 2033 3042 2056 ,
3070 1992 3199 2044 διότι
3230 1990 3438 2055 ἔκδικος
3460 1995 3489 2046 ὁ
3515 1993 3717 2064 Κύριος
3747 1992 3872 2061 περὶ
3903 1991 4051 2044 πάν-

819 2097 839 2129 ι
868 2076 1177 2142 Destruam,
1216 2077 1412 2145 inquit,
1436 2090 1680 2139 murum,
1712 2083 1768 2129 et
1800 2073 1903 2129 erit
1932 2075 1988 2129 in
2011 2076 2378 2132 conculcatio—
2477 2101 2582 2137 των

2283 2076 2378 2131 “0‘-
2477 2101 2587 2137 των
2623 2086 2827 2139 τούτων
2849 2103 2863 2117 ο
2912 2085 3090 2148 καθὼς
3115 2086 3209 2138 καὶ
3251 2084 3581 2155 προείπομεν
3620 2087 3766 2155 ὑμῖν,
3811 2084 3905 2137 καὶ
3927 2084 4046 2137 διε-

813 2184 938 2224 nem
971 2180 1029 2222 ιε
1072 2187 1091 2219 1
1136 2168 1301 2237 218
1332 2167 1471 2221 solet
1509 2167 1655 2221 enim
1709 2168 1811 2221 hac
1857 2176 1974 2221 arte
2026 2183 2127 2223 nos
2160 2169 2379 2223 erudire
2479 2192 2576 2246 μαγ

2286 2169 2379 2222 Iire
2479 2177 2893 2247 μαρτυράμεθα.
2923 2177 2996 2228 υὺ
3021 2174 3129 2245 γὰρ
3153 2175 3407 2228 ἐκάλεσεν
3434 2176 3620 2245 ήμᾶςὸ
3648 2175 3780 2238 Geo;
3802 2174 3893 2227 ἐπὶ
3906 2176 4049 2227 ἀκα-

809 2259 1185 2331 providentia:
1219 2259 1276 2313 in
1302 2258 1427 2313 aliis
1463 2259 1683 2328 quidem
1726 2268 1945 2328 propter
1975 2275 2073 2313 sua
2118 2260 2378 2316 uniuscu-

806 2352 1008 2424 jusque
1078 2359 1333 2423 peccata;
1389 2351 1445 2405 in
1502 2350 1730 2405 Domino
1773 2360 1952 2406 autem
2006 2362 2061 2405 et
2115 2352 2373 2419 apostolis

808 2455 1029 2515 propter
1050 2453 1257 2500 nostra.
1292 2442 1410 2497 Jam
1432 2458 1558 2498 vero
1588 2443 1805 2497 divinus
1830 2442 2156 2510 Apostolus:
2195 2461 2212 2493 ι
2250 2440 2375 2497 llaec

809 2537 955 2593 enim
980 2544 1085 2603 est,
1112 2535 1308 2604 inquit,
1339 2532 1436 2589 Dei
1469 2535 1744 2598 voluntas,
1776 2533 2138 2588 sanctificatio
2173 2543 2369 2597 vestra,

808 2637 871 2681 ut
898 2641 999 2682 vos
1037 2624 1356 2681 abstineatis
1383 2639 1414 2679 a
1447 2622 1828 2688 fornicatione,
1848 2632 1900 2677 et
1922 2623 2056 2678 sciat
2082 2624 2376 2692 unusquis-

809 2731 918 2787 que
939 2723 1180 2772 vestrum
1204 2730 1298 2769 vas
1323 2728 1483 2769 suum
1516 2712 1797 2782 possidere
1842 2712 1896 2765 iu
1943 2712 2375 2768 sanctiﬁcatione

808 2819 864 2865 et
891 2810 1116 2876 honore,
1144 2823 1251 2863 non
1274 2807 1328 2861 in
1368 2805 1650 2861 aﬁectione
1671 2804 1984 2873 cupiditatis
2004 2845 2020 2869 ,
2069 2805 2212 2858 sicut
2240 2818 2373 2873 gen-

809 2910 913 2969 tes,
944 2915 1064 2972 quaa
1086 2915 1193 2956 non
1241 2906 1442 2954 norunt
1474 2895 1794 2962 Dominum;
1823 2907 1878 2950 et
1913 2911 2022 2951 non
2063 2904 2371 2965 exsuperet,

808 3002 863 3049 et
908 3008 1005 3064 per
1030 2989 1310 3047 avaritiam
1342 2987 1755 3044 circumscribat
1800 2988 1855 3041 in
1906 2987 2122 3057 negotio
2149 2985 2371 3041 fratrem

810 3102 993 3152 suum,
1019 3085 1278 3156 quoniam
1315 3082 1510 3137 vindex
1561 3089 1646 3136 est
1696 3079 1961 3136 Dominus
2015 3080 2211 3135 horum
2259 3094 2374 3134 om-

808 3179 990 3245 nium;
1026 3177 1166 3234 sicut
1206 3176 1369 3230 etiam
1416 3172 1569 3227 vobis
1610 3171 1958 3242 praediximus
2003 3180 2060 3226 et
2095 3169 2370 3226 testiﬁcati

807 3285 1017 3327 sumus.
1045 3266 1163 3323 Non
1189 3266 1336 3321 enim
1360 3266 1577 3320 vocavit
1609 3280 1709 3318 nos
1724 3262 1866 3317 Deus
1892 3272 2111 3332 propter
2137 3263 2373 3318 immun-

806 3365 1017 3426 ditiam,
1061 3359 1157 3416 sed
1202 3358 1257 3414 in
1300 3356 1750 3414 sanctificatione.
1802 3356 1986 3425 Itaque
2008 3357 2102 3426 qui
2139 3355 2364 3424 spernit,
2396 3341 2436 3397 ε

808 3473 918 3512 non
946 3455 1218 3512 hominem
1244 3454 1471 3523 spernit,
1524 3450 1618 3506 sed
1665 3449 1868 3514 Deum,
1895 3449 1992 3518 qui
2037 3449 2186 3504 dedit
2213 3448 2368 3502 vobis

809 3549 1069 3621 Spiritum
1096 3560 1256 3602 suum
1285 3554 1532 3600 sanctum
1556 3544 1604 3597 ιι.
1633 3561 1651 3592 ι
1674 3540 1903 3609 Propter
1926 3541 2071 3594 hanc
2084 3553 2213 3610 ergo
2240 3554 2367 3593 san-

805 3641 1189 3697 ctificationem
1217 3647 1458 3692 nostram
1510 3648 1618 3687 non
1643 3632 1950 3702 prohibitus
1986 3629 2089 3684 fuit
2119 3630 2227 3700 pati
2258 3628 2370 3684 Du-

807 3735 1009 3789 minus.
1053 3730 1112 3786 Si
1143 3729 1270 3801 quis
1291 3737 1469 3783 autem
1494 3741 1562 3781 ex
1595 3726 1676 3781 cis
1699 3722 2055 3793 respondens,
2091 3723 2238 3777 dicat
2265 3736 2365 3791 pu-

805 3827 913 3882 niri
939 3824 1158 3896 quidem
1201 3830 1496 3892 martyrem
1543 3827 1761 3888 propter
1806 3824 2025 3885 peccata
2066 3830 2190 3884 quae
2236 3822 2365 3869 sunt

804 3915 1042 3972 admissa
1082 3922 1209 3995 ante
1237 3910 1377 3965 hanc
1435 3908 1489 3961 in
1538 3921 1738 3976 corpus
1788 3903 2203 3995 migrationem;
2258 3900 2367 3957 fru-

803 4019 949 4063 ctum
996 3994 1174 4060 autem
1198 4001 1426 4071 posthac
1450 4013 1573 4053 esse
1624 4005 2004 4065 percepturum
2052 3994 2210 4057 vitae,
2242 4008 2366 4063 quae

806 4100 895 4153 hic
946 4105 1067 4151 acta
1117 4092 1315 4147 fuerit:
1363 4090 1444 4143 sic
1487 4088 1634 4142 enim
1685 4084 2038 4140 constitutam
2093 4097 2216 4137 esse
2271 4084 2367 4138 ad-

804 4184 1295 4244 ministrationem:
1325 4194 1449 4234 eum
1484 4177 1797 4247 rogabimus
1847 4190 1916 4229 an
1947 4172 2236 4229 retributio
2273 4173 2368 4227 liat

802 4298 869 4336 ex
921 4275 1274 4350 providentia.
1300 4270 1437 4325 Nam
1461 4270 1505 4325 si
1535 4269 1750 4339 quidem
1773 4281 1879 4322 non
1894 4264 2059 4321 fuerit
2081 4279 2148 4320 ex
2181 4264 2364 4319 divina

801 4367 1293 4429 administratione,
1347 4361 1488 4432 perit
1511 4358 1799 4415 consilium
1828 4365 1883 4411 et
1919 4356 2252 4425 dispensatio
2278 4371 2365 4411 ex-

803 4462 1082 4537 piatiouis,
1101 4468 1156 4515 et
1177 4459 1258 4513 eis
1284 4471 1382 4511 sua
1426 4452 1630 4509 excidit
1680 4451 2015 4521 hypothesis.
2079 4448 2137 4504 Si
2182 4459 2362 4506 autem

2477 2266 2703 2337 θαρσία,
2750 2267 2861 2320 ἀλλ’
2892 2270 2948 2320 ἐν
2987 2265 3255 2336 ἁγιασμῷ.
3288 2265 3588 2337 Τοιγαροῦν
3620 2269 3649 2319 ὁ
3692 2266 3897 2320 ἀθετῶν
3940 2267 4049 2321 οὐκ

2474 2359 2755 2430 ἄνθρωπον
2791 2360 2972 2413 ἀθετεῖ
2992 2400 3005 2423 ,
3054 2359 3186 2413 ἀλλὰ
3232 2359 3322 2413 τὸν
3347 2358 3479 2412 Θεὸν
3498 2399 3513 2423 ,
3556 2359 3646 2412 τὸν
3677 2361 3769 2414 καὶ
3797 2360 3954 2412 δόντα
3979 2361 4051 2414 τὸ

2477 2450 2696 2520 Πνεῦμα
2730 2451 2893 2505 αὑτοῦ
2932 2451 2993 2503 τὸ
3037 2451 3189 2518 ἅγιον
3235 2452 3315 2514 είς
3355 2451 3499 2521 ὑμᾶς
3524 2451 3651 2520 (76).
3697 2470 3714 2501 1
3754 2451 3854 2505 Διά
3880 2452 4050 2505 τοῦτο

2479 2541 2573 2596 οὖν
2605 2545 2696 2596 τὸν
2723 2544 2989 2614 ἀγιασμὸν
3016 2544 3124 2613 (77)
3163 2544 3318 2614 ἡμῶν
3362 2545 3463 2596 οὐκ
3511 2543 3752 2613 ἐκωλύθη
3782 2543 3971 2596 παθεῖν
4015 2546 4050 2597 ὁ

2476 2634 2697 2705 Κύριος.
2726 2636 2789 2687 Εἰ
2828 2636 3024 2695 τοίνυν,
3057 2635 3486 2705 ἀπολογούμενός
3511 2652 3595 2698 τις
3637 2635 3845 2696 αὐτῶν,
3890 2634 4046 2701 λέγοι

2474 2724 2790 2788 κολάζεσθαι
2837 2726 2932 2794 pl-‘v
2960 2725 3048 2777 τὸν
3080 2726 3330 2797 μάρτυρα
3363 2725 3451 2777 διὰ
3476 2724 3573 2788 τὰς
3615 2725 3720 2796 πρὸ
3750 2724 3909 2795 τῆσδε
3936 2724 4048 2794 τῆς

2474 2815 2910 2885 ἐνσωματὼσεως
2952 2817 3251 2887 ἁμαρτίας,
3295 2817 3385 2869 τὸν
3431 2816 3643 2886 καρπὸν
3677 2816 3734 2868 δὲ
3768 2816 3865 2886 τῆς
3894 2816 4046 2869 κατὰ

2471 2907 2620 2961 τόνδε
2653 2910 2744 2960 τὸν
2771 2907 2884 2977 βίον
2912 2908 3184 2971 πολιτείας
3224 2904 3379 2971 αὖθις
3426 2907 3827 2979 ἀπολήψεσθαι·
3894 2907 4047 2960 οὕτω

2475 3000 2581 3069 γὰρ
2620 2999 2965 3070 διατετάχθαι
3003 3001 3101 3071 τὴν
3156 3000 3447 3071 διοίκησιν·
3499 2998 3805 3069 πευσόμεθα
3844 2997 4043 3063 αὑτοῦ,

2471 3093 2520 3145 εί
2549 3094 2614 3147 ὲκ
2636 3091 2893 3161 προνοίας
2918 3093 3126 3161 γίνεται
3156 3095 3187 3164 ἠ
3214 3092 3580 3155 ἀνταπόδοσις.
3608 3092 3670 3144 Ei
3702 3090 3799 3162 μὲν
3826 3089 3933 3160 γὰρ
3960 3091 4046 3161 μὴ

2470 3184 2553 3254 εἴη
2600 3185 2699 3255 τῆς
2737 3183 2886 3248 θείας
2927 3185 3277 3256 διοικήσεως,
3316 3186 3576 3255 οἴχεταιή
3619 3183 3895 3253 οἰκονομία
3926 3182 4046 3238 τῶν

2470 3273 2811 3346 καθαρσίων,
2844 3276 2937 3329 καὶ
2972 3277 3260 3329 πέπτωκεν
3297 3279 3330 3347 ἡ
3366 3275 3618 3338 ὑπόθεσις
3650 3276 3832 3337 αὐτοῖς
3853 3291 3867 3304 ·
3902 3276 3949 3326 εί
3978 3274 4044 3327 δὲ

2470 3365 2534 3417 ἐκ
2558 3365 2813 3437 προνοίας
2834 3365 2903 3417 τὰ
2934 3364 3234 3437 καθάρσια,
3282 3366 3346 3417 ἐκ
3387 3363 3640 3434 προνοίας
3671 3362 3765 3415 καὶ
3792 3361 3847 3413 αἱ
3873 3360 4044 3414 κολά-

2470 3473 2599 3520 σεις.
2638 3456 2702 3508 Ἡ
2726 3457 2950 3526 πρόνοια
2972 3457 3049 3520 δὲ,
3085 3459 3133 3509 εἰ
3162 3457 3254 3509 καὶ
3279 3456 3386 3510 ἀπὸ
3408 3455 3501 3510 τοῦ
3531 3455 3804 3525 ἄρχοντπ,
3833 3453 3908 3516 ὡς
3935 3453 4047 3521 φάο

2468 3564 2574 3610 ναι,
2601 3547 2863 3601 κινεῖσθαι
2880 3548 3124 3620 ἄρχεται,
3152 3548 3263 3600 ἀλλ’
3290 3546 3673 3618 ὲγκατεσπάρη
3690 3547 3810 3607 ταῖς
3828 3543 4044 3608 οὐσίαις

2468 3640 2565 3692 σὺν
2598 3641 2693 3692 καὶ
2735 3641 2800 3709 τῇ
2834 3637 2943 3691 τῶν
2983 3636 3179 3691 οὐσιῶν
3218 3637 3426 3705 γενέσει
3468 3636 3603 3708 πρὸς
3636 3634 3730 3688 τοῦ
3762 3632 3867 3687 τῶν
3899 3633 4044 3687 ὅλων

2466 3728 2619 3782 Θεοῦ.
2651 3723 2750 3781 Ὧν
2776 3728 2947 3791 οὕτως
2974 3729 3237 3798 ἑχόντων,
3279 3728 3486 3797 ἀνάγκη
3524 3727 3803 3797 ὁμολογεῖν
3839 3724 4043 3786 αὐτοὺς

2466 3819 2499 3889 ἢ
2522 3819 2620 3889 τὴν
2647 3820 2866 3872 κόλασιν
2901 3818 2975 3888 μὴ
3003 3814 3139 3871 εἶναι
3167 3818 3366 3880 ἄδικον,
3416 3818 3507 3870 καὶ
3551 3815 4040 3886 δικαιοπραγοῦσιν

2466 3910 2516 3960 οἱ
2566 3908 3013 3973 καταδικάζοντες
3043 3911 3134 3961 καὶ
3160 3908 3441 3971 διώκοντες
3485 3909 3612 3971 τοὺς
3663 3908 3967 3977 μάρτυρας·
3995 3905 4035 3975 ἥ

2467 4000 2532 4052 ἐκ
2551 3999 2844 4070 θελήματος
2866 4000 3200 4072 ἐνεργεῖσθαι
3214 4000 3307 4053 τοῦ
3323 4000 3455 4053 Θεοῦ
3481 4000 3709 4060 καὶτοὺς
3739 3996 4037 4066 διωγμούς.

2470 4091 2582 4143 Οὔκ
2613 4090 2689 4142 ἔτι
2721 4087 2813 4143 οὖν
2843 4093 2871 4143 ὁ
2896 4092 3052 4154 πόνος
3082 4093 3173 4145 καὶ
3198 4094 3227 4145 δ
3267 4091 3447 4158 φόϐος,
3481 4092 3557 4153 ὡς
3585 4089 3738 4142 αὐτοὶ
3765 4087 4036 4152 λέγουσιν,

2468 4181 2847 4250 ὲπισυμϐαίνει
2887 4187 2999 4246 τοῖς
3046 4184 3367 4255 πράγμασιν
3406 4184 3482 4245 ὡς
3512 4185 3540 4235 ὁ
3575 4183 3649 4244 ib;
3693 4180 3770 4249 τῷ
3809 4180 4032 4250 σιδήρῳ,

2470 4271 2581 4323 ἀλλ’
2610 4273 2673 4323 ὲκ
2710 4271 3003 4343 βουλήσεως
3040 4275 3173 4337 ἰδίας
3208 4274 3572 4345 προσέρχεται
3613 4273 3678 4340 τῇ
3731 4269 3891 4339 ψυχῇ.
3922 4271 4036 4325 Καὶ

2472 4362 2599 4431 περὶ
2628 4363 2724 4432 μὲν
2753 4363 2953 4416 τούτων
2979 4364 3144 4428 πολὺς
3169 4365 3197 4417 δ
3227 4365 3403 4431 λόγος,
3425 4364 3545 4414 ὅσον
3580 4364 3637 4414 ὲν
3671 4362 3879 4432 ὑστέρῳ
3909 4379 4036 4416 σκο-

2473 4455 2593 4506 πεῖν
2615 4453 2962 4507 ἀποκείσεται
2992 4455 3129 4508 κατά
3160 4453 3348 4523 καιρὸν
3372 4452 3843 4521 διαλαμϐάνουσιν.

805 4577 836 4616 a
883 4554 1214 4631 providentia
1261 4558 1389 4606 sunt
1437 4546 1811 4618 expiationes,
1865 4553 1996 4599 sunt
2042 4545 2352 4614 punitiones
2400 4561 2619 4616 quoque
2659 4562 2723 4601 ex
2774 4549 3131 4616 providentia.
3193 4544 3532 4600 Providentia
3583 4553 3802 4613 autem,
3845 4550 3944 4606 etsi
3996 4571 4029 4610 a

805 4650 1074 4725 principe,
1099 4657 1157 4702 ut
1174 4645 1247 4698 ita
1263 4641 1678 4707 dicam,moveri
1705 4635 1915 4705 incipit,
1936 4635 2172 4689 immista
2216 4644 2397 4689 tamen
2441 4643 2527 4690 est
2589 4646 2642 4690 et
2671 4638 2830 4694 insita
2865 4638 2918 4691 in
2950 4634 3290 4697 substantiis,
3325 4647 3433 4687 una
3457 4647 3580 4687 cum
3606 4633 3843 4703 ipsarum
3871 4655 4033 4710 gene-

805 4748 1056 4808 ratione,
1108 4755 1205 4812 per
1251 4736 1427 4792 Deum
1502 4732 1899 4787 universorum.
1957 4728 2091 4796 Qua:
2142 4744 2263 4783 cum
2316 4730 2389 4783 ita
2445 4728 2717 4793 habeant,
2779 4744 3003 4784 necesse
3046 4735 3132 4782 est
3180 4736 3238 4781 ut
3292 4726 3394 4796 ipsi
3440 4725 3744 4793 fateantur,
3790 4729 3872 4784 vel
3919 4748 4030 4787 non

806 4854 927 4894 esse
969 4835 1228 4905 injustam
1286 4826 1661 4899 punitionem;
1716 4834 1770 4877 et
1819 4832 1935 4876 tum
1982 4831 2130 4876 recte
2182 4822 2437 4892 justeque
2493 4828 2551 4885 ἦρ
2588 4837 2646 4877 sc
2691 4832 2916 4905 gerunt,
2972 4821 3064 4891 qui
3115 4820 3477 4875 condemnant
3529 4826 3581 4872 et
3638 4832 4033 4892 persequuntur

806 4900 1107 4999 martyres;
1155 4931 1250 4978 aut
1296 4935 1365 4975 ex
1412 4916 1510 4973 Dei
1549 4915 1828 4971 voluntate
1879 4914 2120 4969 exerceri
2165 4914 2593 4982 persecutiones.
2647 4912 2764 4967 Non
2795 4900 3006 4984 'utique
3038 4928 3167 4985 ergo
3201 4912 3355 4966 labor
3395 4919 3450 4964 et
3499 4919 3675 4965 metus
3708 4912 3866 4969 rebus
3891 4915 4034 4969 acci-

803 5025 902 5087 dit,
936 5028 999 5074 ut
1045 5015 1149 5087 ipsi
1195 5014 1407 5078 dicunt,
1438 5020 1697 5079 tanquam
1751 5005 1945 5075 rubigo
1993 5005 2177 5070 ferro,
2224 5007 2317 5060 sed
2360 5022 2426 5061 ex
2481 5006 2697 5074 propria
2753 5005 3028 5061 voluntate
3072 5004 3281 5060 accedit
3311 5002 3379 5055 ad
3409 5001 3668 5057 animam.
3704 5000 3809 5058 Sed
3849 5003 3917 5059 de
3945 5003 4031 5057 his

804 5116 1021 5186 quidem
1070 5109 1238 5167 multa
1273 5114 1620 5162 reservantur
1667 5100 1916 5167 dicenda,
1944 5117 2062 5171 quae
2101 5103 2324 5170 posthac
2344 5117 2446 5156 suo
2474 5111 2713 5171 tempore
2740 5102 3145 5158 tractabuntur.

2219 5236 2450 5294 CAPUT
2488 5236 2624 5293 χιιι.

1698 5336 1964 5392 Valentini
1994 5338 2195 5390 narnias
2218 5336 2283 5389 de
2312 5335 2495 5388 mortis
2521 5336 2799 5391 abolitione
2823 5334 3112 5403 redarguit.

890 5436 1205 5493 Valentinus
1234 5443 1413 5490 autem
1442 5433 1497 5486 in
1537 5431 1769 5501 quadam
1811 5428 2034 5485 homilia
2068 5429 2368 5484 scrihithis

2522 5430 2888 5502 ,Οὐαλεντίνος
2923 5428 2980 5480 δὲ
3009 5424 3066 5479 ἐν
3102 5440 3207 5475 τινι
3234 5422 3414 5495 ὁμιλίᾳ
3446 5423 3585 5477 κατά
3628 5420 3770 5487 λέξιν
3802 5413 4024 5484 γράψει’

901 5559 961 5617 ›Ῑ‹
989 5550 1052 5606 Ρ.
1084 5548 1188 5604 603
1213 5547 1319 5603 ΕΙ);
1355 5541 1652 5609 POTTER,
1677 5542 1781 5598 509
1816 5540 1925 5596 ΕΟ.
1960 5538 2192 5595 ῬΑΒΙΒ.
2273 5552 2298 5580 ι
2324 5539 2427 5595 Isa.
2456 5558 2507 5610 v,
2532 5543 2586 5599 5.

1858 5540 1925 5595 Ι).
1960 5538 2192 5595 ~PARIS.
2273 5552 2298 5580 ι
2324 5539 2427 5595 lsa.
2456 5558 2507 5610 v,
2532 5543 2586 5599 5.
2664 5544 2692 5584 ι’
2723 5542 2745 5597 l
2772 5542 2998 5608 Thess,
3032 5554 3107 5603 tv,
3136 5538 3260 5605 5,4,
3298 5538 3351 5603 5,
3394 5538 3448 5605 6,
3487 5538 3540 5606 7,
3568 5537 3621 5592 8.

876 5670 989 5739 (72)
1023 5669 1249 5737 Τοῖχον.
1290 5664 1392 5739 lsa.
1422 5681 1450 5716 v
1473 5704 1493 5739 ,_
1514 5663 1689 5739 τοῖχον
1720 5660 1903 5739 αὑτοῦ.
1932 5661 1995 5712 Δ.
2034 5657 2329 5739 Saturum;

877 5726 990 5808 (75)
1035 5726 1390 5808 Τῆξῖίτοιάδε
1429 5726 1631 5808 αὑτῆξ
1673 5730 1867 5797 οὔσης
1891 5726 2209 5808 :zp.nForte
2267 5726 2367 5806 τῆς

808 5798 1015 5863 τοέᾶσδε
1044 5798 1188 5877 αὗτῷ
1220 5805 1384 5874 οὔσης
1425 5798 1695 5877 προνοίας..
1732 5818 1750 5849 ι
1781 5816 1902 5853 cum
1954 5799 2075 5853 talis
2100 5812 2162 5851 ca
2188 5798 2367 5866 provi-

809 5879 991 5935 dentia
1024 5872 1199 5932 sitars
1233 5872 1614 5929 institutoriaa
1652 5872 1913 5924 Sumne.

883 5951 993 6019 (74)
1039 5951 1125 6000 Τι’.
1158 5950 1321 6002 Abest
1348 5964 1375 6001 ρ
1411 5943 1599 5999 Thess.
1641 5957 1712 5995 tt.

2542 5661 2655 5727 (75')
2691 5662 2932 5727 Κύριον,
2976 5656 3129 5718 Θεόν,
3158 5653 3350 5713 Thess.
3378 5673 3447 5711 tv.

2542 5725 2654 5797 (76)
2693 5725 2797 5793 Είζ·
2823 5725 2995 5795 ὑμᾶς.
3026 5727 3122 5797 Εἰς
3145 5727 3308 5797 ἡμᾶς,
3343 5727 3473 5780 ibid.

2543 5792 2653 5867 (77)
2686 5792 2787 5852 Διὰ
2824 5792 2995 5849 τοῦτο
3053 5792 3315 5853 οὗιῗτὸι·
3349 5798 3442 5865 ἀγ.

2476 5873 2562 5925 τὸν
2590 5871 2678 5936 ἀγ.
2714 5868 2971 5921 Suntne.

3498 5792 3564 5846 Α.
3595 5785 3682 5839 διὰ
3715 5782 3901 5840 τοῦτον
3933 5779 4027 5841 οὖν
