4464 6612
916 519 1053 577 4293

1988 529 2371 588 CLEMENTIS
2401 534 2869 594 ALEXANDRINI

3988 548 4014 600 Ι
4026 549 4151 602 ὅττι)

907 636 1184 705 Λίσοιθιιε,
1224 641 1474 697 Christus
1509 654 1737 702 mortem
1770 663 1876 703 non
1916 649 2168 717 abolevit,
2204 653 2306 710 nisi
2353 654 2468 724 ipse
2496 663 2541 718 Α
2569 676 2670 730 γησ

2382 670 2468 724 pse
2496 663 2541 718 Α
2569 676 2754 730 γησεν,
2792 664 2838 714 εί
2874 662 2946 731 μὴ
2982 663 3072 713 καὶ
3102 662 3259 725 αὐτὸς
3295 663 3474 727 αὐτοῖς
3501 665 3778 737 ὁμοούσιος
3810 666 4056 737 λεχθείη·
4095 671 4145 719 εἴ

909 745 1127 799 quoque
1148 730 1356 787 dicatur
1388 734 1630 803 ejusdem
1659 754 1783 793 cum
1817 741 1897 795 eis
1927 745 2212 810 essentiaa;
2250 747 2331 800 sin
2364 740 2466 800 ait—

909 829 1019 873 tem
1058 821 1116 875 in
1147 821 1250 877 hoc
1281 839 1400 877 eam
1442 826 1694 893 abolevit,
1726 839 1788 883 ut
1833 846 2002 901 genus
2036 847 2145 888 non
2185 837 2468 907 attingeret

909 909 1184 977 differens,
1209 926 1317 967 non
1358 914 1446 970 isti
1479 919 1976 985 mortem‘abolent,
2004 921 2099 990 qui
2135 933 2263 978 sunt
2286 924 2465 979 aemuli

908 997 1206 1065 Creatoris,
1244 1004 1338 1073 qui
1382 1006 1602 1075 imagini
1644 1023 1757 1062 suae
1792 1009 1951 1065 istius
1981 1011 2198 1079 animae,
2229 1030 2350 1084 quas
2384 1022 2468 1068 est

909 1104 975 1143 ex
1010 1091 1320 1157 medietate,
1352 1110 1640 1164 supernam
1678 1098 1843 1152 vitam
1871 1100 2139 1167 inspirant
2166 1104 2465 1157 secundum

908 1182 1106 1254 dogma
1160 1185 1230 1239 ab
1280 1187 1360 1241 eis
1394 1196 1727 1258 susceptum.
1788 1190 1881 1244 Sin
1940 1207 2069 1246 vero
2129 1195 2234 1250 hoe
2283 1196 2466 1251 dicant

906 1276 1127 1331 evenire
1177 1293 1274 1346 per
1328 1288 1591 1344 matrem,
1638 1283 1720 1335 vel
1778 1283 1821 1337 si
1875 1283 2056 1338 dicant
2098 1300 2157 1339 se
2203 1302 2306 1340 una
2340 1300 2464 1340 cum

907 1365 1125 1420 Christo
1156 1367 1418 1423 adversus
1457 1379 1684 1425 mortem
1708 1372 2044 1441 belligerare,
2074 1385 2258 1443 aperte
2294 1374 2465 1430 faten-

906 1460 996 1507 tur
1034 1450 1085 1505 id
1129 1454 1404 1513 occultum
1471 1457 1688 1527 dogma,
1743 1459 2009 1528 siquidem
2070 1476 2181 1517 non
2240 1464 2465 1519 timeant

904 1540 1184 1601 Creatoris
1230 1545 1467 1601 divinam
1534 1550 1784 1604 insectari
1859 1553 2177 1621 potentiam,
2206 1556 2299 1610 sed
2346 1556 2464 1624 ejus

904 1644 1232 1695 creaturam,
1268 1646 1523 1705 tanquam
1581 1639 1681 1709 ipsi
1735 1640 1986 1698 meliores
2035 1654 2238 1709 essent,
2286 1659 2466 1699 emen—

902 1724 1054 1789 dant,
1086 1732 1140 1778 et
1173 1725 1462 1781 animalem
1493 1729 1809 1799 imaginem,
1831 1748 1995 1802 quam
2035 1735 2123 1787 ille
2158 1750 2263 1787 non
2288 1735 2464 1803 potuit

900 1812 1137 1869 liberare
1161 1815 1231 1870 ab
1263 1816 1505 1881 interitu,
1535 1834 1752 1876 servare
1776 1822 2045 1876 nituntur.
2077 1822 2258 1876 Fuerit
2279 1832 2462 1878 autem

901 1900 1168 1959 Dominus
1198 1920 1415 1976 quoque
1451 1905 1563 1961 Deo
1595 1918 1837 1963 creatore
1884 1909 2073 1965 melior
2098 1925 2163 1964 ac
2199 1921 2462 1980 praestan-

901 1994 1012 2049 tior
1050 2013 1064 2048 :
1096 2011 1374 2065 nunquam
1410 1997 1553 2051 enim
1591 1997 1734 2051 tilius
1767 2014 1890 2052 cum
1923 2010 2076 2069 patre
2098 2003 2459 2066 contenderit,
2495 1991 2536 2045 Β

900 2083 1065 2152 idque
1115 2084 1256 2138 inter
1305 2085 1456 2143 deos.
1491 2084 1644 2150 Quod
1682 2096 1863 2141 autem
1910 2087 2001 2145 bie
2045 2088 2116 2143 sit
2151 2100 2305 2159 pater
2343 2092 2457 2154 lilii,

897 2173 1125 2228 Creator
1184 2174 1583 2241 universorum,
1638 2175 1905 2232 Dominus
1979 2179 2345 2248 omnipotens,
2394 2182 2460 2235 ad

898 2266 1049 2321 illam
1090 2265 1403 2322 distulimus
1451 2267 1899 2337 disputationem,
1948 2269 2002 2330 in
2043 2286 2151 2342 qua
2199 2271 2461 2327 adversus

899 2357 1066 2428 219
1104 2357 1340 2413 haereses
1372 2358 1640 2414 disserere
1695 2359 2078 2429 promisimus,
2117 2361 2461 2416 ostendentes

898 2464 1027 2509 eum
1069 2464 1190 2505 esse
1235 2450 1436 2515 solum,
1480 2450 1575 2519 qui
1604 2459 1687 2504 est
1720 2450 1787 2504 ab
1826 2450 1945 2519 ipso
1981 2450 2319 2519 praedicatus.
2354 2451 2459 2506 Sed

898 2541 1060 2597 nobis
1117 2542 1336 2612 quidem
1391 2543 1634 2598 scribens
1692 2542 1983 2611 Apostolus
2045 2541 2113 2596 de
2167 2542 2461 2597 tolerandis

899 2632 1320 2689 amiCtionibus:
1359 2650 1379 2684 ι
1426 2631 1494 2686 Ει
1532 2633 1657 2697 hoc,
1686 2631 1885 2702 inquit,
1913 2647 1979 2687 ex
2018 2630 2146 2698 Deo,
2181 2633 2329 2702 quod
2367 2649 2461 2691 vo-

901 2725 986 2781 bis
1011 2724 1276 2785 donatum
1300 2733 1383 2780 est
1405 2739 1505 2794 pro
1533 2724 1849 2787 Cbristo,ut
1871 2740 1982 2779 non
2003 2725 2180 2781 solum
2206 2726 2261 2778 in
2284 2727 2459 2794 ipsum

900 2814 1159 2880 credatis,
1199 2815 1293 2870 sed
1330 2816 1495 2870 etiam
1535 2831 1634 2885 pro
1690 2829 1756 2869 eo
1816 2816 2136 2885 patiamini;
2172 2817 2314 2870 idem
2367 2817 2462 2871 ha-

902 2910 1093 2964 bentes
1138 2917 1443 2967 certamen,
1488 2908 1649 2978 quale
1700 2908 1917 2963 vidistis
1969 2909 2023 2961 ill
2083 2923 2188 2971 me,
2227 2916 2281 2961 et
2318 2923 2463 2961 nunc

900 3001 1102 3056 auditis
1137 3000 1190 3054 in
1227 3016 1334 3055 me.
1367 2999 1424 3053 Si
1451 3014 1556 3068 qua
1598 3007 1682 3055 est
1716 3013 1847 3070 ergo
1879 2998 2182 3054 consolatio
2213 2998 2271 3051 in
2298 2997 2461 3051 Chri-

898 3101 1015 3157 sto,
1046 3092 1094 3148 si
1144 3092 1286 3162 quod
1334 3092 1588 3146 solatium
1620 3091 1933 3156 cllaritatis,
1979 3090 2027 3144 si
2074 3105 2181 3158 qua
2228 3090 2461 3144 societas

898 3184 1145 3253 Spiritus,
1187 3184 1234 3239 si
1275 3199 1381 3254 qua
1429 3182 1636 3237 viscera
1663 3191 1717 3237 et
1772 3180 2177 3244 miserationes,
2239 3179 2460 3249 implete

899 3290 1086 3331 meum
1120 3273 1400 3344 gaudium,
1448 3281 1508 3327 ut
1559 3272 1701 3327 idem
1764 3271 2033 3336 sentiatis,
2079 3270 2321 3326 eamdem
2355 3270 2456 3323 ha-

896 3366 1088 3429 bentes
1149 3366 1491 3429 charitatem,
1555 3365 1859 3431 unanimes,
1929 3363 2072 3418 idem
2142 3360 2455 3416 sentientes.

899 3456 958 3511 Si
990 3464 1169 3512 autem
1226 3456 1541 3511 immolatur
1566 3471 1730 3526 super
1761 3453 2029 3512 sacriﬁcio
2057 3463 2110 3508 et
2156 3450 2461 3507 ministerio

896 3550 1020 3611 tidei
1076 3549 1317 3619 gaudens
1365 3558 1420 3604 et
1471 3548 1919 3618 congratulansa,
1965 3565 1985 3596 ι
2024 3560 2148 3608 eos,
2201 3544 2266 3603 ad
2320 3557 2461 3614 quos

897 3641 1137 3711 loquitur
1187 3641 1502 3711 Apostolus,
1535 3640 1911 3720 Philippenses
1946 3652 2148 3693 vocans
2197 3657 2216 3687 ι
2270 3635 2458 3706 gratim

895 3741 1180 3789 consortes
1201 3730 1251 3798 δ,
1286 3753 1304 3785 ι
1340 3734 1613 3804 quomodo
1657 3734 1801 3802 ipsos
1842 3729 1973 3786 dicit
2025 3729 2388 3785 «.unanimes
2435 3747 2452 3777 ι

896 3835 952 3879 et
987 3824 1283 3879 animales?
1321 3825 1582 3878 Similiter
1614 3824 1777 3879 etiam
1818 3824 1885 3879 de
1914 3822 2201 3877 Timotheo
2236 3833 2457 3890 quoque

895 3916 1143 3977 scribens
1188 3926 1245 3970 et
1284 3916 1484 3986 seipse,
1513 3935 1530 3965 ι
1561 3914 1841 3970 Neminem
1868 3915 2035 3978 enim,
2061 3913 2259 3982 inquit,
2284 3913 2456 3966 habeo

895 4016 1008 4065 tam
1065 4007 1404 4075 unanimem,
1426 4006 1521 4077 qui
1568 4021 1826 4078 germane
1857 4006 1925 4061 de
1955 4006 2106 4060 vobis
2140 4004 2356 4060 futurus
2389 4005 2459 4059 sit

895 4099 1181 4155 sollicitus.
1207 4096 1406 4163 Omnes
1421 4098 1590 4163 enim,
1620 4113 1741 4168 qua:
1764 4113 1861 4153 sua
1889 4105 2037 4160 sunt,
2055 4105 2326 4168 quierunt,
2350 4110 2456 4149 non

895 4206 1017 4260 qua:
1041 4189 1170 4246 Jesu
1199 4188 1405 4246 Christi
1430 4200 1475 4244 ο.
1519 4208 1538 4240 ι
1572 4186 1648 4243 Ne
1668 4203 1798 4258 ergo
1821 4187 2004 4258 probri
2027 4185 2149 4241 loco
2173 4201 2273 4240 nos
2295 4204 2312 4235 ι
2339 4185 2457 4238 ani-

895 4281 1069 4343 males
1105 4300 1124 4333 l
1179 4282 1363 4337 dicant
1404 4290 1496 4336 aut
1538 4281 1690 4350 prius
1735 4279 2021 4334 memorati
2062 4278 2334 4343 homines,
2363 4286 2458 4331 aut

900 4378 961 4436 ᾖ(
998 4372 1164 4428 etiam
1191 4370 1432 4444 Phryges
1465 4390 1477 4425 :
1512 4371 1625 4440 jam
1657 4371 1801 4451 enim
1842 4370 1877 4429 ii
1911 4385 2128 4441 quoque
2158 4369 2280 4423 illos
2306 4411 2320 4434 ,
2355 4368 2448 4439 qui

895 4481 1051 4528 nova:
1080 4481 1190 4527 non
1216 4465 1507 4529 attendunt
1536 4462 1860 4533 prophetiae,
1893 4481 1910 4513 ι
1941 4461 2205 4517 animales
2227 4481 2245 4511 ι
2274 4461 2454 4531 appel-

895 4559 1051 4625 lant,
1086 4558 1350 4613 adversus
1373 4569 1515 4627 quos
1543 4553 1911 4616 disseremus,
1956 4567 2078 4606 cum
2112 4567 2335 4623 agemus
2386 4552 2454 4606 de

2568 749 2612 801 δ’
2662 754 2743 815 είς
2793 753 2947 806 τοῦτο
3000 755 3364 825 κατήργησεν,
3410 756 3485 818 ὡς
3528 757 3602 828 μὴ
3642 760 3733 812 τοῦ
3780 759 4144 829 διαφέροντος

2569 840 2831 895 ἅπτεσθαι
2858 841 3065 909 γένους,
3097 844 3193 914 οὐχ
3221 837 3363 897 οὗτοι
3388 846 3478 898 τὸν
3507 846 3733 902 θάνατον
3762 847 4148 920 ηταργοῦσιν

2567 933 2615 982 οἱ
2659 934 2936 1004 ἀντίμιμοι
2970 934 3063 986 τοῦ
3108 935 3468 1007 Δημιουργοῦ,
3501 939 3550 989 οἱ
3599 940 3696 1009 τῆς
3726 943 3789 993 ὲκ
3831 940 4142 1012 μεσότητος

2566 1021 2743 1092 ψυχῆς
2775 1026 2837 1092 τῇ
2864 1024 3100 1097 σφετέρᾳ
3133 1028 3302 1080 εἰκόνι
3341 1027 3690 1097 ἐμφυσῶντες
3729 1031 3827 1102 τὴν
3856 1031 3998 1103 ζωὴν
4030 1029 4145 1103 τὴν

2566 1113 2789 1179 ἄνωθεν,
2820 1115 2961 1167 κατὰ
2980 1116 3079 1188 τὴν
3112 1118 3204 1172 τοῦ
3227 1119 3491 1188 δόγματος
3515 1118 3723 1188 αἵρεσιν
3742 1137 3754 1149 ·
3785 1121 3885 1174 κᾶν
3917 1123 4005 1177 διὰ
4028 1122 4143 1192 τῆς

2570 1206 2771 1276 μητρὸς
2809 1204 2966 1258 τοῦτο
3013 1210 3324 1279 συμϐαίνειν
3356 1211 3604 1278 λέγωσιν,
3639 1211 3773 1264 ἀλλὰ
3806 1213 3905 1266 κᾶν
3939 1216 3990 1267 εί
4027 1217 4142 1269 σὺν

2565 1296 2781 1367 Χριστῷ
2804 1303 3328 1370 καταστρατεύεσθαι
3366 1303 3458 1357 τοῦ
3491 1303 3718 1356 θανάτου
3740 1302 3967 1370 λέγοιεν,
3988 1309 4140 1376 ὁμο-

2565 1387 2860 1457 λογούντων
2895 1389 2956 1441 τὸ
2989 1391 3164 1463 δόγμα
3203 1396 3265 1448 τὸ
3296 1396 3693 1466 κεκρυμμένον,
3724 1395 3800 1459 ὡς
3836 1396 3940 1465 τῆς
3971 1398 4141 1462 θείας

2564 1478 2658 1530 τοῦ
2699 1482 3035 1550 Δημιουργοῦ
3062 1486 3411 1556 κατατρέχειν
3440 1485 3675 1557 τολμῶσι
3695 1484 3992 1556 δυνάμεως,
4027 1486 4141 1555 τὴν

2567 1570 2737 1621 κτίσιν
2750 1568 2844 1638 τὴν
2859 1569 3043 1635 αὐτοῦ,
3061 1574 3134 1638 ὼς
3149 1577 3425 1647 κρείττους
3442 1575 3913 1647 ἐπανορθούμενοι,
3932 1574 4144 1643 πειρῶν

2567 1679 2715 1730 μενοι
2742 1659 2931 1723 σώζειν
2960 1664 3057 1735 τὴν
3084 1666 3317 1738 ψυχικὴν
3340 1668 3543 1733 εἰκόνα,
3577 1669 3642 1738 ἢν
3671 1667 3828 1731 αὐτὸς
3859 1665 4140 1739 ῥύσασθαι

2563 1754 2660 1823 τῆς
2699 1752 2900 1823 φθορᾶς
2944 1756 3004 1807 οὐ
3052 1758 3392 1827 κατίσχυσεν.
3442 1760 3537 1830 Εῐη
3570 1760 3615 1812 δ’
3640 1759 3705 1813 ἂν
3736 1760 3830 1813 καὶ
3866 1761 3895 1812 ὀ
3921 1756 4141 1829 Κύριος

2563 1842 2797 1913 ἀμείνων
2817 1843 2910 1896 τοῦ
2933 1845 3260 1919 δημιουργοῦ
3278 1848 3409 1901 Θεοῦ
3426 1866 3437 1876 ’
3469 1850 3530 1902 οὐ
3566 1851 3672 1919 γὰρ
3702 1849 3766 1903 ἄν
3790 1865 3921 1902 ποτε
3953 1850 3982 1900 ό
4010 1847 4140 1908 υίὸς

2564 1934 2642 2005 τῷ
2680 1938 2846 2006 πατρὶ
2889 1936 3325 2009 διαφιλονεικοίη,
3359 1941 3453 1993 καὶ
3491 1940 3661 1994 ταῦτα
3705 1943 3763 1992 ἐν
3798 1939 3960 2002 θεοῖς.
4001 1939 4137 1990 Ὅτι

2563 2025 2618 2076 δὲ
2651 2020 2802 2087 οὗτός
2834 2027 2980 2078 ἐστιν
3007 2030 3035 2081 ό
3065 2027 3158 2080 τοῦ
3192 2028 3304 2081 υἱοῦ
3338 2029 3542 2099 πατὴρ,
3574 2029 3602 2080 ό
3635 2024 3974 2096 Δημιουργδς
4015 2022 4139 2075 τῶν

2565 2113 2914 2183 συμπάντων,
2937 2119 2965 2169 ὁ
2988 2118 3375 2189 παντοκράτωρ
3398 2117 3618 2189 Κύριος,
3647 2119 3725 2179 εἰς
3754 2116 3973 2169 ἐκείνων
3997 2116 4136 2167 ἀνε-

2563 2200 2831 2272 ϐαλόμεθα
2882 2202 2977 2274 τὴν
3034 2206 3240 2274 σκέψιν,
3275 2206 3396 2260 καθ’
3449 2207 3515 2277 ἣν
3561 2207 3691 2277 πρὸ..
3746 2204 3845 2267 τὰς
3881 2202 4138 2273 αἱρέσεις

2563 2292 2912 2362 ὑπεσχήμεθα
2937 2294 3297 2361 διαλέξασθαι,
3324 2296 3511 2350 τοῦτον
3537 2294 3675 2352 εἶναι
3707 2297 3862 2367 μόνον
3884 2295 4138 2349 δεικνύν-

2561 2401 2650 2446 τες
2699 2383 2790 2436 τὸν
2843 2385 2932 2437 ὑπ’
2963 2386 3125 2439 αὐτοῦ
3169 2389 3593 2458 κεκηρυγμένον.
3656 2389 3792 2442 Ἀλλ’
3822 2390 3951 2460 ἡμῖν
3983 2405 4057 2456 γε
4102 2388 4136 2439 ὁ

2576 2475 2890 2539 Ἀπόστολος
2932 2479 3011 2541 εἰς
3048 2479 3145 2547 τὴν
3173 2477 3279 2531 τῶν
3304 2479 3530 2548 θλίψεων
3553 2480 3825 2551 ὑπομονὴν
3860 2481 4130 2552 γράφωνο

2567 2586 2585 2615 ι
2626 2565 2733 2616 Καὶ
2779 2565 2955 2629 τοῦτο,
2989 2568 3170 2637 φησιν,
3198 2568 3301 2620 ἀπὸ
3332 2569 3489 2632 Θεοῦ,
3512 2571 3593 2622 ὅτι
3623 2571 3750 2639 ὑμῖν
3773 2569 4036 2641 ἐχαρίσθη
4064 2569 4133 2621 τὸ

2562 2654 2698 2724 ὑπὲρ
2732 2655 2983 2725 Χριστοῦ,
3017 2658 3077 2709 οὑ
3108 2658 3260 2727 μόνον
3283 2659 3343 2711 τὸ
3366 2659 3446 2720 εἰς
3469 2658 3630 2712 αὑτὸν
3657 2660 3950 2722 πιστεύειν,
3982 2658 4133 2712 ἀλλὰ

2561 2745 2654 2796 καὶ
2681 2743 2740 2796 τὸ
2770 2745 2909 2815 ὑπὲρ
2940 2746 3100 2800 αὐτοῦ
3138 2749 3361 2818 πάσχειν
3380 2766 3392 2779 ο
3431 2750 3519 2801 τὸν
3557 2750 3715 2803 αὑτὸν
3740 2749 3923 2817 ἀγῶνα
3971 2748 4135 2819 έχον-

2560 2849 2669 2895 τες,
2688 2829 2797 2886 οἷον
2819 2834 2955 2887 ἴδετε
2980 2838 3036 2888 ἐν
3058 2837 3195 2905 ἐμοὶ,
3217 2837 3308 2889 καὶ
3333 2836 3426 2889 νῦν
3450 2837 3671 2891 ἀκούετε
3699 2839 3755 2890 ἐν
3772 2838 3909 2908 ἐμοί.
3942 2836 4013 2890 Εἴ
4036 2854 4131 2900 τις

2562 2921 2650 2977 οὖν
2664 2925 3003 2995 παράκλησις
3017 2930 3071 2980 ὲν
3086 2926 3321 2997 Χριστῷ,
3337 2927 3452 2980 εἴτι
3467 2926 3805 2998 παραμύθιον
3816 2927 3999 2999 ἀγάπη
4008 2945 4061 2992 ς,
4077 2926 4135 2981 εί

2561 3032 2645 3080 τις
2669 3017 2918 3069 κοινωνία
2939 3018 3257 3088 πνεύματος,
3278 3017 3460 3071 εῐτινα
3489 3019 3768 3088 σπλάγχνα
3792 3020 3886 3071 καὶ
3909 3020 4128 3090 οἰκτιρ-

2565 3106 2675 3174 μοί,
2698 3105 3018 3177 πληρώσατέ
3054 3125 3150 3177 μου
3181 3109 3276 3179 τὴν
3294 3110 3488 3179 χαρὰν,
3515 3110 3600 3162 ἵνα
3621 3109 3680 3161 τὸ
3701 3109 3831 3162 αὐτὸ
3863 3110 4129 3178 φρονῆτε,

2561 3196 2659 3267 τὴν
2691 3196 2858 3265 αὐτὴν
2888 3197 3101 3267 ἀγάπην
3130 3198 3356 3268 ἔχοντες,
3382 3198 3669 3269 σύμψυχοι,
3692 3199 3753 3251 τὸ
3778 3199 3835 3251 ἒν
3867 3200 4131 3269 φρονοῦν-

2561 3300 2668 3346 τες.
2707 3285 2768 3336 Εἰ
2796 3285 2852 3337 δὲ
2886 3284 3161 3339 σπένδεται
3186 3288 3279 3339 ἐπὶ
3300 3291 3364 3358 τῇ
3398 3288 3558 3358 θυσίᾳ
3590 3288 3681 3340 καὶ
3708 3291 3773 3357 τῇ
3810 3288 4130 3363 λειτουργίᾳ

2562 3373 2663 3443 τῆς
2686 3374 2915 3440 πίστεως
2932 3377 3130 3449 χαίρων
3152 3378 3244 3431 καὶ
3263 3378 3586 3449 συγχαίρων,
3616 3396 3635 3429 ι
3658 3378 3791 3450 πρὸς
3807 3377 3898 3441 οὓς
3913 3381 3941 3431 ὁ
3964 3379 4130 3449 λόγος

2562 3460 2640 3531 τῷ
2671 3463 2987 3535 Ἀποστόλῳν
3014 3466 3138 3527 τοὺς
3163 3465 3548 3535 Φιλιππτὶσίους
3579 3483 3598 3514 ⁴
3629 3464 3991 3534 συμμετόχθυς
4020 3465 4126 3535 τῆς

2564 3552 2780 3623 χάριτος
2802 3554 2908 3622 (85)
2946 3573 2962 3604 ι
2997 3554 3191 3619 καλῶν,
3219 3555 3333 3618 πῶς
3361 3557 3556 3616 αὐτοὺς
3581 3573 3599 3605 ‹
3632 3554 3943 3623 συμψύχους
3977 3573 3995 3604 ι
4025 3555 4127 3608 καὶ

2560 3642 2820 3713 ψυχικοῦς
2855 3644 2960 3713 {86)
2984 3642 3157 3712 λέγεις
3204 3646 3432 3715 Ὁμοίως
3458 3644 3551 3696 καὶ
3580 3645 3705 3714 περὶ
3734 3643 3992 3712 Τιμοθέου
4022 3646 4126 3698 καὶ

2561 3734 2751 3790 ἑαυτοῦ
2796 3735 3041 3805 γράφων,
3084 3757 3100 3784 ε
3180 3735 3368 3787 οὐδένα
3408 3734 3515 3804 γὰρ
3553 3734 3680 3804 ἔχω,
3715 3734 3898 3802 φησιν,
3935 3733 4126 3802 ἰσόψυ-

2560 3845 2673 3897 χον,
2701 3825 2847 3887 ὃστις
2877 3824 3111 3894 γνησίως
3163 3823 3232 3875 τὰ
3284 3823 3410 3893 περὶ
3474 3822 3627 3892 ὑμῶν
3670 3823 4029 3892 μεριμνήσειο
4071 3823 4123 3874 οἱ

2560 3921 2758 3980 πάντες
2784 3920 2891 3987 γὰρ
2915 3918 2982 3968 τὰ
3015 3915 3217 3968 ἑαυτῶν
3238 3913 3514 3985 ζητοῦσιν,
3547 3914 3607 3965 οὐ
3637 3913 3707 3964 τὰ
3751 3912 3923 3983 Ἰησοῦ
3975 3914 4122 3982 Χρι-

2560 4010 2683 4063 στοῦ
2737 4010 2866 4075 (87).
2913 4028 2930 4056 ι
2974 4007 3061 4076 Μὴ
3101 4006 3275 4057 τοίνυν
3328 4024 3346 4061 ι
3407 4004 3670 4074 ψυχικοὺς
3713 4024 3731 4053 ι
3772 4005 3829 4055 ὲν
3882 4003 4122 4066 ὀνείδους

2560 4101 2715 4173 μέρει
2777 4098 3040 4164 λεγόντων
3100 4097 3246 4165 ἡμᾶς
3299 4097 3346 4148 οἱ
3400 4092 3805 4165 προειρημένοι,
3854 4091 3987 4144 ἀλλὰ
4025 4094 4123 4145 καὶ

2556 4191 2606 4242 οί
2631 4189 2859 4261 Φρύγες·
2888 4185 2987 4255 ἤδη
3012 4183 3120 4255 γὰρ
3144 4186 3237 4237 καὶ
3264 4180 3407 4239 οὗτοι
3430 4187 3554 4247 τοὺς
3592 4185 3658 4255 τῇ
3691 4182 3788 4252 νέᾳ
3814 4185 4123 4253 προφητεία

2561 4280 2634 4351 μὴ
2658 4277 3020 4350 προσέχοντας
3055 4294 3072 4324 ι
3110 4274 3368 4344 ψυχικοὺς
3410 4293 3428 4324 ι
3464 4272 3745 4338 καλοῦσιν,
3775 4272 3908 4342 πρὸς
3938 4271 4032 4335 οὓς
4061 4275 4123 4325 ὲν

2556 4374 2667 4433 τοῖς
2704 4390 2720 4419 ι
2754 4369 2887 4439 Περὶ
2910 4366 3241 4436 προφητείας
3282 4386 3299 4415 l
3330 4361 3700 4432 διαλεξόμεθα.
3746 4363 3985 4431 Ἀγὰπην
4023 4360 4122 4416 οὖν

2557 4462 2744 4517 ἀσκεῖν
2777 4460 2865 4513 τὸν
2898 4457 3097 4510 τέλειον
3131 4457 3235 4527 χρὴ
3255 4498 3269 4521 ,
3301 4452 3555 4508 κάνθένδε
3588 4452 3680 4504 ἐπὶ
3716 4452 3812 4522 τὴν
3847 4451 3994 4504 θείαν
4028 4469 4120 4519 ςι-

2557 4553 2677 4606 λίαν
2707 4549 2974 4611 σπεύδειν,
2997 4549 3064 4600 δι’
3086 4549 3303 4615 ἀγάπην
3330 4541 3648 4596 ὲκτελοῦντα
3672 4540 3769 4604 τὰς
3789 4540 4020 4603 ἐντολάς.
4047 4543 4123 4594 Τὸ

894 4648 1199 4719 prophetia.
1256 4645 1394 4701 Eum
1430 4660 1592 4715 ergo,
1630 4644 1725 4715 qui
1762 4652 1843 4698 est
1876 4641 2184 4713 perlectus,
2238 4653 2450 4711 oportet
2482 4649 2524 4701 D
2551 4643 2657 4695 δὲᾱ

2355 4653 2450 4696 rtet
2482 4649 2524 4701 D
2551 4643 2606 4695 δὲ
2634 4642 2850 4710 ἀγαπᾷν
2874 4641 2999 4703 τοὺς
3023 4638 3250 4710 ἐχθροὺς
3277 4637 3376 4688 οὐκ
3406 4634 3623 4703 ἀγαπᾷν
3658 4634 3719 4685 τὸ
3755 4634 3918 4688 κακὸν
3950 4633 4118 4701 λέγει,

895 4753 1149 4794 exercere
1179 4735 1501 4803 charitatem
1521 4774 1538 4800 ,
1574 4745 1629 4790 et
1665 4735 1795 4790 hine
1834 4736 1905 4789 ad
1936 4732 2029 4787 Dei
2063 4734 2284 4787 tendere
2313 4733 2453 4786 ami-

896 4831 1114 4895 citiam,
1155 4843 1253 4900 per
1287 4827 1609 4884 cbaritatem
1662 4827 1780 4896 ejus
1829 4827 2083 4881 mandata
2131 4839 2451 4894 exsequens.

894 4923 1033 4976 Cum
1087 4934 1215 4976 vero
1257 4918 1413 4990 jubet
1460 4916 1685 4987 diligere
1738 4916 2021 4983 inimicos,
2074 4931 2182 4971 non
2235 4916 2458 4985 diligere

895 5012 1115 5081 quidem
1171 5011 1376 5066 malum
1418 5009 1697 5078 iubemur,
1753 5024 1925 5076 neque
1964 5010 2333 5079 impietatem,
2374 5006 2456 5061 vel

897 5102 1253 5167 adulterium,
1294 5102 1380 5157 vel
1419 5100 1667 5166 furtum;
1711 5097 1805 5158 sed
1845 5097 2053 5166 furem,
2094 5108 2148 5156 et
2184 5099 2453 5169 impium,

894 5203 949 5250 et
989 5192 1330 5260 adulterum,
1380 5206 1488 5246 non
1534 5191 1757 5262 quidem
1806 5199 2075 5259 quatenus
2126 5201 2346 5263 peccat,
2402 5200 2457 5245 et

2557 4733 2676 4787 οὐδὲ
2706 4732 2973 4795 ἀσέϐειαν,
3006 4733 3038 4803 ἢ
3074 4727 3337 4800 μοιχείαν,
3358 4726 3393 4795 ἢ
3423 4724 3663 4792 κλοπὴν,
3704 4724 3837 4777 ἀλλὰ
3865 4725 3956 4777 τὸν
3991 4724 4122 4777 κλέ-

2559 4841 2717 4895 πτην,
2757 4825 2849 4877 καὶ
2876 4824 2965 4877 τὸν
2990 4821 3183 4890 ἀσεὸἧ,
3219 4820 3312 4871 καὶ
3330 4816 3421 4868 τὸν
3448 4815 3652 4887 μοιχὸν,
3690 4816 3750 4870 οὐ
3776 4815 3908 4869 καθὸ
3942 4816 4123 4885 ἀμαρ-

2558 4915 2727 4977 τάνει,
2760 4918 2853 4968 καὶ
2877 4918 2945 4985 τῇ
2976 4916 3104 4983 ποιᾷ
3130 4907 3379 4981 ἐνεργείᾳ
3431 4906 3643 4976 μολύνει
3688 4908 3785 4978 τὴν
3830 4906 4118 4977 ἀνθρώπου

2560 5007 2946 5078 προσηγορίαν,
2999 5004 3118 5058 καθ’
3147 5003 3176 5053 ὃ
3213 5001 3273 5053 δὲ
3303 4999 3582 5071 ἄνθρωπός
3623 5002 3739 5053 ἐστι
3763 5039 3777 5063 ,
3823 5000 3917 5051 καὶ
3960 4997 4120 5068 ἔργον

2560 5098 2710 5154 Θεοῦ.
2776 5098 2989 5169 Ἀμέλει
3030 5096 3090 5147 τὸ
3134 5091 3461 5164 ἁμαρτάνειν
3502 5091 3748 5163 ἐνεργείᾳ
3775 5093 3981 5151 κεῖται,
4020 5086 4120 5136 οὐκ

2561 5192 2730 5263 οὐσίᾳ·
2778 5193 2857 5245 διὸ
2899 5190 3019 5244 οὐδὲ
3068 5186 3224 5257 ἔργον
3266 5185 3418 5239 Θεοῦ.
3460 5185 3674 5256 Ἐχθροὶ
3712 5183 3769 5236 δὲ
3797 5184 3847 5238 οἱ
3876 5177 4118 5251 ἀμαρτά-

969 5337 1029 5396 ιῃ
1067 5330 1128 5385 ρ.
1155 5328 1262 5386 605
1299 5327 1406 5385 ΕΙ).
1447 5325 1739 5393 rerum,
1764 5327 1863 5383 5H
1905 5326 2011 5387 El).
2049 5325 2268 5382 mus.
2348 5338 2372 5367 ι
2406 5324 2598 5396 Philip.
2644 5330 2732 5396 ne

2349 5338 2372 5367 ι
2406 5324 2598 5396 Philip.
2644 5346 2682 5396 ι,
2715 5330 2804 5395 29,
2834 5328 2938 5393 30;
2966 5342 3023 5392 ιι,
3060 5323 3178 5390 L2,
3212 5324 3292 5378 l7.
3368 5322 3613 5393 bPhilip.
3647 5339 3687 5384 ι.
3718 5322 3771 5375 7.
3854 5330 3873 5357 ε
3915 5312 4112 5379 Pliilir-

897 5419 962 5469 ll,
994 5402 1089 5468 ευ,
1115 5401 1205 5456 21.

1014 5538 1199 5602 ltuale,
1233 5538 1377 5606 quod
1428 5538 1668 5593 haeretici
1725 5538 2083 5599 allirmabant,
2115 5553 2146 5591 e
2208 5537 2350 5593 coelo
2392 5536 2458 5590 ad
2562 5537 2728 5607 priori
2759 5534 2827 5588 ab
2855 5531 3379 5607 auctoreinlertur;
3411 5543 3537 5607 nam
3563 5526 3724 5607 ⁸σύμψ

3699 5524 3844 5591 ιιυχοι
3866 5528 3989 5591 esse
4022 5527 4116 5591 ξιο-

896 5556 926 5597 ιι
962 5553 1199 5602 ιτιιυειθ,
1233 5553 1377 5606 quoa
1431 5553 1668 5593 mel-eum
1725 5553 2083 5599 aulrmaoant,
2115 5553 2146 5591 e
2208 5553 2350 5593 callo
2392 5553 2458 5590 au
2562 5553 2728 5607 pI‘IOI'I
2759 5553 2827 5588 an
2855 5553 3075 5586 aucwre
3104 5553 3332 5589 ιιιιεηω·
3365 5553 3379 5586 ε
3411 5553 3537 5584 natu
3574 5553 3844 5597 συμψυιυθ
3866 5553 3989 5595 fw"
4022 5553 4081 5610 γκ

896 5555 1219 5665 aﬁolendam
1252 5617 1483 5670 mortem
1518 5608 1901 5665 descendisse:
1928 5617 1988 5665 ut
2020 5608 2179 5676 paulo
2209 5607 2459 5676 superius
2562 5613 2787 5678 queunt,
2825 5603 2915 5671 qui
2938 5615 3060 5678 _l_lon
3089 5601 3289 5678 habent
3315 5602 3413 5674 τὴν
3437 5599 3637 5678 ψυχήν,
3672 5611 3734 5648 ac
3754 5582 3987 5678 ιξξίξξξξξῖξ
4005 5596 4115 5678 Si:

896 5680 1035 5735 dixit
1063 5686 1270 5733 auctor.

968 5750 1079 5817 (85)
1099 5747 1513 5817 Συμμετόχους
1530 5747 1638 5815 τῆς
1654 5745 1918 5817 χάριτος,
1935 5745 2171 5815 Respicit
2198 5744 2392 5817 Philip.
2416 5761 2455 5808 ι,

899 5819 951 5880 7,
977 5814 1069 5875 ubi
1102 5814 1393 5942 Agwostolus
1420 5817 1495 5869 ait
1524 5814 1955 5886 ςΣυγκοινωνούς
1982 5814 2079 5886 μου
2109 5819 2206 5885 τῆς
2241 5814 2452 5883 χάριτος

902 5892 1105 5942 πάντας
1169 5889 1271 5942 μᾶς
1304 5886 1482 5942 ὄντας.

902 5892 1105 5951 πάντας
1132 5886 1163 5942 6
1168 5889 1271 5957 μᾶς
1304 5886 1458 5948 ὄντας
1469 5925 1482 5938 .

975 5958 1085 6028 (86)
1111 5955 1471 6029 Σίνιιψιύχοιις
1510 5956 1599 6008 mi
1644 5959 1949 6025 grex/meq.
1989 5955 2097 6011 Vm
2131 5958 2393 6028 postulet
2423 5974 2453 6010 at

2564 5652 2914 5753 Ξῖὶοῗξυῆιζ
3087 5652 3477 5743 ίρέἷιωῷυχῖκοί
3516 5652 3582 5724 in.
3606 5652 3708 5719 hac
3748 5652 3977 5725 epistola
4002 5665 4111 5717 non

2880 5814 3072 5883 Ἰησοῦ
3110 5811 3386 5883 Χριστοῦ.
3411 5810 3490 5863 Τὰ
3519 5804 3612 5860 τοῦ
3643 5792 3873 5868 Χριστοῦ
3917 5789 4110 5864 Ἰησοῦ,

2622 5902 2655 5939 ΙΙ
2685 5900 2753 5941 ΙΙ),

2622 5900 2753 5953 lltlp.
