4464 6612
362 516 493 570 ιῑει

1615 508 2046 566 STROMATUM
2080 507 2207 565 LIB.
2246 509 2335 565 Ν.

3450 503 3591 559 15119.

360 649 541 696 νοντες
573 631 816 703 εἴρηνται
843 629 999 695 Θεοῦ,
1020 631 1069 684 οἱ
1101 631 1283 704 ἐχθροὶ
1308 631 1373 703 δὴ
1406 631 1514 685 τῶν
1551 629 1809 693 ἐντολῶν,
1840 624 1928 693 αἶς
1954 635 2002 692 Α
2031 648 2123 702 qu:

1840 624 1928 693 αἶς
1954 635 2002 692 Α
2031 632 2269 702 quadam
2310 629 2524 685 actione
2563 629 2805 682 humano
2841 625 3050 681 nomini
3106 624 3339 680 dedecus
3392 622 3586 684 infert,

362 724 496 797 μηδὲ
528 722 892 791 ὑπακηκόασι,
920 724 1199 795 γενόμενοι
1225 724 1415 796 ὥσπερ
1442 722 1585 793 φίλοι
1618 723 1668 774 οἱ
1704 723 1921 793 ὑπακη-

359 817 564 879 κοθτεςν
589 818 636 868 οξ
666 816 764 885 μὲν
789 816 875 870 διὰ
902 819 998 891 τὴν
1025 820 1317 882 οἰκείωσιν,
1349 820 1398 871 οἱ
1429 815 1486 869 δὲ
1511 813 1601 867 διὰ
1625 814 1724 884 τὴν
1751 814 1927 868 άπαλο

356 909 638 978 λοτρίωσιν
678 907 777 978 τὴν
824 911 888 963 ὲκ
941 911 1311 982 προαιρέσεως
1372 905 1919 977 προσαγορευθέντες

352 1000 510 1081 θεαθὲν
554 996 663 1069 γάρ
694 1000 726 1071 ὴ
757 999 923 1073 ἔχθρα
959 1002 1065 1056 οὐδ’
1094 1003 1128 1073 ἠ
1167 999 1412 1072 ἁμαρτία
1447 997 1576 1051 ἄνευ
1607 995 1700 1049 τοῦ
1729 996 1922 1069 ἐχθροῦ

357 1087 558 1145 καὶτοῦ
584 1090 1004 1161 ἁμαρτάνοντος
1033 1094 1127 1147 καὶ
1147 1112 1164 1143 ι
1188 1092 1249 1145 τὸ
1284 1086 1508 1160 μηδενὸς
1537 1086 1824 1157 ἐπιθυμεῖν
1843 1129 1857 1152 ,
1899 1110 1917 1141 ι

357 1180 455 1250 οὐχ
484 1179 561 1243 ὡς
592 1179 882 1253 ἀλλοτρίων
901 1183 1010 1237 τῶν
1035 1177 1384 1251 ὲπιθυμητῶν
1404 1175 1600 1240 ὄντων,
1649 1176 1814 1230 πόθον
1850 1180 1921 1250 μὴ

358 1272 500 1341 ἔχειν
531 1271 790 1338 διδάσκει,
815 1273 1066 1344 καθάπερ
1093 1269 1455 1338 ὑπειλήφασιν
1485 1268 1535 1320 οἱ
1560 1267 1652 1320 τὸν
1685 1267 1923 1339 Κτίστην

358 1359 516 1415 ἄλλον
545 1356 683 1416 εἷναι
723 1363 877 1435 παρὰ
913 1365 1004 1418 τὸν
1051 1361 1266 1433 πρῶτον
1311 1357 1442 1411 Θεὸν
1488 1356 1917 1428 δογματίξοντες

357 1450 469 1503 οὗθ’
498 1452 574 1516 ὡς
599 1453 993 1525 ἐϐδελυγμένης
1020 1452 1113 1506 καὶ
1139 1449 1314 1518 κακῆς
1341 1446 1507 1519 οὔσης
1536 1449 1636 1519 τῆς
1663 1449 1922 1516 γενέσεως

361 1537 525 1608 (ἄθεοι
558 1540 666 1610 γὰρ
713 1542 770 1593 αἱ
811 1541 955 1605 δόξαι
984 1533 1184 1607 αὗται)⁶
1237 1555 1257 1586 ι
1294 1536 1545 1608 ἀλλότρια
1584 1558 1601 1587 ι
1653 1539 1711 1592 δὲ
1763 1542 1924 1610 ἡμεῖς

359 1646 539 1699 φαμεν
566 1631 633 1683 τὰ
655 1631 746 1683 τοῦ
773 1631 996 1700 κόσμου,
1026 1629 1122 1697 οὐχ
1137 1627 1213 1690 ὡς
1239 1627 1434 1690 ἄτοπα,
1456 1629 1565 1681 οὐδ’
1587 1630 1663 1693 ὼς
1695 1632 1813 1702 οὐχ).
1829 1631 1922 1684 τοῦ

359 1719 490 1772 Θεοῦ
523 1720 613 1773 τοῦ
638 1721 852 1774 πάντων
885 1720 1111 1788 Κυρίου,
1143 1717 1257 1771 ἀλλ’
1292 1720 1477 1792 ἐπειδὴ
1514 1723 1586 1793 μὴ
1618 1725 1920 1794 καταμένο-

362 1827 461 1880 μεν
494 1812 553 1864 ὲν
584 1812 766 1874 αὐτοῖς
802 1810 891 1862 τὸν
925 1809 1100 1862 πάντα
1134 1809 1331 1863 αἰῶνα·
1369 1813 1556 1881 κτήσει
1599 1814 1726 1866 ὄντα
1768 1814 1922 1867 ἀλλό-

357 1918 517 1971 τρια,
546 1904 639 1955 καὶ
676 1904 782 1955 τῶν
810 1900 952 1956 κατὰ
980 1900 1229 1973 διαδοχὴν
1261 1902 1591 1972 ύπάρχοντω
1638 1906 1827 1975 χρήσει
1866 1906 1921 1958 δὲ

358 1992 585 2046 ἑκάστου
636 1994 791 2065 ἡμῶν
838 1993 967 2056 ἴδια,
1001 1992 1068 2045 δι’
1100 1991 1193 2055 οὓς
1225 1992 1318 2044 καὶ
1365 1991 1596 2059 ἐγένετο·
1652 1995 1787 2066 πλὴν
1834 1997 1919 2065 ἐφ’
1954 1975 1995 2031 Β

357 2083 479 2135 ὅσον
514 2085 622 2155 (88)
655 2103 716 2153 γε
763 2085 945 2146 αὐτοῖς
984 2084 1277 2151 ἀναγκαῖον
1330 2088 1713 2155 συμπαρεῖναι.
1766 2088 1921 2141 Κατὰ

359 2174 591 2243 φυσικὴν
634 2174 810 2226 τοίνυν
850 2172 1030 2243 ὄρεξιν
1062 2174 1326 2245 χρηστέον
1374 2177 1485 2238 τοῖς
1528 2176 1922 2248 κεκωλυμένοις

359 2258 559 2324 καλῶς,
588 2262 765 2314 πᾶσαν
789 2262 1205 2332 ύπερέκπτωσιν
1234 2264 1326 2316 καὶ
1344 2265 1687 2335 συμπάθειαν
1722 2283 1917 2337 παραι-

2025 724 2118 779 sed
2152 734 2419 794 quatenus
2469 728 2552 775 est
2598 719 2762 777 homo
2788 726 2844 772 et
2869 735 3007 788 opus
3038 717 3152 772 Dei.
3182 715 3412 771 Poccare
3445 725 3591 769 certe

2025 815 2167 869 inter
2189 815 2430 870 actiones
2455 810 2701 883 ponitur,
2720 826 2827 863 non
2848 809 2987 863 inter
3009 807 3368 871 substantias,
3391 821 3583 875 quain-

2033 907 2218 961 obrem
2280 921 2380 960 nec
2437 903 2531 957 Dei
2560 910 2644 957 est
2679 917 2835 971 Opus.
2876 900 2972 955 Dei
2998 909 3176 954 autem
3213 898 3424 953 inimici
3457 896 3589 952 dicti

2025 1011 2153 1057 sunt
2173 1008 2509 1071 peccatores,
2534 996 2625 1065 qui
2648 1005 2774 1049 sunt
2793 994 2998 1048 inimici
3023 994 3406 1047 mandatorum
3426 1030 3444 1055 ,
3468 989 3587 1060 qui-

2024 1092 2128 1146 bus
2146 1105 2254 1144 non
2277 1090 2557 1150 obediunt,
2576 1086 2721 1139 sicut
2750 1084 2909 1139 amici
2934 1092 3078 1147 sunt,
3097 1084 3188 1152 qui
3207 1083 3497 1148 obediunt;
3533 1081 3588 1135 hi

2023 1182 2242 1250 quidem
2262 1188 2479 1249 propter
2496 1175 2957 1244 conjunctionem,
2977 1173 3053 1228 illi
3080 1187 3209 1227 vero
3234 1182 3446 1241 propter
3465 1171 3593 1226 alie-

2022 1273 2321 1336 nationem,
2339 1286 2405 1324 ex
2438 1271 2611 1323 libero
2632 1266 2796 1321 animi
2820 1267 3040 1321 arbitrio
3063 1264 3382 1336 profectam,
3408 1264 3591 1333 appel-

2023 1363 2139 1416 lati.
2159 1362 2303 1416 Nihil
2320 1364 2462 1416 enim
2489 1372 2617 1416 sunt
2633 1359 2929 1413 inimicitiae
2946 1374 3119 1428 neque
3145 1364 3450 1429 peccatum,
3469 1355 3593 1410 abs-

2023 1466 2132 1521 que
2160 1453 2383 1505 inimico
2432 1460 2488 1505 et
2517 1459 2825 1521 peccatore.
2859 1447 2993 1503 Illud
3021 1456 3197 1502 antem
3227 1455 3589 1517 prmceptum,

2023 1559 2135 1613 quo
2180 1543 2437 1611 jubemur
2467 1562 2486 1593 ‹
2516 1543 2592 1597 nil
2640 1540 3030 1610 concupiscere
3050 1580 3064 1602 ,
3092 1559 3111 1590 ι
3139 1553 3247 1592 ηοη
3296 1546 3447 1592 vetat
3488 1550 3592 1591 nos

2023 1633 2393 1704 qualicunque
2439 1633 2707 1686 desiderio
2761 1630 2931 1694 afﬁci,
2985 1646 3048 1683 ac
3089 1628 3135 1683 si
3184 1628 3360 1681 aliena
3406 1633 3592 1681 essent

2023 1738 2363 1795 quaecumque
2391 1730 2519 1775 sunt
2550 1721 2927 1774 desiderabilia
2951 1761 2964 1783 ,
2997 1729 3055 1773 ut
3082 1719 3463 1773 existimarunt
3490 1717 3588 1785 qui

2024 1815 2343 1870 Creatorem
2386 1813 2552 1865 alium
2590 1825 2710 1865 esse
2741 1825 2770 1862 a
2807 1810 2982 1878 primo
3025 1809 3130 1862 Deo
3170 1816 3452 1872 statuunt;
3489 1822 3588 1860 ne-

2023 1921 2129 1976 que
2157 1914 2415 1974 tanquam
2446 1902 2562 1972 ipsa
2593 1903 2869 1973 generatio
2900 1902 2969 1954 sit
2998 1899 3141 1952 maia
3175 1907 3228 1952 et
3256 1898 3588 1952 exsecranda

2027 2003 2197 2069 (sunt
2222 1996 2368 2051 enim
2401 1996 2580 2064 impiae
2610 1993 2924 2063 hujusmodi
2958 1988 3285 2061 opiniones)
3314 2006 3330 2054 ;
3367 1988 3461 2042 sed
3493 2001 3594 2041 nos

2024 2104 2111 2142 res
2138 2088 2302 2157 hujus
2329 2085 2515 2139 mundi
2544 2105 2562 2134 ί
2592 2084 2797 2138 alienas
2821 2102 2838 2133 ι
2870 2098 2991 2137 esse
3015 2082 3248 2137 dicimus
3267 2121 3282 2148 ,
3312 2095 3418 2134 non
3446 2078 3592 2150 quod

2028 2179 2139 2232 sint
2190 2176 2440 2232 absurdae
2485 2190 2549 2229 ac
2596 2185 2818 2243 turpes,
2856 2185 2948 2226 aut
2976 2173 3120 2243 quod
3163 2174 3229 2226 ad
3272 2172 3438 2226 lleum
3480 2169 3590 2225 Do-

2025 2269 2232 2323 minum
2263 2268 2642 2321 universorum
2685 2280 2792 2318 non
2826 2266 3166 2331 pertineant,
3199 2265 3292 2319 sed
3323 2263 3590 2335 quoniam

358 2366 447 2401 του
456 2350 667 2418 μένους.
2021 2361 2075 2414 in
2118 2386 2121 2410 l

2021 2361 2075 2414 in
2118 2360 2195 2415 eis
2236 2376 2342 2413 non
2379 2372 2763 2427 pcrmancmus
2804 2357 2858 2410 in
2899 2371 3061 2410 omne
3111 2357 3404 2419 saeculum,
3465 2369 3590 2409 cum

357 2442 534 2506 quoad
577 2443 979 2510 possessionem
1018 2444 1128 2498 sint
1166 2444 1374 2506 aliena,
1408 2454 1463 2500 et
1490 2448 1902 2503 successoribus
1941 2452 2140 2505 nostris
2169 2449 2650 2519 tradenda,qnoad
2702 2464 2858 2503 usum
2910 2463 3039 2502 vero
3083 2447 3192 2501 sint
3234 2447 3588 2517 uniuscujus-

358 2549 464 2603 que
491 2542 738 2589 nostrum
762 2537 1006 2605 propria,
1035 2546 1255 2606 propter
1288 2553 1428 2606 quos
1460 2540 1622 2593 etiam
1654 2539 1795 2596 facta
1823 2550 1978 2608 sunt;
2032 2544 2122 2598 scd
2152 2552 2332 2597 tamen
2360 2551 2585 2596 eatenus
2603 2582 2617 2605 ,
2656 2550 2922 2611 quatenus
2950 2556 3053 2594 una
3082 2556 3204 2595 cum
3235 2541 3314 2596 eis
3342 2556 3462 2595 esse
3490 2555 3592 2595 no"

360 2625 444 2679 bis
477 2641 697 2681 necesse
720 2635 825 2681 est.
859 2626 1028 2696 Igitur
1069 2627 1455 2682 convenienter
1509 2631 1743 2683 naturali
1809 2632 2117 2701 appetitioni
2181 2640 2327 2684 recte
2373 2632 2628 2684 utendum
2683 2640 2765 2685 est
2810 2630 2908 2697 iis,
2951 2646 3071 2700 qua:
3112 2645 3240 2686 sunt
3280 2634 3586 2705 prohibita,

359 2728 612 2774 carentes
663 2734 729 2773 ne
776 2718 998 2774 modum
1044 2720 1406 2784 excedamus,
1449 2727 1500 2773 et
1539 2735 1703 2789 supra
1743 2738 1904 2792 quam
1932 2739 2026 2792 par
2055 2731 2134 2776 est
2165 2723 2218 2776 in
2252 2739 2312 2777 ea
2344 2720 2660 2777 atﬁciamiir.

1767 2871 1994 2927 CAPUT
2036 2873 2175 2927 XIV.

1393 2984 1470 3038 De
1500 2985 1782 3047 dilectione
1815 2987 2068 3047 omnium,
2108 2987 2267 3039 etiam
2301 2987 2649 3041 inimicorum.

433 3100 569 3170 νοση
600 3101 692 3153 καὶ
733 3100 1069 3170 χρηστότηςξ
1112 3078 1146 3152 ἐ
1205 3102 1475 3170 Ἀγαπᾶτε
1524 3101 1649 3165 τοὺς
1701 3102 1926 3173 ἐχθροὺς
1994 3096 1999 3101 ”

362 3190 533 3259 ὑμῶν,
602 3210 620 3242 ι
677 3190 841 3258 λέγει·
910 3211 927 3242 ι
996 3192 1263 3260 εὐλογεῖτε
1315 3194 1442 3255 τοὺς
1501 3194 1925 3263 καταρωμένους

364 3282 507 3351 ὑμᾶς
531 3281 661 3350 (89)’
697 3284 790 3335 καὶ
814 3283 1179 3353 προσεύχεσθε
1205 3284 1343 3355 ὑπὲρ
1368 3282 1475 3335 τῶν
1515 3283 1923 3354 ἐπηρεαζόντων

2101 3100 2268 3158 Porro
2305 3112 2484 3158 autem
2511 3112 2715 3173 quanta
2751 3110 2836 3158 est
2874 3102 3035 3157 etiam
3072 3102 3414 3172 benignitas?
3445 3121 3464 3154 ι
3494 3101 3589 3156 Di—

2039 3193 2187 3262 ligite
2202 3231 2218 3257 ,
2238 3194 2475 3266 linquit,
2492 3218 2510 3250 ‹
2530 3195 3022 3254 inimicosvestros.
3041 3197 3355 3258 Benedicite
3380 3202 3450 3257 iis
3489 3198 3583 3268 Qui

2029 3300 2129 3339 vos
2159 3296 2533 3350 exsecrantur,
2561 3295 2615 3339 ct
2642 3294 2794 3341 orate
2820 3300 2921 3356 pro
2952 3287 3034 3343 eis
3053 3329 3069 3355 ,
3101 3288 3194 3358 qui
3223 3302 3320 3343 vos
3347 3288 3591 3343 adiciunt

363 3373 524 3442 ὑμῖν,
565 3392 583 3423 ι
627 3375 721 3426 καὶ
757 3374 825 3426 τὰ
852 3377 1034 3445 ὅμοια·
1075 3371 1153 3438 οἷς
1207 3375 1579 3445 προστίθησιν·
1620 3395 1638 3426 ‹
1677 3377 1795 3428 Ἵνα
1833 3375 1925 3443 γέ-
1950 3409 1994 3468 C
2030 3392 2126 3431 con

1833 3375 1925 3443 γέ-
1950 3409 1994 3468 C
2030 3378 2374 3468 contumeliis
2395 3390 2445 3443 ιι,
2469 3398 2487 3428 ι
2508 3388 2564 3432 et
2590 3379 2806 3436 similia.
2849 3378 3062 3446 Quibus
3083 3381 3271 3450 adjicit
3294 3401 3305 3435 :
3332 3401 3350 3432 ‹
3374 3379 3445 3436 Ut
3469 3382 3590 3436 sitis

362 3465 525 3534 νησθε
554 3467 658 3519 υἱοὶ
683 3467 775 3520 τοῦ
805 3468 1017 3540 Πατρὸς
1042 3467 1193 3539 ὑμῶν
1225 3466 1313 3521 τοῦ
1352 3469 1408 3519 ὲν
1448 3469 1562 3530 τοῖς
1591 3467 1855 3538 ούρανοῖςο
1899 3485 1917 3517 ι

363 3556 461 3624 τὴν
492 3556 807 3626 ἐξομοίωσιν
836 3560 933 3630 τὴν
961 3560 1096 3630 πρὸς
1141 3559 1274 3612 Θεὸν
1321 3558 1710 3629 αἰνισσόμενος.
1755 3557 1923 3610 Πάλιν

363 3644 407 3698 δ’
441 3643 505 3700 αὖ
538 3665 719 3718 φησιν·
767 3671 785 3701 ‹
831 3650 968 3704 Ἵσθι
998 3650 1194 3703 εὐνοῶν
1227 3649 1304 3720 τῷ
1345 3650 1599 3721 ἀντιδίκῳ
1632 3667 1724 3703 σου
1765 3650 1921 3720 ταχὺ,

364 3737 468 3802 ἕως
495 3738 615 3791 ὅτου
641 3736 691 3793 εἷ
732 3742 789 3792 ὲν
821 3744 887 3812 τῇ
918 3741 1020 3813 ὁδῷ
1065 3743 1180 3812 μετ’
1214 3740 1398 3794 αὐτοῦ.
1460 3741 1747 3804 Ἀντξδικος
1802 3760 1819 3791 ο
1869 3740 1925 3794 δὲ

364 3832 425 3883 ού
444 3830 505 3883 τὸ
540 3830 717 3901 σῶμα,
745 3831 820 3896 ὥς
845 3850 985 3897 τινες
1030 3832 1325 3903 βούλονται,
1356 3832 1468 3886 ἀλλ’
1501 3835 1528 3886 ὀ
1559 3833 1799 3896 διάϐολος
1832 3834 1925 3887 καὶ

365 3922 414 3971 οἱ
446 3920 618 3989 τούτῳ
670 3920 1103 3991 ὲξομοιούμενοι,
1139 3923 1168 3974 6
1202 3942 1220 3973 ‹
1261 3922 1554 3976 συνοδεύων
1612 3944 1628 3974 ι
1687 3925 1817 3995 ἡμῖν
1859 3925 1925 3977 δι’

364 4008 665 4080 ἀνθρώπων
690 4011 797 4064 τῶν
827 4011 1125 4082 ζηλούντων
1154 4013 1222 4066 τὰ
1251 4012 1387 4085 ἔργα
1422 4014 1588 4067 αὐτοῦ
1619 4017 1675 4069 ἐν
1702 4014 1777 4085 τῷ
1802 4018 1919 4068 ἐπι-

364 4102 497 4171 γείῳ
524 4100 658 4173 τῷδε
686 4102 800 4175 βίῳ.
821 4102 935 4175 Οὐχ
968 4100 1076 4157 οἷόν
1105 4122 1163 4157 τε
1189 4099 1280 4159 οὖν
1301 4107 1373 4178 μὴ
1396 4107 1589 4161 παθεῖν
1606 4108 1675 4160 τὰ
1708 4107 1930 4178 ἔχθιστα

364 4194 490 4254 τοὺς
514 4192 902 4262 ὁμολογοῦντας
931 4196 1029 4267 μὲν
1061 4199 1283 4262 ἑαυτοὺς
1322 4194 1459 4252 εἶναι
1508 4202 1620 4263 τοῖς
1658 4199 1747 4252 τοῦ
1787 4200 1921 4279 Χρι-

368 4282 491 4336 στοῦ
514 4283 644 4357 (90),
668 4288 725 4339 ὲν
751 4288 807 4340 δὲ
831 4290 944 4351 τοῖς
975 4288 1067 4341 τοῦ
1096 4288 1339 4344 διαϐόλου
1359 4292 1813 4362 καταγινομένους
1842 4290 1929 4362 ἕρ-

366 4394 501 4445 γοις·
555 4379 859 4449 γέγραπται
915 4381 1042 4450 γάρ’
1090 4400 1108 4432 ι
1166 4382 1255 4453 Μή
1315 4400 1444 4453 ποτε
1508 4382 1732 4456 παραδῷ
1770 4381 1929 4452 σετῴ

368 4474 547 4541 κριτῇ,
590 4492 607 4521 ι
639 4474 668 4524 ὁ
698 4473 887 4545 κριτὴς
917 4473 973 4526 δὲ
999 4472 1107 4544 (91)
1132 4473 1207 4545 τῷ
1238 4476 1481 4546 ὑπηρέτῃ
1515 4475 1613 4543 τῆς
1644 4473 1816 4545 ἀρχῆς
1837 4473 1928 4525 τοῦ

366 4560 631 4616 διαϐόλου.
673 4583 691 4613 ι
742 4564 1048 4637 Πὲπεισμαι
1078 4565 1206 4637 γάρ,
1237 4567 1318 4620 ὅτι
1361 4566 1487 4619 οὔτε
1532 4565 1789 4630 θάνατος,
1839 4582 1857 4615 ι
1902 4566 1932 4616 ό

366 4658 486 4708 κατ’
515 4658 778 4728 ἐπιφορὰν
809 4659 917 4711 τῶν
946 4659 1265 4712 διωκόντων·
1304 4679 1322 4709 ι
1356 4659 1477 4712 οὔτε
1505 4658 1637 4729 ζωὴ,
1673 4677 1691 4709 ι
1728 4660 1760 4727 ἡ
1790 4658 1930 4711 κατὰ

2026 3467 2232 3523 similes
2272 3468 2451 3523 Patris
2496 3471 2698 3534 vestri,
2737 3472 2831 3540 qui
2871 3481 2956 3527 est
2995 3473 3050 3525 in
3081 3473 3319 3539 cmlisb;
3363 3493 3381 3526 ι
3418 3472 3589 3543 signi-

2026 3560 2193 3615 ﬁcans
2220 3576 2362 3627 eam,
2382 3577 2502 3631 qua:
2531 3560 2697 3616 Deum
2730 3563 2917 3633 refert,
2948 3565 3415 3619 assimilationem.
3451 3564 3592 3618 Rur-

2025 3668 2119 3706 sus
2169 3662 2348 3706 autcm
2379 3652 2555 3723 inquit
2592 3672 2605 3707 :
2643 3651 2766 3708 «Sis
2816 3654 2923 3709 cito
2975 3656 3268 3711 benevolus
3324 3657 3581 3711 adversa-

2024 3742 2106 3796 rio
2147 3752 2261 3807 tuo,
2292 3742 2465 3798 donec
2510 3758 2569 3798 es
2615 3746 2667 3798 in
2710 3744 2794 3798 via
2816 3760 2941 3799 cum
2981 3745 3152 3815 ipso.»
3174 3765 3284 3797 -ι
3316 3747 3589 3803 Adversa-

2026 3834 2139 3889 rius
2169 3854 2186 3885 ι
2219 3844 2401 3888 autem
2446 3851 2552 3889 non
2590 3844 2674 3889 est
2714 3851 2946 3906 corpus,
2998 3849 3059 3891 ut
3100 3839 3320 3908 quidam
3368 3842 3590 3906 volunt,

2028 3923 2118 3978 sed
2136 3923 2407 3989 diabolus,
2429 3933 2484 3979 et
2510 3925 2602 3995 qui
2624 3927 2671 3980 ei
2704 3926 3079 3981 assimilantnr
3103 3946 3117 3994 ;
3148 3928 3242 3997 qui
3265 3944 3373 3983 una
3399 3930 3588 3985 nobis-

2028 4029 2154 4068 cum
2225 4034 2242 4064 ι
2276 4014 2329 4069 in
2360 4014 2448 4069 via
2480 4034 2499 4065 ι
2531 4016 2851 4086 ingreditur,
2889 4032 2982 4086 per
3022 4017 3300 4080 homines,
3342 4019 3435 4087 qui
3475 4019 3596 4089 ejus

2029 4105 2174 4162 facta
2206 4107 2493 4163 imitantur
2524 4109 2578 4163 in
2612 4108 2714 4163 hac
2743 4108 2849 4163 vita
2880 4119 3115 4163 terrena.
3152 4108 3296 4165 Fieri
3325 4127 3456 4182 ergo
3485 4127 3592 4166 non

2030 4208 2246 4266 potest,
2278 4209 2338 4253 ut
2367 4216 2476 4253 non
2526 4201 2805 4269 patiantur
2851 4205 2908 4263 ἧς
2941 4200 3355 4270 inimicissima,
3401 4204 3495 4273 qui
3536 4219 3596 4259 se

2031 4288 2084 4341 in
2116 4289 2318 4343 Christi
2346 4290 2564 4359 quidem
2592 4305 2714 4345 esse
2741 4292 3106 4357 conﬁtentur,
3149 4292 3203 4347 in
3247 4293 3451 4349 diaboli
3492 4310 3598 4349 au—

2033 4389 2139 4433 tem
2171 4390 2457 4435 versantur
2494 4381 2771 4450 operibus.
2819 4380 3092 4453 Scriptum
3135 4392 3220 4439 est
3248 4386 3392 4439 enim
3422 4405 3435 4439 :
3470 4405 3490 4437 ι
3520 4386 3599 4442 Ne

2034 4468 2175 4525 forte
2225 4483 2275 4525 te
2323 4471 2503 4525 tradat
2541 4471 2744 4540 judici,
2768 4472 2939 4543 judex
2964 4483 3146 4528 autem
3173 4474 3423 4531 ministro
3443 4494 3462 4529 ι
3495 4476 3596 4530 im-

2032 4564 2166 4633 perii
2191 4563 2410 4619 diaboli.
2445 4583 2463 4614 ί
2491 4561 2822 4620 Persuasum
2847 4565 2992 4620 enim
3019 4566 3224 4634 habeo,
3250 4568 3393 4637 quod
3420 4583 3596 4637 neque

2035 4669 2204 4721 mors,
2230 4672 2251 4706 ι
2282 4669 2441 4724 quam
2483 4652 2713 4708 aderunt
2758 4654 2797 4708 ii
2839 4655 2932 4724 qui
2977 4663 3415 4725 persequuntur;
3450 4672 3467 4705 ι
3500 4648 3596 4707 ne-

365 4748 457 4800 τὸν
512 4747 624 4815 βίον
674 4749 876 4802 τοῦτον·
914 4769 932 4799 ε
963 4749 1083 4802 οὗτε
1115 4749 1370 4817 ἄγγελοι,
1426 4768 1444 4799 ι
1498 4751 1546 4802 οἱ
1604 4749 1924 4803 ἀποστάται·
1960 4750 2006 4806 D
2033 4761 2128 4815 quc

1828 4764 1924 4801 ται·
1960 4750 2006 4806 D
2033 4761 2140 4815 que
2177 4747 2319 4808 vita,
2352 4764 2370 4795 ι
2406 4759 2528 4812 qua;
2570 4744 2659 4798 hic
2698 4745 2921 4815 agitur;
2951 4763 2969 4795 ι
2997 4759 3172 4813 neque
3212 4743 3421 4813 angeli,
3450 4760 3469 4795 ι
3500 4744 3591 4812 qui

372 4859 390 4888 ι
430 4836 553 4890 οὔτε
596 4838 778 4907 ἀρχαι’
818 4858 837 4888 ›
876 4840 1017 4912 ἀρχὴ
1061 4840 1118 4893 δὲ
1162 4840 1241 4909 τῷ
1263 4840 1515 4909 Σατανᾷ,
1541 4840 1571 4891 6
1602 4838 1714 4908 βίος
1744 4837 1805 4891 δν
1852 4839 1929 4891 εἴ·

366 4929 503 4981 λετο·
538 4928 780 4981 τοιαῦται
807 4928 915 5001 (92)
948 4931 1056 5002 γὰρ
1092 4933 1147 4986 αἱ
1179 4931 1301 4985 κατ’
1340 4930 1502 4984 αὐτὸν
1533 4930 1693 5000 ἀρχαί
1737 4947 1798 4984 τε
1832 4931 1928 4984 καὶ

2034 4836 2381 4901 defecerunt,
2413 4854 2433 4885 ι
2461 4848 2638 4903 neque
2693 4835 3033 4906 principatus
3064 4853 3084 4886 ι
3114 4832 3363 4903 (Satanae
3412 4842 3592 4888 autem

2034 4927 2371 4998 principatus
2395 4936 2478 4980 est
2507 4927 2615 4981 vita
2637 4969 2651 4994 ,
2680 4944 2845 4997 quam
2876 4928 3057 4996 eligit:
3088 4927 3223 4981 tales
3254 4927 3396 4980 enim
3429 4933 3591 4991 sunt,

442 5067 501 5125 >14
541 5061 601 5116 P.
642 5062 746 5118 606
784 5061 891 5116 ΕΟ.
932 5063 1245 5137 POTTER,
1288 5070 1390 5126 5‘12
1425 5067 1530 5123 ΕΒ.
1572 5066 1795 5122 PARIS.
1875 5080 1901 5107 η
1937 5064 2127 5120 Matth.
2169 5080 2201 5111 ν

1144 5068 1245 5137 ιιι,
1288 5070 1390 5126 512
1425 5067 1530 5123 ED.
1572 5066 1795 5122 PARIS.
1875 5080 1901 5107 η
1937 5064 2127 5120 Matth.
2169 5080 2230 5130 ν,
2272 5062 2380 5137 44,
2415 5063 2506 5117 45.
2580 5066 2610 5105 b
2648 5066 2780 5121 Ibid.
2819 5066 2907 5122 24.

440 5201 551 5274 (88)
598 5200 715 5275 Ἐφ’
738 5200 905 5276 ὅσονξ.
935 5199 1048 5276 Hoc
1079 5215 1180 5269 est,
1205 5226 1224 5257 ι
1246 5206 1560 5276 quantisper
1583 5205 1791 5259 versari
1823 5220 1926 5259 nos

371 5278 424 5330 in
452 5272 556 5327 hac
594 5272 700 5323 vita
746 5272 1031 5342 contingit,
1071 5294 1089 5323 ι
1149 5272 1434 5341 non-vero,
1469 5272 1533 5330 'ut
1592 5276 1752 5342 paulo
1799 5286 1926 5331 ante

369 5345 592 5405 dictum,
629 5341 709 5403 εἰς
738 5339 914 5394 πάντα
932 5341 1119 5397 αἰῶνα.

442 5413 553 5485 (82))
599 5408 801 5485 '1‘“ch
835 5409 997 5465 Addit
1020 5411 1325 5485 Matthazus,
1354 5417 1530 5480 καλῶς
1563 5417 1765 5466 ποιεῖτε
1795 5417 1923 5479 τοὺς

375 5480 856 5569 μισοῦντας-,ύμᾶῳ
884 5496 1003 5549 quae
1025 5480 1258 5569 fortasse
1285 5480 1672 5569 promer-opai;
1711 5486 1924 5569 rep-eti-

373 5551 511 5617 ium,
542 5569 634 5623 per
659 5551 1747 5623 librariorum‘negligeutialn'esciderum.
1779 5551 1923 5619 Mox,

372 5620 779 5695 ἐπηρεαζόντων
800 5621 946 5695 ὑμῖν,
974 5620 1241 5695 Μειιιιξη
1270 5629 1414 5692 dein,
1466 5629 1610 5689 ὅπως
1658 5623 1887 5695 γένησθε
1910 5644 1923 5657 ·

373 5705 426 5747 et
451 5692 596 5766 mox,
632 5693 726 5766 τοῦ
752 5694 809 5745 ὲν
829 5692 1073 5766 ούρανοῖς
1094 5732 1108 5755 ν
1137 5695 1341 5766 absque
1363 5698 1611 5753 articulo.

446 5764 556 5833 (90)
613 5764 741 5830 Τοῖς
776 5762 905 5816 τοῦ
942 5764 1219 5830 Χριστοῦ.
1256 5762 1503 5825 ’Βοοιὶιιε
1548 5769 1606 5819 ἐν
1660 5767 1769 5827 τοῖς
1834 5765 1927 5818 τοῦ

377 5832 610 5908 Χριστού
627 5851 750 5889 cum
775 5835 1136 5908 μαινίδια-ιιι
1154 5835 1206 5908 in
1221 5852 1335 5908 seq.
1365 5839 1628 5908 membro.
1658 5836 1923 5893 Srwono.

446 5904 555 5971 (91)
598 5904 658 5957 '0
682 5902 900 5972 νριὶὴξ
922 5902 1005 5957 δέ.
1045 5906 1150 5959 Καὶ
1188 5907 1215 5959 6
1240 5902 1449 5982 κριτής,
1483 5906 1667 5963 Matth.

2107 5199 2219 5267 (92)
2256 5198 2544 5267 Τοιαῦται.
2572 5201 2709 5255 Ante
2729 5202 2866 5255 hanc
2897 5216 3084 5255 vocem
3133 5203 3197 5255 A.
3241 5199 3590 5256 inserendum

2032 5266 2205 5339 putat,
2237 5266 2360 5342 οὒτε
2394 5268 2651 5342 δυνάμεις
2668 5270 2906 5342 '_dein(_le
2932 5282 3057 5326 ante
3079 5271 3154 5336 ὡς
3168 5272 3262 5325 τοῦ
3282 5273 3377 5342 μὲν
3401 5288 3587 5342 στρατ.

2032 5337 2482 5403 interserendum,
2511 5337 2632 5392 οὔτε
2651 5338 2717 5391 τὰ
2750 5339 3010 5407 μέλλοντα
3030 5360 3043 5371 ·
3078 5354 3136 5395 ut
3168 5337 3393 5409 singulis
3417 5337 3592 5395 mem-

2031 5409 2143 5463 bris
2170 5422 2268 5463 sua
2310 5410 2633 5478 respondeat
2664 5410 2825 5462 ratio.
2869 5409 3066 5466 Primae
3098 5421 3274 5464 tamen
3306 5410 3592 5467 insertioni

2032 5477 2539 5548 obstatrelativum
2588 5478 2769 5548 αύτόν,
2820 5480 2964 5548 quod
3022 5496 3051 5533 a
3101 5494 3201 5534 suo
3240 5482 3593 5536 antecedente

2032 5547 2260 5604 discludi
2290 5563 2398 5602 non
2428 5557 2617 5619 potest.
2642 5546 2750 5602 Nec
2772 5546 2939 5605 altera
2986 5566 3155 5618 usque
3180 5552 3316 5606 adeo
3340 5566 3585 5605 necessa-

2035 5620 2114 5673 ria
2143 5626 2254 5681 est;
2282 5633 2409 5673 cum
2430 5618 2592 5673 militi
2621 5634 2796 5687 spem,
2837 5630 2892 5675 et
2938 5623 3226 5674 mercatori
3254 5621 3464 5675 lucrum
3487 5662 3500 5685 ,
3535 5622 3591 5675 in

2036 5690 2137 5744 hac
2165 5688 2306 5754 vita,
2341 5698 2596 5759 tanquam
2652 5693 2970 5757 prmsentia,
3010 5694 3283 5759 proposita
3325 5705 3445 5745 esse
3476 5691 3591 5758 ipsc

2036 5760 2283 5830 Clemens
2316 5757 2533 5830 indicet.
2565 5757 2825 5814 Gnostico
2878 5757 3140 5830 sanciam
3182 5776 3419 5830 przeseus
3469 5757 3594 5814 esse

2030 5831 2105 5894 id,
2136 5829 2278 5897 quod
2307 5828 2550 5885 futurum
2574 5837 2674 5895 est,
2699 5830 2838 5886 idem
2872 5829 3009 5886 infra
3034 5828 3289 5887 declarat.
3325 5830 3589 5895 Susum.
